PokerStars Hand #237308386885:  Hold'em No Limit ($0.01/$0.02 USD) - 2022/07/11 21:00:12 PT [2022/07/12 0:00:12 ET]
Table 'Albertine' 9-max Seat #6 is the button
Seat 1: bch_12345 ($2.07 in chips) 
Seat 2: PatRoast ($2.36 in chips) 
Seat 3: Alves6776 ($0.99 in chips) 
Seat 4: JuanDiego7 ($6.57 in chips) 
Seat 5: woody2185498 ($1.10 in chips) 
Seat 6: mickyh95 ($1.59 in chips) 
Seat 7: Kkk_kr ($2.14 in chips) 
Seat 8: Dorex2007 ($2.75 in chips) 
Seat 9: kammikkazi ($2.45 in chips) 
Kkk_kr: posts small blind $0.01
Dorex2007: posts big blind $0.02
*** HOLE CARDS ***
Dealt to Dorex2007 [3c As]
kammikkazi: folds 
bch_12345: folds 
PatRoast: folds 
Alves6776: folds 
JuanDiego7: folds 
woody2185498: folds 
mickyh95: raises $0.03 to $0.05
Kkk_kr: raises $0.10 to $0.15
Dorex2007: folds 
mickyh95: calls $0.10
*** FLOP *** [5c 2h 7h]
Kkk_kr: bets $0.15
mickyh95: calls $0.15
*** TURN *** [5c 2h 7h] [7d]
Kkk_kr: bets $0.30
mickyh95: folds 
Uncalled bet ($0.30) returned to Kkk_kr
Kkk_kr collected $0.60 from pot
*** SUMMARY ***
Total pot $0.62 | Rake $0.02 
Board [5c 2h 7h 7d]
Seat 1: bch_12345 folded before Flop (didn't bet)
Seat 2: PatRoast folded before Flop (didn't bet)
Seat 3: Alves6776 folded before Flop (didn't bet)
Seat 4: JuanDiego7 folded before Flop (didn't bet)
Seat 5: woody2185498 folded before Flop (didn't bet)
Seat 6: mickyh95 (button) folded on the Turn
Seat 7: Kkk_kr (small blind) collected ($0.60)
Seat 8: Dorex2007 (big blind) folded before Flop
Seat 9: kammikkazi folded before Flop (didn't bet)



PokerStars Hand #237308394178:  Hold'em No Limit ($0.01/$0.02 USD) - 2022/07/11 21:01:12 PT [2022/07/12 0:01:12 ET]
Table 'Albertine' 9-max Seat #7 is the button
Seat 1: bch_12345 ($2.07 in chips) 
Seat 2: PatRoast ($2.36 in chips) 
Seat 3: Alves6776 ($0.99 in chips) 
Seat 4: JuanDiego7 ($6.57 in chips) 
Seat 5: woody2185498 ($1.10 in chips) 
Seat 6: mickyh95 ($1.29 in chips) 
Seat 7: Kkk_kr ($2.44 in chips) 
Seat 8: Dorex2007 ($2.73 in chips) 
Seat 9: kammikkazi ($2.45 in chips) 
Dorex2007: posts small blind $0.01
kammikkazi: posts big blind $0.02
*** HOLE CARDS ***
Dealt to Dorex2007 [Js 5c]
bch_12345: folds 
PatRoast: folds 
Alves6776: folds 
JuanDiego7: folds 
woody2185498: folds 
mickyh95: folds 
Kkk_kr: raises $0.02 to $0.04
Dorex2007: folds 
kammikkazi: folds 
Uncalled bet ($0.02) returned to Kkk_kr
Kkk_kr collected $0.05 from pot
*** SUMMARY ***
Total pot $0.05 | Rake $0 
Seat 1: bch_12345 folded before Flop (didn't bet)
Seat 2: PatRoast folded before Flop (didn't bet)
Seat 3: Alves6776 folded before Flop (didn't bet)
Seat 4: JuanDiego7 folded before Flop (didn't bet)
Seat 5: woody2185498 folded before Flop (didn't bet)
Seat 6: mickyh95 folded before Flop (didn't bet)
Seat 7: Kkk_kr (button) collected ($0.05)
Seat 8: Dorex2007 (small blind) folded before Flop
Seat 9: kammikkazi (big blind) folded before Flop



PokerStars Hand #237308396781:  Hold'em No Limit ($0.01/$0.02 USD) - 2022/07/11 21:01:32 PT [2022/07/12 0:01:32 ET]
Table 'Albertine' 9-max Seat #8 is the button
Seat 1: bch_12345 ($2.07 in chips) 
Seat 2: PatRoast ($2.36 in chips) 
Seat 3: Alves6776 ($0.99 in chips) 
Seat 4: JuanDiego7 ($6.57 in chips) 
Seat 5: woody2185498 ($1.10 in chips) 
Seat 6: mickyh95 ($1.29 in chips) 
Seat 7: Kkk_kr ($2.47 in chips) 
Seat 8: Dorex2007 ($2.72 in chips) 
Seat 9: kammikkazi ($2.43 in chips) 
kammikkazi: posts small blind $0.01
bch_12345: posts big blind $0.02
*** HOLE CARDS ***
Dealt to Dorex2007 [5d 9h]
PatRoast: folds 
Alves6776: folds 
JuanDiego7: folds 
woody2185498: folds 
mickyh95: folds 
Kkk_kr: folds 
Dorex2007: folds 
kammikkazi: raises $0.03 to $0.05
bch_12345: raises $0.13 to $0.18
kammikkazi: calls $0.13
*** FLOP *** [8s 3c Kd]
kammikkazi: checks 
bch_12345: bets $0.10
kammikkazi: folds 
Uncalled bet ($0.10) returned to bch_12345
bch_12345 collected $0.35 from pot
*** SUMMARY ***
Total pot $0.36 | Rake $0.01 
Board [8s 3c Kd]
Seat 1: bch_12345 (big blind) collected ($0.35)
Seat 2: PatRoast folded before Flop (didn't bet)
Seat 3: Alves6776 folded before Flop (didn't bet)
Seat 4: JuanDiego7 folded before Flop (didn't bet)
Seat 5: woody2185498 folded before Flop (didn't bet)
Seat 6: mickyh95 folded before Flop (didn't bet)
Seat 7: Kkk_kr folded before Flop (didn't bet)
Seat 8: Dorex2007 (button) folded before Flop (didn't bet)
Seat 9: kammikkazi (small blind) folded on the Flop



PokerStars Hand #237308406978:  Hold'em No Limit ($0.01/$0.02 USD) - 2022/07/11 21:02:53 PT [2022/07/12 0:02:53 ET]
Table 'Albertine' 9-max Seat #9 is the button
Seat 1: bch_12345 ($2.24 in chips) 
Seat 2: PatRoast ($2.36 in chips) 
Seat 3: Alves6776 ($0.99 in chips) 
Seat 4: JuanDiego7 ($6.57 in chips) 
Seat 5: woody2185498 ($1.10 in chips) 
Seat 6: mickyh95 ($1.29 in chips) 
Seat 7: Kkk_kr ($2.47 in chips) 
Seat 8: Dorex2007 ($2.72 in chips) 
Seat 9: kammikkazi ($2.25 in chips) 
bch_12345: posts small blind $0.01
PatRoast: posts big blind $0.02
*** HOLE CARDS ***
Dealt to Dorex2007 [6d 4d]
Alves6776: calls $0.02
JuanDiego7: folds 
woody2185498: folds 
mickyh95: folds 
Kkk_kr: raises $0.07 to $0.09
Dorex2007: folds 
kammikkazi: calls $0.09
bch_12345: folds 
PatRoast: folds 
Alves6776: folds 
*** FLOP *** [6h 4c Td]
Alves6776 leaves the table
Kkk_kr: checks 
kammikkazi: bets $0.07
Kkk_kr: calls $0.07
*** TURN *** [6h 4c Td] [2c]
Kkk_kr: checks 
kammikkazi: bets $0.11
Kkk_kr: folds 
Uncalled bet ($0.11) returned to kammikkazi
kammikkazi collected $0.36 from pot
*** SUMMARY ***
Total pot $0.37 | Rake $0.01 
Board [6h 4c Td 2c]
Seat 1: bch_12345 (small blind) folded before Flop
Seat 2: PatRoast (big blind) folded before Flop
Seat 3: Alves6776 folded before Flop
Seat 4: JuanDiego7 folded before Flop (didn't bet)
Seat 5: woody2185498 folded before Flop (didn't bet)
Seat 6: mickyh95 folded before Flop (didn't bet)
Seat 7: Kkk_kr folded on the Turn
Seat 8: Dorex2007 folded before Flop (didn't bet)
Seat 9: kammikkazi (button) collected ($0.36)



PokerStars Hand #237308415162:  Hold'em No Limit ($0.01/$0.02 USD) - 2022/07/11 21:03:57 PT [2022/07/12 0:03:57 ET]
Table 'Albertine' 9-max Seat #1 is the button
Seat 1: bch_12345 ($2.23 in chips) 
Seat 2: PatRoast ($2.34 in chips) 
Seat 4: JuanDiego7 ($6.57 in chips) 
Seat 5: woody2185498 ($1.10 in chips) 
Seat 6: mickyh95 ($1.29 in chips) 
Seat 7: Kkk_kr ($2.31 in chips) 
Seat 8: Dorex2007 ($2.72 in chips) 
Seat 9: kammikkazi ($2.45 in chips) 
PatRoast: posts small blind $0.01
JuanDiego7: posts big blind $0.02
*** HOLE CARDS ***
Dealt to Dorex2007 [9s 3c]
woody2185498: folds 
mickyh95: raises $0.04 to $0.06
Kkk_kr: folds 
Dorex2007: folds 
kammikkazi: calls $0.06
bch_12345: folds 
PatRoast: folds 
JuanDiego7: folds 
*** FLOP *** [7d 8s Qs]
mickyh95: bets $0.07
kammikkazi: calls $0.07
*** TURN *** [7d 8s Qs] [9d]
mickyh95: bets $0.16
kammikkazi: calls $0.16
*** RIVER *** [7d 8s Qs 9d] [4s]
Sr.Benitez448 joins the table at seat #3 
mickyh95: bets $1 and is all-in
kammikkazi: calls $1
*** SHOW DOWN ***
mickyh95: shows [As 5s] (a flush, Ace high)
kammikkazi: shows [Ah Qh] (a pair of Queens)
mickyh95 collected $2.52 from pot
*** SUMMARY ***
Total pot $2.61 | Rake $0.09 
Board [7d 8s Qs 9d 4s]
Seat 1: bch_12345 (button) folded before Flop (didn't bet)
Seat 2: PatRoast (small blind) folded before Flop
Seat 4: JuanDiego7 (big blind) folded before Flop
Seat 5: woody2185498 folded before Flop (didn't bet)
Seat 6: mickyh95 showed [As 5s] and won ($2.52) with a flush, Ace high
Seat 7: Kkk_kr folded before Flop (didn't bet)
Seat 8: Dorex2007 folded before Flop (didn't bet)
Seat 9: kammikkazi showed [Ah Qh] and lost with a pair of Queens



PokerStars Hand #237308426934:  Hold'em No Limit ($0.01/$0.02 USD) - 2022/07/11 21:05:03 PT [2022/07/12 0:05:03 ET]
Table 'Albertine' 9-max Seat #2 is the button
Seat 1: bch_12345 ($2.23 in chips) 
Seat 2: PatRoast ($2.33 in chips) 
Seat 4: JuanDiego7 ($6.55 in chips) 
Seat 5: woody2185498 ($1.10 in chips) 
Seat 6: mickyh95 ($2.52 in chips) 
Seat 7: Kkk_kr ($2.31 in chips) 
Seat 8: Dorex2007 ($2.72 in chips) 
Seat 9: kammikkazi ($1.16 in chips) 
JuanDiego7: posts small blind $0.01
woody2185498: posts big blind $0.02
*** HOLE CARDS ***
Dealt to Dorex2007 [Jd 9s]
mickyh95: folds 
Kkk_kr: folds 
Dorex2007: folds 
mickyh95 leaves the table
kammikkazi has timed out
kammikkazi: folds 
Tobiz89 joins the table at seat #6 
bch_12345: raises $0.04 to $0.06
PatRoast: folds 
JuanDiego7: calls $0.05
woody2185498: folds 
*** FLOP *** [6d Th 2d]
JuanDiego7: checks 
bch_12345: bets $0.04
JuanDiego7: calls $0.04
*** TURN *** [6d Th 2d] [Ac]
JuanDiego7: checks 
bch_12345: bets $0.16
JuanDiego7: folds 
Uncalled bet ($0.16) returned to bch_12345
bch_12345 collected $0.21 from pot
*** SUMMARY ***
Total pot $0.22 | Rake $0.01 
Board [6d Th 2d Ac]
Seat 1: bch_12345 collected ($0.21)
Seat 2: PatRoast (button) folded before Flop (didn't bet)
Seat 4: JuanDiego7 (small blind) folded on the Turn
Seat 5: woody2185498 (big blind) folded before Flop
Seat 6: mickyh95 folded before Flop (didn't bet)
Seat 7: Kkk_kr folded before Flop (didn't bet)
Seat 8: Dorex2007 folded before Flop (didn't bet)
Seat 9: kammikkazi folded before Flop (didn't bet)



PokerStars Hand #237308436684:  Hold'em No Limit ($0.01/$0.02 USD) - 2022/07/11 21:06:20 PT [2022/07/12 0:06:20 ET]
Table 'Albertine' 9-max Seat #4 is the button
Seat 1: bch_12345 ($2.34 in chips) 
Seat 2: PatRoast ($2.33 in chips) 
Seat 3: Sr.Benitez448 ($0.80 in chips) 
Seat 4: JuanDiego7 ($6.45 in chips) 
Seat 5: woody2185498 ($1.08 in chips) 
Seat 6: Tobiz89 ($2 in chips) 
Seat 7: Kkk_kr ($2.31 in chips) 
Seat 8: Dorex2007 ($2.72 in chips) 
Seat 9: kammikkazi ($1.96 in chips) 
woody2185498: posts small blind $0.01
Tobiz89: posts big blind $0.02
Sr.Benitez448: posts big blind $0.02
*** HOLE CARDS ***
Dealt to Dorex2007 [7h 3c]
Kkk_kr: folds 
Dorex2007: folds 
kammikkazi: folds 
bch_12345: folds 
PatRoast: folds 
Sr.Benitez448: checks 
JuanDiego7: folds 
woody2185498: raises $0.04 to $0.06
Tobiz89: folds 
Sr.Benitez448: folds 
Uncalled bet ($0.04) returned to woody2185498
woody2185498 collected $0.06 from pot
*** SUMMARY ***
Total pot $0.06 | Rake $0 
Seat 1: bch_12345 folded before Flop (didn't bet)
Seat 2: PatRoast folded before Flop (didn't bet)
Seat 3: Sr.Benitez448 folded before Flop (didn't bet)
Seat 4: JuanDiego7 (button) folded before Flop (didn't bet)
Seat 5: woody2185498 (small blind) collected ($0.06)
Seat 6: Tobiz89 (big blind) folded before Flop
Seat 7: Kkk_kr folded before Flop (didn't bet)
Seat 8: Dorex2007 folded before Flop (didn't bet)
Seat 9: kammikkazi folded before Flop (didn't bet)



PokerStars Hand #237308442277:  Hold'em No Limit ($0.01/$0.02 USD) - 2022/07/11 21:06:51 PT [2022/07/12 0:06:51 ET]
Table 'Albertine' 9-max Seat #5 is the button
Seat 1: bch_12345 ($2.34 in chips) 
Seat 2: PatRoast ($2.33 in chips) 
Seat 3: Sr.Benitez448 ($0.78 in chips) 
Seat 4: JuanDiego7 ($6.45 in chips) 
Seat 5: woody2185498 ($1.12 in chips) 
Seat 6: Tobiz89 ($2 in chips) 
Seat 7: Kkk_kr ($2.31 in chips) 
Seat 8: Dorex2007 ($2.72 in chips) 
Seat 9: kammikkazi ($1.96 in chips) 
Tobiz89: posts small blind $0.01
Kkk_kr: posts big blind $0.02
*** HOLE CARDS ***
Dealt to Dorex2007 [Tc Th]
Dorex2007: calls $0.02
kammikkazi: folds 
bch_12345: folds 
PatRoast: folds 
Sr.Benitez448: calls $0.02
JuanDiego7: calls $0.02
woody2185498: calls $0.02
Tobiz89: folds 
Kkk_kr: checks 
*** FLOP *** [8h Qs 2h]
Kkk_kr: checks 
Dorex2007: bets $0.05
Sr.Benitez448: calls $0.05
JuanDiego7: folds 
woody2185498: folds 
JuanDiego7 leaves the table
Kkk_kr has timed out
Kkk_kr: folds 
*** TURN *** [8h Qs 2h] [6s]
Dorex2007: bets $0.10
Sr.Benitez448: calls $0.10
*** RIVER *** [8h Qs 2h 6s] [Qh]
Dorex2007: bets $0.10
Sr.Benitez448: folds 
Uncalled bet ($0.10) returned to Dorex2007
Dorex2007 collected $0.40 from pot
*** SUMMARY ***
Total pot $0.41 | Rake $0.01 
Board [8h Qs 2h 6s Qh]
Seat 1: bch_12345 folded before Flop (didn't bet)
Seat 2: PatRoast folded before Flop (didn't bet)
Seat 3: Sr.Benitez448 folded on the River
Seat 4: JuanDiego7 folded on the Flop
Seat 5: woody2185498 (button) folded on the Flop
Seat 6: Tobiz89 (small blind) folded before Flop
Seat 7: Kkk_kr (big blind) folded on the Flop
Seat 8: Dorex2007 collected ($0.40)
Seat 9: kammikkazi folded before Flop (didn't bet)



PokerStars Hand #237308457024:  Hold'em No Limit ($0.01/$0.02 USD) - 2022/07/11 21:08:48 PT [2022/07/12 0:08:48 ET]
Table 'Albertine' 9-max Seat #6 is the button
Seat 1: bch_12345 ($2.34 in chips) 
Seat 2: PatRoast ($2.33 in chips) 
Seat 3: Sr.Benitez448 ($0.61 in chips) 
Seat 5: woody2185498 ($1.10 in chips) 
Seat 6: Tobiz89 ($2 in chips) 
Seat 7: Kkk_kr ($2.29 in chips) 
Seat 8: Dorex2007 ($2.95 in chips) 
Seat 9: kammikkazi ($1.96 in chips) 
Kkk_kr: posts small blind $0.01
Dorex2007: posts big blind $0.02
*** HOLE CARDS ***
Dealt to Dorex2007 [5h Qh]
kammikkazi: folds 
bch_12345: folds 
PatRoast: folds 
Sr.Benitez448: folds 
woody2185498: folds 
Tobiz89: raises $0.03 to $0.05
Kkk_kr: folds 
Dorex2007: folds 
Uncalled bet ($0.03) returned to Tobiz89
Tobiz89 collected $0.05 from pot
*** SUMMARY ***
Total pot $0.05 | Rake $0 
Seat 1: bch_12345 folded before Flop (didn't bet)
Seat 2: PatRoast folded before Flop (didn't bet)
Seat 3: Sr.Benitez448 folded before Flop (didn't bet)
Seat 5: woody2185498 folded before Flop (didn't bet)
Seat 6: Tobiz89 (button) collected ($0.05)
Seat 7: Kkk_kr (small blind) folded before Flop
Seat 8: Dorex2007 (big blind) folded before Flop
Seat 9: kammikkazi folded before Flop (didn't bet)



PokerStars Hand #237308459674:  Hold'em No Limit ($0.01/$0.02 USD) - 2022/07/11 21:09:09 PT [2022/07/12 0:09:09 ET]
Table 'Albertine' 9-max Seat #7 is the button
Seat 1: bch_12345 ($2.34 in chips) 
Seat 2: PatRoast ($2.33 in chips) 
Seat 3: Sr.Benitez448 ($0.61 in chips) 
Seat 5: woody2185498 ($1.10 in chips) 
Seat 6: Tobiz89 ($2.03 in chips) 
Seat 7: Kkk_kr ($2.28 in chips) 
Seat 8: Dorex2007 ($2.93 in chips) 
Seat 9: kammikkazi ($1.96 in chips) 
Dorex2007: posts small blind $0.01
kammikkazi: posts big blind $0.02
*** HOLE CARDS ***
Dealt to Dorex2007 [Td 3d]
bch_12345: folds 
PatRoast: raises $0.03 to $0.05
Sr.Benitez448: folds 
woody2185498: folds 
Tobiz89: folds 
Kkk_kr: folds 
Dorex2007: folds 
kammikkazi: folds 
Uncalled bet ($0.03) returned to PatRoast
PatRoast collected $0.05 from pot
*** SUMMARY ***
Total pot $0.05 | Rake $0 
Seat 1: bch_12345 folded before Flop (didn't bet)
Seat 2: PatRoast collected ($0.05)
Seat 3: Sr.Benitez448 folded before Flop (didn't bet)
Seat 5: woody2185498 folded before Flop (didn't bet)
Seat 6: Tobiz89 folded before Flop (didn't bet)
Seat 7: Kkk_kr (button) folded before Flop (didn't bet)
Seat 8: Dorex2007 (small blind) folded before Flop
Seat 9: kammikkazi (big blind) folded before Flop



PokerStars Hand #237308462793:  Hold'em No Limit ($0.01/$0.02 USD) - 2022/07/11 21:09:33 PT [2022/07/12 0:09:33 ET]
Table 'Albertine' 9-max Seat #8 is the button
Seat 1: bch_12345 ($2.34 in chips) 
Seat 2: PatRoast ($2.36 in chips) 
Seat 3: Sr.Benitez448 ($0.80 in chips) 
Seat 5: woody2185498 ($1.10 in chips) 
Seat 6: Tobiz89 ($2.03 in chips) 
Seat 7: Kkk_kr ($2.28 in chips) 
Seat 8: Dorex2007 ($2.92 in chips) 
Seat 9: kammikkazi ($1.94 in chips) 
kammikkazi: posts small blind $0.01
bch_12345: posts big blind $0.02
*** HOLE CARDS ***
Dealt to Dorex2007 [8h 2s]
PatRoast: folds 
Sr.Benitez448: raises $0.05 to $0.07
woody2185498: calls $0.07
Tobiz89: folds 
Kkk_kr: folds 
Dorex2007: folds 
kammikkazi: folds 
bch_12345: raises $0.27 to $0.34
Sr.Benitez448: folds 
woody2185498: calls $0.27
*** FLOP *** [7h 9s 3c]
bch_12345: bets $2 and is all-in
Basti0302 joins the table at seat #4 
woody2185498: folds 
Uncalled bet ($2) returned to bch_12345
bch_12345 collected $0.73 from pot
*** SUMMARY ***
Total pot $0.76 | Rake $0.03 
Board [7h 9s 3c]
Seat 1: bch_12345 (big blind) collected ($0.73)
Seat 2: PatRoast folded before Flop (didn't bet)
Seat 3: Sr.Benitez448 folded before Flop
Seat 5: woody2185498 folded on the Flop
Seat 6: Tobiz89 folded before Flop (didn't bet)
Seat 7: Kkk_kr folded before Flop (didn't bet)
Seat 8: Dorex2007 (button) folded before Flop (didn't bet)
Seat 9: kammikkazi (small blind) folded before Flop



PokerStars Hand #237308469103:  Hold'em No Limit ($0.01/$0.02 USD) - 2022/07/11 21:10:24 PT [2022/07/12 0:10:24 ET]
Table 'Albertine' 9-max Seat #9 is the button
Seat 1: bch_12345 ($2.73 in chips) 
Seat 3: Sr.Benitez448 ($0.73 in chips) 
Seat 5: woody2185498 ($0.76 in chips) 
Seat 6: Tobiz89 ($2.03 in chips) 
Seat 7: Kkk_kr ($2.28 in chips) 
Seat 8: Dorex2007 ($2.92 in chips) 
Seat 9: kammikkazi ($1.93 in chips) 
bch_12345: posts small blind $0.01
Sr.Benitez448: posts big blind $0.02
Basti0302: sits out 
*** HOLE CARDS ***
Dealt to Dorex2007 [Ah Qh]
woody2185498: calls $0.02
Tobiz89: folds 
Kkk_kr: folds 
Dorex2007: calls $0.02
kammikkazi: folds 
bch_12345: folds 
Sr.Benitez448: checks 
*** FLOP *** [Td 3h 3c]
Sr.Benitez448: checks 
woody2185498: bets $0.05
Dorex2007: folds 
Sr.Benitez448: folds 
Uncalled bet ($0.05) returned to woody2185498
woody2185498 collected $0.07 from pot
*** SUMMARY ***
Total pot $0.07 | Rake $0 
Board [Td 3h 3c]
Seat 1: bch_12345 (small blind) folded before Flop
Seat 3: Sr.Benitez448 (big blind) folded on the Flop
Seat 5: woody2185498 collected ($0.07)
Seat 6: Tobiz89 folded before Flop (didn't bet)
Seat 7: Kkk_kr folded before Flop (didn't bet)
Seat 8: Dorex2007 folded on the Flop
Seat 9: kammikkazi (button) folded before Flop (didn't bet)



PokerStars Hand #237308473541:  Hold'em No Limit ($0.01/$0.02 USD) - 2022/07/11 21:11:01 PT [2022/07/12 0:11:01 ET]
Table 'Albertine' 9-max Seat #1 is the button
Seat 1: bch_12345 ($2.72 in chips) 
Seat 3: Sr.Benitez448 ($0.71 in chips) 
Seat 4: Basti0302 ($2 in chips) 
Seat 5: woody2185498 ($0.81 in chips) 
Seat 6: Tobiz89 ($2.03 in chips) 
Seat 7: Kkk_kr ($2.28 in chips) 
Seat 8: Dorex2007 ($2.90 in chips) 
Seat 9: kammikkazi ($1.93 in chips) 
Sr.Benitez448: posts small blind $0.01
Basti0302: posts big blind $0.02
*** HOLE CARDS ***
Dealt to Dorex2007 [4h Th]
woody2185498: folds 
Tobiz89: folds 
woody2185498 leaves the table
Kkk_kr has timed out
Kkk_kr: folds 
Dorex2007: folds 
kammikkazi: folds 
Tweedy620 joins the table at seat #5 
bch_12345: folds 
Sr.Benitez448: calls $0.01
Basti0302: checks 
*** FLOP *** [2h Ts 2s]
Sr.Benitez448: checks 
Basti0302: bets $0.02
Sr.Benitez448: folds 
Uncalled bet ($0.02) returned to Basti0302
Basti0302 collected $0.04 from pot
*** SUMMARY ***
Total pot $0.04 | Rake $0 
Board [2h Ts 2s]
Seat 1: bch_12345 (button) folded before Flop (didn't bet)
Seat 3: Sr.Benitez448 (small blind) folded on the Flop
Seat 4: Basti0302 (big blind) collected ($0.04)
Seat 5: woody2185498 folded before Flop (didn't bet)
Seat 6: Tobiz89 folded before Flop (didn't bet)
Seat 7: Kkk_kr folded before Flop (didn't bet)
Seat 8: Dorex2007 folded before Flop (didn't bet)
Seat 9: kammikkazi folded before Flop (didn't bet)



PokerStars Hand #237308478035:  Hold'em No Limit ($0.01/$0.02 USD) - 2022/07/11 21:11:38 PT [2022/07/12 0:11:38 ET]
Table 'Albertine' 9-max Seat #3 is the button
Seat 1: bch_12345 ($2.72 in chips) 
Seat 3: Sr.Benitez448 ($0.69 in chips) 
Seat 4: Basti0302 ($2.02 in chips) 
Seat 5: Tweedy620 ($2 in chips) 
Seat 6: Tobiz89 ($2.03 in chips) 
Seat 7: Kkk_kr ($2.28 in chips) 
Seat 8: Dorex2007 ($2.90 in chips) 
Seat 9: kammikkazi ($1.93 in chips) 
Basti0302: posts small blind $0.01
Tweedy620: posts big blind $0.02
*** HOLE CARDS ***
Dealt to Dorex2007 [2s Ah]
Tobiz89: folds 
Kkk_kr: folds 
Dorex2007: folds 
kammikkazi: folds 
bch_12345: folds 
Sr.Benitez448: raises $0.05 to $0.07
Basti0302: folds 
Tweedy620: folds 
Uncalled bet ($0.05) returned to Sr.Benitez448
Sr.Benitez448 collected $0.05 from pot
*** SUMMARY ***
Total pot $0.05 | Rake $0 
Seat 1: bch_12345 folded before Flop (didn't bet)
Seat 3: Sr.Benitez448 (button) collected ($0.05)
Seat 4: Basti0302 (small blind) folded before Flop
Seat 5: Tweedy620 (big blind) folded before Flop
Seat 6: Tobiz89 folded before Flop (didn't bet)
Seat 7: Kkk_kr folded before Flop (didn't bet)
Seat 8: Dorex2007 folded before Flop (didn't bet)
Seat 9: kammikkazi folded before Flop (didn't bet)



PokerStars Hand #237308481934:  Hold'em No Limit ($0.01/$0.02 USD) - 2022/07/11 21:12:10 PT [2022/07/12 0:12:10 ET]
Table 'Albertine' 9-max Seat #4 is the button
Seat 1: bch_12345 ($2.72 in chips) 
Seat 3: Sr.Benitez448 ($0.72 in chips) 
Seat 4: Basti0302 ($2.01 in chips) 
Seat 5: Tweedy620 ($1.98 in chips) 
Seat 6: Tobiz89 ($2.03 in chips) 
Seat 7: Kkk_kr ($2.28 in chips) 
Seat 8: Dorex2007 ($2.90 in chips) 
Seat 9: kammikkazi ($1.93 in chips) 
Tweedy620: posts small blind $0.01
Tobiz89: posts big blind $0.02
*** HOLE CARDS ***
Dealt to Dorex2007 [Ad 8c]
Kkk_kr has timed out
Kkk_kr: folds 
Dorex2007: folds 
kammikkazi: folds 
bch_12345: folds 
Sr.Benitez448: folds 
Basti0302: folds 
Tweedy620: calls $0.01
Tobiz89: checks 
*** FLOP *** [Qh 7s 5c]
Tweedy620: checks 
Tobiz89: checks 
*** TURN *** [Qh 7s 5c] [9d]
Tweedy620: checks 
Tobiz89: checks 
*** RIVER *** [Qh 7s 5c 9d] [6s]
Tweedy620: checks 
Tobiz89: checks 
*** SHOW DOWN ***
Tweedy620: shows [4c 5h] (a pair of Fives)
Tobiz89: mucks hand 
Tweedy620 collected $0.04 from pot
*** SUMMARY ***
Total pot $0.04 | Rake $0 
Board [Qh 7s 5c 9d 6s]
Seat 1: bch_12345 folded before Flop (didn't bet)
Seat 3: Sr.Benitez448 folded before Flop (didn't bet)
Seat 4: Basti0302 (button) folded before Flop (didn't bet)
Seat 5: Tweedy620 (small blind) showed [4c 5h] and won ($0.04) with a pair of Fives
Seat 6: Tobiz89 (big blind) mucked [2d 3s]
Seat 7: Kkk_kr folded before Flop (didn't bet)
Seat 8: Dorex2007 folded before Flop (didn't bet)
Seat 9: kammikkazi folded before Flop (didn't bet)



PokerStars Hand #237308501254:  Hold'em No Limit ($0.01/$0.02 USD) - 2022/07/11 21:13:05 PT [2022/07/12 0:13:05 ET]
Table 'Albertine' 9-max Seat #5 is the button
Seat 1: bch_12345 ($2.72 in chips) 
Seat 3: Sr.Benitez448 ($0.72 in chips) 
Seat 4: Basti0302 ($2.01 in chips) 
Seat 5: Tweedy620 ($2 in chips) 
Seat 6: Tobiz89 ($2.01 in chips) 
Seat 7: Kkk_kr ($2.28 in chips) 
Seat 8: Dorex2007 ($2.90 in chips) 
Seat 9: kammikkazi ($1.93 in chips) 
Tobiz89: posts small blind $0.01
Kkk_kr: posts big blind $0.02
*** HOLE CARDS ***
Dealt to Dorex2007 [3d 4c]
Dorex2007: folds 
kammikkazi: folds 
bch_12345: calls $0.02
Sr.Benitez448: folds 
Basti0302: calls $0.02
Tweedy620: calls $0.02
Tobiz89: folds 
Kkk_kr: checks 
*** FLOP *** [5s 5c 9d]
Kkk_kr: checks 
bch_12345: checks 
Basti0302: bets $0.02
Tweedy620: calls $0.02
Kkk_kr: folds 
bch_12345: calls $0.02
*** TURN *** [5s 5c 9d] [7d]
bch_12345: checks 
Basti0302: bets $0.02
Tweedy620: calls $0.02
bch_12345: calls $0.02
*** RIVER *** [5s 5c 9d 7d] [Ac]
bch_12345: checks 
Basti0302: checks 
Tweedy620: checks 
*** SHOW DOWN ***
bch_12345: shows [2c 2d] (two pair, Fives and Deuces)
Basti0302: mucks hand 
Tweedy620: shows [9s Th] (two pair, Nines and Fives)
Tweedy620 collected $0.20 from pot
*** SUMMARY ***
Total pot $0.21 | Rake $0.01 
Board [5s 5c 9d 7d Ac]
Seat 1: bch_12345 showed [2c 2d] and lost with two pair, Fives and Deuces
Seat 3: Sr.Benitez448 folded before Flop (didn't bet)
Seat 4: Basti0302 mucked [Jd Tc]
Seat 5: Tweedy620 (button) showed [9s Th] and won ($0.20) with two pair, Nines and Fives
Seat 6: Tobiz89 (small blind) folded before Flop
Seat 7: Kkk_kr (big blind) folded on the Flop
Seat 8: Dorex2007 folded before Flop (didn't bet)
Seat 9: kammikkazi folded before Flop (didn't bet)



PokerStars Hand #237308507765:  Hold'em No Limit ($0.01/$0.02 USD) - 2022/07/11 21:13:58 PT [2022/07/12 0:13:58 ET]
Table 'Albertine' 9-max Seat #6 is the button
Seat 1: bch_12345 ($2.66 in chips) 
Seat 3: Sr.Benitez448 ($0.80 in chips) 
Seat 4: Basti0302 ($1.95 in chips) 
Seat 5: Tweedy620 ($2.14 in chips) 
Seat 6: Tobiz89 ($2 in chips) 
Seat 7: Kkk_kr ($2.26 in chips) 
Seat 8: Dorex2007 ($2.90 in chips) 
Seat 9: kammikkazi ($1.93 in chips) 
Kkk_kr: posts small blind $0.01
Dorex2007: posts big blind $0.02
*** HOLE CARDS ***
Dealt to Dorex2007 [9h Th]
kammikkazi has timed out
kammikkazi: folds 
bch_12345: folds 
Sr.Benitez448: calls $0.02
Basti0302: folds 
Tweedy620: folds 
Tobiz89: folds 
Kkk_kr: calls $0.01
Dorex2007: checks 
*** FLOP *** [4h 8d 7h]
Kkk_kr: bets $0.02
Dorex2007: calls $0.02
Sr.Benitez448: folds 
*** TURN *** [4h 8d 7h] [4d]
Kkk_kr: bets $0.05
Dorex2007: calls $0.05
*** RIVER *** [4h 8d 7h 4d] [Ac]
Kkk_kr: checks 
Dorex2007: bets $0.09
Kkk_kr: calls $0.09
*** SHOW DOWN ***
Dorex2007: shows [9h Th] (a pair of Fours)
Kkk_kr: shows [Kh 7s] (two pair, Sevens and Fours)
Kkk_kr collected $0.37 from pot
*** SUMMARY ***
Total pot $0.38 | Rake $0.01 
Board [4h 8d 7h 4d Ac]
Seat 1: bch_12345 folded before Flop (didn't bet)
Seat 3: Sr.Benitez448 folded on the Flop
Seat 4: Basti0302 folded before Flop (didn't bet)
Seat 5: Tweedy620 folded before Flop (didn't bet)
Seat 6: Tobiz89 (button) folded before Flop (didn't bet)
Seat 7: Kkk_kr (small blind) showed [Kh 7s] and won ($0.37) with two pair, Sevens and Fours
Seat 8: Dorex2007 (big blind) showed [9h Th] and lost with a pair of Fours
Seat 9: kammikkazi folded before Flop (didn't bet)



PokerStars Hand #237308514834:  Hold'em No Limit ($0.01/$0.02 USD) - 2022/07/11 21:14:55 PT [2022/07/12 0:14:55 ET]
Table 'Albertine' 9-max Seat #7 is the button
Seat 1: bch_12345 ($2.66 in chips) 
Seat 3: Sr.Benitez448 ($0.78 in chips) 
Seat 4: Basti0302 ($1.95 in chips) 
Seat 5: Tweedy620 ($2.14 in chips) 
Seat 6: Tobiz89 ($2 in chips) 
Seat 7: Kkk_kr ($2.45 in chips) 
Seat 8: Dorex2007 ($2.72 in chips) 
Seat 9: kammikkazi ($1.93 in chips) 
Dorex2007: posts small blind $0.01
kammikkazi: posts big blind $0.02
*** HOLE CARDS ***
Dealt to Dorex2007 [4s 4h]
bch_12345: folds 
Sr.Benitez448: calls $0.02
Basti0302: calls $0.02
Tweedy620: folds 
Tobiz89: folds 
Kkk_kr: folds 
Dorex2007: calls $0.01
kammikkazi: checks 
*** FLOP *** [As Kh 8d]
Dorex2007: checks 
kammikkazi: checks 
Sr.Benitez448: checks 
Basti0302: bets $0.02
Dorex2007: folds 
kammikkazi: folds 
Sr.Benitez448: calls $0.02
*** TURN *** [As Kh 8d] [Tc]
Sr.Benitez448: checks 
Basti0302: bets $0.06
Sr.Benitez448: calls $0.06
*** RIVER *** [As Kh 8d Tc] [Jc]
Sr.Benitez448: bets $0.68 and is all-in
Basti0302: folds 
Uncalled bet ($0.68) returned to Sr.Benitez448
Sr.Benitez448 collected $0.23 from pot
*** SUMMARY ***
Total pot $0.24 | Rake $0.01 
Board [As Kh 8d Tc Jc]
Seat 1: bch_12345 folded before Flop (didn't bet)
Seat 3: Sr.Benitez448 collected ($0.23)
Seat 4: Basti0302 folded on the River
Seat 5: Tweedy620 folded before Flop (didn't bet)
Seat 6: Tobiz89 folded before Flop (didn't bet)
Seat 7: Kkk_kr (button) folded before Flop (didn't bet)
Seat 8: Dorex2007 (small blind) folded on the Flop
Seat 9: kammikkazi (big blind) folded on the Flop



PokerStars Hand #237308522950:  Hold'em No Limit ($0.01/$0.02 USD) - 2022/07/11 21:16:01 PT [2022/07/12 0:16:01 ET]
Table 'Albertine' 9-max Seat #8 is the button
Seat 1: bch_12345 ($2.66 in chips) 
Seat 3: Sr.Benitez448 ($0.91 in chips) 
Seat 4: Basti0302 ($1.85 in chips) 
Seat 5: Tweedy620 ($2.14 in chips) 
Seat 6: Tobiz89 ($2 in chips) 
Seat 7: Kkk_kr ($2.45 in chips) 
Seat 8: Dorex2007 ($2.70 in chips) 
Seat 9: kammikkazi ($1.91 in chips) 
kammikkazi: posts small blind $0.01
bch_12345: posts big blind $0.02
PatRoast: sits out 
*** HOLE CARDS ***
Dealt to Dorex2007 [Qd Td]
Sr.Benitez448: folds 
Basti0302: folds 
Tweedy620: folds 
Tobiz89: folds 
Basti0302 leaves the table
Kkk_kr: calls $0.02
Dorex2007: calls $0.02
kammikkazi: raises $0.08 to $0.10
bch_12345: folds 
Kkk_kr: folds 
Dorex2007: folds 
Uncalled bet ($0.08) returned to kammikkazi
kammikkazi collected $0.08 from pot
*** SUMMARY ***
Total pot $0.08 | Rake $0 
Seat 1: bch_12345 (big blind) folded before Flop
Seat 3: Sr.Benitez448 folded before Flop (didn't bet)
Seat 4: Basti0302 folded before Flop (didn't bet)
Seat 5: Tweedy620 folded before Flop (didn't bet)
Seat 6: Tobiz89 folded before Flop (didn't bet)
Seat 7: Kkk_kr folded before Flop
Seat 8: Dorex2007 (button) folded before Flop
Seat 9: kammikkazi (small blind) collected ($0.08)



PokerStars Hand #237308526621:  Hold'em No Limit ($0.01/$0.02 USD) - 2022/07/11 21:16:32 PT [2022/07/12 0:16:32 ET]
Table 'Albertine' 9-max Seat #9 is the button
Seat 1: bch_12345 ($2.64 in chips) 
Seat 2: PatRoast ($2.36 in chips) 
Seat 3: Sr.Benitez448 ($0.91 in chips) 
Seat 5: Tweedy620 ($2.14 in chips) 
Seat 6: Tobiz89 ($2 in chips) 
Seat 7: Kkk_kr ($2.43 in chips) 
Seat 8: Dorex2007 ($2.68 in chips) 
Seat 9: kammikkazi ($1.97 in chips) 
bch_12345: posts small blind $0.01
PatRoast: posts big blind $0.02
*** HOLE CARDS ***
Dealt to Dorex2007 [8s 2h]
Sr.Benitez448: folds 
Tweedy620: calls $0.02
Tobiz89: folds 
Kkk_kr: folds 
Dorex2007: folds 
kammikkazi: folds 
bch_12345: folds 
PatRoast: checks 
*** FLOP *** [9c Ts 3d]
PatRoast: bets $0.02
Tweedy620: folds 
Uncalled bet ($0.02) returned to PatRoast
PatRoast collected $0.05 from pot
*** SUMMARY ***
Total pot $0.05 | Rake $0 
Board [9c Ts 3d]
Seat 1: bch_12345 (small blind) folded before Flop
Seat 2: PatRoast (big blind) collected ($0.05)
Seat 3: Sr.Benitez448 folded before Flop (didn't bet)
Seat 5: Tweedy620 folded on the Flop
Seat 6: Tobiz89 folded before Flop (didn't bet)
Seat 7: Kkk_kr folded before Flop (didn't bet)
Seat 8: Dorex2007 folded before Flop (didn't bet)
Seat 9: kammikkazi (button) folded before Flop (didn't bet)



PokerStars Hand #237308531694:  Hold'em No Limit ($0.01/$0.02 USD) - 2022/07/11 21:17:13 PT [2022/07/12 0:17:13 ET]
Table 'Albertine' 9-max Seat #1 is the button
Seat 1: bch_12345 ($2.63 in chips) 
Seat 2: PatRoast ($2.39 in chips) 
Seat 3: Sr.Benitez448 ($0.91 in chips) 
Seat 5: Tweedy620 ($2.12 in chips) 
Seat 6: Tobiz89 ($2 in chips) 
Seat 7: Kkk_kr ($2.43 in chips) 
Seat 8: Dorex2007 ($2.68 in chips) 
Seat 9: kammikkazi ($1.97 in chips) 
PatRoast: posts small blind $0.01
Sr.Benitez448: posts big blind $0.02
*** HOLE CARDS ***
Dealt to Dorex2007 [4h 9c]
Tweedy620: folds 
Tobiz89: folds 
Kkk_kr: folds 
Dorex2007: folds 
kammikkazi: raises $0.03 to $0.05
bch_12345: folds 
PatRoast: folds 
Sr.Benitez448: folds 
Uncalled bet ($0.03) returned to kammikkazi
kammikkazi collected $0.05 from pot
*** SUMMARY ***
Total pot $0.05 | Rake $0 
Seat 1: bch_12345 (button) folded before Flop (didn't bet)
Seat 2: PatRoast (small blind) folded before Flop
Seat 3: Sr.Benitez448 (big blind) folded before Flop
Seat 5: Tweedy620 folded before Flop (didn't bet)
Seat 6: Tobiz89 folded before Flop (didn't bet)
Seat 7: Kkk_kr folded before Flop (didn't bet)
Seat 8: Dorex2007 folded before Flop (didn't bet)
Seat 9: kammikkazi collected ($0.05)



PokerStars Hand #237308534763:  Hold'em No Limit ($0.01/$0.02 USD) - 2022/07/11 21:17:39 PT [2022/07/12 0:17:39 ET]
Table 'Albertine' 9-max Seat #2 is the button
Seat 1: bch_12345 ($2.63 in chips) 
Seat 2: PatRoast ($2.38 in chips) 
Seat 3: Sr.Benitez448 ($0.89 in chips) 
Seat 5: Tweedy620 ($2.12 in chips) 
Seat 6: Tobiz89 ($2 in chips) 
Seat 7: Kkk_kr ($2.43 in chips) 
Seat 8: Dorex2007 ($2.68 in chips) 
Seat 9: kammikkazi ($2 in chips) 
Sr.Benitez448: posts small blind $0.01
Tweedy620: posts big blind $0.02
*** HOLE CARDS ***
Dealt to Dorex2007 [8d 6h]
Tobiz89: folds 
JosephClimberB joins the table at seat #4 
Kkk_kr has timed out
Kkk_kr: folds 
Dorex2007: folds 
kammikkazi: folds 
bch_12345: folds 
PatRoast: folds 
Sr.Benitez448: calls $0.01
Tweedy620: checks 
*** FLOP *** [3h Ks 4s]
Sr.Benitez448: checks 
Tweedy620: checks 
*** TURN *** [3h Ks 4s] [5c]
Sr.Benitez448: bets $0.04
Tweedy620: folds 
Uncalled bet ($0.04) returned to Sr.Benitez448
Sr.Benitez448 collected $0.04 from pot
*** SUMMARY ***
Total pot $0.04 | Rake $0 
Board [3h Ks 4s 5c]
Seat 1: bch_12345 folded before Flop (didn't bet)
Seat 2: PatRoast (button) folded before Flop (didn't bet)
Seat 3: Sr.Benitez448 (small blind) collected ($0.04)
Seat 5: Tweedy620 (big blind) folded on the Turn
Seat 6: Tobiz89 folded before Flop (didn't bet)
Seat 7: Kkk_kr folded before Flop (didn't bet)
Seat 8: Dorex2007 folded before Flop (didn't bet)
Seat 9: kammikkazi folded before Flop (didn't bet)



PokerStars Hand #237308539499:  Hold'em No Limit ($0.01/$0.02 USD) - 2022/07/11 21:18:17 PT [2022/07/12 0:18:17 ET]
Table 'Albertine' 9-max Seat #3 is the button
Seat 1: bch_12345 ($2.63 in chips) 
Seat 2: PatRoast ($2.38 in chips) 
Seat 3: Sr.Benitez448 ($0.91 in chips) 
Seat 5: Tweedy620 ($2.10 in chips) 
Seat 6: Tobiz89 ($2 in chips) 
Seat 7: Kkk_kr ($2.43 in chips) 
Seat 8: Dorex2007 ($2.68 in chips) 
Seat 9: kammikkazi ($2 in chips) 
Tweedy620: posts small blind $0.01
Tobiz89: posts big blind $0.02
*** HOLE CARDS ***
Dealt to Dorex2007 [9c Js]
Kkk_kr: folds 
Dorex2007: folds 
kammikkazi: folds 
bch_12345: raises $0.04 to $0.06
PatRoast: folds 
Sr.Benitez448: folds 
Tweedy620: folds 
Tobiz89: folds 
Uncalled bet ($0.04) returned to bch_12345
bch_12345 collected $0.05 from pot
*** SUMMARY ***
Total pot $0.05 | Rake $0 
Seat 1: bch_12345 collected ($0.05)
Seat 2: PatRoast folded before Flop (didn't bet)
Seat 3: Sr.Benitez448 (button) folded before Flop (didn't bet)
Seat 5: Tweedy620 (small blind) folded before Flop
Seat 6: Tobiz89 (big blind) folded before Flop
Seat 7: Kkk_kr folded before Flop (didn't bet)
Seat 8: Dorex2007 folded before Flop (didn't bet)
Seat 9: kammikkazi folded before Flop (didn't bet)



PokerStars Hand #237308544979:  Hold'em No Limit ($0.01/$0.02 USD) - 2022/07/11 21:19:02 PT [2022/07/12 0:19:02 ET]
Table 'Albertine' 9-max Seat #5 is the button
Seat 1: bch_12345 ($2.66 in chips) 
Seat 2: PatRoast ($2.38 in chips) 
Seat 3: Sr.Benitez448 ($0.91 in chips) 
Seat 5: Tweedy620 ($2.09 in chips) 
Seat 6: Tobiz89 ($2 in chips) 
Seat 7: Kkk_kr ($2.43 in chips) 
Seat 8: Dorex2007 ($2.68 in chips) 
Seat 9: kammikkazi ($2 in chips) 
Tobiz89: posts small blind $0.01
Kkk_kr: posts big blind $0.02
JosephClimberB: sits out 
*** HOLE CARDS ***
Dealt to Dorex2007 [Kh 6d]
Dorex2007: folds 
kammikkazi: folds 
bch_12345: folds 
PatRoast: raises $0.04 to $0.06
Sr.Benitez448: folds 
Tweedy620: folds 
Tobiz89: folds 
Kkk_kr: calls $0.04
*** FLOP *** [Kc 6h Qs]
Kkk_kr: bets $0.06
PatRoast: folds 
Uncalled bet ($0.06) returned to Kkk_kr
Kkk_kr collected $0.13 from pot
*** SUMMARY ***
Total pot $0.13 | Rake $0 
Board [Kc 6h Qs]
Seat 1: bch_12345 folded before Flop (didn't bet)
Seat 2: PatRoast folded on the Flop
Seat 3: Sr.Benitez448 folded before Flop (didn't bet)
Seat 5: Tweedy620 (button) folded before Flop (didn't bet)
Seat 6: Tobiz89 (small blind) folded before Flop
Seat 7: Kkk_kr (big blind) collected ($0.13)
Seat 8: Dorex2007 folded before Flop (didn't bet)
Seat 9: kammikkazi folded before Flop (didn't bet)



PokerStars Hand #237308549384:  Hold'em No Limit ($0.01/$0.02 USD) - 2022/07/11 21:19:39 PT [2022/07/12 0:19:39 ET]
Table 'Albertine' 9-max Seat #6 is the button
Seat 1: bch_12345 ($2.66 in chips) 
Seat 2: PatRoast ($2.32 in chips) 
Seat 3: Sr.Benitez448 ($0.91 in chips) 
Seat 5: Tweedy620 ($2.09 in chips) 
Seat 6: Tobiz89 ($2 in chips) 
Seat 7: Kkk_kr ($2.50 in chips) 
Seat 8: Dorex2007 ($2.68 in chips) 
Seat 9: kammikkazi ($2 in chips) 
Kkk_kr: posts small blind $0.01
Dorex2007: posts big blind $0.02
JosephClimberB: sits out 
*** HOLE CARDS ***
Dealt to Dorex2007 [Qc 4d]
kammikkazi: folds 
bch_12345: folds 
PatRoast: folds 
Sr.Benitez448: folds 
Tweedy620: calls $0.02
Tobiz89: folds 
Kkk_kr: folds 
Dorex2007: checks 
*** FLOP *** [9d Tc 5s]
Dorex2007: checks 
Tweedy620: bets $0.06
Dorex2007: folds 
Uncalled bet ($0.06) returned to Tweedy620
Tweedy620 collected $0.05 from pot
*** SUMMARY ***
Total pot $0.05 | Rake $0 
Board [9d Tc 5s]
Seat 1: bch_12345 folded before Flop (didn't bet)
Seat 2: PatRoast folded before Flop (didn't bet)
Seat 3: Sr.Benitez448 folded before Flop (didn't bet)
Seat 5: Tweedy620 collected ($0.05)
Seat 6: Tobiz89 (button) folded before Flop (didn't bet)
Seat 7: Kkk_kr (small blind) folded before Flop
Seat 8: Dorex2007 (big blind) folded on the Flop
Seat 9: kammikkazi folded before Flop (didn't bet)



PokerStars Hand #237308554523:  Hold'em No Limit ($0.01/$0.02 USD) - 2022/07/11 21:20:21 PT [2022/07/12 0:20:21 ET]
Table 'Albertine' 9-max Seat #7 is the button
Seat 1: bch_12345 ($2.66 in chips) 
Seat 2: PatRoast ($2.32 in chips) 
Seat 3: Sr.Benitez448 ($0.91 in chips) 
Seat 5: Tweedy620 ($2.12 in chips) 
Seat 6: Tobiz89 ($2 in chips) 
Seat 7: Kkk_kr ($2.49 in chips) 
Seat 8: Dorex2007 ($2.66 in chips) 
Seat 9: kammikkazi ($2 in chips) 
Dorex2007: posts small blind $0.01
kammikkazi: posts big blind $0.02
JosephClimberB: sits out 
*** HOLE CARDS ***
Dealt to Dorex2007 [Ah Qs]
bch_12345: folds 
PatRoast: folds 
Sr.Benitez448: folds 
Tweedy620: folds 
Tobiz89: raises $0.03 to $0.05
Kkk_kr: calls $0.05
Dorex2007: calls $0.04
kammikkazi: folds 
*** FLOP *** [4c 6s Ac]
Dorex2007: bets $0.16
Tobiz89: folds 
Kkk_kr: folds 
Uncalled bet ($0.16) returned to Dorex2007
Dorex2007 collected $0.16 from pot
*** SUMMARY ***
Total pot $0.17 | Rake $0.01 
Board [4c 6s Ac]
Seat 1: bch_12345 folded before Flop (didn't bet)
Seat 2: PatRoast folded before Flop (didn't bet)
Seat 3: Sr.Benitez448 folded before Flop (didn't bet)
Seat 5: Tweedy620 folded before Flop (didn't bet)
Seat 6: Tobiz89 folded on the Flop
Seat 7: Kkk_kr (button) folded on the Flop
Seat 8: Dorex2007 (small blind) collected ($0.16)
Seat 9: kammikkazi (big blind) folded before Flop



PokerStars Hand #237308559149:  Hold'em No Limit ($0.01/$0.02 USD) - 2022/07/11 21:20:59 PT [2022/07/12 0:20:59 ET]
Table 'Albertine' 9-max Seat #8 is the button
Seat 1: bch_12345 ($2.66 in chips) 
Seat 2: PatRoast ($2.32 in chips) 
Seat 3: Sr.Benitez448 ($0.91 in chips) 
Seat 5: Tweedy620 ($2.12 in chips) 
Seat 6: Tobiz89 ($2 in chips) 
Seat 7: Kkk_kr ($2.44 in chips) 
Seat 8: Dorex2007 ($2.77 in chips) 
Seat 9: kammikkazi ($1.98 in chips) 
kammikkazi: posts small blind $0.01
bch_12345: posts big blind $0.02
JosephClimberB: sits out 
*** HOLE CARDS ***
Dealt to Dorex2007 [5c Kh]
PatRoast: folds 
Sr.Benitez448: folds 
Tweedy620: folds 
Tobiz89: folds 
Kkk_kr: folds 
Dorex2007: folds 
kammikkazi: folds 
Uncalled bet ($0.01) returned to bch_12345
bch_12345 collected $0.02 from pot
*** SUMMARY ***
Total pot $0.02 | Rake $0 
Seat 1: bch_12345 (big blind) collected ($0.02)
Seat 2: PatRoast folded before Flop (didn't bet)
Seat 3: Sr.Benitez448 folded before Flop (didn't bet)
Seat 5: Tweedy620 folded before Flop (didn't bet)
Seat 6: Tobiz89 folded before Flop (didn't bet)
Seat 7: Kkk_kr folded before Flop (didn't bet)
Seat 8: Dorex2007 (button) folded before Flop (didn't bet)
Seat 9: kammikkazi (small blind) folded before Flop



PokerStars Hand #237308561881:  Hold'em No Limit ($0.01/$0.02 USD) - 2022/07/11 21:21:21 PT [2022/07/12 0:21:21 ET]
Table 'Albertine' 9-max Seat #9 is the button
Seat 1: bch_12345 ($2.67 in chips) 
Seat 2: PatRoast ($2.32 in chips) 
Seat 3: Sr.Benitez448 ($0.91 in chips) 
Seat 5: Tweedy620 ($2.12 in chips) 
Seat 6: Tobiz89 ($2 in chips) 
Seat 7: Kkk_kr ($2.44 in chips) 
Seat 8: Dorex2007 ($2.77 in chips) 
Seat 9: kammikkazi ($1.97 in chips) 
bch_12345: posts small blind $0.01
PatRoast: posts big blind $0.02
JosephClimberB: sits out 
*** HOLE CARDS ***
Dealt to Dorex2007 [Td Qc]
Sr.Benitez448: folds 
Tweedy620: calls $0.02
Tobiz89: folds 
Kkk_kr: folds 
Dorex2007: calls $0.02
kammikkazi: folds 
bch_12345: calls $0.01
PatRoast: checks 
*** FLOP *** [5d 4h Tc]
bch_12345: checks 
PatRoast: checks 
Tweedy620: checks 
Dorex2007: bets $0.08
bch_12345: folds 
PatRoast: folds 
Tweedy620: folds 
Uncalled bet ($0.08) returned to Dorex2007
Dorex2007 collected $0.08 from pot
*** SUMMARY ***
Total pot $0.08 | Rake $0 
Board [5d 4h Tc]
Seat 1: bch_12345 (small blind) folded on the Flop
Seat 2: PatRoast (big blind) folded on the Flop
Seat 3: Sr.Benitez448 folded before Flop (didn't bet)
Seat 5: Tweedy620 folded on the Flop
Seat 6: Tobiz89 folded before Flop (didn't bet)
Seat 7: Kkk_kr folded before Flop (didn't bet)
Seat 8: Dorex2007 collected ($0.08)
Seat 9: kammikkazi (button) folded before Flop (didn't bet)



PokerStars Hand #237308566787:  Hold'em No Limit ($0.01/$0.02 USD) - 2022/07/11 21:22:02 PT [2022/07/12 0:22:02 ET]
Table 'Albertine' 9-max Seat #1 is the button
Seat 1: bch_12345 ($2.65 in chips) 
Seat 2: PatRoast ($2.30 in chips) 
Seat 3: Sr.Benitez448 ($0.91 in chips) 
Seat 6: Tobiz89 ($2 in chips) 
Seat 7: Kkk_kr ($2.44 in chips) 
Seat 8: Dorex2007 ($2.83 in chips) 
Seat 9: kammikkazi ($1.97 in chips) 
PatRoast: posts small blind $0.01
Sr.Benitez448: posts big blind $0.02
JosephClimberB: sits out 
*** HOLE CARDS ***
Dealt to Dorex2007 [Th Ts]
Tobiz89: folds 
Kkk_kr: folds 
Dorex2007: calls $0.02
kammikkazi: folds 
bch_12345: raises $0.06 to $0.08
PatRoast: folds 
Sr.Benitez448: folds 
Dorex2007: calls $0.06
*** FLOP *** [3h Tc 6d]
Dorex2007: checks 
bch_12345: bets $0.06
Dorex2007: raises $0.06 to $0.12
bch_12345: folds 
Uncalled bet ($0.06) returned to Dorex2007
Dorex2007 collected $0.30 from pot
*** SUMMARY ***
Total pot $0.31 | Rake $0.01 
Board [3h Tc 6d]
Seat 1: bch_12345 (button) folded on the Flop
Seat 2: PatRoast (small blind) folded before Flop
Seat 3: Sr.Benitez448 (big blind) folded before Flop
Seat 6: Tobiz89 folded before Flop (didn't bet)
Seat 7: Kkk_kr folded before Flop (didn't bet)
Seat 8: Dorex2007 collected ($0.30)
Seat 9: kammikkazi folded before Flop (didn't bet)



PokerStars Hand #237308574688:  Hold'em No Limit ($0.01/$0.02 USD) - 2022/07/11 21:23:08 PT [2022/07/12 0:23:08 ET]
Table 'Albertine' 9-max Seat #2 is the button
Seat 1: bch_12345 ($2.51 in chips) 
Seat 2: PatRoast ($2.29 in chips) 
Seat 3: Sr.Benitez448 ($0.89 in chips) 
Seat 4: JosephClimberB ($2 in chips) 
Seat 6: Tobiz89 ($2 in chips) 
Seat 7: Kkk_kr ($2.44 in chips) 
Seat 8: Dorex2007 ($2.99 in chips) 
Seat 9: kammikkazi ($1.97 in chips) 
Sr.Benitez448: posts small blind $0.01
JosephClimberB: posts big blind $0.02
*** HOLE CARDS ***
Dealt to Dorex2007 [Qd 8s]
Tobiz89: folds 
Kkk_kr: calls $0.02
Dorex2007: folds 
kammikkazi: folds 
bch_12345: folds 
PatRoast: calls $0.02
Sr.Benitez448: folds 
JosephClimberB: checks 
*** FLOP *** [7h 2c 3s]
JosephClimberB: checks 
Kkk_kr: checks 
PatRoast: bets $0.04
JosephClimberB: calls $0.04
Kkk_kr: folds 
*** TURN *** [7h 2c 3s] [Kh]
JosephClimberB: checks 
PatRoast: bets $0.08
JosephClimberB: calls $0.08
*** RIVER *** [7h 2c 3s Kh] [5d]
JosephClimberB: checks 
PatRoast: checks 
*** SHOW DOWN ***
JosephClimberB: shows [Kc Ad] (a pair of Kings)
PatRoast: mucks hand 
JosephClimberB collected $0.30 from pot
*** SUMMARY ***
Total pot $0.31 | Rake $0.01 
Board [7h 2c 3s Kh 5d]
Seat 1: bch_12345 folded before Flop (didn't bet)
Seat 2: PatRoast (button) mucked [Td 7d]
Seat 3: Sr.Benitez448 (small blind) folded before Flop
Seat 4: JosephClimberB (big blind) showed [Kc Ad] and won ($0.30) with a pair of Kings
Seat 6: Tobiz89 folded before Flop (didn't bet)
Seat 7: Kkk_kr folded on the Flop
Seat 8: Dorex2007 folded before Flop (didn't bet)
Seat 9: kammikkazi folded before Flop (didn't bet)



PokerStars Hand #237308582300:  Hold'em No Limit ($0.01/$0.02 USD) - 2022/07/11 21:24:11 PT [2022/07/12 0:24:11 ET]
Table 'Albertine' 9-max Seat #3 is the button
Seat 1: bch_12345 ($2.51 in chips) 
Seat 2: PatRoast ($2.15 in chips) 
Seat 3: Sr.Benitez448 ($0.88 in chips) 
Seat 4: JosephClimberB ($2.16 in chips) 
Seat 6: Tobiz89 ($2 in chips) 
Seat 7: Kkk_kr ($2.42 in chips) 
Seat 8: Dorex2007 ($2.99 in chips) 
Seat 9: kammikkazi ($1.97 in chips) 
JosephClimberB: posts small blind $0.01
Tobiz89: posts big blind $0.02
*** HOLE CARDS ***
Dealt to Dorex2007 [Js 9d]
Kkk_kr: folds 
Dorex2007: folds 
kammikkazi: folds 
bch_12345: folds 
PatRoast: raises $0.03 to $0.05
Sr.Benitez448: folds 
JosephClimberB: folds 
Tobiz89: calls $0.03
*** FLOP *** [Kc Qc Ts]
Tobiz89: checks 
PatRoast: bets $0.06
Tobiz89: folds 
Uncalled bet ($0.06) returned to PatRoast
PatRoast collected $0.11 from pot
*** SUMMARY ***
Total pot $0.11 | Rake $0 
Board [Kc Qc Ts]
Seat 1: bch_12345 folded before Flop (didn't bet)
Seat 2: PatRoast collected ($0.11)
Seat 3: Sr.Benitez448 (button) folded before Flop (didn't bet)
Seat 4: JosephClimberB (small blind) folded before Flop
Seat 6: Tobiz89 (big blind) folded on the Flop
Seat 7: Kkk_kr folded before Flop (didn't bet)
Seat 8: Dorex2007 folded before Flop (didn't bet)
Seat 9: kammikkazi folded before Flop (didn't bet)



PokerStars Hand #237308593222:  Hold'em No Limit ($0.01/$0.02 USD) - 2022/07/11 21:25:05 PT [2022/07/12 0:25:05 ET]
Table 'Albertine' 9-max Seat #4 is the button
Seat 1: bch_12345 ($2.51 in chips) 
Seat 2: PatRoast ($2.21 in chips) 
Seat 3: Sr.Benitez448 ($0.88 in chips) 
Seat 4: JosephClimberB ($2.15 in chips) 
Seat 6: Tobiz89 ($2 in chips) 
Seat 7: Kkk_kr ($2.42 in chips) 
Seat 8: Dorex2007 ($2.99 in chips) 
Seat 9: kammikkazi ($1.97 in chips) 
Tobiz89: posts small blind $0.01
Kkk_kr: posts big blind $0.02
*** HOLE CARDS ***
Dealt to Dorex2007 [Qh 2c]
Dorex2007: folds 
kammikkazi: folds 
bch_12345: folds 
PatRoast: folds 
Sr.Benitez448: folds 
JosephClimberB: folds 
Tobiz89: folds 
Uncalled bet ($0.01) returned to Kkk_kr
Kkk_kr collected $0.02 from pot
*** SUMMARY ***
Total pot $0.02 | Rake $0 
Seat 1: bch_12345 folded before Flop (didn't bet)
Seat 2: PatRoast folded before Flop (didn't bet)
Seat 3: Sr.Benitez448 folded before Flop (didn't bet)
Seat 4: JosephClimberB (button) folded before Flop (didn't bet)
Seat 6: Tobiz89 (small blind) folded before Flop
Seat 7: Kkk_kr (big blind) collected ($0.02)
Seat 8: Dorex2007 folded before Flop (didn't bet)
Seat 9: kammikkazi folded before Flop (didn't bet)



PokerStars Hand #237308596706:  Hold'em No Limit ($0.01/$0.02 USD) - 2022/07/11 21:25:34 PT [2022/07/12 0:25:34 ET]
Table 'Albertine' 9-max Seat #6 is the button
Seat 1: bch_12345 ($2.51 in chips) 
Seat 2: PatRoast ($2.21 in chips) 
Seat 3: Sr.Benitez448 ($0.88 in chips) 
Seat 4: JosephClimberB ($2.15 in chips) 
Seat 6: Tobiz89 ($2 in chips) 
Seat 7: Kkk_kr ($2.43 in chips) 
Seat 8: Dorex2007 ($2.99 in chips) 
Seat 9: kammikkazi ($1.97 in chips) 
Kkk_kr: posts small blind $0.01
Dorex2007: posts big blind $0.02
*** HOLE CARDS ***
Dealt to Dorex2007 [5h 5c]
kammikkazi: folds 
bch_12345: folds 
PatRoast: raises $0.04 to $0.06
Sr.Benitez448: folds 
JosephClimberB: folds 
Tobiz89: folds 
Kkk_kr: folds 
Dorex2007: calls $0.04
*** FLOP *** [7d 7h Qs]
Dorex2007: checks 
PatRoast: bets $0.06
Dorex2007: folds 
Uncalled bet ($0.06) returned to PatRoast
PatRoast collected $0.13 from pot
*** SUMMARY ***
Total pot $0.13 | Rake $0 
Board [7d 7h Qs]
Seat 1: bch_12345 folded before Flop (didn't bet)
Seat 2: PatRoast collected ($0.13)
Seat 3: Sr.Benitez448 folded before Flop (didn't bet)
Seat 4: JosephClimberB folded before Flop (didn't bet)
Seat 6: Tobiz89 (button) folded before Flop (didn't bet)
Seat 7: Kkk_kr (small blind) folded before Flop
Seat 8: Dorex2007 (big blind) folded on the Flop
Seat 9: kammikkazi folded before Flop (didn't bet)



PokerStars Hand #237308602114:  Hold'em No Limit ($0.01/$0.02 USD) - 2022/07/11 21:26:18 PT [2022/07/12 0:26:18 ET]
Table 'Albertine' 9-max Seat #7 is the button
Seat 1: bch_12345 ($2.51 in chips) 
Seat 2: PatRoast ($2.28 in chips) 
Seat 3: Sr.Benitez448 ($0.88 in chips) 
Seat 4: JosephClimberB ($2.15 in chips) 
Seat 6: Tobiz89 ($2 in chips) 
Seat 7: Kkk_kr ($2.42 in chips) 
Seat 8: Dorex2007 ($2.93 in chips) 
Seat 9: kammikkazi ($1.97 in chips) 
Dorex2007: posts small blind $0.01
kammikkazi: posts big blind $0.02
*** HOLE CARDS ***
Dealt to Dorex2007 [2s 7c]
bch_12345: folds 
PatRoast: raises $0.04 to $0.06
Sr.Benitez448: folds 
JosephClimberB: folds 
Tobiz89: folds 
Kkk_kr: calls $0.06
Dorex2007: folds 
kammikkazi: folds 
*** FLOP *** [9h Kc 2h]
PatRoast: bets $0.08
Kkk_kr: calls $0.08
*** TURN *** [9h Kc 2h] [Jc]
PatRoast: bets $0.20
Kkk_kr: calls $0.20
*** RIVER *** [9h Kc 2h Jc] [5c]
PatRoast: checks 
Kkk_kr: bets $0.69
PatRoast: calls $0.69
*** SHOW DOWN ***
Kkk_kr: shows [6h Ah] (high card Ace)
PatRoast: shows [As Ad] (a pair of Aces)
PatRoast collected $2.02 from pot
*** SUMMARY ***
Total pot $2.09 | Rake $0.07 
Board [9h Kc 2h Jc 5c]
Seat 1: bch_12345 folded before Flop (didn't bet)
Seat 2: PatRoast showed [As Ad] and won ($2.02) with a pair of Aces
Seat 3: Sr.Benitez448 folded before Flop (didn't bet)
Seat 4: JosephClimberB folded before Flop (didn't bet)
Seat 6: Tobiz89 folded before Flop (didn't bet)
Seat 7: Kkk_kr (button) showed [6h Ah] and lost with high card Ace
Seat 8: Dorex2007 (small blind) folded before Flop
Seat 9: kammikkazi (big blind) folded before Flop



PokerStars Hand #237308610398:  Hold'em No Limit ($0.01/$0.02 USD) - 2022/07/11 21:27:26 PT [2022/07/12 0:27:26 ET]
Table 'Albertine' 9-max Seat #8 is the button
Seat 1: bch_12345 ($2.51 in chips) 
Seat 2: PatRoast ($3.27 in chips) 
Seat 3: Sr.Benitez448 ($0.88 in chips) 
Seat 4: JosephClimberB ($2.15 in chips) 
Seat 6: Tobiz89 ($2 in chips) 
Seat 7: Kkk_kr ($1.39 in chips) 
Seat 8: Dorex2007 ($2.92 in chips) 
Seat 9: kammikkazi ($1.95 in chips) 
kammikkazi: posts small blind $0.01
bch_12345: posts big blind $0.02
*** HOLE CARDS ***
Dealt to Dorex2007 [7s 6c]
PatRoast: folds 
Sr.Benitez448: folds 
JosephClimberB: folds 
Tobiz89: folds 
Kkk_kr: calls $0.02
Dorex2007: folds 
kammikkazi: calls $0.01
bch_12345: checks 
*** FLOP *** [3c Js 2d]
kammikkazi: checks 
bch_12345: checks 
Kkk_kr: checks 
*** TURN *** [3c Js 2d] [9d]
kammikkazi: bets $0.04
bch_12345: folds 
Kkk_kr: folds 
Uncalled bet ($0.04) returned to kammikkazi
Kkk_kr leaves the table
kammikkazi collected $0.06 from pot
*** SUMMARY ***
Total pot $0.06 | Rake $0 
Board [3c Js 2d 9d]
Seat 1: bch_12345 (big blind) folded on the Turn
Seat 2: PatRoast folded before Flop (didn't bet)
Seat 3: Sr.Benitez448 folded before Flop (didn't bet)
Seat 4: JosephClimberB folded before Flop (didn't bet)
Seat 6: Tobiz89 folded before Flop (didn't bet)
Seat 7: Kkk_kr folded on the Turn
Seat 8: Dorex2007 (button) folded before Flop (didn't bet)
Seat 9: kammikkazi (small blind) collected ($0.06)



PokerStars Hand #237308618099:  Hold'em No Limit ($0.01/$0.02 USD) - 2022/07/11 21:28:30 PT [2022/07/12 0:28:30 ET]
Table 'Albertine' 9-max Seat #9 is the button
Seat 1: bch_12345 ($2.49 in chips) 
Seat 2: PatRoast ($3.27 in chips) 
Seat 3: Sr.Benitez448 ($0.88 in chips) 
Seat 4: JosephClimberB ($2.15 in chips) 
Seat 6: Tobiz89 ($2 in chips) 
Seat 8: Dorex2007 ($2.92 in chips) 
Seat 9: kammikkazi ($1.99 in chips) 
bch_12345: posts small blind $0.01
PatRoast: posts big blind $0.02
*** HOLE CARDS ***
Dealt to Dorex2007 [Td 2s]
Sr.Benitez448: folds 
JosephClimberB: calls $0.02
Tobiz89: folds 
Dorex2007: folds 
Gilberto2332 joins the table at seat #7 
kammikkazi: raises $0.03 to $0.05
bch_12345: raises $0.17 to $0.22
PatRoast: calls $0.20
JosephClimberB: folds 
kammikkazi: folds 
*** FLOP *** [2d 8d Ac]
bch_12345: bets $0.10
PatRoast: calls $0.10
*** TURN *** [2d 8d Ac] [7s]
bch_12345: checks 
PatRoast: checks 
*** RIVER *** [2d 8d Ac 7s] [4d]
bch_12345: bets $0.10
PatRoast: calls $0.10
*** SHOW DOWN ***
bch_12345: shows [Qh Qd] (a pair of Queens)
PatRoast: mucks hand 
bch_12345 collected $0.88 from pot
*** SUMMARY ***
Total pot $0.91 | Rake $0.03 
Board [2d 8d Ac 7s 4d]
Seat 1: bch_12345 (small blind) showed [Qh Qd] and won ($0.88) with a pair of Queens
Seat 2: PatRoast (big blind) mucked [9s 9d]
Seat 3: Sr.Benitez448 folded before Flop (didn't bet)
Seat 4: JosephClimberB folded before Flop
Seat 6: Tobiz89 folded before Flop (didn't bet)
Seat 8: Dorex2007 folded before Flop (didn't bet)
Seat 9: kammikkazi (button) folded before Flop



PokerStars Hand #237308627831:  Hold'em No Limit ($0.01/$0.02 USD) - 2022/07/11 21:29:51 PT [2022/07/12 0:29:51 ET]
Table 'Albertine' 9-max Seat #1 is the button
Seat 1: bch_12345 ($2.95 in chips) 
Seat 2: PatRoast ($2.85 in chips) 
Seat 3: Sr.Benitez448 ($0.88 in chips) 
Seat 4: JosephClimberB ($2.13 in chips) 
Seat 6: Tobiz89 ($2 in chips) 
Seat 8: Dorex2007 ($2.92 in chips) 
Seat 9: kammikkazi ($1.94 in chips) 
PatRoast: posts small blind $0.01
Sr.Benitez448: posts big blind $0.02
Tweedy620: sits out 
Gilberto2332: sits out 
*** HOLE CARDS ***
Dealt to Dorex2007 [Tc 7s]
JosephClimberB: raises $0.04 to $0.06
Tobiz89: folds 
Dorex2007: folds 
kammikkazi: calls $0.06
bch_12345: folds 
PatRoast: folds 
Sr.Benitez448: folds 
*** FLOP *** [9s 7d 3c]
JosephClimberB: bets $0.07
kammikkazi: calls $0.07
*** TURN *** [9s 7d 3c] [Th]
JosephClimberB: bets $0.14
kammikkazi: calls $0.14
*** RIVER *** [9s 7d 3c Th] [Jc]
JosephClimberB: bets $0.37
kammikkazi: folds 
Uncalled bet ($0.37) returned to JosephClimberB
JosephClimberB collected $0.55 from pot
*** SUMMARY ***
Total pot $0.57 | Rake $0.02 
Board [9s 7d 3c Th Jc]
Seat 1: bch_12345 (button) folded before Flop (didn't bet)
Seat 2: PatRoast (small blind) folded before Flop
Seat 3: Sr.Benitez448 (big blind) folded before Flop
Seat 4: JosephClimberB collected ($0.55)
Seat 6: Tobiz89 folded before Flop (didn't bet)
Seat 8: Dorex2007 folded before Flop (didn't bet)
Seat 9: kammikkazi folded on the River



PokerStars Hand #237308637852:  Hold'em No Limit ($0.01/$0.02 USD) - 2022/07/11 21:31:15 PT [2022/07/12 0:31:15 ET]
Table 'Albertine' 9-max Seat #2 is the button
Seat 1: bch_12345 ($2.95 in chips) 
Seat 2: PatRoast ($2.84 in chips) 
Seat 3: Sr.Benitez448 ($0.86 in chips) 
Seat 4: JosephClimberB ($2.41 in chips) 
Seat 6: Tobiz89 ($2 in chips) 
Seat 8: Dorex2007 ($2.92 in chips) 
Seat 9: kammikkazi ($1.67 in chips) 
Sr.Benitez448: posts small blind $0.01
JosephClimberB: posts big blind $0.02
Tweedy620: sits out 
Gilberto2332: sits out 
*** HOLE CARDS ***
Dealt to Dorex2007 [Qc Kc]
Tobiz89: folds 
Dorex2007: raises $0.02 to $0.04
kammikkazi: calls $0.04
bch_12345: folds 
PatRoast: folds 
Sr.Benitez448: calls $0.03
JosephClimberB: calls $0.02
*** FLOP *** [Kd 7d 9h]
Sr.Benitez448: checks 
JosephClimberB: bets $0.02
Dorex2007: raises $0.10 to $0.12
kammikkazi: raises $0.13 to $0.25
Sr.Benitez448: folds 
JosephClimberB: folds 
Dorex2007: calls $0.13
*** TURN *** [Kd 7d 9h] [8d]
Dorex2007: checks 
kammikkazi: checks 
*** RIVER *** [Kd 7d 9h 8d] [4s]
Dorex2007: bets $0.33
kammikkazi: calls $0.33
*** SHOW DOWN ***
Dorex2007: shows [Qc Kc] (a pair of Kings)
kammikkazi: shows [7c 7s] (three of a kind, Sevens)
kammikkazi collected $1.29 from pot
*** SUMMARY ***
Total pot $1.34 | Rake $0.05 
Board [Kd 7d 9h 8d 4s]
Seat 1: bch_12345 folded before Flop (didn't bet)
Seat 2: PatRoast (button) folded before Flop (didn't bet)
Seat 3: Sr.Benitez448 (small blind) folded on the Flop
Seat 4: JosephClimberB (big blind) folded on the Flop
Seat 6: Tobiz89 folded before Flop (didn't bet)
Seat 8: Dorex2007 showed [Qc Kc] and lost with a pair of Kings
Seat 9: kammikkazi showed [7c 7s] and won ($1.29) with three of a kind, Sevens



PokerStars Hand #237308652615:  Hold'em No Limit ($0.01/$0.02 USD) - 2022/07/11 21:32:41 PT [2022/07/12 0:32:41 ET]
Table 'Albertine' 9-max Seat #3 is the button
Seat 1: bch_12345 ($2.95 in chips) 
Seat 2: PatRoast ($2.84 in chips) 
Seat 3: Sr.Benitez448 ($0.82 in chips) 
Seat 4: JosephClimberB ($2.35 in chips) 
Seat 5: Tweedy620 ($2.10 in chips) 
Seat 6: Tobiz89 ($2 in chips) 
Seat 8: Dorex2007 ($2.30 in chips) 
Seat 9: kammikkazi ($2.34 in chips) 
JosephClimberB: posts small blind $0.01
Tweedy620: posts big blind $0.02
Gilberto2332: sits out 
*** HOLE CARDS ***
Dealt to Dorex2007 [Js Ks]
Tobiz89: raises $0.04 to $0.06
Dorex2007: calls $0.06
kammikkazi: folds 
bch_12345: folds 
PatRoast: folds 
Sr.Benitez448: calls $0.06
JosephClimberB: folds 
Tweedy620: folds 
*** FLOP *** [4s Ad 4h]
Tobiz89: checks 
Dorex2007: checks 
Sr.Benitez448: bets $0.20
Tobiz89: folds 
Dorex2007: folds 
Uncalled bet ($0.20) returned to Sr.Benitez448
Sr.Benitez448 collected $0.20 from pot
*** SUMMARY ***
Total pot $0.21 | Rake $0.01 
Board [4s Ad 4h]
Seat 1: bch_12345 folded before Flop (didn't bet)
Seat 2: PatRoast folded before Flop (didn't bet)
Seat 3: Sr.Benitez448 (button) collected ($0.20)
Seat 4: JosephClimberB (small blind) folded before Flop
Seat 5: Tweedy620 (big blind) folded before Flop
Seat 6: Tobiz89 folded on the Flop
Seat 8: Dorex2007 folded on the Flop
Seat 9: kammikkazi folded before Flop (didn't bet)



PokerStars Hand #237308661379:  Hold'em No Limit ($0.01/$0.02 USD) - 2022/07/11 21:33:56 PT [2022/07/12 0:33:56 ET]
Table 'Albertine' 9-max Seat #4 is the button
Seat 1: bch_12345 ($2.95 in chips) 
Seat 2: PatRoast ($2.84 in chips) 
Seat 3: Sr.Benitez448 ($0.96 in chips) 
Seat 4: JosephClimberB ($2.34 in chips) 
Seat 5: Tweedy620 ($2.08 in chips) 
Seat 6: Tobiz89 ($2 in chips) 
Seat 8: Dorex2007 ($2.24 in chips) 
Seat 9: kammikkazi ($2.34 in chips) 
Tweedy620: posts small blind $0.01
Tobiz89: posts big blind $0.02
Gilberto2332: sits out 
*** HOLE CARDS ***
Dealt to Dorex2007 [4h 3c]
Dorex2007: folds 
kammikkazi: folds 
bch_12345: folds 
PatRoast: folds 
Sr.Benitez448: folds 
JosephClimberB: folds 
Tweedy620: folds 
Uncalled bet ($0.01) returned to Tobiz89
Tobiz89 collected $0.02 from pot
*** SUMMARY ***
Total pot $0.02 | Rake $0 
Seat 1: bch_12345 folded before Flop (didn't bet)
Seat 2: PatRoast folded before Flop (didn't bet)
Seat 3: Sr.Benitez448 folded before Flop (didn't bet)
Seat 4: JosephClimberB (button) folded before Flop (didn't bet)
Seat 5: Tweedy620 (small blind) folded before Flop
Seat 6: Tobiz89 (big blind) collected ($0.02)
Seat 8: Dorex2007 folded before Flop (didn't bet)
Seat 9: kammikkazi folded before Flop (didn't bet)



PokerStars Hand #237308663420:  Hold'em No Limit ($0.01/$0.02 USD) - 2022/07/11 21:34:14 PT [2022/07/12 0:34:14 ET]
Table 'Albertine' 9-max Seat #5 is the button
Seat 1: bch_12345 ($2.95 in chips) 
Seat 2: PatRoast ($2.84 in chips) 
Seat 3: Sr.Benitez448 ($0.96 in chips) 
Seat 4: JosephClimberB ($2.34 in chips) 
Seat 5: Tweedy620 ($2.07 in chips) 
Seat 6: Tobiz89 ($2.01 in chips) 
Seat 7: Gilberto2332 ($2 in chips) 
Seat 8: Dorex2007 ($2.24 in chips) 
Seat 9: kammikkazi ($2.34 in chips) 
Tobiz89: posts small blind $0.01
Gilberto2332: posts big blind $0.02
*** HOLE CARDS ***
Dealt to Dorex2007 [Qc 4h]
Dorex2007: folds 
kammikkazi: raises $0.03 to $0.05
bch_12345: folds 
PatRoast: folds 
Sr.Benitez448: calls $0.05
JosephClimberB: folds 
Tweedy620: folds 
Tobiz89: folds 
Gilberto2332: folds 
*** FLOP *** [Kd Qs 6c]
kammikkazi: checks 
Sr.Benitez448: bets $0.13
kammikkazi: folds 
Uncalled bet ($0.13) returned to Sr.Benitez448
Sr.Benitez448 collected $0.13 from pot
*** SUMMARY ***
Total pot $0.13 | Rake $0 
Board [Kd Qs 6c]
Seat 1: bch_12345 folded before Flop (didn't bet)
Seat 2: PatRoast folded before Flop (didn't bet)
Seat 3: Sr.Benitez448 collected ($0.13)
Seat 4: JosephClimberB folded before Flop (didn't bet)
Seat 5: Tweedy620 (button) folded before Flop (didn't bet)
Seat 6: Tobiz89 (small blind) folded before Flop
Seat 7: Gilberto2332 (big blind) folded before Flop
Seat 8: Dorex2007 folded before Flop (didn't bet)
Seat 9: kammikkazi folded on the Flop



PokerStars Hand #237308670478:  Hold'em No Limit ($0.01/$0.02 USD) - 2022/07/11 21:35:13 PT [2022/07/12 0:35:13 ET]
Table 'Albertine' 9-max Seat #6 is the button
Seat 1: bch_12345 ($2.95 in chips) 
Seat 2: PatRoast ($2.84 in chips) 
Seat 3: Sr.Benitez448 ($1.04 in chips) 
Seat 4: JosephClimberB ($2.34 in chips) 
Seat 5: Tweedy620 ($2.07 in chips) 
Seat 6: Tobiz89 ($2 in chips) 
Seat 7: Gilberto2332 ($1.98 in chips) 
Seat 8: Dorex2007 ($2.24 in chips) 
Seat 9: kammikkazi ($2.29 in chips) 
Gilberto2332: posts small blind $0.01
Dorex2007: posts big blind $0.02
*** HOLE CARDS ***
Dealt to Dorex2007 [Js 4d]
kammikkazi: folds 
bch_12345: raises $0.04 to $0.06
PatRoast: folds 
Sr.Benitez448: folds 
JosephClimberB: folds 
JosephClimberB leaves the table
Tweedy620: folds 
Tobiz89: folds 
Gilberto2332: folds 
Dorex2007: folds 
Uncalled bet ($0.04) returned to bch_12345
bch_12345 collected $0.05 from pot
*** SUMMARY ***
Total pot $0.05 | Rake $0 
Seat 1: bch_12345 collected ($0.05)
Seat 2: PatRoast folded before Flop (didn't bet)
Seat 3: Sr.Benitez448 folded before Flop (didn't bet)
Seat 4: JosephClimberB folded before Flop (didn't bet)
Seat 5: Tweedy620 folded before Flop (didn't bet)
Seat 6: Tobiz89 (button) folded before Flop (didn't bet)
Seat 7: Gilberto2332 (small blind) folded before Flop
Seat 8: Dorex2007 (big blind) folded before Flop
Seat 9: kammikkazi folded before Flop (didn't bet)



PokerStars Hand #237308673367:  Hold'em No Limit ($0.01/$0.02 USD) - 2022/07/11 21:35:38 PT [2022/07/12 0:35:38 ET]
Table 'Albertine' 9-max Seat #7 is the button
Seat 1: bch_12345 ($2.98 in chips) 
Seat 2: PatRoast ($2.84 in chips) 
Seat 3: Sr.Benitez448 ($1.04 in chips) 
Seat 5: Tweedy620 ($2.07 in chips) 
Seat 6: Tobiz89 ($2 in chips) 
Seat 7: Gilberto2332 ($1.97 in chips) 
Seat 8: Dorex2007 ($2.22 in chips) 
Seat 9: kammikkazi ($2.29 in chips) 
Dorex2007: posts small blind $0.01
kammikkazi: posts big blind $0.02
*** HOLE CARDS ***
Dealt to Dorex2007 [Kc 9c]
bch_12345: folds 
PatRoast: folds 
Sr.Benitez448: calls $0.02
pepekita23 joins the table at seat #4 
Tweedy620: folds 
Tobiz89: folds 
Gilberto2332: raises $0.04 to $0.06
Dorex2007: folds 
kammikkazi: folds 
Sr.Benitez448: calls $0.04
*** FLOP *** [2c Ts 9s]
Sr.Benitez448: checks 
Gilberto2332: bets $0.14
Sr.Benitez448: calls $0.14
*** TURN *** [2c Ts 9s] [9d]
Sr.Benitez448: bets $0.41
Gilberto2332: raises $1.36 to $1.77 and is all-in
Sr.Benitez448: calls $0.43 and is all-in
Uncalled bet ($0.93) returned to Gilberto2332
*** RIVER *** [2c Ts 9s 9d] [3c]
*** SHOW DOWN ***
Sr.Benitez448: shows [Td Jd] (two pair, Tens and Nines)
Gilberto2332: shows [Ac Ad] (two pair, Aces and Nines)
Gilberto2332 cashed out the hand for $1.92 | Cash Out Fee $0.02
*** SUMMARY ***
Total pot $2.11 | Rake $0.07 
Board [2c Ts 9s 9d 3c]
Seat 1: bch_12345 folded before Flop (didn't bet)
Seat 2: PatRoast folded before Flop (didn't bet)
Seat 3: Sr.Benitez448 showed [Td Jd] and lost with two pair, Tens and Nines
Seat 5: Tweedy620 folded before Flop (didn't bet)
Seat 6: Tobiz89 folded before Flop (didn't bet)
Seat 7: Gilberto2332 (button) showed [Ac Ad] and won ($2.04) with two pair, Aces and Nines (pot not awarded as player cashed out)
Seat 8: Dorex2007 (small blind) folded before Flop
Seat 9: kammikkazi (big blind) folded before Flop



PokerStars Hand #237308681775:  Hold'em No Limit ($0.01/$0.02 USD) - 2022/07/11 21:36:48 PT [2022/07/12 0:36:48 ET]
Table 'Albertine' 9-max Seat #8 is the button
Seat 1: bch_12345 ($2.98 in chips) 
Seat 2: PatRoast ($2.84 in chips) 
Seat 4: pepekita23 ($1.60 in chips) 
Seat 5: Tweedy620 ($2.07 in chips) 
Seat 6: Tobiz89 ($2 in chips) 
Seat 7: Gilberto2332 ($2.85 in chips) 
Seat 8: Dorex2007 ($2.21 in chips) 
Seat 9: kammikkazi ($2.27 in chips) 
kammikkazi: posts small blind $0.01
bch_12345: posts big blind $0.02
pepekita23: posts big blind $0.02
*** HOLE CARDS ***
Dealt to Dorex2007 [Ac Qc]
PatRoast: folds 
Sr.Benitez448 leaves the table
pepekita23: checks 
Tweedy620: folds 
Tobiz89: folds 
Gilberto2332: folds 
Dorex2007: raises $0.04 to $0.06
kammikkazi: folds 
bch_12345: folds 
Hejter1337 joins the table at seat #3 
pepekita23: folds 
Uncalled bet ($0.04) returned to Dorex2007
Dorex2007 collected $0.07 from pot
*** SUMMARY ***
Total pot $0.07 | Rake $0 
Seat 1: bch_12345 (big blind) folded before Flop
Seat 2: PatRoast folded before Flop (didn't bet)
Seat 4: pepekita23 folded before Flop (didn't bet)
Seat 5: Tweedy620 folded before Flop (didn't bet)
Seat 6: Tobiz89 folded before Flop (didn't bet)
Seat 7: Gilberto2332 folded before Flop (didn't bet)
Seat 8: Dorex2007 (button) collected ($0.07)
Seat 9: kammikkazi (small blind) folded before Flop



PokerStars Hand #237308686974:  Hold'em No Limit ($0.01/$0.02 USD) - 2022/07/11 21:37:33 PT [2022/07/12 0:37:33 ET]
Table 'Albertine' 9-max Seat #9 is the button
Seat 1: bch_12345 ($2.96 in chips) 
Seat 2: PatRoast ($2.84 in chips) 
Seat 4: pepekita23 ($1.58 in chips) 
Seat 5: Tweedy620 ($2.07 in chips) 
Seat 6: Tobiz89 ($2 in chips) 
Seat 7: Gilberto2332 ($2.85 in chips) 
Seat 8: Dorex2007 ($2.26 in chips) 
Seat 9: kammikkazi ($2.26 in chips) 
bch_12345: posts small blind $0.01
PatRoast: posts big blind $0.02
Hejter1337: sits out 
*** HOLE CARDS ***
Dealt to Dorex2007 [2d Ks]
pepekita23: raises $0.04 to $0.06
Tweedy620: folds 
Tobiz89: folds 
Gilberto2332: calls $0.06
Dorex2007: folds 
kammikkazi: calls $0.06
bch_12345: folds 
PatRoast: raises $0.28 to $0.34
pepekita23: calls $0.28
Gilberto2332: folds 
kammikkazi: folds 
*** FLOP *** [3h 8h 6h]
PatRoast: bets $0.26
pepekita23: raises $0.98 to $1.24 and is all-in
PatRoast: folds 
Uncalled bet ($0.98) returned to pepekita23
pepekita23 collected $1.28 from pot
*** SUMMARY ***
Total pot $1.33 | Rake $0.05 
Board [3h 8h 6h]
Seat 1: bch_12345 (small blind) folded before Flop
Seat 2: PatRoast (big blind) folded on the Flop
Seat 4: pepekita23 collected ($1.28)
Seat 5: Tweedy620 folded before Flop (didn't bet)
Seat 6: Tobiz89 folded before Flop (didn't bet)
Seat 7: Gilberto2332 folded before Flop
Seat 8: Dorex2007 folded before Flop (didn't bet)
Seat 9: kammikkazi (button) folded before Flop



PokerStars Hand #237308695888:  Hold'em No Limit ($0.01/$0.02 USD) - 2022/07/11 21:38:49 PT [2022/07/12 0:38:49 ET]
Table 'Albertine' 9-max Seat #1 is the button
Seat 1: bch_12345 ($2.95 in chips) 
Seat 2: PatRoast ($2.24 in chips) 
Seat 3: Hejter1337 ($2 in chips) 
Seat 4: pepekita23 ($2.26 in chips) 
Seat 5: Tweedy620 ($2.07 in chips) 
Seat 6: Tobiz89 ($2 in chips) 
Seat 7: Gilberto2332 ($2.79 in chips) 
Seat 8: Dorex2007 ($2.26 in chips) 
Seat 9: kammikkazi ($2.20 in chips) 
PatRoast: posts small blind $0.01
Hejter1337: posts big blind $0.02
*** HOLE CARDS ***
Dealt to Dorex2007 [4s 6s]
pepekita23: calls $0.02
Tweedy620: folds 
Tobiz89: folds 
Gilberto2332: raises $0.02 to $0.04
Dorex2007: folds 
kammikkazi: folds 
bch_12345: folds 
PatRoast: folds 
Hejter1337: folds 
pepekita23: calls $0.02
*** FLOP *** [6h Th Ad]
pepekita23: checks 
Gilberto2332: bets $0.11
pepekita23: folds 
Uncalled bet ($0.11) returned to Gilberto2332
Gilberto2332 collected $0.11 from pot
*** SUMMARY ***
Total pot $0.11 | Rake $0 
Board [6h Th Ad]
Seat 1: bch_12345 (button) folded before Flop (didn't bet)
Seat 2: PatRoast (small blind) folded before Flop
Seat 3: Hejter1337 (big blind) folded before Flop
Seat 4: pepekita23 folded on the Flop
Seat 5: Tweedy620 folded before Flop (didn't bet)
Seat 6: Tobiz89 folded before Flop (didn't bet)
Seat 7: Gilberto2332 collected ($0.11)
Seat 8: Dorex2007 folded before Flop (didn't bet)
Seat 9: kammikkazi folded before Flop (didn't bet)



PokerStars Hand #237308700414:  Hold'em No Limit ($0.01/$0.02 USD) - 2022/07/11 21:39:27 PT [2022/07/12 0:39:27 ET]
Table 'Albertine' 9-max Seat #2 is the button
Seat 1: bch_12345 ($2.95 in chips) 
Seat 2: PatRoast ($2.23 in chips) 
Seat 3: Hejter1337 ($1.98 in chips) 
Seat 4: pepekita23 ($2.22 in chips) 
Seat 5: Tweedy620 ($2.07 in chips) 
Seat 6: Tobiz89 ($2 in chips) 
Seat 7: Gilberto2332 ($2.86 in chips) 
Seat 8: Dorex2007 ($2.26 in chips) 
Seat 9: kammikkazi ($2.20 in chips) 
Hejter1337: posts small blind $0.01
pepekita23: posts big blind $0.02
*** HOLE CARDS ***
Dealt to Dorex2007 [7s 6d]
Tweedy620: calls $0.02
Tobiz89: folds 
Gilberto2332: folds 
Dorex2007: folds 
kammikkazi: folds 
bch_12345: folds 
PatRoast: folds 
Hejter1337: raises $0.04 to $0.06
pepekita23: calls $0.04
Tweedy620: folds 
*** FLOP *** [6h 2c 5h]
Hejter1337: bets $0.07
pepekita23: raises $0.07 to $0.14
Hejter1337: folds 
Uncalled bet ($0.07) returned to pepekita23
pepekita23 collected $0.27 from pot
*** SUMMARY ***
Total pot $0.28 | Rake $0.01 
Board [6h 2c 5h]
Seat 1: bch_12345 folded before Flop (didn't bet)
Seat 2: PatRoast (button) folded before Flop (didn't bet)
Seat 3: Hejter1337 (small blind) folded on the Flop
Seat 4: pepekita23 (big blind) collected ($0.27)
Seat 5: Tweedy620 folded before Flop
Seat 6: Tobiz89 folded before Flop (didn't bet)
Seat 7: Gilberto2332 folded before Flop (didn't bet)
Seat 8: Dorex2007 folded before Flop (didn't bet)
Seat 9: kammikkazi folded before Flop (didn't bet)



PokerStars Hand #237308705700:  Hold'em No Limit ($0.01/$0.02 USD) - 2022/07/11 21:40:12 PT [2022/07/12 0:40:12 ET]
Table 'Albertine' 9-max Seat #3 is the button
Seat 1: bch_12345 ($2.95 in chips) 
Seat 2: PatRoast ($2.23 in chips) 
Seat 3: Hejter1337 ($1.85 in chips) 
Seat 4: pepekita23 ($2.36 in chips) 
Seat 6: Tobiz89 ($2 in chips) 
Seat 7: Gilberto2332 ($2.86 in chips) 
Seat 8: Dorex2007 ($2.26 in chips) 
Seat 9: kammikkazi ($2.20 in chips) 
pepekita23: posts small blind $0.01
Tweedy620: is sitting out 
Tobiz89: posts big blind $0.02
*** HOLE CARDS ***
Dealt to Dorex2007 [Js 2h]
Gilberto2332: folds 
Dorex2007: folds 
kammikkazi: raises $0.03 to $0.05
bch_12345: folds 
PatRoast: folds 
Hejter1337: folds 
pepekita23: folds 
Tobiz89: folds 
Uncalled bet ($0.03) returned to kammikkazi
kammikkazi collected $0.05 from pot
*** SUMMARY ***
Total pot $0.05 | Rake $0 
Seat 1: bch_12345 folded before Flop (didn't bet)
Seat 2: PatRoast folded before Flop (didn't bet)
Seat 3: Hejter1337 (button) folded before Flop (didn't bet)
Seat 4: pepekita23 (small blind) folded before Flop
Seat 6: Tobiz89 (big blind) folded before Flop
Seat 7: Gilberto2332 folded before Flop (didn't bet)
Seat 8: Dorex2007 folded before Flop (didn't bet)
Seat 9: kammikkazi collected ($0.05)



PokerStars Hand #237308708193:  Hold'em No Limit ($0.01/$0.02 USD) - 2022/07/11 21:40:33 PT [2022/07/12 0:40:33 ET]
Table 'Albertine' 9-max Seat #4 is the button
Seat 1: bch_12345 ($2.95 in chips) 
Seat 2: PatRoast ($2.23 in chips) 
Seat 3: Hejter1337 ($1.85 in chips) 
Seat 4: pepekita23 ($2.35 in chips) 
Seat 6: Tobiz89 ($2 in chips) 
Seat 7: Gilberto2332 ($2.86 in chips) 
Seat 8: Dorex2007 ($2.26 in chips) 
Seat 9: kammikkazi ($2.23 in chips) 
Tobiz89: posts small blind $0.01
Gilberto2332: posts big blind $0.02
*** HOLE CARDS ***
Dealt to Dorex2007 [Js 6h]
Dorex2007: folds 
kammikkazi: folds 
bch_12345: folds 
PatRoast: raises $0.04 to $0.06
Hejter1337: raises $0.12 to $0.18
pepekita23: folds 
Tobiz89: folds 
Gilberto2332: folds 
PatRoast: calls $0.12
*** FLOP *** [8h Ac 6s]
PatRoast: checks 
Hejter1337: bets $0.19
PatRoast: folds 
Uncalled bet ($0.19) returned to Hejter1337
Hejter1337 collected $0.38 from pot
*** SUMMARY ***
Total pot $0.39 | Rake $0.01 
Board [8h Ac 6s]
Seat 1: bch_12345 folded before Flop (didn't bet)
Seat 2: PatRoast folded on the Flop
Seat 3: Hejter1337 collected ($0.38)
Seat 4: pepekita23 (button) folded before Flop (didn't bet)
Seat 6: Tobiz89 (small blind) folded before Flop
Seat 7: Gilberto2332 (big blind) folded before Flop
Seat 8: Dorex2007 folded before Flop (didn't bet)
Seat 9: kammikkazi folded before Flop (didn't bet)



PokerStars Hand #237308713273:  Hold'em No Limit ($0.01/$0.02 USD) - 2022/07/11 21:41:16 PT [2022/07/12 0:41:16 ET]
Table 'Albertine' 9-max Seat #6 is the button
Seat 1: bch_12345 ($2.95 in chips) 
Seat 2: PatRoast ($2.05 in chips) 
Seat 3: Hejter1337 ($2.05 in chips) 
Seat 4: pepekita23 ($2.35 in chips) 
Seat 6: Tobiz89 ($2 in chips) 
Seat 7: Gilberto2332 ($2.84 in chips) 
Seat 8: Dorex2007 ($2.26 in chips) 
Seat 9: kammikkazi ($2.23 in chips) 
Gilberto2332: posts small blind $0.01
Dorex2007: posts big blind $0.02
*** HOLE CARDS ***
Dealt to Dorex2007 [Td 3s]
kammikkazi has timed out
kammikkazi: folds 
bch_12345: raises $0.04 to $0.06
PatRoast: folds 
Hejter1337: folds 
pepekita23: folds 
Tobiz89: folds 
Gilberto2332: folds 
Dorex2007: folds 
Uncalled bet ($0.04) returned to bch_12345
bch_12345 collected $0.05 from pot
*** SUMMARY ***
Total pot $0.05 | Rake $0 
Seat 1: bch_12345 collected ($0.05)
Seat 2: PatRoast folded before Flop (didn't bet)
Seat 3: Hejter1337 folded before Flop (didn't bet)
Seat 4: pepekita23 folded before Flop (didn't bet)
Seat 6: Tobiz89 (button) folded before Flop (didn't bet)
Seat 7: Gilberto2332 (small blind) folded before Flop
Seat 8: Dorex2007 (big blind) folded before Flop
Seat 9: kammikkazi folded before Flop (didn't bet)



PokerStars Hand #237308715598:  Hold'em No Limit ($0.01/$0.02 USD) - 2022/07/11 21:41:36 PT [2022/07/12 0:41:36 ET]
Table 'Albertine' 9-max Seat #7 is the button
Seat 1: bch_12345 ($2.98 in chips) 
Seat 2: PatRoast ($2.05 in chips) 
Seat 3: Hejter1337 ($2.05 in chips) 
Seat 4: pepekita23 ($2.35 in chips) 
Seat 6: Tobiz89 ($2 in chips) 
Seat 7: Gilberto2332 ($2.83 in chips) 
Seat 8: Dorex2007 ($2.24 in chips) 
Seat 9: kammikkazi ($2.23 in chips) 
Dorex2007: posts small blind $0.01
kammikkazi: posts big blind $0.02
*** HOLE CARDS ***
Dealt to Dorex2007 [8h Qs]
bch_12345: folds 
PatRoast: folds 
Hejter1337: folds 
pepekita23: folds 
Tobiz89: folds 
Gilberto2332: raises $0.02 to $0.04
Dorex2007: folds 
kammikkazi: calls $0.02
*** FLOP *** [Ad 9s Td]
kammikkazi: bets $0.07
Gilberto2332: calls $0.07
*** TURN *** [Ad 9s Td] [4s]
kammikkazi: bets $0.18
Gilberto2332: calls $0.18
*** RIVER *** [Ad 9s Td 4s] [Qd]
kammikkazi: bets $0.34
Gilberto2332: calls $0.34
*** SHOW DOWN ***
kammikkazi: shows [As Ts] (two pair, Aces and Tens)
Gilberto2332: shows [Ac Qc] (two pair, Aces and Queens)
Gilberto2332 collected $1.23 from pot
*** SUMMARY ***
Total pot $1.27 | Rake $0.04 
Board [Ad 9s Td 4s Qd]
Seat 1: bch_12345 folded before Flop (didn't bet)
Seat 2: PatRoast folded before Flop (didn't bet)
Seat 3: Hejter1337 folded before Flop (didn't bet)
Seat 4: pepekita23 folded before Flop (didn't bet)
Seat 6: Tobiz89 folded before Flop (didn't bet)
Seat 7: Gilberto2332 (button) showed [Ac Qc] and won ($1.23) with two pair, Aces and Queens
Seat 8: Dorex2007 (small blind) folded before Flop
Seat 9: kammikkazi (big blind) showed [As Ts] and lost with two pair, Aces and Tens



PokerStars Hand #237308722815:  Hold'em No Limit ($0.01/$0.02 USD) - 2022/07/11 21:42:39 PT [2022/07/12 0:42:39 ET]
Table 'Albertine' 9-max Seat #8 is the button
Seat 1: bch_12345 ($2.98 in chips) 
Seat 2: PatRoast ($2.05 in chips) 
Seat 3: Hejter1337 ($2.05 in chips) 
Seat 4: pepekita23 ($2.35 in chips) 
Seat 6: Tobiz89 ($2 in chips) 
Seat 7: Gilberto2332 ($3.43 in chips) 
Seat 8: Dorex2007 ($2.23 in chips) 
Seat 9: kammikkazi ($1.60 in chips) 
kammikkazi: posts small blind $0.01
bch_12345: posts big blind $0.02
*** HOLE CARDS ***
Dealt to Dorex2007 [Jh 7c]
PatRoast: folds 
Hejter1337: folds 
pepekita23: folds 
Tobiz89: folds 
Gilberto2332: folds 
Dorex2007: folds 
kammikkazi: folds 
Uncalled bet ($0.01) returned to bch_12345
bch_12345 collected $0.02 from pot
*** SUMMARY ***
Total pot $0.02 | Rake $0 
Seat 1: bch_12345 (big blind) collected ($0.02)
Seat 2: PatRoast folded before Flop (didn't bet)
Seat 3: Hejter1337 folded before Flop (didn't bet)
Seat 4: pepekita23 folded before Flop (didn't bet)
Seat 6: Tobiz89 folded before Flop (didn't bet)
Seat 7: Gilberto2332 folded before Flop (didn't bet)
Seat 8: Dorex2007 (button) folded before Flop (didn't bet)
Seat 9: kammikkazi (small blind) folded before Flop



PokerStars Hand #237308725354:  Hold'em No Limit ($0.01/$0.02 USD) - 2022/07/11 21:43:00 PT [2022/07/12 0:43:00 ET]
Table 'Albertine' 9-max Seat #9 is the button
Seat 1: bch_12345 ($2.99 in chips) 
Seat 2: PatRoast ($2.05 in chips) 
Seat 3: Hejter1337 ($2.05 in chips) 
Seat 4: pepekita23 ($2.35 in chips) 
Seat 6: Tobiz89 ($2 in chips) 
Seat 7: Gilberto2332 ($3.43 in chips) 
Seat 8: Dorex2007 ($2.23 in chips) 
Seat 9: kammikkazi ($1.59 in chips) 
bch_12345: posts small blind $0.01
PatRoast: posts big blind $0.02
*** HOLE CARDS ***
Dealt to Dorex2007 [7c 9s]
Hejter1337: folds 
pepekita23: raises $0.04 to $0.06
Tobiz89: folds 
Gilberto2332: folds 
Dorex2007: folds 
kammikkazi: folds 
bch_12345: calls $0.05
PatRoast: calls $0.04
*** FLOP *** [3s 4s 7s]
bch_12345: checks 
PatRoast: checks 
pepekita23: bets $0.12
bch_12345: folds 
PatRoast: folds 
Uncalled bet ($0.12) returned to pepekita23
pepekita23 collected $0.17 from pot
*** SUMMARY ***
Total pot $0.18 | Rake $0.01 
Board [3s 4s 7s]
Seat 1: bch_12345 (small blind) folded on the Flop
Seat 2: PatRoast (big blind) folded on the Flop
Seat 3: Hejter1337 folded before Flop (didn't bet)
Seat 4: pepekita23 collected ($0.17)
Seat 6: Tobiz89 folded before Flop (didn't bet)
Seat 7: Gilberto2332 folded before Flop (didn't bet)
Seat 8: Dorex2007 folded before Flop (didn't bet)
Seat 9: kammikkazi (button) folded before Flop (didn't bet)



PokerStars Hand #237308732483:  Hold'em No Limit ($0.01/$0.02 USD) - 2022/07/11 21:44:02 PT [2022/07/12 0:44:02 ET]
Table 'Albertine' 9-max Seat #1 is the button
Seat 1: bch_12345 ($2.93 in chips) 
Seat 2: PatRoast ($2 in chips) 
Seat 3: Hejter1337 ($2.05 in chips) 
Seat 4: pepekita23 ($2.46 in chips) 
Seat 6: Tobiz89 ($2 in chips) 
Seat 7: Gilberto2332 ($3.43 in chips) 
Seat 8: Dorex2007 ($2.23 in chips) 
Seat 9: kammikkazi ($2 in chips) 
PatRoast: posts small blind $0.01
Hejter1337: posts big blind $0.02
*** HOLE CARDS ***
Dealt to Dorex2007 [3h Jh]
pepekita23: folds 
Tobiz89 has timed out
Tobiz89: folds 
Gilberto2332: folds 
Dorex2007: folds 
kammikkazi: raises $0.03 to $0.05
bch_12345: folds 
PatRoast: folds 
Hejter1337: calls $0.03
*** FLOP *** [8c Qh 5s]
Hejter1337: checks 
kammikkazi: bets $0.07
Hejter1337: folds 
Uncalled bet ($0.07) returned to kammikkazi
kammikkazi collected $0.11 from pot
*** SUMMARY ***
Total pot $0.11 | Rake $0 
Board [8c Qh 5s]
Seat 1: bch_12345 (button) folded before Flop (didn't bet)
Seat 2: PatRoast (small blind) folded before Flop
Seat 3: Hejter1337 (big blind) folded on the Flop
Seat 4: pepekita23 folded before Flop (didn't bet)
Seat 6: Tobiz89 folded before Flop (didn't bet)
Seat 7: Gilberto2332 folded before Flop (didn't bet)
Seat 8: Dorex2007 folded before Flop (didn't bet)
Seat 9: kammikkazi collected ($0.11)



PokerStars Hand #237308738080:  Hold'em No Limit ($0.01/$0.02 USD) - 2022/07/11 21:44:51 PT [2022/07/12 0:44:51 ET]
Table 'Albertine' 9-max Seat #2 is the button
Seat 1: bch_12345 ($2.93 in chips) 
Seat 2: PatRoast ($2 in chips) 
Seat 3: Hejter1337 ($2 in chips) 
Seat 4: pepekita23 ($2.46 in chips) 
Seat 6: Tobiz89 ($2 in chips) 
Seat 7: Gilberto2332 ($3.43 in chips) 
Seat 8: Dorex2007 ($2.23 in chips) 
Seat 9: kammikkazi ($2.06 in chips) 
Hejter1337: posts small blind $0.01
pepekita23: posts big blind $0.02
*** HOLE CARDS ***
Dealt to Dorex2007 [Ah 7s]
Tobiz89: folds 
Gilberto2332: folds 
Dorex2007: folds 
kammikkazi: folds 
bch_12345: raises $0.04 to $0.06
PatRoast: folds 
Hejter1337: folds 
pepekita23: calls $0.04
*** FLOP *** [As Kd 5s]
pepekita23: bets $0.04
bch_12345: calls $0.04
*** TURN *** [As Kd 5s] [9c]
pepekita23: checks 
bch_12345: checks 
*** RIVER *** [As Kd 5s 9c] [2s]
pepekita23: checks 
bch_12345: bets $0.06
pepekita23: folds 
Uncalled bet ($0.06) returned to bch_12345
bch_12345 collected $0.20 from pot
*** SUMMARY ***
Total pot $0.21 | Rake $0.01 
Board [As Kd 5s 9c 2s]
Seat 1: bch_12345 collected ($0.20)
Seat 2: PatRoast (button) folded before Flop (didn't bet)
Seat 3: Hejter1337 (small blind) folded before Flop
Seat 4: pepekita23 (big blind) folded on the River
Seat 6: Tobiz89 folded before Flop (didn't bet)
Seat 7: Gilberto2332 folded before Flop (didn't bet)
Seat 8: Dorex2007 folded before Flop (didn't bet)
Seat 9: kammikkazi folded before Flop (didn't bet)



PokerStars Hand #237308746222:  Hold'em No Limit ($0.01/$0.02 USD) - 2022/07/11 21:46:03 PT [2022/07/12 0:46:03 ET]
Table 'Albertine' 9-max Seat #3 is the button
Seat 1: bch_12345 ($3.03 in chips) 
Seat 2: PatRoast ($2 in chips) 
Seat 3: Hejter1337 ($1.99 in chips) 
Seat 4: pepekita23 ($2.36 in chips) 
Seat 6: Tobiz89 ($2 in chips) 
Seat 7: Gilberto2332 ($3.43 in chips) 
Seat 8: Dorex2007 ($2.23 in chips) 
Seat 9: kammikkazi ($2.06 in chips) 
pepekita23: posts small blind $0.01
Tobiz89: posts big blind $0.02
*** HOLE CARDS ***
Dealt to Dorex2007 [5c Ad]
Gilberto2332: folds 
Dorex2007: folds 
Gilberto2332 leaves the table
kammikkazi has timed out
kammikkazi: folds 
bch_12345: raises $0.04 to $0.06
bojnice21 joins the table at seat #7 
PatRoast: folds 
Hejter1337: folds 
pepekita23: calls $0.05
Tobiz89: folds 
*** FLOP *** [3s Td Ah]
pepekita23: checks 
bch_12345: bets $0.06
pepekita23: raises $0.06 to $0.12
bch_12345: calls $0.06
*** TURN *** [3s Td Ah] [Ks]
pepekita23: bets $0.60
bch_12345: folds 
Uncalled bet ($0.60) returned to pepekita23
pepekita23 collected $0.37 from pot
*** SUMMARY ***
Total pot $0.38 | Rake $0.01 
Board [3s Td Ah Ks]
Seat 1: bch_12345 folded on the Turn
Seat 2: PatRoast folded before Flop (didn't bet)
Seat 3: Hejter1337 (button) folded before Flop (didn't bet)
Seat 4: pepekita23 (small blind) collected ($0.37)
Seat 6: Tobiz89 (big blind) folded before Flop
Seat 7: Gilberto2332 folded before Flop (didn't bet)
Seat 8: Dorex2007 folded before Flop (didn't bet)
Seat 9: kammikkazi folded before Flop (didn't bet)



