PokerStars Hand #238409908618:  Hold'em No Limit ($0.02/$0.05 USD) - 2022/09/04 8:11:48 PT [2022/09/04 11:11:48 ET]
Table 'Eurynome' 9-max Seat #4 is the button
Seat 1: ACEHbKA777 ($5.47 in chips) 
Seat 2: zecrai ($5.64 in chips) 
Seat 3: Dorex2007 ($5 in chips) 
Seat 4: scriv1989 ($8.40 in chips) 
Seat 5: colopok65 ($4.90 in chips) 
Seat 6: Mave75_Amis ($5.13 in chips) 
Seat 7: Eren Oskan ($5.35 in chips) 
Seat 8: LiamXii ($5 in chips) 
Seat 9: Zzzanderman ($0.70 in chips) 
colopok65: posts small blind $0.02
Mave75_Amis: posts big blind $0.05
Dorex2007: posts big blind $0.05
*** HOLE CARDS ***
Dealt to Dorex2007 [3d 6c]
Eren Oskan has timed out
Eren Oskan: folds 
LiamXii: folds 
Zzzanderman: folds 
ACEHbKA777: folds 
zecrai: raises $0.10 to $0.15
Dorex2007: folds 
scriv1989: folds 
colopok65: calls $0.13
Mave75_Amis: folds 
*** FLOP *** [8h 6h 4h]
colopok65: checks 
zecrai: checks 
*** TURN *** [8h 6h 4h] [5c]
colopok65: checks 
zecrai: bets $0.19
colopok65: folds 
Uncalled bet ($0.19) returned to zecrai
zecrai collected $0.38 from pot
*** SUMMARY ***
Total pot $0.40 | Rake $0.02 
Board [8h 6h 4h 5c]
Seat 1: ACEHbKA777 folded before Flop (didn't bet)
Seat 2: zecrai collected ($0.38)
Seat 3: Dorex2007 folded before Flop (didn't bet)
Seat 4: scriv1989 (button) folded before Flop (didn't bet)
Seat 5: colopok65 (small blind) folded on the Turn
Seat 6: Mave75_Amis (big blind) folded before Flop
Seat 7: Eren Oskan folded before Flop (didn't bet)
Seat 8: LiamXii folded before Flop (didn't bet)
Seat 9: Zzzanderman folded before Flop (didn't bet)



PokerStars Hand #238409923817:  Hold'em No Limit ($0.02/$0.05 USD) - 2022/09/04 8:12:29 PT [2022/09/04 11:12:29 ET]
Table 'Eurynome' 9-max Seat #5 is the button
Seat 1: ACEHbKA777 ($5.47 in chips) 
Seat 2: zecrai ($5.87 in chips) 
Seat 3: Dorex2007 ($5 in chips) 
Seat 4: scriv1989 ($8.40 in chips) 
Seat 5: colopok65 ($4.75 in chips) 
Seat 6: Mave75_Amis ($5.08 in chips) 
Seat 7: Eren Oskan ($5.35 in chips) 
Seat 8: LiamXii ($5 in chips) 
Seat 9: Zzzanderman ($0.70 in chips) 
Mave75_Amis: posts small blind $0.02
Eren Oskan: posts big blind $0.05
*** HOLE CARDS ***
Dealt to Dorex2007 [6s 9s]
LiamXii: raises $0.11 to $0.16
Zzzanderman: folds 
ACEHbKA777: folds 
zecrai: folds 
Dorex2007: folds 
scriv1989: folds 
colopok65: folds 
Mave75_Amis: calls $0.14
Eren Oskan: calls $0.11
*** FLOP *** [Ac Kc 8c]
scriv1989 leaves the table
Mave75_Amis: checks 
cuedo joins the table at seat #4 
Eren Oskan: checks 
LiamXii: bets $0.25
Mave75_Amis: folds 
Eren Oskan: folds 
Uncalled bet ($0.25) returned to LiamXii
LiamXii collected $0.46 from pot
LiamXii: doesn't show hand 
*** SUMMARY ***
Total pot $0.48 | Rake $0.02 
Board [Ac Kc 8c]
Seat 1: ACEHbKA777 folded before Flop (didn't bet)
Seat 2: zecrai folded before Flop (didn't bet)
Seat 3: Dorex2007 folded before Flop (didn't bet)
Seat 4: scriv1989 folded before Flop (didn't bet)
Seat 5: colopok65 (button) folded before Flop (didn't bet)
Seat 6: Mave75_Amis (small blind) folded on the Flop
Seat 7: Eren Oskan (big blind) folded on the Flop
Seat 8: LiamXii collected ($0.46)
Seat 9: Zzzanderman folded before Flop (didn't bet)



PokerStars Hand #238409940685:  Hold'em No Limit ($0.02/$0.05 USD) - 2022/09/04 8:13:15 PT [2022/09/04 11:13:15 ET]
Table 'Eurynome' 9-max Seat #6 is the button
Seat 1: ACEHbKA777 ($5.47 in chips) 
Seat 2: zecrai ($5.87 in chips) 
Seat 3: Dorex2007 ($5 in chips) 
Seat 4: cuedo ($4 in chips) 
Seat 5: colopok65 ($4.75 in chips) 
Seat 6: Mave75_Amis ($4.92 in chips) 
Seat 7: Eren Oskan ($5.19 in chips) 
Seat 8: LiamXii ($5.30 in chips) 
Seat 9: Zzzanderman ($0.70 in chips) 
Eren Oskan: posts small blind $0.02
LiamXii: posts big blind $0.05
cuedo: posts big blind $0.05
*** HOLE CARDS ***
Dealt to Dorex2007 [8s Th]
Zzzanderman: folds 
ACEHbKA777: folds 
zecrai: folds 
Dorex2007: folds 
cuedo: checks 
colopok65: folds 
Mave75_Amis: calls $0.05
Eren Oskan: calls $0.03
LiamXii: raises $0.20 to $0.25
cuedo: calls $0.20
Mave75_Amis: calls $0.20
Eren Oskan: calls $0.20
*** FLOP *** [5d 3d 8h]
Eren Oskan: checks 
LiamXii: checks 
cuedo: bets $0.10
Mave75_Amis: calls $0.10
Eren Oskan: raises $0.63 to $0.73
LiamXii: folds 
cuedo: calls $0.63
Mave75_Amis: folds 
*** TURN *** [5d 3d 8h] [Qs]
Eren Oskan: bets $1.55
cuedo: calls $1.55
*** RIVER *** [5d 3d 8h Qs] [3c]
Eren Oskan: bets $2.66 and is all-in
cuedo: folds 
Uncalled bet ($2.66) returned to Eren Oskan
Eren Oskan collected $5.37 from pot
*** SUMMARY ***
Total pot $5.66 | Rake $0.29 
Board [5d 3d 8h Qs 3c]
Seat 1: ACEHbKA777 folded before Flop (didn't bet)
Seat 2: zecrai folded before Flop (didn't bet)
Seat 3: Dorex2007 folded before Flop (didn't bet)
Seat 4: cuedo folded on the River
Seat 5: colopok65 folded before Flop (didn't bet)
Seat 6: Mave75_Amis (button) folded on the Flop
Seat 7: Eren Oskan (small blind) collected ($5.37)
Seat 8: LiamXii (big blind) folded on the Flop
Seat 9: Zzzanderman folded before Flop (didn't bet)



PokerStars Hand #238409970149:  Hold'em No Limit ($0.02/$0.05 USD) - 2022/09/04 8:14:35 PT [2022/09/04 11:14:35 ET]
Table 'Eurynome' 9-max Seat #7 is the button
Seat 1: ACEHbKA777 ($5.47 in chips) 
Seat 2: zecrai ($5.87 in chips) 
Seat 3: Dorex2007 ($5 in chips) 
Seat 4: cuedo ($1.47 in chips) 
Seat 5: colopok65 ($4.75 in chips) 
Seat 6: Mave75_Amis ($4.57 in chips) 
Seat 7: Eren Oskan ($8.03 in chips) 
Seat 8: LiamXii ($5.05 in chips) 
Seat 9: Zzzanderman ($0.70 in chips) 
LiamXii: posts small blind $0.02
Zzzanderman: posts big blind $0.05
*** HOLE CARDS ***
Dealt to Dorex2007 [5d 6c]
ACEHbKA777: raises $0.05 to $0.10
zecrai: calls $0.10
Dorex2007: folds 
cuedo: calls $0.10
colopok65: folds 
Mave75_Amis: calls $0.10
Eren Oskan: raises $0.60 to $0.70
LiamXii: folds 
Zzzanderman: folds 
ACEHbKA777: folds 
zecrai: folds 
cuedo: raises $0.77 to $1.47 and is all-in
Mave75_Amis: folds 
Eren Oskan: calls $0.77
*** FLOP *** [9d 4c As]
*** TURN *** [9d 4c As] [3s]
*** RIVER *** [9d 4c As 3s] [7s]
*** SHOW DOWN ***
cuedo: shows [2s 2h] (a pair of Deuces)
Eren Oskan: shows [Qh Qd] (a pair of Queens)
Eren Oskan collected $3.13 from pot
*** SUMMARY ***
Total pot $3.31 | Rake $0.18 
Board [9d 4c As 3s 7s]
Seat 1: ACEHbKA777 folded before Flop
Seat 2: zecrai folded before Flop
Seat 3: Dorex2007 folded before Flop (didn't bet)
Seat 4: cuedo showed [2s 2h] and lost with a pair of Deuces
Seat 5: colopok65 folded before Flop (didn't bet)
Seat 6: Mave75_Amis folded before Flop
Seat 7: Eren Oskan (button) showed [Qh Qd] and won ($3.13) with a pair of Queens
Seat 8: LiamXii (small blind) folded before Flop
Seat 9: Zzzanderman (big blind) folded before Flop



PokerStars Hand #238409994026:  Hold'em No Limit ($0.02/$0.05 USD) - 2022/09/04 8:15:40 PT [2022/09/04 11:15:40 ET]
Table 'Eurynome' 9-max Seat #8 is the button
Seat 1: ACEHbKA777 ($5.37 in chips) 
Seat 2: zecrai ($5.77 in chips) 
Seat 3: Dorex2007 ($5 in chips) 
Seat 5: colopok65 ($4.75 in chips) 
Seat 6: Mave75_Amis ($4.47 in chips) 
Seat 7: Eren Oskan ($9.69 in chips) 
Seat 8: LiamXii ($5.03 in chips) 
Seat 9: Zzzanderman ($0.65 in chips) 
Zzzanderman: posts small blind $0.02
ACEHbKA777: posts big blind $0.05
*** HOLE CARDS ***
Dealt to Dorex2007 [Js 8h]
zecrai: folds 
Dorex2007: folds 
colopok65: folds 
cuedo leaves the table
lindlife joins the table at seat #4 
Mave75_Amis: folds 
Eren Oskan: folds 
LiamXii: folds 
Zzzanderman: folds 
Uncalled bet ($0.03) returned to ACEHbKA777
ACEHbKA777 collected $0.04 from pot
*** SUMMARY ***
Total pot $0.04 | Rake $0 
Seat 1: ACEHbKA777 (big blind) collected ($0.04)
Seat 2: zecrai folded before Flop (didn't bet)
Seat 3: Dorex2007 folded before Flop (didn't bet)
Seat 5: colopok65 folded before Flop (didn't bet)
Seat 6: Mave75_Amis folded before Flop (didn't bet)
Seat 7: Eren Oskan folded before Flop (didn't bet)
Seat 8: LiamXii (button) folded before Flop (didn't bet)
Seat 9: Zzzanderman (small blind) folded before Flop



PokerStars Hand #238410003357:  Hold'em No Limit ($0.02/$0.05 USD) - 2022/09/04 8:16:05 PT [2022/09/04 11:16:05 ET]
Table 'Eurynome' 9-max Seat #9 is the button
Seat 1: ACEHbKA777 ($5.39 in chips) 
Seat 2: zecrai ($5.77 in chips) 
Seat 3: Dorex2007 ($5 in chips) 
Seat 5: colopok65 ($4.75 in chips) 
Seat 6: Mave75_Amis ($4.47 in chips) 
Seat 7: Eren Oskan ($9.69 in chips) 
Seat 8: LiamXii ($5.03 in chips) 
Seat 9: Zzzanderman ($0.63 in chips) 
ACEHbKA777: posts small blind $0.02
zecrai: posts big blind $0.05
lindlife: sits out 
*** HOLE CARDS ***
Dealt to Dorex2007 [2h Ah]
Dorex2007: folds 
colopok65: folds 
Mave75_Amis: folds 
Eren Oskan: folds 
LiamXii: folds 
Zzzanderman: folds 
ACEHbKA777: calls $0.03
zecrai: raises $0.10 to $0.15
ACEHbKA777: calls $0.10
*** FLOP *** [4d 7s 7c]
ACEHbKA777: checks 
zecrai: bets $0.20
ACEHbKA777: folds 
Uncalled bet ($0.20) returned to zecrai
zecrai collected $0.29 from pot
*** SUMMARY ***
Total pot $0.30 | Rake $0.01 
Board [4d 7s 7c]
Seat 1: ACEHbKA777 (small blind) folded on the Flop
Seat 2: zecrai (big blind) collected ($0.29)
Seat 3: Dorex2007 folded before Flop (didn't bet)
Seat 5: colopok65 folded before Flop (didn't bet)
Seat 6: Mave75_Amis folded before Flop (didn't bet)
Seat 7: Eren Oskan folded before Flop (didn't bet)
Seat 8: LiamXii folded before Flop (didn't bet)
Seat 9: Zzzanderman (button) folded before Flop (didn't bet)



PokerStars Hand #238410014609:  Hold'em No Limit ($0.02/$0.05 USD) - 2022/09/04 8:16:35 PT [2022/09/04 11:16:35 ET]
Table 'Eurynome' 9-max Seat #1 is the button
Seat 1: ACEHbKA777 ($5.24 in chips) 
Seat 2: zecrai ($5.91 in chips) 
Seat 3: Dorex2007 ($5 in chips) 
Seat 5: colopok65 ($4.75 in chips) 
Seat 6: Mave75_Amis ($4.47 in chips) 
Seat 7: Eren Oskan ($9.69 in chips) 
Seat 8: LiamXii ($5.03 in chips) 
Seat 9: Zzzanderman ($0.63 in chips) 
zecrai: posts small blind $0.02
Dorex2007: posts big blind $0.05
lindlife: sits out 
*** HOLE CARDS ***
Dealt to Dorex2007 [Jd Qs]
colopok65: folds 
Mave75_Amis: folds 
Eren Oskan: folds 
LiamXii: folds 
Zzzanderman: folds 
ACEHbKA777: folds 
zecrai: folds 
Uncalled bet ($0.03) returned to Dorex2007
Dorex2007 collected $0.04 from pot
Dorex2007: doesn't show hand 
*** SUMMARY ***
Total pot $0.04 | Rake $0 
Seat 1: ACEHbKA777 (button) folded before Flop (didn't bet)
Seat 2: zecrai (small blind) folded before Flop
Seat 3: Dorex2007 (big blind) collected ($0.04)
Seat 5: colopok65 folded before Flop (didn't bet)
Seat 6: Mave75_Amis folded before Flop (didn't bet)
Seat 7: Eren Oskan folded before Flop (didn't bet)
Seat 8: LiamXii folded before Flop (didn't bet)
Seat 9: Zzzanderman folded before Flop (didn't bet)



PokerStars Hand #238410019962:  Hold'em No Limit ($0.02/$0.05 USD) - 2022/09/04 8:16:49 PT [2022/09/04 11:16:49 ET]
Table 'Eurynome' 9-max Seat #2 is the button
Seat 1: ACEHbKA777 ($5.24 in chips) 
Seat 2: zecrai ($5.89 in chips) 
Seat 3: Dorex2007 ($5.02 in chips) 
Seat 4: lindlife ($5 in chips) 
Seat 5: colopok65 ($4.75 in chips) 
Seat 6: Mave75_Amis ($4.47 in chips) 
Seat 7: Eren Oskan ($9.69 in chips) 
Seat 8: LiamXii ($5.03 in chips) 
Seat 9: Zzzanderman ($0.63 in chips) 
Dorex2007: posts small blind $0.02
lindlife: posts big blind $0.05
*** HOLE CARDS ***
Dealt to Dorex2007 [8d 4s]
colopok65: calls $0.05
Mave75_Amis: folds 
Eren Oskan: calls $0.05
LiamXii: folds 
Zzzanderman: folds 
ACEHbKA777: folds 
zecrai: calls $0.05
Dorex2007: folds 
lindlife: checks 
*** FLOP *** [9c Ah Jc]
lindlife: bets $0.10
colopok65: calls $0.10
Eren Oskan: calls $0.10
zecrai: calls $0.10
*** TURN *** [9c Ah Jc] [Ks]
lindlife: bets $0.19
colopok65: folds 
Eren Oskan: calls $0.19
zecrai: calls $0.19
*** RIVER *** [9c Ah Jc Ks] [9s]
lindlife: checks 
Eren Oskan: checks 
zecrai: checks 
*** SHOW DOWN ***
lindlife: shows [2d As] (two pair, Aces and Nines)
Eren Oskan: mucks hand 
zecrai: mucks hand 
lindlife collected $1.14 from pot
*** SUMMARY ***
Total pot $1.19 | Rake $0.05 
Board [9c Ah Jc Ks 9s]
Seat 1: ACEHbKA777 folded before Flop (didn't bet)
Seat 2: zecrai (button) mucked [5c 2c]
Seat 3: Dorex2007 (small blind) folded before Flop
Seat 4: lindlife (big blind) showed [2d As] and won ($1.14) with two pair, Aces and Nines
Seat 5: colopok65 folded on the Turn
Seat 6: Mave75_Amis folded before Flop (didn't bet)
Seat 7: Eren Oskan mucked [Kc 8c]
Seat 8: LiamXii folded before Flop (didn't bet)
Seat 9: Zzzanderman folded before Flop (didn't bet)



PokerStars Hand #238410046259:  Hold'em No Limit ($0.02/$0.05 USD) - 2022/09/04 8:18:00 PT [2022/09/04 11:18:00 ET]
Table 'Eurynome' 9-max Seat #3 is the button
Seat 1: ACEHbKA777 ($5.24 in chips) 
Seat 2: zecrai ($5.55 in chips) 
Seat 3: Dorex2007 ($5 in chips) 
Seat 4: lindlife ($5.80 in chips) 
Seat 5: colopok65 ($5 in chips) 
Seat 6: Mave75_Amis ($4.47 in chips) 
Seat 7: Eren Oskan ($9.35 in chips) 
Seat 8: LiamXii ($5.03 in chips) 
Seat 9: Zzzanderman ($0.63 in chips) 
lindlife: posts small blind $0.02
colopok65: posts big blind $0.05
*** HOLE CARDS ***
Dealt to Dorex2007 [8h Ad]
Mave75_Amis: raises $0.10 to $0.15
Eren Oskan: folds 
LiamXii: folds 
Zzzanderman: folds 
ACEHbKA777: folds 
zecrai: folds 
Dorex2007: folds 
lindlife: folds 
colopok65: folds 
Uncalled bet ($0.10) returned to Mave75_Amis
Mave75_Amis collected $0.12 from pot
Mave75_Amis: doesn't show hand 
*** SUMMARY ***
Total pot $0.12 | Rake $0 
Seat 1: ACEHbKA777 folded before Flop (didn't bet)
Seat 2: zecrai folded before Flop (didn't bet)
Seat 3: Dorex2007 (button) folded before Flop (didn't bet)
Seat 4: lindlife (small blind) folded before Flop
Seat 5: colopok65 (big blind) folded before Flop
Seat 6: Mave75_Amis collected ($0.12)
Seat 7: Eren Oskan folded before Flop (didn't bet)
Seat 8: LiamXii folded before Flop (didn't bet)
Seat 9: Zzzanderman folded before Flop (didn't bet)



PokerStars Hand #238410055821:  Hold'em No Limit ($0.02/$0.05 USD) - 2022/09/04 8:18:26 PT [2022/09/04 11:18:26 ET]
Table 'Eurynome' 9-max Seat #4 is the button
Seat 1: ACEHbKA777 ($5.24 in chips) 
Seat 2: zecrai ($5.55 in chips) 
Seat 3: Dorex2007 ($5 in chips) 
Seat 4: lindlife ($5.78 in chips) 
Seat 5: colopok65 ($4.95 in chips) 
Seat 6: Mave75_Amis ($4.54 in chips) 
Seat 7: Eren Oskan ($9.35 in chips) 
Seat 8: LiamXii ($5.03 in chips) 
Seat 9: Zzzanderman ($0.63 in chips) 
colopok65: posts small blind $0.02
Mave75_Amis: posts big blind $0.05
*** HOLE CARDS ***
Dealt to Dorex2007 [Td 3h]
Eren Oskan: raises $0.10 to $0.15
LiamXii: folds 
Zzzanderman: folds 
ACEHbKA777: folds 
zecrai: calls $0.15
Dorex2007: folds 
lindlife: folds 
colopok65: folds 
Mave75_Amis: folds 
*** FLOP *** [Qh 9d 6d]
Eren Oskan: bets $0.15
zecrai: calls $0.15
*** TURN *** [Qh 9d 6d] [7d]
Eren Oskan: bets $0.40
zecrai: folds 
Uncalled bet ($0.40) returned to Eren Oskan
Eren Oskan collected $0.63 from pot
*** SUMMARY ***
Total pot $0.67 | Rake $0.04 
Board [Qh 9d 6d 7d]
Seat 1: ACEHbKA777 folded before Flop (didn't bet)
Seat 2: zecrai folded on the Turn
Seat 3: Dorex2007 folded before Flop (didn't bet)
Seat 4: lindlife (button) folded before Flop (didn't bet)
Seat 5: colopok65 (small blind) folded before Flop
Seat 6: Mave75_Amis (big blind) folded before Flop
Seat 7: Eren Oskan collected ($0.63)
Seat 8: LiamXii folded before Flop (didn't bet)
Seat 9: Zzzanderman folded before Flop (didn't bet)



PokerStars Hand #238410082882:  Hold'em No Limit ($0.02/$0.05 USD) - 2022/09/04 8:19:39 PT [2022/09/04 11:19:39 ET]
Table 'Eurynome' 9-max Seat #5 is the button
Seat 1: ACEHbKA777 ($5.24 in chips) 
Seat 2: zecrai ($5.25 in chips) 
Seat 3: Dorex2007 ($5 in chips) 
Seat 4: lindlife ($5.78 in chips) 
Seat 5: colopok65 ($4.93 in chips) 
Seat 6: Mave75_Amis ($4.49 in chips) 
Seat 7: Eren Oskan ($9.68 in chips) 
Seat 8: LiamXii ($5.03 in chips) 
Seat 9: Zzzanderman ($0.63 in chips) 
Mave75_Amis: posts small blind $0.02
Eren Oskan: posts big blind $0.05
*** HOLE CARDS ***
Dealt to Dorex2007 [4d 5c]
LiamXii: folds 
Zzzanderman: calls $0.05
ACEHbKA777: folds 
zecrai: folds 
Dorex2007: folds 
lindlife: folds 
colopok65: folds 
Mave75_Amis: calls $0.03
Eren Oskan: checks 
*** FLOP *** [Ad Qd 8c]
Mave75_Amis: checks 
Eren Oskan: checks 
Zzzanderman: checks 
*** TURN *** [Ad Qd 8c] [6d]
Mave75_Amis: checks 
Eren Oskan: checks 
Zzzanderman: bets $0.10
Mave75_Amis: folds 
Eren Oskan: folds 
Uncalled bet ($0.10) returned to Zzzanderman
Zzzanderman collected $0.14 from pot
Zzzanderman: doesn't show hand 
*** SUMMARY ***
Total pot $0.15 | Rake $0.01 
Board [Ad Qd 8c 6d]
Seat 1: ACEHbKA777 folded before Flop (didn't bet)
Seat 2: zecrai folded before Flop (didn't bet)
Seat 3: Dorex2007 folded before Flop (didn't bet)
Seat 4: lindlife folded before Flop (didn't bet)
Seat 5: colopok65 (button) folded before Flop (didn't bet)
Seat 6: Mave75_Amis (small blind) folded on the Turn
Seat 7: Eren Oskan (big blind) folded on the Turn
Seat 8: LiamXii folded before Flop (didn't bet)
Seat 9: Zzzanderman collected ($0.14)



PokerStars Hand #238410112768:  Hold'em No Limit ($0.02/$0.05 USD) - 2022/09/04 8:21:01 PT [2022/09/04 11:21:01 ET]
Table 'Eurynome' 9-max Seat #6 is the button
Seat 1: ACEHbKA777 ($5.24 in chips) 
Seat 2: zecrai ($5.25 in chips) 
Seat 3: Dorex2007 ($5 in chips) 
Seat 4: lindlife ($5.78 in chips) 
Seat 5: colopok65 ($4.93 in chips) 
Seat 6: Mave75_Amis ($4.44 in chips) 
Seat 7: Eren Oskan ($9.63 in chips) 
Seat 8: LiamXii ($5.03 in chips) 
Seat 9: Zzzanderman ($0.72 in chips) 
Eren Oskan: posts small blind $0.02
LiamXii: posts big blind $0.05
*** HOLE CARDS ***
Dealt to Dorex2007 [Qc 5d]
Zzzanderman: folds 
ACEHbKA777: folds 
zecrai: folds 
Dorex2007: folds 
lindlife: folds 
colopok65: folds 
Mave75_Amis: folds 
Eren Oskan: folds 
Uncalled bet ($0.03) returned to LiamXii
LiamXii collected $0.04 from pot
LiamXii: doesn't show hand 
*** SUMMARY ***
Total pot $0.04 | Rake $0 
Seat 1: ACEHbKA777 folded before Flop (didn't bet)
Seat 2: zecrai folded before Flop (didn't bet)
Seat 3: Dorex2007 folded before Flop (didn't bet)
Seat 4: lindlife folded before Flop (didn't bet)
Seat 5: colopok65 folded before Flop (didn't bet)
Seat 6: Mave75_Amis (button) folded before Flop (didn't bet)
Seat 7: Eren Oskan (small blind) folded before Flop
Seat 8: LiamXii (big blind) collected ($0.04)
Seat 9: Zzzanderman folded before Flop (didn't bet)



PokerStars Hand #238410117115:  Hold'em No Limit ($0.02/$0.05 USD) - 2022/09/04 8:21:13 PT [2022/09/04 11:21:13 ET]
Table 'Eurynome' 9-max Seat #7 is the button
Seat 1: ACEHbKA777 ($5.24 in chips) 
Seat 2: zecrai ($5.25 in chips) 
Seat 3: Dorex2007 ($5 in chips) 
Seat 4: lindlife ($5.78 in chips) 
Seat 5: colopok65 ($4.93 in chips) 
Seat 6: Mave75_Amis ($4.44 in chips) 
Seat 7: Eren Oskan ($9.61 in chips) 
Seat 8: LiamXii ($5.05 in chips) 
Seat 9: Zzzanderman ($0.72 in chips) 
LiamXii: posts small blind $0.02
Zzzanderman: posts big blind $0.05
*** HOLE CARDS ***
Dealt to Dorex2007 [5c 4s]
ACEHbKA777: folds 
zecrai: folds 
Dorex2007: folds 
lindlife: folds 
colopok65: folds 
Mave75_Amis: raises $0.07 to $0.12
Eren Oskan: raises $0.37 to $0.49
LiamXii: folds 
Zzzanderman: folds 
Mave75_Amis: raises $0.41 to $0.90
Eren Oskan: calls $0.41
*** FLOP *** [5h 5s 6c]
Mave75_Amis: bets $3.54 and is all-in
Eren Oskan: calls $3.54
*** TURN *** [5h 5s 6c] [8c]
*** RIVER *** [5h 5s 6c 8c] [Kd]
*** SHOW DOWN ***
Mave75_Amis: shows [Ah Ac] (two pair, Aces and Fives)
Eren Oskan: shows [Tc Th] (two pair, Tens and Fives)
Mave75_Amis cashed out the hand for $7.79 | Cash Out Fee $0.08
*** SUMMARY ***
Total pot $8.95 | Rake $0.37 
Board [5h 5s 6c 8c Kd]
Seat 1: ACEHbKA777 folded before Flop (didn't bet)
Seat 2: zecrai folded before Flop (didn't bet)
Seat 3: Dorex2007 folded before Flop (didn't bet)
Seat 4: lindlife folded before Flop (didn't bet)
Seat 5: colopok65 folded before Flop (didn't bet)
Seat 6: Mave75_Amis showed [Ah Ac] and won ($8.58) with two pair, Aces and Fives (pot not awarded as player cashed out)
Seat 7: Eren Oskan (button) showed [Tc Th] and lost with two pair, Tens and Fives
Seat 8: LiamXii (small blind) folded before Flop
Seat 9: Zzzanderman (big blind) folded before Flop



PokerStars Hand #238410137630:  Hold'em No Limit ($0.02/$0.05 USD) - 2022/09/04 8:22:09 PT [2022/09/04 11:22:09 ET]
Table 'Eurynome' 9-max Seat #8 is the button
Seat 1: ACEHbKA777 ($5.24 in chips) 
Seat 2: zecrai ($5.25 in chips) 
Seat 3: Dorex2007 ($5 in chips) 
Seat 4: lindlife ($5.78 in chips) 
Seat 5: colopok65 ($4.93 in chips) 
Seat 6: Mave75_Amis ($7.79 in chips) 
Seat 7: Eren Oskan ($5.17 in chips) 
Seat 8: LiamXii ($5.03 in chips) 
Seat 9: Zzzanderman ($0.67 in chips) 
Zzzanderman: posts small blind $0.02
ACEHbKA777: posts big blind $0.05
*** HOLE CARDS ***
Dealt to Dorex2007 [4d 6h]
zecrai: raises $0.10 to $0.15
Dorex2007: folds 
lindlife: folds 
colopok65: folds 
Mave75_Amis: folds 
Eren Oskan: calls $0.15
LiamXii: calls $0.15
Zzzanderman: folds 
ACEHbKA777: folds 
*** FLOP *** [4c 2h 5h]
zecrai: checks 
Eren Oskan: bets $0.25
LiamXii: folds 
zecrai: calls $0.25
*** TURN *** [4c 2h 5h] [6s]
zecrai: checks 
Eren Oskan: bets $0.55
zecrai: folds 
Uncalled bet ($0.55) returned to Eren Oskan
Eren Oskan collected $0.97 from pot
*** SUMMARY ***
Total pot $1.02 | Rake $0.05 
Board [4c 2h 5h 6s]
Seat 1: ACEHbKA777 (big blind) folded before Flop
Seat 2: zecrai folded on the Turn
Seat 3: Dorex2007 folded before Flop (didn't bet)
Seat 4: lindlife folded before Flop (didn't bet)
Seat 5: colopok65 folded before Flop (didn't bet)
Seat 6: Mave75_Amis folded before Flop (didn't bet)
Seat 7: Eren Oskan collected ($0.97)
Seat 8: LiamXii (button) folded on the Flop
Seat 9: Zzzanderman (small blind) folded before Flop



PokerStars Hand #238410157327:  Hold'em No Limit ($0.02/$0.05 USD) - 2022/09/04 8:23:03 PT [2022/09/04 11:23:03 ET]
Table 'Eurynome' 9-max Seat #9 is the button
Seat 1: ACEHbKA777 ($5.19 in chips) 
Seat 2: zecrai ($5 in chips) 
Seat 3: Dorex2007 ($5 in chips) 
Seat 4: lindlife ($5.78 in chips) 
Seat 5: colopok65 ($4.93 in chips) 
Seat 6: Mave75_Amis ($7.79 in chips) 
Seat 7: Eren Oskan ($5.74 in chips) 
Seat 8: LiamXii ($5 in chips) 
Seat 9: Zzzanderman ($0.65 in chips) 
ACEHbKA777: posts small blind $0.02
zecrai: posts big blind $0.05
*** HOLE CARDS ***
Dealt to Dorex2007 [5s 4c]
Dorex2007: folds 
lindlife: raises $0.17 to $0.22
colopok65: folds 
Mave75_Amis: calls $0.22
Eren Oskan: folds 
LiamXii: folds 
Zzzanderman: folds 
ACEHbKA777: folds 
zecrai: folds 
*** FLOP *** [7c Th Jh]
lindlife: bets $0.20
Mave75_Amis: calls $0.20
*** TURN *** [7c Th Jh] [Ah]
lindlife: bets $0.36
Mave75_Amis: folds 
Uncalled bet ($0.36) returned to lindlife
lindlife collected $0.87 from pot
lindlife: doesn't show hand 
*** SUMMARY ***
Total pot $0.91 | Rake $0.04 
Board [7c Th Jh Ah]
Seat 1: ACEHbKA777 (small blind) folded before Flop
Seat 2: zecrai (big blind) folded before Flop
Seat 3: Dorex2007 folded before Flop (didn't bet)
Seat 4: lindlife collected ($0.87)
Seat 5: colopok65 folded before Flop (didn't bet)
Seat 6: Mave75_Amis folded on the Turn
Seat 7: Eren Oskan folded before Flop (didn't bet)
Seat 8: LiamXii folded before Flop (didn't bet)
Seat 9: Zzzanderman (button) folded before Flop (didn't bet)



PokerStars Hand #238410170561:  Hold'em No Limit ($0.02/$0.05 USD) - 2022/09/04 8:23:39 PT [2022/09/04 11:23:39 ET]
Table 'Eurynome' 9-max Seat #1 is the button
Seat 1: ACEHbKA777 ($5.17 in chips) 
Seat 2: zecrai ($5 in chips) 
Seat 3: Dorex2007 ($5 in chips) 
Seat 4: lindlife ($6.23 in chips) 
Seat 5: colopok65 ($4.93 in chips) 
Seat 6: Mave75_Amis ($7.37 in chips) 
Seat 7: Eren Oskan ($5.74 in chips) 
Seat 8: LiamXii ($5 in chips) 
Seat 9: Zzzanderman ($0.65 in chips) 
zecrai: posts small blind $0.02
Dorex2007: posts big blind $0.05
*** HOLE CARDS ***
Dealt to Dorex2007 [Th 4s]
lindlife: folds 
colopok65: folds 
Mave75_Amis: folds 
Eren Oskan: raises $0.10 to $0.15
LiamXii: folds 
Zzzanderman: calls $0.15
ACEHbKA777: folds 
zecrai: calls $0.13
Dorex2007: folds 
*** FLOP *** [3s Kd Qc]
zecrai: checks 
Eren Oskan: bets $0.20
Zzzanderman: folds 
zecrai: calls $0.20
*** TURN *** [3s Kd Qc] [Ks]
zecrai: checks 
Eren Oskan: checks 
*** RIVER *** [3s Kd Qc Ks] [7h]
zecrai: checks 
Eren Oskan: checks 
*** SHOW DOWN ***
zecrai: shows [Kh 9h] (three of a kind, Kings)
Eren Oskan: mucks hand 
zecrai collected $0.86 from pot
*** SUMMARY ***
Total pot $0.90 | Rake $0.04 
Board [3s Kd Qc Ks 7h]
Seat 1: ACEHbKA777 (button) folded before Flop (didn't bet)
Seat 2: zecrai (small blind) showed [Kh 9h] and won ($0.86) with three of a kind, Kings
Seat 3: Dorex2007 (big blind) folded before Flop
Seat 4: lindlife folded before Flop (didn't bet)
Seat 5: colopok65 folded before Flop (didn't bet)
Seat 6: Mave75_Amis folded before Flop (didn't bet)
Seat 7: Eren Oskan mucked [Td Ah]
Seat 8: LiamXii folded before Flop (didn't bet)
Seat 9: Zzzanderman folded on the Flop



PokerStars Hand #238410192499:  Hold'em No Limit ($0.02/$0.05 USD) - 2022/09/04 8:24:40 PT [2022/09/04 11:24:40 ET]
Table 'Eurynome' 9-max Seat #2 is the button
Seat 1: ACEHbKA777 ($5.17 in chips) 
Seat 2: zecrai ($5.51 in chips) 
Seat 3: Dorex2007 ($5 in chips) 
Seat 4: lindlife ($6.23 in chips) 
Seat 5: colopok65 ($4.93 in chips) 
Seat 6: Mave75_Amis ($7.37 in chips) 
Seat 7: Eren Oskan ($5.39 in chips) 
Seat 8: LiamXii ($5 in chips) 
Seat 9: Zzzanderman ($0.50 in chips) 
Dorex2007: posts small blind $0.02
lindlife: posts big blind $0.05
*** HOLE CARDS ***
Dealt to Dorex2007 [3h 8d]
colopok65: folds 
Mave75_Amis: folds 
Eren Oskan: folds 
LiamXii: folds 
Zzzanderman: folds 
ACEHbKA777: folds 
zecrai: raises $0.10 to $0.15
Dorex2007: folds 
lindlife: folds 
Uncalled bet ($0.10) returned to zecrai
zecrai collected $0.12 from pot
*** SUMMARY ***
Total pot $0.12 | Rake $0 
Seat 1: ACEHbKA777 folded before Flop (didn't bet)
Seat 2: zecrai (button) collected ($0.12)
Seat 3: Dorex2007 (small blind) folded before Flop
Seat 4: lindlife (big blind) folded before Flop
Seat 5: colopok65 folded before Flop (didn't bet)
Seat 6: Mave75_Amis folded before Flop (didn't bet)
Seat 7: Eren Oskan folded before Flop (didn't bet)
Seat 8: LiamXii folded before Flop (didn't bet)
Seat 9: Zzzanderman folded before Flop (didn't bet)



PokerStars Hand #238410200345:  Hold'em No Limit ($0.02/$0.05 USD) - 2022/09/04 8:25:01 PT [2022/09/04 11:25:01 ET]
Table 'Eurynome' 9-max Seat #3 is the button
Seat 1: ACEHbKA777 ($5.17 in chips) 
Seat 2: zecrai ($5.58 in chips) 
Seat 3: Dorex2007 ($5 in chips) 
Seat 4: lindlife ($6.18 in chips) 
Seat 5: colopok65 ($4.93 in chips) 
Seat 6: Mave75_Amis ($7.37 in chips) 
Seat 7: Eren Oskan ($5.39 in chips) 
Seat 8: LiamXii ($5 in chips) 
Seat 9: Zzzanderman ($0.50 in chips) 
lindlife: posts small blind $0.02
colopok65: posts big blind $0.05
*** HOLE CARDS ***
Dealt to Dorex2007 [8s 2c]
Mave75_Amis: folds 
Eren Oskan: raises $0.10 to $0.15
LiamXii: folds 
Zzzanderman: folds 
ACEHbKA777: calls $0.15
zecrai: folds 
Dorex2007: folds 
lindlife: folds 
colopok65: folds 
*** FLOP *** [Kh 3c Ac]
Eren Oskan: bets $0.20
ACEHbKA777: calls $0.20
*** TURN *** [Kh 3c Ac] [2d]
Eren Oskan: bets $0.50
ACEHbKA777: calls $0.50
*** RIVER *** [Kh 3c Ac 2d] [3d]
Eren Oskan: bets $0.90
ACEHbKA777: calls $0.90
*** SHOW DOWN ***
Eren Oskan: shows [7s 7h] (two pair, Sevens and Threes)
ACEHbKA777: shows [As 4s] (two pair, Aces and Threes)
ACEHbKA777 collected $3.42 from pot
*** SUMMARY ***
Total pot $3.57 | Rake $0.15 
Board [Kh 3c Ac 2d 3d]
Seat 1: ACEHbKA777 showed [As 4s] and won ($3.42) with two pair, Aces and Threes
Seat 2: zecrai folded before Flop (didn't bet)
Seat 3: Dorex2007 (button) folded before Flop (didn't bet)
Seat 4: lindlife (small blind) folded before Flop
Seat 5: colopok65 (big blind) folded before Flop
Seat 6: Mave75_Amis folded before Flop (didn't bet)
Seat 7: Eren Oskan showed [7s 7h] and lost with two pair, Sevens and Threes
Seat 8: LiamXii folded before Flop (didn't bet)
Seat 9: Zzzanderman folded before Flop (didn't bet)



PokerStars Hand #238410223849:  Hold'em No Limit ($0.02/$0.05 USD) - 2022/09/04 8:26:06 PT [2022/09/04 11:26:06 ET]
Table 'Eurynome' 9-max Seat #4 is the button
Seat 1: ACEHbKA777 ($6.84 in chips) 
Seat 2: zecrai ($5.58 in chips) 
Seat 3: Dorex2007 ($5 in chips) 
Seat 4: lindlife ($6.16 in chips) 
Seat 5: colopok65 ($4.88 in chips) 
Seat 6: Mave75_Amis ($7.37 in chips) 
Seat 7: Eren Oskan ($5 in chips) 
Seat 8: LiamXii ($5 in chips) 
Seat 9: Zzzanderman ($0.50 in chips) 
colopok65: posts small blind $0.02
Mave75_Amis: posts big blind $0.05
*** HOLE CARDS ***
Dealt to Dorex2007 [4s Qd]
Eren Oskan: raises $0.10 to $0.15
LiamXii: folds 
Zzzanderman: raises $0.35 to $0.50 and is all-in
ACEHbKA777: folds 
zecrai: folds 
Dorex2007: folds 
lindlife: folds 
colopok65: folds 
Mave75_Amis: folds 
Eren Oskan: calls $0.35
*** FLOP *** [4d Td 5h]
*** TURN *** [4d Td 5h] [7h]
*** RIVER *** [4d Td 5h 7h] [2h]
*** SHOW DOWN ***
Eren Oskan: shows [Js Jc] (a pair of Jacks)
Zzzanderman: shows [Ac Ad] (a pair of Aces)
Zzzanderman cashed out the hand for $0.82 | Cash Out Fee $0.01
*** SUMMARY ***
Total pot $1.07 | Rake $0.04 
Board [4d Td 5h 7h 2h]
Seat 1: ACEHbKA777 folded before Flop (didn't bet)
Seat 2: zecrai folded before Flop (didn't bet)
Seat 3: Dorex2007 folded before Flop (didn't bet)
Seat 4: lindlife (button) folded before Flop (didn't bet)
Seat 5: colopok65 (small blind) folded before Flop
Seat 6: Mave75_Amis (big blind) folded before Flop
Seat 7: Eren Oskan showed [Js Jc] and lost with a pair of Jacks
Seat 8: LiamXii folded before Flop (didn't bet)
Seat 9: Zzzanderman showed [Ac Ad] and won ($1.03) with a pair of Aces (pot not awarded as player cashed out)



PokerStars Hand #238410238589:  Hold'em No Limit ($0.02/$0.05 USD) - 2022/09/04 8:26:46 PT [2022/09/04 11:26:46 ET]
Table 'Eurynome' 9-max Seat #5 is the button
Seat 1: ACEHbKA777 ($6.84 in chips) 
Seat 2: zecrai ($5.58 in chips) 
Seat 3: Dorex2007 ($5 in chips) 
Seat 4: lindlife ($6.16 in chips) 
Seat 5: colopok65 ($4.86 in chips) 
Seat 6: Mave75_Amis ($7.32 in chips) 
Seat 7: Eren Oskan ($5 in chips) 
Seat 8: LiamXii ($5 in chips) 
Seat 9: Zzzanderman ($0.82 in chips) 
Mave75_Amis: posts small blind $0.02
Eren Oskan: posts big blind $0.05
*** HOLE CARDS ***
Dealt to Dorex2007 [9c 9d]
LiamXii: folds 
Zzzanderman: folds 
ACEHbKA777: folds 
zecrai: folds 
Dorex2007: raises $0.10 to $0.15
lindlife: folds 
colopok65: folds 
Mave75_Amis: calls $0.13
Eren Oskan: calls $0.10
*** FLOP *** [Jc Td Tc]
Mave75_Amis: checks 
Eren Oskan: folds 
Eren Oskan leaves the table
Dorex2007: bets $0.43
Mave75_Amis: folds 
Uncalled bet ($0.43) returned to Dorex2007
Dorex2007 collected $0.43 from pot
Dorex2007: doesn't show hand 
*** SUMMARY ***
Total pot $0.45 | Rake $0.02 
Board [Jc Td Tc]
Seat 1: ACEHbKA777 folded before Flop (didn't bet)
Seat 2: zecrai folded before Flop (didn't bet)
Seat 3: Dorex2007 collected ($0.43)
Seat 4: lindlife folded before Flop (didn't bet)
Seat 5: colopok65 (button) folded before Flop (didn't bet)
Seat 6: Mave75_Amis (small blind) folded on the Flop
Seat 7: Eren Oskan (big blind) folded on the Flop
Seat 8: LiamXii folded before Flop (didn't bet)
Seat 9: Zzzanderman folded before Flop (didn't bet)



PokerStars Hand #238410252378:  Hold'em No Limit ($0.02/$0.05 USD) - 2022/09/04 8:27:24 PT [2022/09/04 11:27:24 ET]
Table 'Eurynome' 9-max Seat #6 is the button
Seat 1: ACEHbKA777 ($6.84 in chips) 
Seat 2: zecrai ($5.58 in chips) 
Seat 3: Dorex2007 ($5.28 in chips) 
Seat 4: lindlife ($6.16 in chips) 
Seat 5: colopok65 ($4.86 in chips) 
Seat 6: Mave75_Amis ($7.17 in chips) 
Seat 8: LiamXii ($5 in chips) 
Seat 9: Zzzanderman ($0.82 in chips) 
LiamXii: posts small blind $0.02
Zzzanderman: posts big blind $0.05
*** HOLE CARDS ***
Dealt to Dorex2007 [7h 8d]
ACEHbKA777: folds 
zecrai: raises $0.10 to $0.15
Dorex2007: folds 
lindlife: folds 
colopok65: folds 
Mave75_Amis: folds 
LiamXii: folds 
Zzzanderman: folds 
Uncalled bet ($0.10) returned to zecrai
zecrai collected $0.12 from pot
*** SUMMARY ***
Total pot $0.12 | Rake $0 
Seat 1: ACEHbKA777 folded before Flop (didn't bet)
Seat 2: zecrai collected ($0.12)
Seat 3: Dorex2007 folded before Flop (didn't bet)
Seat 4: lindlife folded before Flop (didn't bet)
Seat 5: colopok65 folded before Flop (didn't bet)
Seat 6: Mave75_Amis (button) folded before Flop (didn't bet)
Seat 8: LiamXii (small blind) folded before Flop
Seat 9: Zzzanderman (big blind) folded before Flop



PokerStars Hand #238410259515:  Hold'em No Limit ($0.02/$0.05 USD) - 2022/09/04 8:27:44 PT [2022/09/04 11:27:44 ET]
Table 'Eurynome' 9-max Seat #8 is the button
Seat 1: ACEHbKA777 ($6.84 in chips) 
Seat 2: zecrai ($5.65 in chips) 
Seat 3: Dorex2007 ($5.28 in chips) 
Seat 4: lindlife ($6.16 in chips) 
Seat 5: colopok65 ($4.86 in chips) 
Seat 6: Mave75_Amis ($7.17 in chips) 
Seat 8: LiamXii ($5 in chips) 
Seat 9: Zzzanderman ($0.77 in chips) 
Zzzanderman: posts small blind $0.02
ACEHbKA777: posts big blind $0.05
*** HOLE CARDS ***
Dealt to Dorex2007 [As 4s]
zecrai: folds 
Dorex2007: folds 
lindlife: folds 
colopok65: folds 
Mave75_Amis: folds 
LiamXii: folds 
Zzzanderman: calls $0.03
ACEHbKA777: checks 
*** FLOP *** [8s Js Tc]
Zzzanderman: checks 
ACEHbKA777: checks 
*** TURN *** [8s Js Tc] [7s]
Zzzanderman: checks 
ACEHbKA777: checks 
*** RIVER *** [8s Js Tc 7s] [Qc]
Alex.Petrovskiy joins the table at seat #7 
Zzzanderman: checks 
ACEHbKA777: checks 
*** SHOW DOWN ***
Zzzanderman: shows [Ts Ac] (a pair of Tens)
ACEHbKA777: mucks hand 
Zzzanderman collected $0.10 from pot
*** SUMMARY ***
Total pot $0.10 | Rake $0 
Board [8s Js Tc 7s Qc]
Seat 1: ACEHbKA777 (big blind) mucked [Ks 4d]
Seat 2: zecrai folded before Flop (didn't bet)
Seat 3: Dorex2007 folded before Flop (didn't bet)
Seat 4: lindlife folded before Flop (didn't bet)
Seat 5: colopok65 folded before Flop (didn't bet)
Seat 6: Mave75_Amis folded before Flop (didn't bet)
Seat 8: LiamXii (button) folded before Flop (didn't bet)
Seat 9: Zzzanderman (small blind) showed [Ts Ac] and won ($0.10) with a pair of Tens



PokerStars Hand #238410271409:  Hold'em No Limit ($0.02/$0.05 USD) - 2022/09/04 8:28:16 PT [2022/09/04 11:28:16 ET]
Table 'Eurynome' 9-max Seat #9 is the button
Seat 1: ACEHbKA777 ($6.79 in chips) 
Seat 2: zecrai ($5.65 in chips) 
Seat 3: Dorex2007 ($5.28 in chips) 
Seat 4: lindlife ($6.16 in chips) 
Seat 5: colopok65 ($4.86 in chips) 
Seat 6: Mave75_Amis ($7.17 in chips) 
Seat 8: LiamXii ($5 in chips) 
Seat 9: Zzzanderman ($0.82 in chips) 
ACEHbKA777: posts small blind $0.02
zecrai: posts big blind $0.05
Alex.Petrovskiy: sits out 
*** HOLE CARDS ***
Dealt to Dorex2007 [2s 9c]
Dorex2007: folds 
lindlife: folds 
colopok65: folds 
Mave75_Amis: raises $0.07 to $0.12
LiamXii: folds 
Zzzanderman: folds 
ACEHbKA777: folds 
zecrai: calls $0.07
*** FLOP *** [Kd Ah 8c]
zecrai: checks 
Mave75_Amis: bets $0.17
zecrai: folds 
Uncalled bet ($0.17) returned to Mave75_Amis
Mave75_Amis collected $0.25 from pot
Mave75_Amis: doesn't show hand 
*** SUMMARY ***
Total pot $0.26 | Rake $0.01 
Board [Kd Ah 8c]
Seat 1: ACEHbKA777 (small blind) folded before Flop
Seat 2: zecrai (big blind) folded on the Flop
Seat 3: Dorex2007 folded before Flop (didn't bet)
Seat 4: lindlife folded before Flop (didn't bet)
Seat 5: colopok65 folded before Flop (didn't bet)
Seat 6: Mave75_Amis collected ($0.25)
Seat 8: LiamXii folded before Flop (didn't bet)
Seat 9: Zzzanderman (button) folded before Flop (didn't bet)



PokerStars Hand #238410281227:  Hold'em No Limit ($0.02/$0.05 USD) - 2022/09/04 8:28:43 PT [2022/09/04 11:28:43 ET]
Table 'Eurynome' 9-max Seat #1 is the button
Seat 1: ACEHbKA777 ($6.77 in chips) 
Seat 2: zecrai ($5.53 in chips) 
Seat 3: Dorex2007 ($5.28 in chips) 
Seat 4: lindlife ($6.16 in chips) 
Seat 5: colopok65 ($4.86 in chips) 
Seat 6: Mave75_Amis ($7.30 in chips) 
Seat 8: LiamXii ($5 in chips) 
Seat 9: Zzzanderman ($0.82 in chips) 
zecrai: posts small blind $0.02
Dorex2007: posts big blind $0.05
Alex.Petrovskiy: sits out 
*** HOLE CARDS ***
Dealt to Dorex2007 [6d 4s]
lindlife: folds 
colopok65: raises $0.10 to $0.15
Mave75_Amis: folds 
LiamXii: calls $0.15
Zzzanderman: folds 
ACEHbKA777: calls $0.15
zecrai: calls $0.13
Dorex2007: folds 
*** FLOP *** [8d 7h 4c]
zecrai: checks 
colopok65: bets $0.31
LiamXii: calls $0.31
ACEHbKA777: calls $0.31
zecrai: folds 
*** TURN *** [8d 7h 4c] [5h]
colopok65: bets $1.51
LiamXii: folds 
ACEHbKA777: folds 
Uncalled bet ($1.51) returned to colopok65
colopok65 collected $1.49 from pot
colopok65: doesn't show hand 
*** SUMMARY ***
Total pot $1.58 | Rake $0.09 
Board [8d 7h 4c 5h]
Seat 1: ACEHbKA777 (button) folded on the Turn
Seat 2: zecrai (small blind) folded on the Flop
Seat 3: Dorex2007 (big blind) folded before Flop
Seat 4: lindlife folded before Flop (didn't bet)
Seat 5: colopok65 collected ($1.49)
Seat 6: Mave75_Amis folded before Flop (didn't bet)
Seat 8: LiamXii folded on the Turn
Seat 9: Zzzanderman folded before Flop (didn't bet)



PokerStars Hand #238410305102:  Hold'em No Limit ($0.02/$0.05 USD) - 2022/09/04 8:29:49 PT [2022/09/04 11:29:49 ET]
Table 'Eurynome' 9-max Seat #2 is the button
Seat 1: ACEHbKA777 ($6.31 in chips) 
Seat 2: zecrai ($5.38 in chips) 
Seat 3: Dorex2007 ($5.23 in chips) 
Seat 4: lindlife ($6.16 in chips) 
Seat 5: colopok65 ($5.89 in chips) 
Seat 6: Mave75_Amis ($7.30 in chips) 
Seat 8: LiamXii ($5 in chips) 
Seat 9: Zzzanderman ($0.82 in chips) 
Dorex2007: posts small blind $0.02
lindlife: posts big blind $0.05
Alex.Petrovskiy: sits out 
*** HOLE CARDS ***
Dealt to Dorex2007 [Th Ad]
colopok65: folds 
Mave75_Amis: calls $0.05
LiamXii: raises $0.11 to $0.16
Zzzanderman: folds 
ACEHbKA777: folds 
zecrai: folds 
Dorex2007: folds 
lindlife: folds 
Mave75_Amis: calls $0.11
*** FLOP *** [Jh 3d Qs]
Mave75_Amis: checks 
LiamXii: checks 
*** TURN *** [Jh 3d Qs] [Qd]
Mave75_Amis: bets $0.25
LiamXii: calls $0.25
*** RIVER *** [Jh 3d Qs Qd] [7s]
Mave75_Amis: checks 
LiamXii: checks 
*** SHOW DOWN ***
Mave75_Amis: shows [5d 5h] (two pair, Queens and Fives)
LiamXii: shows [Jc As] (two pair, Queens and Jacks)
LiamXii collected $0.85 from pot
*** SUMMARY ***
Total pot $0.89 | Rake $0.04 
Board [Jh 3d Qs Qd 7s]
Seat 1: ACEHbKA777 folded before Flop (didn't bet)
Seat 2: zecrai (button) folded before Flop (didn't bet)
Seat 3: Dorex2007 (small blind) folded before Flop
Seat 4: lindlife (big blind) folded before Flop
Seat 5: colopok65 folded before Flop (didn't bet)
Seat 6: Mave75_Amis showed [5d 5h] and lost with two pair, Queens and Fives
Seat 8: LiamXii showed [Jc As] and won ($0.85) with two pair, Queens and Jacks
Seat 9: Zzzanderman folded before Flop (didn't bet)



PokerStars Hand #238410329602:  Hold'em No Limit ($0.02/$0.05 USD) - 2022/09/04 8:30:56 PT [2022/09/04 11:30:56 ET]
Table 'Eurynome' 9-max Seat #3 is the button
Seat 1: ACEHbKA777 ($6.31 in chips) 
Seat 2: zecrai ($5.38 in chips) 
Seat 3: Dorex2007 ($5.21 in chips) 
Seat 4: lindlife ($6.11 in chips) 
Seat 5: colopok65 ($5.89 in chips) 
Seat 6: Mave75_Amis ($6.89 in chips) 
Seat 8: LiamXii ($5.44 in chips) 
Seat 9: Zzzanderman ($0.82 in chips) 
lindlife: posts small blind $0.02
colopok65: posts big blind $0.05
Alex.Petrovskiy: sits out 
*** HOLE CARDS ***
Dealt to Dorex2007 [Qs Kh]
Mave75_Amis has timed out
Mave75_Amis: folds 
LiamXii: folds 
Zzzanderman: folds 
ACEHbKA777: folds 
zecrai: folds 
Mave75_Amis leaves the table
Dorex2007: raises $0.05 to $0.10
lindlife: folds 
colopok65: calls $0.05
*** FLOP *** [5d Ah 6s]
colopok65: checks 
H!TM@N1989 joins the table at seat #6 
Dorex2007: checks 
*** TURN *** [5d Ah 6s] [Qh]
colopok65: bets $0.10
Dorex2007: calls $0.10
*** RIVER *** [5d Ah 6s Qh] [Jc]
colopok65: bets $0.20
Dorex2007: folds 
Uncalled bet ($0.20) returned to colopok65
colopok65 collected $0.40 from pot
colopok65: doesn't show hand 
*** SUMMARY ***
Total pot $0.42 | Rake $0.02 
Board [5d Ah 6s Qh Jc]
Seat 1: ACEHbKA777 folded before Flop (didn't bet)
Seat 2: zecrai folded before Flop (didn't bet)
Seat 3: Dorex2007 (button) folded on the River
Seat 4: lindlife (small blind) folded before Flop
Seat 5: colopok65 (big blind) collected ($0.40)
Seat 6: Mave75_Amis folded before Flop (didn't bet)
Seat 8: LiamXii folded before Flop (didn't bet)
Seat 9: Zzzanderman folded before Flop (didn't bet)



PokerStars Hand #238410349506:  Hold'em No Limit ($0.02/$0.05 USD) - 2022/09/04 8:31:50 PT [2022/09/04 11:31:50 ET]
Table 'Eurynome' 9-max Seat #4 is the button
Seat 1: ACEHbKA777 ($6.31 in chips) 
Seat 2: zecrai ($5.38 in chips) 
Seat 3: Dorex2007 ($5.01 in chips) 
Seat 4: lindlife ($6.09 in chips) 
Seat 5: colopok65 ($6.09 in chips) 
Seat 6: H!TM@N1989 ($5.02 in chips) 
Seat 8: LiamXii ($5.44 in chips) 
Seat 9: Zzzanderman ($0.82 in chips) 
colopok65: posts small blind $0.02
H!TM@N1989: posts big blind $0.05
Alex.Petrovskiy: sits out 
*** HOLE CARDS ***
Dealt to Dorex2007 [8d Jh]
LiamXii: folds 
Zzzanderman has timed out
Zzzanderman: folds 
ACEHbKA777: folds 
zecrai: folds 
Dorex2007: folds 
lindlife: raises $0.08 to $0.13
colopok65: folds 
H!TM@N1989: folds 
Uncalled bet ($0.08) returned to lindlife
lindlife collected $0.12 from pot
lindlife: doesn't show hand 
*** SUMMARY ***
Total pot $0.12 | Rake $0 
Seat 1: ACEHbKA777 folded before Flop (didn't bet)
Seat 2: zecrai folded before Flop (didn't bet)
Seat 3: Dorex2007 folded before Flop (didn't bet)
Seat 4: lindlife (button) collected ($0.12)
Seat 5: colopok65 (small blind) folded before Flop
Seat 6: H!TM@N1989 (big blind) folded before Flop
Seat 8: LiamXii folded before Flop (didn't bet)
Seat 9: Zzzanderman folded before Flop (didn't bet)



PokerStars Hand #238410358958:  Hold'em No Limit ($0.02/$0.05 USD) - 2022/09/04 8:32:16 PT [2022/09/04 11:32:16 ET]
Table 'Eurynome' 9-max Seat #5 is the button
Seat 1: ACEHbKA777 ($6.31 in chips) 
Seat 2: zecrai ($5.38 in chips) 
Seat 3: Dorex2007 ($5.01 in chips) 
Seat 4: lindlife ($6.16 in chips) 
Seat 5: colopok65 ($6.07 in chips) 
Seat 6: H!TM@N1989 ($5 in chips) 
Seat 7: Alex.Petrovskiy ($5 in chips) 
Seat 8: LiamXii ($5.44 in chips) 
Seat 9: Zzzanderman ($0.82 in chips) 
H!TM@N1989: posts small blind $0.02
Alex.Petrovskiy: posts big blind $0.05
*** HOLE CARDS ***
Dealt to Dorex2007 [Ad 7d]
LiamXii: folds 
Zzzanderman: folds 
ACEHbKA777: folds 
zecrai: folds 
Dorex2007: folds 
lindlife: folds 
colopok65: folds 
H!TM@N1989: folds 
Uncalled bet ($0.03) returned to Alex.Petrovskiy
Alex.Petrovskiy collected $0.04 from pot
*** SUMMARY ***
Total pot $0.04 | Rake $0 
Seat 1: ACEHbKA777 folded before Flop (didn't bet)
Seat 2: zecrai folded before Flop (didn't bet)
Seat 3: Dorex2007 folded before Flop (didn't bet)
Seat 4: lindlife folded before Flop (didn't bet)
Seat 5: colopok65 (button) folded before Flop (didn't bet)
Seat 6: H!TM@N1989 (small blind) folded before Flop
Seat 7: Alex.Petrovskiy (big blind) collected ($0.04)
Seat 8: LiamXii folded before Flop (didn't bet)
Seat 9: Zzzanderman folded before Flop (didn't bet)



PokerStars Hand #238410367466:  Hold'em No Limit ($0.02/$0.05 USD) - 2022/09/04 8:32:39 PT [2022/09/04 11:32:39 ET]
Table 'Eurynome' 9-max Seat #6 is the button
Seat 1: ACEHbKA777 ($6.31 in chips) 
Seat 2: zecrai ($5.38 in chips) 
Seat 3: Dorex2007 ($5.01 in chips) 
Seat 4: lindlife ($6.16 in chips) 
Seat 5: colopok65 ($6.07 in chips) 
Seat 6: H!TM@N1989 ($5 in chips) 
Seat 7: Alex.Petrovskiy ($5.02 in chips) 
Seat 8: LiamXii ($5.44 in chips) 
Seat 9: Zzzanderman ($0.82 in chips) 
Alex.Petrovskiy: posts small blind $0.02
LiamXii: posts big blind $0.05
*** HOLE CARDS ***
Dealt to Dorex2007 [Js 7s]
Zzzanderman: calls $0.05
ACEHbKA777: folds 
zecrai: folds 
Dorex2007: folds 
lindlife: folds 
colopok65: folds 
H!TM@N1989: folds 
Alex.Petrovskiy: folds 
LiamXii: checks 
*** FLOP *** [Jc 3s 9c]
LiamXii: checks 
Zzzanderman: checks 
*** TURN *** [Jc 3s 9c] [7c]
LiamXii: checks 
Zzzanderman: checks 
*** RIVER *** [Jc 3s 9c 7c] [Kc]
LiamXii: checks 
Zzzanderman: checks 
*** SHOW DOWN ***
LiamXii: shows [4s 5c] (a flush, King high)
Zzzanderman: shows [8c 8h] (a flush, King high - Eight higher)
Zzzanderman collected $0.12 from pot
*** SUMMARY ***
Total pot $0.12 | Rake $0 
Board [Jc 3s 9c 7c Kc]
Seat 1: ACEHbKA777 folded before Flop (didn't bet)
Seat 2: zecrai folded before Flop (didn't bet)
Seat 3: Dorex2007 folded before Flop (didn't bet)
Seat 4: lindlife folded before Flop (didn't bet)
Seat 5: colopok65 folded before Flop (didn't bet)
Seat 6: H!TM@N1989 (button) folded before Flop (didn't bet)
Seat 7: Alex.Petrovskiy (small blind) folded before Flop
Seat 8: LiamXii (big blind) showed [4s 5c] and lost with a flush, King high
Seat 9: Zzzanderman showed [8c 8h] and won ($0.12) with a flush, King high



PokerStars Hand #238410384703:  Hold'em No Limit ($0.02/$0.05 USD) - 2022/09/04 8:33:26 PT [2022/09/04 11:33:26 ET]
Table 'Eurynome' 9-max Seat #7 is the button
Seat 1: ACEHbKA777 ($6.31 in chips) 
Seat 2: zecrai ($5.38 in chips) 
Seat 3: Dorex2007 ($5.01 in chips) 
Seat 4: lindlife ($6.16 in chips) 
Seat 5: colopok65 ($6.07 in chips) 
Seat 6: H!TM@N1989 ($5 in chips) 
Seat 7: Alex.Petrovskiy ($5 in chips) 
Seat 8: LiamXii ($5.39 in chips) 
Seat 9: Zzzanderman ($0.89 in chips) 
LiamXii: posts small blind $0.02
Zzzanderman: posts big blind $0.05
*** HOLE CARDS ***
Dealt to Dorex2007 [3c 5c]
ACEHbKA777: folds 
zecrai: folds 
Dorex2007: folds 
lindlife: folds 
colopok65: folds 
H!TM@N1989: folds 
Alex.Petrovskiy: folds 
LiamXii: raises $0.11 to $0.16
Zzzanderman: calls $0.11
*** FLOP *** [Ad 2h Th]
LiamXii: bets $0.17
Zzzanderman: folds 
Uncalled bet ($0.17) returned to LiamXii
LiamXii collected $0.31 from pot
LiamXii: doesn't show hand 
*** SUMMARY ***
Total pot $0.32 | Rake $0.01 
Board [Ad 2h Th]
Seat 1: ACEHbKA777 folded before Flop (didn't bet)
Seat 2: zecrai folded before Flop (didn't bet)
Seat 3: Dorex2007 folded before Flop (didn't bet)
Seat 4: lindlife folded before Flop (didn't bet)
Seat 5: colopok65 folded before Flop (didn't bet)
Seat 6: H!TM@N1989 folded before Flop (didn't bet)
Seat 7: Alex.Petrovskiy (button) folded before Flop (didn't bet)
Seat 8: LiamXii (small blind) collected ($0.31)
Seat 9: Zzzanderman (big blind) folded on the Flop



PokerStars Hand #238410391260:  Hold'em No Limit ($0.02/$0.05 USD) - 2022/09/04 8:33:44 PT [2022/09/04 11:33:44 ET]
Table 'Eurynome' 9-max Seat #8 is the button
Seat 1: ACEHbKA777 ($6.31 in chips) 
Seat 2: zecrai ($5.38 in chips) 
Seat 3: Dorex2007 ($5.01 in chips) 
Seat 4: lindlife ($6.16 in chips) 
Seat 5: colopok65 ($6.07 in chips) 
Seat 6: H!TM@N1989 ($5 in chips) 
Seat 7: Alex.Petrovskiy ($5 in chips) 
Seat 8: LiamXii ($5.54 in chips) 
Seat 9: Zzzanderman ($0.73 in chips) 
Zzzanderman: posts small blind $0.02
ACEHbKA777: posts big blind $0.05
*** HOLE CARDS ***
Dealt to Dorex2007 [Ad 8h]
zecrai: folds 
Dorex2007: folds 
lindlife: folds 
colopok65: folds 
H!TM@N1989: folds 
Alex.Petrovskiy: raises $0.08 to $0.13
LiamXii: folds 
Zzzanderman: folds 
ACEHbKA777: folds 
Uncalled bet ($0.08) returned to Alex.Petrovskiy
Alex.Petrovskiy collected $0.12 from pot
*** SUMMARY ***
Total pot $0.12 | Rake $0 
Seat 1: ACEHbKA777 (big blind) folded before Flop
Seat 2: zecrai folded before Flop (didn't bet)
Seat 3: Dorex2007 folded before Flop (didn't bet)
Seat 4: lindlife folded before Flop (didn't bet)
Seat 5: colopok65 folded before Flop (didn't bet)
Seat 6: H!TM@N1989 folded before Flop (didn't bet)
Seat 7: Alex.Petrovskiy collected ($0.12)
Seat 8: LiamXii (button) folded before Flop (didn't bet)
Seat 9: Zzzanderman (small blind) folded before Flop



PokerStars Hand #238410398832:  Hold'em No Limit ($0.02/$0.05 USD) - 2022/09/04 8:34:04 PT [2022/09/04 11:34:04 ET]
Table 'Eurynome' 9-max Seat #9 is the button
Seat 1: ACEHbKA777 ($6.26 in chips) 
Seat 2: zecrai ($5.38 in chips) 
Seat 3: Dorex2007 ($5.01 in chips) 
Seat 4: lindlife ($6.16 in chips) 
Seat 5: colopok65 ($6.07 in chips) 
Seat 6: H!TM@N1989 ($5 in chips) 
Seat 7: Alex.Petrovskiy ($5.07 in chips) 
Seat 8: LiamXii ($5.54 in chips) 
Seat 9: Zzzanderman ($0.71 in chips) 
ACEHbKA777: posts small blind $0.02
zecrai: posts big blind $0.05
*** HOLE CARDS ***
Dealt to Dorex2007 [7c 3s]
Dorex2007: folds 
lindlife: calls $0.05
colopok65: folds 
H!TM@N1989: folds 
Alex.Petrovskiy: folds 
LiamXii: folds 
Zzzanderman: folds 
ACEHbKA777: folds 
zecrai: raises $0.10 to $0.15
lindlife: calls $0.10
*** FLOP *** [7d Kd 3h]
zecrai: bets $0.15
lindlife: folds 
Uncalled bet ($0.15) returned to zecrai
zecrai collected $0.31 from pot
*** SUMMARY ***
Total pot $0.32 | Rake $0.01 
Board [7d Kd 3h]
Seat 1: ACEHbKA777 (small blind) folded before Flop
Seat 2: zecrai (big blind) collected ($0.31)
Seat 3: Dorex2007 folded before Flop (didn't bet)
Seat 4: lindlife folded on the Flop
Seat 5: colopok65 folded before Flop (didn't bet)
Seat 6: H!TM@N1989 folded before Flop (didn't bet)
Seat 7: Alex.Petrovskiy folded before Flop (didn't bet)
Seat 8: LiamXii folded before Flop (didn't bet)
Seat 9: Zzzanderman (button) folded before Flop (didn't bet)



PokerStars Hand #238410409536:  Hold'em No Limit ($0.02/$0.05 USD) - 2022/09/04 8:34:34 PT [2022/09/04 11:34:34 ET]
Table 'Eurynome' 9-max Seat #1 is the button
Seat 1: ACEHbKA777 ($6.24 in chips) 
Seat 2: zecrai ($5.54 in chips) 
Seat 3: Dorex2007 ($5.01 in chips) 
Seat 4: lindlife ($6.01 in chips) 
Seat 5: colopok65 ($6.07 in chips) 
Seat 6: H!TM@N1989 ($5 in chips) 
Seat 7: Alex.Petrovskiy ($5.07 in chips) 
Seat 8: LiamXii ($5.54 in chips) 
Seat 9: Zzzanderman ($0.71 in chips) 
zecrai: posts small blind $0.02
Dorex2007: posts big blind $0.05
*** HOLE CARDS ***
Dealt to Dorex2007 [Ts Td]
lindlife: folds 
colopok65: folds 
H!TM@N1989: folds 
Alex.Petrovskiy: folds 
LiamXii: folds 
Zzzanderman: folds 
ACEHbKA777: folds 
zecrai: calls $0.03
Dorex2007: raises $0.20 to $0.25
zecrai: calls $0.20
*** FLOP *** [4s 6c 3h]
zecrai: checks 
Dorex2007: bets $4.76 and is all-in
zecrai: folds 
Uncalled bet ($4.76) returned to Dorex2007
Dorex2007 collected $0.48 from pot
Dorex2007: doesn't show hand 
*** SUMMARY ***
Total pot $0.50 | Rake $0.02 
Board [4s 6c 3h]
Seat 1: ACEHbKA777 (button) folded before Flop (didn't bet)
Seat 2: zecrai (small blind) folded on the Flop
Seat 3: Dorex2007 (big blind) collected ($0.48)
Seat 4: lindlife folded before Flop (didn't bet)
Seat 5: colopok65 folded before Flop (didn't bet)
Seat 6: H!TM@N1989 folded before Flop (didn't bet)
Seat 7: Alex.Petrovskiy folded before Flop (didn't bet)
Seat 8: LiamXii folded before Flop (didn't bet)
Seat 9: Zzzanderman folded before Flop (didn't bet)



PokerStars Hand #238410423920:  Hold'em No Limit ($0.02/$0.05 USD) - 2022/09/04 8:35:13 PT [2022/09/04 11:35:13 ET]
Table 'Eurynome' 9-max Seat #2 is the button
Seat 1: ACEHbKA777 ($6.24 in chips) 
Seat 2: zecrai ($5.29 in chips) 
Seat 3: Dorex2007 ($5.24 in chips) 
Seat 4: lindlife ($6.01 in chips) 
Seat 5: colopok65 ($6.07 in chips) 
Seat 6: H!TM@N1989 ($5 in chips) 
Seat 7: Alex.Petrovskiy ($5.07 in chips) 
Seat 8: LiamXii ($5.54 in chips) 
Seat 9: Zzzanderman ($0.71 in chips) 
Dorex2007: posts small blind $0.02
lindlife: posts big blind $0.05
*** HOLE CARDS ***
Dealt to Dorex2007 [Th 5c]
colopok65: folds 
H!TM@N1989: raises $0.10 to $0.15
Alex.Petrovskiy: folds 
LiamXii: calls $0.15
Zzzanderman: folds 
ACEHbKA777: folds 
zecrai: calls $0.15
Dorex2007: folds 
lindlife: calls $0.10
*** FLOP *** [Kh Jc 4c]
lindlife: checks 
H!TM@N1989: bets $0.39
LiamXii: folds 
zecrai: folds 
lindlife: folds 
Uncalled bet ($0.39) returned to H!TM@N1989
H!TM@N1989 collected $0.59 from pot
H!TM@N1989: doesn't show hand 
*** SUMMARY ***
Total pot $0.62 | Rake $0.03 
Board [Kh Jc 4c]
Seat 1: ACEHbKA777 folded before Flop (didn't bet)
Seat 2: zecrai (button) folded on the Flop
Seat 3: Dorex2007 (small blind) folded before Flop
Seat 4: lindlife (big blind) folded on the Flop
Seat 5: colopok65 folded before Flop (didn't bet)
Seat 6: H!TM@N1989 collected ($0.59)
Seat 7: Alex.Petrovskiy folded before Flop (didn't bet)
Seat 8: LiamXii folded on the Flop
Seat 9: Zzzanderman folded before Flop (didn't bet)



PokerStars Hand #238410443748:  Hold'em No Limit ($0.02/$0.05 USD) - 2022/09/04 8:36:08 PT [2022/09/04 11:36:08 ET]
Table 'Eurynome' 9-max Seat #3 is the button
Seat 1: ACEHbKA777 ($6.24 in chips) 
Seat 2: zecrai ($5.14 in chips) 
Seat 3: Dorex2007 ($5.22 in chips) 
Seat 4: lindlife ($5.86 in chips) 
Seat 5: colopok65 ($6.07 in chips) 
Seat 6: H!TM@N1989 ($5.44 in chips) 
Seat 7: Alex.Petrovskiy ($5.07 in chips) 
Seat 8: LiamXii ($5.39 in chips) 
Seat 9: Zzzanderman ($0.71 in chips) 
lindlife: posts small blind $0.02
colopok65: posts big blind $0.05
*** HOLE CARDS ***
Dealt to Dorex2007 [Tc 5h]
H!TM@N1989: folds 
Alex.Petrovskiy: folds 
LiamXii: folds 
Zzzanderman: folds 
ACEHbKA777: folds 
zecrai: raises $0.10 to $0.15
Dorex2007: folds 
lindlife: folds 
colopok65: folds 
Uncalled bet ($0.10) returned to zecrai
zecrai collected $0.12 from pot
*** SUMMARY ***
Total pot $0.12 | Rake $0 
Seat 1: ACEHbKA777 folded before Flop (didn't bet)
Seat 2: zecrai collected ($0.12)
Seat 3: Dorex2007 (button) folded before Flop (didn't bet)
Seat 4: lindlife (small blind) folded before Flop
Seat 5: colopok65 (big blind) folded before Flop
Seat 6: H!TM@N1989 folded before Flop (didn't bet)
Seat 7: Alex.Petrovskiy folded before Flop (didn't bet)
Seat 8: LiamXii folded before Flop (didn't bet)
Seat 9: Zzzanderman folded before Flop (didn't bet)



PokerStars Hand #238410450173:  Hold'em No Limit ($0.02/$0.05 USD) - 2022/09/04 8:36:26 PT [2022/09/04 11:36:26 ET]
Table 'Eurynome' 9-max Seat #4 is the button
Seat 1: ACEHbKA777 ($6.24 in chips) 
Seat 2: zecrai ($5.21 in chips) 
Seat 3: Dorex2007 ($5.22 in chips) 
Seat 4: lindlife ($5.84 in chips) 
Seat 5: colopok65 ($6.02 in chips) 
Seat 6: H!TM@N1989 ($5.44 in chips) 
Seat 7: Alex.Petrovskiy ($5.07 in chips) 
Seat 8: LiamXii ($5.39 in chips) 
Seat 9: Zzzanderman ($0.71 in chips) 
colopok65: posts small blind $0.02
H!TM@N1989: posts big blind $0.05
*** HOLE CARDS ***
Dealt to Dorex2007 [Qd 4d]
Alex.Petrovskiy: folds 
LiamXii: raises $0.11 to $0.16
Zzzanderman: folds 
ACEHbKA777: folds 
zecrai: folds 
Dorex2007: folds 
lindlife: folds 
colopok65: folds 
H!TM@N1989: folds 
Uncalled bet ($0.11) returned to LiamXii
LiamXii collected $0.12 from pot
LiamXii: doesn't show hand 
*** SUMMARY ***
Total pot $0.12 | Rake $0 
Seat 1: ACEHbKA777 folded before Flop (didn't bet)
Seat 2: zecrai folded before Flop (didn't bet)
Seat 3: Dorex2007 folded before Flop (didn't bet)
Seat 4: lindlife (button) folded before Flop (didn't bet)
Seat 5: colopok65 (small blind) folded before Flop
Seat 6: H!TM@N1989 (big blind) folded before Flop
Seat 7: Alex.Petrovskiy folded before Flop (didn't bet)
Seat 8: LiamXii collected ($0.12)
Seat 9: Zzzanderman folded before Flop (didn't bet)



PokerStars Hand #238410459426:  Hold'em No Limit ($0.02/$0.05 USD) - 2022/09/04 8:36:51 PT [2022/09/04 11:36:51 ET]
Table 'Eurynome' 9-max Seat #5 is the button
Seat 1: ACEHbKA777 ($6.24 in chips) 
Seat 2: zecrai ($5.21 in chips) 
Seat 3: Dorex2007 ($5.22 in chips) 
Seat 4: lindlife ($5.84 in chips) 
Seat 5: colopok65 ($6 in chips) 
Seat 6: H!TM@N1989 ($5.39 in chips) 
Seat 7: Alex.Petrovskiy ($5.07 in chips) 
Seat 8: LiamXii ($5.46 in chips) 
Seat 9: Zzzanderman ($0.71 in chips) 
H!TM@N1989: posts small blind $0.02
Alex.Petrovskiy: posts big blind $0.05
*** HOLE CARDS ***
Dealt to Dorex2007 [8h Jd]
LiamXii: folds 
Zzzanderman: calls $0.05
ACEHbKA777: folds 
zecrai: folds 
Dorex2007: folds 
lindlife: folds 
colopok65: raises $0.15 to $0.20
H!TM@N1989: folds 
Alex.Petrovskiy: folds 
Zzzanderman: calls $0.15
*** FLOP *** [Ad Kh Qs]
Zzzanderman: checks 
colopok65: checks 
*** TURN *** [Ad Kh Qs] [Kd]
Zzzanderman: checks 
colopok65: bets $0.51
Zzzanderman: folds 
Uncalled bet ($0.51) returned to colopok65
colopok65 collected $0.45 from pot
colopok65: doesn't show hand 
*** SUMMARY ***
Total pot $0.47 | Rake $0.02 
Board [Ad Kh Qs Kd]
Seat 1: ACEHbKA777 folded before Flop (didn't bet)
Seat 2: zecrai folded before Flop (didn't bet)
Seat 3: Dorex2007 folded before Flop (didn't bet)
Seat 4: lindlife folded before Flop (didn't bet)
Seat 5: colopok65 (button) collected ($0.45)
Seat 6: H!TM@N1989 (small blind) folded before Flop
Seat 7: Alex.Petrovskiy (big blind) folded before Flop
Seat 8: LiamXii folded before Flop (didn't bet)
Seat 9: Zzzanderman folded on the Turn



PokerStars Hand #238410483082:  Hold'em No Limit ($0.02/$0.05 USD) - 2022/09/04 8:37:56 PT [2022/09/04 11:37:56 ET]
Table 'Eurynome' 9-max Seat #6 is the button
Seat 1: ACEHbKA777 ($6.24 in chips) 
Seat 2: zecrai ($5.21 in chips) 
Seat 3: Dorex2007 ($5.22 in chips) 
Seat 4: lindlife ($5.84 in chips) 
Seat 5: colopok65 ($6.25 in chips) 
Seat 6: H!TM@N1989 ($5.37 in chips) 
Seat 7: Alex.Petrovskiy ($5.02 in chips) 
Seat 8: LiamXii ($5.46 in chips) 
Seat 9: Zzzanderman ($0.51 in chips) 
Alex.Petrovskiy: posts small blind $0.02
LiamXii: posts big blind $0.05
*** HOLE CARDS ***
Dealt to Dorex2007 [5d 4h]
Zzzanderman: folds 
ACEHbKA777: folds 
zecrai: raises $0.10 to $0.15
Dorex2007: folds 
lindlife: folds 
colopok65: folds 
H!TM@N1989: folds 
Alex.Petrovskiy: folds 
LiamXii: folds 
Uncalled bet ($0.10) returned to zecrai
zecrai collected $0.12 from pot
*** SUMMARY ***
Total pot $0.12 | Rake $0 
Seat 1: ACEHbKA777 folded before Flop (didn't bet)
Seat 2: zecrai collected ($0.12)
Seat 3: Dorex2007 folded before Flop (didn't bet)
Seat 4: lindlife folded before Flop (didn't bet)
Seat 5: colopok65 folded before Flop (didn't bet)
Seat 6: H!TM@N1989 (button) folded before Flop (didn't bet)
Seat 7: Alex.Petrovskiy (small blind) folded before Flop
Seat 8: LiamXii (big blind) folded before Flop
Seat 9: Zzzanderman folded before Flop (didn't bet)



PokerStars Hand #238410488989:  Hold'em No Limit ($0.02/$0.05 USD) - 2022/09/04 8:38:13 PT [2022/09/04 11:38:13 ET]
Table 'Eurynome' 9-max Seat #7 is the button
Seat 1: ACEHbKA777 ($6.24 in chips) 
Seat 2: zecrai ($5.28 in chips) 
Seat 3: Dorex2007 ($5.22 in chips) 
Seat 4: lindlife ($5.84 in chips) 
Seat 5: colopok65 ($6.25 in chips) 
Seat 6: H!TM@N1989 ($5.37 in chips) 
Seat 7: Alex.Petrovskiy ($5 in chips) 
Seat 8: LiamXii ($5.41 in chips) 
Seat 9: Zzzanderman ($0.51 in chips) 
LiamXii: posts small blind $0.02
Zzzanderman: posts big blind $0.05
*** HOLE CARDS ***
Dealt to Dorex2007 [Jc Kd]
ACEHbKA777: folds 
zecrai: folds 
Dorex2007: folds 
lindlife: folds 
colopok65: folds 
H!TM@N1989: folds 
Alex.Petrovskiy: folds 
LiamXii: folds 
Uncalled bet ($0.03) returned to Zzzanderman
Zzzanderman collected $0.04 from pot
Zzzanderman: doesn't show hand 
*** SUMMARY ***
Total pot $0.04 | Rake $0 
Seat 1: ACEHbKA777 folded before Flop (didn't bet)
Seat 2: zecrai folded before Flop (didn't bet)
Seat 3: Dorex2007 folded before Flop (didn't bet)
Seat 4: lindlife folded before Flop (didn't bet)
Seat 5: colopok65 folded before Flop (didn't bet)
Seat 6: H!TM@N1989 folded before Flop (didn't bet)
Seat 7: Alex.Petrovskiy (button) folded before Flop (didn't bet)
Seat 8: LiamXii (small blind) folded before Flop
Seat 9: Zzzanderman (big blind) collected ($0.04)



PokerStars Hand #238410494160:  Hold'em No Limit ($0.02/$0.05 USD) - 2022/09/04 8:38:27 PT [2022/09/04 11:38:27 ET]
Table 'Eurynome' 9-max Seat #8 is the button
Seat 1: ACEHbKA777 ($6.24 in chips) 
Seat 2: zecrai ($5.28 in chips) 
Seat 3: Dorex2007 ($5.22 in chips) 
Seat 4: lindlife ($5.84 in chips) 
Seat 5: colopok65 ($6.25 in chips) 
Seat 6: H!TM@N1989 ($5.37 in chips) 
Seat 7: Alex.Petrovskiy ($5 in chips) 
Seat 8: LiamXii ($5.39 in chips) 
Seat 9: Zzzanderman ($0.53 in chips) 
Zzzanderman: posts small blind $0.02
ACEHbKA777: posts big blind $0.05
*** HOLE CARDS ***
Dealt to Dorex2007 [8h 4c]
zecrai: folds 
Dorex2007: folds 
lindlife: raises $0.13 to $0.18
colopok65: folds 
H!TM@N1989: folds 
Alex.Petrovskiy: folds 
LiamXii: calls $0.18
Zzzanderman: folds 
ACEHbKA777: folds 
*** FLOP *** [8s 3c Jd]
lindlife: bets $0.16
LiamXii: calls $0.16
*** TURN *** [8s 3c Jd] [9d]
lindlife: checks 
LiamXii: bets $0.56
lindlife: folds 
Uncalled bet ($0.56) returned to LiamXii
LiamXii collected $0.72 from pot
LiamXii: doesn't show hand 
*** SUMMARY ***
Total pot $0.75 | Rake $0.03 
Board [8s 3c Jd 9d]
Seat 1: ACEHbKA777 (big blind) folded before Flop
Seat 2: zecrai folded before Flop (didn't bet)
Seat 3: Dorex2007 folded before Flop (didn't bet)
Seat 4: lindlife folded on the Turn
Seat 5: colopok65 folded before Flop (didn't bet)
Seat 6: H!TM@N1989 folded before Flop (didn't bet)
Seat 7: Alex.Petrovskiy folded before Flop (didn't bet)
Seat 8: LiamXii (button) collected ($0.72)
Seat 9: Zzzanderman (small blind) folded before Flop



PokerStars Hand #238410504785:  Hold'em No Limit ($0.02/$0.05 USD) - 2022/09/04 8:38:56 PT [2022/09/04 11:38:56 ET]
Table 'Eurynome' 9-max Seat #9 is the button
Seat 1: ACEHbKA777 ($6.19 in chips) 
Seat 2: zecrai ($5.28 in chips) 
Seat 3: Dorex2007 ($5.22 in chips) 
Seat 4: lindlife ($5.50 in chips) 
Seat 5: colopok65 ($6.25 in chips) 
Seat 6: H!TM@N1989 ($5.37 in chips) 
Seat 7: Alex.Petrovskiy ($5 in chips) 
Seat 8: LiamXii ($5.77 in chips) 
Seat 9: Zzzanderman ($0.51 in chips) 
ACEHbKA777: posts small blind $0.02
zecrai: posts big blind $0.05
*** HOLE CARDS ***
Dealt to Dorex2007 [6c 8c]
Dorex2007: folds 
lindlife: folds 
colopok65: folds 
H!TM@N1989: folds 
Alex.Petrovskiy: folds 
LiamXii: folds 
Zzzanderman: calls $0.05
ACEHbKA777: calls $0.03
zecrai: checks 
*** FLOP *** [2s Ah 6h]
ACEHbKA777: checks 
zecrai: checks 
Zzzanderman: checks 
*** TURN *** [2s Ah 6h] [5s]
ACEHbKA777: bets $0.11
zecrai: calls $0.11
Zzzanderman: folds 
*** RIVER *** [2s Ah 6h 5s] [6s]
ACEHbKA777: checks 
zecrai: checks 
*** SHOW DOWN ***
ACEHbKA777: shows [Ad 2d] (two pair, Aces and Sixes)
zecrai: mucks hand 
ACEHbKA777 collected $0.35 from pot
*** SUMMARY ***
Total pot $0.37 | Rake $0.02 
Board [2s Ah 6h 5s 6s]
Seat 1: ACEHbKA777 (small blind) showed [Ad 2d] and won ($0.35) with two pair, Aces and Sixes
Seat 2: zecrai (big blind) mucked [9h 7s]
Seat 3: Dorex2007 folded before Flop (didn't bet)
Seat 4: lindlife folded before Flop (didn't bet)
Seat 5: colopok65 folded before Flop (didn't bet)
Seat 6: H!TM@N1989 folded before Flop (didn't bet)
Seat 7: Alex.Petrovskiy folded before Flop (didn't bet)
Seat 8: LiamXii folded before Flop (didn't bet)
Seat 9: Zzzanderman (button) folded on the Turn



PokerStars Hand #238410521981:  Hold'em No Limit ($0.02/$0.05 USD) - 2022/09/04 8:39:43 PT [2022/09/04 11:39:43 ET]
Table 'Eurynome' 9-max Seat #1 is the button
Seat 1: ACEHbKA777 ($6.38 in chips) 
Seat 2: zecrai ($5.12 in chips) 
Seat 3: Dorex2007 ($5.22 in chips) 
Seat 4: lindlife ($5.50 in chips) 
Seat 5: colopok65 ($6.25 in chips) 
Seat 6: H!TM@N1989 ($5.37 in chips) 
Seat 7: Alex.Petrovskiy ($5 in chips) 
Seat 8: LiamXii ($5.77 in chips) 
Seat 9: Zzzanderman ($0.46 in chips) 
zecrai: posts small blind $0.02
Dorex2007: posts big blind $0.05
*** HOLE CARDS ***
Dealt to Dorex2007 [3h 8d]
lindlife: folds 
colopok65: raises $0.10 to $0.15
H!TM@N1989: folds 
Alex.Petrovskiy: calls $0.15
LiamXii: folds 
Zzzanderman: folds 
ACEHbKA777: folds 
zecrai: folds 
Dorex2007: folds 
*** FLOP *** [2h Jd Jc]
colopok65: bets $0.17
Alex.Petrovskiy: folds 
Uncalled bet ($0.17) returned to colopok65
colopok65 collected $0.35 from pot
colopok65: doesn't show hand 
*** SUMMARY ***
Total pot $0.37 | Rake $0.02 
Board [2h Jd Jc]
Seat 1: ACEHbKA777 (button) folded before Flop (didn't bet)
Seat 2: zecrai (small blind) folded before Flop
Seat 3: Dorex2007 (big blind) folded before Flop
Seat 4: lindlife folded before Flop (didn't bet)
Seat 5: colopok65 collected ($0.35)
Seat 6: H!TM@N1989 folded before Flop (didn't bet)
Seat 7: Alex.Petrovskiy folded on the Flop
Seat 8: LiamXii folded before Flop (didn't bet)
Seat 9: Zzzanderman folded before Flop (didn't bet)



PokerStars Hand #238410530009:  Hold'em No Limit ($0.02/$0.05 USD) - 2022/09/04 8:40:06 PT [2022/09/04 11:40:06 ET]
Table 'Eurynome' 9-max Seat #2 is the button
Seat 1: ACEHbKA777 ($6.38 in chips) 
Seat 2: zecrai ($5.10 in chips) 
Seat 3: Dorex2007 ($5.17 in chips) 
Seat 4: lindlife ($5.50 in chips) 
Seat 5: colopok65 ($6.45 in chips) 
Seat 6: H!TM@N1989 ($5.37 in chips) 
Seat 7: Alex.Petrovskiy ($5 in chips) 
Seat 8: LiamXii ($5.77 in chips) 
Seat 9: Zzzanderman ($0.46 in chips) 
Dorex2007: posts small blind $0.02
lindlife: posts big blind $0.05
*** HOLE CARDS ***
Dealt to Dorex2007 [7c 9s]
colopok65: folds 
H!TM@N1989: folds 
Alex.Petrovskiy: folds 
LiamXii: folds 
Zzzanderman: folds 
ACEHbKA777: folds 
zecrai: folds 
Dorex2007: folds 
Uncalled bet ($0.03) returned to lindlife
lindlife collected $0.04 from pot
lindlife: doesn't show hand 
*** SUMMARY ***
Total pot $0.04 | Rake $0 
Seat 1: ACEHbKA777 folded before Flop (didn't bet)
Seat 2: zecrai (button) folded before Flop (didn't bet)
Seat 3: Dorex2007 (small blind) folded before Flop
Seat 4: lindlife (big blind) collected ($0.04)
Seat 5: colopok65 folded before Flop (didn't bet)
Seat 6: H!TM@N1989 folded before Flop (didn't bet)
Seat 7: Alex.Petrovskiy folded before Flop (didn't bet)
Seat 8: LiamXii folded before Flop (didn't bet)
Seat 9: Zzzanderman folded before Flop (didn't bet)



PokerStars Hand #238410539211:  Hold'em No Limit ($0.02/$0.05 USD) - 2022/09/04 8:40:31 PT [2022/09/04 11:40:31 ET]
Table 'Eurynome' 9-max Seat #3 is the button
Seat 1: ACEHbKA777 ($6.38 in chips) 
Seat 2: zecrai ($5.10 in chips) 
Seat 3: Dorex2007 ($5.15 in chips) 
Seat 4: lindlife ($5.52 in chips) 
Seat 5: colopok65 ($6.45 in chips) 
Seat 6: H!TM@N1989 ($5.37 in chips) 
Seat 7: Alex.Petrovskiy ($5 in chips) 
Seat 8: LiamXii ($5.77 in chips) 
Seat 9: Zzzanderman ($0.46 in chips) 
lindlife: posts small blind $0.02
colopok65: posts big blind $0.05
*** HOLE CARDS ***
Dealt to Dorex2007 [Ad 3c]
H!TM@N1989: folds 
Alex.Petrovskiy: folds 
LiamXii: folds 
Zzzanderman: calls $0.05
ACEHbKA777: folds 
zecrai: folds 
Dorex2007: folds 
lindlife: folds 
colopok65: checks 
*** FLOP *** [5s 4h Jh]
colopok65: checks 
Zzzanderman: checks 
*** TURN *** [5s 4h Jh] [Td]
colopok65: checks 
Zzzanderman: checks 
*** RIVER *** [5s 4h Jh Td] [3h]
colopok65: checks 
Zzzanderman: checks 
*** SHOW DOWN ***
colopok65: shows [Kd 7d] (high card King)
Zzzanderman: shows [6c Ac] (high card Ace)
Zzzanderman collected $0.12 from pot
*** SUMMARY ***
Total pot $0.12 | Rake $0 
Board [5s 4h Jh Td 3h]
Seat 1: ACEHbKA777 folded before Flop (didn't bet)
Seat 2: zecrai folded before Flop (didn't bet)
Seat 3: Dorex2007 (button) folded before Flop (didn't bet)
Seat 4: lindlife (small blind) folded before Flop
Seat 5: colopok65 (big blind) showed [Kd 7d] and lost with high card King
Seat 6: H!TM@N1989 folded before Flop (didn't bet)
Seat 7: Alex.Petrovskiy folded before Flop (didn't bet)
Seat 8: LiamXii folded before Flop (didn't bet)
Seat 9: Zzzanderman showed [6c Ac] and won ($0.12) with high card Ace



PokerStars Hand #238410553059:  Hold'em No Limit ($0.02/$0.05 USD) - 2022/09/04 8:41:09 PT [2022/09/04 11:41:09 ET]
Table 'Eurynome' 9-max Seat #4 is the button
Seat 1: ACEHbKA777 ($6.38 in chips) 
Seat 2: zecrai ($5.10 in chips) 
Seat 3: Dorex2007 ($5.15 in chips) 
Seat 4: lindlife ($5.50 in chips) 
Seat 5: colopok65 ($6.40 in chips) 
Seat 6: H!TM@N1989 ($5.37 in chips) 
Seat 7: Alex.Petrovskiy ($5 in chips) 
Seat 8: LiamXii ($5.77 in chips) 
Seat 9: Zzzanderman ($0.53 in chips) 
colopok65: posts small blind $0.02
H!TM@N1989: posts big blind $0.05
*** HOLE CARDS ***
Dealt to Dorex2007 [6c Js]
Alex.Petrovskiy: folds 
LiamXii: folds 
Zzzanderman: calls $0.05
ACEHbKA777: folds 
zecrai: folds 
Dorex2007: folds 
lindlife: folds 
colopok65: calls $0.03
H!TM@N1989: checks 
*** FLOP *** [Qs 8c 8s]
colopok65: checks 
H!TM@N1989: checks 
Zzzanderman: checks 
*** TURN *** [Qs 8c 8s] [5d]
colopok65: bets $0.07
H!TM@N1989: calls $0.07
Zzzanderman: folds 
*** RIVER *** [Qs 8c 8s 5d] [4s]
colopok65: checks 
H!TM@N1989: checks 
*** SHOW DOWN ***
colopok65: shows [Ah Jh] (a pair of Eights)
H!TM@N1989: shows [As 5c] (two pair, Eights and Fives)
H!TM@N1989 collected $0.28 from pot
*** SUMMARY ***
Total pot $0.29 | Rake $0.01 
Board [Qs 8c 8s 5d 4s]
Seat 1: ACEHbKA777 folded before Flop (didn't bet)
Seat 2: zecrai folded before Flop (didn't bet)
Seat 3: Dorex2007 folded before Flop (didn't bet)
Seat 4: lindlife (button) folded before Flop (didn't bet)
Seat 5: colopok65 (small blind) showed [Ah Jh] and lost with a pair of Eights
Seat 6: H!TM@N1989 (big blind) showed [As 5c] and won ($0.28) with two pair, Eights and Fives
Seat 7: Alex.Petrovskiy folded before Flop (didn't bet)
Seat 8: LiamXii folded before Flop (didn't bet)
Seat 9: Zzzanderman folded on the Turn



PokerStars Hand #238410565282:  Hold'em No Limit ($0.02/$0.05 USD) - 2022/09/04 8:41:43 PT [2022/09/04 11:41:43 ET]
Table 'Eurynome' 9-max Seat #5 is the button
Seat 1: ACEHbKA777 ($6.38 in chips) 
Seat 2: zecrai ($5.10 in chips) 
Seat 3: Dorex2007 ($5.15 in chips) 
Seat 4: lindlife ($5.50 in chips) 
Seat 5: colopok65 ($6.28 in chips) 
Seat 6: H!TM@N1989 ($5.53 in chips) 
Seat 7: Alex.Petrovskiy ($5 in chips) 
Seat 8: LiamXii ($5.77 in chips) 
Seat 9: Zzzanderman ($0.48 in chips) 
H!TM@N1989: posts small blind $0.02
Alex.Petrovskiy: posts big blind $0.05
*** HOLE CARDS ***
Dealt to Dorex2007 [Jh Jc]
LiamXii: folds 
Zzzanderman: folds 
ACEHbKA777: folds 
zecrai: folds 
Dorex2007: raises $0.20 to $0.25
lindlife: calls $0.25
colopok65: folds 
H!TM@N1989: folds 
Alex.Petrovskiy: folds 
*** FLOP *** [6s As Qh]
Dorex2007: checks 
lindlife: checks 
*** TURN *** [6s As Qh] [9d]
Dorex2007: bets $0.27
H!TM@N1989 leaves the table
lindlife: folds 
Uncalled bet ($0.27) returned to Dorex2007
Dorex2007 collected $0.55 from pot
Dorex2007: doesn't show hand 
*** SUMMARY ***
Total pot $0.57 | Rake $0.02 
Board [6s As Qh 9d]
Seat 1: ACEHbKA777 folded before Flop (didn't bet)
Seat 2: zecrai folded before Flop (didn't bet)
Seat 3: Dorex2007 collected ($0.55)
Seat 4: lindlife folded on the Turn
Seat 5: colopok65 (button) folded before Flop (didn't bet)
Seat 6: H!TM@N1989 (small blind) folded before Flop
Seat 7: Alex.Petrovskiy (big blind) folded before Flop
Seat 8: LiamXii folded before Flop (didn't bet)
Seat 9: Zzzanderman folded before Flop (didn't bet)



PokerStars Hand #238410581434:  Hold'em No Limit ($0.02/$0.05 USD) - 2022/09/04 8:42:27 PT [2022/09/04 11:42:27 ET]
Table 'Eurynome' 9-max Seat #7 is the button
Seat 1: ACEHbKA777 ($6.38 in chips) 
Seat 2: zecrai ($5.10 in chips) 
Seat 3: Dorex2007 ($5.45 in chips) 
Seat 4: lindlife ($5.25 in chips) 
Seat 5: colopok65 ($6.28 in chips) 
Seat 7: Alex.Petrovskiy ($5 in chips) 
Seat 8: LiamXii ($5.77 in chips) 
Seat 9: Zzzanderman ($0.48 in chips) 
LiamXii: posts small blind $0.02
Zzzanderman: posts big blind $0.05
*** HOLE CARDS ***
Dealt to Dorex2007 [6c 7s]
ACEHbKA777: folds 
zecrai: folds 
Dorex2007: folds 
lindlife: raises $0.08 to $0.13
colopok65: folds 
Alex.Petrovskiy: folds 
LiamXii: calls $0.11
Zzzanderman: folds 
*** FLOP *** [8d 2s Kh]
LiamXii: checks 
lindlife: bets $0.12
LiamXii: calls $0.12
*** TURN *** [8d 2s Kh] [9h]
LiamXii: checks 
lindlife: checks 
*** RIVER *** [8d 2s Kh 9h] [Jc]
LiamXii: checks 
lindlife: checks 
*** SHOW DOWN ***
LiamXii: shows [6d 9d] (a pair of Nines)
lindlife: mucks hand 
LiamXii collected $0.53 from pot
*** SUMMARY ***
Total pot $0.55 | Rake $0.02 
Board [8d 2s Kh 9h Jc]
Seat 1: ACEHbKA777 folded before Flop (didn't bet)
Seat 2: zecrai folded before Flop (didn't bet)
Seat 3: Dorex2007 folded before Flop (didn't bet)
Seat 4: lindlife mucked [Ah Qs]
Seat 5: colopok65 folded before Flop (didn't bet)
Seat 7: Alex.Petrovskiy (button) folded before Flop (didn't bet)
Seat 8: LiamXii (small blind) showed [6d 9d] and won ($0.53) with a pair of Nines
Seat 9: Zzzanderman (big blind) folded before Flop



PokerStars Hand #238410603544:  Hold'em No Limit ($0.02/$0.05 USD) - 2022/09/04 8:43:27 PT [2022/09/04 11:43:27 ET]
Table 'Eurynome' 9-max Seat #8 is the button
Seat 1: ACEHbKA777 ($6.38 in chips) 
Seat 2: zecrai ($5.10 in chips) 
Seat 3: Dorex2007 ($5.45 in chips) 
Seat 4: lindlife ($5 in chips) 
Seat 5: colopok65 ($6.28 in chips) 
Seat 7: Alex.Petrovskiy ($5 in chips) 
Seat 8: LiamXii ($6.05 in chips) 
Seat 9: Zzzanderman ($0.43 in chips) 
Zzzanderman: posts small blind $0.02
ACEHbKA777: posts big blind $0.05
*** HOLE CARDS ***
Dealt to Dorex2007 [As Kh]
kmmjn joins the table at seat #6 
zecrai: folds 
Dorex2007: raises $0.10 to $0.15
lindlife: folds 
colopok65: folds 
Alex.Petrovskiy: folds 
LiamXii: calls $0.15
Zzzanderman: folds 
ACEHbKA777: folds 
*** FLOP *** [Jc 6h 8d]
Dorex2007: checks 
LiamXii: bets $0.19
Dorex2007: folds 
Uncalled bet ($0.19) returned to LiamXii
LiamXii collected $0.35 from pot
LiamXii: doesn't show hand 
*** SUMMARY ***
Total pot $0.37 | Rake $0.02 
Board [Jc 6h 8d]
Seat 1: ACEHbKA777 (big blind) folded before Flop
Seat 2: zecrai folded before Flop (didn't bet)
Seat 3: Dorex2007 folded on the Flop
Seat 4: lindlife folded before Flop (didn't bet)
Seat 5: colopok65 folded before Flop (didn't bet)
Seat 7: Alex.Petrovskiy folded before Flop (didn't bet)
Seat 8: LiamXii (button) collected ($0.35)
Seat 9: Zzzanderman (small blind) folded before Flop



PokerStars Hand #238410618540:  Hold'em No Limit ($0.02/$0.05 USD) - 2022/09/04 8:44:08 PT [2022/09/04 11:44:08 ET]
Table 'Eurynome' 9-max Seat #9 is the button
Seat 1: ACEHbKA777 ($6.33 in chips) 
Seat 2: zecrai ($5.10 in chips) 
Seat 3: Dorex2007 ($5.30 in chips) 
Seat 4: lindlife ($5 in chips) 
Seat 5: colopok65 ($6.28 in chips) 
Seat 7: Alex.Petrovskiy ($5 in chips) 
Seat 8: LiamXii ($6.25 in chips) 
Seat 9: Zzzanderman ($0.41 in chips) 
ACEHbKA777: posts small blind $0.02
zecrai: posts big blind $0.05
kmmjn: sits out 
*** HOLE CARDS ***
Dealt to Dorex2007 [5d 4s]
Dorex2007: folds 
lindlife: folds 
colopok65: raises $0.10 to $0.15
Alex.Petrovskiy: folds 
LiamXii: folds 
Zzzanderman: folds 
ACEHbKA777: folds 
zecrai: calls $0.10
*** FLOP *** [Ad Ac 3s]
zecrai: checks 
colopok65: bets $0.15
zecrai: calls $0.15
*** TURN *** [Ad Ac 3s] [9s]
zecrai: checks 
colopok65: checks 
*** RIVER *** [Ad Ac 3s 9s] [8d]
zecrai: bets $0.60
colopok65: folds 
Uncalled bet ($0.60) returned to zecrai
zecrai collected $0.59 from pot
*** SUMMARY ***
Total pot $0.62 | Rake $0.03 
Board [Ad Ac 3s 9s 8d]
Seat 1: ACEHbKA777 (small blind) folded before Flop
Seat 2: zecrai (big blind) collected ($0.59)
Seat 3: Dorex2007 folded before Flop (didn't bet)
Seat 4: lindlife folded before Flop (didn't bet)
Seat 5: colopok65 folded on the River
Seat 7: Alex.Petrovskiy folded before Flop (didn't bet)
Seat 8: LiamXii folded before Flop (didn't bet)
Seat 9: Zzzanderman (button) folded before Flop (didn't bet)



PokerStars Hand #238410634495:  Hold'em No Limit ($0.02/$0.05 USD) - 2022/09/04 8:44:51 PT [2022/09/04 11:44:51 ET]
Table 'Eurynome' 9-max Seat #1 is the button
Seat 1: ACEHbKA777 ($6.31 in chips) 
Seat 2: zecrai ($5.39 in chips) 
Seat 3: Dorex2007 ($5.30 in chips) 
Seat 4: lindlife ($5 in chips) 
Seat 5: colopok65 ($5.98 in chips) 
Seat 7: Alex.Petrovskiy ($5 in chips) 
Seat 8: LiamXii ($6.25 in chips) 
Seat 9: Zzzanderman ($0.41 in chips) 
zecrai: posts small blind $0.02
Dorex2007: posts big blind $0.05
kmmjn: sits out 
*** HOLE CARDS ***
Dealt to Dorex2007 [8c 9d]
lindlife: folds 
colopok65: folds 
Alex.Petrovskiy: folds 
LiamXii: raises $0.11 to $0.16
Zzzanderman: calls $0.16
ACEHbKA777: folds 
zecrai: calls $0.14
Dorex2007: folds 
*** FLOP *** [Qc 7c 6c]
zecrai: checks 
LiamXii: bets $0.28
Zzzanderman: folds 
zecrai: calls $0.28
*** TURN *** [Qc 7c 6c] [Kh]
zecrai: checks 
LiamXii: bets $0.81
zecrai: folds 
Uncalled bet ($0.81) returned to LiamXii
LiamXii collected $1.04 from pot
LiamXii: doesn't show hand 
*** SUMMARY ***
Total pot $1.09 | Rake $0.05 
Board [Qc 7c 6c Kh]
Seat 1: ACEHbKA777 (button) folded before Flop (didn't bet)
Seat 2: zecrai (small blind) folded on the Turn
Seat 3: Dorex2007 (big blind) folded before Flop
Seat 4: lindlife folded before Flop (didn't bet)
Seat 5: colopok65 folded before Flop (didn't bet)
Seat 7: Alex.Petrovskiy folded before Flop (didn't bet)
Seat 8: LiamXii collected ($1.04)
Seat 9: Zzzanderman folded on the Flop



PokerStars Hand #238410649990:  Hold'em No Limit ($0.02/$0.05 USD) - 2022/09/04 8:45:33 PT [2022/09/04 11:45:33 ET]
Table 'Eurynome' 9-max Seat #2 is the button
Seat 1: ACEHbKA777 ($6.31 in chips) 
Seat 2: zecrai ($5 in chips) 
Seat 3: Dorex2007 ($5.25 in chips) 
Seat 4: lindlife ($5 in chips) 
Seat 5: colopok65 ($5.98 in chips) 
Seat 7: Alex.Petrovskiy ($5 in chips) 
Seat 8: LiamXii ($6.85 in chips) 
Seat 9: Zzzanderman ($0.25 in chips) 
Dorex2007: posts small blind $0.02
lindlife: posts big blind $0.05
kmmjn: sits out 
*** HOLE CARDS ***
Dealt to Dorex2007 [6s 5d]
colopok65: folds 
Alex.Petrovskiy: folds 
LiamXii: folds 
Zzzanderman: folds 
ACEHbKA777: raises $0.05 to $0.10
zecrai: calls $0.10
Dorex2007: folds 
lindlife: calls $0.05
*** FLOP *** [8h Ad 9c]
lindlife: checks 
ACEHbKA777: bets $0.15
zecrai: folds 
lindlife: calls $0.15
*** TURN *** [8h Ad 9c] [7d]
lindlife: bets $0.38
ACEHbKA777: calls $0.38
*** RIVER *** [8h Ad 9c 7d] [Kc]
lindlife: bets $0.86
ACEHbKA777: calls $0.86
*** SHOW DOWN ***
lindlife: shows [8s Ah] (two pair, Aces and Eights)
ACEHbKA777: mucks hand 
lindlife collected $2.97 from pot
*** SUMMARY ***
Total pot $3.10 | Rake $0.13 
Board [8h Ad 9c 7d Kc]
Seat 1: ACEHbKA777 mucked [Qh Ac]
Seat 2: zecrai (button) folded on the Flop
Seat 3: Dorex2007 (small blind) folded before Flop
Seat 4: lindlife (big blind) showed [8s Ah] and won ($2.97) with two pair, Aces and Eights
Seat 5: colopok65 folded before Flop (didn't bet)
Seat 7: Alex.Petrovskiy folded before Flop (didn't bet)
Seat 8: LiamXii folded before Flop (didn't bet)
Seat 9: Zzzanderman folded before Flop (didn't bet)



PokerStars Hand #238410673222:  Hold'em No Limit ($0.02/$0.05 USD) - 2022/09/04 8:46:36 PT [2022/09/04 11:46:36 ET]
Table 'Eurynome' 9-max Seat #3 is the button
Seat 1: ACEHbKA777 ($5 in chips) 
Seat 2: zecrai ($5 in chips) 
Seat 3: Dorex2007 ($5.23 in chips) 
Seat 4: lindlife ($6.48 in chips) 
Seat 5: colopok65 ($5.98 in chips) 
Seat 7: Alex.Petrovskiy ($5 in chips) 
Seat 8: LiamXii ($6.85 in chips) 
Seat 9: Zzzanderman ($0.25 in chips) 
lindlife: posts small blind $0.02
colopok65: posts big blind $0.05
kmmjn: sits out 
*** HOLE CARDS ***
Dealt to Dorex2007 [Tc 9d]
Alex.Petrovskiy: raises $0.10 to $0.15
LiamXii: folds 
Zzzanderman: folds 
ACEHbKA777: folds 
zecrai: calls $0.15
Dorex2007: folds 
lindlife: folds 
colopok65: calls $0.10
*** FLOP *** [4d 4s 9s]
colopok65: checks 
Alex.Petrovskiy: bets $0.35
zecrai: calls $0.35
colopok65: folds 
*** TURN *** [4d 4s 9s] [2c]
Alex.Petrovskiy: bets $0.74
zecrai: calls $0.74
*** RIVER *** [4d 4s 9s 2c] [Ts]
Alex.Petrovskiy: checks 
zecrai: bets $1.75
Alex.Petrovskiy: calls $1.75
*** SHOW DOWN ***
zecrai: shows [8s 6s] (a flush, Ten high)
Alex.Petrovskiy: mucks hand 
zecrai collected $5.89 from pot
*** SUMMARY ***
Total pot $6.15 | Rake $0.26 
Board [4d 4s 9s 2c Ts]
Seat 1: ACEHbKA777 folded before Flop (didn't bet)
Seat 2: zecrai showed [8s 6s] and won ($5.89) with a flush, Ten high
Seat 3: Dorex2007 (button) folded before Flop (didn't bet)
Seat 4: lindlife (small blind) folded before Flop
Seat 5: colopok65 (big blind) folded on the Flop
Seat 7: Alex.Petrovskiy mucked [Qd Qh]
Seat 8: LiamXii folded before Flop (didn't bet)
Seat 9: Zzzanderman folded before Flop (didn't bet)



PokerStars Hand #238410691543:  Hold'em No Limit ($0.02/$0.05 USD) - 2022/09/04 8:47:25 PT [2022/09/04 11:47:25 ET]
Table 'Eurynome' 9-max Seat #4 is the button
Seat 1: ACEHbKA777 ($5 in chips) 
Seat 2: zecrai ($7.90 in chips) 
Seat 3: Dorex2007 ($5.23 in chips) 
Seat 4: lindlife ($6.46 in chips) 
Seat 5: colopok65 ($5.83 in chips) 
Seat 6: kmmjn ($4 in chips) 
Seat 7: Alex.Petrovskiy ($5 in chips) 
Seat 8: LiamXii ($6.85 in chips) 
Seat 9: Zzzanderman ($0.25 in chips) 
colopok65: posts small blind $0.02
kmmjn: posts big blind $0.05
*** HOLE CARDS ***
Dealt to Dorex2007 [Kd Ts]
Alex.Petrovskiy: folds 
LiamXii: folds 
Zzzanderman: folds 
ACEHbKA777: folds 
zecrai: folds 
Dorex2007: folds 
lindlife: raises $0.08 to $0.13
colopok65: raises $0.08 to $0.21
kmmjn: calls $0.16
lindlife: calls $0.08
*** FLOP *** [Ah 3h Ks]
colopok65: bets $0.30
kmmjn: calls $0.30
lindlife: folds 
*** TURN *** [Ah 3h Ks] [7h]
colopok65: bets $0.59
Zzzanderman leaves the table
kmmjn: calls $0.59
*** RIVER *** [Ah 3h Ks 7h] [Qc]
colopok65: bets $1.15
kmmjn: raises $1.75 to $2.90 and is all-in
colopok65: calls $1.75
*** SHOW DOWN ***
kmmjn: shows [Jh Qh] (a flush, Ace high)
colopok65: shows [Ad Ac] (three of a kind, Aces)
kmmjn collected $7.87 from pot
*** SUMMARY ***
Total pot $8.21 | Rake $0.34 
Board [Ah 3h Ks 7h Qc]
Seat 1: ACEHbKA777 folded before Flop (didn't bet)
Seat 2: zecrai folded before Flop (didn't bet)
Seat 3: Dorex2007 folded before Flop (didn't bet)
Seat 4: lindlife (button) folded on the Flop
Seat 5: colopok65 (small blind) showed [Ad Ac] and lost with three of a kind, Aces
Seat 6: kmmjn (big blind) showed [Jh Qh] and won ($7.87) with a flush, Ace high
Seat 7: Alex.Petrovskiy folded before Flop (didn't bet)
Seat 8: LiamXii folded before Flop (didn't bet)
Seat 9: Zzzanderman folded before Flop (didn't bet)



PokerStars Hand #238410716620:  Hold'em No Limit ($0.02/$0.05 USD) - 2022/09/04 8:48:33 PT [2022/09/04 11:48:33 ET]
Table 'Eurynome' 9-max Seat #5 is the button
Seat 1: ACEHbKA777 ($5 in chips) 
Seat 2: zecrai ($7.90 in chips) 
Seat 3: Dorex2007 ($5.23 in chips) 
Seat 4: lindlife ($6.25 in chips) 
Seat 5: colopok65 ($1.83 in chips) 
Seat 6: kmmjn ($7.87 in chips) 
Seat 7: Alex.Petrovskiy ($5 in chips) 
Seat 8: LiamXii ($6.85 in chips) 
kmmjn: posts small blind $0.02
Alex.Petrovskiy: posts big blind $0.05
*** HOLE CARDS ***
Dealt to Dorex2007 [9s 6s]
LiamXii: folds 
ACEHbKA777: folds 
zecrai: folds 
Dorex2007: folds 
lindlife: folds 
colopok65: folds 
kmmjn: raises $0.10 to $0.15
Alex.Petrovskiy: folds 
Uncalled bet ($0.10) returned to kmmjn
kmmjn collected $0.10 from pot
*** SUMMARY ***
Total pot $0.10 | Rake $0 
Seat 1: ACEHbKA777 folded before Flop (didn't bet)
Seat 2: zecrai folded before Flop (didn't bet)
Seat 3: Dorex2007 folded before Flop (didn't bet)
Seat 4: lindlife folded before Flop (didn't bet)
Seat 5: colopok65 (button) folded before Flop (didn't bet)
Seat 6: kmmjn (small blind) collected ($0.10)
Seat 7: Alex.Petrovskiy (big blind) folded before Flop
Seat 8: LiamXii folded before Flop (didn't bet)



PokerStars Hand #238410723842:  Hold'em No Limit ($0.02/$0.05 USD) - 2022/09/04 8:48:53 PT [2022/09/04 11:48:53 ET]
Table 'Eurynome' 9-max Seat #6 is the button
Seat 1: ACEHbKA777 ($5 in chips) 
Seat 2: zecrai ($7.90 in chips) 
Seat 3: Dorex2007 ($5.23 in chips) 
Seat 4: lindlife ($6.25 in chips) 
Seat 5: colopok65 ($5 in chips) 
Seat 6: kmmjn ($7.92 in chips) 
Seat 7: Alex.Petrovskiy ($5 in chips) 
Seat 8: LiamXii ($6.85 in chips) 
Alex.Petrovskiy: posts small blind $0.02
LiamXii: posts big blind $0.05
*** HOLE CARDS ***
Dealt to Dorex2007 [3d 8d]
ROKKILA joins the table at seat #9 
ACEHbKA777: raises $0.05 to $0.10
zecrai: calls $0.10
Dorex2007: folds 
lindlife: folds 
colopok65: folds 
kmmjn: folds 
Alex.Petrovskiy: folds 
LiamXii: folds 
*** FLOP *** [3h 3c Qc]
ACEHbKA777: checks 
zecrai: checks 
*** TURN *** [3h 3c Qc] [6c]
ACEHbKA777: checks 
zecrai: bets $0.15
ACEHbKA777: folds 
Uncalled bet ($0.15) returned to zecrai
zecrai collected $0.26 from pot
*** SUMMARY ***
Total pot $0.27 | Rake $0.01 
Board [3h 3c Qc 6c]
Seat 1: ACEHbKA777 folded on the Turn
Seat 2: zecrai collected ($0.26)
Seat 3: Dorex2007 folded before Flop (didn't bet)
Seat 4: lindlife folded before Flop (didn't bet)
Seat 5: colopok65 folded before Flop (didn't bet)
Seat 6: kmmjn (button) folded before Flop (didn't bet)
Seat 7: Alex.Petrovskiy (small blind) folded before Flop
Seat 8: LiamXii (big blind) folded before Flop



PokerStars Hand #238410736338:  Hold'em No Limit ($0.02/$0.05 USD) - 2022/09/04 8:49:27 PT [2022/09/04 11:49:27 ET]
Table 'Eurynome' 9-max Seat #7 is the button
Seat 1: ACEHbKA777 ($5 in chips) 
Seat 2: zecrai ($8.06 in chips) 
Seat 3: Dorex2007 ($5.23 in chips) 
Seat 4: lindlife ($6.25 in chips) 
Seat 5: colopok65 ($5 in chips) 
Seat 6: kmmjn ($7.92 in chips) 
Seat 7: Alex.Petrovskiy ($5 in chips) 
Seat 8: LiamXii ($6.80 in chips) 
Seat 9: ROKKILA ($5 in chips) 
LiamXii: posts small blind $0.02
ROKKILA: posts big blind $0.05
*** HOLE CARDS ***
Dealt to Dorex2007 [5h 7h]
ACEHbKA777: folds 
zecrai: folds 
Dorex2007: folds 
lindlife: folds 
colopok65: raises $0.10 to $0.15
kmmjn: folds 
Alex.Petrovskiy: folds 
LiamXii: folds 
ROKKILA has timed out
ROKKILA: folds 
Uncalled bet ($0.10) returned to colopok65
colopok65 collected $0.12 from pot
colopok65: doesn't show hand 
*** SUMMARY ***
Total pot $0.12 | Rake $0 
Seat 1: ACEHbKA777 folded before Flop (didn't bet)
Seat 2: zecrai folded before Flop (didn't bet)
Seat 3: Dorex2007 folded before Flop (didn't bet)
Seat 4: lindlife folded before Flop (didn't bet)
Seat 5: colopok65 collected ($0.12)
Seat 6: kmmjn folded before Flop (didn't bet)
Seat 7: Alex.Petrovskiy (button) folded before Flop (didn't bet)
Seat 8: LiamXii (small blind) folded before Flop
Seat 9: ROKKILA (big blind) folded before Flop



PokerStars Hand #238410753771:  Hold'em No Limit ($0.02/$0.05 USD) - 2022/09/04 8:50:14 PT [2022/09/04 11:50:14 ET]
Table 'Eurynome' 9-max Seat #8 is the button
Seat 1: ACEHbKA777 ($5 in chips) 
Seat 2: zecrai ($8.06 in chips) 
Seat 3: Dorex2007 ($5.23 in chips) 
Seat 4: lindlife ($6.25 in chips) 
Seat 5: colopok65 ($5.07 in chips) 
Seat 6: kmmjn ($7.92 in chips) 
Seat 7: Alex.Petrovskiy ($5 in chips) 
Seat 8: LiamXii ($6.78 in chips) 
ACEHbKA777: posts small blind $0.02
zecrai: posts big blind $0.05
*** HOLE CARDS ***
Dealt to Dorex2007 [Kh 3d]
Dorex2007: folds 
lindlife: folds 
colopok65: folds 
kmmjn: folds 
Alex.Petrovskiy: raises $0.10 to $0.15
LiamXii: folds 
ACEHbKA777: folds 
zecrai: calls $0.10
*** FLOP *** [3c 8h 6c]
zecrai: checks 
ROKKILA is disconnected 
Alex.Petrovskiy: bets $0.20
zecrai: calls $0.20
*** TURN *** [3c 8h 6c] [9d]
zecrai: checks 
Alex.Petrovskiy: bets $0.55
zecrai: folds 
Uncalled bet ($0.55) returned to Alex.Petrovskiy
Alex.Petrovskiy collected $0.69 from pot
*** SUMMARY ***
Total pot $0.72 | Rake $0.03 
Board [3c 8h 6c 9d]
Seat 1: ACEHbKA777 (small blind) folded before Flop
Seat 2: zecrai (big blind) folded on the Turn
Seat 3: Dorex2007 folded before Flop (didn't bet)
Seat 4: lindlife folded before Flop (didn't bet)
Seat 5: colopok65 folded before Flop (didn't bet)
Seat 6: kmmjn folded before Flop (didn't bet)
Seat 7: Alex.Petrovskiy collected ($0.69)
Seat 8: LiamXii (button) folded before Flop (didn't bet)



PokerStars Hand #238410769889:  Hold'em No Limit ($0.02/$0.05 USD) - 2022/09/04 8:50:57 PT [2022/09/04 11:50:57 ET]
Table 'Eurynome' 9-max Seat #1 is the button
Seat 1: ACEHbKA777 ($5 in chips) 
Seat 2: zecrai ($7.71 in chips) 
Seat 3: Dorex2007 ($5.23 in chips) 
Seat 4: lindlife ($6.25 in chips) 
Seat 5: colopok65 ($5.07 in chips) 
Seat 6: kmmjn ($7.92 in chips) 
Seat 7: Alex.Petrovskiy ($5.34 in chips) 
Seat 8: LiamXii ($6.78 in chips) 
zecrai: posts small blind $0.02
Dorex2007: posts big blind $0.05
*** HOLE CARDS ***
Dealt to Dorex2007 [Kc 4d]
lindlife: folds 
colopok65: folds 
kmmjn: raises $0.10 to $0.15
Alex.Petrovskiy: folds 
LiamXii: folds 
ACEHbKA777: folds 
zecrai: folds 
Dorex2007: folds 
Uncalled bet ($0.10) returned to kmmjn
kmmjn collected $0.12 from pot
*** SUMMARY ***
Total pot $0.12 | Rake $0 
Seat 1: ACEHbKA777 (button) folded before Flop (didn't bet)
Seat 2: zecrai (small blind) folded before Flop
Seat 3: Dorex2007 (big blind) folded before Flop
Seat 4: lindlife folded before Flop (didn't bet)
Seat 5: colopok65 folded before Flop (didn't bet)
Seat 6: kmmjn collected ($0.12)
Seat 7: Alex.Petrovskiy folded before Flop (didn't bet)
Seat 8: LiamXii folded before Flop (didn't bet)



PokerStars Hand #238410777387:  Hold'em No Limit ($0.02/$0.05 USD) - 2022/09/04 8:51:18 PT [2022/09/04 11:51:18 ET]
Table 'Eurynome' 9-max Seat #2 is the button
Seat 1: ACEHbKA777 ($5 in chips) 
Seat 2: zecrai ($7.69 in chips) 
Seat 3: Dorex2007 ($5.18 in chips) 
Seat 4: lindlife ($6.25 in chips) 
Seat 5: colopok65 ($5.07 in chips) 
Seat 6: kmmjn ($7.99 in chips) 
Seat 7: Alex.Petrovskiy ($5.34 in chips) 
Seat 8: LiamXii ($6.78 in chips) 
Dorex2007: posts small blind $0.02
lindlife: posts big blind $0.05
ROKKILA: sits out 
*** HOLE CARDS ***
Dealt to Dorex2007 [Ad Js]
colopok65: folds 
kmmjn: folds 
Alex.Petrovskiy: folds 
LiamXii: folds 
ACEHbKA777: folds 
zecrai: folds 
Dorex2007: calls $0.03
lindlife: checks 
*** FLOP *** [Ah 3h 4d]
Dorex2007: checks 
lindlife: checks 
*** TURN *** [Ah 3h 4d] [As]
Dorex2007: bets $0.07
lindlife: calls $0.07
*** RIVER *** [Ah 3h 4d As] [Jh]
Dorex2007: bets $0.40
lindlife: folds 
Uncalled bet ($0.40) returned to Dorex2007
Dorex2007 collected $0.23 from pot
Dorex2007: doesn't show hand 
*** SUMMARY ***
Total pot $0.24 | Rake $0.01 
Board [Ah 3h 4d As Jh]
Seat 1: ACEHbKA777 folded before Flop (didn't bet)
Seat 2: zecrai (button) folded before Flop (didn't bet)
Seat 3: Dorex2007 (small blind) collected ($0.23)
Seat 4: lindlife (big blind) folded on the River
Seat 5: colopok65 folded before Flop (didn't bet)
Seat 6: kmmjn folded before Flop (didn't bet)
Seat 7: Alex.Petrovskiy folded before Flop (didn't bet)
Seat 8: LiamXii folded before Flop (didn't bet)



PokerStars Hand #238410794506:  Hold'em No Limit ($0.02/$0.05 USD) - 2022/09/04 8:52:04 PT [2022/09/04 11:52:04 ET]
Table 'Eurynome' 9-max Seat #3 is the button
Seat 1: ACEHbKA777 ($5 in chips) 
Seat 2: zecrai ($7.69 in chips) 
Seat 3: Dorex2007 ($5.29 in chips) 
Seat 4: lindlife ($6.13 in chips) 
Seat 5: colopok65 ($5.07 in chips) 
Seat 6: kmmjn ($7.99 in chips) 
Seat 7: Alex.Petrovskiy ($5.34 in chips) 
Seat 8: LiamXii ($6.78 in chips) 
lindlife: posts small blind $0.02
colopok65: posts big blind $0.05
ROKKILA: sits out 
*** HOLE CARDS ***
Dealt to Dorex2007 [8d 9s]
kmmjn: calls $0.05
Alex.Petrovskiy: folds 
LiamXii: folds 
ACEHbKA777: folds 
zecrai: raises $0.10 to $0.15
Dorex2007: folds 
lindlife: folds 
colopok65: calls $0.10
kmmjn: calls $0.10
*** FLOP *** [2c As 9d]
colopok65: checks 
kmmjn: checks 
zecrai: checks 
*** TURN *** [2c As 9d] [Qs]
colopok65: checks 
kmmjn: checks 
zecrai: checks 
*** RIVER *** [2c As 9d Qs] [2s]
colopok65: checks 
kmmjn: checks 
zecrai: bets $0.45
colopok65: calls $0.45
kmmjn: folds 
*** SHOW DOWN ***
zecrai: shows [Th Ad] (two pair, Aces and Deuces)
colopok65: shows [6s 4s] (a flush, Ace high)
colopok65 collected $1.29 from pot
*** SUMMARY ***
Total pot $1.37 | Rake $0.08 
Board [2c As 9d Qs 2s]
Seat 1: ACEHbKA777 folded before Flop (didn't bet)
Seat 2: zecrai showed [Th Ad] and lost with two pair, Aces and Deuces
Seat 3: Dorex2007 (button) folded before Flop (didn't bet)
Seat 4: lindlife (small blind) folded before Flop
Seat 5: colopok65 (big blind) showed [6s 4s] and won ($1.29) with a flush, Ace high
Seat 6: kmmjn folded on the River
Seat 7: Alex.Petrovskiy folded before Flop (didn't bet)
Seat 8: LiamXii folded before Flop (didn't bet)



PokerStars Hand #238410826199:  Hold'em No Limit ($0.02/$0.05 USD) - 2022/09/04 8:53:30 PT [2022/09/04 11:53:30 ET]
Table 'Eurynome' 9-max Seat #4 is the button
Seat 1: ACEHbKA777 ($5 in chips) 
Seat 2: zecrai ($7.09 in chips) 
Seat 3: Dorex2007 ($5.29 in chips) 
Seat 4: lindlife ($6.11 in chips) 
Seat 5: colopok65 ($5.76 in chips) 
Seat 6: kmmjn ($7.84 in chips) 
Seat 7: Alex.Petrovskiy ($5.34 in chips) 
Seat 8: LiamXii ($6.78 in chips) 
colopok65: posts small blind $0.02
kmmjn: posts big blind $0.05
ROKKILA: sits out 
*** HOLE CARDS ***
Dealt to Dorex2007 [3d Qs]
Alex.Petrovskiy: calls $0.05
LiamXii: folds 
ACEHbKA777: folds 
zecrai: raises $0.10 to $0.15
Dorex2007: folds 
lindlife: folds 
colopok65: folds 
kmmjn: calls $0.10
Alex.Petrovskiy: calls $0.10
*** FLOP *** [Qd Ac Th]
kmmjn: checks 
Alex.Petrovskiy: checks 
zecrai: checks 
*** TURN *** [Qd Ac Th] [6h]
kmmjn: checks 
Alex.Petrovskiy: checks 
zecrai: bets $0.25
kmmjn: folds 
Alex.Petrovskiy: folds 
Uncalled bet ($0.25) returned to zecrai
zecrai collected $0.45 from pot
*** SUMMARY ***
Total pot $0.47 | Rake $0.02 
Board [Qd Ac Th 6h]
Seat 1: ACEHbKA777 folded before Flop (didn't bet)
Seat 2: zecrai collected ($0.45)
Seat 3: Dorex2007 folded before Flop (didn't bet)
Seat 4: lindlife (button) folded before Flop (didn't bet)
Seat 5: colopok65 (small blind) folded before Flop
Seat 6: kmmjn (big blind) folded on the Turn
Seat 7: Alex.Petrovskiy folded on the Turn
Seat 8: LiamXii folded before Flop (didn't bet)



PokerStars Hand #238410843290:  Hold'em No Limit ($0.02/$0.05 USD) - 2022/09/04 8:54:17 PT [2022/09/04 11:54:17 ET]
Table 'Eurynome' 9-max Seat #5 is the button
Seat 1: ACEHbKA777 ($5 in chips) 
Seat 2: zecrai ($7.39 in chips) 
Seat 3: Dorex2007 ($5.29 in chips) 
Seat 4: lindlife ($6.11 in chips) 
Seat 5: colopok65 ($5.74 in chips) 
Seat 6: kmmjn ($7.69 in chips) 
Seat 7: Alex.Petrovskiy ($5.19 in chips) 
Seat 8: LiamXii ($6.78 in chips) 
kmmjn: posts small blind $0.02
Alex.Petrovskiy: posts big blind $0.05
ROKKILA: sits out 
*** HOLE CARDS ***
Dealt to Dorex2007 [Ts 4s]
LiamXii: folds 
ACEHbKA777: folds 
zecrai: folds 
Dorex2007: folds 
lindlife: raises $0.08 to $0.13
colopok65: folds 
kmmjn: folds 
Alex.Petrovskiy: folds 
Uncalled bet ($0.08) returned to lindlife
lindlife collected $0.12 from pot
lindlife: doesn't show hand 
*** SUMMARY ***
Total pot $0.12 | Rake $0 
Seat 1: ACEHbKA777 folded before Flop (didn't bet)
Seat 2: zecrai folded before Flop (didn't bet)
Seat 3: Dorex2007 folded before Flop (didn't bet)
Seat 4: lindlife collected ($0.12)
Seat 5: colopok65 (button) folded before Flop (didn't bet)
Seat 6: kmmjn (small blind) folded before Flop
Seat 7: Alex.Petrovskiy (big blind) folded before Flop
Seat 8: LiamXii folded before Flop (didn't bet)



PokerStars Hand #238410849901:  Hold'em No Limit ($0.02/$0.05 USD) - 2022/09/04 8:54:36 PT [2022/09/04 11:54:36 ET]
Table 'Eurynome' 9-max Seat #6 is the button
Seat 1: ACEHbKA777 ($5 in chips) 
Seat 2: zecrai ($7.39 in chips) 
Seat 3: Dorex2007 ($5.29 in chips) 
Seat 4: lindlife ($6.18 in chips) 
Seat 5: colopok65 ($5.74 in chips) 
Seat 6: kmmjn ($7.67 in chips) 
Seat 7: Alex.Petrovskiy ($5.14 in chips) 
Seat 8: LiamXii ($6.78 in chips) 
Alex.Petrovskiy: posts small blind $0.02
LiamXii: posts big blind $0.05
ROKKILA: sits out 
*** HOLE CARDS ***
Dealt to Dorex2007 [7d 8c]
ACEHbKA777: folds 
zecrai: folds 
Dorex2007: folds 
lindlife: folds 
colopok65: folds 
kmmjn: folds 
Alex.Petrovskiy: folds 
Uncalled bet ($0.03) returned to LiamXii
LiamXii collected $0.04 from pot
LiamXii: doesn't show hand 
*** SUMMARY ***
Total pot $0.04 | Rake $0 
Seat 1: ACEHbKA777 folded before Flop (didn't bet)
Seat 2: zecrai folded before Flop (didn't bet)
Seat 3: Dorex2007 folded before Flop (didn't bet)
Seat 4: lindlife folded before Flop (didn't bet)
Seat 5: colopok65 folded before Flop (didn't bet)
Seat 6: kmmjn (button) folded before Flop (didn't bet)
Seat 7: Alex.Petrovskiy (small blind) folded before Flop
Seat 8: LiamXii (big blind) collected ($0.04)



PokerStars Hand #238410856444:  Hold'em No Limit ($0.02/$0.05 USD) - 2022/09/04 8:54:53 PT [2022/09/04 11:54:53 ET]
Table 'Eurynome' 9-max Seat #7 is the button
Seat 1: ACEHbKA777 ($5 in chips) 
Seat 2: zecrai ($7.39 in chips) 
Seat 3: Dorex2007 ($5.29 in chips) 
Seat 4: lindlife ($6.18 in chips) 
Seat 5: colopok65 ($5.74 in chips) 
Seat 6: kmmjn ($7.67 in chips) 
Seat 7: Alex.Petrovskiy ($5.12 in chips) 
Seat 8: LiamXii ($6.80 in chips) 
Seat 9: ROKKILA ($4.95 in chips) 
LiamXii: posts small blind $0.02
ROKKILA: posts big blind $0.05
*** HOLE CARDS ***
Dealt to Dorex2007 [2h 4c]
ACEHbKA777: folds 
zecrai: folds 
Dorex2007: folds 
lindlife: folds 
colopok65: folds 
kmmjn: folds 
Alex.Petrovskiy: raises $0.08 to $0.13
LiamXii: calls $0.11
ROKKILA: folds 
*** FLOP *** [6h 4s 6s]
LiamXii: checks 
Alex.Petrovskiy: bets $0.20
LiamXii: folds 
Uncalled bet ($0.20) returned to Alex.Petrovskiy
Alex.Petrovskiy collected $0.30 from pot
*** SUMMARY ***
Total pot $0.31 | Rake $0.01 
Board [6h 4s 6s]
Seat 1: ACEHbKA777 folded before Flop (didn't bet)
Seat 2: zecrai folded before Flop (didn't bet)
Seat 3: Dorex2007 folded before Flop (didn't bet)
Seat 4: lindlife folded before Flop (didn't bet)
Seat 5: colopok65 folded before Flop (didn't bet)
Seat 6: kmmjn folded before Flop (didn't bet)
Seat 7: Alex.Petrovskiy (button) collected ($0.30)
Seat 8: LiamXii (small blind) folded on the Flop
Seat 9: ROKKILA (big blind) folded before Flop



PokerStars Hand #238410867882:  Hold'em No Limit ($0.02/$0.05 USD) - 2022/09/04 8:55:30 PT [2022/09/04 11:55:30 ET]
Table 'Eurynome' 9-max Seat #8 is the button
Seat 1: ACEHbKA777 ($5 in chips) 
Seat 2: zecrai ($7.39 in chips) 
Seat 3: Dorex2007 ($5.29 in chips) 
Seat 4: lindlife ($6.18 in chips) 
Seat 5: colopok65 ($5.74 in chips) 
Seat 6: kmmjn ($7.67 in chips) 
Seat 7: Alex.Petrovskiy ($5.29 in chips) 
Seat 8: LiamXii ($6.67 in chips) 
Seat 9: ROKKILA ($4.90 in chips) 
ROKKILA: posts small blind $0.02
ACEHbKA777: posts big blind $0.05
*** HOLE CARDS ***
Dealt to Dorex2007 [9c 8d]
zecrai: folds 
Dorex2007: folds 
lindlife: folds 
colopok65: folds 
zecrai leaves the table
kmmjn: folds 
Alex.Petrovskiy: raises $0.08 to $0.13
LiamXii: folds 
ROKKILA: folds 
ACEHbKA777: calls $0.08
*** FLOP *** [9h Qd Qc]
ACEHbKA777: checks 
H!TM@N1989 joins the table at seat #2 
Alex.Petrovskiy: checks 
*** TURN *** [9h Qd Qc] [Kd]
ACEHbKA777: checks 
Alex.Petrovskiy: bets $0.13
ACEHbKA777: calls $0.13
*** RIVER *** [9h Qd Qc Kd] [4d]
ACEHbKA777: checks 
Alex.Petrovskiy: checks 
*** SHOW DOWN ***
ACEHbKA777: shows [Tc Ts] (two pair, Queens and Tens)
Alex.Petrovskiy: shows [Kc Qh] (a full house, Queens full of Kings)
Alex.Petrovskiy collected $0.52 from pot
*** SUMMARY ***
Total pot $0.54 | Rake $0.02 
Board [9h Qd Qc Kd 4d]
Seat 1: ACEHbKA777 (big blind) showed [Tc Ts] and lost with two pair, Queens and Tens
Seat 2: zecrai folded before Flop (didn't bet)
Seat 3: Dorex2007 folded before Flop (didn't bet)
Seat 4: lindlife folded before Flop (didn't bet)
Seat 5: colopok65 folded before Flop (didn't bet)
Seat 6: kmmjn folded before Flop (didn't bet)
Seat 7: Alex.Petrovskiy showed [Kc Qh] and won ($0.52) with a full house, Queens full of Kings
Seat 8: LiamXii (button) folded before Flop (didn't bet)
Seat 9: ROKKILA (small blind) folded before Flop



PokerStars Hand #238410878390:  Hold'em No Limit ($0.02/$0.05 USD) - 2022/09/04 8:56:16 PT [2022/09/04 11:56:16 ET]
Table 'Eurynome' 9-max Seat #9 is the button
Seat 1: ACEHbKA777 ($5 in chips) 
Seat 2: H!TM@N1989 ($5.51 in chips) 
Seat 3: Dorex2007 ($5.29 in chips) 
Seat 4: lindlife ($6.18 in chips) 
Seat 5: colopok65 ($5.74 in chips) 
Seat 6: kmmjn ($7.67 in chips) 
Seat 7: Alex.Petrovskiy ($5.55 in chips) 
Seat 8: LiamXii ($6.67 in chips) 
Seat 9: ROKKILA ($4.88 in chips) 
ACEHbKA777: posts small blind $0.02
H!TM@N1989: posts big blind $0.05
*** HOLE CARDS ***
Dealt to Dorex2007 [8c 7h]
Dorex2007: folds 
lindlife: folds 
colopok65: raises $0.10 to $0.15
kmmjn: folds 
Alex.Petrovskiy: folds 
LiamXii: calls $0.15
ROKKILA: folds 
ACEHbKA777: folds 
H!TM@N1989: folds 
*** FLOP *** [7s Qs As]
colopok65: bets $0.20
LiamXii: folds 
Uncalled bet ($0.20) returned to colopok65
colopok65 collected $0.35 from pot
colopok65: doesn't show hand 
*** SUMMARY ***
Total pot $0.37 | Rake $0.02 
Board [7s Qs As]
Seat 1: ACEHbKA777 (small blind) folded before Flop
Seat 2: H!TM@N1989 (big blind) folded before Flop
Seat 3: Dorex2007 folded before Flop (didn't bet)
Seat 4: lindlife folded before Flop (didn't bet)
Seat 5: colopok65 collected ($0.35)
Seat 6: kmmjn folded before Flop (didn't bet)
Seat 7: Alex.Petrovskiy folded before Flop (didn't bet)
Seat 8: LiamXii folded on the Flop
Seat 9: ROKKILA (button) folded before Flop (didn't bet)



PokerStars Hand #238410885385:  Hold'em No Limit ($0.02/$0.05 USD) - 2022/09/04 8:56:47 PT [2022/09/04 11:56:47 ET]
Table 'Eurynome' 9-max Seat #1 is the button
Seat 1: ACEHbKA777 ($5 in chips) 
Seat 2: H!TM@N1989 ($5.46 in chips) 
Seat 3: Dorex2007 ($5.29 in chips) 
Seat 4: lindlife ($6.18 in chips) 
Seat 5: colopok65 ($5.94 in chips) 
Seat 6: kmmjn ($7.67 in chips) 
Seat 7: Alex.Petrovskiy ($5.55 in chips) 
Seat 8: LiamXii ($6.52 in chips) 
Seat 9: ROKKILA ($4.88 in chips) 
H!TM@N1989: posts small blind $0.02
Dorex2007: posts big blind $0.05
*** HOLE CARDS ***
Dealt to Dorex2007 [2c 8s]
lindlife: folds 
colopok65: folds 
kmmjn: folds 
Alex.Petrovskiy: folds 
LiamXii: folds 
ROKKILA: folds 
ACEHbKA777: raises $0.05 to $0.10
H!TM@N1989: folds 
Dorex2007: folds 
Uncalled bet ($0.05) returned to ACEHbKA777
ACEHbKA777 collected $0.12 from pot
*** SUMMARY ***
Total pot $0.12 | Rake $0 
Seat 1: ACEHbKA777 (button) collected ($0.12)
Seat 2: H!TM@N1989 (small blind) folded before Flop
Seat 3: Dorex2007 (big blind) folded before Flop
Seat 4: lindlife folded before Flop (didn't bet)
Seat 5: colopok65 folded before Flop (didn't bet)
Seat 6: kmmjn folded before Flop (didn't bet)
Seat 7: Alex.Petrovskiy folded before Flop (didn't bet)
Seat 8: LiamXii folded before Flop (didn't bet)
Seat 9: ROKKILA folded before Flop (didn't bet)



PokerStars Hand #238410888445:  Hold'em No Limit ($0.02/$0.05 USD) - 2022/09/04 8:57:00 PT [2022/09/04 11:57:00 ET]
Table 'Eurynome' 9-max Seat #2 is the button
Seat 1: ACEHbKA777 ($5.07 in chips) 
Seat 2: H!TM@N1989 ($5.44 in chips) 
Seat 3: Dorex2007 ($5.24 in chips) 
Seat 5: colopok65 ($5.94 in chips) 
Seat 6: kmmjn ($7.67 in chips) 
Seat 7: Alex.Petrovskiy ($5.55 in chips) 
Seat 8: LiamXii ($6.52 in chips) 
Seat 9: ROKKILA ($4.88 in chips) 
Dorex2007: posts small blind $0.02
lindlife: is sitting out 
colopok65: posts big blind $0.05
*** HOLE CARDS ***
Dealt to Dorex2007 [7s 6s]
lindlife leaves the table
kmmjn: folds 
Alex.Petrovskiy: folds 
LiamXii: folds 
ROKKILA: folds 
ACEHbKA777: folds 
H!TM@N1989: folds 
Dorex2007: folds 
Uncalled bet ($0.03) returned to colopok65
colopok65 collected $0.04 from pot
colopok65: doesn't show hand 
*** SUMMARY ***
Total pot $0.04 | Rake $0 
Seat 1: ACEHbKA777 folded before Flop (didn't bet)
Seat 2: H!TM@N1989 (button) folded before Flop (didn't bet)
Seat 3: Dorex2007 (small blind) folded before Flop
Seat 5: colopok65 (big blind) collected ($0.04)
Seat 6: kmmjn folded before Flop (didn't bet)
Seat 7: Alex.Petrovskiy folded before Flop (didn't bet)
Seat 8: LiamXii folded before Flop (didn't bet)
Seat 9: ROKKILA folded before Flop (didn't bet)



PokerStars Hand #238410891568:  Hold'em No Limit ($0.02/$0.05 USD) - 2022/09/04 8:57:13 PT [2022/09/04 11:57:13 ET]
Table 'Eurynome' 9-max Seat #3 is the button
Seat 1: ACEHbKA777 ($5.07 in chips) 
Seat 2: H!TM@N1989 ($5.44 in chips) 
Seat 3: Dorex2007 ($5.22 in chips) 
Seat 5: colopok65 ($5.96 in chips) 
Seat 6: kmmjn ($7.67 in chips) 
Seat 7: Alex.Petrovskiy ($5.55 in chips) 
Seat 8: LiamXii ($6.52 in chips) 
Seat 9: ROKKILA ($4.88 in chips) 
colopok65: posts small blind $0.02
kmmjn: posts big blind $0.05
*** HOLE CARDS ***
Dealt to Dorex2007 [Jc 4s]
Alex.Petrovskiy: folds 
LiamXii: folds 
ROKKILA: folds 
ACEHbKA777: folds 
H!TM@N1989: raises $0.10 to $0.15
Dorex2007: folds 
colopok65: calls $0.13
kmmjn: calls $0.10
*** FLOP *** [7c 8c 3h]
colopok65: checks 
kmmjn: checks 
H!TM@N1989: checks 
*** TURN *** [7c 8c 3h] [3d]
colopok65: bets $0.21
kmmjn: folds 
kmmjn leaves the table
H!TM@N1989: folds 
Uncalled bet ($0.21) returned to colopok65
colopok65 collected $0.43 from pot
colopok65: doesn't show hand 
*** SUMMARY ***
Total pot $0.45 | Rake $0.02 
Board [7c 8c 3h 3d]
Seat 1: ACEHbKA777 folded before Flop (didn't bet)
Seat 2: H!TM@N1989 folded on the Turn
Seat 3: Dorex2007 (button) folded before Flop (didn't bet)
Seat 5: colopok65 (small blind) collected ($0.43)
Seat 6: kmmjn (big blind) folded on the Turn
Seat 7: Alex.Petrovskiy folded before Flop (didn't bet)
Seat 8: LiamXii folded before Flop (didn't bet)
Seat 9: ROKKILA folded before Flop (didn't bet)



PokerStars Hand #238410903009:  Hold'em No Limit ($0.02/$0.05 USD) - 2022/09/04 8:58:03 PT [2022/09/04 11:58:03 ET]
Table 'Eurynome' 9-max Seat #5 is the button
Seat 1: ACEHbKA777 ($5.07 in chips) 
Seat 2: H!TM@N1989 ($5.29 in chips) 
Seat 3: Dorex2007 ($5.22 in chips) 
Seat 5: colopok65 ($6.24 in chips) 
Seat 7: Alex.Petrovskiy ($5.55 in chips) 
Seat 8: LiamXii ($6.52 in chips) 
Seat 9: ROKKILA ($4.88 in chips) 
Alex.Petrovskiy: posts small blind $0.02
LiamXii: posts big blind $0.05
*** HOLE CARDS ***
Dealt to Dorex2007 [Td 4s]
ROKKILA: folds 
ACEHbKA777: folds 
H!TM@N1989: folds 
Dorex2007: folds 
colopok65: raises $0.10 to $0.15
Alex.Petrovskiy: folds 
LiamXii: folds 
Uncalled bet ($0.10) returned to colopok65
colopok65 collected $0.12 from pot
colopok65: doesn't show hand 
*** SUMMARY ***
Total pot $0.12 | Rake $0 
Seat 1: ACEHbKA777 folded before Flop (didn't bet)
Seat 2: H!TM@N1989 folded before Flop (didn't bet)
Seat 3: Dorex2007 folded before Flop (didn't bet)
Seat 5: colopok65 (button) collected ($0.12)
Seat 7: Alex.Petrovskiy (small blind) folded before Flop
Seat 8: LiamXii (big blind) folded before Flop
Seat 9: ROKKILA folded before Flop (didn't bet)



PokerStars Hand #238410907139:  Hold'em No Limit ($0.02/$0.05 USD) - 2022/09/04 8:58:20 PT [2022/09/04 11:58:20 ET]
Table 'Eurynome' 9-max Seat #7 is the button
Seat 1: ACEHbKA777 ($5.07 in chips) 
Seat 2: H!TM@N1989 ($5.29 in chips) 
Seat 3: Dorex2007 ($5.22 in chips) 
Seat 5: colopok65 ($6.31 in chips) 
Seat 7: Alex.Petrovskiy ($5.53 in chips) 
Seat 8: LiamXii ($6.47 in chips) 
Seat 9: ROKKILA ($4.88 in chips) 
LiamXii: posts small blind $0.02
ROKKILA: posts big blind $0.05
*** HOLE CARDS ***
Dealt to Dorex2007 [5d 4s]
ACEHbKA777: folds 
H!TM@N1989: folds 
Dorex2007: folds 
colopok65: folds 
Alex.Petrovskiy: raises $0.08 to $0.13
LiamXii: folds 
ROKKILA: folds 
Uncalled bet ($0.08) returned to Alex.Petrovskiy
Alex.Petrovskiy collected $0.12 from pot
*** SUMMARY ***
Total pot $0.12 | Rake $0 
Seat 1: ACEHbKA777 folded before Flop (didn't bet)
Seat 2: H!TM@N1989 folded before Flop (didn't bet)
Seat 3: Dorex2007 folded before Flop (didn't bet)
Seat 5: colopok65 folded before Flop (didn't bet)
Seat 7: Alex.Petrovskiy (button) collected ($0.12)
Seat 8: LiamXii (small blind) folded before Flop
Seat 9: ROKKILA (big blind) folded before Flop



PokerStars Hand #238410910499:  Hold'em No Limit ($0.02/$0.05 USD) - 2022/09/04 8:58:35 PT [2022/09/04 11:58:35 ET]
Table 'Eurynome' 9-max Seat #8 is the button
Seat 1: ACEHbKA777 ($5.07 in chips) 
Seat 2: H!TM@N1989 ($5.29 in chips) 
Seat 3: Dorex2007 ($5.22 in chips) 
Seat 5: colopok65 ($6.31 in chips) 
Seat 7: Alex.Petrovskiy ($5.60 in chips) 
Seat 8: LiamXii ($6.45 in chips) 
Seat 9: ROKKILA ($4.83 in chips) 
ROKKILA: posts small blind $0.02
ACEHbKA777: posts big blind $0.05
*** HOLE CARDS ***
Dealt to Dorex2007 [4s Ah]
H!TM@N1989: folds 
Dorex2007: folds 
colopok65: folds 
Alex.Petrovskiy: folds 
LiamXii: raises $0.11 to $0.16
ROKKILA: folds 
ACEHbKA777: folds 
Uncalled bet ($0.11) returned to LiamXii
LiamXii collected $0.12 from pot
LiamXii: doesn't show hand 
*** SUMMARY ***
Total pot $0.12 | Rake $0 
Seat 1: ACEHbKA777 (big blind) folded before Flop
Seat 2: H!TM@N1989 folded before Flop (didn't bet)
Seat 3: Dorex2007 folded before Flop (didn't bet)
Seat 5: colopok65 folded before Flop (didn't bet)
Seat 7: Alex.Petrovskiy folded before Flop (didn't bet)
Seat 8: LiamXii (button) collected ($0.12)
Seat 9: ROKKILA (small blind) folded before Flop



PokerStars Hand #238410914101:  Hold'em No Limit ($0.02/$0.05 USD) - 2022/09/04 8:58:49 PT [2022/09/04 11:58:49 ET]
Table 'Eurynome' 9-max Seat #9 is the button
Seat 1: ACEHbKA777 ($5.02 in chips) 
Seat 2: H!TM@N1989 ($5.29 in chips) 
Seat 3: Dorex2007 ($5.22 in chips) 
Seat 5: colopok65 ($6.31 in chips) 
Seat 7: Alex.Petrovskiy ($5.60 in chips) 
Seat 8: LiamXii ($6.52 in chips) 
Seat 9: ROKKILA ($4.81 in chips) 
ACEHbKA777: posts small blind $0.02
H!TM@N1989: posts big blind $0.05
*** HOLE CARDS ***
Dealt to Dorex2007 [6s Th]
Dorex2007: folds 
colopok65: folds 
Alex.Petrovskiy: raises $0.10 to $0.15
LiamXii: calls $0.15
ROKKILA: folds 
ACEHbKA777: folds 
H!TM@N1989: calls $0.10
*** FLOP *** [Qs Kc 8h]
H!TM@N1989: checks 
Alex.Petrovskiy: checks 
LiamXii: checks 
*** TURN *** [Qs Kc 8h] [5s]
H!TM@N1989: checks 
Alex.Petrovskiy: checks 
LiamXii: checks 
*** RIVER *** [Qs Kc 8h 5s] [2c]
H!TM@N1989: checks 
Alex.Petrovskiy: checks 
LiamXii: checks 
*** SHOW DOWN ***
H!TM@N1989: shows [6h 7h] (high card King)
Alex.Petrovskiy: shows [4s 4c] (a pair of Fours)
LiamXii: shows [7s 7d] (a pair of Sevens)
LiamXii collected $0.45 from pot
*** SUMMARY ***
Total pot $0.47 | Rake $0.02 
Board [Qs Kc 8h 5s 2c]
Seat 1: ACEHbKA777 (small blind) folded before Flop
Seat 2: H!TM@N1989 (big blind) showed [6h 7h] and lost with high card King
Seat 3: Dorex2007 folded before Flop (didn't bet)
Seat 5: colopok65 folded before Flop (didn't bet)
Seat 7: Alex.Petrovskiy showed [4s 4c] and lost with a pair of Fours
Seat 8: LiamXii showed [7s 7d] and won ($0.45) with a pair of Sevens
Seat 9: ROKKILA (button) folded before Flop (didn't bet)



PokerStars Hand #238410929613:  Hold'em No Limit ($0.02/$0.05 USD) - 2022/09/04 8:59:55 PT [2022/09/04 11:59:55 ET]
Table 'Eurynome' 9-max Seat #1 is the button
Seat 1: ACEHbKA777 ($5 in chips) 
Seat 2: H!TM@N1989 ($5.14 in chips) 
Seat 3: Dorex2007 ($5.22 in chips) 
Seat 5: colopok65 ($6.31 in chips) 
Seat 7: Alex.Petrovskiy ($5.45 in chips) 
Seat 8: LiamXii ($6.82 in chips) 
Seat 9: ROKKILA ($4.81 in chips) 
H!TM@N1989: posts small blind $0.02
Dorex2007: posts big blind $0.05
*** HOLE CARDS ***
Dealt to Dorex2007 [Qh Ah]
colopok65: folds 
Alex.Petrovskiy: folds 
LiamXii: folds 
ROKKILA: folds 
ACEHbKA777: folds 
H!TM@N1989: raises $0.10 to $0.15
Dorex2007: raises $0.30 to $0.45
H!TM@N1989: folds 
Uncalled bet ($0.30) returned to Dorex2007
Dorex2007 collected $0.30 from pot
Dorex2007: doesn't show hand 
colopok65 leaves the table
*** SUMMARY ***
Total pot $0.30 | Rake $0 
Seat 1: ACEHbKA777 (button) folded before Flop (didn't bet)
Seat 2: H!TM@N1989 (small blind) folded before Flop
Seat 3: Dorex2007 (big blind) collected ($0.30)
Seat 5: colopok65 folded before Flop (didn't bet)
Seat 7: Alex.Petrovskiy folded before Flop (didn't bet)
Seat 8: LiamXii folded before Flop (didn't bet)
Seat 9: ROKKILA folded before Flop (didn't bet)



PokerStars Hand #238410934862:  Hold'em No Limit ($0.02/$0.05 USD) - 2022/09/04 9:00:17 PT [2022/09/04 12:00:17 ET]
Table 'Eurynome' 9-max Seat #2 is the button
Seat 1: ACEHbKA777 ($5 in chips) 
Seat 2: H!TM@N1989 ($5 in chips) 
Seat 3: Dorex2007 ($5.37 in chips) 
Seat 8: LiamXii ($6.82 in chips) 
Seat 9: ROKKILA ($4.81 in chips) 
Dorex2007: posts small blind $0.02
Alex.Petrovskiy: is sitting out 
LiamXii: posts big blind $0.05
*** HOLE CARDS ***
Dealt to Dorex2007 [4c 6d]
ROKKILA: folds 
ACEHbKA777: folds 
H!TM@N1989: folds 
Dorex2007: folds 
Uncalled bet ($0.03) returned to LiamXii
LiamXii collected $0.04 from pot
LiamXii: doesn't show hand 
*** SUMMARY ***
Total pot $0.04 | Rake $0 
Seat 1: ACEHbKA777 folded before Flop (didn't bet)
Seat 2: H!TM@N1989 (button) folded before Flop (didn't bet)
Seat 3: Dorex2007 (small blind) folded before Flop
Seat 8: LiamXii (big blind) collected ($0.04)
Seat 9: ROKKILA folded before Flop (didn't bet)



