PokerStars Hand #238626775728:  Hold'em No Limit ($0.02/$0.05 USD) - 2022/09/14 12:01:58 PT [2022/09/14 15:01:58 ET]
Table 'Piazzia III' 9-max Seat #3 is the button
Seat 1: Dorex2007 ($5 in chips) 
Seat 3: NotoriusGambler ($2.59 in chips) 
Seat 4: metinski_d ($12.29 in chips) 
Seat 5: Claudited ($5.87 in chips) 
Seat 6: andrei_lint ($8.72 in chips) 
Seat 8: Alex.Petrovskiy ($5 in chips) 
Seat 9: Save_Fiona ($4.84 in chips) 
metinski_d: posts small blind $0.02
Claudited: posts big blind $0.05
Verona_Primak: sits out 
Dorex2007: posts big blind $0.05
*** HOLE CARDS ***
Dealt to Dorex2007 [9h Qc]
andrei_lint: folds 
Alex.Petrovskiy: folds 
Save_Fiona: folds 
Dorex2007: checks 
NotoriusGambler: folds 
metinski_d: folds 
andrei_lint leaves the table
Claudited: checks 
*** FLOP *** [8s As 3h]
Claudited: checks 
Dorex2007: checks 
*** TURN *** [8s As 3h] [7c]
Claudited: checks 
Dorex2007: checks 
*** RIVER *** [8s As 3h 7c] [Js]
Claudited: bets $0.05
Dorex2007: calls $0.05
*** SHOW DOWN ***
Claudited: shows [Th Qd] (high card Ace)
Dorex2007: mucks hand 
Claudited collected $0.21 from pot
*** SUMMARY ***
Total pot $0.22 | Rake $0.01 
Board [8s As 3h 7c Js]
Seat 1: Dorex2007 mucked [9h Qc]
Seat 3: NotoriusGambler (button) folded before Flop (didn't bet)
Seat 4: metinski_d (small blind) folded before Flop
Seat 5: Claudited (big blind) showed [Th Qd] and won ($0.21) with high card Ace
Seat 6: andrei_lint folded before Flop (didn't bet)
Seat 8: Alex.Petrovskiy folded before Flop (didn't bet)
Seat 9: Save_Fiona folded before Flop (didn't bet)



PokerStars Hand #238626787808:  Hold'em No Limit ($0.02/$0.05 USD) - 2022/09/14 12:02:30 PT [2022/09/14 15:02:30 ET]
Table 'Piazzia III' 9-max Seat #4 is the button
Seat 1: Dorex2007 ($5 in chips) 
Seat 3: NotoriusGambler ($2.59 in chips) 
Seat 4: metinski_d ($12.27 in chips) 
Seat 5: Claudited ($5.98 in chips) 
Seat 7: Verona_Primak ($5 in chips) 
Seat 8: Alex.Petrovskiy ($5 in chips) 
Seat 9: Save_Fiona ($4.84 in chips) 
Claudited: posts small blind $0.02
Verona_Primak: posts big blind $0.05
*** HOLE CARDS ***
Dealt to Dorex2007 [7d Kh]
Alex.Petrovskiy: folds 
Save_Fiona: folds 
Dorex2007: folds 
NotoriusGambler: calls $0.05
metinski_d: folds 
Claudited: folds 
Verona_Primak: checks 
*** FLOP *** [5d Qs 9c]
Verona_Primak: checks 
NotoriusGambler: bets $0.05
Verona_Primak: folds 
Uncalled bet ($0.05) returned to NotoriusGambler
NotoriusGambler collected $0.12 from pot
NotoriusGambler: doesn't show hand 
*** SUMMARY ***
Total pot $0.12 | Rake $0 
Board [5d Qs 9c]
Seat 1: Dorex2007 folded before Flop (didn't bet)
Seat 3: NotoriusGambler collected ($0.12)
Seat 4: metinski_d (button) folded before Flop (didn't bet)
Seat 5: Claudited (small blind) folded before Flop
Seat 7: Verona_Primak (big blind) folded on the Flop
Seat 8: Alex.Petrovskiy folded before Flop (didn't bet)
Seat 9: Save_Fiona folded before Flop (didn't bet)



PokerStars Hand #238626796402:  Hold'em No Limit ($0.02/$0.05 USD) - 2022/09/14 12:02:54 PT [2022/09/14 15:02:54 ET]
Table 'Piazzia III' 9-max Seat #5 is the button
Seat 1: Dorex2007 ($5 in chips) 
Seat 3: NotoriusGambler ($2.66 in chips) 
Seat 4: metinski_d ($12.27 in chips) 
Seat 5: Claudited ($5.96 in chips) 
Seat 7: Verona_Primak ($4.95 in chips) 
Seat 8: Alex.Petrovskiy ($5 in chips) 
Seat 9: Save_Fiona ($4.84 in chips) 
Verona_Primak: posts small blind $0.02
Alex.Petrovskiy: posts big blind $0.05
*** HOLE CARDS ***
Dealt to Dorex2007 [Ac 9c]
Save_Fiona: folds 
Dorex2007: raises $0.10 to $0.15
NotoriusGambler: folds 
metinski_d: folds 
Claudited: folds 
Verona_Primak: folds 
Alex.Petrovskiy: folds 
Uncalled bet ($0.10) returned to Dorex2007
Dorex2007 collected $0.12 from pot
Dorex2007: doesn't show hand 
*** SUMMARY ***
Total pot $0.12 | Rake $0 
Seat 1: Dorex2007 collected ($0.12)
Seat 3: NotoriusGambler folded before Flop (didn't bet)
Seat 4: metinski_d folded before Flop (didn't bet)
Seat 5: Claudited (button) folded before Flop (didn't bet)
Seat 7: Verona_Primak (small blind) folded before Flop
Seat 8: Alex.Petrovskiy (big blind) folded before Flop
Seat 9: Save_Fiona folded before Flop (didn't bet)



PokerStars Hand #238626801402:  Hold'em No Limit ($0.02/$0.05 USD) - 2022/09/14 12:03:08 PT [2022/09/14 15:03:08 ET]
Table 'Piazzia III' 9-max Seat #7 is the button
Seat 1: Dorex2007 ($5.07 in chips) 
Seat 3: NotoriusGambler ($2.66 in chips) 
Seat 4: metinski_d ($12.27 in chips) 
Seat 5: Claudited ($5.96 in chips) 
Seat 7: Verona_Primak ($4.93 in chips) 
Seat 8: Alex.Petrovskiy ($5 in chips) 
Seat 9: Save_Fiona ($4.84 in chips) 
Alex.Petrovskiy: posts small blind $0.02
Save_Fiona: posts big blind $0.05
*** HOLE CARDS ***
Dealt to Dorex2007 [8c Th]
Dorex2007: folds 
NotoriusGambler: folds 
metinski_d: folds 
Claudited: raises $0.10 to $0.15
Verona_Primak: folds 
Alex.Petrovskiy: folds 
Save_Fiona: folds 
Uncalled bet ($0.10) returned to Claudited
Claudited collected $0.12 from pot
Claudited: doesn't show hand 
*** SUMMARY ***
Total pot $0.12 | Rake $0 
Seat 1: Dorex2007 folded before Flop (didn't bet)
Seat 3: NotoriusGambler folded before Flop (didn't bet)
Seat 4: metinski_d folded before Flop (didn't bet)
Seat 5: Claudited collected ($0.12)
Seat 7: Verona_Primak (button) folded before Flop (didn't bet)
Seat 8: Alex.Petrovskiy (small blind) folded before Flop
Seat 9: Save_Fiona (big blind) folded before Flop



PokerStars Hand #238626808131:  Hold'em No Limit ($0.02/$0.05 USD) - 2022/09/14 12:03:25 PT [2022/09/14 15:03:25 ET]
Table 'Piazzia III' 9-max Seat #8 is the button
Seat 1: Dorex2007 ($5.07 in chips) 
Seat 3: NotoriusGambler ($2.66 in chips) 
Seat 4: metinski_d ($12.27 in chips) 
Seat 5: Claudited ($6.03 in chips) 
Seat 7: Verona_Primak ($4.93 in chips) 
Seat 8: Alex.Petrovskiy ($5 in chips) 
Seat 9: Save_Fiona ($4.79 in chips) 
Save_Fiona: posts small blind $0.02
Dorex2007: posts big blind $0.05
*** HOLE CARDS ***
Dealt to Dorex2007 [8h Ks]
NotoriusGambler: raises $0.07 to $0.12
metinski_d: folds 
Claudited: calls $0.12
Verona_Primak: calls $0.12
Alex.Petrovskiy: calls $0.12
Save_Fiona: folds 
Dorex2007: folds 
*** FLOP *** [4h Kc 6h]
NotoriusGambler: bets $0.20
Claudited: folds 
Verona_Primak: folds 
Alex.Petrovskiy: raises $0.47 to $0.67
NotoriusGambler: calls $0.47
*** TURN *** [4h Kc 6h] [4c]
NotoriusGambler: checks 
Alex.Petrovskiy: bets $0.90
NotoriusGambler: calls $0.90
*** RIVER *** [4h Kc 6h 4c] [Js]
NotoriusGambler: bets $0.97 and is all-in
Alex.Petrovskiy: calls $0.97
*** SHOW DOWN ***
NotoriusGambler: shows [Ts Kd] (two pair, Kings and Fours)
Alex.Petrovskiy: shows [Kh Ad] (two pair, Kings and Fours - Ace kicker)
Alex.Petrovskiy collected $5.40 from pot
*** SUMMARY ***
Total pot $5.63 | Rake $0.23 
Board [4h Kc 6h 4c Js]
Seat 1: Dorex2007 (big blind) folded before Flop
Seat 3: NotoriusGambler showed [Ts Kd] and lost with two pair, Kings and Fours
Seat 4: metinski_d folded before Flop (didn't bet)
Seat 5: Claudited folded on the Flop
Seat 7: Verona_Primak folded on the Flop
Seat 8: Alex.Petrovskiy (button) showed [Kh Ad] and won ($5.40) with two pair, Kings and Fours
Seat 9: Save_Fiona (small blind) folded before Flop



PokerStars Hand #238626828462:  Hold'em No Limit ($0.02/$0.05 USD) - 2022/09/14 12:04:20 PT [2022/09/14 15:04:20 ET]
Table 'Piazzia III' 9-max Seat #9 is the button
Seat 1: Dorex2007 ($5.02 in chips) 
Seat 4: metinski_d ($12.27 in chips) 
Seat 5: Claudited ($5.91 in chips) 
Seat 7: Verona_Primak ($4.81 in chips) 
Seat 8: Alex.Petrovskiy ($7.74 in chips) 
Seat 9: Save_Fiona ($4.77 in chips) 
Dorex2007: posts small blind $0.02
metinski_d: posts big blind $0.05
*** HOLE CARDS ***
Dealt to Dorex2007 [4s 6h]
Claudited: folds 
Verona_Primak: folds 
Alex.Petrovskiy: folds 
Save_Fiona: folds 
Dorex2007: folds 
Uncalled bet ($0.03) returned to metinski_d
metinski_d collected $0.04 from pot
metinski_d: doesn't show hand 
*** SUMMARY ***
Total pot $0.04 | Rake $0 
Seat 1: Dorex2007 (small blind) folded before Flop
Seat 4: metinski_d (big blind) collected ($0.04)
Seat 5: Claudited folded before Flop (didn't bet)
Seat 7: Verona_Primak folded before Flop (didn't bet)
Seat 8: Alex.Petrovskiy folded before Flop (didn't bet)
Seat 9: Save_Fiona (button) folded before Flop (didn't bet)



PokerStars Hand #238626832942:  Hold'em No Limit ($0.02/$0.05 USD) - 2022/09/14 12:04:32 PT [2022/09/14 15:04:32 ET]
Table 'Piazzia III' 9-max Seat #1 is the button
Seat 1: Dorex2007 ($5 in chips) 
Seat 4: metinski_d ($12.29 in chips) 
Seat 5: Claudited ($5.91 in chips) 
Seat 7: Verona_Primak ($4.81 in chips) 
Seat 8: Alex.Petrovskiy ($7.74 in chips) 
Seat 9: Save_Fiona ($4.77 in chips) 
metinski_d: posts small blind $0.02
Claudited: posts big blind $0.05
*** HOLE CARDS ***
Dealt to Dorex2007 [8c 4h]
Verona_Primak: folds 
Alex.Petrovskiy: folds 
Save_Fiona: folds 
NotoriusGambler leaves the table
Dorex2007: folds 
metinski_d: raises $0.10 to $0.15
Claudited: folds 
Uncalled bet ($0.10) returned to metinski_d
metinski_d collected $0.10 from pot
metinski_d: doesn't show hand 
*** SUMMARY ***
Total pot $0.10 | Rake $0 
Seat 1: Dorex2007 (button) folded before Flop (didn't bet)
Seat 4: metinski_d (small blind) collected ($0.10)
Seat 5: Claudited (big blind) folded before Flop
Seat 7: Verona_Primak folded before Flop (didn't bet)
Seat 8: Alex.Petrovskiy folded before Flop (didn't bet)
Seat 9: Save_Fiona folded before Flop (didn't bet)



PokerStars Hand #238626841195:  Hold'em No Limit ($0.02/$0.05 USD) - 2022/09/14 12:04:53 PT [2022/09/14 15:04:53 ET]
Table 'Piazzia III' 9-max Seat #4 is the button
Seat 1: Dorex2007 ($5 in chips) 
Seat 4: metinski_d ($12.34 in chips) 
Seat 5: Claudited ($5.86 in chips) 
Seat 7: Verona_Primak ($4.81 in chips) 
Seat 8: Alex.Petrovskiy ($7.74 in chips) 
Seat 9: Save_Fiona ($4.77 in chips) 
Claudited: posts small blind $0.02
Verona_Primak: posts big blind $0.05
*** HOLE CARDS ***
Dealt to Dorex2007 [7s Js]
Alex.Petrovskiy: folds 
Save_Fiona: folds 
Jaguar78917 joins the table at seat #2 
Dorex2007: folds 
metinski_d: raises $0.10 to $0.15
Claudited: folds 
Verona_Primak: folds 
Uncalled bet ($0.10) returned to metinski_d
metinski_d collected $0.12 from pot
metinski_d: doesn't show hand 
*** SUMMARY ***
Total pot $0.12 | Rake $0 
Seat 1: Dorex2007 folded before Flop (didn't bet)
Seat 4: metinski_d (button) collected ($0.12)
Seat 5: Claudited (small blind) folded before Flop
Seat 7: Verona_Primak (big blind) folded before Flop
Seat 8: Alex.Petrovskiy folded before Flop (didn't bet)
Seat 9: Save_Fiona folded before Flop (didn't bet)



PokerStars Hand #238626845696:  Hold'em No Limit ($0.02/$0.05 USD) - 2022/09/14 12:05:05 PT [2022/09/14 15:05:05 ET]
Table 'Piazzia III' 9-max Seat #5 is the button
Seat 1: Dorex2007 ($5 in chips) 
Seat 4: metinski_d ($12.41 in chips) 
Seat 5: Claudited ($5.84 in chips) 
Seat 7: Verona_Primak ($4.76 in chips) 
Seat 8: Alex.Petrovskiy ($7.74 in chips) 
Seat 9: Save_Fiona ($4.77 in chips) 
Verona_Primak: posts small blind $0.02
Alex.Petrovskiy: posts big blind $0.05
Jaguar78917: sits out 
*** HOLE CARDS ***
Dealt to Dorex2007 [Tc 5h]
Save_Fiona: folds 
Dorex2007: folds 
metinski_d: raises $0.10 to $0.15
Claudited: folds 
Verona_Primak: folds 
Alex.Petrovskiy: folds 
Uncalled bet ($0.10) returned to metinski_d
metinski_d collected $0.12 from pot
metinski_d: doesn't show hand 
*** SUMMARY ***
Total pot $0.12 | Rake $0 
Seat 1: Dorex2007 folded before Flop (didn't bet)
Seat 4: metinski_d collected ($0.12)
Seat 5: Claudited (button) folded before Flop (didn't bet)
Seat 7: Verona_Primak (small blind) folded before Flop
Seat 8: Alex.Petrovskiy (big blind) folded before Flop
Seat 9: Save_Fiona folded before Flop (didn't bet)



PokerStars Hand #238626853057:  Hold'em No Limit ($0.02/$0.05 USD) - 2022/09/14 12:05:23 PT [2022/09/14 15:05:23 ET]
Table 'Piazzia III' 9-max Seat #7 is the button
Seat 1: Dorex2007 ($5 in chips) 
Seat 4: metinski_d ($12.48 in chips) 
Seat 5: Claudited ($5.84 in chips) 
Seat 7: Verona_Primak ($4.74 in chips) 
Seat 8: Alex.Petrovskiy ($7.69 in chips) 
Seat 9: Save_Fiona ($4.77 in chips) 
Alex.Petrovskiy: posts small blind $0.02
Save_Fiona: posts big blind $0.05
Jaguar78917: sits out 
*** HOLE CARDS ***
Dealt to Dorex2007 [2s Qd]
Dorex2007: folds 
metinski_d: folds 
Claudited: raises $0.12 to $0.17
Verona_Primak: calls $0.17
Alex.Petrovskiy: folds 
Save_Fiona: folds 
*** FLOP *** [9s 5h Kd]
Claudited: bets $0.19
Verona_Primak: calls $0.19
*** TURN *** [9s 5h Kd] [5d]
Claudited: bets $0.38
Verona_Primak: calls $0.38
*** RIVER *** [9s 5h Kd 5d] [4h]
Claudited: bets $0.74
Verona_Primak: raises $0.79 to $1.53
Claudited: calls $0.79
*** SHOW DOWN ***
Verona_Primak: shows [9d 9c] (a full house, Nines full of Fives)
Claudited: mucks hand 
Verona_Primak collected $4.42 from pot
*** SUMMARY ***
Total pot $4.61 | Rake $0.19 
Board [9s 5h Kd 5d 4h]
Seat 1: Dorex2007 folded before Flop (didn't bet)
Seat 4: metinski_d folded before Flop (didn't bet)
Seat 5: Claudited mucked [Ac Ks]
Seat 7: Verona_Primak (button) showed [9d 9c] and won ($4.42) with a full house, Nines full of Fives
Seat 8: Alex.Petrovskiy (small blind) folded before Flop
Seat 9: Save_Fiona (big blind) folded before Flop



PokerStars Hand #238626876039:  Hold'em No Limit ($0.02/$0.05 USD) - 2022/09/14 12:06:21 PT [2022/09/14 15:06:21 ET]
Table 'Piazzia III' 9-max Seat #8 is the button
Seat 1: Dorex2007 ($5 in chips) 
Seat 4: metinski_d ($12.48 in chips) 
Seat 5: Claudited ($5 in chips) 
Seat 7: Verona_Primak ($6.89 in chips) 
Seat 8: Alex.Petrovskiy ($7.67 in chips) 
Seat 9: Save_Fiona ($4.72 in chips) 
Save_Fiona: posts small blind $0.02
Dorex2007: posts big blind $0.05
Jaguar78917: sits out 
*** HOLE CARDS ***
Dealt to Dorex2007 [Jc 4d]
metinski_d: folds 
Claudited: raises $0.12 to $0.17
Jaguar78917 leaves the table
Verona_Primak: folds 
Alex.Petrovskiy: folds 
Save_Fiona: folds 
Dorex2007: folds 
Uncalled bet ($0.12) returned to Claudited
Claudited collected $0.12 from pot
Claudited: doesn't show hand 
*** SUMMARY ***
Total pot $0.12 | Rake $0 
Seat 1: Dorex2007 (big blind) folded before Flop
Seat 4: metinski_d folded before Flop (didn't bet)
Seat 5: Claudited collected ($0.12)
Seat 7: Verona_Primak folded before Flop (didn't bet)
Seat 8: Alex.Petrovskiy (button) folded before Flop (didn't bet)
Seat 9: Save_Fiona (small blind) folded before Flop



PokerStars Hand #238626883935:  Hold'em No Limit ($0.02/$0.05 USD) - 2022/09/14 12:06:42 PT [2022/09/14 15:06:42 ET]
Table 'Piazzia III' 9-max Seat #9 is the button
Seat 1: Dorex2007 ($5 in chips) 
Seat 4: metinski_d ($12.48 in chips) 
Seat 5: Claudited ($5.07 in chips) 
Seat 7: Verona_Primak ($6.89 in chips) 
Seat 8: Alex.Petrovskiy ($7.67 in chips) 
Seat 9: Save_Fiona ($4.70 in chips) 
Dorex2007: posts small blind $0.02
metinski_d: posts big blind $0.05
*** HOLE CARDS ***
Dealt to Dorex2007 [4h Kc]
Claudited: folds 
Verona_Primak: folds 
Alex.Petrovskiy: folds 
Save_Fiona: raises $0.10 to $0.15
Dorex2007: folds 
metinski_d: calls $0.10
*** FLOP *** [3c 5c Ad]
metinski_d: checks 
Save_Fiona: bets $0.20
metinski_d: folds 
Uncalled bet ($0.20) returned to Save_Fiona
Save_Fiona collected $0.31 from pot
Save_Fiona: doesn't show hand 
*** SUMMARY ***
Total pot $0.32 | Rake $0.01 
Board [3c 5c Ad]
Seat 1: Dorex2007 (small blind) folded before Flop
Seat 4: metinski_d (big blind) folded on the Flop
Seat 5: Claudited folded before Flop (didn't bet)
Seat 7: Verona_Primak folded before Flop (didn't bet)
Seat 8: Alex.Petrovskiy folded before Flop (didn't bet)
Seat 9: Save_Fiona (button) collected ($0.31)



PokerStars Hand #238626893365:  Hold'em No Limit ($0.02/$0.05 USD) - 2022/09/14 12:07:05 PT [2022/09/14 15:07:05 ET]
Table 'Piazzia III' 9-max Seat #1 is the button
Seat 1: Dorex2007 ($5 in chips) 
Seat 4: metinski_d ($12.33 in chips) 
Seat 5: Claudited ($5.07 in chips) 
Seat 7: Verona_Primak ($6.89 in chips) 
Seat 8: Alex.Petrovskiy ($7.67 in chips) 
Seat 9: Save_Fiona ($4.86 in chips) 
metinski_d: posts small blind $0.02
Claudited: posts big blind $0.05
*** HOLE CARDS ***
Dealt to Dorex2007 [Jd Kd]
BantikJR joins the table at seat #2 
Verona_Primak: folds 
Alex.Petrovskiy: folds 
Save_Fiona: folds 
Dorex2007: raises $0.12 to $0.17
metinski_d: folds 
Claudited: folds 
Uncalled bet ($0.12) returned to Dorex2007
Dorex2007 collected $0.12 from pot
xaxa1313 joins the table at seat #3 
Dorex2007: doesn't show hand 
*** SUMMARY ***
Total pot $0.12 | Rake $0 
Seat 1: Dorex2007 (button) collected ($0.12)
Seat 4: metinski_d (small blind) folded before Flop
Seat 5: Claudited (big blind) folded before Flop
Seat 7: Verona_Primak folded before Flop (didn't bet)
Seat 8: Alex.Petrovskiy folded before Flop (didn't bet)
Seat 9: Save_Fiona folded before Flop (didn't bet)



