PokerStars Hand #238361959096:  Hold'em No Limit ($0.02/$0.05 USD) - 2022/09/01 22:07:08 PT [2022/09/02 1:07:08 ET]
Table 'Polonia' 9-max Seat #5 is the button
Seat 1: JNSRQL1992 ($2.31 in chips) 
Seat 2: BlackCat0812 ($6.28 in chips) 
Seat 3: T-Bone881969 ($5 in chips) 
Seat 4: Dorex2007 ($5 in chips) 
Seat 5: Ruan metal ($9.38 in chips) 
Seat 6: KOCETO_1992 ($3.88 in chips) 
Seat 7: Grey5Nine ($4.04 in chips) 
Seat 8: 69jackal69 ($7.44 in chips) 
Seat 9: enixblr ($11.80 in chips) 
KOCETO_1992: posts small blind $0.02
Grey5Nine: posts big blind $0.05
T-Bone881969: posts small & big blinds $0.07
Dorex2007: posts big blind $0.05
*** HOLE CARDS ***
Dealt to Dorex2007 [As Th]
69jackal69: raises $0.05 to $0.10
enixblr: folds 
JNSRQL1992: folds 
BlackCat0812: calls $0.10
T-Bone881969: folds 
Dorex2007: calls $0.05
Ruan metal: folds 
KOCETO_1992: folds 
Grey5Nine: calls $0.05
*** FLOP *** [8s 6h Jc]
Grey5Nine: bets $0.15
69jackal69: calls $0.15
BlackCat0812: folds 
Dorex2007: folds 
*** TURN *** [8s 6h Jc] [7d]
Grey5Nine: bets $0.38
69jackal69: calls $0.38
*** RIVER *** [8s 6h Jc 7d] [Td]
Grey5Nine: bets $1.49
69jackal69: calls $1.49
*** SHOW DOWN ***
Grey5Nine: shows [9c 5c] (a straight, Seven to Jack)
69jackal69: mucks hand 
Grey5Nine collected $4.34 from pot
*** SUMMARY ***
Total pot $4.53 | Rake $0.19 
Board [8s 6h Jc 7d Td]
Seat 1: JNSRQL1992 folded before Flop (didn't bet)
Seat 2: BlackCat0812 folded on the Flop
Seat 3: T-Bone881969 folded before Flop (didn't bet)
Seat 4: Dorex2007 folded on the Flop
Seat 5: Ruan metal (button) folded before Flop (didn't bet)
Seat 6: KOCETO_1992 (small blind) folded before Flop
Seat 7: Grey5Nine (big blind) showed [9c 5c] and won ($4.34) with a straight, Seven to Jack
Seat 8: 69jackal69 mucked [Ts Js]
Seat 9: enixblr folded before Flop (didn't bet)



PokerStars Hand #238361967959:  Hold'em No Limit ($0.02/$0.05 USD) - 2022/09/01 22:08:27 PT [2022/09/02 1:08:27 ET]
Table 'Polonia' 9-max Seat #6 is the button
Seat 1: JNSRQL1992 ($2.31 in chips) 
Seat 2: BlackCat0812 ($6.18 in chips) 
Seat 3: T-Bone881969 ($4.93 in chips) 
Seat 4: Dorex2007 ($5 in chips) 
Seat 5: Ruan metal ($9.38 in chips) 
Seat 6: KOCETO_1992 ($3.86 in chips) 
Seat 7: Grey5Nine ($6.26 in chips) 
Seat 8: 69jackal69 ($5.32 in chips) 
Seat 9: enixblr ($11.80 in chips) 
Grey5Nine: posts small blind $0.02
69jackal69: posts big blind $0.05
*** HOLE CARDS ***
Dealt to Dorex2007 [7h Ah]
enixblr: folds 
JNSRQL1992: folds 
BlackCat0812: folds 
T-Bone881969: folds 
Dorex2007: folds 
Ruan metal: raises $0.10 to $0.15
KOCETO_1992: calls $0.15
Grey5Nine: folds 
69jackal69: raises $0.20 to $0.35
Ruan metal: calls $0.20
KOCETO_1992: calls $0.20
*** FLOP *** [Kd Jd As]
69jackal69: checks 
Ruan metal: checks 
KOCETO_1992: bets $0.31
69jackal69: raises $0.36 to $0.67
Ruan metal: folds 
KOCETO_1992: calls $0.36
*** TURN *** [Kd Jd As] [Qc]
69jackal69: checks 
KOCETO_1992: checks 
*** RIVER *** [Kd Jd As Qc] [4h]
69jackal69: checks 
KOCETO_1992: checks 
*** SHOW DOWN ***
69jackal69: shows [Ad Qd] (two pair, Aces and Queens)
KOCETO_1992: shows [Ks Ac] (two pair, Aces and Kings)
KOCETO_1992 collected $2.31 from pot
*** SUMMARY ***
Total pot $2.41 | Rake $0.10 
Board [Kd Jd As Qc 4h]
Seat 1: JNSRQL1992 folded before Flop (didn't bet)
Seat 2: BlackCat0812 folded before Flop (didn't bet)
Seat 3: T-Bone881969 folded before Flop (didn't bet)
Seat 4: Dorex2007 folded before Flop (didn't bet)
Seat 5: Ruan metal folded on the Flop
Seat 6: KOCETO_1992 (button) showed [Ks Ac] and won ($2.31) with two pair, Aces and Kings
Seat 7: Grey5Nine (small blind) folded before Flop
Seat 8: 69jackal69 (big blind) showed [Ad Qd] and lost with two pair, Aces and Queens
Seat 9: enixblr folded before Flop (didn't bet)



PokerStars Hand #238361981501:  Hold'em No Limit ($0.02/$0.05 USD) - 2022/09/01 22:10:27 PT [2022/09/02 1:10:27 ET]
Table 'Polonia' 9-max Seat #7 is the button
Seat 1: JNSRQL1992 ($2.31 in chips) 
Seat 2: BlackCat0812 ($6.18 in chips) 
Seat 3: T-Bone881969 ($4.93 in chips) 
Seat 4: Dorex2007 ($5 in chips) 
Seat 5: Ruan metal ($9.03 in chips) 
Seat 6: KOCETO_1992 ($5.15 in chips) 
Seat 7: Grey5Nine ($6.24 in chips) 
Seat 8: 69jackal69 ($4.30 in chips) 
Seat 9: enixblr ($11.80 in chips) 
69jackal69: posts small blind $0.02
enixblr: posts big blind $0.05
*** HOLE CARDS ***
Dealt to Dorex2007 [3s Qs]
JNSRQL1992: folds 
BlackCat0812: folds 
T-Bone881969: folds 
Dorex2007: folds 
Ruan metal: folds 
KOCETO_1992: folds 
Grey5Nine: raises $0.10 to $0.15
69jackal69: folds 
enixblr: calls $0.10
*** FLOP *** [2d 9c Ac]
enixblr: checks 
Grey5Nine: bets $0.15
enixblr: folds 
Uncalled bet ($0.15) returned to Grey5Nine
Grey5Nine collected $0.31 from pot
*** SUMMARY ***
Total pot $0.32 | Rake $0.01 
Board [2d 9c Ac]
Seat 1: JNSRQL1992 folded before Flop (didn't bet)
Seat 2: BlackCat0812 folded before Flop (didn't bet)
Seat 3: T-Bone881969 folded before Flop (didn't bet)
Seat 4: Dorex2007 folded before Flop (didn't bet)
Seat 5: Ruan metal folded before Flop (didn't bet)
Seat 6: KOCETO_1992 folded before Flop (didn't bet)
Seat 7: Grey5Nine (button) collected ($0.31)
Seat 8: 69jackal69 (small blind) folded before Flop
Seat 9: enixblr (big blind) folded on the Flop



PokerStars Hand #238361985227:  Hold'em No Limit ($0.02/$0.05 USD) - 2022/09/01 22:10:59 PT [2022/09/02 1:10:59 ET]
Table 'Polonia' 9-max Seat #8 is the button
Seat 1: JNSRQL1992 ($2.31 in chips) 
Seat 2: BlackCat0812 ($6.18 in chips) 
Seat 3: T-Bone881969 ($4.93 in chips) 
Seat 4: Dorex2007 ($5 in chips) 
Seat 5: Ruan metal ($9.03 in chips) 
Seat 6: KOCETO_1992 ($5.15 in chips) 
Seat 7: Grey5Nine ($6.40 in chips) 
Seat 8: 69jackal69 ($5 in chips) 
Seat 9: enixblr ($11.65 in chips) 
enixblr: posts small blind $0.02
JNSRQL1992: posts big blind $0.05
*** HOLE CARDS ***
Dealt to Dorex2007 [4h Jc]
BlackCat0812: calls $0.05
T-Bone881969: folds 
Dorex2007: folds 
Ruan metal: folds 
KOCETO_1992: folds 
Grey5Nine: folds 
69jackal69: folds 
enixblr: calls $0.03
JNSRQL1992: checks 
*** FLOP *** [Kh 9h 2c]
enixblr: checks 
JNSRQL1992: checks 
BlackCat0812: checks 
*** TURN *** [Kh 9h 2c] [Td]
enixblr: checks 
JNSRQL1992: checks 
BlackCat0812: bets $0.10
enixblr: folds 
JNSRQL1992: calls $0.10
*** RIVER *** [Kh 9h 2c Td] [Tc]
JNSRQL1992: checks 
BlackCat0812: checks 
*** SHOW DOWN ***
JNSRQL1992: shows [9d 6s] (two pair, Tens and Nines)
BlackCat0812: mucks hand 
JNSRQL1992 collected $0.34 from pot
*** SUMMARY ***
Total pot $0.35 | Rake $0.01 
Board [Kh 9h 2c Td Tc]
Seat 1: JNSRQL1992 (big blind) showed [9d 6s] and won ($0.34) with two pair, Tens and Nines
Seat 2: BlackCat0812 mucked [8h 8s]
Seat 3: T-Bone881969 folded before Flop (didn't bet)
Seat 4: Dorex2007 folded before Flop (didn't bet)
Seat 5: Ruan metal folded before Flop (didn't bet)
Seat 6: KOCETO_1992 folded before Flop (didn't bet)
Seat 7: Grey5Nine folded before Flop (didn't bet)
Seat 8: 69jackal69 (button) folded before Flop (didn't bet)
Seat 9: enixblr (small blind) folded on the Turn



PokerStars Hand #238361993067:  Hold'em No Limit ($0.02/$0.05 USD) - 2022/09/01 22:12:08 PT [2022/09/02 1:12:08 ET]
Table 'Polonia' 9-max Seat #9 is the button
Seat 1: JNSRQL1992 ($2.50 in chips) 
Seat 2: BlackCat0812 ($6.03 in chips) 
Seat 3: T-Bone881969 ($4.93 in chips) 
Seat 4: Dorex2007 ($5 in chips) 
Seat 5: Ruan metal ($9.03 in chips) 
Seat 6: KOCETO_1992 ($5.15 in chips) 
Seat 7: Grey5Nine ($6.40 in chips) 
Seat 8: 69jackal69 ($5 in chips) 
Seat 9: enixblr ($11.60 in chips) 
JNSRQL1992: posts small blind $0.02
BlackCat0812: posts big blind $0.05
*** HOLE CARDS ***
Dealt to Dorex2007 [Ac 3c]
T-Bone881969: folds 
Dorex2007: folds 
Ruan metal: folds 
KOCETO_1992: folds 
Grey5Nine: raises $0.10 to $0.15
69jackal69: folds 
enixblr: folds 
JNSRQL1992: folds 
BlackCat0812: folds 
Uncalled bet ($0.10) returned to Grey5Nine
Grey5Nine collected $0.12 from pot
*** SUMMARY ***
Total pot $0.12 | Rake $0 
Seat 1: JNSRQL1992 (small blind) folded before Flop
Seat 2: BlackCat0812 (big blind) folded before Flop
Seat 3: T-Bone881969 folded before Flop (didn't bet)
Seat 4: Dorex2007 folded before Flop (didn't bet)
Seat 5: Ruan metal folded before Flop (didn't bet)
Seat 6: KOCETO_1992 folded before Flop (didn't bet)
Seat 7: Grey5Nine collected ($0.12)
Seat 8: 69jackal69 folded before Flop (didn't bet)
Seat 9: enixblr (button) folded before Flop (didn't bet)



PokerStars Hand #238361996817:  Hold'em No Limit ($0.02/$0.05 USD) - 2022/09/01 22:12:41 PT [2022/09/02 1:12:41 ET]
Table 'Polonia' 9-max Seat #1 is the button
Seat 1: JNSRQL1992 ($2.48 in chips) 
Seat 2: BlackCat0812 ($5.98 in chips) 
Seat 3: T-Bone881969 ($4.93 in chips) 
Seat 4: Dorex2007 ($5 in chips) 
Seat 5: Ruan metal ($9.03 in chips) 
Seat 6: KOCETO_1992 ($5.15 in chips) 
Seat 7: Grey5Nine ($6.47 in chips) 
Seat 8: 69jackal69 ($5 in chips) 
Seat 9: enixblr ($11.60 in chips) 
BlackCat0812: posts small blind $0.02
T-Bone881969: posts big blind $0.05
*** HOLE CARDS ***
Dealt to Dorex2007 [Qc 4s]
Dorex2007: folds 
Ruan metal: raises $0.10 to $0.15
KOCETO_1992: folds 
Grey5Nine: folds 
69jackal69: folds 
enixblr: folds 
JNSRQL1992: folds 
69jackal69 leaves the table
BlackCat0812: folds 
T-Bone881969: folds 
Uncalled bet ($0.10) returned to Ruan metal
Ruan metal collected $0.12 from pot
Ruan metal: doesn't show hand 
*** SUMMARY ***
Total pot $0.12 | Rake $0 
Seat 1: JNSRQL1992 (button) folded before Flop (didn't bet)
Seat 2: BlackCat0812 (small blind) folded before Flop
Seat 3: T-Bone881969 (big blind) folded before Flop
Seat 4: Dorex2007 folded before Flop (didn't bet)
Seat 5: Ruan metal collected ($0.12)
Seat 6: KOCETO_1992 folded before Flop (didn't bet)
Seat 7: Grey5Nine folded before Flop (didn't bet)
Seat 8: 69jackal69 folded before Flop (didn't bet)
Seat 9: enixblr folded before Flop (didn't bet)



PokerStars Hand #238362000313:  Hold'em No Limit ($0.02/$0.05 USD) - 2022/09/01 22:13:12 PT [2022/09/02 1:13:12 ET]
Table 'Polonia' 9-max Seat #2 is the button
Seat 1: JNSRQL1992 ($2.48 in chips) 
Seat 2: BlackCat0812 ($5.96 in chips) 
Seat 3: T-Bone881969 ($4.88 in chips) 
Seat 4: Dorex2007 ($5 in chips) 
Seat 5: Ruan metal ($9.10 in chips) 
Seat 6: KOCETO_1992 ($5.15 in chips) 
Seat 7: Grey5Nine ($6.47 in chips) 
Seat 9: enixblr ($11.60 in chips) 
T-Bone881969: posts small blind $0.02
Dorex2007: posts big blind $0.05
*** HOLE CARDS ***
Dealt to Dorex2007 [Ts 5d]
K.Yurka joins the table at seat #8 
Ruan metal: raises $0.10 to $0.15
KOCETO_1992: folds 
Grey5Nine: folds 
enixblr: folds 
JNSRQL1992: folds 
BlackCat0812: folds 
T-Bone881969: calls $0.13
Dorex2007: folds 
*** FLOP *** [Qh Jd 2s]
T-Bone881969: checks 
Ruan metal: bets $0.15
T-Bone881969: calls $0.15
*** TURN *** [Qh Jd 2s] [7d]
T-Bone881969: checks 
Ruan metal: bets $0.25
T-Bone881969: folds 
Uncalled bet ($0.25) returned to Ruan metal
Ruan metal collected $0.62 from pot
Ruan metal: doesn't show hand 
*** SUMMARY ***
Total pot $0.65 | Rake $0.03 
Board [Qh Jd 2s 7d]
Seat 1: JNSRQL1992 folded before Flop (didn't bet)
Seat 2: BlackCat0812 (button) folded before Flop (didn't bet)
Seat 3: T-Bone881969 (small blind) folded on the Turn
Seat 4: Dorex2007 (big blind) folded before Flop
Seat 5: Ruan metal collected ($0.62)
Seat 6: KOCETO_1992 folded before Flop (didn't bet)
Seat 7: Grey5Nine folded before Flop (didn't bet)
Seat 9: enixblr folded before Flop (didn't bet)



PokerStars Hand #238362004832:  Hold'em No Limit ($0.02/$0.05 USD) - 2022/09/01 22:13:52 PT [2022/09/02 1:13:52 ET]
Table 'Polonia' 9-max Seat #3 is the button
Seat 1: JNSRQL1992 ($2.48 in chips) 
Seat 2: BlackCat0812 ($5.96 in chips) 
Seat 3: T-Bone881969 ($4.58 in chips) 
Seat 4: Dorex2007 ($5 in chips) 
Seat 5: Ruan metal ($9.42 in chips) 
Seat 6: KOCETO_1992 ($5.15 in chips) 
Seat 7: Grey5Nine ($6.47 in chips) 
Seat 9: enixblr ($11.60 in chips) 
Dorex2007: posts small blind $0.02
Ruan metal: posts big blind $0.05
K.Yurka: sits out 
*** HOLE CARDS ***
Dealt to Dorex2007 [6d Ac]
KOCETO_1992: folds 
Grey5Nine: raises $0.10 to $0.15
enixblr: folds 
JNSRQL1992: folds 
BlackCat0812: folds 
T-Bone881969: folds 
Dorex2007: folds 
Ruan metal: calls $0.10
*** FLOP *** [Qd 2s Jh]
Ruan metal: checks 
Grey5Nine: bets $0.15
Ruan metal: calls $0.15
*** TURN *** [Qd 2s Jh] [9c]
Ruan metal: checks 
Grey5Nine: bets $0.29
Ruan metal: calls $0.29
*** RIVER *** [Qd 2s Jh 9c] [9h]
Ruan metal: checks 
Grey5Nine: bets $1.15
Ruan metal: folds 
Uncalled bet ($1.15) returned to Grey5Nine
Grey5Nine collected $1.15 from pot
*** SUMMARY ***
Total pot $1.20 | Rake $0.05 
Board [Qd 2s Jh 9c 9h]
Seat 1: JNSRQL1992 folded before Flop (didn't bet)
Seat 2: BlackCat0812 folded before Flop (didn't bet)
Seat 3: T-Bone881969 (button) folded before Flop (didn't bet)
Seat 4: Dorex2007 (small blind) folded before Flop
Seat 5: Ruan metal (big blind) folded on the River
Seat 6: KOCETO_1992 folded before Flop (didn't bet)
Seat 7: Grey5Nine collected ($1.15)
Seat 9: enixblr folded before Flop (didn't bet)



PokerStars Hand #238362010224:  Hold'em No Limit ($0.02/$0.05 USD) - 2022/09/01 22:14:40 PT [2022/09/02 1:14:40 ET]
Table 'Polonia' 9-max Seat #4 is the button
Seat 1: JNSRQL1992 ($2.48 in chips) 
Seat 2: BlackCat0812 ($5.96 in chips) 
Seat 3: T-Bone881969 ($4.58 in chips) 
Seat 4: Dorex2007 ($5 in chips) 
Seat 5: Ruan metal ($8.83 in chips) 
Seat 6: KOCETO_1992 ($5.15 in chips) 
Seat 7: Grey5Nine ($7.03 in chips) 
Seat 9: enixblr ($11.60 in chips) 
Ruan metal: posts small blind $0.02
KOCETO_1992: posts big blind $0.05
K.Yurka: sits out 
*** HOLE CARDS ***
Dealt to Dorex2007 [2s Qc]
Grey5Nine: raises $0.10 to $0.15
enixblr: folds 
JNSRQL1992: calls $0.15
BlackCat0812: calls $0.15
T-Bone881969: folds 
Dorex2007: folds 
Ruan metal: calls $0.13
KOCETO_1992: folds 
*** FLOP *** [8s 6d 5d]
Ruan metal: checks 
Grey5Nine: bets $0.20
JNSRQL1992: folds 
BlackCat0812: folds 
Ruan metal: calls $0.20
*** TURN *** [8s 6d 5d] [2d]
Ruan metal: checks 
Grey5Nine: bets $0.50
Ruan metal: calls $0.50
*** RIVER *** [8s 6d 5d 2d] [Jc]
Ruan metal: bets $2.55
Grey5Nine: calls $2.55
*** SHOW DOWN ***
Ruan metal: shows [8d Kd] (a flush, King high)
Grey5Nine: mucks hand 
Ruan metal collected $6.85 from pot
*** SUMMARY ***
Total pot $7.15 | Rake $0.30 
Board [8s 6d 5d 2d Jc]
Seat 1: JNSRQL1992 folded on the Flop
Seat 2: BlackCat0812 folded on the Flop
Seat 3: T-Bone881969 folded before Flop (didn't bet)
Seat 4: Dorex2007 (button) folded before Flop (didn't bet)
Seat 5: Ruan metal (small blind) showed [8d Kd] and won ($6.85) with a flush, King high
Seat 6: KOCETO_1992 (big blind) folded before Flop
Seat 7: Grey5Nine mucked [9c 9d]
Seat 9: enixblr folded before Flop (didn't bet)



PokerStars Hand #238362018891:  Hold'em No Limit ($0.02/$0.05 USD) - 2022/09/01 22:15:56 PT [2022/09/02 1:15:56 ET]
Table 'Polonia' 9-max Seat #5 is the button
Seat 1: JNSRQL1992 ($2.33 in chips) 
Seat 2: BlackCat0812 ($5.81 in chips) 
Seat 3: T-Bone881969 ($4.58 in chips) 
Seat 4: Dorex2007 ($5 in chips) 
Seat 5: Ruan metal ($12.28 in chips) 
Seat 6: KOCETO_1992 ($5.10 in chips) 
Seat 7: Grey5Nine ($3.63 in chips) 
Seat 9: enixblr ($11.60 in chips) 
KOCETO_1992: posts small blind $0.02
Grey5Nine: posts big blind $0.05
K.Yurka: sits out 
*** HOLE CARDS ***
Dealt to Dorex2007 [Td 4c]
enixblr has timed out
enixblr: folds 
JNSRQL1992: folds 
BlackCat0812: calls $0.05
T-Bone881969: folds 
Dorex2007: folds 
Ruan metal: folds 
KOCETO_1992: folds 
Grey5Nine: checks 
*** FLOP *** [9c 9s Qh]
Grey5Nine: bets $0.12
BlackCat0812: folds 
Uncalled bet ($0.12) returned to Grey5Nine
Grey5Nine collected $0.12 from pot
*** SUMMARY ***
Total pot $0.12 | Rake $0 
Board [9c 9s Qh]
Seat 1: JNSRQL1992 folded before Flop (didn't bet)
Seat 2: BlackCat0812 folded on the Flop
Seat 3: T-Bone881969 folded before Flop (didn't bet)
Seat 4: Dorex2007 folded before Flop (didn't bet)
Seat 5: Ruan metal (button) folded before Flop (didn't bet)
Seat 6: KOCETO_1992 (small blind) folded before Flop
Seat 7: Grey5Nine (big blind) collected ($0.12)
Seat 9: enixblr folded before Flop (didn't bet)



PokerStars Hand #238362023019:  Hold'em No Limit ($0.02/$0.05 USD) - 2022/09/01 22:16:31 PT [2022/09/02 1:16:31 ET]
Table 'Polonia' 9-max Seat #6 is the button
Seat 1: JNSRQL1992 ($2.33 in chips) 
Seat 2: BlackCat0812 ($5.76 in chips) 
Seat 3: T-Bone881969 ($4.58 in chips) 
Seat 4: Dorex2007 ($5 in chips) 
Seat 5: Ruan metal ($12.28 in chips) 
Seat 6: KOCETO_1992 ($5.08 in chips) 
Seat 7: Grey5Nine ($3.70 in chips) 
Seat 8: K.Yurka ($5 in chips) 
Seat 9: enixblr ($11.60 in chips) 
Grey5Nine: posts small blind $0.02
K.Yurka: posts big blind $0.05
*** HOLE CARDS ***
Dealt to Dorex2007 [2s 9s]
enixblr has timed out
enixblr: folds 
JNSRQL1992: folds 
BlackCat0812: calls $0.05
T-Bone881969: folds 
Dorex2007: folds 
Ruan metal: raises $0.20 to $0.25
KOCETO_1992: folds 
Grey5Nine: folds 
K.Yurka: folds 
BlackCat0812: folds 
Uncalled bet ($0.20) returned to Ruan metal
Ruan metal collected $0.17 from pot
Ruan metal: doesn't show hand 
*** SUMMARY ***
Total pot $0.17 | Rake $0 
Seat 1: JNSRQL1992 folded before Flop (didn't bet)
Seat 2: BlackCat0812 folded before Flop
Seat 3: T-Bone881969 folded before Flop (didn't bet)
Seat 4: Dorex2007 folded before Flop (didn't bet)
Seat 5: Ruan metal collected ($0.17)
Seat 6: KOCETO_1992 (button) folded before Flop (didn't bet)
Seat 7: Grey5Nine (small blind) folded before Flop
Seat 8: K.Yurka (big blind) folded before Flop
Seat 9: enixblr folded before Flop (didn't bet)



PokerStars Hand #238362027152:  Hold'em No Limit ($0.02/$0.05 USD) - 2022/09/01 22:17:08 PT [2022/09/02 1:17:08 ET]
Table 'Polonia' 9-max Seat #7 is the button
Seat 1: JNSRQL1992 ($2.33 in chips) 
Seat 2: BlackCat0812 ($5.71 in chips) 
Seat 3: T-Bone881969 ($4.58 in chips) 
Seat 4: Dorex2007 ($5 in chips) 
Seat 5: Ruan metal ($12.40 in chips) 
Seat 6: KOCETO_1992 ($5.08 in chips) 
Seat 7: Grey5Nine ($3.68 in chips) 
Seat 8: K.Yurka ($5 in chips) 
K.Yurka: posts small blind $0.02
JNSRQL1992: posts big blind $0.05
*** HOLE CARDS ***
Dealt to Dorex2007 [Js 3s]
BlackCat0812: folds 
T-Bone881969: folds 
Dorex2007: folds 
Ruan metal: raises $0.10 to $0.15
KOCETO_1992: folds 
Grey5Nine: folds 
K.Yurka: folds 
JNSRQL1992: folds 
Uncalled bet ($0.10) returned to Ruan metal
Ruan metal collected $0.12 from pot
Ruan metal: doesn't show hand 
*** SUMMARY ***
Total pot $0.12 | Rake $0 
Seat 1: JNSRQL1992 (big blind) folded before Flop
Seat 2: BlackCat0812 folded before Flop (didn't bet)
Seat 3: T-Bone881969 folded before Flop (didn't bet)
Seat 4: Dorex2007 folded before Flop (didn't bet)
Seat 5: Ruan metal collected ($0.12)
Seat 6: KOCETO_1992 folded before Flop (didn't bet)
Seat 7: Grey5Nine (button) folded before Flop (didn't bet)
Seat 8: K.Yurka (small blind) folded before Flop



PokerStars Hand #238362030798:  Hold'em No Limit ($0.02/$0.05 USD) - 2022/09/01 22:17:40 PT [2022/09/02 1:17:40 ET]
Table 'Polonia' 9-max Seat #8 is the button
Seat 1: JNSRQL1992 ($2.28 in chips) 
Seat 2: BlackCat0812 ($5.71 in chips) 
Seat 3: T-Bone881969 ($4.58 in chips) 
Seat 4: Dorex2007 ($5 in chips) 
Seat 5: Ruan metal ($12.47 in chips) 
Seat 6: KOCETO_1992 ($5.08 in chips) 
Seat 7: Grey5Nine ($3.68 in chips) 
Seat 8: K.Yurka ($5 in chips) 
JNSRQL1992: posts small blind $0.02
BlackCat0812: posts big blind $0.05
*** HOLE CARDS ***
Dealt to Dorex2007 [5h Ts]
T-Bone881969: raises $0.05 to $0.10
Dorex2007: folds 
Ruan metal: calls $0.10
KOCETO_1992: folds 
Grey5Nine: folds 
K.Yurka: folds 
JNSRQL1992: folds 
BlackCat0812: folds 
*** FLOP *** [9c Kh 6h]
T-Bone881969: checks 
Ruan metal: checks 
*** TURN *** [9c Kh 6h] [2c]
T-Bone881969: checks 
Ruan metal: checks 
*** RIVER *** [9c Kh 6h 2c] [3s]
T-Bone881969: bets $0.15
Ruan metal: folds 
Uncalled bet ($0.15) returned to T-Bone881969
T-Bone881969 collected $0.26 from pot
T-Bone881969: doesn't show hand 
*** SUMMARY ***
Total pot $0.27 | Rake $0.01 
Board [9c Kh 6h 2c 3s]
Seat 1: JNSRQL1992 (small blind) folded before Flop
Seat 2: BlackCat0812 (big blind) folded before Flop
Seat 3: T-Bone881969 collected ($0.26)
Seat 4: Dorex2007 folded before Flop (didn't bet)
Seat 5: Ruan metal folded on the River
Seat 6: KOCETO_1992 folded before Flop (didn't bet)
Seat 7: Grey5Nine folded before Flop (didn't bet)
Seat 8: K.Yurka (button) folded before Flop (didn't bet)



PokerStars Hand #238362038426:  Hold'em No Limit ($0.02/$0.05 USD) - 2022/09/01 22:18:48 PT [2022/09/02 1:18:48 ET]
Table 'Polonia' 9-max Seat #1 is the button
Seat 1: JNSRQL1992 ($2.26 in chips) 
Seat 2: BlackCat0812 ($5.66 in chips) 
Seat 3: T-Bone881969 ($4.74 in chips) 
Seat 4: Dorex2007 ($5 in chips) 
Seat 5: Ruan metal ($12.37 in chips) 
Seat 6: KOCETO_1992 ($5.08 in chips) 
Seat 7: Grey5Nine ($3.68 in chips) 
Seat 8: K.Yurka ($5 in chips) 
BlackCat0812: posts small blind $0.02
T-Bone881969: posts big blind $0.05
enixblr: sits out 
*** HOLE CARDS ***
Dealt to Dorex2007 [3c 6s]
Dorex2007: folds 
Ruan metal: folds 
KOCETO_1992: folds 
Grey5Nine: raises $0.05 to $0.10
K.Yurka: folds 
JNSRQL1992: folds 
BlackCat0812: folds 
T-Bone881969: calls $0.05
*** FLOP *** [3s 6h 5d]
T-Bone881969: checks 
Grey5Nine: bets $0.21
T-Bone881969: calls $0.21
*** TURN *** [3s 6h 5d] [4s]
T-Bone881969: checks 
Grey5Nine: bets $0.61
T-Bone881969: raises $3.82 to $4.43 and is all-in
Grey5Nine: calls $2.76 and is all-in
Uncalled bet ($1.06) returned to T-Bone881969
*** RIVER *** [3s 6h 5d 4s] [Kc]
*** SHOW DOWN ***
T-Bone881969: shows [Jc 7s] (a straight, Three to Seven)
Grey5Nine: shows [Ad Qd] (high card Ace)
T-Bone881969 cashed out the hand for $6.76 | Cash Out Fee $0.07
*** SUMMARY ***
Total pot $7.38 | Rake $0.31 
Board [3s 6h 5d 4s Kc]
Seat 1: JNSRQL1992 (button) folded before Flop (didn't bet)
Seat 2: BlackCat0812 (small blind) folded before Flop
Seat 3: T-Bone881969 (big blind) showed [Jc 7s] and won ($7.07) with a straight, Three to Seven (pot not awarded as player cashed out)
Seat 4: Dorex2007 folded before Flop (didn't bet)
Seat 5: Ruan metal folded before Flop (didn't bet)
Seat 6: KOCETO_1992 folded before Flop (didn't bet)
Seat 7: Grey5Nine showed [Ad Qd] and lost with high card Ace
Seat 8: K.Yurka folded before Flop (didn't bet)



PokerStars Hand #238362046700:  Hold'em No Limit ($0.02/$0.05 USD) - 2022/09/01 22:20:02 PT [2022/09/02 1:20:02 ET]
Table 'Polonia' 9-max Seat #2 is the button
Seat 1: JNSRQL1992 ($2.26 in chips) 
Seat 2: BlackCat0812 ($5.64 in chips) 
Seat 3: T-Bone881969 ($7.82 in chips) 
Seat 4: Dorex2007 ($5 in chips) 
Seat 5: Ruan metal ($12.37 in chips) 
Seat 6: KOCETO_1992 ($5.08 in chips) 
Seat 8: K.Yurka ($5 in chips) 
T-Bone881969: posts small blind $0.02
Dorex2007: posts big blind $0.05
enixblr: sits out 
*** HOLE CARDS ***
Dealt to Dorex2007 [8s 9c]
Ruan metal: folds 
KOCETO_1992: folds 
K.Yurka: raises $0.10 to $0.15
JNSRQL1992: folds 
BlackCat0812: folds 
T-Bone881969: folds 
Dorex2007: folds 
Uncalled bet ($0.10) returned to K.Yurka
K.Yurka collected $0.12 from pot
K.Yurka: doesn't show hand 
*** SUMMARY ***
Total pot $0.12 | Rake $0 
Seat 1: JNSRQL1992 folded before Flop (didn't bet)
Seat 2: BlackCat0812 (button) folded before Flop (didn't bet)
Seat 3: T-Bone881969 (small blind) folded before Flop
Seat 4: Dorex2007 (big blind) folded before Flop
Seat 5: Ruan metal folded before Flop (didn't bet)
Seat 6: KOCETO_1992 folded before Flop (didn't bet)
Seat 8: K.Yurka collected ($0.12)



PokerStars Hand #238362048656:  Hold'em No Limit ($0.02/$0.05 USD) - 2022/09/01 22:20:20 PT [2022/09/02 1:20:20 ET]
Table 'Polonia' 9-max Seat #3 is the button
Seat 1: JNSRQL1992 ($2.26 in chips) 
Seat 2: BlackCat0812 ($5.64 in chips) 
Seat 3: T-Bone881969 ($7.80 in chips) 
Seat 4: Dorex2007 ($5 in chips) 
Seat 5: Ruan metal ($12.37 in chips) 
Seat 6: KOCETO_1992 ($5.08 in chips) 
Seat 7: Grey5Nine ($5 in chips) 
Seat 8: K.Yurka ($5.07 in chips) 
Dorex2007: posts small blind $0.02
Ruan metal: posts big blind $0.05
enixblr: sits out 
*** HOLE CARDS ***
Dealt to Dorex2007 [7h 8c]
KOCETO_1992: folds 
Grey5Nine: folds 
K.Yurka: folds 
JNSRQL1992: raises $0.10 to $0.15
BlackCat0812: folds 
T-Bone881969: folds 
Dorex2007: folds 
Ruan metal: folds 
Uncalled bet ($0.10) returned to JNSRQL1992
JNSRQL1992 collected $0.12 from pot
JNSRQL1992: doesn't show hand 
*** SUMMARY ***
Total pot $0.12 | Rake $0 
Seat 1: JNSRQL1992 collected ($0.12)
Seat 2: BlackCat0812 folded before Flop (didn't bet)
Seat 3: T-Bone881969 (button) folded before Flop (didn't bet)
Seat 4: Dorex2007 (small blind) folded before Flop
Seat 5: Ruan metal (big blind) folded before Flop
Seat 6: KOCETO_1992 folded before Flop (didn't bet)
Seat 7: Grey5Nine folded before Flop (didn't bet)
Seat 8: K.Yurka folded before Flop (didn't bet)



PokerStars Hand #238362051302:  Hold'em No Limit ($0.02/$0.05 USD) - 2022/09/01 22:20:43 PT [2022/09/02 1:20:43 ET]
Table 'Polonia' 9-max Seat #4 is the button
Seat 1: JNSRQL1992 ($2.33 in chips) 
Seat 2: BlackCat0812 ($5.64 in chips) 
Seat 3: T-Bone881969 ($7.80 in chips) 
Seat 4: Dorex2007 ($5 in chips) 
Seat 5: Ruan metal ($12.32 in chips) 
Seat 6: KOCETO_1992 ($5.08 in chips) 
Seat 7: Grey5Nine ($5 in chips) 
Seat 8: K.Yurka ($5.07 in chips) 
Ruan metal: posts small blind $0.02
KOCETO_1992: posts big blind $0.05
enixblr: sits out 
*** HOLE CARDS ***
Dealt to Dorex2007 [9d Ac]
Grey5Nine: folds 
K.Yurka: folds 
JNSRQL1992: raises $0.05 to $0.10
BlackCat0812: folds 
T-Bone881969: calls $0.10
Dorex2007: folds 
Ruan metal: folds 
KOCETO_1992: calls $0.05
*** FLOP *** [Kh 6s Qh]
KOCETO_1992: bets $0.10
JNSRQL1992: calls $0.10
T-Bone881969: folds 
*** TURN *** [Kh 6s Qh] [2d]
KOCETO_1992: checks 
JNSRQL1992: checks 
*** RIVER *** [Kh 6s Qh 2d] [Ah]
KOCETO_1992: checks 
JNSRQL1992: bets $0.35
KOCETO_1992: folds 
Uncalled bet ($0.35) returned to JNSRQL1992
JNSRQL1992 collected $0.50 from pot
JNSRQL1992: doesn't show hand 
*** SUMMARY ***
Total pot $0.52 | Rake $0.02 
Board [Kh 6s Qh 2d Ah]
Seat 1: JNSRQL1992 collected ($0.50)
Seat 2: BlackCat0812 folded before Flop (didn't bet)
Seat 3: T-Bone881969 folded on the Flop
Seat 4: Dorex2007 (button) folded before Flop (didn't bet)
Seat 5: Ruan metal (small blind) folded before Flop
Seat 6: KOCETO_1992 (big blind) folded on the River
Seat 7: Grey5Nine folded before Flop (didn't bet)
Seat 8: K.Yurka folded before Flop (didn't bet)



PokerStars Hand #238362062505:  Hold'em No Limit ($0.02/$0.05 USD) - 2022/09/01 22:22:25 PT [2022/09/02 1:22:25 ET]
Table 'Polonia' 9-max Seat #5 is the button
Seat 1: JNSRQL1992 ($2.63 in chips) 
Seat 2: BlackCat0812 ($5.64 in chips) 
Seat 3: T-Bone881969 ($7.70 in chips) 
Seat 4: Dorex2007 ($5 in chips) 
Seat 5: Ruan metal ($12.30 in chips) 
Seat 6: KOCETO_1992 ($4.88 in chips) 
Seat 7: Grey5Nine ($5 in chips) 
Seat 8: K.Yurka ($5.07 in chips) 
KOCETO_1992: posts small blind $0.02
Grey5Nine: posts big blind $0.05
enixblr: sits out 
*** HOLE CARDS ***
Dealt to Dorex2007 [3s 2d]
K.Yurka: folds 
JNSRQL1992: folds 
BlackCat0812 has timed out
BlackCat0812: folds 
T-Bone881969: folds 
Dorex2007: folds 
Ruan metal: folds 
KOCETO_1992: folds 
Uncalled bet ($0.03) returned to Grey5Nine
Grey5Nine collected $0.04 from pot
*** SUMMARY ***
Total pot $0.04 | Rake $0 
Seat 1: JNSRQL1992 folded before Flop (didn't bet)
Seat 2: BlackCat0812 folded before Flop (didn't bet)
Seat 3: T-Bone881969 folded before Flop (didn't bet)
Seat 4: Dorex2007 folded before Flop (didn't bet)
Seat 5: Ruan metal (button) folded before Flop (didn't bet)
Seat 6: KOCETO_1992 (small blind) folded before Flop
Seat 7: Grey5Nine (big blind) collected ($0.04)
Seat 8: K.Yurka folded before Flop (didn't bet)



PokerStars Hand #238362065151:  Hold'em No Limit ($0.02/$0.05 USD) - 2022/09/01 22:22:48 PT [2022/09/02 1:22:48 ET]
Table 'Polonia' 9-max Seat #6 is the button
Seat 1: JNSRQL1992 ($2.63 in chips) 
Seat 3: T-Bone881969 ($7.70 in chips) 
Seat 4: Dorex2007 ($5 in chips) 
Seat 5: Ruan metal ($12.30 in chips) 
Seat 6: KOCETO_1992 ($4.86 in chips) 
Seat 7: Grey5Nine ($5.02 in chips) 
Seat 8: K.Yurka ($5.07 in chips) 
Grey5Nine: posts small blind $0.02
K.Yurka: posts big blind $0.05
enixblr: sits out 
*** HOLE CARDS ***
Dealt to Dorex2007 [Ad 3h]
JNSRQL1992: folds 
T-Bone881969: folds 
Dorex2007: folds 
Ruan metal: raises $0.10 to $0.15
KOCETO_1992: folds 
Grey5Nine: calls $0.13
K.Yurka: calls $0.10
*** FLOP *** [2s Qh 7h]
Grey5Nine: bets $0.21
K.Yurka: folds 
Ruan metal: raises $0.64 to $0.85
Grey5Nine: calls $0.64
*** TURN *** [2s Qh 7h] [9h]
Grey5Nine: checks 
Ruan metal: checks 
*** RIVER *** [2s Qh 7h 9h] [Ac]
Grey5Nine: checks 
Ruan metal: checks 
*** SHOW DOWN ***
Grey5Nine: shows [Jd Js] (a pair of Jacks)
Ruan metal: shows [Ks Kh] (a pair of Kings)
Ruan metal collected $2.06 from pot
*** SUMMARY ***
Total pot $2.15 | Rake $0.09 
Board [2s Qh 7h 9h Ac]
Seat 1: JNSRQL1992 folded before Flop (didn't bet)
Seat 3: T-Bone881969 folded before Flop (didn't bet)
Seat 4: Dorex2007 folded before Flop (didn't bet)
Seat 5: Ruan metal showed [Ks Kh] and won ($2.06) with a pair of Kings
Seat 6: KOCETO_1992 (button) folded before Flop (didn't bet)
Seat 7: Grey5Nine (small blind) showed [Jd Js] and lost with a pair of Jacks
Seat 8: K.Yurka (big blind) folded on the Flop



PokerStars Hand #238362071893:  Hold'em No Limit ($0.02/$0.05 USD) - 2022/09/01 22:23:48 PT [2022/09/02 1:23:48 ET]
Table 'Polonia' 9-max Seat #7 is the button
Seat 1: JNSRQL1992 ($2.63 in chips) 
Seat 2: BlackCat0812 ($5.64 in chips) 
Seat 3: T-Bone881969 ($7.70 in chips) 
Seat 4: Dorex2007 ($5 in chips) 
Seat 5: Ruan metal ($13.36 in chips) 
Seat 6: KOCETO_1992 ($4.86 in chips) 
Seat 7: Grey5Nine ($4.02 in chips) 
Seat 8: K.Yurka ($5 in chips) 
Seat 9: enixblr ($11.60 in chips) 
K.Yurka: posts small blind $0.02
enixblr: posts big blind $0.05
*** HOLE CARDS ***
Dealt to Dorex2007 [8c Qc]
JNSRQL1992: raises $0.05 to $0.10
BlackCat0812: folds 
T-Bone881969: folds 
Dorex2007: folds 
Ruan metal: folds 
KOCETO_1992: folds 
Grey5Nine: raises $0.05 to $0.15
K.Yurka: folds 
enixblr: folds 
JNSRQL1992: calls $0.05
*** FLOP *** [8h Ad 4d]
JNSRQL1992: checks 
Grey5Nine: bets $0.35
JNSRQL1992: raises $0.50 to $0.85
Grey5Nine: raises $3.02 to $3.87 and is all-in
JNSRQL1992: calls $1.63 and is all-in
Uncalled bet ($1.39) returned to Grey5Nine
*** TURN *** [8h Ad 4d] [7d]
*** RIVER *** [8h Ad 4d 7d] [5c]
*** SHOW DOWN ***
JNSRQL1992: shows [4c 4h] (three of a kind, Fours)
Grey5Nine: shows [Ac 9d] (a pair of Aces)
JNSRQL1992 collected $5.11 from pot
*** SUMMARY ***
Total pot $5.33 | Rake $0.22 
Board [8h Ad 4d 7d 5c]
Seat 1: JNSRQL1992 showed [4c 4h] and won ($5.11) with three of a kind, Fours
Seat 2: BlackCat0812 folded before Flop (didn't bet)
Seat 3: T-Bone881969 folded before Flop (didn't bet)
Seat 4: Dorex2007 folded before Flop (didn't bet)
Seat 5: Ruan metal folded before Flop (didn't bet)
Seat 6: KOCETO_1992 folded before Flop (didn't bet)
Seat 7: Grey5Nine (button) showed [Ac 9d] and lost with a pair of Aces
Seat 8: K.Yurka (small blind) folded before Flop
Seat 9: enixblr (big blind) folded before Flop



PokerStars Hand #238362078825:  Hold'em No Limit ($0.02/$0.05 USD) - 2022/09/01 22:24:52 PT [2022/09/02 1:24:52 ET]
Table 'Polonia' 9-max Seat #8 is the button
Seat 1: JNSRQL1992 ($5.11 in chips) 
Seat 2: BlackCat0812 ($5.64 in chips) 
Seat 3: T-Bone881969 ($7.70 in chips) 
Seat 4: Dorex2007 ($5 in chips) 
Seat 5: Ruan metal ($13.36 in chips) 
Seat 6: KOCETO_1992 ($4.86 in chips) 
Seat 7: Grey5Nine ($1.39 in chips) 
Seat 8: K.Yurka ($5 in chips) 
Seat 9: enixblr ($11.55 in chips) 
enixblr: posts small blind $0.02
JNSRQL1992: posts big blind $0.05
*** HOLE CARDS ***
Dealt to Dorex2007 [2d 6s]
BlackCat0812: folds 
T-Bone881969: folds 
Dorex2007: folds 
Ruan metal: folds 
KOCETO_1992: raises $0.07 to $0.12
Grey5Nine: calls $0.12
K.Yurka: folds 
enixblr: folds 
JNSRQL1992: folds 
*** FLOP *** [8s 3d Th]
KOCETO_1992: bets $0.10
Grey5Nine: raises $0.50 to $0.60
KOCETO_1992: folds 
Uncalled bet ($0.50) returned to Grey5Nine
Grey5Nine collected $0.49 from pot
*** SUMMARY ***
Total pot $0.51 | Rake $0.02 
Board [8s 3d Th]
Seat 1: JNSRQL1992 (big blind) folded before Flop
Seat 2: BlackCat0812 folded before Flop (didn't bet)
Seat 3: T-Bone881969 folded before Flop (didn't bet)
Seat 4: Dorex2007 folded before Flop (didn't bet)
Seat 5: Ruan metal folded before Flop (didn't bet)
Seat 6: KOCETO_1992 folded on the Flop
Seat 7: Grey5Nine collected ($0.49)
Seat 8: K.Yurka (button) folded before Flop (didn't bet)
Seat 9: enixblr (small blind) folded before Flop



PokerStars Hand #238362084769:  Hold'em No Limit ($0.02/$0.05 USD) - 2022/09/01 22:25:45 PT [2022/09/02 1:25:45 ET]
Table 'Polonia' 9-max Seat #9 is the button
Seat 1: JNSRQL1992 ($5.06 in chips) 
Seat 2: BlackCat0812 ($5.64 in chips) 
Seat 3: T-Bone881969 ($7.70 in chips) 
Seat 4: Dorex2007 ($5 in chips) 
Seat 5: Ruan metal ($13.36 in chips) 
Seat 6: KOCETO_1992 ($4.64 in chips) 
Seat 7: Grey5Nine ($1.66 in chips) 
Seat 8: K.Yurka ($5 in chips) 
Seat 9: enixblr ($11.53 in chips) 
JNSRQL1992: posts small blind $0.02
BlackCat0812: posts big blind $0.05
*** HOLE CARDS ***
Dealt to Dorex2007 [Js 2s]
T-Bone881969: calls $0.05
Dorex2007: folds 
Ruan metal: folds 
KOCETO_1992: folds 
Grey5Nine: raises $0.10 to $0.15
K.Yurka: folds 
enixblr: folds 
JNSRQL1992: folds 
BlackCat0812: folds 
T-Bone881969: calls $0.10
*** FLOP *** [Ks 4d 7c]
T-Bone881969: checks 
Grey5Nine: bets $0.35
T-Bone881969: folds 
Uncalled bet ($0.35) returned to Grey5Nine
Grey5Nine collected $0.35 from pot
*** SUMMARY ***
Total pot $0.37 | Rake $0.02 
Board [Ks 4d 7c]
Seat 1: JNSRQL1992 (small blind) folded before Flop
Seat 2: BlackCat0812 (big blind) folded before Flop
Seat 3: T-Bone881969 folded on the Flop
Seat 4: Dorex2007 folded before Flop (didn't bet)
Seat 5: Ruan metal folded before Flop (didn't bet)
Seat 6: KOCETO_1992 folded before Flop (didn't bet)
Seat 7: Grey5Nine collected ($0.35)
Seat 8: K.Yurka folded before Flop (didn't bet)
Seat 9: enixblr (button) folded before Flop (didn't bet)



PokerStars Hand #238362089500:  Hold'em No Limit ($0.02/$0.05 USD) - 2022/09/01 22:26:28 PT [2022/09/02 1:26:28 ET]
Table 'Polonia' 9-max Seat #1 is the button
Seat 1: JNSRQL1992 ($5.04 in chips) 
Seat 2: BlackCat0812 ($5.59 in chips) 
Seat 3: T-Bone881969 ($7.55 in chips) 
Seat 4: Dorex2007 ($5 in chips) 
Seat 5: Ruan metal ($13.36 in chips) 
Seat 6: KOCETO_1992 ($4.64 in chips) 
Seat 7: Grey5Nine ($1.86 in chips) 
Seat 8: K.Yurka ($5 in chips) 
Seat 9: enixblr ($11.53 in chips) 
BlackCat0812: posts small blind $0.02
T-Bone881969: posts big blind $0.05
*** HOLE CARDS ***
Dealt to Dorex2007 [Qc 4h]
Dorex2007: folds 
Ruan metal: raises $0.10 to $0.15
KOCETO_1992: folds 
Grey5Nine: calls $0.15
K.Yurka: folds 
enixblr: folds 
JNSRQL1992: folds 
BlackCat0812: folds 
T-Bone881969: folds 
*** FLOP *** [2s 4c Jd]
Ruan metal: checks 
Grey5Nine: bets $0.35
Ruan metal: calls $0.35
*** TURN *** [2s 4c Jd] [Ac]
Ruan metal: checks 
Grey5Nine: bets $1.36 and is all-in
Ruan metal: calls $1.36
*** RIVER *** [2s 4c Jd Ac] [5c]
*** SHOW DOWN ***
Ruan metal: shows [As Jh] (two pair, Aces and Jacks)
Grey5Nine: shows [3c Tc] (a flush, Ace high)
Grey5Nine collected $3.63 from pot
Ruan metal cashed out the hand for $2.70 | Cash Out Fee $0.03
*** SUMMARY ***
Total pot $3.79 | Rake $0.16 
Board [2s 4c Jd Ac 5c]
Seat 1: JNSRQL1992 (button) folded before Flop (didn't bet)
Seat 2: BlackCat0812 (small blind) folded before Flop
Seat 3: T-Bone881969 (big blind) folded before Flop
Seat 4: Dorex2007 folded before Flop (didn't bet)
Seat 5: Ruan metal showed [As Jh] and lost with two pair, Aces and Jacks (cashed out).
Seat 6: KOCETO_1992 folded before Flop (didn't bet)
Seat 7: Grey5Nine showed [3c Tc] and won ($3.63) with a flush, Ace high
Seat 8: K.Yurka folded before Flop (didn't bet)
Seat 9: enixblr folded before Flop (didn't bet)



PokerStars Hand #238362095552:  Hold'em No Limit ($0.02/$0.05 USD) - 2022/09/01 22:27:23 PT [2022/09/02 1:27:23 ET]
Table 'Polonia' 9-max Seat #2 is the button
Seat 1: JNSRQL1992 ($5.04 in chips) 
Seat 2: BlackCat0812 ($5.57 in chips) 
Seat 3: T-Bone881969 ($7.50 in chips) 
Seat 4: Dorex2007 ($5 in chips) 
Seat 5: Ruan metal ($14.20 in chips) 
Seat 6: KOCETO_1992 ($4.64 in chips) 
Seat 7: Grey5Nine ($3.63 in chips) 
Seat 8: K.Yurka ($5 in chips) 
Seat 9: enixblr ($11.53 in chips) 
T-Bone881969: posts small blind $0.02
Dorex2007: posts big blind $0.05
*** HOLE CARDS ***
Dealt to Dorex2007 [6s Ts]
Ruan metal: raises $0.10 to $0.15
KOCETO_1992: folds 
Grey5Nine: calls $0.15
K.Yurka: folds 
enixblr: folds 
JNSRQL1992: folds 
BlackCat0812: folds 
T-Bone881969: folds 
Dorex2007: folds 
*** FLOP *** [2s 7d 2c]
Ruan metal: checks 
Grey5Nine: bets $0.17
Ruan metal: calls $0.17
*** TURN *** [2s 7d 2c] [8d]
Ruan metal: checks 
Grey5Nine: bets $0.34
Ruan metal: folds 
Uncalled bet ($0.34) returned to Grey5Nine
Grey5Nine collected $0.68 from pot
*** SUMMARY ***
Total pot $0.71 | Rake $0.03 
Board [2s 7d 2c 8d]
Seat 1: JNSRQL1992 folded before Flop (didn't bet)
Seat 2: BlackCat0812 (button) folded before Flop (didn't bet)
Seat 3: T-Bone881969 (small blind) folded before Flop
Seat 4: Dorex2007 (big blind) folded before Flop
Seat 5: Ruan metal folded on the Turn
Seat 6: KOCETO_1992 folded before Flop (didn't bet)
Seat 7: Grey5Nine collected ($0.68)
Seat 8: K.Yurka folded before Flop (didn't bet)
Seat 9: enixblr folded before Flop (didn't bet)



PokerStars Hand #238362102103:  Hold'em No Limit ($0.02/$0.05 USD) - 2022/09/01 22:28:23 PT [2022/09/02 1:28:23 ET]
Table 'Polonia' 9-max Seat #3 is the button
Seat 1: JNSRQL1992 ($5.04 in chips) 
Seat 2: BlackCat0812 ($5.57 in chips) 
Seat 3: T-Bone881969 ($7.48 in chips) 
Seat 4: Dorex2007 ($5 in chips) 
Seat 5: Ruan metal ($13.88 in chips) 
Seat 6: KOCETO_1992 ($4.64 in chips) 
Seat 7: Grey5Nine ($3.99 in chips) 
Seat 8: K.Yurka ($5 in chips) 
Seat 9: enixblr ($11.53 in chips) 
Dorex2007: posts small blind $0.02
Ruan metal: posts big blind $0.05
*** HOLE CARDS ***
Dealt to Dorex2007 [6c Ts]
KOCETO_1992: folds 
Grey5Nine: folds 
K.Yurka: folds 
enixblr: raises $0.10 to $0.15
JNSRQL1992: raises $0.30 to $0.45
BlackCat0812: folds 
T-Bone881969: folds 
Dorex2007: folds 
Ruan metal: folds 
enixblr: calls $0.30
*** FLOP *** [6h Js 2c]
enixblr: checks 
JNSRQL1992: bets $0.55
enixblr: folds 
Uncalled bet ($0.55) returned to JNSRQL1992
JNSRQL1992 collected $0.93 from pot
JNSRQL1992: doesn't show hand 
*** SUMMARY ***
Total pot $0.97 | Rake $0.04 
Board [6h Js 2c]
Seat 1: JNSRQL1992 collected ($0.93)
Seat 2: BlackCat0812 folded before Flop (didn't bet)
Seat 3: T-Bone881969 (button) folded before Flop (didn't bet)
Seat 4: Dorex2007 (small blind) folded before Flop
Seat 5: Ruan metal (big blind) folded before Flop
Seat 6: KOCETO_1992 folded before Flop (didn't bet)
Seat 7: Grey5Nine folded before Flop (didn't bet)
Seat 8: K.Yurka folded before Flop (didn't bet)
Seat 9: enixblr folded on the Flop



PokerStars Hand #238362109768:  Hold'em No Limit ($0.02/$0.05 USD) - 2022/09/01 22:29:32 PT [2022/09/02 1:29:32 ET]
Table 'Polonia' 9-max Seat #4 is the button
Seat 1: JNSRQL1992 ($5.52 in chips) 
Seat 2: BlackCat0812 ($5.57 in chips) 
Seat 3: T-Bone881969 ($7.48 in chips) 
Seat 4: Dorex2007 ($5 in chips) 
Seat 5: Ruan metal ($13.83 in chips) 
Seat 6: KOCETO_1992 ($4.64 in chips) 
Seat 7: Grey5Nine ($3.99 in chips) 
Seat 8: K.Yurka ($5 in chips) 
Seat 9: enixblr ($11.08 in chips) 
Ruan metal: posts small blind $0.02
KOCETO_1992: posts big blind $0.05
*** HOLE CARDS ***
Dealt to Dorex2007 [9c 8h]
Grey5Nine: folds 
K.Yurka: folds 
enixblr: folds 
JNSRQL1992: folds 
BlackCat0812: calls $0.05
T-Bone881969: folds 
Dorex2007: folds 
Ruan metal: folds 
KOCETO_1992: checks 
*** FLOP *** [2d Qs Qh]
KOCETO_1992: checks 
BlackCat0812: checks 
*** TURN *** [2d Qs Qh] [3h]
KOCETO_1992: checks 
BlackCat0812: checks 
*** RIVER *** [2d Qs Qh 3h] [Tc]
KOCETO_1992: checks 
BlackCat0812: checks 
*** SHOW DOWN ***
KOCETO_1992: shows [9h 6c] (a pair of Queens)
BlackCat0812: shows [8s As] (a pair of Queens - Ace kicker)
BlackCat0812 collected $0.12 from pot
*** SUMMARY ***
Total pot $0.12 | Rake $0 
Board [2d Qs Qh 3h Tc]
Seat 1: JNSRQL1992 folded before Flop (didn't bet)
Seat 2: BlackCat0812 showed [8s As] and won ($0.12) with a pair of Queens
Seat 3: T-Bone881969 folded before Flop (didn't bet)
Seat 4: Dorex2007 (button) folded before Flop (didn't bet)
Seat 5: Ruan metal (small blind) folded before Flop
Seat 6: KOCETO_1992 (big blind) showed [9h 6c] and lost with a pair of Queens
Seat 7: Grey5Nine folded before Flop (didn't bet)
Seat 8: K.Yurka folded before Flop (didn't bet)
Seat 9: enixblr folded before Flop (didn't bet)



PokerStars Hand #238362115022:  Hold'em No Limit ($0.02/$0.05 USD) - 2022/09/01 22:30:21 PT [2022/09/02 1:30:21 ET]
Table 'Polonia' 9-max Seat #5 is the button
Seat 1: JNSRQL1992 ($5.52 in chips) 
Seat 2: BlackCat0812 ($5.64 in chips) 
Seat 3: T-Bone881969 ($7.48 in chips) 
Seat 4: Dorex2007 ($5 in chips) 
Seat 5: Ruan metal ($13.81 in chips) 
Seat 6: KOCETO_1992 ($4.59 in chips) 
Seat 7: Grey5Nine ($3.99 in chips) 
Seat 8: K.Yurka ($5 in chips) 
Seat 9: enixblr ($11.08 in chips) 
KOCETO_1992: posts small blind $0.02
Grey5Nine: posts big blind $0.05
*** HOLE CARDS ***
Dealt to Dorex2007 [2d 7d]
K.Yurka: folds 
enixblr has timed out
enixblr: folds 
JNSRQL1992: folds 
BlackCat0812: folds 
T-Bone881969: calls $0.05
Dorex2007: folds 
Ruan metal: calls $0.05
KOCETO_1992: calls $0.03
Grey5Nine: raises $0.10 to $0.15
T-Bone881969: calls $0.10
Ruan metal: calls $0.10
KOCETO_1992: folds 
*** FLOP *** [Ts 3h 7c]
Grey5Nine: bets $0.24
T-Bone881969: folds 
Ruan metal: folds 
Uncalled bet ($0.24) returned to Grey5Nine
Grey5Nine collected $0.48 from pot
*** SUMMARY ***
Total pot $0.50 | Rake $0.02 
Board [Ts 3h 7c]
Seat 1: JNSRQL1992 folded before Flop (didn't bet)
Seat 2: BlackCat0812 folded before Flop (didn't bet)
Seat 3: T-Bone881969 folded on the Flop
Seat 4: Dorex2007 folded before Flop (didn't bet)
Seat 5: Ruan metal (button) folded on the Flop
Seat 6: KOCETO_1992 (small blind) folded before Flop
Seat 7: Grey5Nine (big blind) collected ($0.48)
Seat 8: K.Yurka folded before Flop (didn't bet)
Seat 9: enixblr folded before Flop (didn't bet)



PokerStars Hand #238362120769:  Hold'em No Limit ($0.02/$0.05 USD) - 2022/09/01 22:31:14 PT [2022/09/02 1:31:14 ET]
Table 'Polonia' 9-max Seat #6 is the button
Seat 1: JNSRQL1992 ($5.52 in chips) 
Seat 2: BlackCat0812 ($5.64 in chips) 
Seat 3: T-Bone881969 ($7.33 in chips) 
Seat 4: Dorex2007 ($5 in chips) 
Seat 5: Ruan metal ($13.66 in chips) 
Seat 6: KOCETO_1992 ($4.54 in chips) 
Seat 7: Grey5Nine ($4.32 in chips) 
Seat 8: K.Yurka ($5 in chips) 
Seat 9: enixblr ($11.08 in chips) 
Grey5Nine: posts small blind $0.02
K.Yurka: posts big blind $0.05
*** HOLE CARDS ***
Dealt to Dorex2007 [6s Ts]
enixblr: folds 
JNSRQL1992: folds 
BlackCat0812: calls $0.05
T-Bone881969: folds 
Dorex2007: folds 
Ruan metal: folds 
KOCETO_1992: raises $0.12 to $0.17
Grey5Nine: folds 
K.Yurka: folds 
BlackCat0812: folds 
Uncalled bet ($0.12) returned to KOCETO_1992
KOCETO_1992 collected $0.17 from pot
*** SUMMARY ***
Total pot $0.17 | Rake $0 
Seat 1: JNSRQL1992 folded before Flop (didn't bet)
Seat 2: BlackCat0812 folded before Flop
Seat 3: T-Bone881969 folded before Flop (didn't bet)
Seat 4: Dorex2007 folded before Flop (didn't bet)
Seat 5: Ruan metal folded before Flop (didn't bet)
Seat 6: KOCETO_1992 (button) collected ($0.17)
Seat 7: Grey5Nine (small blind) folded before Flop
Seat 8: K.Yurka (big blind) folded before Flop
Seat 9: enixblr folded before Flop (didn't bet)



PokerStars Hand #238362123235:  Hold'em No Limit ($0.02/$0.05 USD) - 2022/09/01 22:31:36 PT [2022/09/02 1:31:36 ET]
Table 'Polonia' 9-max Seat #7 is the button
Seat 1: JNSRQL1992 ($5.52 in chips) 
Seat 2: BlackCat0812 ($5.59 in chips) 
Seat 3: T-Bone881969 ($7.33 in chips) 
Seat 4: Dorex2007 ($5 in chips) 
Seat 5: Ruan metal ($13.66 in chips) 
Seat 6: KOCETO_1992 ($4.66 in chips) 
Seat 7: Grey5Nine ($4.30 in chips) 
Seat 8: K.Yurka ($5 in chips) 
Seat 9: enixblr ($11.08 in chips) 
K.Yurka: posts small blind $0.02
enixblr: posts big blind $0.05
*** HOLE CARDS ***
Dealt to Dorex2007 [9c Kc]
JNSRQL1992: raises $0.05 to $0.10
BlackCat0812: calls $0.10
T-Bone881969: calls $0.10
Dorex2007: folds 
Ruan metal: folds 
KOCETO_1992: folds 
Grey5Nine: raises $0.05 to $0.15
K.Yurka: calls $0.13
enixblr: folds 
JNSRQL1992: calls $0.05
BlackCat0812: calls $0.05
T-Bone881969: calls $0.05
*** FLOP *** [Qs 6s 8d]
K.Yurka: checks 
JNSRQL1992: checks 
BlackCat0812: bets $0.10
T-Bone881969: folds 
Grey5Nine: calls $0.10
K.Yurka: calls $0.10
JNSRQL1992: calls $0.10
*** TURN *** [Qs 6s 8d] [5h]
K.Yurka: checks 
JNSRQL1992: checks 
BlackCat0812: checks 
Grey5Nine: bets $0.57
K.Yurka: folds 
JNSRQL1992: calls $0.57
BlackCat0812: folds 
*** RIVER *** [Qs 6s 8d 5h] [4c]
JNSRQL1992: bets $0.70
Grey5Nine: calls $0.70
*** SHOW DOWN ***
JNSRQL1992: shows [9h 9d] (a pair of Nines)
Grey5Nine: mucks hand 
JNSRQL1992 collected $3.58 from pot
*** SUMMARY ***
Total pot $3.74 | Rake $0.16 
Board [Qs 6s 8d 5h 4c]
Seat 1: JNSRQL1992 showed [9h 9d] and won ($3.58) with a pair of Nines
Seat 2: BlackCat0812 folded on the Turn
Seat 3: T-Bone881969 folded on the Flop
Seat 4: Dorex2007 folded before Flop (didn't bet)
Seat 5: Ruan metal folded before Flop (didn't bet)
Seat 6: KOCETO_1992 folded before Flop (didn't bet)
Seat 7: Grey5Nine (button) mucked [As 8h]
Seat 8: K.Yurka (small blind) folded on the Turn
Seat 9: enixblr (big blind) folded before Flop



PokerStars Hand #238362138472:  Hold'em No Limit ($0.02/$0.05 USD) - 2022/09/01 22:33:55 PT [2022/09/02 1:33:55 ET]
Table 'Polonia' 9-max Seat #8 is the button
Seat 1: JNSRQL1992 ($7.58 in chips) 
Seat 2: BlackCat0812 ($5.34 in chips) 
Seat 3: T-Bone881969 ($7.18 in chips) 
Seat 4: Dorex2007 ($5 in chips) 
Seat 5: Ruan metal ($13.66 in chips) 
Seat 6: KOCETO_1992 ($4.66 in chips) 
Seat 7: Grey5Nine ($2.78 in chips) 
Seat 8: K.Yurka ($5 in chips) 
Seat 9: enixblr ($11.03 in chips) 
enixblr: posts small blind $0.02
JNSRQL1992: posts big blind $0.05
*** HOLE CARDS ***
Dealt to Dorex2007 [9c Qs]
BlackCat0812 has timed out
BlackCat0812: folds 
T-Bone881969: raises $0.20 to $0.25
Dorex2007: folds 
Ruan metal: folds 
KOCETO_1992: folds 
Grey5Nine: folds 
K.Yurka: folds 
enixblr: folds 
JNSRQL1992: folds 
Uncalled bet ($0.20) returned to T-Bone881969
T-Bone881969 collected $0.12 from pot
*** SUMMARY ***
Total pot $0.12 | Rake $0 
Seat 1: JNSRQL1992 (big blind) folded before Flop
Seat 2: BlackCat0812 folded before Flop (didn't bet)
Seat 3: T-Bone881969 collected ($0.12)
Seat 4: Dorex2007 folded before Flop (didn't bet)
Seat 5: Ruan metal folded before Flop (didn't bet)
Seat 6: KOCETO_1992 folded before Flop (didn't bet)
Seat 7: Grey5Nine folded before Flop (didn't bet)
Seat 8: K.Yurka (button) folded before Flop (didn't bet)
Seat 9: enixblr (small blind) folded before Flop



PokerStars Hand #238362141609:  Hold'em No Limit ($0.02/$0.05 USD) - 2022/09/01 22:34:23 PT [2022/09/02 1:34:23 ET]
Table 'Polonia' 9-max Seat #9 is the button
Seat 1: JNSRQL1992 ($7.53 in chips) 
Seat 2: BlackCat0812 ($5.34 in chips) 
Seat 3: T-Bone881969 ($7.25 in chips) 
Seat 4: Dorex2007 ($5 in chips) 
Seat 5: Ruan metal ($13.66 in chips) 
Seat 6: KOCETO_1992 ($4.66 in chips) 
Seat 7: Grey5Nine ($2.78 in chips) 
Seat 8: K.Yurka ($5 in chips) 
Seat 9: enixblr ($11.01 in chips) 
JNSRQL1992: posts small blind $0.02
BlackCat0812: posts big blind $0.05
*** HOLE CARDS ***
Dealt to Dorex2007 [9c 3h]
T-Bone881969: raises $0.15 to $0.20
Dorex2007: folds 
Ruan metal: folds 
KOCETO_1992: folds 
Grey5Nine: calls $0.20
K.Yurka: folds 
enixblr: folds 
JNSRQL1992: folds 
BlackCat0812: folds 
*** FLOP *** [Qh 7d 4h]
T-Bone881969: bets $0.45
Grey5Nine: calls $0.45
*** TURN *** [Qh 7d 4h] [Ac]
T-Bone881969: bets $1.50
Grey5Nine: calls $1.50
*** RIVER *** [Qh 7d 4h Ac] [Ah]
T-Bone881969: bets $0.75
Grey5Nine: calls $0.63 and is all-in
Uncalled bet ($0.12) returned to T-Bone881969
*** SHOW DOWN ***
T-Bone881969: shows [As Qc] (a full house, Aces full of Queens)
Grey5Nine: shows [Jh 5h] (a flush, Ace high)
T-Bone881969 collected $5.40 from pot
*** SUMMARY ***
Total pot $5.63 | Rake $0.23 
Board [Qh 7d 4h Ac Ah]
Seat 1: JNSRQL1992 (small blind) folded before Flop
Seat 2: BlackCat0812 (big blind) folded before Flop
Seat 3: T-Bone881969 showed [As Qc] and won ($5.40) with a full house, Aces full of Queens
Seat 4: Dorex2007 folded before Flop (didn't bet)
Seat 5: Ruan metal folded before Flop (didn't bet)
Seat 6: KOCETO_1992 folded before Flop (didn't bet)
Seat 7: Grey5Nine showed [Jh 5h] and lost with a flush, Ace high
Seat 8: K.Yurka folded before Flop (didn't bet)
Seat 9: enixblr (button) folded before Flop (didn't bet)



PokerStars Hand #238362149271:  Hold'em No Limit ($0.02/$0.05 USD) - 2022/09/01 22:35:34 PT [2022/09/02 1:35:34 ET]
Table 'Polonia' 9-max Seat #1 is the button
Seat 1: JNSRQL1992 ($7.51 in chips) 
Seat 2: BlackCat0812 ($5.29 in chips) 
Seat 3: T-Bone881969 ($9.87 in chips) 
Seat 4: Dorex2007 ($5 in chips) 
Seat 5: Ruan metal ($13.66 in chips) 
Seat 6: KOCETO_1992 ($4.66 in chips) 
Seat 8: K.Yurka ($5 in chips) 
Seat 9: enixblr ($11.01 in chips) 
BlackCat0812: posts small blind $0.02
T-Bone881969: posts big blind $0.05
*** HOLE CARDS ***
Dealt to Dorex2007 [4d Ad]
Dorex2007: folds 
Grey5Nine is disconnected 
Ruan metal: folds 
KOCETO_1992: folds 
K.Yurka: raises $0.10 to $0.15
enixblr: folds 
JNSRQL1992: folds 
BlackCat0812: folds 
T-Bone881969: folds 
Uncalled bet ($0.10) returned to K.Yurka
K.Yurka collected $0.12 from pot
K.Yurka: doesn't show hand 
*** SUMMARY ***
Total pot $0.12 | Rake $0 
Seat 1: JNSRQL1992 (button) folded before Flop (didn't bet)
Seat 2: BlackCat0812 (small blind) folded before Flop
Seat 3: T-Bone881969 (big blind) folded before Flop
Seat 4: Dorex2007 folded before Flop (didn't bet)
Seat 5: Ruan metal folded before Flop (didn't bet)
Seat 6: KOCETO_1992 folded before Flop (didn't bet)
Seat 8: K.Yurka collected ($0.12)
Seat 9: enixblr folded before Flop (didn't bet)



PokerStars Hand #238362152915:  Hold'em No Limit ($0.02/$0.05 USD) - 2022/09/01 22:36:06 PT [2022/09/02 1:36:06 ET]
Table 'Polonia' 9-max Seat #2 is the button
Seat 1: JNSRQL1992 ($7.51 in chips) 
Seat 2: BlackCat0812 ($5.27 in chips) 
Seat 3: T-Bone881969 ($9.82 in chips) 
Seat 4: Dorex2007 ($5 in chips) 
Seat 5: Ruan metal ($13.66 in chips) 
Seat 6: KOCETO_1992 ($4.66 in chips) 
Seat 8: K.Yurka ($5.07 in chips) 
Seat 9: enixblr ($11.01 in chips) 
T-Bone881969: posts small blind $0.02
Dorex2007: posts big blind $0.05
*** HOLE CARDS ***
Dealt to Dorex2007 [6s Kc]
Ruan metal: folds 
KOCETO_1992: folds 
K.Yurka: folds 
enixblr: folds 
JNSRQL1992: folds 
BlackCat0812: folds 
T-Bone881969: calls $0.03
Dorex2007: checks 
*** FLOP *** [9d 2c 4h]
T-Bone881969: checks 
Dorex2007: checks 
*** TURN *** [9d 2c 4h] [2s]
T-Bone881969: checks 
Dorex2007: checks 
*** RIVER *** [9d 2c 4h 2s] [7h]
T-Bone881969: checks 
Dorex2007: checks 
*** SHOW DOWN ***
T-Bone881969: shows [As Qc] (a pair of Deuces)
Dorex2007: mucks hand 
T-Bone881969 collected $0.10 from pot
*** SUMMARY ***
Total pot $0.10 | Rake $0 
Board [9d 2c 4h 2s 7h]
Seat 1: JNSRQL1992 folded before Flop (didn't bet)
Seat 2: BlackCat0812 (button) folded before Flop (didn't bet)
Seat 3: T-Bone881969 (small blind) showed [As Qc] and won ($0.10) with a pair of Deuces
Seat 4: Dorex2007 (big blind) mucked [6s Kc]
Seat 5: Ruan metal folded before Flop (didn't bet)
Seat 6: KOCETO_1992 folded before Flop (didn't bet)
Seat 8: K.Yurka folded before Flop (didn't bet)
Seat 9: enixblr folded before Flop (didn't bet)



PokerStars Hand #238362158532:  Hold'em No Limit ($0.02/$0.05 USD) - 2022/09/01 22:36:57 PT [2022/09/02 1:36:57 ET]
Table 'Polonia' 9-max Seat #3 is the button
Seat 1: JNSRQL1992 ($7.51 in chips) 
Seat 2: BlackCat0812 ($5.27 in chips) 
Seat 3: T-Bone881969 ($9.87 in chips) 
Seat 4: Dorex2007 ($5 in chips) 
Seat 8: K.Yurka ($5.07 in chips) 
Seat 9: enixblr ($11.01 in chips) 
Dorex2007: posts small blind $0.02
Ruan metal: is sitting out 
KOCETO_1992: is sitting out 
K.Yurka: posts big blind $0.05
*** HOLE CARDS ***
Dealt to Dorex2007 [6d Jd]
enixblr: folds 
enixblr leaves the table
JNSRQL1992: folds 
KOCETO_1992 leaves the table
BlackCat0812: folds 
T-Bone881969: folds 
Dorex2007: folds 
Uncalled bet ($0.03) returned to K.Yurka
K.Yurka collected $0.04 from pot
*** SUMMARY ***
Total pot $0.04 | Rake $0 
Seat 1: JNSRQL1992 folded before Flop (didn't bet)
Seat 2: BlackCat0812 folded before Flop (didn't bet)
Seat 3: T-Bone881969 (button) folded before Flop (didn't bet)
Seat 4: Dorex2007 (small blind) folded before Flop
Seat 8: K.Yurka (big blind) collected ($0.04)
Seat 9: enixblr folded before Flop (didn't bet)



PokerStars Hand #238362159989:  Hold'em No Limit ($0.02/$0.05 USD) - 2022/09/01 22:37:11 PT [2022/09/02 1:37:11 ET]
Table 'Polonia' 9-max Seat #4 is the button
Seat 1: JNSRQL1992 ($7.51 in chips) 
Seat 2: BlackCat0812 ($5.27 in chips) 
Seat 3: T-Bone881969 ($9.87 in chips) 
Seat 4: Dorex2007 ($5 in chips) 
Seat 8: K.Yurka ($5.09 in chips) 
K.Yurka: posts small blind $0.02
JNSRQL1992: posts big blind $0.05
*** HOLE CARDS ***
Dealt to Dorex2007 [9d Jh]
BlackCat0812: calls $0.05
T-Bone881969: folds 
Dorex2007: folds 
K.Yurka: folds 
JNSRQL1992: checks 
*** FLOP *** [6h 6s Qc]
JNSRQL1992: checks 
Emm89 joins the table at seat #6 
BlackCat0812: checks 
*** TURN *** [6h 6s Qc] [Qd]
JNSRQL1992: checks 
BlackCat0812: checks 
*** RIVER *** [6h 6s Qc Qd] [Kc]
JNSRQL1992: bets $0.05
BlackCat0812: folds 
Uncalled bet ($0.05) returned to JNSRQL1992
JNSRQL1992 collected $0.12 from pot
JNSRQL1992: doesn't show hand 
*** SUMMARY ***
Total pot $0.12 | Rake $0 
Board [6h 6s Qc Qd Kc]
Seat 1: JNSRQL1992 (big blind) collected ($0.12)
Seat 2: BlackCat0812 folded on the River
Seat 3: T-Bone881969 folded before Flop (didn't bet)
Seat 4: Dorex2007 (button) folded before Flop (didn't bet)
Seat 8: K.Yurka (small blind) folded before Flop



PokerStars Hand #238362164794:  Hold'em No Limit ($0.02/$0.05 USD) - 2022/09/01 22:37:55 PT [2022/09/02 1:37:55 ET]
Table 'Polonia' 9-max Seat #8 is the button
Seat 1: JNSRQL1992 ($7.58 in chips) 
Seat 2: BlackCat0812 ($5.22 in chips) 
Seat 3: T-Bone881969 ($9.87 in chips) 
Seat 4: Dorex2007 ($5 in chips) 
Seat 8: K.Yurka ($5.07 in chips) 
JNSRQL1992: posts small blind $0.02
BlackCat0812: posts big blind $0.05
Emm89: sits out 
*** HOLE CARDS ***
Dealt to Dorex2007 [As 3c]
Ruan metal leaves the table
T-Bone881969: folds 
Dorex2007: folds 
K.Yurka: folds 
JNSRQL1992: raises $0.05 to $0.10
BlackCat0812: folds 
Uncalled bet ($0.05) returned to JNSRQL1992
JNSRQL1992 collected $0.10 from pot
JNSRQL1992: doesn't show hand 
*** SUMMARY ***
Total pot $0.10 | Rake $0 
Seat 1: JNSRQL1992 (small blind) collected ($0.10)
Seat 2: BlackCat0812 (big blind) folded before Flop
Seat 3: T-Bone881969 folded before Flop (didn't bet)
Seat 4: Dorex2007 folded before Flop (didn't bet)
Seat 8: K.Yurka (button) folded before Flop (didn't bet)



PokerStars Hand #238362166968:  Hold'em No Limit ($0.02/$0.05 USD) - 2022/09/01 22:38:15 PT [2022/09/02 1:38:15 ET]
Table 'Polonia' 9-max Seat #1 is the button
Seat 1: JNSRQL1992 ($7.63 in chips) 
Seat 2: BlackCat0812 ($5.17 in chips) 
Seat 3: T-Bone881969 ($9.87 in chips) 
Seat 4: Dorex2007 ($5 in chips) 
Seat 8: K.Yurka ($5.07 in chips) 
BlackCat0812: posts small blind $0.02
T-Bone881969: posts big blind $0.05
Emm89: sits out 
*** HOLE CARDS ***
Dealt to Dorex2007 [2h Th]
Dorex2007: folds 
K.Yurka: folds 
JNSRQL1992: folds 
amerycanin joins the table at seat #5 
BlackCat0812: folds 
Uncalled bet ($0.03) returned to T-Bone881969
T-Bone881969 collected $0.04 from pot
*** SUMMARY ***
Total pot $0.04 | Rake $0 
Seat 1: JNSRQL1992 (button) folded before Flop (didn't bet)
Seat 2: BlackCat0812 (small blind) folded before Flop
Seat 3: T-Bone881969 (big blind) collected ($0.04)
Seat 4: Dorex2007 folded before Flop (didn't bet)
Seat 8: K.Yurka folded before Flop (didn't bet)



PokerStars Hand #238362169818:  Hold'em No Limit ($0.02/$0.05 USD) - 2022/09/01 22:38:41 PT [2022/09/02 1:38:41 ET]
Table 'Polonia' 9-max Seat #2 is the button
Seat 1: JNSRQL1992 ($7.63 in chips) 
Seat 2: BlackCat0812 ($5.15 in chips) 
Seat 3: T-Bone881969 ($9.89 in chips) 
Seat 4: Dorex2007 ($5 in chips) 
Seat 8: K.Yurka ($5.07 in chips) 
T-Bone881969: posts small blind $0.02
Dorex2007: posts big blind $0.05
amerycanin: sits out 
Emm89: sits out 
*** HOLE CARDS ***
Dealt to Dorex2007 [Ts Td]
K.Yurka: folds 
JNSRQL1992: folds 
BlackCat0812: folds 
T-Bone881969: folds 
Uncalled bet ($0.03) returned to Dorex2007
Dorex2007 collected $0.04 from pot
Dorex2007: doesn't show hand 
*** SUMMARY ***
Total pot $0.04 | Rake $0 
Seat 1: JNSRQL1992 folded before Flop (didn't bet)
Seat 2: BlackCat0812 (button) folded before Flop (didn't bet)
Seat 3: T-Bone881969 (small blind) folded before Flop
Seat 4: Dorex2007 (big blind) collected ($0.04)
Seat 8: K.Yurka folded before Flop (didn't bet)



PokerStars Hand #238362205685:  Hold'em No Limit ($0.02/$0.05 USD) - 2022/09/01 22:44:09 PT [2022/09/02 1:44:09 ET]
Table 'Polonia' 9-max Seat #4 is the button
Seat 1: JNSRQL1992 ($6.18 in chips) 
Seat 2: BlackCat0812 ($5.08 in chips) 
Seat 3: Dorex2007 ($5.02 in chips) 
Seat 4: enixblr ($11.61 in chips) 
Seat 5: amerycanin ($5.06 in chips) 
Seat 6: Emm89 ($5 in chips) 
Seat 8: K.Yurka ($5.05 in chips) 
Seat 9: CashMonki ($4.55 in chips) 
amerycanin: posts small blind $0.02
Emm89: posts big blind $0.05
Dorex2007: posts big blind $0.05
*** HOLE CARDS ***
Dealt to Dorex2007 [8c Qc]
K.Yurka: folds 
CashMonki has timed out
CashMonki: folds 
JNSRQL1992: folds 
BlackCat0812: folds 
Dorex2007: checks 
enixblr: folds 
amerycanin: calls $0.03
Emm89: checks 
*** FLOP *** [6s 6c 3s]
amerycanin: bets $0.05
Emm89: folds 
Dorex2007: folds 
Uncalled bet ($0.05) returned to amerycanin
amerycanin collected $0.14 from pot
amerycanin: doesn't show hand 
*** SUMMARY ***
Total pot $0.15 | Rake $0.01 
Board [6s 6c 3s]
Seat 1: JNSRQL1992 folded before Flop (didn't bet)
Seat 2: BlackCat0812 folded before Flop (didn't bet)
Seat 3: Dorex2007 folded on the Flop (didn't bet)
Seat 4: enixblr (button) folded before Flop (didn't bet)
Seat 5: amerycanin (small blind) collected ($0.14)
Seat 6: Emm89 (big blind) folded on the Flop
Seat 8: K.Yurka folded before Flop (didn't bet)
Seat 9: CashMonki folded before Flop (didn't bet)



PokerStars Hand #238362210195:  Hold'em No Limit ($0.02/$0.05 USD) - 2022/09/01 22:44:50 PT [2022/09/02 1:44:50 ET]
Table 'Polonia' 9-max Seat #5 is the button
Seat 1: JNSRQL1992 ($6.18 in chips) 
Seat 2: BlackCat0812 ($5.08 in chips) 
Seat 3: Dorex2007 ($5 in chips) 
Seat 4: enixblr ($11.61 in chips) 
Seat 5: amerycanin ($5.15 in chips) 
Seat 6: Emm89 ($4.95 in chips) 
Seat 8: K.Yurka ($5.05 in chips) 
Seat 9: CashMonki ($4.55 in chips) 
Emm89: posts small blind $0.02
K.Yurka: posts big blind $0.05
*** HOLE CARDS ***
Dealt to Dorex2007 [As 5d]
CashMonki: calls $0.05
JNSRQL1992: calls $0.05
BlackCat0812: folds 
Dorex2007: folds 
enixblr: folds 
amerycanin: folds 
Emm89: calls $0.03
K.Yurka: checks 
*** FLOP *** [Kc 3c 2c]
Emm89: checks 
K.Yurka: checks 
CashMonki: checks 
JNSRQL1992: bets $0.10
Emm89: folds 
K.Yurka: calls $0.10
Grey5Nine leaves the table
maysixtyeight joins the table at seat #7 
CashMonki: folds 
*** TURN *** [Kc 3c 2c] [Ks]
K.Yurka: checks 
JNSRQL1992: bets $0.25
K.Yurka: folds 
Uncalled bet ($0.25) returned to JNSRQL1992
JNSRQL1992 collected $0.38 from pot
JNSRQL1992: doesn't show hand 
*** SUMMARY ***
Total pot $0.40 | Rake $0.02 
Board [Kc 3c 2c Ks]
Seat 1: JNSRQL1992 collected ($0.38)
Seat 2: BlackCat0812 folded before Flop (didn't bet)
Seat 3: Dorex2007 folded before Flop (didn't bet)
Seat 4: enixblr folded before Flop (didn't bet)
Seat 5: amerycanin (button) folded before Flop (didn't bet)
Seat 6: Emm89 (small blind) folded on the Flop
Seat 8: K.Yurka (big blind) folded on the Turn
Seat 9: CashMonki folded on the Flop



PokerStars Hand #238362218465:  Hold'em No Limit ($0.02/$0.05 USD) - 2022/09/01 22:46:06 PT [2022/09/02 1:46:06 ET]
Table 'Polonia' 9-max Seat #6 is the button
Seat 1: JNSRQL1992 ($6.41 in chips) 
Seat 2: BlackCat0812 ($5.08 in chips) 
Seat 3: Dorex2007 ($5 in chips) 
Seat 4: enixblr ($11.61 in chips) 
Seat 5: amerycanin ($5.15 in chips) 
Seat 6: Emm89 ($4.90 in chips) 
Seat 8: K.Yurka ($5 in chips) 
Seat 9: CashMonki ($4.50 in chips) 
K.Yurka: posts small blind $0.02
CashMonki: posts big blind $0.05
*** HOLE CARDS ***
Dealt to Dorex2007 [3h 7s]
JNSRQL1992: folds 
BlackCat0812: folds 
Dorex2007: folds 
enixblr: folds 
amerycanin: folds 
Emm89: folds 
K.Yurka: folds 
Uncalled bet ($0.03) returned to CashMonki
CashMonki collected $0.04 from pot
CashMonki: doesn't show hand 
*** SUMMARY ***
Total pot $0.04 | Rake $0 
Seat 1: JNSRQL1992 folded before Flop (didn't bet)
Seat 2: BlackCat0812 folded before Flop (didn't bet)
Seat 3: Dorex2007 folded before Flop (didn't bet)
Seat 4: enixblr folded before Flop (didn't bet)
Seat 5: amerycanin folded before Flop (didn't bet)
Seat 6: Emm89 (button) folded before Flop (didn't bet)
Seat 8: K.Yurka (small blind) folded before Flop
Seat 9: CashMonki (big blind) collected ($0.04)



PokerStars Hand #238362220572:  Hold'em No Limit ($0.02/$0.05 USD) - 2022/09/01 22:46:26 PT [2022/09/02 1:46:26 ET]
Table 'Polonia' 9-max Seat #8 is the button
Seat 1: JNSRQL1992 ($6.41 in chips) 
Seat 2: BlackCat0812 ($5.08 in chips) 
Seat 3: Dorex2007 ($5 in chips) 
Seat 4: enixblr ($11.61 in chips) 
Seat 5: amerycanin ($5.15 in chips) 
Seat 6: Emm89 ($4.90 in chips) 
Seat 8: K.Yurka ($5 in chips) 
Seat 9: CashMonki ($4.52 in chips) 
CashMonki: posts small blind $0.02
JNSRQL1992: posts big blind $0.05
maysixtyeight: sits out 
*** HOLE CARDS ***
Dealt to Dorex2007 [8c 2c]
BlackCat0812: folds 
Dorex2007: folds 
enixblr: folds 
amerycanin: folds 
Emm89: folds 
K.Yurka: folds 
CashMonki: raises $0.05 to $0.10
JNSRQL1992: folds 
Uncalled bet ($0.05) returned to CashMonki
CashMonki collected $0.10 from pot
CashMonki: doesn't show hand 
*** SUMMARY ***
Total pot $0.10 | Rake $0 
Seat 1: JNSRQL1992 (big blind) folded before Flop
Seat 2: BlackCat0812 folded before Flop (didn't bet)
Seat 3: Dorex2007 folded before Flop (didn't bet)
Seat 4: enixblr folded before Flop (didn't bet)
Seat 5: amerycanin folded before Flop (didn't bet)
Seat 6: Emm89 folded before Flop (didn't bet)
Seat 8: K.Yurka (button) folded before Flop (didn't bet)
Seat 9: CashMonki (small blind) collected ($0.10)



PokerStars Hand #238362223413:  Hold'em No Limit ($0.02/$0.05 USD) - 2022/09/01 22:46:52 PT [2022/09/02 1:46:52 ET]
Table 'Polonia' 9-max Seat #9 is the button
Seat 1: JNSRQL1992 ($6.36 in chips) 
Seat 2: BlackCat0812 ($5.08 in chips) 
Seat 3: Dorex2007 ($5 in chips) 
Seat 4: enixblr ($11.61 in chips) 
Seat 5: amerycanin ($5.15 in chips) 
Seat 6: Emm89 ($4.90 in chips) 
Seat 8: K.Yurka ($5 in chips) 
Seat 9: CashMonki ($4.57 in chips) 
JNSRQL1992: posts small blind $0.02
BlackCat0812: posts big blind $0.05
maysixtyeight: sits out 
*** HOLE CARDS ***
Dealt to Dorex2007 [Ad 9s]
Dorex2007: folds 
enixblr: folds 
amerycanin: folds 
Emm89: folds 
K.Yurka: folds 
CashMonki has timed out
CashMonki: folds 
JNSRQL1992: folds 
Uncalled bet ($0.03) returned to BlackCat0812
BlackCat0812 collected $0.04 from pot
*** SUMMARY ***
Total pot $0.04 | Rake $0 
Seat 1: JNSRQL1992 (small blind) folded before Flop
Seat 2: BlackCat0812 (big blind) collected ($0.04)
Seat 3: Dorex2007 folded before Flop (didn't bet)
Seat 4: enixblr folded before Flop (didn't bet)
Seat 5: amerycanin folded before Flop (didn't bet)
Seat 6: Emm89 folded before Flop (didn't bet)
Seat 8: K.Yurka folded before Flop (didn't bet)
Seat 9: CashMonki (button) folded before Flop (didn't bet)



PokerStars Hand #238362226431:  Hold'em No Limit ($0.02/$0.05 USD) - 2022/09/01 22:47:21 PT [2022/09/02 1:47:21 ET]
Table 'Polonia' 9-max Seat #1 is the button
Seat 1: JNSRQL1992 ($6.34 in chips) 
Seat 2: BlackCat0812 ($5.10 in chips) 
Seat 3: Dorex2007 ($5 in chips) 
Seat 4: enixblr ($11.61 in chips) 
Seat 5: amerycanin ($5.15 in chips) 
Seat 6: Emm89 ($4.90 in chips) 
Seat 8: K.Yurka ($5 in chips) 
BlackCat0812: posts small blind $0.02
Dorex2007: posts big blind $0.05
maysixtyeight: sits out 
*** HOLE CARDS ***
Dealt to Dorex2007 [2s Jc]
enixblr: folds 
amerycanin: folds 
Emm89: folds 
K.Yurka: folds 
JNSRQL1992: folds 
BlackCat0812: calls $0.03
Dorex2007: checks 
*** FLOP *** [3d 4h 2d]
BlackCat0812: checks 
Dorex2007: checks 
*** TURN *** [3d 4h 2d] [As]
BlackCat0812: checks 
Dorex2007: checks 
*** RIVER *** [3d 4h 2d As] [4d]
BlackCat0812: checks 
Dorex2007: checks 
*** SHOW DOWN ***
BlackCat0812: shows [Jh Td] (a pair of Fours)
Dorex2007: shows [2s Jc] (two pair, Fours and Deuces)
Dorex2007 collected $0.10 from pot
*** SUMMARY ***
Total pot $0.10 | Rake $0 
Board [3d 4h 2d As 4d]
Seat 1: JNSRQL1992 (button) folded before Flop (didn't bet)
Seat 2: BlackCat0812 (small blind) showed [Jh Td] and lost with a pair of Fours
Seat 3: Dorex2007 (big blind) showed [2s Jc] and won ($0.10) with two pair, Fours and Deuces
Seat 4: enixblr folded before Flop (didn't bet)
Seat 5: amerycanin folded before Flop (didn't bet)
Seat 6: Emm89 folded before Flop (didn't bet)
Seat 8: K.Yurka folded before Flop (didn't bet)



