PokerStars Hand #237167848358:  Hold'em No Limit ($0.01/$0.02 USD) - 2022/07/04 18:54:27 PT [2022/07/04 21:54:27 ET]
Table 'Athalia III' 9-max Seat #5 is the button
Seat 1: Ulylion ($2.28 in chips) 
Seat 3: Dorex2007 ($2 in chips) 
Seat 4: EMNL3359 ($1.55 in chips) 
Seat 5: Kidmono ($1.49 in chips) 
Seat 6: DBA5 ($1.26 in chips) 
Seat 7: HadesAtila ($0.71 in chips) 
Seat 8: alma1980 ($2 in chips) 
Seat 9: victordyfox ($2.78 in chips) 
DBA5: posts small blind $0.01
HadesAtila: posts big blind $0.02
Dorex2007: posts big blind $0.02
*** HOLE CARDS ***
Dealt to Dorex2007 [Qc Ac]
Paty Doll726 joins the table at seat #2 
alma1980: folds 
victordyfox: folds 
Ulylion: calls $0.02
Dorex2007: raises $0.08 to $0.10
EMNL3359: folds 
Kidmono: calls $0.10
DBA5: calls $0.09
HadesAtila: folds 
Ulylion: calls $0.08
*** FLOP *** [Qd Ks 8d]
DBA5: checks 
Ulylion: bets $0.02
Dorex2007: raises $0.23 to $0.25
Kidmono: folds 
DBA5: folds 
Ulylion: calls $0.23
*** TURN *** [Qd Ks 8d] [Qh]
Ulylion: bets $0.02
Dorex2007: raises $0.47 to $0.49
Ulylion: folds 
Uncalled bet ($0.47) returned to Dorex2007
Dorex2007 collected $0.93 from pot
*** SUMMARY ***
Total pot $0.96 | Rake $0.03 
Board [Qd Ks 8d Qh]
Seat 1: Ulylion folded on the Turn
Seat 3: Dorex2007 collected ($0.93)
Seat 4: EMNL3359 folded before Flop (didn't bet)
Seat 5: Kidmono (button) folded on the Flop
Seat 6: DBA5 (small blind) folded on the Flop
Seat 7: HadesAtila (big blind) folded before Flop
Seat 8: alma1980 folded before Flop (didn't bet)
Seat 9: victordyfox folded before Flop (didn't bet)



PokerStars Hand #237167857419:  Hold'em No Limit ($0.01/$0.02 USD) - 2022/07/04 18:55:18 PT [2022/07/04 21:55:18 ET]
Table 'Athalia III' 9-max Seat #6 is the button
Seat 1: Ulylion ($1.91 in chips) 
Seat 3: Dorex2007 ($2.56 in chips) 
Seat 4: EMNL3359 ($1.55 in chips) 
Seat 5: Kidmono ($1.39 in chips) 
Seat 6: DBA5 ($1.16 in chips) 
Seat 7: HadesAtila ($0.69 in chips) 
Seat 8: alma1980 ($2 in chips) 
Seat 9: victordyfox ($2.78 in chips) 
HadesAtila: posts small blind $0.01
alma1980: posts big blind $0.02
Paty Doll726: sits out 
*** HOLE CARDS ***
Dealt to Dorex2007 [7s Jd]
victordyfox: folds 
Ulylion: calls $0.02
Dorex2007: folds 
EMNL3359: folds 
Kidmono: folds 
DBA5: folds 
HadesAtila: calls $0.01
alma1980: checks 
*** FLOP *** [8d 2h Kh]
HadesAtila: checks 
alma1980: checks 
Ulylion: checks 
*** TURN *** [8d 2h Kh] [4h]
HadesAtila: checks 
alma1980: checks 
Ulylion: checks 
*** RIVER *** [8d 2h Kh 4h] [4s]
HadesAtila: checks 
alma1980: checks 
Ulylion: checks 
*** SHOW DOWN ***
HadesAtila: shows [6d 5s] (a pair of Fours)
alma1980: shows [3h Ts] (a pair of Fours - King+Ten kicker)
Ulylion: shows [Qd 3s] (a pair of Fours - King+Queen kicker)
Ulylion collected $0.06 from pot
*** SUMMARY ***
Total pot $0.06 | Rake $0 
Board [8d 2h Kh 4h 4s]
Seat 1: Ulylion showed [Qd 3s] and won ($0.06) with a pair of Fours
Seat 3: Dorex2007 folded before Flop (didn't bet)
Seat 4: EMNL3359 folded before Flop (didn't bet)
Seat 5: Kidmono folded before Flop (didn't bet)
Seat 6: DBA5 (button) folded before Flop (didn't bet)
Seat 7: HadesAtila (small blind) showed [6d 5s] and lost with a pair of Fours
Seat 8: alma1980 (big blind) showed [3h Ts] and lost with a pair of Fours
Seat 9: victordyfox folded before Flop (didn't bet)



PokerStars Hand #237167863047:  Hold'em No Limit ($0.01/$0.02 USD) - 2022/07/04 18:55:56 PT [2022/07/04 21:55:56 ET]
Table 'Athalia III' 9-max Seat #7 is the button
Seat 1: Ulylion ($1.95 in chips) 
Seat 3: Dorex2007 ($2.56 in chips) 
Seat 4: EMNL3359 ($1.55 in chips) 
Seat 5: Kidmono ($1.39 in chips) 
Seat 6: DBA5 ($1.16 in chips) 
Seat 7: HadesAtila ($0.67 in chips) 
Seat 8: alma1980 ($2 in chips) 
Seat 9: victordyfox ($2.78 in chips) 
alma1980: posts small blind $0.01
victordyfox: posts big blind $0.02
Paty Doll726: sits out 
*** HOLE CARDS ***
Dealt to Dorex2007 [Ks 6c]
Ulylion: calls $0.02
Dorex2007: folds 
EMNL3359: raises $0.02 to $0.04
Kidmono: folds 
DBA5: folds 
HadesAtila: folds 
alma1980: folds 
victordyfox: calls $0.02
Ulylion: calls $0.02
*** FLOP *** [9h Qs 3h]
victordyfox: checks 
Ulylion: checks 
EMNL3359: bets $0.06
victordyfox: folds 
Ulylion: calls $0.06
*** TURN *** [9h Qs 3h] [Ts]
Ulylion: checks 
EMNL3359: bets $0.12
Ulylion: folds 
Uncalled bet ($0.12) returned to EMNL3359
EMNL3359 collected $0.24 from pot
*** SUMMARY ***
Total pot $0.25 | Rake $0.01 
Board [9h Qs 3h Ts]
Seat 1: Ulylion folded on the Turn
Seat 3: Dorex2007 folded before Flop (didn't bet)
Seat 4: EMNL3359 collected ($0.24)
Seat 5: Kidmono folded before Flop (didn't bet)
Seat 6: DBA5 folded before Flop (didn't bet)
Seat 7: HadesAtila (button) folded before Flop (didn't bet)
Seat 8: alma1980 (small blind) folded before Flop
Seat 9: victordyfox (big blind) folded on the Flop



PokerStars Hand #237167870315:  Hold'em No Limit ($0.01/$0.02 USD) - 2022/07/04 18:56:46 PT [2022/07/04 21:56:46 ET]
Table 'Athalia III' 9-max Seat #8 is the button
Seat 1: Ulylion ($1.85 in chips) 
Seat 3: Dorex2007 ($2.56 in chips) 
Seat 4: EMNL3359 ($1.69 in chips) 
Seat 5: Kidmono ($1.39 in chips) 
Seat 6: DBA5 ($1.16 in chips) 
Seat 7: HadesAtila ($0.67 in chips) 
Seat 8: alma1980 ($2 in chips) 
Seat 9: victordyfox ($2.74 in chips) 
victordyfox: posts small blind $0.01
Ulylion: posts big blind $0.02
Paty Doll726: sits out 
*** HOLE CARDS ***
Dealt to Dorex2007 [As 2s]
Dorex2007: folds 
EMNL3359: raises $0.02 to $0.04
Kidmono: folds 
DBA5: folds 
HadesAtila: folds 
alma1980: folds 
victordyfox: folds 
Ulylion: calls $0.02
*** FLOP *** [6c Th 4h]
Ulylion: bets $0.09
EMNL3359: calls $0.09
*** TURN *** [6c Th 4h] [3c]
Ulylion: bets $0.26
EMNL3359: calls $0.26
*** RIVER *** [6c Th 4h 3c] [Ks]
Ulylion: bets $0.38
EMNL3359: folds 
Uncalled bet ($0.38) returned to Ulylion
Ulylion collected $0.76 from pot
*** SUMMARY ***
Total pot $0.79 | Rake $0.03 
Board [6c Th 4h 3c Ks]
Seat 1: Ulylion (big blind) collected ($0.76)
Seat 3: Dorex2007 folded before Flop (didn't bet)
Seat 4: EMNL3359 folded on the River
Seat 5: Kidmono folded before Flop (didn't bet)
Seat 6: DBA5 folded before Flop (didn't bet)
Seat 7: HadesAtila folded before Flop (didn't bet)
Seat 8: alma1980 (button) folded before Flop (didn't bet)
Seat 9: victordyfox (small blind) folded before Flop



PokerStars Hand #237167878487:  Hold'em No Limit ($0.01/$0.02 USD) - 2022/07/04 18:57:40 PT [2022/07/04 21:57:40 ET]
Table 'Athalia III' 9-max Seat #9 is the button
Seat 1: Ulylion ($2.22 in chips) 
Seat 2: Paty Doll726 ($0.80 in chips) 
Seat 3: Dorex2007 ($2.56 in chips) 
Seat 4: EMNL3359 ($1.30 in chips) 
Seat 5: Kidmono ($1.39 in chips) 
Seat 6: DBA5 ($1.16 in chips) 
Seat 7: HadesAtila ($0.67 in chips) 
Seat 8: alma1980 ($2 in chips) 
Seat 9: victordyfox ($2.73 in chips) 
Ulylion: posts small blind $0.01
Paty Doll726: posts big blind $0.02
*** HOLE CARDS ***
Dealt to Dorex2007 [Jh Jc]
Dorex2007: raises $0.06 to $0.08
EMNL3359: folds 
Kidmono: calls $0.08
DBA5: folds 
HadesAtila: folds 
alma1980: calls $0.08
victordyfox: folds 
Ulylion: calls $0.07
Paty Doll726: folds 
*** FLOP *** [6c 7d 5c]
Ulylion: checks 
Dorex2007: bets $0.33
Kidmono: raises $0.98 to $1.31 and is all-in
alma1980: folds 
Ulylion: calls $1.31
Dorex2007: raises $1.17 to $2.48 and is all-in
Ulylion: calls $0.83 and is all-in
Uncalled bet ($0.34) returned to Dorex2007
*** TURN *** [6c 7d 5c] [2h]
*** RIVER *** [6c 7d 5c 2h] [Qh]
*** SHOW DOWN ***
Ulylion: shows [8d Th] (high card Queen)
Dorex2007: shows [Jh Jc] (a pair of Jacks)
Kidmono: shows [4h 4c] (a pair of Fours)
Dorex2007 cashed out the hand for $3.20 | Cash Out Fee $0.03
*** SUMMARY ***
Total pot $5.93 Main pot $4.12. Side pot $1.60. | Rake $0.21 
Board [6c 7d 5c 2h Qh]
Seat 1: Ulylion (small blind) showed [8d Th] and lost with high card Queen
Seat 2: Paty Doll726 (big blind) folded before Flop
Seat 3: Dorex2007 showed [Jh Jc] and won ($5.72) with a pair of Jacks (pot not awarded as player cashed out)
Seat 4: EMNL3359 folded before Flop (didn't bet)
Seat 5: Kidmono showed [4h 4c] and lost with a pair of Fours
Seat 6: DBA5 folded before Flop (didn't bet)
Seat 7: HadesAtila folded before Flop (didn't bet)
Seat 8: alma1980 folded on the Flop
Seat 9: victordyfox (button) folded before Flop (didn't bet)



PokerStars Hand #237167891016:  Hold'em No Limit ($0.01/$0.02 USD) - 2022/07/04 18:59:04 PT [2022/07/04 21:59:04 ET]
Table 'Athalia III' 9-max Seat #2 is the button
Seat 2: Paty Doll726 ($0.78 in chips) 
Seat 3: Dorex2007 ($3.54 in chips) 
Seat 4: EMNL3359 ($1.30 in chips) 
Seat 6: DBA5 ($1.16 in chips) 
Seat 7: HadesAtila ($0.67 in chips) 
Seat 8: alma1980 ($2 in chips) 
Seat 9: victordyfox ($2.73 in chips) 
Dorex2007: posts small blind $0.01
EMNL3359: posts big blind $0.02
*** HOLE CARDS ***
Dealt to Dorex2007 [3c 4s]
DBA5: folds 
HadesAtila: calls $0.02
alma1980: folds 
victordyfox: folds 
Paty Doll726: folds 
Dorex2007: folds 
EMNL3359: checks 
*** FLOP *** [8h Ks 6d]
EMNL3359: bets $0.06
HadesAtila: calls $0.06
*** TURN *** [8h Ks 6d] [8c]
EMNL3359: bets $0.06
HadesAtila: folds 
Uncalled bet ($0.06) returned to EMNL3359
EMNL3359 collected $0.16 from pot
*** SUMMARY ***
Total pot $0.17 | Rake $0.01 
Board [8h Ks 6d 8c]
Seat 2: Paty Doll726 (button) folded before Flop (didn't bet)
Seat 3: Dorex2007 (small blind) folded before Flop
Seat 4: EMNL3359 (big blind) collected ($0.16)
Seat 6: DBA5 folded before Flop (didn't bet)
Seat 7: HadesAtila folded on the Turn
Seat 8: alma1980 folded before Flop (didn't bet)
Seat 9: victordyfox folded before Flop (didn't bet)



PokerStars Hand #237167898457:  Hold'em No Limit ($0.01/$0.02 USD) - 2022/07/04 18:59:54 PT [2022/07/04 21:59:54 ET]
Table 'Athalia III' 9-max Seat #3 is the button
Seat 1: Ulylion ($2 in chips) 
Seat 2: Paty Doll726 ($0.78 in chips) 
Seat 3: Dorex2007 ($3.53 in chips) 
Seat 4: EMNL3359 ($1.38 in chips) 
Seat 5: Kidmono ($2 in chips) 
Seat 6: DBA5 ($1.16 in chips) 
Seat 7: HadesAtila ($0.59 in chips) 
Seat 8: alma1980 ($2 in chips) 
Seat 9: victordyfox ($2.73 in chips) 
EMNL3359: posts small blind $0.01
Kidmono: posts big blind $0.02
*** HOLE CARDS ***
Dealt to Dorex2007 [6c Qh]
DBA5: folds 
HadesAtila: calls $0.02
alma1980: folds 
victordyfox: folds 
Ulylion: calls $0.02
Paty Doll726: folds 
Dorex2007: folds 
EMNL3359: calls $0.01
Kidmono: checks 
*** FLOP *** [9c 3c Ks]
EMNL3359: bets $0.04
Kidmono: folds 
HadesAtila: folds 
Ulylion: folds 
Uncalled bet ($0.04) returned to EMNL3359
EMNL3359 collected $0.08 from pot
*** SUMMARY ***
Total pot $0.08 | Rake $0 
Board [9c 3c Ks]
Seat 1: Ulylion folded on the Flop
Seat 2: Paty Doll726 folded before Flop (didn't bet)
Seat 3: Dorex2007 (button) folded before Flop (didn't bet)
Seat 4: EMNL3359 (small blind) collected ($0.08)
Seat 5: Kidmono (big blind) folded on the Flop
Seat 6: DBA5 folded before Flop (didn't bet)
Seat 7: HadesAtila folded on the Flop
Seat 8: alma1980 folded before Flop (didn't bet)
Seat 9: victordyfox folded before Flop (didn't bet)



PokerStars Hand #237167905964:  Hold'em No Limit ($0.01/$0.02 USD) - 2022/07/04 19:00:41 PT [2022/07/04 22:00:41 ET]
Table 'Athalia III' 9-max Seat #4 is the button
Seat 1: Ulylion ($1.98 in chips) 
Seat 2: Paty Doll726 ($0.78 in chips) 
Seat 3: Dorex2007 ($3.53 in chips) 
Seat 4: EMNL3359 ($1.44 in chips) 
Seat 5: Kidmono ($1.98 in chips) 
Seat 6: DBA5 ($1.16 in chips) 
Seat 7: HadesAtila ($0.57 in chips) 
Seat 8: alma1980 ($2 in chips) 
Seat 9: victordyfox ($2.73 in chips) 
Kidmono: posts small blind $0.01
DBA5: posts big blind $0.02
*** HOLE CARDS ***
Dealt to Dorex2007 [Ks 7h]
HadesAtila: calls $0.02
alma1980: raises $0.07 to $0.09
victordyfox: folds 
Ulylion: calls $0.09
Paty Doll726: folds 
Dorex2007: folds 
EMNL3359: raises $0.07 to $0.16
Kidmono: folds 
DBA5: folds 
HadesAtila: calls $0.14
alma1980: calls $0.07
Ulylion: calls $0.07
*** FLOP *** [9c 3s Qc]
DBA5 leaves the table
HadesAtila: bets $0.12
alma1980: calls $0.12
Ulylion: folds 
EMNL3359: calls $0.12
*** TURN *** [9c 3s Qc] [5c]
HadesAtila: bets $0.29 and is all-in
alma1980: folds 
EMNL3359: calls $0.29
*** RIVER *** [9c 3s Qc 5c] [8s]
*** SHOW DOWN ***
HadesAtila: shows [Ac 4c] (a flush, Ace high)
EMNL3359: shows [Ah Th] (high card Ace)
HadesAtila collected $1.55 from pot
*** SUMMARY ***
Total pot $1.61 | Rake $0.06 
Board [9c 3s Qc 5c 8s]
Seat 1: Ulylion folded on the Flop
Seat 2: Paty Doll726 folded before Flop (didn't bet)
Seat 3: Dorex2007 folded before Flop (didn't bet)
Seat 4: EMNL3359 (button) showed [Ah Th] and lost with high card Ace
Seat 5: Kidmono (small blind) folded before Flop
Seat 6: DBA5 (big blind) folded before Flop
Seat 7: HadesAtila showed [Ac 4c] and won ($1.55) with a flush, Ace high
Seat 8: alma1980 folded on the Turn
Seat 9: victordyfox folded before Flop (didn't bet)



PokerStars Hand #237167917741:  Hold'em No Limit ($0.01/$0.02 USD) - 2022/07/04 19:01:47 PT [2022/07/04 22:01:47 ET]
Table 'Athalia III' 9-max Seat #5 is the button
Seat 1: Ulylion ($1.82 in chips) 
Seat 2: Paty Doll726 ($0.78 in chips) 
Seat 3: Dorex2007 ($3.53 in chips) 
Seat 4: EMNL3359 ($0.87 in chips) 
Seat 5: Kidmono ($1.97 in chips) 
Seat 7: HadesAtila ($1.55 in chips) 
Seat 8: alma1980 ($2 in chips) 
Seat 9: victordyfox ($2.73 in chips) 
HadesAtila: posts small blind $0.01
alma1980: posts big blind $0.02
*** HOLE CARDS ***
Dealt to Dorex2007 [Qc 8d]
victordyfox: calls $0.02
Ulylion: calls $0.02
Paty Doll726: folds 
Dorex2007: folds 
EMNL3359: folds 
Kidmono: raises $0.03 to $0.05
HadesAtila: folds 
alma1980: folds 
victordyfox: calls $0.03
Ulylion: calls $0.03
*** FLOP *** [6s 3h 9h]
victordyfox: checks 
Ulylion: checks 
Kidmono: checks 
*** TURN *** [6s 3h 9h] [8h]
victordyfox: checks 
Ulylion: checks 
Kidmono: checks 
*** RIVER *** [6s 3h 9h 8h] [Qs]
victordyfox: checks 
Ulylion: checks 
Kidmono: checks 
*** SHOW DOWN ***
victordyfox: shows [5c Kc] (high card King)
Ulylion: mucks hand 
Kidmono: shows [Ad Th] (high card Ace)
Kidmono collected $0.17 from pot
*** SUMMARY ***
Total pot $0.18 | Rake $0.01 
Board [6s 3h 9h 8h Qs]
Seat 1: Ulylion mucked [7c Js]
Seat 2: Paty Doll726 folded before Flop (didn't bet)
Seat 3: Dorex2007 folded before Flop (didn't bet)
Seat 4: EMNL3359 folded before Flop (didn't bet)
Seat 5: Kidmono (button) showed [Ad Th] and won ($0.17) with high card Ace
Seat 7: HadesAtila (small blind) folded before Flop
Seat 8: alma1980 (big blind) folded before Flop
Seat 9: victordyfox showed [5c Kc] and lost with high card King



PokerStars Hand #237167932595:  Hold'em No Limit ($0.01/$0.02 USD) - 2022/07/04 19:03:07 PT [2022/07/04 22:03:07 ET]
Table 'Athalia III' 9-max Seat #7 is the button
Seat 1: Ulylion ($1.77 in chips) 
Seat 2: Paty Doll726 ($0.78 in chips) 
Seat 3: Dorex2007 ($3.53 in chips) 
Seat 4: EMNL3359 ($0.87 in chips) 
Seat 5: Kidmono ($2.09 in chips) 
Seat 7: HadesAtila ($1.54 in chips) 
Seat 8: alma1980 ($2 in chips) 
Seat 9: victordyfox ($2.68 in chips) 
alma1980: posts small blind $0.01
victordyfox: posts big blind $0.02
*** HOLE CARDS ***
Dealt to Dorex2007 [3d Qd]
Ulylion: calls $0.02
Paty Doll726: folds 
burnocar joins the table at seat #6 
Dorex2007 has timed out
Dorex2007: folds 
EMNL3359: folds 
Kidmono: folds 
HadesAtila: calls $0.02
alma1980: folds 
victordyfox: checks 
*** FLOP *** [Ac 9d 2h]
victordyfox: checks 
Ulylion: checks 
HadesAtila: checks 
*** TURN *** [Ac 9d 2h] [3s]
victordyfox: checks 
Ulylion: checks 
HadesAtila: checks 
*** RIVER *** [Ac 9d 2h 3s] [9h]
victordyfox: checks 
Ulylion: checks 
HadesAtila: checks 
*** SHOW DOWN ***
victordyfox: shows [5c 8h] (a pair of Nines)
Ulylion: mucks hand 
HadesAtila: shows [Qs Ts] (a pair of Nines - Ace+Queen kicker)
HadesAtila collected $0.07 from pot
*** SUMMARY ***
Total pot $0.07 | Rake $0 
Board [Ac 9d 2h 3s 9h]
Seat 1: Ulylion mucked [7d 4d]
Seat 2: Paty Doll726 folded before Flop (didn't bet)
Seat 3: Dorex2007 folded before Flop (didn't bet)
Seat 4: EMNL3359 folded before Flop (didn't bet)
Seat 5: Kidmono folded before Flop (didn't bet)
Seat 7: HadesAtila (button) showed [Qs Ts] and won ($0.07) with a pair of Nines
Seat 8: alma1980 (small blind) folded before Flop
Seat 9: victordyfox (big blind) showed [5c 8h] and lost with a pair of Nines



PokerStars Hand #237167941653:  Hold'em No Limit ($0.01/$0.02 USD) - 2022/07/04 19:03:57 PT [2022/07/04 22:03:57 ET]
Table 'Athalia III' 9-max Seat #8 is the button
Seat 1: Ulylion ($1.75 in chips) 
Seat 2: Paty Doll726 ($0.78 in chips) 
Seat 3: Dorex2007 ($3.53 in chips) 
Seat 4: EMNL3359 ($0.87 in chips) 
Seat 5: Kidmono ($2.09 in chips) 
Seat 6: burnocar ($0.80 in chips) 
Seat 7: HadesAtila ($1.59 in chips) 
Seat 8: alma1980 ($2 in chips) 
Seat 9: victordyfox ($2.66 in chips) 
victordyfox: posts small blind $0.01
Ulylion: posts big blind $0.02
burnocar: posts big blind $0.02
*** HOLE CARDS ***
Dealt to Dorex2007 [8s 3s]
Paty Doll726: folds 
Dorex2007: folds 
EMNL3359: folds 
Kidmono: folds 
burnocar: checks 
HadesAtila: calls $0.02
alma1980: folds 
victordyfox: calls $0.01
Ulylion: checks 
*** FLOP *** [4d Ts Jc]
victordyfox: checks 
Ulylion: bets $0.08
burnocar: folds 
HadesAtila: calls $0.08
victordyfox: calls $0.08
*** TURN *** [4d Ts Jc] [8c]
victordyfox: checks 
Ulylion: bets $0.31
HadesAtila: folds 
victordyfox: folds 
Uncalled bet ($0.31) returned to Ulylion
Ulylion collected $0.31 from pot
*** SUMMARY ***
Total pot $0.32 | Rake $0.01 
Board [4d Ts Jc 8c]
Seat 1: Ulylion (big blind) collected ($0.31)
Seat 2: Paty Doll726 folded before Flop (didn't bet)
Seat 3: Dorex2007 folded before Flop (didn't bet)
Seat 4: EMNL3359 folded before Flop (didn't bet)
Seat 5: Kidmono folded before Flop (didn't bet)
Seat 6: burnocar folded on the Flop (didn't bet)
Seat 7: HadesAtila folded on the Turn
Seat 8: alma1980 (button) folded before Flop (didn't bet)
Seat 9: victordyfox (small blind) folded on the Turn



PokerStars Hand #237167949423:  Hold'em No Limit ($0.01/$0.02 USD) - 2022/07/04 19:04:39 PT [2022/07/04 22:04:39 ET]
Table 'Athalia III' 9-max Seat #9 is the button
Seat 1: Ulylion ($1.96 in chips) 
Seat 2: Paty Doll726 ($0.78 in chips) 
Seat 3: Dorex2007 ($3.53 in chips) 
Seat 4: EMNL3359 ($0.87 in chips) 
Seat 5: Kidmono ($2.09 in chips) 
Seat 6: burnocar ($0.78 in chips) 
Seat 7: HadesAtila ($1.49 in chips) 
Seat 8: alma1980 ($2 in chips) 
Seat 9: victordyfox ($2.56 in chips) 
Ulylion: posts small blind $0.01
Paty Doll726: posts big blind $0.02
*** HOLE CARDS ***
Dealt to Dorex2007 [7c Ad]
Dorex2007: folds 
EMNL3359: calls $0.02
Kidmono: raises $0.02 to $0.04
burnocar: folds 
HadesAtila: calls $0.04
alma1980: folds 
victordyfox: folds 
Ulylion: calls $0.03
Paty Doll726: calls $0.02
EMNL3359: calls $0.02
*** FLOP *** [Qh 6s Qd]
Ulylion: checks 
Paty Doll726: checks 
EMNL3359: bets $0.04
Kidmono: folds 
HadesAtila: calls $0.04
Ulylion: folds 
Paty Doll726: folds 
*** TURN *** [Qh 6s Qd] [7h]
EMNL3359: bets $0.13
HadesAtila: calls $0.13
*** RIVER *** [Qh 6s Qd 7h] [Kh]
EMNL3359: bets $0.52
HadesAtila: folds 
Uncalled bet ($0.52) returned to EMNL3359
EMNL3359 collected $0.52 from pot
*** SUMMARY ***
Total pot $0.54 | Rake $0.02 
Board [Qh 6s Qd 7h Kh]
Seat 1: Ulylion (small blind) folded on the Flop
Seat 2: Paty Doll726 (big blind) folded on the Flop
Seat 3: Dorex2007 folded before Flop (didn't bet)
Seat 4: EMNL3359 collected ($0.52)
Seat 5: Kidmono folded on the Flop
Seat 6: burnocar folded before Flop (didn't bet)
Seat 7: HadesAtila folded on the River
Seat 8: alma1980 folded before Flop (didn't bet)
Seat 9: victordyfox (button) folded before Flop (didn't bet)



PokerStars Hand #237167962609:  Hold'em No Limit ($0.01/$0.02 USD) - 2022/07/04 19:05:49 PT [2022/07/04 22:05:49 ET]
Table 'Athalia III' 9-max Seat #1 is the button
Seat 1: Ulylion ($1.92 in chips) 
Seat 2: Paty Doll726 ($0.74 in chips) 
Seat 3: Dorex2007 ($3.53 in chips) 
Seat 4: EMNL3359 ($1.18 in chips) 
Seat 5: Kidmono ($2.05 in chips) 
Seat 6: burnocar ($0.78 in chips) 
Seat 7: HadesAtila ($1.28 in chips) 
Seat 8: alma1980 ($2 in chips) 
Seat 9: victordyfox ($2.56 in chips) 
Paty Doll726: posts small blind $0.01
Dorex2007: posts big blind $0.02
*** HOLE CARDS ***
Dealt to Dorex2007 [Ad 8c]
EMNL3359: folds 
Kidmono: folds 
burnocar: calls $0.02
HadesAtila: calls $0.02
alma1980: folds 
victordyfox: folds 
Ulylion: calls $0.02
Paty Doll726: folds 
Dorex2007: checks 
*** FLOP *** [8d 6h 6d]
Dorex2007: bets $0.09
burnocar: calls $0.09
HadesAtila: folds 
Ulylion: folds 
*** TURN *** [8d 6h 6d] [4d]
Dorex2007: bets $0.26
burnocar: calls $0.26
*** RIVER *** [8d 6h 6d 4d] [5s]
Dorex2007: bets $0.38
burnocar: raises $0.03 to $0.41 and is all-in
Dorex2007: calls $0.03
*** SHOW DOWN ***
burnocar: shows [3d Qd] (a flush, Queen high)
Dorex2007: shows [Ad 8c] (two pair, Eights and Sixes)
burnocar collected $1.55 from pot
*** SUMMARY ***
Total pot $1.61 | Rake $0.06 
Board [8d 6h 6d 4d 5s]
Seat 1: Ulylion (button) folded on the Flop
Seat 2: Paty Doll726 (small blind) folded before Flop
Seat 3: Dorex2007 (big blind) showed [Ad 8c] and lost with two pair, Eights and Sixes
Seat 4: EMNL3359 folded before Flop (didn't bet)
Seat 5: Kidmono folded before Flop (didn't bet)
Seat 6: burnocar showed [3d Qd] and won ($1.55) with a flush, Queen high
Seat 7: HadesAtila folded on the Flop
Seat 8: alma1980 folded before Flop (didn't bet)
Seat 9: victordyfox folded before Flop (didn't bet)



PokerStars Hand #237167977725:  Hold'em No Limit ($0.01/$0.02 USD) - 2022/07/04 19:06:48 PT [2022/07/04 22:06:48 ET]
Table 'Athalia III' 9-max Seat #2 is the button
Seat 1: Ulylion ($1.90 in chips) 
Seat 2: Paty Doll726 ($0.80 in chips) 
Seat 3: Dorex2007 ($2.75 in chips) 
Seat 4: EMNL3359 ($1.18 in chips) 
Seat 5: Kidmono ($2.05 in chips) 
Seat 6: burnocar ($1.55 in chips) 
Seat 7: HadesAtila ($1.26 in chips) 
Seat 8: alma1980 ($2 in chips) 
Seat 9: victordyfox ($2.56 in chips) 
Dorex2007: posts small blind $0.01
EMNL3359: posts big blind $0.02
*** HOLE CARDS ***
Dealt to Dorex2007 [6h Tc]
Kidmono: raises $0.04 to $0.06
burnocar: calls $0.06
HadesAtila: folds 
alma1980: folds 
victordyfox: folds 
Ulylion: calls $0.06
Paty Doll726: calls $0.06
Dorex2007: folds 
EMNL3359: folds 
*** FLOP *** [2c 4c 9s]
Kidmono: checks 
burnocar: checks 
Ulylion: checks 
Paty Doll726: checks 
*** TURN *** [2c 4c 9s] [Kh]
Kidmono: checks 
burnocar: checks 
Ulylion: checks 
Paty Doll726: checks 
*** RIVER *** [2c 4c 9s Kh] [Kd]
Kidmono: bets $0.26
burnocar: folds 
Ulylion: folds 
Paty Doll726: folds 
Uncalled bet ($0.26) returned to Kidmono
Kidmono collected $0.26 from pot
*** SUMMARY ***
Total pot $0.27 | Rake $0.01 
Board [2c 4c 9s Kh Kd]
Seat 1: Ulylion folded on the River
Seat 2: Paty Doll726 (button) folded on the River
Seat 3: Dorex2007 (small blind) folded before Flop
Seat 4: EMNL3359 (big blind) folded before Flop
Seat 5: Kidmono collected ($0.26)
Seat 6: burnocar folded on the River
Seat 7: HadesAtila folded before Flop (didn't bet)
Seat 8: alma1980 folded before Flop (didn't bet)
Seat 9: victordyfox folded before Flop (didn't bet)



PokerStars Hand #237167992976:  Hold'em No Limit ($0.01/$0.02 USD) - 2022/07/04 19:08:12 PT [2022/07/04 22:08:12 ET]
Table 'Athalia III' 9-max Seat #3 is the button
Seat 1: Ulylion ($1.84 in chips) 
Seat 2: Paty Doll726 ($0.74 in chips) 
Seat 3: Dorex2007 ($2.74 in chips) 
Seat 4: EMNL3359 ($1.16 in chips) 
Seat 5: Kidmono ($2.25 in chips) 
Seat 6: burnocar ($1.49 in chips) 
Seat 7: HadesAtila ($1.26 in chips) 
Seat 8: alma1980 ($2 in chips) 
Seat 9: victordyfox ($2.56 in chips) 
EMNL3359: posts small blind $0.01
Kidmono: posts big blind $0.02
*** HOLE CARDS ***
Dealt to Dorex2007 [2d Qc]
burnocar: calls $0.02
HadesAtila: calls $0.02
alma1980: folds 
victordyfox: folds 
Ulylion: calls $0.02
Paty Doll726: folds 
Dorex2007: folds 
EMNL3359: calls $0.01
Kidmono: checks 
*** FLOP *** [7s Js Ks]
EMNL3359: bets $0.04
Kidmono: folds 
burnocar: calls $0.04
HadesAtila: folds 
Ulylion: calls $0.04
*** TURN *** [7s Js Ks] [5s]
EMNL3359: bets $0.02
burnocar: calls $0.02
Ulylion: raises $0.02 to $0.04
EMNL3359: calls $0.02
burnocar: calls $0.02
*** RIVER *** [7s Js Ks 5s] [3d]
EMNL3359: checks 
burnocar: bets $0.10
Ulylion: raises $0.10 to $0.20
EMNL3359: folds 
burnocar: calls $0.10
*** SHOW DOWN ***
Ulylion: shows [5h Qs] (a flush, King high)
burnocar: mucks hand 
Ulylion collected $0.71 from pot
*** SUMMARY ***
Total pot $0.74 | Rake $0.03 
Board [7s Js Ks 5s 3d]
Seat 1: Ulylion showed [5h Qs] and won ($0.71) with a flush, King high
Seat 2: Paty Doll726 folded before Flop (didn't bet)
Seat 3: Dorex2007 (button) folded before Flop (didn't bet)
Seat 4: EMNL3359 (small blind) folded on the River
Seat 5: Kidmono (big blind) folded on the Flop
Seat 6: burnocar mucked [Ac Kc]
Seat 7: HadesAtila folded on the Flop
Seat 8: alma1980 folded before Flop (didn't bet)
Seat 9: victordyfox folded before Flop (didn't bet)



PokerStars Hand #237168006733:  Hold'em No Limit ($0.01/$0.02 USD) - 2022/07/04 19:09:27 PT [2022/07/04 22:09:27 ET]
Table 'Athalia III' 9-max Seat #4 is the button
Seat 1: Ulylion ($2.25 in chips) 
Seat 2: Paty Doll726 ($0.80 in chips) 
Seat 3: Dorex2007 ($2.74 in chips) 
Seat 4: EMNL3359 ($1.06 in chips) 
Seat 5: Kidmono ($2.23 in chips) 
Seat 6: burnocar ($1.19 in chips) 
Seat 7: HadesAtila ($1.24 in chips) 
Seat 8: alma1980 ($2 in chips) 
Seat 9: victordyfox ($2.56 in chips) 
Kidmono: posts small blind $0.01
burnocar: posts big blind $0.02
*** HOLE CARDS ***
Dealt to Dorex2007 [2s 5h]
HadesAtila: folds 
alma1980: folds 
victordyfox: folds 
Ulylion: calls $0.02
Paty Doll726: folds 
Dorex2007: folds 
EMNL3359: calls $0.02
Kidmono: folds 
burnocar: checks 
*** FLOP *** [9c 8c 7c]
burnocar: checks 
Ulylion: checks 
EMNL3359: bets $0.02
burnocar: calls $0.02
Ulylion: folds 
*** TURN *** [9c 8c 7c] [7d]
burnocar: checks 
EMNL3359: checks 
*** RIVER *** [9c 8c 7c 7d] [6s]
burnocar: bets $0.11
EMNL3359: folds 
Uncalled bet ($0.11) returned to burnocar
burnocar collected $0.11 from pot
*** SUMMARY ***
Total pot $0.11 | Rake $0 
Board [9c 8c 7c 7d 6s]
Seat 1: Ulylion folded on the Flop
Seat 2: Paty Doll726 folded before Flop (didn't bet)
Seat 3: Dorex2007 folded before Flop (didn't bet)
Seat 4: EMNL3359 (button) folded on the River
Seat 5: Kidmono (small blind) folded before Flop
Seat 6: burnocar (big blind) collected ($0.11)
Seat 7: HadesAtila folded before Flop (didn't bet)
Seat 8: alma1980 folded before Flop (didn't bet)
Seat 9: victordyfox folded before Flop (didn't bet)



PokerStars Hand #237168017190:  Hold'em No Limit ($0.01/$0.02 USD) - 2022/07/04 19:10:23 PT [2022/07/04 22:10:23 ET]
Table 'Athalia III' 9-max Seat #5 is the button
Seat 1: Ulylion ($2.23 in chips) 
Seat 2: Paty Doll726 ($0.80 in chips) 
Seat 3: Dorex2007 ($2.74 in chips) 
Seat 4: EMNL3359 ($1.02 in chips) 
Seat 5: Kidmono ($2.22 in chips) 
Seat 6: burnocar ($1.26 in chips) 
Seat 7: HadesAtila ($1.24 in chips) 
Seat 8: alma1980 ($2 in chips) 
Seat 9: victordyfox ($2.56 in chips) 
burnocar: posts small blind $0.01
HadesAtila: posts big blind $0.02
*** HOLE CARDS ***
Dealt to Dorex2007 [7d Js]
alma1980: folds 
victordyfox: calls $0.02
Ulylion: calls $0.02
Paty Doll726: folds 
Dorex2007: folds 
EMNL3359: folds 
Kidmono: calls $0.02
burnocar: calls $0.01
HadesAtila: checks 
*** FLOP *** [Td 2d As]
burnocar: checks 
HadesAtila: bets $0.04
victordyfox: calls $0.04
Ulylion: folds 
Kidmono: calls $0.04
burnocar: folds 
*** TURN *** [Td 2d As] [3s]
HadesAtila: bets $0.10
victordyfox: raises $0.41 to $0.51
Kidmono: folds 
HadesAtila: calls $0.41
*** RIVER *** [Td 2d As 3s] [2s]
HadesAtila: checks 
victordyfox: checks 
*** SHOW DOWN ***
HadesAtila: shows [Kd Qs] (a pair of Deuces)
victordyfox: shows [Ac 3c] (two pair, Aces and Threes)
victordyfox collected $1.20 from pot
*** SUMMARY ***
Total pot $1.24 | Rake $0.04 
Board [Td 2d As 3s 2s]
Seat 1: Ulylion folded on the Flop
Seat 2: Paty Doll726 folded before Flop (didn't bet)
Seat 3: Dorex2007 folded before Flop (didn't bet)
Seat 4: EMNL3359 folded before Flop (didn't bet)
Seat 5: Kidmono (button) folded on the Turn
Seat 6: burnocar (small blind) folded on the Flop
Seat 7: HadesAtila (big blind) showed [Kd Qs] and lost with a pair of Deuces
Seat 8: alma1980 folded before Flop (didn't bet)
Seat 9: victordyfox showed [Ac 3c] and won ($1.20) with two pair, Aces and Threes



PokerStars Hand #237168031293:  Hold'em No Limit ($0.01/$0.02 USD) - 2022/07/04 19:11:41 PT [2022/07/04 22:11:41 ET]
Table 'Athalia III' 9-max Seat #6 is the button
Seat 1: Ulylion ($2.21 in chips) 
Seat 2: Paty Doll726 ($0.80 in chips) 
Seat 3: Dorex2007 ($2.74 in chips) 
Seat 4: EMNL3359 ($1.02 in chips) 
Seat 5: Kidmono ($2.16 in chips) 
Seat 6: burnocar ($1.24 in chips) 
Seat 7: HadesAtila ($0.67 in chips) 
Seat 8: alma1980 ($2 in chips) 
Seat 9: victordyfox ($3.19 in chips) 
HadesAtila: posts small blind $0.01
alma1980: posts big blind $0.02
*** HOLE CARDS ***
Dealt to Dorex2007 [3s 4h]
victordyfox: folds 
Ulylion: calls $0.02
Paty Doll726: calls $0.02
Dorex2007: folds 
EMNL3359: folds 
Kidmono: folds 
burnocar: calls $0.02
HadesAtila: folds 
alma1980: raises $0.09 to $0.11
Ulylion: calls $0.09
Paty Doll726: folds 
burnocar: calls $0.09
*** FLOP *** [7s 8s Qh]
alma1980: bets $0.12
Ulylion: folds 
burnocar: folds 
Uncalled bet ($0.12) returned to alma1980
alma1980 collected $0.35 from pot
*** SUMMARY ***
Total pot $0.36 | Rake $0.01 
Board [7s 8s Qh]
Seat 1: Ulylion folded on the Flop
Seat 2: Paty Doll726 folded before Flop
Seat 3: Dorex2007 folded before Flop (didn't bet)
Seat 4: EMNL3359 folded before Flop (didn't bet)
Seat 5: Kidmono folded before Flop (didn't bet)
Seat 6: burnocar (button) folded on the Flop
Seat 7: HadesAtila (small blind) folded before Flop
Seat 8: alma1980 (big blind) collected ($0.35)
Seat 9: victordyfox folded before Flop (didn't bet)



PokerStars Hand #237168038938:  Hold'em No Limit ($0.01/$0.02 USD) - 2022/07/04 19:12:23 PT [2022/07/04 22:12:23 ET]
Table 'Athalia III' 9-max Seat #7 is the button
Seat 1: Ulylion ($2.10 in chips) 
Seat 2: Paty Doll726 ($0.78 in chips) 
Seat 3: Dorex2007 ($2.74 in chips) 
Seat 4: EMNL3359 ($1.02 in chips) 
Seat 5: Kidmono ($2.16 in chips) 
Seat 6: burnocar ($1.13 in chips) 
Seat 7: HadesAtila ($0.66 in chips) 
Seat 8: alma1980 ($2.24 in chips) 
Seat 9: victordyfox ($3.19 in chips) 
alma1980: posts small blind $0.01
victordyfox: posts big blind $0.02
*** HOLE CARDS ***
Dealt to Dorex2007 [5s 4c]
Ulylion: calls $0.02
Paty Doll726: folds 
Dorex2007: folds 
EMNL3359: calls $0.02
Kidmono: raises $0.04 to $0.06
burnocar: calls $0.06
HadesAtila: calls $0.06
alma1980: folds 
victordyfox: folds 
Ulylion: calls $0.04
EMNL3359: calls $0.04
*** FLOP *** [Kc 4h Ac]
Ulylion: checks 
EMNL3359: checks 
Kidmono: checks 
burnocar: checks 
HadesAtila: checks 
*** TURN *** [Kc 4h Ac] [4d]
Ulylion: bets $0.16
EMNL3359: folds 
Kidmono: folds 
burnocar: calls $0.16
HadesAtila: calls $0.16
*** RIVER *** [Kc 4h Ac 4d] [Ah]
Ulylion: bets $0.39
burnocar: calls $0.39
HadesAtila: folds 
*** SHOW DOWN ***
Ulylion: shows [Kd 7c] (two pair, Aces and Kings)
burnocar: shows [Ad 5d] (a full house, Aces full of Fours)
burnocar collected $1.53 from pot
*** SUMMARY ***
Total pot $1.59 | Rake $0.06 
Board [Kc 4h Ac 4d Ah]
Seat 1: Ulylion showed [Kd 7c] and lost with two pair, Aces and Kings
Seat 2: Paty Doll726 folded before Flop (didn't bet)
Seat 3: Dorex2007 folded before Flop (didn't bet)
Seat 4: EMNL3359 folded on the Turn
Seat 5: Kidmono folded on the Turn
Seat 6: burnocar showed [Ad 5d] and won ($1.53) with a full house, Aces full of Fours
Seat 7: HadesAtila (button) folded on the River
Seat 8: alma1980 (small blind) folded before Flop
Seat 9: victordyfox (big blind) folded before Flop



PokerStars Hand #237168059998:  Hold'em No Limit ($0.01/$0.02 USD) - 2022/07/04 19:14:17 PT [2022/07/04 22:14:17 ET]
Table 'Athalia III' 9-max Seat #8 is the button
Seat 1: Ulylion ($1.49 in chips) 
Seat 2: Paty Doll726 ($0.78 in chips) 
Seat 3: Dorex2007 ($2.74 in chips) 
Seat 4: EMNL3359 ($0.96 in chips) 
Seat 5: Kidmono ($2.10 in chips) 
Seat 6: burnocar ($2.05 in chips) 
Seat 7: HadesAtila ($0.44 in chips) 
Seat 8: alma1980 ($2.23 in chips) 
Seat 9: victordyfox ($3.17 in chips) 
victordyfox: posts small blind $0.01
Ulylion: posts big blind $0.02
*** HOLE CARDS ***
Dealt to Dorex2007 [Jd 5s]
Paty Doll726: folds 
Dorex2007: folds 
EMNL3359: calls $0.02
Kidmono: folds 
burnocar: calls $0.02
HadesAtila: calls $0.02
alma1980: folds 
victordyfox: folds 
Ulylion: raises $0.02 to $0.04
EMNL3359: calls $0.02
burnocar: calls $0.02
HadesAtila: calls $0.02
*** FLOP *** [Ac 3c 2s]
Ulylion: checks 
EMNL3359: bets $0.16
burnocar: calls $0.16
HadesAtila: folds 
Ulylion: folds 
*** TURN *** [Ac 3c 2s] [7c]
Ulylion leaves the table
EMNL3359: bets $0.47
burnocar: raises $0.47 to $0.94
EMNL3359: calls $0.29 and is all-in
Uncalled bet ($0.18) returned to burnocar
*** RIVER *** [Ac 3c 2s 7c] [7s]
*** SHOW DOWN ***
EMNL3359: shows [4s Ah] (two pair, Aces and Sevens)
burnocar: shows [5h 4c] (a straight, Ace to Five)
burnocar collected $1.94 from pot
*** SUMMARY ***
Total pot $2.01 | Rake $0.07 
Board [Ac 3c 2s 7c 7s]
Seat 1: Ulylion (big blind) folded on the Flop
Seat 2: Paty Doll726 folded before Flop (didn't bet)
Seat 3: Dorex2007 folded before Flop (didn't bet)
Seat 4: EMNL3359 showed [4s Ah] and lost with two pair, Aces and Sevens
Seat 5: Kidmono folded before Flop (didn't bet)
Seat 6: burnocar showed [5h 4c] and won ($1.94) with a straight, Ace to Five
Seat 7: HadesAtila folded on the Flop
Seat 8: alma1980 (button) folded before Flop (didn't bet)
Seat 9: victordyfox (small blind) folded before Flop



PokerStars Hand #237168073762:  Hold'em No Limit ($0.01/$0.02 USD) - 2022/07/04 19:15:34 PT [2022/07/04 22:15:34 ET]
Table 'Athalia III' 9-max Seat #9 is the button
Seat 2: Paty Doll726 ($0.78 in chips) 
Seat 3: Dorex2007 ($2.74 in chips) 
Seat 5: Kidmono ($2.10 in chips) 
Seat 6: burnocar ($3.03 in chips) 
Seat 7: HadesAtila ($0.40 in chips) 
Seat 8: alma1980 ($2.23 in chips) 
Seat 9: victordyfox ($3.16 in chips) 
Paty Doll726: posts small blind $0.01
Dorex2007: posts big blind $0.02
*** HOLE CARDS ***
Dealt to Dorex2007 [4c Ah]
Kidmono: folds 
EMNL3359 leaves the table
w3sby joins the table at seat #1 
burnocar has timed out
burnocar: folds 
HadesAtila: folds 
Glacius2050 joins the table at seat #4 
alma1980 has timed out
alma1980: folds 
victordyfox: raises $0.02 to $0.04
Paty Doll726: folds 
Dorex2007: folds 
Uncalled bet ($0.02) returned to victordyfox
victordyfox collected $0.05 from pot
*** SUMMARY ***
Total pot $0.05 | Rake $0 
Seat 2: Paty Doll726 (small blind) folded before Flop
Seat 3: Dorex2007 (big blind) folded before Flop
Seat 5: Kidmono folded before Flop (didn't bet)
Seat 6: burnocar folded before Flop (didn't bet)
Seat 7: HadesAtila folded before Flop (didn't bet)
Seat 8: alma1980 folded before Flop (didn't bet)
Seat 9: victordyfox (button) collected ($0.05)



PokerStars Hand #237168080840:  Hold'em No Limit ($0.01/$0.02 USD) - 2022/07/04 19:16:13 PT [2022/07/04 22:16:13 ET]
Table 'Athalia III' 9-max Seat #2 is the button
Seat 2: Paty Doll726 ($0.77 in chips) 
Seat 3: Dorex2007 ($2.72 in chips) 
Seat 4: Glacius2050 ($2 in chips) 
Seat 5: Kidmono ($2.10 in chips) 
Seat 6: burnocar ($3.03 in chips) 
Seat 7: HadesAtila ($0.40 in chips) 
Seat 9: victordyfox ($3.19 in chips) 
Dorex2007: posts small blind $0.01
Glacius2050: posts big blind $0.02
w3sby: sits out 
*** HOLE CARDS ***
Dealt to Dorex2007 [2h 6d]
Kidmono: folds 
burnocar: calls $0.02
HadesAtila: calls $0.02
victordyfox: folds 
Paty Doll726: folds 
Dorex2007: folds 
Glacius2050: raises $0.04 to $0.06
burnocar: calls $0.04
HadesAtila: calls $0.04
*** FLOP *** [6s 2d 6c]
Glacius2050: checks 
burnocar: bets $0.09
HadesAtila: raises $0.25 to $0.34 and is all-in
Glacius2050: folds 
burnocar: calls $0.25
*** TURN *** [6s 2d 6c] [Jc]
*** RIVER *** [6s 2d 6c Jc] [7c]
*** SHOW DOWN ***
burnocar: shows [8c 8h] (two pair, Eights and Sixes)
HadesAtila: shows [3d Kc] (a pair of Sixes)
burnocar collected $0.84 from pot
*** SUMMARY ***
Total pot $0.87 | Rake $0.03 
Board [6s 2d 6c Jc 7c]
Seat 2: Paty Doll726 (button) folded before Flop (didn't bet)
Seat 3: Dorex2007 (small blind) folded before Flop
Seat 4: Glacius2050 (big blind) folded on the Flop
Seat 5: Kidmono folded before Flop (didn't bet)
Seat 6: burnocar showed [8c 8h] and won ($0.84) with two pair, Eights and Sixes
Seat 7: HadesAtila showed [3d Kc] and lost with a pair of Sixes
Seat 9: victordyfox folded before Flop (didn't bet)



PokerStars Hand #237168090092:  Hold'em No Limit ($0.01/$0.02 USD) - 2022/07/04 19:17:04 PT [2022/07/04 22:17:04 ET]
Table 'Athalia III' 9-max Seat #3 is the button
Seat 2: Paty Doll726 ($0.77 in chips) 
Seat 3: Dorex2007 ($2.71 in chips) 
Seat 4: Glacius2050 ($1.94 in chips) 
Seat 5: Kidmono ($2.10 in chips) 
Seat 6: burnocar ($3.47 in chips) 
Seat 8: alma1980 ($2.23 in chips) 
Seat 9: victordyfox ($3.19 in chips) 
Glacius2050: posts small blind $0.01
Kidmono: posts big blind $0.02
w3sby: sits out 
*** HOLE CARDS ***
Dealt to Dorex2007 [9h Tc]
burnocar: folds 
alma1980: raises $0.04 to $0.06
victordyfox: folds 
Paty Doll726: folds 
Dorex2007: folds 
Glacius2050: folds 
Kidmono: folds 
Uncalled bet ($0.04) returned to alma1980
alma1980 collected $0.05 from pot
*** SUMMARY ***
Total pot $0.05 | Rake $0 
Seat 2: Paty Doll726 folded before Flop (didn't bet)
Seat 3: Dorex2007 (button) folded before Flop (didn't bet)
Seat 4: Glacius2050 (small blind) folded before Flop
Seat 5: Kidmono (big blind) folded before Flop
Seat 6: burnocar folded before Flop (didn't bet)
Seat 8: alma1980 collected ($0.05)
Seat 9: victordyfox folded before Flop (didn't bet)



PokerStars Hand #237168102442:  Hold'em No Limit ($0.01/$0.02 USD) - 2022/07/04 19:17:19 PT [2022/07/04 22:17:19 ET]
Table 'Athalia III' 9-max Seat #4 is the button
Seat 2: Paty Doll726 ($0.77 in chips) 
Seat 3: Dorex2007 ($2.71 in chips) 
Seat 4: Glacius2050 ($1.93 in chips) 
Seat 5: Kidmono ($2.08 in chips) 
Seat 6: burnocar ($3.47 in chips) 
Seat 7: HadesAtila ($0.80 in chips) 
Seat 8: alma1980 ($2.26 in chips) 
Seat 9: victordyfox ($3.19 in chips) 
Kidmono: posts small blind $0.01
burnocar: posts big blind $0.02
w3sby: sits out 
*** HOLE CARDS ***
Dealt to Dorex2007 [4d 4h]
HadesAtila: folds 
alma1980: folds 
victordyfox: folds 
Paty Doll726: folds 
Dorex2007: raises $0.04 to $0.06
Glacius2050: folds 
Kidmono: folds 
burnocar: folds 
Uncalled bet ($0.04) returned to Dorex2007
Dorex2007 collected $0.05 from pot
*** SUMMARY ***
Total pot $0.05 | Rake $0 
Seat 2: Paty Doll726 folded before Flop (didn't bet)
Seat 3: Dorex2007 collected ($0.05)
Seat 4: Glacius2050 (button) folded before Flop (didn't bet)
Seat 5: Kidmono (small blind) folded before Flop
Seat 6: burnocar (big blind) folded before Flop
Seat 7: HadesAtila folded before Flop (didn't bet)
Seat 8: alma1980 folded before Flop (didn't bet)
Seat 9: victordyfox folded before Flop (didn't bet)



PokerStars Hand #237168105774:  Hold'em No Limit ($0.01/$0.02 USD) - 2022/07/04 19:17:37 PT [2022/07/04 22:17:37 ET]
Table 'Athalia III' 9-max Seat #5 is the button
Seat 2: Paty Doll726 ($0.77 in chips) 
Seat 3: Dorex2007 ($2.74 in chips) 
Seat 4: Glacius2050 ($1.93 in chips) 
Seat 5: Kidmono ($2.07 in chips) 
Seat 6: burnocar ($3.45 in chips) 
Seat 7: HadesAtila ($0.80 in chips) 
Seat 8: alma1980 ($2.26 in chips) 
Seat 9: victordyfox ($3.19 in chips) 
burnocar: posts small blind $0.01
HadesAtila: posts big blind $0.02
w3sby: sits out 
*** HOLE CARDS ***
Dealt to Dorex2007 [Ad 3c]
alma1980: folds 
victordyfox: raises $0.02 to $0.04
Paty Doll726: folds 
Dorex2007: folds 
Glacius2050: calls $0.04
Kidmono: folds 
burnocar: calls $0.03
HadesAtila: calls $0.02
*** FLOP *** [9c 4c 5d]
burnocar: checks 
HadesAtila: checks 
victordyfox: checks 
Glacius2050: checks 
*** TURN *** [9c 4c 5d] [Js]
burnocar: checks 
HadesAtila: checks 
victordyfox: bets $0.06
Glacius2050: calls $0.06
burnocar: folds 
HadesAtila: calls $0.06
*** RIVER *** [9c 4c 5d Js] [Kh]
HadesAtila: checks 
victordyfox: bets $0.16
Glacius2050: folds 
HadesAtila: folds 
Uncalled bet ($0.16) returned to victordyfox
victordyfox collected $0.33 from pot
*** SUMMARY ***
Total pot $0.34 | Rake $0.01 
Board [9c 4c 5d Js Kh]
Seat 2: Paty Doll726 folded before Flop (didn't bet)
Seat 3: Dorex2007 folded before Flop (didn't bet)
Seat 4: Glacius2050 folded on the River
Seat 5: Kidmono (button) folded before Flop (didn't bet)
Seat 6: burnocar (small blind) folded on the Turn
Seat 7: HadesAtila (big blind) folded on the River
Seat 8: alma1980 folded before Flop (didn't bet)
Seat 9: victordyfox collected ($0.33)



PokerStars Hand #237168119578:  Hold'em No Limit ($0.01/$0.02 USD) - 2022/07/04 19:18:54 PT [2022/07/04 22:18:54 ET]
Table 'Athalia III' 9-max Seat #6 is the button
Seat 2: Paty Doll726 ($0.77 in chips) 
Seat 3: Dorex2007 ($2.74 in chips) 
Seat 4: Glacius2050 ($1.83 in chips) 
Seat 5: Kidmono ($2.07 in chips) 
Seat 6: burnocar ($3.41 in chips) 
Seat 7: HadesAtila ($0.70 in chips) 
Seat 8: alma1980 ($2.26 in chips) 
Seat 9: victordyfox ($3.42 in chips) 
HadesAtila: posts small blind $0.01
alma1980: posts big blind $0.02
w3sby: sits out 
*** HOLE CARDS ***
Dealt to Dorex2007 [7s Ts]
victordyfox: folds 
Paty Doll726: folds 
Dorex2007: folds 
Glacius2050: raises $0.04 to $0.06
Kidmono: calls $0.06
burnocar: folds 
HadesAtila: calls $0.05
alma1980: folds 
*** FLOP *** [9c 4h Jd]
HadesAtila: checks 
Glacius2050: checks 
Kidmono: checks 
*** TURN *** [9c 4h Jd] [2h]
HadesAtila: checks 
Glacius2050: checks 
Kidmono: bets $0.13
HadesAtila: calls $0.13
Glacius2050: calls $0.13
*** RIVER *** [9c 4h Jd 2h] [8c]
HadesAtila: checks 
Glacius2050: checks 
Kidmono: bets $1.88 and is all-in
HadesAtila: folds 
Glacius2050: folds 
Uncalled bet ($1.88) returned to Kidmono
Kidmono collected $0.57 from pot
*** SUMMARY ***
Total pot $0.59 | Rake $0.02 
Board [9c 4h Jd 2h 8c]
Seat 2: Paty Doll726 folded before Flop (didn't bet)
Seat 3: Dorex2007 folded before Flop (didn't bet)
Seat 4: Glacius2050 folded on the River
Seat 5: Kidmono collected ($0.57)
Seat 6: burnocar (button) folded before Flop (didn't bet)
Seat 7: HadesAtila (small blind) folded on the River
Seat 8: alma1980 (big blind) folded before Flop
Seat 9: victordyfox folded before Flop (didn't bet)



PokerStars Hand #237168133841:  Hold'em No Limit ($0.01/$0.02 USD) - 2022/07/04 19:20:14 PT [2022/07/04 22:20:14 ET]
Table 'Athalia III' 9-max Seat #7 is the button
Seat 2: Paty Doll726 ($0.77 in chips) 
Seat 3: Dorex2007 ($2.74 in chips) 
Seat 4: Glacius2050 ($1.64 in chips) 
Seat 5: Kidmono ($2.45 in chips) 
Seat 6: burnocar ($3.41 in chips) 
Seat 7: HadesAtila ($0.51 in chips) 
Seat 8: alma1980 ($2.24 in chips) 
Seat 9: victordyfox ($3.42 in chips) 
alma1980: posts small blind $0.01
victordyfox: posts big blind $0.02
w3sby: sits out 
*** HOLE CARDS ***
Dealt to Dorex2007 [7h 2d]
Paty Doll726: folds 
Dorex2007: folds 
Glacius2050: raises $0.04 to $0.06
Kidmono: folds 
burnocar: calls $0.06
HadesAtila: folds 
alma1980: folds 
victordyfox: calls $0.04
*** FLOP *** [4h 7c Ac]
victordyfox: checks 
Glacius2050: checks 
burnocar: bets $0.04
victordyfox: folds 
Glacius2050: folds 
Uncalled bet ($0.04) returned to burnocar
burnocar collected $0.18 from pot
*** SUMMARY ***
Total pot $0.19 | Rake $0.01 
Board [4h 7c Ac]
Seat 2: Paty Doll726 folded before Flop (didn't bet)
Seat 3: Dorex2007 folded before Flop (didn't bet)
Seat 4: Glacius2050 folded on the Flop
Seat 5: Kidmono folded before Flop (didn't bet)
Seat 6: burnocar collected ($0.18)
Seat 7: HadesAtila (button) folded before Flop (didn't bet)
Seat 8: alma1980 (small blind) folded before Flop
Seat 9: victordyfox (big blind) folded on the Flop



PokerStars Hand #237168138516:  Hold'em No Limit ($0.01/$0.02 USD) - 2022/07/04 19:20:41 PT [2022/07/04 22:20:41 ET]
Table 'Athalia III' 9-max Seat #8 is the button
Seat 1: w3sby ($2 in chips) 
Seat 2: Paty Doll726 ($0.77 in chips) 
Seat 3: Dorex2007 ($2.74 in chips) 
Seat 4: Glacius2050 ($1.58 in chips) 
Seat 5: Kidmono ($2.45 in chips) 
Seat 6: burnocar ($3.53 in chips) 
Seat 7: HadesAtila ($0.51 in chips) 
Seat 8: alma1980 ($2.23 in chips) 
Seat 9: victordyfox ($3.36 in chips) 
victordyfox: posts small blind $0.01
w3sby: posts big blind $0.02
*** HOLE CARDS ***
Dealt to Dorex2007 [5s 4d]
Paty Doll726: folds 
Dorex2007: folds 
Glacius2050: folds 
Kidmono: folds 
burnocar: calls $0.02
HadesAtila: raises $0.02 to $0.04
alma1980: folds 
victordyfox: folds 
w3sby: folds 
burnocar: calls $0.02
*** FLOP *** [3s 3h 7s]
burnocar: checks 
HadesAtila: bets $0.16
burnocar: folds 
Uncalled bet ($0.16) returned to HadesAtila
HadesAtila collected $0.11 from pot
*** SUMMARY ***
Total pot $0.11 | Rake $0 
Board [3s 3h 7s]
Seat 1: w3sby (big blind) folded before Flop
Seat 2: Paty Doll726 folded before Flop (didn't bet)
Seat 3: Dorex2007 folded before Flop (didn't bet)
Seat 4: Glacius2050 folded before Flop (didn't bet)
Seat 5: Kidmono folded before Flop (didn't bet)
Seat 6: burnocar folded on the Flop
Seat 7: HadesAtila collected ($0.11)
Seat 8: alma1980 (button) folded before Flop (didn't bet)
Seat 9: victordyfox (small blind) folded before Flop



PokerStars Hand #237168145695:  Hold'em No Limit ($0.01/$0.02 USD) - 2022/07/04 19:21:22 PT [2022/07/04 22:21:22 ET]
Table 'Athalia III' 9-max Seat #9 is the button
Seat 1: w3sby ($2 in chips) 
Seat 2: Paty Doll726 ($0.77 in chips) 
Seat 3: Dorex2007 ($2.74 in chips) 
Seat 4: Glacius2050 ($1.58 in chips) 
Seat 5: Kidmono ($2.45 in chips) 
Seat 6: burnocar ($3.49 in chips) 
Seat 7: HadesAtila ($0.58 in chips) 
Seat 8: alma1980 ($2.23 in chips) 
Seat 9: victordyfox ($3.35 in chips) 
w3sby: posts small blind $0.01
Paty Doll726: posts big blind $0.02
*** HOLE CARDS ***
Dealt to Dorex2007 [9d 7s]
Dorex2007: folds 
Glacius2050: raises $0.04 to $0.06
Kidmono: folds 
burnocar: calls $0.06
HadesAtila: calls $0.06
alma1980: raises $0.27 to $0.33
victordyfox: raises $3.02 to $3.35 and is all-in
w3sby: folds 
Paty Doll726: folds 
Glacius2050: folds 
burnocar: folds 
HadesAtila: folds 
alma1980: folds 
Uncalled bet ($3.02) returned to victordyfox
victordyfox collected $0.87 from pot
*** SUMMARY ***
Total pot $0.87 | Rake $0 
Seat 1: w3sby (small blind) folded before Flop
Seat 2: Paty Doll726 (big blind) folded before Flop
Seat 3: Dorex2007 folded before Flop (didn't bet)
Seat 4: Glacius2050 folded before Flop
Seat 5: Kidmono folded before Flop (didn't bet)
Seat 6: burnocar folded before Flop
Seat 7: HadesAtila folded before Flop
Seat 8: alma1980 folded before Flop
Seat 9: victordyfox (button) collected ($0.87)



PokerStars Hand #237168165135:  Hold'em No Limit ($0.01/$0.02 USD) - 2022/07/04 19:22:18 PT [2022/07/04 22:22:18 ET]
Table 'Athalia III' 9-max Seat #1 is the button
Seat 1: w3sby ($2 in chips) 
Seat 2: Paty Doll726 ($0.75 in chips) 
Seat 3: Dorex2007 ($2.74 in chips) 
Seat 4: Glacius2050 ($1.52 in chips) 
Seat 5: Kidmono ($2.45 in chips) 
Seat 6: burnocar ($3.43 in chips) 
Seat 7: HadesAtila ($0.52 in chips) 
Seat 8: alma1980 ($2 in chips) 
Seat 9: victordyfox ($3.89 in chips) 
Paty Doll726: posts small blind $0.01
Dorex2007: posts big blind $0.02
*** HOLE CARDS ***
Dealt to Dorex2007 [3s 3d]
Glacius2050: raises $0.04 to $0.06
Kidmono: folds 
burnocar: calls $0.06
HadesAtila: calls $0.06
alma1980: folds 
victordyfox: folds 
w3sby: folds 
Paty Doll726: folds 
Dorex2007: calls $0.04
*** FLOP *** [2c Ah 9c]
Dorex2007: checks 
Glacius2050: checks 
burnocar: bets $0.12
HadesAtila: calls $0.12
Dorex2007: folds 
Glacius2050: folds 
*** TURN *** [2c Ah 9c] [As]
burnocar: checks 
HadesAtila: bets $0.34 and is all-in
burnocar: calls $0.34
*** RIVER *** [2c Ah 9c As] [8d]
*** SHOW DOWN ***
burnocar: shows [Th Ts] (two pair, Aces and Tens)
HadesAtila: shows [Qs 9s] (two pair, Aces and Nines)
burnocar collected $1.13 from pot
*** SUMMARY ***
Total pot $1.17 | Rake $0.04 
Board [2c Ah 9c As 8d]
Seat 1: w3sby (button) folded before Flop (didn't bet)
Seat 2: Paty Doll726 (small blind) folded before Flop
Seat 3: Dorex2007 (big blind) folded on the Flop
Seat 4: Glacius2050 folded on the Flop
Seat 5: Kidmono folded before Flop (didn't bet)
Seat 6: burnocar showed [Th Ts] and won ($1.13) with two pair, Aces and Tens
Seat 7: HadesAtila showed [Qs 9s] and lost with two pair, Aces and Nines
Seat 8: alma1980 folded before Flop (didn't bet)
Seat 9: victordyfox folded before Flop (didn't bet)



PokerStars Hand #237168177811:  Hold'em No Limit ($0.01/$0.02 USD) - 2022/07/04 19:23:29 PT [2022/07/04 22:23:29 ET]
Table 'Athalia III' 9-max Seat #2 is the button
Seat 1: w3sby ($2 in chips) 
Seat 2: Paty Doll726 ($0.74 in chips) 
Seat 3: Dorex2007 ($2.68 in chips) 
Seat 4: Glacius2050 ($1.46 in chips) 
Seat 5: Kidmono ($2.45 in chips) 
Seat 6: burnocar ($4.04 in chips) 
Seat 8: alma1980 ($2 in chips) 
Seat 9: victordyfox ($3.89 in chips) 
Dorex2007: posts small blind $0.01
Glacius2050: posts big blind $0.02
*** HOLE CARDS ***
Dealt to Dorex2007 [5c Th]
Kidmono: folds 
HadesAtila leaves the table
burnocar: folds 
alma1980: folds 
victordyfox: folds 
w3sby: folds 
Paty Doll726: folds 
Dorex2007: folds 
Uncalled bet ($0.01) returned to Glacius2050
Glacius2050 collected $0.02 from pot
*** SUMMARY ***
Total pot $0.02 | Rake $0 
Seat 1: w3sby folded before Flop (didn't bet)
Seat 2: Paty Doll726 (button) folded before Flop (didn't bet)
Seat 3: Dorex2007 (small blind) folded before Flop
Seat 4: Glacius2050 (big blind) collected ($0.02)
Seat 5: Kidmono folded before Flop (didn't bet)
Seat 6: burnocar folded before Flop (didn't bet)
Seat 8: alma1980 folded before Flop (didn't bet)
Seat 9: victordyfox folded before Flop (didn't bet)



PokerStars Hand #237168181121:  Hold'em No Limit ($0.01/$0.02 USD) - 2022/07/04 19:23:47 PT [2022/07/04 22:23:47 ET]
Table 'Athalia III' 9-max Seat #3 is the button
Seat 1: w3sby ($2 in chips) 
Seat 2: Paty Doll726 ($0.74 in chips) 
Seat 3: Dorex2007 ($2.67 in chips) 
Seat 4: Glacius2050 ($1.47 in chips) 
Seat 5: Kidmono ($2.45 in chips) 
Seat 6: burnocar ($4.04 in chips) 
Seat 8: alma1980 ($2 in chips) 
Seat 9: victordyfox ($3.89 in chips) 
Glacius2050: posts small blind $0.01
Kidmono: posts big blind $0.02
*** HOLE CARDS ***
Dealt to Dorex2007 [3c 8h]
burnocar: folds 
alma1980: raises $0.04 to $0.06
victordyfox: folds 
burnocar leaves the table
w3sby: calls $0.06
Paty Doll726: folds 
Dorex2007: folds 
Glacius2050: folds 
Kidmono: folds 
*** FLOP *** [Qd Kd 2h]
Paty Doll726 leaves the table
alma1980: bets $0.05
w3sby: calls $0.05
*** TURN *** [Qd Kd 2h] [Qs]
Glacius2050 leaves the table
alma1980: checks 
w3sby: checks 
*** RIVER *** [Qd Kd 2h Qs] [7d]
alma1980: checks 
w3sby: checks 
*** SHOW DOWN ***
alma1980: shows [Ad Th] (a pair of Queens)
w3sby: mucks hand 
alma1980 collected $0.24 from pot
*** SUMMARY ***
Total pot $0.25 | Rake $0.01 
Board [Qd Kd 2h Qs 7d]
Seat 1: w3sby mucked [Tc Jd]
Seat 2: Paty Doll726 folded before Flop (didn't bet)
Seat 3: Dorex2007 (button) folded before Flop (didn't bet)
Seat 4: Glacius2050 (small blind) folded before Flop
Seat 5: Kidmono (big blind) folded before Flop
Seat 6: burnocar folded before Flop (didn't bet)
Seat 8: alma1980 showed [Ad Th] and won ($0.24) with a pair of Queens
Seat 9: victordyfox folded before Flop (didn't bet)



PokerStars Hand #237168192293:  Hold'em No Limit ($0.01/$0.02 USD) - 2022/07/04 19:24:50 PT [2022/07/04 22:24:50 ET]
Table 'Athalia III' 9-max Seat #5 is the button
Seat 1: w3sby ($2 in chips) 
Seat 3: Dorex2007 ($2.67 in chips) 
Seat 5: Kidmono ($2.43 in chips) 
Seat 8: alma1980 ($2.13 in chips) 
Seat 9: victordyfox ($3.89 in chips) 
alma1980: posts small blind $0.01
victordyfox: posts big blind $0.02
*** HOLE CARDS ***
Dealt to Dorex2007 [3s Qc]
w3sby: folds 
Dorex2007: folds 
Kidmono: folds 
alma1980: folds 
Uncalled bet ($0.01) returned to victordyfox
victordyfox collected $0.02 from pot
*** SUMMARY ***
Total pot $0.02 | Rake $0 
Seat 1: w3sby folded before Flop (didn't bet)
Seat 3: Dorex2007 folded before Flop (didn't bet)
Seat 5: Kidmono (button) folded before Flop (didn't bet)
Seat 8: alma1980 (small blind) folded before Flop
Seat 9: victordyfox (big blind) collected ($0.02)



PokerStars Hand #237168195590:  Hold'em No Limit ($0.01/$0.02 USD) - 2022/07/04 19:25:09 PT [2022/07/04 22:25:09 ET]
Table 'Athalia III' 9-max Seat #8 is the button
Seat 3: Dorex2007 ($2.67 in chips) 
Seat 5: Kidmono ($2.43 in chips) 
Seat 8: alma1980 ($2.12 in chips) 
Seat 9: victordyfox ($3.90 in chips) 
victordyfox: posts small blind $0.01
w3sby: is sitting out 
Dorex2007: posts big blind $0.02
*** HOLE CARDS ***
Dealt to Dorex2007 [Ah 5d]
Kidmono: folds 
Paty Doll726 joins the table at seat #6 
w3sby leaves the table
alma1980: folds 
victordyfox: folds 
Uncalled bet ($0.01) returned to Dorex2007
Dorex2007 collected $0.02 from pot
*** SUMMARY ***
Total pot $0.02 | Rake $0 
Seat 3: Dorex2007 (big blind) collected ($0.02)
Seat 5: Kidmono folded before Flop (didn't bet)
Seat 8: alma1980 (button) folded before Flop (didn't bet)
Seat 9: victordyfox (small blind) folded before Flop



PokerStars Hand #237168197495:  Hold'em No Limit ($0.01/$0.02 USD) - 2022/07/04 19:25:19 PT [2022/07/04 22:25:19 ET]
Table 'Athalia III' 9-max Seat #9 is the button
Seat 3: Dorex2007 ($2.68 in chips) 
Seat 5: Kidmono ($2.43 in chips) 
Seat 8: alma1980 ($2.12 in chips) 
Seat 9: victordyfox ($3.89 in chips) 
Dorex2007: posts small blind $0.01
Kidmono: posts big blind $0.02
Paty Doll726: sits out 
*** HOLE CARDS ***
Dealt to Dorex2007 [2h 2s]
alma1980: folds 
victordyfox: folds 
Dorex2007: raises $0.06 to $0.08
Kidmono: calls $0.06
*** FLOP *** [4h Ah 6h]
Dorex2007: checks 
Paty Doll726 leaves the table
Kidmono: checks 
*** TURN *** [4h Ah 6h] [Kh]
Dorex2007: bets $0.15
Kidmono: folds 
Uncalled bet ($0.15) returned to Dorex2007
Dorex2007 collected $0.15 from pot
*** SUMMARY ***
Total pot $0.16 | Rake $0.01 
Board [4h Ah 6h Kh]
Seat 3: Dorex2007 (small blind) collected ($0.15)
Seat 5: Kidmono (big blind) folded on the Turn
Seat 8: alma1980 folded before Flop (didn't bet)
Seat 9: victordyfox (button) folded before Flop (didn't bet)



