PokerStars Hand #237406515985:  Hold'em No Limit ($0.01/$0.02 USD) - 2022/07/16 21:59:26 PT [2022/07/17 0:59:26 ET]
Table 'Elsa III' 9-max Seat #3 is the button
Seat 1: Dorex2007 ($2 in chips) 
Seat 3: W.Redragons ($3.90 in chips) 
Seat 4: DBLBLYBSTR ($6.64 in chips) 
Seat 5: TaxedToDeath ($1.98 in chips) 
Seat 6: donadamo1 ($1.27 in chips) 
Seat 9: ondawarpaf ($1.89 in chips) 
DBLBLYBSTR: posts small blind $0.01
TaxedToDeath: posts big blind $0.02
Dorex2007: posts big blind $0.02
*** HOLE CARDS ***
Dealt to Dorex2007 [6d Ad]
donadamo1: calls $0.02
ondawarpaf: folds 
Dorex2007: checks 
W.Redragons: folds 
DBLBLYBSTR: folds 
TaxedToDeath: checks 
*** FLOP *** [3s Jd 8h]
TaxedToDeath: checks 
donadamo1: bets $0.02
Dorex2007: folds 
TaxedToDeath: folds 
Uncalled bet ($0.02) returned to donadamo1
donadamo1 collected $0.07 from pot
*** SUMMARY ***
Total pot $0.07 | Rake $0 
Board [3s Jd 8h]
Seat 1: Dorex2007 folded on the Flop (didn't bet)
Seat 3: W.Redragons (button) folded before Flop (didn't bet)
Seat 4: DBLBLYBSTR (small blind) folded before Flop
Seat 5: TaxedToDeath (big blind) folded on the Flop
Seat 6: donadamo1 collected ($0.07)
Seat 9: ondawarpaf folded before Flop (didn't bet)



PokerStars Hand #237406520260:  Hold'em No Limit ($0.01/$0.02 USD) - 2022/07/16 22:00:05 PT [2022/07/17 1:00:05 ET]
Table 'Elsa III' 9-max Seat #4 is the button
Seat 1: Dorex2007 ($2 in chips) 
Seat 3: W.Redragons ($3.90 in chips) 
Seat 4: DBLBLYBSTR ($6.63 in chips) 
Seat 5: TaxedToDeath ($1.96 in chips) 
Seat 6: donadamo1 ($1.32 in chips) 
Seat 9: ondawarpaf ($1.89 in chips) 
TaxedToDeath: posts small blind $0.01
donadamo1: posts big blind $0.02
*** HOLE CARDS ***
Dealt to Dorex2007 [3d Js]
ondawarpaf: folds 
Dorex2007: folds 
W.Redragons: raises $0.03 to $0.05
DBLBLYBSTR: folds 
TaxedToDeath: folds 
donadamo1: calls $0.03
*** FLOP *** [7h Qh 9d]
donadamo1: checks 
W.Redragons: bets $0.04
donadamo1: calls $0.04
*** TURN *** [7h Qh 9d] [5c]
donadamo1: checks 
W.Redragons: checks 
*** RIVER *** [7h Qh 9d 5c] [7s]
donadamo1: checks 
W.Redragons: checks 
*** SHOW DOWN ***
donadamo1: shows [9h 3h] (two pair, Nines and Sevens)
W.Redragons: mucks hand 
donadamo1 collected $0.18 from pot
*** SUMMARY ***
Total pot $0.19 | Rake $0.01 
Board [7h Qh 9d 5c 7s]
Seat 1: Dorex2007 folded before Flop (didn't bet)
Seat 3: W.Redragons mucked [4d 4s]
Seat 4: DBLBLYBSTR (button) folded before Flop (didn't bet)
Seat 5: TaxedToDeath (small blind) folded before Flop
Seat 6: donadamo1 (big blind) showed [9h 3h] and won ($0.18) with two pair, Nines and Sevens
Seat 9: ondawarpaf folded before Flop (didn't bet)



PokerStars Hand #237406524298:  Hold'em No Limit ($0.01/$0.02 USD) - 2022/07/16 22:00:42 PT [2022/07/17 1:00:42 ET]
Table 'Elsa III' 9-max Seat #5 is the button
Seat 1: Dorex2007 ($2 in chips) 
Seat 3: W.Redragons ($3.81 in chips) 
Seat 4: DBLBLYBSTR ($6.63 in chips) 
Seat 5: TaxedToDeath ($1.95 in chips) 
Seat 6: donadamo1 ($1.41 in chips) 
donadamo1: posts small blind $0.01
Dorex2007: posts big blind $0.02
*** HOLE CARDS ***
Dealt to Dorex2007 [Qc 5c]
W.Redragons: folds 
DBLBLYBSTR: raises $0.05 to $0.07
TaxedToDeath: folds 
donadamo1: calls $0.06
Dorex2007: folds 
*** FLOP *** [6s 5d Jd]
donadamo1: checks 
DBLBLYBSTR: bets $0.15
donadamo1: calls $0.15
*** TURN *** [6s 5d Jd] [3c]
donadamo1: checks 
DBLBLYBSTR: bets $0.44
donadamo1: folds 
Uncalled bet ($0.44) returned to DBLBLYBSTR
DBLBLYBSTR collected $0.44 from pot
*** SUMMARY ***
Total pot $0.46 | Rake $0.02 
Board [6s 5d Jd 3c]
Seat 1: Dorex2007 (big blind) folded before Flop
Seat 3: W.Redragons folded before Flop (didn't bet)
Seat 4: DBLBLYBSTR collected ($0.44)
Seat 5: TaxedToDeath (button) folded before Flop (didn't bet)
Seat 6: donadamo1 (small blind) folded on the Turn



PokerStars Hand #237406528304:  Hold'em No Limit ($0.01/$0.02 USD) - 2022/07/16 22:01:16 PT [2022/07/17 1:01:16 ET]
Table 'Elsa III' 9-max Seat #6 is the button
Seat 1: Dorex2007 ($2 in chips) 
Seat 3: W.Redragons ($3.81 in chips) 
Seat 4: DBLBLYBSTR ($6.85 in chips) 
Seat 5: TaxedToDeath ($1.95 in chips) 
Seat 6: donadamo1 ($1.19 in chips) 
Dorex2007: posts small blind $0.01
W.Redragons: posts big blind $0.02
*** HOLE CARDS ***
Dealt to Dorex2007 [5h 7c]
DBLBLYBSTR: folds 
TaxedToDeath: folds 
donadamo1: calls $0.02
Dorex2007: folds 
W.Redragons: checks 
*** FLOP *** [7h Td 4c]
W.Redragons: checks 
donadamo1: bets $0.06
W.Redragons: calls $0.06
*** TURN *** [7h Td 4c] [Jc]
W.Redragons: checks 
donadamo1: checks 
*** RIVER *** [7h Td 4c Jc] [3s]
W.Redragons: checks 
donadamo1: bets $0.10
W.Redragons: raises $0.10 to $0.20
donadamo1: calls $0.10
*** SHOW DOWN ***
W.Redragons: shows [8s 9d] (a straight, Seven to Jack)
donadamo1: mucks hand 
W.Redragons collected $0.55 from pot
*** SUMMARY ***
Total pot $0.57 | Rake $0.02 
Board [7h Td 4c Jc 3s]
Seat 1: Dorex2007 (small blind) folded before Flop
Seat 3: W.Redragons (big blind) showed [8s 9d] and won ($0.55) with a straight, Seven to Jack
Seat 4: DBLBLYBSTR folded before Flop (didn't bet)
Seat 5: TaxedToDeath folded before Flop (didn't bet)
Seat 6: donadamo1 (button) mucked [Ad Ts]



