PokerStars Hand #233835830253:  Hold'em No Limit ($0.01/$0.02 USD) - 2022/02/06 10:56:57 PT [2022/02/06 13:56:57 ET]
Table 'Lilliana IV' 9-max Seat #8 is the button
Seat 2: Idon'tgaf ($1.94 in chips) 
Seat 3: dcorlatescu ($2 in chips) 
Seat 4: P4TRU ($0.07 in chips) 
Seat 5: vavilon812 ($2.22 in chips) 
Seat 6: Khli86 ($1.57 in chips) 
Seat 7: Dorex2007 ($2 in chips) 
Seat 8: arianagray ($1.14 in chips) 
Seat 9: dvdhmstar ($1.77 in chips) 
dvdhmstar: posts small blind $0.01
Brixen555: is sitting out 
Idon'tgaf: posts big blind $0.02
Dorex2007: posts big blind $0.02
*** HOLE CARDS ***
Dealt to Dorex2007 [Qh Js]
dcorlatescu: folds 
P4TRU: folds 
vavilon812: folds 
Brixen555 leaves the table
Khli86: folds 
Dorex2007: checks 
arianagray: calls $0.02
dvdhmstar: folds 
Idon'tgaf: checks 
*** FLOP *** [Th 5s 9s]
Idon'tgaf: checks 
SanCheS39 joins the table at seat #1 
Dorex2007: checks 
arianagray: checks 
*** TURN *** [Th 5s 9s] [4d]
Idon'tgaf: checks 
Dorex2007: checks 
arianagray: bets $0.08
Idon'tgaf: folds 
Dorex2007: calls $0.08
*** RIVER *** [Th 5s 9s 4d] [6c]
Dorex2007: checks 
arianagray: bets $0.20
Dorex2007: folds 
Uncalled bet ($0.20) returned to arianagray
arianagray collected $0.22 from pot
*** SUMMARY ***
Total pot $0.23 | Rake $0.01 
Board [Th 5s 9s 4d 6c]
Seat 2: Idon'tgaf (big blind) folded on the Turn
Seat 3: dcorlatescu folded before Flop (didn't bet)
Seat 4: P4TRU folded before Flop (didn't bet)
Seat 5: vavilon812 folded before Flop (didn't bet)
Seat 6: Khli86 folded before Flop (didn't bet)
Seat 7: Dorex2007 folded on the River
Seat 8: arianagray (button) collected ($0.22)
Seat 9: dvdhmstar (small blind) folded before Flop



PokerStars Hand #233835853226:  Hold'em No Limit ($0.01/$0.02 USD) - 2022/02/06 10:57:52 PT [2022/02/06 13:57:52 ET]
Table 'Lilliana IV' 9-max Seat #9 is the button
Seat 2: Idon'tgaf ($1.92 in chips) 
Seat 3: dcorlatescu ($2 in chips) 
Seat 4: P4TRU ($0.07 in chips) 
Seat 5: vavilon812 ($2.22 in chips) 
Seat 6: Khli86 ($1.57 in chips) 
Seat 7: Dorex2007 ($2 in chips) 
Seat 8: arianagray ($1.26 in chips) 
Seat 9: dvdhmstar ($1.76 in chips) 
Idon'tgaf: posts small blind $0.01
dcorlatescu: posts big blind $0.02
*** HOLE CARDS ***
Dealt to Dorex2007 [Qd Th]
P4TRU: raises $0.05 to $0.07 and is all-in
vavilon812: folds 
Khli86: folds 
Dorex2007: folds 
arianagray: folds 
dvdhmstar: folds 
Idon'tgaf: calls $0.06
dcorlatescu: folds 
*** FLOP *** [2h Qh 3s]
*** TURN *** [2h Qh 3s] [8c]
*** RIVER *** [2h Qh 3s 8c] [6d]
*** SHOW DOWN ***
Idon'tgaf: shows [9d Tc] (high card Queen)
P4TRU: shows [6c 6s] (three of a kind, Sixes)
P4TRU collected $0.15 from pot
*** SUMMARY ***
Total pot $0.16 | Rake $0.01 
Board [2h Qh 3s 8c 6d]
Seat 2: Idon'tgaf (small blind) showed [9d Tc] and lost with high card Queen
Seat 3: dcorlatescu (big blind) folded before Flop
Seat 4: P4TRU showed [6c 6s] and won ($0.15) with three of a kind, Sixes
Seat 5: vavilon812 folded before Flop (didn't bet)
Seat 6: Khli86 folded before Flop (didn't bet)
Seat 7: Dorex2007 folded before Flop (didn't bet)
Seat 8: arianagray folded before Flop (didn't bet)
Seat 9: dvdhmstar (button) folded before Flop (didn't bet)



PokerStars Hand #233835867663:  Hold'em No Limit ($0.01/$0.02 USD) - 2022/02/06 10:58:27 PT [2022/02/06 13:58:27 ET]
Table 'Lilliana IV' 9-max Seat #2 is the button
Seat 1: SanCheS39 ($2 in chips) 
Seat 2: Idon'tgaf ($1.85 in chips) 
Seat 3: dcorlatescu ($2 in chips) 
Seat 4: P4TRU ($0.15 in chips) 
Seat 5: vavilon812 ($2.22 in chips) 
Seat 6: Khli86 ($1.57 in chips) 
Seat 7: Dorex2007 ($2 in chips) 
Seat 8: arianagray ($1.26 in chips) 
Seat 9: dvdhmstar ($1.76 in chips) 
dcorlatescu: posts small blind $0.01
P4TRU: posts big blind $0.02
SanCheS39: posts big blind $0.02
*** HOLE CARDS ***
Dealt to Dorex2007 [9s 7s]
vavilon812: folds 
Khli86: folds 
Dorex2007: folds 
arianagray: folds 
dvdhmstar: folds 
SanCheS39: checks 
Idon'tgaf: raises $0.04 to $0.06
dcorlatescu: calls $0.05
P4TRU: folds 
SanCheS39: folds 
*** FLOP *** [Td 2s 6h]
dcorlatescu: checks 
Idon'tgaf: bets $0.06
dcorlatescu: folds 
Uncalled bet ($0.06) returned to Idon'tgaf
Idon'tgaf collected $0.15 from pot
Idon'tgaf: doesn't show hand 
*** SUMMARY ***
Total pot $0.16 | Rake $0.01 
Board [Td 2s 6h]
Seat 1: SanCheS39 folded before Flop (didn't bet)
Seat 2: Idon'tgaf (button) collected ($0.15)
Seat 3: dcorlatescu (small blind) folded on the Flop
Seat 4: P4TRU (big blind) folded before Flop
Seat 5: vavilon812 folded before Flop (didn't bet)
Seat 6: Khli86 folded before Flop (didn't bet)
Seat 7: Dorex2007 folded before Flop (didn't bet)
Seat 8: arianagray folded before Flop (didn't bet)
Seat 9: dvdhmstar folded before Flop (didn't bet)



PokerStars Hand #233835885116:  Hold'em No Limit ($0.01/$0.02 USD) - 2022/02/06 10:59:08 PT [2022/02/06 13:59:08 ET]
Table 'Lilliana IV' 9-max Seat #3 is the button
Seat 1: SanCheS39 ($1.98 in chips) 
Seat 2: Idon'tgaf ($1.94 in chips) 
Seat 3: dcorlatescu ($2 in chips) 
Seat 4: P4TRU ($0.13 in chips) 
Seat 5: vavilon812 ($2.22 in chips) 
Seat 6: Khli86 ($1.57 in chips) 
Seat 7: Dorex2007 ($2 in chips) 
Seat 8: arianagray ($1.26 in chips) 
Seat 9: dvdhmstar ($1.76 in chips) 
P4TRU: posts small blind $0.01
vavilon812: posts big blind $0.02
*** HOLE CARDS ***
Dealt to Dorex2007 [Td Jc]
Khli86: folds 
Dorex2007: folds 
arianagray: folds 
dvdhmstar: folds 
SanCheS39: folds 
Idon'tgaf: calls $0.02
dcorlatescu: raises $0.06 to $0.08
P4TRU: folds 
vavilon812: folds 
Idon'tgaf: folds 
Uncalled bet ($0.06) returned to dcorlatescu
dcorlatescu collected $0.07 from pot
dcorlatescu: doesn't show hand 
*** SUMMARY ***
Total pot $0.07 | Rake $0 
Seat 1: SanCheS39 folded before Flop (didn't bet)
Seat 2: Idon'tgaf folded before Flop
Seat 3: dcorlatescu (button) collected ($0.07)
Seat 4: P4TRU (small blind) folded before Flop
Seat 5: vavilon812 (big blind) folded before Flop
Seat 6: Khli86 folded before Flop (didn't bet)
Seat 7: Dorex2007 folded before Flop (didn't bet)
Seat 8: arianagray folded before Flop (didn't bet)
Seat 9: dvdhmstar folded before Flop (didn't bet)



PokerStars Hand #233835897821:  Hold'em No Limit ($0.01/$0.02 USD) - 2022/02/06 10:59:38 PT [2022/02/06 13:59:38 ET]
Table 'Lilliana IV' 9-max Seat #4 is the button
Seat 1: SanCheS39 ($1.98 in chips) 
Seat 2: Idon'tgaf ($1.92 in chips) 
Seat 3: dcorlatescu ($2.05 in chips) 
Seat 4: P4TRU ($0.12 in chips) 
Seat 5: vavilon812 ($2.20 in chips) 
Seat 6: Khli86 ($1.57 in chips) 
Seat 7: Dorex2007 ($2 in chips) 
Seat 8: arianagray ($1.26 in chips) 
Seat 9: dvdhmstar ($1.76 in chips) 
vavilon812: posts small blind $0.01
Khli86: posts big blind $0.02
*** HOLE CARDS ***
Dealt to Dorex2007 [Td Kh]
Dorex2007: folds 
arianagray: folds 
dvdhmstar: folds 
SanCheS39: folds 
Idon'tgaf: calls $0.02
dcorlatescu: calls $0.02
P4TRU: folds 
vavilon812: calls $0.01
Khli86: checks 
*** FLOP *** [6c 3h Jh]
vavilon812: checks 
Khli86: checks 
Idon'tgaf: checks 
dcorlatescu: checks 
*** TURN *** [6c 3h Jh] [3d]
vavilon812: checks 
Khli86: checks 
Idon'tgaf: checks 
dcorlatescu: checks 
*** RIVER *** [6c 3h Jh 3d] [Kc]
vavilon812: checks 
Khli86: checks 
Idon'tgaf: checks 
dcorlatescu: checks 
*** SHOW DOWN ***
vavilon812: shows [4c 6s] (two pair, Sixes and Threes)
Khli86: mucks hand 
Idon'tgaf: mucks hand 
dcorlatescu: mucks hand 
vavilon812 collected $0.08 from pot
*** SUMMARY ***
Total pot $0.08 | Rake $0 
Board [6c 3h Jh 3d Kc]
Seat 1: SanCheS39 folded before Flop (didn't bet)
Seat 2: Idon'tgaf mucked [8c 9s]
Seat 3: dcorlatescu mucked [5s 5c]
Seat 4: P4TRU (button) folded before Flop (didn't bet)
Seat 5: vavilon812 (small blind) showed [4c 6s] and won ($0.08) with two pair, Sixes and Threes
Seat 6: Khli86 (big blind) mucked [Ac 9c]
Seat 7: Dorex2007 folded before Flop (didn't bet)
Seat 8: arianagray folded before Flop (didn't bet)
Seat 9: dvdhmstar folded before Flop (didn't bet)



PokerStars Hand #233835924959:  Hold'em No Limit ($0.01/$0.02 USD) - 2022/02/06 11:00:37 PT [2022/02/06 14:00:37 ET]
Table 'Lilliana IV' 9-max Seat #5 is the button
Seat 1: SanCheS39 ($1.98 in chips) 
Seat 2: Idon'tgaf ($1.90 in chips) 
Seat 3: dcorlatescu ($2.03 in chips) 
Seat 4: P4TRU ($0.12 in chips) 
Seat 5: vavilon812 ($2.26 in chips) 
Seat 6: Khli86 ($1.55 in chips) 
Seat 7: Dorex2007 ($2 in chips) 
Seat 8: arianagray ($1.26 in chips) 
Seat 9: dvdhmstar ($1.76 in chips) 
Khli86: posts small blind $0.01
Dorex2007: posts big blind $0.02
*** HOLE CARDS ***
Dealt to Dorex2007 [4c 8c]
arianagray: folds 
dvdhmstar: raises $0.04 to $0.06
SanCheS39: folds 
Idon'tgaf: folds 
dcorlatescu: folds 
P4TRU: folds 
vavilon812: calls $0.06
Khli86: folds 
Dorex2007: folds 
*** FLOP *** [6s 4d 9d]
dvdhmstar: bets $0.14
vavilon812: calls $0.14
*** TURN *** [6s 4d 9d] [5c]
dvdhmstar: bets $0.41
vavilon812: calls $0.41
*** RIVER *** [6s 4d 9d 5c] [6d]
dvdhmstar: checks 
vavilon812: bets $0.65
dvdhmstar: calls $0.65
*** SHOW DOWN ***
vavilon812: shows [Ad Kd] (a flush, Ace high)
dvdhmstar: mucks hand 
vavilon812 collected $2.46 from pot
*** SUMMARY ***
Total pot $2.55 | Rake $0.09 
Board [6s 4d 9d 5c 6d]
Seat 1: SanCheS39 folded before Flop (didn't bet)
Seat 2: Idon'tgaf folded before Flop (didn't bet)
Seat 3: dcorlatescu folded before Flop (didn't bet)
Seat 4: P4TRU folded before Flop (didn't bet)
Seat 5: vavilon812 (button) showed [Ad Kd] and won ($2.46) with a flush, Ace high
Seat 6: Khli86 (small blind) folded before Flop
Seat 7: Dorex2007 (big blind) folded before Flop
Seat 8: arianagray folded before Flop (didn't bet)
Seat 9: dvdhmstar mucked [As Ac]



PokerStars Hand #233835965386:  Hold'em No Limit ($0.01/$0.02 USD) - 2022/02/06 11:01:52 PT [2022/02/06 14:01:52 ET]
Table 'Lilliana IV' 9-max Seat #6 is the button
Seat 1: SanCheS39 ($1.98 in chips) 
Seat 2: Idon'tgaf ($1.90 in chips) 
Seat 3: dcorlatescu ($2.03 in chips) 
Seat 4: P4TRU ($0.12 in chips) 
Seat 5: vavilon812 ($3.46 in chips) 
Seat 6: Khli86 ($1.54 in chips) 
Seat 7: Dorex2007 ($2 in chips) 
Seat 8: arianagray ($1.26 in chips) 
Seat 9: dvdhmstar ($0.50 in chips) 
Dorex2007: posts small blind $0.01
arianagray: posts big blind $0.02
*** HOLE CARDS ***
Dealt to Dorex2007 [Tc 8c]
dvdhmstar: raises $0.04 to $0.06
SanCheS39: folds 
Idon'tgaf: calls $0.06
dcorlatescu: folds 
P4TRU: folds 
vavilon812: folds 
Khli86: folds 
Dorex2007: folds 
arianagray: folds 
*** FLOP *** [8h 3s 3d]
dvdhmstar: bets $0.04
Idon'tgaf: calls $0.04
*** TURN *** [8h 3s 3d] [4d]
dvdhmstar: checks 
Idon'tgaf: bets $0.10
dvdhmstar: folds 
Uncalled bet ($0.10) returned to Idon'tgaf
Idon'tgaf collected $0.22 from pot
Idon'tgaf: doesn't show hand 
*** SUMMARY ***
Total pot $0.23 | Rake $0.01 
Board [8h 3s 3d 4d]
Seat 1: SanCheS39 folded before Flop (didn't bet)
Seat 2: Idon'tgaf collected ($0.22)
Seat 3: dcorlatescu folded before Flop (didn't bet)
Seat 4: P4TRU folded before Flop (didn't bet)
Seat 5: vavilon812 folded before Flop (didn't bet)
Seat 6: Khli86 (button) folded before Flop (didn't bet)
Seat 7: Dorex2007 (small blind) folded before Flop
Seat 8: arianagray (big blind) folded before Flop
Seat 9: dvdhmstar folded on the Turn



PokerStars Hand #233835993332:  Hold'em No Limit ($0.01/$0.02 USD) - 2022/02/06 11:02:36 PT [2022/02/06 14:02:36 ET]
Table 'Lilliana IV' 9-max Seat #7 is the button
Seat 1: SanCheS39 ($1.98 in chips) 
Seat 2: Idon'tgaf ($2.02 in chips) 
Seat 3: dcorlatescu ($2.03 in chips) 
Seat 4: P4TRU ($0.12 in chips) 
Seat 5: vavilon812 ($3.46 in chips) 
Seat 6: Khli86 ($1.54 in chips) 
Seat 7: Dorex2007 ($2 in chips) 
Seat 8: arianagray ($1.24 in chips) 
Seat 9: dvdhmstar ($0.40 in chips) 
arianagray: posts small blind $0.01
dvdhmstar: posts big blind $0.02
*** HOLE CARDS ***
Dealt to Dorex2007 [8s Qh]
SanCheS39: folds 
Idon'tgaf: folds 
dcorlatescu: raises $0.04 to $0.06
P4TRU: folds 
vavilon812: folds 
Khli86: folds 
Dorex2007: folds 
arianagray: folds 
dvdhmstar: raises $0.14 to $0.20
dcorlatescu: folds 
Uncalled bet ($0.14) returned to dvdhmstar
dvdhmstar collected $0.13 from pot
*** SUMMARY ***
Total pot $0.13 | Rake $0 
Seat 1: SanCheS39 folded before Flop (didn't bet)
Seat 2: Idon'tgaf folded before Flop (didn't bet)
Seat 3: dcorlatescu folded before Flop
Seat 4: P4TRU folded before Flop (didn't bet)
Seat 5: vavilon812 folded before Flop (didn't bet)
Seat 6: Khli86 folded before Flop (didn't bet)
Seat 7: Dorex2007 (button) folded before Flop (didn't bet)
Seat 8: arianagray (small blind) folded before Flop
Seat 9: dvdhmstar (big blind) collected ($0.13)



PokerStars Hand #233836016032:  Hold'em No Limit ($0.01/$0.02 USD) - 2022/02/06 11:03:11 PT [2022/02/06 14:03:11 ET]
Table 'Lilliana IV' 9-max Seat #8 is the button
Seat 1: SanCheS39 ($1.98 in chips) 
Seat 2: Idon'tgaf ($2.02 in chips) 
Seat 3: dcorlatescu ($2 in chips) 
Seat 4: P4TRU ($0.12 in chips) 
Seat 5: vavilon812 ($3.46 in chips) 
Seat 6: Khli86 ($1.54 in chips) 
Seat 7: Dorex2007 ($2 in chips) 
Seat 8: arianagray ($1.23 in chips) 
Seat 9: dvdhmstar ($0.47 in chips) 
dvdhmstar: posts small blind $0.01
SanCheS39: posts big blind $0.02
*** HOLE CARDS ***
Dealt to Dorex2007 [7h Ah]
Idon'tgaf: raises $0.02 to $0.04
dcorlatescu: folds 
P4TRU: raises $0.08 to $0.12 and is all-in
vavilon812: folds 
Khli86: folds 
Dorex2007: calls $0.12
arianagray: folds 
dvdhmstar: folds 
SanCheS39: folds 
Idon'tgaf: calls $0.08
*** FLOP *** [3d Jc 4s]
Idon'tgaf: checks 
Dorex2007: checks 
*** TURN *** [3d Jc 4s] [8h]
Idon'tgaf: checks 
Dorex2007: checks 
*** RIVER *** [3d Jc 4s 8h] [8c]
Idon'tgaf: checks 
Dorex2007: bets $0.19
Idon'tgaf: folds 
Uncalled bet ($0.19) returned to Dorex2007
*** SHOW DOWN ***
Dorex2007: shows [7h Ah] (a pair of Eights)
P4TRU: shows [Qc Kc] (a pair of Eights - lower kicker)
Dorex2007 collected $0.38 from pot
*** SUMMARY ***
Total pot $0.39 | Rake $0.01 
Board [3d Jc 4s 8h 8c]
Seat 1: SanCheS39 (big blind) folded before Flop
Seat 2: Idon'tgaf folded on the River
Seat 3: dcorlatescu folded before Flop (didn't bet)
Seat 4: P4TRU showed [Qc Kc] and lost with a pair of Eights
Seat 5: vavilon812 folded before Flop (didn't bet)
Seat 6: Khli86 folded before Flop (didn't bet)
Seat 7: Dorex2007 showed [7h Ah] and won ($0.38) with a pair of Eights
Seat 8: arianagray (button) folded before Flop (didn't bet)
Seat 9: dvdhmstar (small blind) folded before Flop



PokerStars Hand #233836050521:  Hold'em No Limit ($0.01/$0.02 USD) - 2022/02/06 11:04:01 PT [2022/02/06 14:04:01 ET]
Table 'Lilliana IV' 9-max Seat #9 is the button
Seat 1: SanCheS39 ($1.96 in chips) 
Seat 2: Idon'tgaf ($1.90 in chips) 
Seat 3: dcorlatescu ($2 in chips) 
Seat 4: P4TRU ($1.88 in chips) 
Seat 5: vavilon812 ($3.46 in chips) 
Seat 6: Khli86 ($1.54 in chips) 
Seat 7: Dorex2007 ($2.26 in chips) 
Seat 8: arianagray ($1.23 in chips) 
Seat 9: dvdhmstar ($0.46 in chips) 
SanCheS39: posts small blind $0.01
Idon'tgaf: posts big blind $0.02
*** HOLE CARDS ***
Dealt to Dorex2007 [6c 3s]
dcorlatescu: raises $0.04 to $0.06
P4TRU: calls $0.06
vavilon812: folds 
Khli86: folds 
Dorex2007: folds 
arianagray: calls $0.06
dvdhmstar: folds 
SanCheS39: folds 
Idon'tgaf: calls $0.04
*** FLOP *** [9d 4c 9h]
Idon'tgaf: checks 
dcorlatescu: bets $0.12
P4TRU: folds 
arianagray: folds 
Idon'tgaf: calls $0.12
*** TURN *** [9d 4c 9h] [Tc]
Idon'tgaf: checks 
dcorlatescu: bets $0.12
Idon'tgaf: raises $0.12 to $0.24
dcorlatescu: calls $0.12
*** RIVER *** [9d 4c 9h Tc] [2h]
Idon'tgaf: bets $0.36
dcorlatescu: calls $0.36
*** SHOW DOWN ***
Idon'tgaf: shows [4s 4h] (a full house, Fours full of Nines)
dcorlatescu: mucks hand 
Idon'tgaf collected $1.63 from pot
*** SUMMARY ***
Total pot $1.69 | Rake $0.06 
Board [9d 4c 9h Tc 2h]
Seat 1: SanCheS39 (small blind) folded before Flop
Seat 2: Idon'tgaf (big blind) showed [4s 4h] and won ($1.63) with a full house, Fours full of Nines
Seat 3: dcorlatescu mucked [Qh Qs]
Seat 4: P4TRU folded on the Flop
Seat 5: vavilon812 folded before Flop (didn't bet)
Seat 6: Khli86 folded before Flop (didn't bet)
Seat 7: Dorex2007 folded before Flop (didn't bet)
Seat 8: arianagray folded on the Flop
Seat 9: dvdhmstar (button) folded before Flop (didn't bet)



PokerStars Hand #233836100747:  Hold'em No Limit ($0.01/$0.02 USD) - 2022/02/06 11:05:14 PT [2022/02/06 14:05:14 ET]
Table 'Lilliana IV' 9-max Seat #1 is the button
Seat 1: SanCheS39 ($1.95 in chips) 
Seat 2: Idon'tgaf ($2.75 in chips) 
Seat 3: dcorlatescu ($2 in chips) 
Seat 4: P4TRU ($1.94 in chips) 
Seat 5: vavilon812 ($3.46 in chips) 
Seat 6: Khli86 ($1.54 in chips) 
Seat 7: Dorex2007 ($2.26 in chips) 
Seat 8: arianagray ($1.17 in chips) 
Seat 9: dvdhmstar ($0.46 in chips) 
Idon'tgaf: posts small blind $0.01
dcorlatescu: posts big blind $0.02
*** HOLE CARDS ***
Dealt to Dorex2007 [5d 8d]
P4TRU: folds 
vavilon812: folds 
Khli86: calls $0.02
Dorex2007: folds 
arianagray: folds 
dvdhmstar: raises $0.04 to $0.06
SanCheS39: folds 
Idon'tgaf: calls $0.05
dcorlatescu: folds 
Khli86: calls $0.04
*** FLOP *** [9c 2s 6d]
Idon'tgaf: bets $0.06
Khli86: folds 
dvdhmstar: calls $0.06
*** TURN *** [9c 2s 6d] [Td]
Idon'tgaf: bets $0.16
dvdhmstar: calls $0.16
*** RIVER *** [9c 2s 6d Td] [4d]
Idon'tgaf: bets $0.16
dvdhmstar: calls $0.16
*** SHOW DOWN ***
Idon'tgaf: shows [Kd Kc] (a pair of Kings)
dvdhmstar: mucks hand 
Idon'tgaf collected $0.93 from pot
*** SUMMARY ***
Total pot $0.96 | Rake $0.03 
Board [9c 2s 6d Td 4d]
Seat 1: SanCheS39 (button) folded before Flop (didn't bet)
Seat 2: Idon'tgaf (small blind) showed [Kd Kc] and won ($0.93) with a pair of Kings
Seat 3: dcorlatescu (big blind) folded before Flop
Seat 4: P4TRU folded before Flop (didn't bet)
Seat 5: vavilon812 folded before Flop (didn't bet)
Seat 6: Khli86 folded on the Flop
Seat 7: Dorex2007 folded before Flop (didn't bet)
Seat 8: arianagray folded before Flop (didn't bet)
Seat 9: dvdhmstar mucked [7h 7d]



PokerStars Hand #233836144198:  Hold'em No Limit ($0.01/$0.02 USD) - 2022/02/06 11:06:17 PT [2022/02/06 14:06:17 ET]
Table 'Lilliana IV' 9-max Seat #2 is the button
Seat 1: SanCheS39 ($1.95 in chips) 
Seat 2: Idon'tgaf ($3.24 in chips) 
Seat 3: dcorlatescu ($2 in chips) 
Seat 4: P4TRU ($1.94 in chips) 
Seat 5: vavilon812 ($3.46 in chips) 
Seat 6: Khli86 ($1.48 in chips) 
Seat 7: Dorex2007 ($2.26 in chips) 
Seat 8: arianagray ($1.17 in chips) 
Seat 9: dvdhmstar ($0.02 in chips) 
dcorlatescu: posts small blind $0.01
P4TRU: posts big blind $0.02
*** HOLE CARDS ***
Dealt to Dorex2007 [Ah 5c]
vavilon812: folds 
Khli86: calls $0.02
Dorex2007: folds 
vavilon812 leaves the table
arianagray: folds 
dvdhmstar: folds 
SanCheS39: raises $0.07 to $0.09
Idon'tgaf: folds 
dcorlatescu: folds 
P4TRU: folds 
Khli86: folds 
Uncalled bet ($0.07) returned to SanCheS39
SanCheS39 collected $0.07 from pot
SanCheS39: doesn't show hand 
*** SUMMARY ***
Total pot $0.07 | Rake $0 
Seat 1: SanCheS39 collected ($0.07)
Seat 2: Idon'tgaf (button) folded before Flop (didn't bet)
Seat 3: dcorlatescu (small blind) folded before Flop
Seat 4: P4TRU (big blind) folded before Flop
Seat 5: vavilon812 folded before Flop (didn't bet)
Seat 6: Khli86 folded before Flop
Seat 7: Dorex2007 folded before Flop (didn't bet)
Seat 8: arianagray folded before Flop (didn't bet)
Seat 9: dvdhmstar folded before Flop (didn't bet)



PokerStars Hand #233836162309:  Hold'em No Limit ($0.01/$0.02 USD) - 2022/02/06 11:06:44 PT [2022/02/06 14:06:44 ET]
Table 'Lilliana IV' 9-max Seat #3 is the button
Seat 1: SanCheS39 ($2 in chips) 
Seat 2: Idon'tgaf ($3.24 in chips) 
Seat 3: dcorlatescu ($2 in chips) 
Seat 4: P4TRU ($1.92 in chips) 
Seat 6: Khli86 ($1.46 in chips) 
Seat 7: Dorex2007 ($2.26 in chips) 
Seat 8: arianagray ($1.17 in chips) 
Seat 9: dvdhmstar ($0.02 in chips) 
P4TRU: posts small blind $0.01
Khli86: posts big blind $0.02
*** HOLE CARDS ***
Dealt to Dorex2007 [Qd 7s]
Dorex2007: folds 
arianagray: folds 
dvdhmstar: folds 
SanCheS39: raises $0.02 to $0.04
Idon'tgaf: calls $0.04
dcorlatescu: folds 
P4TRU: calls $0.03
Khli86: calls $0.02
*** FLOP *** [As Qh 6h]
P4TRU: checks 
Khli86: checks 
SanCheS39: checks 
Idon'tgaf: checks 
*** TURN *** [As Qh 6h] [2d]
P4TRU: checks 
Khli86: checks 
SanCheS39: checks 
Idon'tgaf: checks 
*** RIVER *** [As Qh 6h 2d] [Th]
P4TRU: checks 
Khli86: bets $0.02
SanCheS39: calls $0.02
Idon'tgaf: folds 
P4TRU: folds 
*** SHOW DOWN ***
Khli86: shows [Ac 8h] (a pair of Aces)
SanCheS39: mucks hand 
Khli86 collected $0.19 from pot
*** SUMMARY ***
Total pot $0.20 | Rake $0.01 
Board [As Qh 6h 2d Th]
Seat 1: SanCheS39 mucked [5c 5h]
Seat 2: Idon'tgaf folded on the River
Seat 3: dcorlatescu (button) folded before Flop (didn't bet)
Seat 4: P4TRU (small blind) folded on the River
Seat 6: Khli86 (big blind) showed [Ac 8h] and won ($0.19) with a pair of Aces
Seat 7: Dorex2007 folded before Flop (didn't bet)
Seat 8: arianagray folded before Flop (didn't bet)
Seat 9: dvdhmstar folded before Flop (didn't bet)



PokerStars Hand #233836205622:  Hold'em No Limit ($0.01/$0.02 USD) - 2022/02/06 11:07:47 PT [2022/02/06 14:07:47 ET]
Table 'Lilliana IV' 9-max Seat #4 is the button
Seat 1: SanCheS39 ($1.94 in chips) 
Seat 2: Idon'tgaf ($3.20 in chips) 
Seat 3: dcorlatescu ($2 in chips) 
Seat 4: P4TRU ($1.88 in chips) 
Seat 6: Khli86 ($1.59 in chips) 
Seat 7: Dorex2007 ($2.26 in chips) 
Seat 8: arianagray ($1.17 in chips) 
Seat 9: dvdhmstar ($2 in chips) 
Khli86: posts small blind $0.01
Dorex2007: posts big blind $0.02
*** HOLE CARDS ***
Dealt to Dorex2007 [Jh Js]
arianagray: folds 
dvdhmstar: raises $0.04 to $0.06
SanCheS39: folds 
Idon'tgaf: folds 
dcorlatescu: calls $0.06
P4TRU: folds 
Khli86: folds 
Dorex2007: calls $0.04
*** FLOP *** [9c Jd Qd]
SkierKefir joins the table at seat #5 
Dorex2007: checks 
dvdhmstar: bets $0.06
dcorlatescu: calls $0.06
Dorex2007: raises $0.36 to $0.42
dvdhmstar: folds 
dcorlatescu: calls $0.36
*** TURN *** [9c Jd Qd] [Kd]
Dorex2007: bets $0.70
dcorlatescu: raises $0.82 to $1.52 and is all-in
Dorex2007: calls $0.82
*** RIVER *** [9c Jd Qd Kd] [4s]
*** SHOW DOWN ***
Dorex2007: shows [Jh Js] (three of a kind, Jacks)
dcorlatescu: shows [6d Ad] (a flush, Ace high)
dcorlatescu cashed out the hand for $3.05 | Cash Out Fee $0.03
Dorex2007 cashed out the hand for $0.90 | Cash Out Fee $0.01
*** SUMMARY ***
Total pot $4.13 | Rake $0.14 
Board [9c Jd Qd Kd 4s]
Seat 1: SanCheS39 folded before Flop (didn't bet)
Seat 2: Idon'tgaf folded before Flop (didn't bet)
Seat 3: dcorlatescu showed [6d Ad] and won ($3.99) with a flush, Ace high (pot not awarded as player cashed out)
Seat 4: P4TRU (button) folded before Flop (didn't bet)
Seat 6: Khli86 (small blind) folded before Flop
Seat 7: Dorex2007 (big blind) showed [Jh Js] and lost with three of a kind, Jacks (cashed out).
Seat 8: arianagray folded before Flop (didn't bet)
Seat 9: dvdhmstar folded on the Flop



PokerStars Hand #233836265234:  Hold'em No Limit ($0.01/$0.02 USD) - 2022/02/06 11:09:13 PT [2022/02/06 14:09:13 ET]
Table 'Lilliana IV' 9-max Seat #6 is the button
Seat 1: SanCheS39 ($1.94 in chips) 
Seat 2: Idon'tgaf ($3.20 in chips) 
Seat 3: dcorlatescu ($3.05 in chips) 
Seat 4: P4TRU ($1.88 in chips) 
Seat 5: SkierKefir ($1.04 in chips) 
Seat 6: Khli86 ($1.58 in chips) 
Seat 7: Dorex2007 ($2 in chips) 
Seat 8: arianagray ($1.17 in chips) 
Seat 9: dvdhmstar ($1.88 in chips) 
Dorex2007: posts small blind $0.01
arianagray: posts big blind $0.02
SkierKefir: posts big blind $0.02
*** HOLE CARDS ***
Dealt to Dorex2007 [Qd 4d]
dvdhmstar: folds 
SanCheS39: folds 
Idon'tgaf: calls $0.02
dcorlatescu: folds 
P4TRU: raises $0.12 to $0.14
SkierKefir: folds 
Khli86: folds 
Dorex2007: folds 
arianagray: folds 
Idon'tgaf: folds 
Uncalled bet ($0.12) returned to P4TRU
P4TRU collected $0.09 from pot
P4TRU: doesn't show hand 
*** SUMMARY ***
Total pot $0.09 | Rake $0 
Seat 1: SanCheS39 folded before Flop (didn't bet)
Seat 2: Idon'tgaf folded before Flop
Seat 3: dcorlatescu folded before Flop (didn't bet)
Seat 4: P4TRU collected ($0.09)
Seat 5: SkierKefir folded before Flop (didn't bet)
Seat 6: Khli86 (button) folded before Flop (didn't bet)
Seat 7: Dorex2007 (small blind) folded before Flop
Seat 8: arianagray (big blind) folded before Flop
Seat 9: dvdhmstar folded before Flop (didn't bet)



PokerStars Hand #233836287028:  Hold'em No Limit ($0.01/$0.02 USD) - 2022/02/06 11:09:45 PT [2022/02/06 14:09:45 ET]
Table 'Lilliana IV' 9-max Seat #7 is the button
Seat 1: SanCheS39 ($1.94 in chips) 
Seat 2: Idon'tgaf ($3.18 in chips) 
Seat 3: dcorlatescu ($3.05 in chips) 
Seat 4: P4TRU ($1.95 in chips) 
Seat 5: SkierKefir ($2 in chips) 
Seat 6: Khli86 ($1.58 in chips) 
Seat 7: Dorex2007 ($2 in chips) 
Seat 8: arianagray ($1.15 in chips) 
Seat 9: dvdhmstar ($1.88 in chips) 
arianagray: posts small blind $0.01
dvdhmstar: posts big blind $0.02
*** HOLE CARDS ***
Dealt to Dorex2007 [8d 9c]
Idon'tgaf said, "id  iot with more chips"
SanCheS39 has timed out
SanCheS39: folds 
Idon'tgaf: raises $0.04 to $0.06
dcorlatescu: folds 
P4TRU: folds 
SkierKefir: calls $0.06
Khli86: folds 
Dorex2007: folds 
arianagray: folds 
dvdhmstar: calls $0.04
*** FLOP *** [3s Jh Js]
dvdhmstar: checks 
Idon'tgaf: bets $0.04
SkierKefir: calls $0.04
dvdhmstar: calls $0.04
*** TURN *** [3s Jh Js] [3h]
dvdhmstar: checks 
Idon'tgaf: checks 
SkierKefir: checks 
*** RIVER *** [3s Jh Js 3h] [8s]
dvdhmstar: bets $0.30
Idon'tgaf: folds 
SkierKefir: calls $0.30
*** SHOW DOWN ***
dvdhmstar: shows [3c 7c] (a full house, Threes full of Jacks)
SkierKefir: mucks hand 
dvdhmstar collected $0.88 from pot
*** SUMMARY ***
Total pot $0.91 | Rake $0.03 
Board [3s Jh Js 3h 8s]
Seat 1: SanCheS39 folded before Flop (didn't bet)
Seat 2: Idon'tgaf folded on the River
Seat 3: dcorlatescu folded before Flop (didn't bet)
Seat 4: P4TRU folded before Flop (didn't bet)
Seat 5: SkierKefir mucked [Ts 7s]
Seat 6: Khli86 folded before Flop (didn't bet)
Seat 7: Dorex2007 (button) folded before Flop (didn't bet)
Seat 8: arianagray (small blind) folded before Flop
Seat 9: dvdhmstar (big blind) showed [3c 7c] and won ($0.88) with a full house, Threes full of Jacks



PokerStars Hand #233836322306:  Hold'em No Limit ($0.01/$0.02 USD) - 2022/02/06 11:10:37 PT [2022/02/06 14:10:37 ET]
Table 'Lilliana IV' 9-max Seat #8 is the button
Seat 1: SanCheS39 ($1.94 in chips) 
Seat 2: Idon'tgaf ($3.08 in chips) 
Seat 3: dcorlatescu ($3.05 in chips) 
Seat 4: P4TRU ($1.95 in chips) 
Seat 5: SkierKefir ($1.60 in chips) 
Seat 6: Khli86 ($1.58 in chips) 
Seat 7: Dorex2007 ($2 in chips) 
Seat 8: arianagray ($1.14 in chips) 
Seat 9: dvdhmstar ($2.36 in chips) 
dvdhmstar: posts small blind $0.01
SanCheS39: posts big blind $0.02
*** HOLE CARDS ***
Dealt to Dorex2007 [Qc 4c]
Idon'tgaf: calls $0.02
dcorlatescu: calls $0.02
P4TRU: folds 
SkierKefir: folds 
Khli86: folds 
Dorex2007: folds 
arianagray: calls $0.02
dvdhmstar: calls $0.01
SanCheS39: checks 
*** FLOP *** [6c 3d Jh]
dvdhmstar: checks 
SanCheS39: checks 
Idon'tgaf: checks 
dcorlatescu: checks 
arianagray: checks 
*** TURN *** [6c 3d Jh] [As]
dvdhmstar: checks 
SanCheS39: checks 
Idon'tgaf: checks 
dcorlatescu: bets $0.02
arianagray: folds 
dvdhmstar: calls $0.02
SanCheS39: folds 
Idon'tgaf: folds 
*** RIVER *** [6c 3d Jh As] [Kc]
dvdhmstar: checks 
dcorlatescu: bets $0.07
dvdhmstar: folds 
Uncalled bet ($0.07) returned to dcorlatescu
dcorlatescu collected $0.14 from pot
dcorlatescu: doesn't show hand 
*** SUMMARY ***
Total pot $0.14 | Rake $0 
Board [6c 3d Jh As Kc]
Seat 1: SanCheS39 (big blind) folded on the Turn
Seat 2: Idon'tgaf folded on the Turn
Seat 3: dcorlatescu collected ($0.14)
Seat 4: P4TRU folded before Flop (didn't bet)
Seat 5: SkierKefir folded before Flop (didn't bet)
Seat 6: Khli86 folded before Flop (didn't bet)
Seat 7: Dorex2007 folded before Flop (didn't bet)
Seat 8: arianagray (button) folded on the Turn
Seat 9: dvdhmstar (small blind) folded on the River



PokerStars Hand #233836410568:  Hold'em No Limit ($0.01/$0.02 USD) - 2022/02/06 11:12:46 PT [2022/02/06 14:12:46 ET]
Table 'Lilliana IV' 9-max Seat #9 is the button
Seat 1: SanCheS39 ($1.92 in chips) 
Seat 2: Idon'tgaf ($3.06 in chips) 
Seat 3: dcorlatescu ($3.15 in chips) 
Seat 4: P4TRU ($1.95 in chips) 
Seat 5: SkierKefir ($2 in chips) 
Seat 6: Khli86 ($1.58 in chips) 
Seat 7: Dorex2007 ($2 in chips) 
Seat 8: arianagray ($1.12 in chips) 
Seat 9: dvdhmstar ($2.32 in chips) 
SanCheS39: posts small blind $0.01
Idon'tgaf: posts big blind $0.02
*** HOLE CARDS ***
Dealt to Dorex2007 [6s 5d]
dcorlatescu: folds 
P4TRU: folds 
SkierKefir: folds 
Khli86: calls $0.02
Dorex2007: folds 
arianagray: folds 
dvdhmstar: folds 
SanCheS39: folds 
Idon'tgaf: checks 
*** FLOP *** [Ac Kc 7d]
Idon'tgaf: checks 
Khli86: checks 
*** TURN *** [Ac Kc 7d] [Kh]
Idon'tgaf: checks 
Khli86: checks 
*** RIVER *** [Ac Kc 7d Kh] [Jh]
Idon'tgaf: checks 
Khli86: bets $0.02
Idon'tgaf: folds 
Uncalled bet ($0.02) returned to Khli86
Khli86 collected $0.05 from pot
Khli86: doesn't show hand 
*** SUMMARY ***
Total pot $0.05 | Rake $0 
Board [Ac Kc 7d Kh Jh]
Seat 1: SanCheS39 (small blind) folded before Flop
Seat 2: Idon'tgaf (big blind) folded on the River
Seat 3: dcorlatescu folded before Flop (didn't bet)
Seat 4: P4TRU folded before Flop (didn't bet)
Seat 5: SkierKefir folded before Flop (didn't bet)
Seat 6: Khli86 collected ($0.05)
Seat 7: Dorex2007 folded before Flop (didn't bet)
Seat 8: arianagray folded before Flop (didn't bet)
Seat 9: dvdhmstar (button) folded before Flop (didn't bet)



PokerStars Hand #233836439999:  Hold'em No Limit ($0.01/$0.02 USD) - 2022/02/06 11:13:29 PT [2022/02/06 14:13:29 ET]
Table 'Lilliana IV' 9-max Seat #1 is the button
Seat 1: SanCheS39 ($1.91 in chips) 
Seat 2: Idon'tgaf ($3.04 in chips) 
Seat 3: dcorlatescu ($3.15 in chips) 
Seat 4: P4TRU ($1.95 in chips) 
Seat 5: SkierKefir ($2 in chips) 
Seat 6: Khli86 ($1.61 in chips) 
Seat 7: Dorex2007 ($2 in chips) 
Seat 8: arianagray ($1.12 in chips) 
Seat 9: dvdhmstar ($2.32 in chips) 
Idon'tgaf: posts small blind $0.01
dcorlatescu: posts big blind $0.02
*** HOLE CARDS ***
Dealt to Dorex2007 [4d Kh]
P4TRU: calls $0.02
SkierKefir: folds 
Khli86: calls $0.02
Dorex2007: folds 
arianagray: folds 
dvdhmstar: calls $0.02
SanCheS39: folds 
Idon'tgaf: calls $0.01
dcorlatescu: checks 
*** FLOP *** [Qc Jh 9h]
Idon'tgaf: bets $0.04
dcorlatescu: folds 
P4TRU: folds 
Khli86: folds 
dvdhmstar: calls $0.04
*** TURN *** [Qc Jh 9h] [Ts]
Idon'tgaf: bets $0.04
dvdhmstar: folds 
Uncalled bet ($0.04) returned to Idon'tgaf
Idon'tgaf collected $0.17 from pot
Idon'tgaf: doesn't show hand 
*** SUMMARY ***
Total pot $0.18 | Rake $0.01 
Board [Qc Jh 9h Ts]
Seat 1: SanCheS39 (button) folded before Flop (didn't bet)
Seat 2: Idon'tgaf (small blind) collected ($0.17)
Seat 3: dcorlatescu (big blind) folded on the Flop
Seat 4: P4TRU folded on the Flop
Seat 5: SkierKefir folded before Flop (didn't bet)
Seat 6: Khli86 folded on the Flop
Seat 7: Dorex2007 folded before Flop (didn't bet)
Seat 8: arianagray folded before Flop (didn't bet)
Seat 9: dvdhmstar folded on the Turn



PokerStars Hand #233836473543:  Hold'em No Limit ($0.01/$0.02 USD) - 2022/02/06 11:14:19 PT [2022/02/06 14:14:19 ET]
Table 'Lilliana IV' 9-max Seat #2 is the button
Seat 1: SanCheS39 ($1.91 in chips) 
Seat 2: Idon'tgaf ($3.15 in chips) 
Seat 3: dcorlatescu ($3.13 in chips) 
Seat 4: P4TRU ($1.93 in chips) 
Seat 5: SkierKefir ($2 in chips) 
Seat 6: Khli86 ($1.59 in chips) 
Seat 7: Dorex2007 ($2 in chips) 
Seat 8: arianagray ($1.12 in chips) 
Seat 9: dvdhmstar ($2.26 in chips) 
dcorlatescu: posts small blind $0.01
P4TRU: posts big blind $0.02
*** HOLE CARDS ***
Dealt to Dorex2007 [2s 6h]
SkierKefir: calls $0.02
Khli86: folds 
Dorex2007: folds 
arianagray: folds 
dvdhmstar: folds 
SanCheS39: folds 
Idon'tgaf: raises $0.06 to $0.08
dcorlatescu: folds 
P4TRU: folds 
SkierKefir: calls $0.06
*** FLOP *** [6c 4h 2c]
SkierKefir: checks 
Idon'tgaf: bets $0.06
SkierKefir: calls $0.06
*** TURN *** [6c 4h 2c] [6s]
SkierKefir: checks 
Idon'tgaf: checks 
*** RIVER *** [6c 4h 2c 6s] [Kc]
SkierKefir: checks 
Idon'tgaf: bets $0.12
SkierKefir: folds 
Uncalled bet ($0.12) returned to Idon'tgaf
Idon'tgaf collected $0.30 from pot
Idon'tgaf: doesn't show hand 
*** SUMMARY ***
Total pot $0.31 | Rake $0.01 
Board [6c 4h 2c 6s Kc]
Seat 1: SanCheS39 folded before Flop (didn't bet)
Seat 2: Idon'tgaf (button) collected ($0.30)
Seat 3: dcorlatescu (small blind) folded before Flop
Seat 4: P4TRU (big blind) folded before Flop
Seat 5: SkierKefir folded on the River
Seat 6: Khli86 folded before Flop (didn't bet)
Seat 7: Dorex2007 folded before Flop (didn't bet)
Seat 8: arianagray folded before Flop (didn't bet)
Seat 9: dvdhmstar folded before Flop (didn't bet)



PokerStars Hand #233836506442:  Hold'em No Limit ($0.01/$0.02 USD) - 2022/02/06 11:15:08 PT [2022/02/06 14:15:08 ET]
Table 'Lilliana IV' 9-max Seat #3 is the button
Seat 1: SanCheS39 ($1.91 in chips) 
Seat 2: Idon'tgaf ($3.31 in chips) 
Seat 3: dcorlatescu ($3.12 in chips) 
Seat 4: P4TRU ($1.91 in chips) 
Seat 5: SkierKefir ($1.86 in chips) 
Seat 6: Khli86 ($1.59 in chips) 
Seat 7: Dorex2007 ($2 in chips) 
Seat 8: arianagray ($1.12 in chips) 
Seat 9: dvdhmstar ($2.26 in chips) 
P4TRU: posts small blind $0.01
SkierKefir: posts big blind $0.02
*** HOLE CARDS ***
Dealt to Dorex2007 [7h 2c]
Khli86: folds 
Dorex2007: folds 
arianagray: folds 
dvdhmstar: folds 
SanCheS39: raises $0.05 to $0.07
Idon'tgaf: folds 
dcorlatescu: calls $0.07
P4TRU: folds 
SkierKefir: folds 
*** FLOP *** [Ks Qh 3d]
SanCheS39: checks 
dcorlatescu: checks 
*** TURN *** [Ks Qh 3d] [Ts]
SanCheS39: bets $0.08
dcorlatescu: folds 
Uncalled bet ($0.08) returned to SanCheS39
SanCheS39 collected $0.16 from pot
SanCheS39: doesn't show hand 
*** SUMMARY ***
Total pot $0.17 | Rake $0.01 
Board [Ks Qh 3d Ts]
Seat 1: SanCheS39 collected ($0.16)
Seat 2: Idon'tgaf folded before Flop (didn't bet)
Seat 3: dcorlatescu (button) folded on the Turn
Seat 4: P4TRU (small blind) folded before Flop
Seat 5: SkierKefir (big blind) folded before Flop
Seat 6: Khli86 folded before Flop (didn't bet)
Seat 7: Dorex2007 folded before Flop (didn't bet)
Seat 8: arianagray folded before Flop (didn't bet)
Seat 9: dvdhmstar folded before Flop (didn't bet)



PokerStars Hand #233836532485:  Hold'em No Limit ($0.01/$0.02 USD) - 2022/02/06 11:15:46 PT [2022/02/06 14:15:46 ET]
Table 'Lilliana IV' 9-max Seat #4 is the button
Seat 1: SanCheS39 ($2 in chips) 
Seat 2: Idon'tgaf ($3.31 in chips) 
Seat 3: dcorlatescu ($3.05 in chips) 
Seat 4: P4TRU ($1.90 in chips) 
Seat 5: SkierKefir ($2 in chips) 
Seat 6: Khli86 ($1.59 in chips) 
Seat 7: Dorex2007 ($2 in chips) 
Seat 8: arianagray ($1.12 in chips) 
Seat 9: dvdhmstar ($2.26 in chips) 
SkierKefir: posts small blind $0.01
Khli86: posts big blind $0.02
*** HOLE CARDS ***
Dealt to Dorex2007 [Td Ts]
Dorex2007: calls $0.02
arianagray: folds 
dvdhmstar: raises $0.06 to $0.08
SanCheS39: calls $0.08
Idon'tgaf: folds 
dcorlatescu: folds 
P4TRU: folds 
SkierKefir: calls $0.07
Khli86: folds 
Dorex2007: calls $0.06
*** FLOP *** [Th Jd 3s]
SkierKefir: checks 
Dorex2007: bets $0.33
dvdhmstar: folds 
SanCheS39: folds 
SkierKefir: folds 
Uncalled bet ($0.33) returned to Dorex2007
Dorex2007 collected $0.33 from pot
Dorex2007: doesn't show hand 
*** SUMMARY ***
Total pot $0.34 | Rake $0.01 
Board [Th Jd 3s]
Seat 1: SanCheS39 folded on the Flop
Seat 2: Idon'tgaf folded before Flop (didn't bet)
Seat 3: dcorlatescu folded before Flop (didn't bet)
Seat 4: P4TRU (button) folded before Flop (didn't bet)
Seat 5: SkierKefir (small blind) folded on the Flop
Seat 6: Khli86 (big blind) folded before Flop
Seat 7: Dorex2007 collected ($0.33)
Seat 8: arianagray folded before Flop (didn't bet)
Seat 9: dvdhmstar folded on the Flop



PokerStars Hand #233836561167:  Hold'em No Limit ($0.01/$0.02 USD) - 2022/02/06 11:16:29 PT [2022/02/06 14:16:29 ET]
Table 'Lilliana IV' 9-max Seat #5 is the button
Seat 1: SanCheS39 ($1.92 in chips) 
Seat 2: Idon'tgaf ($3.31 in chips) 
Seat 3: dcorlatescu ($3.05 in chips) 
Seat 4: P4TRU ($1.90 in chips) 
Seat 5: SkierKefir ($1.92 in chips) 
Seat 6: Khli86 ($1.57 in chips) 
Seat 7: Dorex2007 ($2.25 in chips) 
Seat 8: arianagray ($1.12 in chips) 
Seat 9: dvdhmstar ($2.18 in chips) 
Khli86: posts small blind $0.01
Dorex2007: posts big blind $0.02
*** HOLE CARDS ***
Dealt to Dorex2007 [3c Kd]
arianagray: folds 
dvdhmstar: folds 
SanCheS39: raises $0.05 to $0.07
Idon'tgaf: folds 
dcorlatescu: folds 
P4TRU: folds 
SkierKefir: calls $0.07
Khli86: folds 
Dorex2007: folds 
*** FLOP *** [Kc Js 5h]
SanCheS39: checks 
SkierKefir: checks 
*** TURN *** [Kc Js 5h] [As]
SanCheS39: bets $0.08
SkierKefir: folds 
Uncalled bet ($0.08) returned to SanCheS39
SanCheS39 collected $0.16 from pot
SanCheS39: doesn't show hand 
*** SUMMARY ***
Total pot $0.17 | Rake $0.01 
Board [Kc Js 5h As]
Seat 1: SanCheS39 collected ($0.16)
Seat 2: Idon'tgaf folded before Flop (didn't bet)
Seat 3: dcorlatescu folded before Flop (didn't bet)
Seat 4: P4TRU folded before Flop (didn't bet)
Seat 5: SkierKefir (button) folded on the Turn
Seat 6: Khli86 (small blind) folded before Flop
Seat 7: Dorex2007 (big blind) folded before Flop
Seat 8: arianagray folded before Flop (didn't bet)
Seat 9: dvdhmstar folded before Flop (didn't bet)



PokerStars Hand #233836578041:  Hold'em No Limit ($0.01/$0.02 USD) - 2022/02/06 11:16:55 PT [2022/02/06 14:16:55 ET]
Table 'Lilliana IV' 9-max Seat #6 is the button
Seat 1: SanCheS39 ($2.01 in chips) 
Seat 2: Idon'tgaf ($3.31 in chips) 
Seat 3: dcorlatescu ($3.05 in chips) 
Seat 4: P4TRU ($1.90 in chips) 
Seat 5: SkierKefir ($1.93 in chips) 
Seat 6: Khli86 ($1.56 in chips) 
Seat 7: Dorex2007 ($2.23 in chips) 
Seat 8: arianagray ($1.12 in chips) 
Seat 9: dvdhmstar ($2.18 in chips) 
Dorex2007: posts small blind $0.01
arianagray: posts big blind $0.02
*** HOLE CARDS ***
Dealt to Dorex2007 [Jh Kc]
dvdhmstar: folds 
SanCheS39: folds 
Idon'tgaf: folds 
dcorlatescu: folds 
P4TRU: folds 
SkierKefir: folds 
Khli86: folds 
Dorex2007: raises $0.04 to $0.06
arianagray: calls $0.04
*** FLOP *** [9d Qd Th]
Dorex2007: bets $0.12
arianagray: calls $0.12
*** TURN *** [9d Qd Th] [6c]
Dorex2007: bets $0.35
arianagray: folds 
Uncalled bet ($0.35) returned to Dorex2007
Dorex2007 collected $0.35 from pot
Dorex2007: doesn't show hand 
*** SUMMARY ***
Total pot $0.36 | Rake $0.01 
Board [9d Qd Th 6c]
Seat 1: SanCheS39 folded before Flop (didn't bet)
Seat 2: Idon'tgaf folded before Flop (didn't bet)
Seat 3: dcorlatescu folded before Flop (didn't bet)
Seat 4: P4TRU folded before Flop (didn't bet)
Seat 5: SkierKefir folded before Flop (didn't bet)
Seat 6: Khli86 (button) folded before Flop (didn't bet)
Seat 7: Dorex2007 (small blind) collected ($0.35)
Seat 8: arianagray (big blind) folded on the Turn
Seat 9: dvdhmstar folded before Flop (didn't bet)



PokerStars Hand #233836605684:  Hold'em No Limit ($0.01/$0.02 USD) - 2022/02/06 11:17:35 PT [2022/02/06 14:17:35 ET]
Table 'Lilliana IV' 9-max Seat #7 is the button
Seat 1: SanCheS39 ($2.01 in chips) 
Seat 2: Idon'tgaf ($3.31 in chips) 
Seat 3: dcorlatescu ($3.05 in chips) 
Seat 4: P4TRU ($1.90 in chips) 
Seat 5: SkierKefir ($2 in chips) 
Seat 6: Khli86 ($1.56 in chips) 
Seat 7: Dorex2007 ($2.40 in chips) 
Seat 8: arianagray ($0.94 in chips) 
Seat 9: dvdhmstar ($2.18 in chips) 
arianagray: posts small blind $0.01
dvdhmstar: posts big blind $0.02
*** HOLE CARDS ***
Dealt to Dorex2007 [Qd Ks]
SanCheS39: raises $0.04 to $0.06
Idon'tgaf: folds 
dcorlatescu: folds 
P4TRU: folds 
SkierKefir: folds 
Khli86: folds 
Dorex2007: calls $0.06
arianagray: folds 
dvdhmstar: folds 
*** FLOP *** [Jc 9h 3h]
SanCheS39: bets $0.14
Dorex2007: folds 
Uncalled bet ($0.14) returned to SanCheS39
SanCheS39 collected $0.14 from pot
SanCheS39: doesn't show hand 
*** SUMMARY ***
Total pot $0.15 | Rake $0.01 
Board [Jc 9h 3h]
Seat 1: SanCheS39 collected ($0.14)
Seat 2: Idon'tgaf folded before Flop (didn't bet)
Seat 3: dcorlatescu folded before Flop (didn't bet)
Seat 4: P4TRU folded before Flop (didn't bet)
Seat 5: SkierKefir folded before Flop (didn't bet)
Seat 6: Khli86 folded before Flop (didn't bet)
Seat 7: Dorex2007 (button) folded on the Flop
Seat 8: arianagray (small blind) folded before Flop
Seat 9: dvdhmstar (big blind) folded before Flop



PokerStars Hand #233836623929:  Hold'em No Limit ($0.01/$0.02 USD) - 2022/02/06 11:18:02 PT [2022/02/06 14:18:02 ET]
Table 'Lilliana IV' 9-max Seat #8 is the button
Seat 1: SanCheS39 ($2.09 in chips) 
Seat 2: Idon'tgaf ($3.31 in chips) 
Seat 3: dcorlatescu ($3.05 in chips) 
Seat 4: P4TRU ($1.90 in chips) 
Seat 5: SkierKefir ($2 in chips) 
Seat 6: Khli86 ($1.56 in chips) 
Seat 7: Dorex2007 ($2.34 in chips) 
Seat 8: arianagray ($0.93 in chips) 
Seat 9: dvdhmstar ($2.16 in chips) 
dvdhmstar: posts small blind $0.01
SanCheS39: posts big blind $0.02
*** HOLE CARDS ***
Dealt to Dorex2007 [5h Qd]
Idon'tgaf: raises $0.04 to $0.06
dcorlatescu: folds 
P4TRU: folds 
SkierKefir: folds 
Khli86: folds 
Dorex2007: folds 
arianagray: calls $0.06
dvdhmstar: folds 
SanCheS39: folds 
*** FLOP *** [Kd 6s Qs]
Idon'tgaf: checks 
arianagray: bets $0.08
Idon'tgaf: folds 
Uncalled bet ($0.08) returned to arianagray
arianagray collected $0.14 from pot
*** SUMMARY ***
Total pot $0.15 | Rake $0.01 
Board [Kd 6s Qs]
Seat 1: SanCheS39 (big blind) folded before Flop
Seat 2: Idon'tgaf folded on the Flop
Seat 3: dcorlatescu folded before Flop (didn't bet)
Seat 4: P4TRU folded before Flop (didn't bet)
Seat 5: SkierKefir folded before Flop (didn't bet)
Seat 6: Khli86 folded before Flop (didn't bet)
Seat 7: Dorex2007 folded before Flop (didn't bet)
Seat 8: arianagray (button) collected ($0.14)
Seat 9: dvdhmstar (small blind) folded before Flop



PokerStars Hand #233836649929:  Hold'em No Limit ($0.01/$0.02 USD) - 2022/02/06 11:18:40 PT [2022/02/06 14:18:40 ET]
Table 'Lilliana IV' 9-max Seat #9 is the button
Seat 1: SanCheS39 ($2.07 in chips) 
Seat 2: Idon'tgaf ($3.25 in chips) 
Seat 3: dcorlatescu ($3.05 in chips) 
Seat 4: P4TRU ($1.90 in chips) 
Seat 5: SkierKefir ($2 in chips) 
Seat 6: Khli86 ($1.56 in chips) 
Seat 7: Dorex2007 ($2.34 in chips) 
Seat 8: arianagray ($1.01 in chips) 
Seat 9: dvdhmstar ($2.15 in chips) 
SanCheS39: posts small blind $0.01
Idon'tgaf: posts big blind $0.02
*** HOLE CARDS ***
Dealt to Dorex2007 [Jd 3d]
dcorlatescu: folds 
P4TRU: folds 
SkierKefir: folds 
Khli86: calls $0.02
Dorex2007: folds 
arianagray: folds 
dvdhmstar: folds 
SanCheS39: folds 
Idon'tgaf: checks 
*** FLOP *** [5d 7h Kc]
Idon'tgaf: checks 
Khli86: checks 
*** TURN *** [5d 7h Kc] [7c]
Idon'tgaf: bets $0.05
Khli86: folds 
Uncalled bet ($0.05) returned to Idon'tgaf
Idon'tgaf collected $0.05 from pot
Idon'tgaf: doesn't show hand 
*** SUMMARY ***
Total pot $0.05 | Rake $0 
Board [5d 7h Kc 7c]
Seat 1: SanCheS39 (small blind) folded before Flop
Seat 2: Idon'tgaf (big blind) collected ($0.05)
Seat 3: dcorlatescu folded before Flop (didn't bet)
Seat 4: P4TRU folded before Flop (didn't bet)
Seat 5: SkierKefir folded before Flop (didn't bet)
Seat 6: Khli86 folded on the Turn
Seat 7: Dorex2007 folded before Flop (didn't bet)
Seat 8: arianagray folded before Flop (didn't bet)
Seat 9: dvdhmstar (button) folded before Flop (didn't bet)



PokerStars Hand #233836671944:  Hold'em No Limit ($0.01/$0.02 USD) - 2022/02/06 11:19:12 PT [2022/02/06 14:19:12 ET]
Table 'Lilliana IV' 9-max Seat #1 is the button
Seat 1: SanCheS39 ($2.06 in chips) 
Seat 2: Idon'tgaf ($3.28 in chips) 
Seat 3: dcorlatescu ($3.05 in chips) 
Seat 4: P4TRU ($1.90 in chips) 
Seat 5: SkierKefir ($2 in chips) 
Seat 6: Khli86 ($1.54 in chips) 
Seat 7: Dorex2007 ($2.34 in chips) 
Seat 8: arianagray ($1.01 in chips) 
Seat 9: dvdhmstar ($2.15 in chips) 
Idon'tgaf: posts small blind $0.01
dcorlatescu: posts big blind $0.02
*** HOLE CARDS ***
Dealt to Dorex2007 [3h 4h]
P4TRU: folds 
SkierKefir: calls $0.02
Khli86: folds 
Dorex2007: folds 
arianagray: folds 
dvdhmstar: folds 
SanCheS39: folds 
Idon'tgaf: raises $0.02 to $0.04
dcorlatescu: folds 
SkierKefir: calls $0.02
*** FLOP *** [Ks 5s 9s]
Idon'tgaf: bets $0.05
SkierKefir: folds 
Uncalled bet ($0.05) returned to Idon'tgaf
Idon'tgaf collected $0.10 from pot
Idon'tgaf: doesn't show hand 
*** SUMMARY ***
Total pot $0.10 | Rake $0 
Board [Ks 5s 9s]
Seat 1: SanCheS39 (button) folded before Flop (didn't bet)
Seat 2: Idon'tgaf (small blind) collected ($0.10)
Seat 3: dcorlatescu (big blind) folded before Flop
Seat 4: P4TRU folded before Flop (didn't bet)
Seat 5: SkierKefir folded on the Flop
Seat 6: Khli86 folded before Flop (didn't bet)
Seat 7: Dorex2007 folded before Flop (didn't bet)
Seat 8: arianagray folded before Flop (didn't bet)
Seat 9: dvdhmstar folded before Flop (didn't bet)



PokerStars Hand #233836697520:  Hold'em No Limit ($0.01/$0.02 USD) - 2022/02/06 11:19:49 PT [2022/02/06 14:19:49 ET]
Table 'Lilliana IV' 9-max Seat #2 is the button
Seat 1: SanCheS39 ($2.06 in chips) 
Seat 2: Idon'tgaf ($3.34 in chips) 
Seat 3: dcorlatescu ($3.03 in chips) 
Seat 4: P4TRU ($1.90 in chips) 
Seat 5: SkierKefir ($1.96 in chips) 
Seat 6: Khli86 ($1.54 in chips) 
Seat 7: Dorex2007 ($2.34 in chips) 
Seat 8: arianagray ($1.01 in chips) 
Seat 9: dvdhmstar ($2.15 in chips) 
dcorlatescu: posts small blind $0.01
P4TRU: posts big blind $0.02
*** HOLE CARDS ***
Dealt to Dorex2007 [6s Qd]
SkierKefir: folds 
Khli86: folds 
Dorex2007: folds 
arianagray: folds 
dvdhmstar: folds 
SanCheS39 has timed out
SanCheS39: folds 
Idon'tgaf: calls $0.02
dcorlatescu: calls $0.01
P4TRU: checks 
*** FLOP *** [5h Qc 3h]
dcorlatescu: checks 
P4TRU: checks 
Idon'tgaf: bets $0.03
dcorlatescu: folds 
P4TRU: folds 
Uncalled bet ($0.03) returned to Idon'tgaf
Idon'tgaf collected $0.06 from pot
Idon'tgaf: doesn't show hand 
*** SUMMARY ***
Total pot $0.06 | Rake $0 
Board [5h Qc 3h]
Seat 1: SanCheS39 folded before Flop (didn't bet)
Seat 2: Idon'tgaf (button) collected ($0.06)
Seat 3: dcorlatescu (small blind) folded on the Flop
Seat 4: P4TRU (big blind) folded on the Flop
Seat 5: SkierKefir folded before Flop (didn't bet)
Seat 6: Khli86 folded before Flop (didn't bet)
Seat 7: Dorex2007 folded before Flop (didn't bet)
Seat 8: arianagray folded before Flop (didn't bet)
Seat 9: dvdhmstar folded before Flop (didn't bet)



PokerStars Hand #233836728499:  Hold'em No Limit ($0.01/$0.02 USD) - 2022/02/06 11:20:34 PT [2022/02/06 14:20:34 ET]
Table 'Lilliana IV' 9-max Seat #3 is the button
Seat 1: SanCheS39 ($2.06 in chips) 
Seat 2: Idon'tgaf ($3.38 in chips) 
Seat 3: dcorlatescu ($3.01 in chips) 
Seat 4: P4TRU ($1.88 in chips) 
Seat 5: SkierKefir ($2 in chips) 
Seat 6: Khli86 ($1.54 in chips) 
Seat 7: Dorex2007 ($2.34 in chips) 
Seat 8: arianagray ($1.01 in chips) 
Seat 9: dvdhmstar ($2.15 in chips) 
P4TRU: posts small blind $0.01
SkierKefir: posts big blind $0.02
*** HOLE CARDS ***
Dealt to Dorex2007 [7s 3d]
Khli86: folds 
Dorex2007: folds 
arianagray: folds 
dvdhmstar: folds 
SanCheS39 has timed out
SanCheS39: folds 
Idon'tgaf: calls $0.02
dcorlatescu: raises $0.06 to $0.08
P4TRU: folds 
SkierKefir: folds 
Idon'tgaf: folds 
Uncalled bet ($0.06) returned to dcorlatescu
dcorlatescu collected $0.07 from pot
dcorlatescu: doesn't show hand 
*** SUMMARY ***
Total pot $0.07 | Rake $0 
Seat 1: SanCheS39 folded before Flop (didn't bet)
Seat 2: Idon'tgaf folded before Flop
Seat 3: dcorlatescu (button) collected ($0.07)
Seat 4: P4TRU (small blind) folded before Flop
Seat 5: SkierKefir (big blind) folded before Flop
Seat 6: Khli86 folded before Flop (didn't bet)
Seat 7: Dorex2007 folded before Flop (didn't bet)
Seat 8: arianagray folded before Flop (didn't bet)
Seat 9: dvdhmstar folded before Flop (didn't bet)



PokerStars Hand #233836746143:  Hold'em No Limit ($0.01/$0.02 USD) - 2022/02/06 11:20:59 PT [2022/02/06 14:20:59 ET]
Table 'Lilliana IV' 9-max Seat #4 is the button
Seat 2: Idon'tgaf ($3.36 in chips) 
Seat 3: dcorlatescu ($3.06 in chips) 
Seat 4: P4TRU ($1.87 in chips) 
Seat 5: SkierKefir ($1.98 in chips) 
Seat 6: Khli86 ($1.54 in chips) 
Seat 7: Dorex2007 ($2.34 in chips) 
Seat 8: arianagray ($1.01 in chips) 
Seat 9: dvdhmstar ($2.15 in chips) 
SkierKefir: posts small blind $0.01
Khli86: posts big blind $0.02
*** HOLE CARDS ***
Dealt to Dorex2007 [Kh 8d]
Dorex2007: folds 
arianagray: calls $0.02
dvdhmstar: raises $0.06 to $0.08
Idon'tgaf: folds 
dcorlatescu: folds 
P4TRU: folds 
SkierKefir: folds 
Khli86: folds 
arianagray: calls $0.06
*** FLOP *** [Ts 2s Tc]
arianagray: checks 
dvdhmstar: bets $0.09
arianagray: folds 
Uncalled bet ($0.09) returned to dvdhmstar
dvdhmstar collected $0.18 from pot
*** SUMMARY ***
Total pot $0.19 | Rake $0.01 
Board [Ts 2s Tc]
Seat 2: Idon'tgaf folded before Flop (didn't bet)
Seat 3: dcorlatescu folded before Flop (didn't bet)
Seat 4: P4TRU (button) folded before Flop (didn't bet)
Seat 5: SkierKefir (small blind) folded before Flop
Seat 6: Khli86 (big blind) folded before Flop
Seat 7: Dorex2007 folded before Flop (didn't bet)
Seat 8: arianagray folded on the Flop
Seat 9: dvdhmstar collected ($0.18)



PokerStars Hand #233836766314:  Hold'em No Limit ($0.01/$0.02 USD) - 2022/02/06 11:21:29 PT [2022/02/06 14:21:29 ET]
Table 'Lilliana IV' 9-max Seat #5 is the button
Seat 1: SanCheS39 ($2.06 in chips) 
Seat 2: Idon'tgaf ($3.36 in chips) 
Seat 3: dcorlatescu ($3.06 in chips) 
Seat 4: P4TRU ($1.87 in chips) 
Seat 5: SkierKefir ($1.99 in chips) 
Seat 6: Khli86 ($1.52 in chips) 
Seat 7: Dorex2007 ($2.34 in chips) 
Seat 8: arianagray ($0.93 in chips) 
Seat 9: dvdhmstar ($2.25 in chips) 
Khli86: posts small blind $0.01
Dorex2007: posts big blind $0.02
*** HOLE CARDS ***
Dealt to Dorex2007 [5h Ad]
arianagray: folds 
dvdhmstar: folds 
SanCheS39: folds 
Idon'tgaf: raises $0.04 to $0.06
dcorlatescu: folds 
P4TRU: folds 
SkierKefir: calls $0.06
Khli86: folds 
Dorex2007: folds 
*** FLOP *** [9s 3h Jh]
Idon'tgaf: bets $0.06
SkierKefir: calls $0.06
*** TURN *** [9s 3h Jh] [Qs]
Idon'tgaf: checks 
SkierKefir: checks 
*** RIVER *** [9s 3h Jh Qs] [As]
Idon'tgaf: bets $0.13
SkierKefir: calls $0.13
*** SHOW DOWN ***
Idon'tgaf: shows [Ac Ks] (a pair of Aces)
SkierKefir: mucks hand 
Idon'tgaf collected $0.51 from pot
*** SUMMARY ***
Total pot $0.53 | Rake $0.02 
Board [9s 3h Jh Qs As]
Seat 1: SanCheS39 folded before Flop (didn't bet)
Seat 2: Idon'tgaf showed [Ac Ks] and won ($0.51) with a pair of Aces
Seat 3: dcorlatescu folded before Flop (didn't bet)
Seat 4: P4TRU folded before Flop (didn't bet)
Seat 5: SkierKefir (button) mucked [Qc Kc]
Seat 6: Khli86 (small blind) folded before Flop
Seat 7: Dorex2007 (big blind) folded before Flop
Seat 8: arianagray folded before Flop (didn't bet)
Seat 9: dvdhmstar folded before Flop (didn't bet)



PokerStars Hand #233836793806:  Hold'em No Limit ($0.01/$0.02 USD) - 2022/02/06 11:22:09 PT [2022/02/06 14:22:09 ET]
Table 'Lilliana IV' 9-max Seat #6 is the button
Seat 1: SanCheS39 ($2.06 in chips) 
Seat 2: Idon'tgaf ($3.62 in chips) 
Seat 3: dcorlatescu ($3.06 in chips) 
Seat 4: P4TRU ($1.87 in chips) 
Seat 5: SkierKefir ($1.74 in chips) 
Seat 6: Khli86 ($1.51 in chips) 
Seat 7: Dorex2007 ($2.32 in chips) 
Seat 8: arianagray ($0.93 in chips) 
Seat 9: dvdhmstar ($2.25 in chips) 
Dorex2007: posts small blind $0.01
arianagray: posts big blind $0.02
*** HOLE CARDS ***
Dealt to Dorex2007 [2c 5c]
dvdhmstar: raises $0.04 to $0.06
SanCheS39 has timed out
SanCheS39: folds 
Idon'tgaf: folds 
dcorlatescu: folds 
P4TRU: raises $0.20 to $0.26
SkierKefir: calls $0.26
Khli86: folds 
Dorex2007: folds 
arianagray: folds 
dvdhmstar: folds 
*** FLOP *** [Kh Ks 3h]
P4TRU: checks 
SkierKefir: checks 
*** TURN *** [Kh Ks 3h] [9s]
P4TRU: bets $0.34
SkierKefir: calls $0.34
*** RIVER *** [Kh Ks 3h 9s] [6s]
P4TRU: bets $0.22
SkierKefir: raises $0.92 to $1.14 and is all-in
P4TRU: calls $0.92
*** SHOW DOWN ***
SkierKefir: shows [9c 8c] (two pair, Kings and Nines)
P4TRU: shows [Qd Qc] (two pair, Kings and Queens)
P4TRU collected $3.45 from pot
*** SUMMARY ***
Total pot $3.57 | Rake $0.12 
Board [Kh Ks 3h 9s 6s]
Seat 1: SanCheS39 folded before Flop (didn't bet)
Seat 2: Idon'tgaf folded before Flop (didn't bet)
Seat 3: dcorlatescu folded before Flop (didn't bet)
Seat 4: P4TRU showed [Qd Qc] and won ($3.45) with two pair, Kings and Queens
Seat 5: SkierKefir showed [9c 8c] and lost with two pair, Kings and Nines
Seat 6: Khli86 (button) folded before Flop (didn't bet)
Seat 7: Dorex2007 (small blind) folded before Flop
Seat 8: arianagray (big blind) folded before Flop
Seat 9: dvdhmstar folded before Flop



PokerStars Hand #233836849972:  Hold'em No Limit ($0.01/$0.02 USD) - 2022/02/06 11:23:31 PT [2022/02/06 14:23:31 ET]
Table 'Lilliana IV' 9-max Seat #7 is the button
Seat 1: SanCheS39 ($2.06 in chips) 
Seat 2: Idon'tgaf ($3.62 in chips) 
Seat 3: dcorlatescu ($3.06 in chips) 
Seat 4: P4TRU ($3.58 in chips) 
Seat 6: Khli86 ($1.51 in chips) 
Seat 7: Dorex2007 ($2.31 in chips) 
Seat 8: arianagray ($0.91 in chips) 
Seat 9: dvdhmstar ($2.19 in chips) 
arianagray: posts small blind $0.01
dvdhmstar: posts big blind $0.02
*** HOLE CARDS ***
Dealt to Dorex2007 [Ts 6h]
SanCheS39: folds 
Idon'tgaf: folds 
dcorlatescu: folds 
P4TRU: folds 
Khli86: folds 
Dorex2007: folds 
arianagray: folds 
Uncalled bet ($0.01) returned to dvdhmstar
dvdhmstar collected $0.02 from pot
*** SUMMARY ***
Total pot $0.02 | Rake $0 
Seat 1: SanCheS39 folded before Flop (didn't bet)
Seat 2: Idon'tgaf folded before Flop (didn't bet)
Seat 3: dcorlatescu folded before Flop (didn't bet)
Seat 4: P4TRU folded before Flop (didn't bet)
Seat 6: Khli86 folded before Flop (didn't bet)
Seat 7: Dorex2007 (button) folded before Flop (didn't bet)
Seat 8: arianagray (small blind) folded before Flop
Seat 9: dvdhmstar (big blind) collected ($0.02)



PokerStars Hand #233836860469:  Hold'em No Limit ($0.01/$0.02 USD) - 2022/02/06 11:23:46 PT [2022/02/06 14:23:46 ET]
Table 'Lilliana IV' 9-max Seat #8 is the button
Seat 1: SanCheS39 ($2.06 in chips) 
Seat 2: Idon'tgaf ($3.62 in chips) 
Seat 3: dcorlatescu ($3.06 in chips) 
Seat 4: P4TRU ($3.58 in chips) 
Seat 6: Khli86 ($1.51 in chips) 
Seat 7: Dorex2007 ($2.31 in chips) 
Seat 8: arianagray ($0.90 in chips) 
Seat 9: dvdhmstar ($2.20 in chips) 
dvdhmstar: posts small blind $0.01
SanCheS39: posts big blind $0.02
*** HOLE CARDS ***
Dealt to Dorex2007 [Jc Th]
LatinoLober joins the table at seat #5 
Idon'tgaf: calls $0.02
dcorlatescu: folds 
P4TRU: folds 
Khli86: calls $0.02
Dorex2007: folds 
arianagray: folds 
dvdhmstar: calls $0.01
SanCheS39: checks 
*** FLOP *** [2d Td 7d]
dvdhmstar: checks 
SanCheS39: bets $0.08
Idon'tgaf: folds 
Khli86: folds 
dvdhmstar: folds 
Uncalled bet ($0.08) returned to SanCheS39
SanCheS39 collected $0.08 from pot
SanCheS39: doesn't show hand 
*** SUMMARY ***
Total pot $0.08 | Rake $0 
Board [2d Td 7d]
Seat 1: SanCheS39 (big blind) collected ($0.08)
Seat 2: Idon'tgaf folded on the Flop
Seat 3: dcorlatescu folded before Flop (didn't bet)
Seat 4: P4TRU folded before Flop (didn't bet)
Seat 6: Khli86 folded on the Flop
Seat 7: Dorex2007 folded before Flop (didn't bet)
Seat 8: arianagray (button) folded before Flop (didn't bet)
Seat 9: dvdhmstar (small blind) folded on the Flop



PokerStars Hand #233836889069:  Hold'em No Limit ($0.01/$0.02 USD) - 2022/02/06 11:24:28 PT [2022/02/06 14:24:28 ET]
Table 'Lilliana IV' 9-max Seat #9 is the button
Seat 1: SanCheS39 ($2.12 in chips) 
Seat 2: Idon'tgaf ($3.60 in chips) 
Seat 3: dcorlatescu ($3.06 in chips) 
Seat 4: P4TRU ($3.58 in chips) 
Seat 5: LatinoLober ($2 in chips) 
Seat 6: Khli86 ($1.49 in chips) 
Seat 7: Dorex2007 ($2.31 in chips) 
Seat 8: arianagray ($0.90 in chips) 
Seat 9: dvdhmstar ($2.18 in chips) 
SanCheS39: posts small blind $0.01
Idon'tgaf: posts big blind $0.02
LatinoLober: posts big blind $0.02
*** HOLE CARDS ***
Dealt to Dorex2007 [8d 2c]
dcorlatescu: folds 
P4TRU: raises $0.14 to $0.16
LatinoLober: folds 
Khli86: folds 
Dorex2007: folds 
arianagray: folds 
dvdhmstar: folds 
SanCheS39: folds 
Idon'tgaf: calls $0.14
*** FLOP *** [4c 5d 2s]
Idon'tgaf: checks 
P4TRU: checks 
*** TURN *** [4c 5d 2s] [9d]
Idon'tgaf: bets $0.17
P4TRU: folds 
Uncalled bet ($0.17) returned to Idon'tgaf
Idon'tgaf collected $0.34 from pot
Idon'tgaf: doesn't show hand 
*** SUMMARY ***
Total pot $0.35 | Rake $0.01 
Board [4c 5d 2s 9d]
Seat 1: SanCheS39 (small blind) folded before Flop
Seat 2: Idon'tgaf (big blind) collected ($0.34)
Seat 3: dcorlatescu folded before Flop (didn't bet)
Seat 4: P4TRU folded on the Turn
Seat 5: LatinoLober folded before Flop (didn't bet)
Seat 6: Khli86 folded before Flop (didn't bet)
Seat 7: Dorex2007 folded before Flop (didn't bet)
Seat 8: arianagray folded before Flop (didn't bet)
Seat 9: dvdhmstar (button) folded before Flop (didn't bet)



PokerStars Hand #233836908622:  Hold'em No Limit ($0.01/$0.02 USD) - 2022/02/06 11:24:57 PT [2022/02/06 14:24:57 ET]
Table 'Lilliana IV' 9-max Seat #1 is the button
Seat 1: SanCheS39 ($2.11 in chips) 
Seat 2: Idon'tgaf ($3.78 in chips) 
Seat 3: dcorlatescu ($3.06 in chips) 
Seat 4: P4TRU ($3.42 in chips) 
Seat 5: LatinoLober ($1.98 in chips) 
Seat 6: Khli86 ($1.49 in chips) 
Seat 7: Dorex2007 ($2.31 in chips) 
Seat 8: arianagray ($0.90 in chips) 
Seat 9: dvdhmstar ($2.18 in chips) 
Idon'tgaf: posts small blind $0.01
dcorlatescu: posts big blind $0.02
*** HOLE CARDS ***
Dealt to Dorex2007 [Tc Js]
P4TRU: folds 
LatinoLober: raises $0.04 to $0.06
Khli86: folds 
Dorex2007: folds 
arianagray: folds 
dvdhmstar: folds 
SanCheS39: calls $0.06
Idon'tgaf: folds 
dcorlatescu: folds 
*** FLOP *** [4s Kd Qd]
LatinoLober: checks 
SanCheS39: bets $0.14
LatinoLober: folds 
Uncalled bet ($0.14) returned to SanCheS39
SanCheS39 collected $0.14 from pot
SanCheS39: doesn't show hand 
*** SUMMARY ***
Total pot $0.15 | Rake $0.01 
Board [4s Kd Qd]
Seat 1: SanCheS39 (button) collected ($0.14)
Seat 2: Idon'tgaf (small blind) folded before Flop
Seat 3: dcorlatescu (big blind) folded before Flop
Seat 4: P4TRU folded before Flop (didn't bet)
Seat 5: LatinoLober folded on the Flop
Seat 6: Khli86 folded before Flop (didn't bet)
Seat 7: Dorex2007 folded before Flop (didn't bet)
Seat 8: arianagray folded before Flop (didn't bet)
Seat 9: dvdhmstar folded before Flop (didn't bet)



PokerStars Hand #233836935693:  Hold'em No Limit ($0.01/$0.02 USD) - 2022/02/06 11:25:37 PT [2022/02/06 14:25:37 ET]
Table 'Lilliana IV' 9-max Seat #2 is the button
Seat 1: SanCheS39 ($2.19 in chips) 
Seat 2: Idon'tgaf ($3.77 in chips) 
Seat 3: dcorlatescu ($3.04 in chips) 
Seat 4: P4TRU ($3.42 in chips) 
Seat 5: LatinoLober ($1.92 in chips) 
Seat 6: Khli86 ($1.49 in chips) 
Seat 7: Dorex2007 ($2.31 in chips) 
Seat 8: arianagray ($0.90 in chips) 
Seat 9: dvdhmstar ($2.18 in chips) 
dcorlatescu: posts small blind $0.01
P4TRU: posts big blind $0.02
*** HOLE CARDS ***
Dealt to Dorex2007 [3s Ks]
LatinoLober: folds 
Khli86: folds 
Dorex2007: folds 
arianagray: folds 
dvdhmstar: raises $0.04 to $0.06
SanCheS39: folds 
Idon'tgaf: folds 
dcorlatescu: folds 
P4TRU: folds 
Uncalled bet ($0.04) returned to dvdhmstar
dvdhmstar collected $0.05 from pot
*** SUMMARY ***
Total pot $0.05 | Rake $0 
Seat 1: SanCheS39 folded before Flop (didn't bet)
Seat 2: Idon'tgaf (button) folded before Flop (didn't bet)
Seat 3: dcorlatescu (small blind) folded before Flop
Seat 4: P4TRU (big blind) folded before Flop
Seat 5: LatinoLober folded before Flop (didn't bet)
Seat 6: Khli86 folded before Flop (didn't bet)
Seat 7: Dorex2007 folded before Flop (didn't bet)
Seat 8: arianagray folded before Flop (didn't bet)
Seat 9: dvdhmstar collected ($0.05)



PokerStars Hand #233836953253:  Hold'em No Limit ($0.01/$0.02 USD) - 2022/02/06 11:26:03 PT [2022/02/06 14:26:03 ET]
Table 'Lilliana IV' 9-max Seat #3 is the button
Seat 1: SanCheS39 ($2.19 in chips) 
Seat 2: Idon'tgaf ($3.77 in chips) 
Seat 3: dcorlatescu ($3.03 in chips) 
Seat 4: P4TRU ($3.40 in chips) 
Seat 5: LatinoLober ($1.92 in chips) 
Seat 6: Khli86 ($1.49 in chips) 
Seat 7: Dorex2007 ($2.31 in chips) 
Seat 8: arianagray ($0.90 in chips) 
Seat 9: dvdhmstar ($2.21 in chips) 
P4TRU: posts small blind $0.01
LatinoLober: posts big blind $0.02
*** HOLE CARDS ***
Dealt to Dorex2007 [3s Jh]
Khli86: folds 
Dorex2007: folds 
arianagray: folds 
dvdhmstar: folds 
SanCheS39: raises $0.05 to $0.07
Khli86 leaves the table
Idon'tgaf: folds 
dcorlatescu: folds 
P4TRU: raises $0.13 to $0.20
LatinoLober: calls $0.18
SanCheS39: folds 
*** FLOP *** [3c 2h 4c]
murmuc1956 joins the table at seat #6 
P4TRU: bets $0.22
LatinoLober: calls $0.22
*** TURN *** [3c 2h 4c] [2d]
P4TRU: checks 
LatinoLober: bets $0.44
P4TRU: folds 
Uncalled bet ($0.44) returned to LatinoLober
LatinoLober collected $0.88 from pot
*** SUMMARY ***
Total pot $0.91 | Rake $0.03 
Board [3c 2h 4c 2d]
Seat 1: SanCheS39 folded before Flop
Seat 2: Idon'tgaf folded before Flop (didn't bet)
Seat 3: dcorlatescu (button) folded before Flop (didn't bet)
Seat 4: P4TRU (small blind) folded on the Turn
Seat 5: LatinoLober (big blind) collected ($0.88)
Seat 6: Khli86 folded before Flop (didn't bet)
Seat 7: Dorex2007 folded before Flop (didn't bet)
Seat 8: arianagray folded before Flop (didn't bet)
Seat 9: dvdhmstar folded before Flop (didn't bet)



PokerStars Hand #233836999021:  Hold'em No Limit ($0.01/$0.02 USD) - 2022/02/06 11:27:10 PT [2022/02/06 14:27:10 ET]
Table 'Lilliana IV' 9-max Seat #4 is the button
Seat 1: SanCheS39 ($2.12 in chips) 
Seat 2: Idon'tgaf ($3.77 in chips) 
Seat 3: dcorlatescu ($3.03 in chips) 
Seat 4: P4TRU ($2.98 in chips) 
Seat 5: LatinoLober ($2.38 in chips) 
Seat 6: murmuc1956 ($2 in chips) 
Seat 7: Dorex2007 ($2.31 in chips) 
Seat 8: arianagray ($0.90 in chips) 
Seat 9: dvdhmstar ($2.21 in chips) 
LatinoLober: posts small blind $0.01
murmuc1956: posts big blind $0.02
*** HOLE CARDS ***
Dealt to Dorex2007 [Th 5h]
Dorex2007: folds 
arianagray: folds 
dvdhmstar: folds 
SanCheS39: folds 
Idon'tgaf: calls $0.02
dcorlatescu: folds 
P4TRU: raises $0.14 to $0.16
LatinoLober: folds 
murmuc1956: folds 
Idon'tgaf: folds 
Uncalled bet ($0.14) returned to P4TRU
P4TRU collected $0.07 from pot
P4TRU: doesn't show hand 
*** SUMMARY ***
Total pot $0.07 | Rake $0 
Seat 1: SanCheS39 folded before Flop (didn't bet)
Seat 2: Idon'tgaf folded before Flop
Seat 3: dcorlatescu folded before Flop (didn't bet)
Seat 4: P4TRU (button) collected ($0.07)
Seat 5: LatinoLober (small blind) folded before Flop
Seat 6: murmuc1956 (big blind) folded before Flop
Seat 7: Dorex2007 folded before Flop (didn't bet)
Seat 8: arianagray folded before Flop (didn't bet)
Seat 9: dvdhmstar folded before Flop (didn't bet)



PokerStars Hand #233837012915:  Hold'em No Limit ($0.01/$0.02 USD) - 2022/02/06 11:27:30 PT [2022/02/06 14:27:30 ET]
Table 'Lilliana IV' 9-max Seat #5 is the button
Seat 1: SanCheS39 ($2.12 in chips) 
Seat 2: Idon'tgaf ($3.75 in chips) 
Seat 3: dcorlatescu ($3.03 in chips) 
Seat 4: P4TRU ($3.03 in chips) 
Seat 5: LatinoLober ($2.37 in chips) 
Seat 6: murmuc1956 ($1.98 in chips) 
Seat 7: Dorex2007 ($2.31 in chips) 
Seat 8: arianagray ($0.90 in chips) 
Seat 9: dvdhmstar ($2.21 in chips) 
murmuc1956: posts small blind $0.01
Dorex2007: posts big blind $0.02
*** HOLE CARDS ***
Dealt to Dorex2007 [Qh 7h]
arianagray: folds 
dvdhmstar: folds 
SanCheS39: folds 
Idon'tgaf: calls $0.02
dcorlatescu: folds 
P4TRU: folds 
LatinoLober: folds 
murmuc1956: calls $0.01
Dorex2007: checks 
*** FLOP *** [Kc 9d 2c]
murmuc1956: checks 
Dorex2007: checks 
Idon'tgaf: bets $0.03
murmuc1956: folds 
Dorex2007: folds 
Uncalled bet ($0.03) returned to Idon'tgaf
Idon'tgaf collected $0.06 from pot
Idon'tgaf: doesn't show hand 
*** SUMMARY ***
Total pot $0.06 | Rake $0 
Board [Kc 9d 2c]
Seat 1: SanCheS39 folded before Flop (didn't bet)
Seat 2: Idon'tgaf collected ($0.06)
Seat 3: dcorlatescu folded before Flop (didn't bet)
Seat 4: P4TRU folded before Flop (didn't bet)
Seat 5: LatinoLober (button) folded before Flop (didn't bet)
Seat 6: murmuc1956 (small blind) folded on the Flop
Seat 7: Dorex2007 (big blind) folded on the Flop
Seat 8: arianagray folded before Flop (didn't bet)
Seat 9: dvdhmstar folded before Flop (didn't bet)



PokerStars Hand #233837034398:  Hold'em No Limit ($0.01/$0.02 USD) - 2022/02/06 11:28:02 PT [2022/02/06 14:28:02 ET]
Table 'Lilliana IV' 9-max Seat #6 is the button
Seat 1: SanCheS39 ($2.12 in chips) 
Seat 2: Idon'tgaf ($3.79 in chips) 
Seat 3: dcorlatescu ($3.03 in chips) 
Seat 4: P4TRU ($3.03 in chips) 
Seat 5: LatinoLober ($2.37 in chips) 
Seat 6: murmuc1956 ($1.96 in chips) 
Seat 7: Dorex2007 ($2.29 in chips) 
Seat 8: arianagray ($0.90 in chips) 
Seat 9: dvdhmstar ($2.21 in chips) 
Dorex2007: posts small blind $0.01
arianagray: posts big blind $0.02
*** HOLE CARDS ***
Dealt to Dorex2007 [5s Kd]
dvdhmstar: folds 
SanCheS39: folds 
Idon'tgaf: calls $0.02
dcorlatescu: raises $0.06 to $0.08
P4TRU: raises $0.16 to $0.24
LatinoLober: folds 
murmuc1956: folds 
Dorex2007: folds 
arianagray: folds 
Idon'tgaf: folds 
dcorlatescu: raises $0.28 to $0.52
P4TRU: calls $0.28
*** FLOP *** [5d Js 8s]
dcorlatescu: bets $0.79
P4TRU: folds 
Uncalled bet ($0.79) returned to dcorlatescu
dcorlatescu collected $1.05 from pot
dcorlatescu: doesn't show hand 
*** SUMMARY ***
Total pot $1.09 | Rake $0.04 
Board [5d Js 8s]
Seat 1: SanCheS39 folded before Flop (didn't bet)
Seat 2: Idon'tgaf folded before Flop
Seat 3: dcorlatescu collected ($1.05)
Seat 4: P4TRU folded on the Flop
Seat 5: LatinoLober folded before Flop (didn't bet)
Seat 6: murmuc1956 (button) folded before Flop (didn't bet)
Seat 7: Dorex2007 (small blind) folded before Flop
Seat 8: arianagray (big blind) folded before Flop
Seat 9: dvdhmstar folded before Flop (didn't bet)



PokerStars Hand #233837083441:  Hold'em No Limit ($0.01/$0.02 USD) - 2022/02/06 11:29:15 PT [2022/02/06 14:29:15 ET]
Table 'Lilliana IV' 9-max Seat #7 is the button
Seat 1: SanCheS39 ($2.12 in chips) 
Seat 2: Idon'tgaf ($3.77 in chips) 
Seat 3: dcorlatescu ($3.56 in chips) 
Seat 4: P4TRU ($2.51 in chips) 
Seat 5: LatinoLober ($2.37 in chips) 
Seat 6: murmuc1956 ($1.96 in chips) 
Seat 7: Dorex2007 ($2.28 in chips) 
Seat 8: arianagray ($0.88 in chips) 
Seat 9: dvdhmstar ($2.21 in chips) 
arianagray: posts small blind $0.01
dvdhmstar: posts big blind $0.02
*** HOLE CARDS ***
Dealt to Dorex2007 [5c 5s]
SanCheS39: folds 
Idon'tgaf: calls $0.02
dcorlatescu: folds 
dcorlatescu leaves the table
P4TRU: raises $0.12 to $0.14
LatinoLober: folds 
murmuc1956: folds 
Dorex2007: folds 
arianagray: folds 
dvdhmstar: folds 
Idon'tgaf: folds 
Uncalled bet ($0.12) returned to P4TRU
P4TRU collected $0.07 from pot
P4TRU: doesn't show hand 
*** SUMMARY ***
Total pot $0.07 | Rake $0 
Seat 1: SanCheS39 folded before Flop (didn't bet)
Seat 2: Idon'tgaf folded before Flop
Seat 3: dcorlatescu folded before Flop (didn't bet)
Seat 4: P4TRU collected ($0.07)
Seat 5: LatinoLober folded before Flop (didn't bet)
Seat 6: murmuc1956 folded before Flop (didn't bet)
Seat 7: Dorex2007 (button) folded before Flop (didn't bet)
Seat 8: arianagray (small blind) folded before Flop
Seat 9: dvdhmstar (big blind) folded before Flop



PokerStars Hand #233837152349:  Hold'em No Limit ($0.01/$0.02 USD) - 2022/02/06 11:30:57 PT [2022/02/06 14:30:57 ET]
Table 'Lilliana IV' 9-max Seat #1 is the button
Seat 1: SanCheS39 ($2.57 in chips) 
Seat 2: Idon'tgaf ($3.28 in chips) 
Seat 3: Nejcek89 ($1.98 in chips) 
Seat 4: P4TRU ($2.61 in chips) 
Seat 5: LatinoLober ($2.37 in chips) 
Seat 6: murmuc1956 ($1.94 in chips) 
Seat 7: Dorex2007 ($2.28 in chips) 
Seat 8: arianagray ($0.87 in chips) 
Seat 9: dvdhmstar ($2.17 in chips) 
Idon'tgaf: posts small blind $0.01
Nejcek89: posts big blind $0.02
*** HOLE CARDS ***
Dealt to Dorex2007 [7c 8c]
P4TRU: folds 
LatinoLober: raises $0.06 to $0.08
murmuc1956: folds 
Dorex2007: folds 
arianagray: folds 
dvdhmstar: folds 
SanCheS39: folds 
Idon'tgaf: folds 
Nejcek89: folds 
Uncalled bet ($0.06) returned to LatinoLober
LatinoLober collected $0.05 from pot
*** SUMMARY ***
Total pot $0.05 | Rake $0 
Seat 1: SanCheS39 (button) folded before Flop (didn't bet)
Seat 2: Idon'tgaf (small blind) folded before Flop
Seat 3: Nejcek89 (big blind) folded before Flop
Seat 4: P4TRU folded before Flop (didn't bet)
Seat 5: LatinoLober collected ($0.05)
Seat 6: murmuc1956 folded before Flop (didn't bet)
Seat 7: Dorex2007 folded before Flop (didn't bet)
Seat 8: arianagray folded before Flop (didn't bet)
Seat 9: dvdhmstar folded before Flop (didn't bet)



PokerStars Hand #233837163951:  Hold'em No Limit ($0.01/$0.02 USD) - 2022/02/06 11:31:14 PT [2022/02/06 14:31:14 ET]
Table 'Lilliana IV' 9-max Seat #2 is the button
Seat 1: SanCheS39 ($2.57 in chips) 
Seat 2: Idon'tgaf ($3.27 in chips) 
Seat 3: Nejcek89 ($1.96 in chips) 
Seat 4: P4TRU ($2.61 in chips) 
Seat 5: LatinoLober ($2.40 in chips) 
Seat 6: murmuc1956 ($1.94 in chips) 
Seat 7: Dorex2007 ($2.28 in chips) 
Seat 8: arianagray ($0.87 in chips) 
Seat 9: dvdhmstar ($2.17 in chips) 
Nejcek89: posts small blind $0.01
P4TRU: posts big blind $0.02
*** HOLE CARDS ***
Dealt to Dorex2007 [2d 9s]
LatinoLober: raises $0.06 to $0.08
murmuc1956: folds 
Dorex2007: folds 
arianagray: folds 
dvdhmstar: folds 
SanCheS39: calls $0.08
Idon'tgaf: folds 
Nejcek89: folds 
P4TRU: folds 
*** FLOP *** [9c Ac 8c]
LatinoLober: checks 
SanCheS39: bets $0.09
LatinoLober: calls $0.09
*** TURN *** [9c Ac 8c] [Jh]
LatinoLober: checks 
SanCheS39: checks 
*** RIVER *** [9c Ac 8c Jh] [Qh]
LatinoLober: bets $0.12
SanCheS39: calls $0.12
*** SHOW DOWN ***
LatinoLober: shows [Ks Tc] (a straight, Ten to Ace)
SanCheS39: mucks hand 
LatinoLober collected $0.59 from pot
*** SUMMARY ***
Total pot $0.61 | Rake $0.02 
Board [9c Ac 8c Jh Qh]
Seat 1: SanCheS39 mucked [9d Qd]
Seat 2: Idon'tgaf (button) folded before Flop (didn't bet)
Seat 3: Nejcek89 (small blind) folded before Flop
Seat 4: P4TRU (big blind) folded before Flop
Seat 5: LatinoLober showed [Ks Tc] and won ($0.59) with a straight, Ten to Ace
Seat 6: murmuc1956 folded before Flop (didn't bet)
Seat 7: Dorex2007 folded before Flop (didn't bet)
Seat 8: arianagray folded before Flop (didn't bet)
Seat 9: dvdhmstar folded before Flop (didn't bet)



PokerStars Hand #233837198354:  Hold'em No Limit ($0.01/$0.02 USD) - 2022/02/06 11:32:04 PT [2022/02/06 14:32:04 ET]
Table 'Lilliana IV' 9-max Seat #3 is the button
Seat 1: SanCheS39 ($2.28 in chips) 
Seat 2: Idon'tgaf ($3.27 in chips) 
Seat 3: Nejcek89 ($1.95 in chips) 
Seat 4: P4TRU ($2.59 in chips) 
Seat 5: LatinoLober ($2.70 in chips) 
Seat 6: murmuc1956 ($1.94 in chips) 
Seat 7: Dorex2007 ($2.28 in chips) 
Seat 8: arianagray ($0.87 in chips) 
Seat 9: dvdhmstar ($2.17 in chips) 
P4TRU: posts small blind $0.01
LatinoLober: posts big blind $0.02
*** HOLE CARDS ***
Dealt to Dorex2007 [6d Qc]
murmuc1956: folds 
Dorex2007: folds 
arianagray: folds 
dvdhmstar: folds 
SanCheS39: raises $0.05 to $0.07
Idon'tgaf: folds 
Nejcek89: folds 
P4TRU: raises $2.52 to $2.59 and is all-in
LatinoLober: folds 
SanCheS39: folds 
Uncalled bet ($2.52) returned to P4TRU
P4TRU collected $0.16 from pot
P4TRU: doesn't show hand 
*** SUMMARY ***
Total pot $0.16 | Rake $0 
Seat 1: SanCheS39 folded before Flop
Seat 2: Idon'tgaf folded before Flop (didn't bet)
Seat 3: Nejcek89 (button) folded before Flop (didn't bet)
Seat 4: P4TRU (small blind) collected ($0.16)
Seat 5: LatinoLober (big blind) folded before Flop
Seat 6: murmuc1956 folded before Flop (didn't bet)
Seat 7: Dorex2007 folded before Flop (didn't bet)
Seat 8: arianagray folded before Flop (didn't bet)
Seat 9: dvdhmstar folded before Flop (didn't bet)



PokerStars Hand #233837222991:  Hold'em No Limit ($0.01/$0.02 USD) - 2022/02/06 11:32:40 PT [2022/02/06 14:32:40 ET]
Table 'Lilliana IV' 9-max Seat #4 is the button
Seat 1: SanCheS39 ($2.21 in chips) 
Seat 2: Idon'tgaf ($3.27 in chips) 
Seat 3: Nejcek89 ($1.95 in chips) 
Seat 4: P4TRU ($2.68 in chips) 
Seat 5: LatinoLober ($2.68 in chips) 
Seat 6: murmuc1956 ($1.94 in chips) 
Seat 7: Dorex2007 ($2.28 in chips) 
Seat 8: arianagray ($0.87 in chips) 
Seat 9: dvdhmstar ($2.17 in chips) 
LatinoLober: posts small blind $0.01
murmuc1956: posts big blind $0.02
*** HOLE CARDS ***
Dealt to Dorex2007 [4d Ah]
Dorex2007: folds 
arianagray: folds 
dvdhmstar: folds 
SanCheS39: folds 
Idon'tgaf said, "p4 you are terrible"
Idon'tgaf: folds 
Nejcek89: folds 
P4TRU: calls $0.02
LatinoLober: calls $0.01
murmuc1956: checks 
*** FLOP *** [Td Kd 8c]
Idon'tgaf said, "quit while u r ahead"
LatinoLober: checks 
murmuc1956: checks 
P4TRU: bets $0.06
LatinoLober: folds 
murmuc1956: folds 
Uncalled bet ($0.06) returned to P4TRU
P4TRU collected $0.06 from pot
P4TRU: doesn't show hand 
*** SUMMARY ***
Total pot $0.06 | Rake $0 
Board [Td Kd 8c]
Seat 1: SanCheS39 folded before Flop (didn't bet)
Seat 2: Idon'tgaf folded before Flop (didn't bet)
Seat 3: Nejcek89 folded before Flop (didn't bet)
Seat 4: P4TRU (button) collected ($0.06)
Seat 5: LatinoLober (small blind) folded on the Flop
Seat 6: murmuc1956 (big blind) folded on the Flop
Seat 7: Dorex2007 folded before Flop (didn't bet)
Seat 8: arianagray folded before Flop (didn't bet)
Seat 9: dvdhmstar folded before Flop (didn't bet)



PokerStars Hand #233837250890:  Hold'em No Limit ($0.01/$0.02 USD) - 2022/02/06 11:33:20 PT [2022/02/06 14:33:20 ET]
Table 'Lilliana IV' 9-max Seat #5 is the button
Seat 1: SanCheS39 ($2.21 in chips) 
Seat 2: Idon'tgaf ($3.27 in chips) 
Seat 3: Nejcek89 ($1.95 in chips) 
Seat 4: P4TRU ($2.72 in chips) 
Seat 5: LatinoLober ($2.66 in chips) 
Seat 6: murmuc1956 ($1.92 in chips) 
Seat 7: Dorex2007 ($2.28 in chips) 
Seat 8: arianagray ($0.87 in chips) 
Seat 9: dvdhmstar ($2.17 in chips) 
murmuc1956: posts small blind $0.01
Dorex2007: posts big blind $0.02
*** HOLE CARDS ***
Dealt to Dorex2007 [Qc 2c]
arianagray: calls $0.02
dvdhmstar: folds 
SanCheS39: raises $0.07 to $0.09
Idon'tgaf: calls $0.09
Nejcek89: folds 
P4TRU: raises $2.63 to $2.72 and is all-in
LatinoLober: folds 
murmuc1956: folds 
Dorex2007: folds 
arianagray: folds 
SanCheS39: folds 
Idon'tgaf: folds 
Uncalled bet ($2.63) returned to P4TRU
P4TRU collected $0.32 from pot
P4TRU: doesn't show hand 
*** SUMMARY ***
Total pot $0.32 | Rake $0 
Seat 1: SanCheS39 folded before Flop
Seat 2: Idon'tgaf folded before Flop
Seat 3: Nejcek89 folded before Flop (didn't bet)
Seat 4: P4TRU collected ($0.32)
Seat 5: LatinoLober (button) folded before Flop (didn't bet)
Seat 6: murmuc1956 (small blind) folded before Flop
Seat 7: Dorex2007 (big blind) folded before Flop
Seat 8: arianagray folded before Flop
Seat 9: dvdhmstar folded before Flop (didn't bet)



PokerStars Hand #233837274095:  Hold'em No Limit ($0.01/$0.02 USD) - 2022/02/06 11:33:54 PT [2022/02/06 14:33:54 ET]
Table 'Lilliana IV' 9-max Seat #6 is the button
Seat 1: SanCheS39 ($2.12 in chips) 
Seat 2: Idon'tgaf ($3.18 in chips) 
Seat 3: Nejcek89 ($1.95 in chips) 
Seat 4: P4TRU ($2.95 in chips) 
Seat 5: LatinoLober ($2.66 in chips) 
Seat 6: murmuc1956 ($1.91 in chips) 
Seat 7: Dorex2007 ($2.26 in chips) 
Seat 8: arianagray ($0.85 in chips) 
Seat 9: dvdhmstar ($2.17 in chips) 
Dorex2007: posts small blind $0.01
arianagray: posts big blind $0.02
*** HOLE CARDS ***
Dealt to Dorex2007 [Jc 6c]
Idon'tgaf said, "f ing mor on"
dvdhmstar: folds 
SanCheS39: folds 
Idon'tgaf: folds 
Nejcek89: raises $0.04 to $0.06
P4TRU: calls $0.06
LatinoLober: folds 
murmuc1956: folds 
Dorex2007: folds 
arianagray: folds 
*** FLOP *** [2d 8c 7h]
Nejcek89: checks 
P4TRU: bets $0.18
Nejcek89: folds 
Uncalled bet ($0.18) returned to P4TRU
P4TRU collected $0.14 from pot
P4TRU: doesn't show hand 
*** SUMMARY ***
Total pot $0.15 | Rake $0.01 
Board [2d 8c 7h]
Seat 1: SanCheS39 folded before Flop (didn't bet)
Seat 2: Idon'tgaf folded before Flop (didn't bet)
Seat 3: Nejcek89 folded on the Flop
Seat 4: P4TRU collected ($0.14)
Seat 5: LatinoLober folded before Flop (didn't bet)
Seat 6: murmuc1956 (button) folded before Flop (didn't bet)
Seat 7: Dorex2007 (small blind) folded before Flop
Seat 8: arianagray (big blind) folded before Flop
Seat 9: dvdhmstar folded before Flop (didn't bet)



PokerStars Hand #233837298453:  Hold'em No Limit ($0.01/$0.02 USD) - 2022/02/06 11:34:29 PT [2022/02/06 14:34:29 ET]
Table 'Lilliana IV' 9-max Seat #7 is the button
Seat 1: SanCheS39 ($2.12 in chips) 
Seat 2: Idon'tgaf ($3.18 in chips) 
Seat 3: Nejcek89 ($1.89 in chips) 
Seat 4: P4TRU ($3.03 in chips) 
Seat 5: LatinoLober ($2.66 in chips) 
Seat 6: murmuc1956 ($1.91 in chips) 
Seat 7: Dorex2007 ($2.25 in chips) 
Seat 8: arianagray ($0.83 in chips) 
Seat 9: dvdhmstar ($2.17 in chips) 
arianagray: posts small blind $0.01
dvdhmstar: posts big blind $0.02
*** HOLE CARDS ***
Dealt to Dorex2007 [Kh Ts]
SanCheS39: folds 
Idon'tgaf: calls $0.02
Nejcek89: calls $0.02
P4TRU: raises $0.14 to $0.16
LatinoLober: folds 
murmuc1956: folds 
Dorex2007: folds 
arianagray: folds 
dvdhmstar: folds 
Idon'tgaf: folds 
Nejcek89: folds 
Uncalled bet ($0.14) returned to P4TRU
P4TRU collected $0.09 from pot
P4TRU: doesn't show hand 
*** SUMMARY ***
Total pot $0.09 | Rake $0 
Seat 1: SanCheS39 folded before Flop (didn't bet)
Seat 2: Idon'tgaf folded before Flop
Seat 3: Nejcek89 folded before Flop
Seat 4: P4TRU collected ($0.09)
Seat 5: LatinoLober folded before Flop (didn't bet)
Seat 6: murmuc1956 folded before Flop (didn't bet)
Seat 7: Dorex2007 (button) folded before Flop (didn't bet)
Seat 8: arianagray (small blind) folded before Flop
Seat 9: dvdhmstar (big blind) folded before Flop



PokerStars Hand #233837315701:  Hold'em No Limit ($0.01/$0.02 USD) - 2022/02/06 11:34:54 PT [2022/02/06 14:34:54 ET]
Table 'Lilliana IV' 9-max Seat #8 is the button
Seat 1: SanCheS39 ($2.12 in chips) 
Seat 2: Idon'tgaf ($3.16 in chips) 
Seat 3: Nejcek89 ($1.87 in chips) 
Seat 4: P4TRU ($3.10 in chips) 
Seat 5: LatinoLober ($2.66 in chips) 
Seat 6: murmuc1956 ($1.91 in chips) 
Seat 7: Dorex2007 ($2.25 in chips) 
Seat 8: arianagray ($0.82 in chips) 
Seat 9: dvdhmstar ($2.15 in chips) 
dvdhmstar: posts small blind $0.01
SanCheS39: posts big blind $0.02
*** HOLE CARDS ***
Dealt to Dorex2007 [Td 2d]
Idon'tgaf: calls $0.02
Idon'tgaf said, "we are going to take your stack lol"
Nejcek89: folds 
P4TRU: calls $0.02
LatinoLober: folds 
murmuc1956: folds 
Dorex2007: folds 
arianagray: folds 
dvdhmstar: calls $0.01
SanCheS39: checks 
*** FLOP *** [Ac Ks 8c]
dvdhmstar: checks 
SanCheS39: checks 
Idon'tgaf: checks 
P4TRU: checks 
*** TURN *** [Ac Ks 8c] [8h]
dvdhmstar: bets $0.04
SanCheS39: folds 
Idon'tgaf: calls $0.04
P4TRU: folds 
*** RIVER *** [Ac Ks 8c 8h] [5d]
dvdhmstar: bets $0.06
Idon'tgaf: raises $0.08 to $0.14
dvdhmstar: calls $0.08
*** SHOW DOWN ***
Idon'tgaf: shows [9c 8s] (three of a kind, Eights)
dvdhmstar: mucks hand 
Idon'tgaf collected $0.42 from pot
*** SUMMARY ***
Total pot $0.44 | Rake $0.02 
Board [Ac Ks 8c 8h 5d]
Seat 1: SanCheS39 (big blind) folded on the Turn
Seat 2: Idon'tgaf showed [9c 8s] and won ($0.42) with three of a kind, Eights
Seat 3: Nejcek89 folded before Flop (didn't bet)
Seat 4: P4TRU folded on the Turn
Seat 5: LatinoLober folded before Flop (didn't bet)
Seat 6: murmuc1956 folded before Flop (didn't bet)
Seat 7: Dorex2007 folded before Flop (didn't bet)
Seat 8: arianagray (button) folded before Flop (didn't bet)
Seat 9: dvdhmstar (small blind) mucked [Kc Qc]



PokerStars Hand #233837351824:  Hold'em No Limit ($0.01/$0.02 USD) - 2022/02/06 11:35:47 PT [2022/02/06 14:35:47 ET]
Table 'Lilliana IV' 9-max Seat #9 is the button
Seat 1: SanCheS39 ($2.10 in chips) 
Seat 2: Idon'tgaf ($3.38 in chips) 
Seat 3: Nejcek89 ($1.87 in chips) 
Seat 4: P4TRU ($3.08 in chips) 
Seat 5: LatinoLober ($2.66 in chips) 
Seat 6: murmuc1956 ($1.91 in chips) 
Seat 7: Dorex2007 ($2.25 in chips) 
Seat 8: arianagray ($0.82 in chips) 
Seat 9: dvdhmstar ($1.95 in chips) 
SanCheS39: posts small blind $0.01
Idon'tgaf: posts big blind $0.02
*** HOLE CARDS ***
Dealt to Dorex2007 [5d Kd]
Nejcek89: folds 
P4TRU: raises $0.02 to $0.04
LatinoLober: raises $0.04 to $0.08
murmuc1956: folds 
Dorex2007: folds 
arianagray: folds 
dvdhmstar: folds 
SanCheS39: folds 
Idon'tgaf: folds 
P4TRU: folds 
Uncalled bet ($0.04) returned to LatinoLober
LatinoLober collected $0.11 from pot
*** SUMMARY ***
Total pot $0.11 | Rake $0 
Seat 1: SanCheS39 (small blind) folded before Flop
Seat 2: Idon'tgaf (big blind) folded before Flop
Seat 3: Nejcek89 folded before Flop (didn't bet)
Seat 4: P4TRU folded before Flop
Seat 5: LatinoLober collected ($0.11)
Seat 6: murmuc1956 folded before Flop (didn't bet)
Seat 7: Dorex2007 folded before Flop (didn't bet)
Seat 8: arianagray folded before Flop (didn't bet)
Seat 9: dvdhmstar (button) folded before Flop (didn't bet)



PokerStars Hand #233837365518:  Hold'em No Limit ($0.01/$0.02 USD) - 2022/02/06 11:36:06 PT [2022/02/06 14:36:06 ET]
Table 'Lilliana IV' 9-max Seat #1 is the button
Seat 1: SanCheS39 ($2.09 in chips) 
Seat 2: Idon'tgaf ($3.36 in chips) 
Seat 3: Nejcek89 ($1.87 in chips) 
Seat 4: P4TRU ($3.04 in chips) 
Seat 5: LatinoLober ($2.73 in chips) 
Seat 6: murmuc1956 ($1.91 in chips) 
Seat 7: Dorex2007 ($2.25 in chips) 
Seat 8: arianagray ($0.82 in chips) 
Seat 9: dvdhmstar ($1.95 in chips) 
Idon'tgaf: posts small blind $0.01
Nejcek89: posts big blind $0.02
*** HOLE CARDS ***
Dealt to Dorex2007 [3d 2s]
P4TRU: folds 
LatinoLober: raises $0.06 to $0.08
murmuc1956: folds 
Dorex2007: folds 
arianagray: folds 
dvdhmstar: folds 
SanCheS39: folds 
Idon'tgaf: folds 
Nejcek89: folds 
Uncalled bet ($0.06) returned to LatinoLober
LatinoLober collected $0.05 from pot
*** SUMMARY ***
Total pot $0.05 | Rake $0 
Seat 1: SanCheS39 (button) folded before Flop (didn't bet)
Seat 2: Idon'tgaf (small blind) folded before Flop
Seat 3: Nejcek89 (big blind) folded before Flop
Seat 4: P4TRU folded before Flop (didn't bet)
Seat 5: LatinoLober collected ($0.05)
Seat 6: murmuc1956 folded before Flop (didn't bet)
Seat 7: Dorex2007 folded before Flop (didn't bet)
Seat 8: arianagray folded before Flop (didn't bet)
Seat 9: dvdhmstar folded before Flop (didn't bet)



PokerStars Hand #233837381464:  Hold'em No Limit ($0.01/$0.02 USD) - 2022/02/06 11:36:30 PT [2022/02/06 14:36:30 ET]
Table 'Lilliana IV' 9-max Seat #2 is the button
Seat 1: SanCheS39 ($2.09 in chips) 
Seat 2: Idon'tgaf ($3.35 in chips) 
Seat 3: Nejcek89 ($1.85 in chips) 
Seat 4: P4TRU ($3.04 in chips) 
Seat 5: LatinoLober ($2.76 in chips) 
Seat 6: murmuc1956 ($1.91 in chips) 
Seat 7: Dorex2007 ($2.25 in chips) 
Seat 8: arianagray ($0.82 in chips) 
Seat 9: dvdhmstar ($1.95 in chips) 
Nejcek89: posts small blind $0.01
P4TRU: posts big blind $0.02
*** HOLE CARDS ***
Dealt to Dorex2007 [8s 7h]
LatinoLober: folds 
murmuc1956: calls $0.02
Dorex2007: folds 
arianagray: raises $0.06 to $0.08
dvdhmstar: folds 
SanCheS39: calls $0.08
Idon'tgaf: folds 
Nejcek89: folds 
P4TRU: calls $0.06
murmuc1956: folds 
*** FLOP *** [2d 3h As]
P4TRU: bets $0.24
arianagray: calls $0.24
SanCheS39: folds 
*** TURN *** [2d 3h As] [9h]
P4TRU: bets $2.72 and is all-in
arianagray: calls $0.50 and is all-in
Uncalled bet ($2.22) returned to P4TRU
*** RIVER *** [2d 3h As 9h] [Tc]
*** SHOW DOWN ***
P4TRU: shows [Ad 9d] (two pair, Aces and Nines)
arianagray: shows [Jd Ac] (a pair of Aces)
P4TRU cashed out the hand for $1.56 | Cash Out Fee $0.02
*** SUMMARY ***
Total pot $1.75 | Rake $0.06 
Board [2d 3h As 9h Tc]
Seat 1: SanCheS39 folded on the Flop
Seat 2: Idon'tgaf (button) folded before Flop (didn't bet)
Seat 3: Nejcek89 (small blind) folded before Flop
Seat 4: P4TRU (big blind) showed [Ad 9d] and won ($1.69) with two pair, Aces and Nines (pot not awarded as player cashed out)
Seat 5: LatinoLober folded before Flop (didn't bet)
Seat 6: murmuc1956 folded before Flop
Seat 7: Dorex2007 folded before Flop (didn't bet)
Seat 8: arianagray showed [Jd Ac] and lost with a pair of Aces
Seat 9: dvdhmstar folded before Flop (didn't bet)



PokerStars Hand #233837417320:  Hold'em No Limit ($0.01/$0.02 USD) - 2022/02/06 11:37:22 PT [2022/02/06 14:37:22 ET]
Table 'Lilliana IV' 9-max Seat #3 is the button
Seat 1: SanCheS39 ($2.01 in chips) 
Seat 2: Idon'tgaf ($3.35 in chips) 
Seat 3: Nejcek89 ($1.84 in chips) 
Seat 4: P4TRU ($3.78 in chips) 
Seat 5: LatinoLober ($2.76 in chips) 
Seat 6: murmuc1956 ($1.89 in chips) 
Seat 7: Dorex2007 ($2.25 in chips) 
Seat 8: arianagray ($0.80 in chips) 
Seat 9: dvdhmstar ($1.95 in chips) 
P4TRU: posts small blind $0.01
LatinoLober: posts big blind $0.02
*** HOLE CARDS ***
Dealt to Dorex2007 [As Ts]
murmuc1956: folds 
Dorex2007: calls $0.02
arianagray: folds 
dvdhmstar: folds 
SanCheS39: raises $0.02 to $0.04
Idon'tgaf: calls $0.04
Nejcek89: folds 
P4TRU: raises $0.02 to $0.06
LatinoLober: calls $0.04
Dorex2007: calls $0.04
SanCheS39: calls $0.02
Idon'tgaf: calls $0.02
*** FLOP *** [Td 9d 4h]
P4TRU: bets $0.02
LatinoLober: calls $0.02
Dorex2007: raises $0.08 to $0.10
SanCheS39: folds 
Idon'tgaf: folds 
P4TRU: folds 
LatinoLober: folds 
Uncalled bet ($0.08) returned to Dorex2007
Dorex2007 collected $0.35 from pot
Dorex2007: doesn't show hand 
*** SUMMARY ***
Total pot $0.36 | Rake $0.01 
Board [Td 9d 4h]
Seat 1: SanCheS39 folded on the Flop
Seat 2: Idon'tgaf folded on the Flop
Seat 3: Nejcek89 (button) folded before Flop (didn't bet)
Seat 4: P4TRU (small blind) folded on the Flop
Seat 5: LatinoLober (big blind) folded on the Flop
Seat 6: murmuc1956 folded before Flop (didn't bet)
Seat 7: Dorex2007 collected ($0.35)
Seat 8: arianagray folded before Flop (didn't bet)
Seat 9: dvdhmstar folded before Flop (didn't bet)



PokerStars Hand #233837454856:  Hold'em No Limit ($0.01/$0.02 USD) - 2022/02/06 11:38:16 PT [2022/02/06 14:38:16 ET]
Table 'Lilliana IV' 9-max Seat #4 is the button
Seat 2: Idon'tgaf ($3.29 in chips) 
Seat 3: Nejcek89 ($1.84 in chips) 
Seat 4: P4TRU ($3.70 in chips) 
Seat 5: LatinoLober ($2.68 in chips) 
Seat 6: murmuc1956 ($1.89 in chips) 
Seat 7: Dorex2007 ($2.52 in chips) 
Seat 8: arianagray ($0.80 in chips) 
Seat 9: dvdhmstar ($1.95 in chips) 
LatinoLober: posts small blind $0.01
murmuc1956: posts big blind $0.02
*** HOLE CARDS ***
Dealt to Dorex2007 [Ks 2c]
Dorex2007: folds 
arianagray: folds 
dvdhmstar: folds 
Idon'tgaf: calls $0.02
Nejcek89: folds 
P4TRU: calls $0.02
LatinoLober: folds 
murmuc1956: checks 
*** FLOP *** [Ad Th Jc]
murmuc1956: checks 
Idon'tgaf: bets $0.04
P4TRU: calls $0.04
murmuc1956: folds 
*** TURN *** [Ad Th Jc] [6h]
Idon'tgaf: bets $0.08
P4TRU: calls $0.08
*** RIVER *** [Ad Th Jc 6h] [8d]
Idon'tgaf: bets $0.12
P4TRU: folds 
Uncalled bet ($0.12) returned to Idon'tgaf
Idon'tgaf collected $0.30 from pot
Idon'tgaf: doesn't show hand 
*** SUMMARY ***
Total pot $0.31 | Rake $0.01 
Board [Ad Th Jc 6h 8d]
Seat 2: Idon'tgaf collected ($0.30)
Seat 3: Nejcek89 folded before Flop (didn't bet)
Seat 4: P4TRU (button) folded on the River
Seat 5: LatinoLober (small blind) folded before Flop
Seat 6: murmuc1956 (big blind) folded on the Flop
Seat 7: Dorex2007 folded before Flop (didn't bet)
Seat 8: arianagray folded before Flop (didn't bet)
Seat 9: dvdhmstar folded before Flop (didn't bet)



PokerStars Hand #233837486868:  Hold'em No Limit ($0.01/$0.02 USD) - 2022/02/06 11:39:03 PT [2022/02/06 14:39:03 ET]
Table 'Lilliana IV' 9-max Seat #5 is the button
Seat 2: Idon'tgaf ($3.45 in chips) 
Seat 3: Nejcek89 ($1.84 in chips) 
Seat 4: P4TRU ($3.56 in chips) 
Seat 5: LatinoLober ($2.67 in chips) 
Seat 6: murmuc1956 ($1.87 in chips) 
Seat 7: Dorex2007 ($2.52 in chips) 
Seat 8: arianagray ($0.80 in chips) 
Seat 9: dvdhmstar ($1.95 in chips) 
murmuc1956: posts small blind $0.01
Dorex2007: posts big blind $0.02
*** HOLE CARDS ***
Dealt to Dorex2007 [Jd 2d]
arianagray: folds 
dvdhmstar: calls $0.02
Idon'tgaf: calls $0.02
Nejcek89: raises $0.04 to $0.06
P4TRU: folds 
LatinoLober: calls $0.06
murmuc1956: folds 
Dorex2007: folds 
dvdhmstar: calls $0.04
Idon'tgaf: calls $0.04
*** FLOP *** [8s 9h Ah]
dvdhmstar: checks 
Idon'tgaf: checks 
Nejcek89: checks 
LatinoLober: checks 
*** TURN *** [8s 9h Ah] [6s]
dvdhmstar: checks 
Idon'tgaf: bets $0.06
Nejcek89: folds 
LatinoLober: calls $0.06
dvdhmstar: calls $0.06
*** RIVER *** [8s 9h Ah 6s] [7s]
dvdhmstar: checks 
Idon'tgaf: checks 
LatinoLober: checks 
*** SHOW DOWN ***
dvdhmstar: shows [5c 5h] (a straight, Five to Nine)
Idon'tgaf: mucks hand 
LatinoLober: mucks hand 
dvdhmstar collected $0.43 from pot
*** SUMMARY ***
Total pot $0.45 | Rake $0.02 
Board [8s 9h Ah 6s 7s]
Seat 2: Idon'tgaf mucked [3d 6c]
Seat 3: Nejcek89 folded on the Turn
Seat 4: P4TRU folded before Flop (didn't bet)
Seat 5: LatinoLober (button) mucked [Kd 9s]
Seat 6: murmuc1956 (small blind) folded before Flop
Seat 7: Dorex2007 (big blind) folded before Flop
Seat 8: arianagray folded before Flop (didn't bet)
Seat 9: dvdhmstar showed [5c 5h] and won ($0.43) with a straight, Five to Nine



PokerStars Hand #233837527667:  Hold'em No Limit ($0.01/$0.02 USD) - 2022/02/06 11:40:01 PT [2022/02/06 14:40:01 ET]
Table 'Lilliana IV' 9-max Seat #6 is the button
Seat 2: Idon'tgaf ($3.33 in chips) 
Seat 3: Nejcek89 ($1.78 in chips) 
Seat 4: P4TRU ($3.56 in chips) 
Seat 6: murmuc1956 ($1.86 in chips) 
Seat 7: Dorex2007 ($2.50 in chips) 
Seat 8: arianagray ($0.80 in chips) 
Seat 9: dvdhmstar ($2.26 in chips) 
Dorex2007: posts small blind $0.01
arianagray: posts big blind $0.02
*** HOLE CARDS ***
Dealt to Dorex2007 [5d 6h]
Idon'tgaf said, "LOL"
dvdhmstar: folds 
Idon'tgaf: calls $0.02
Nejcek89: folds 
P4TRU: folds 
murmuc1956: calls $0.02
Dorex2007: calls $0.01
arianagray: checks 
*** FLOP *** [7c Qd 8s]
Dorex2007: checks 
arianagray: checks 
Idon'tgaf: bets $0.04
murmuc1956: calls $0.04
Dorex2007: calls $0.04
arianagray: folds 
*** TURN *** [7c Qd 8s] [9d]
Dorex2007: checks 
Idon'tgaf: bets $0.08
murmuc1956: raises $1.72 to $1.80 and is all-in
Dorex2007: folds 
Idon'tgaf: folds 
Uncalled bet ($1.72) returned to murmuc1956
murmuc1956 collected $0.35 from pot
murmuc1956: doesn't show hand 
*** SUMMARY ***
Total pot $0.36 | Rake $0.01 
Board [7c Qd 8s 9d]
Seat 2: Idon'tgaf folded on the Turn
Seat 3: Nejcek89 folded before Flop (didn't bet)
Seat 4: P4TRU folded before Flop (didn't bet)
Seat 6: murmuc1956 (button) collected ($0.35)
Seat 7: Dorex2007 (small blind) folded on the Turn
Seat 8: arianagray (big blind) folded on the Flop
Seat 9: dvdhmstar folded before Flop (didn't bet)



PokerStars Hand #233837563491:  Hold'em No Limit ($0.01/$0.02 USD) - 2022/02/06 11:40:53 PT [2022/02/06 14:40:53 ET]
Table 'Lilliana IV' 9-max Seat #7 is the button
Seat 2: Idon'tgaf ($3.19 in chips) 
Seat 3: Nejcek89 ($1.78 in chips) 
Seat 4: P4TRU ($3.56 in chips) 
Seat 6: murmuc1956 ($2.07 in chips) 
Seat 7: Dorex2007 ($2.44 in chips) 
Seat 8: arianagray ($0.80 in chips) 
Seat 9: dvdhmstar ($2.26 in chips) 
arianagray: posts small blind $0.01
dvdhmstar: posts big blind $0.02
*** HOLE CARDS ***
Dealt to Dorex2007 [Ac 5h]
Idon'tgaf: calls $0.02
Nejcek89: folds 
P4TRU: folds 
murmuc1956: calls $0.02
Dorex2007: folds 
arianagray: folds 
dvdhmstar: checks 
*** FLOP *** [5s 4d 5d]
dvdhmstar: checks 
Idon'tgaf: bets $0.02
murmuc1956: calls $0.02
Idon'tgaf said, "stu pid bets, that is why you lose, you risk everything, and then spmeone has a flush or whatever and takes your money, it is stu id"
dvdhmstar: calls $0.02
*** TURN *** [5s 4d 5d] [3d]
dvdhmstar: checks 
Idon'tgaf: bets $0.07
murmuc1956: calls $0.07
dvdhmstar: folds 
*** RIVER *** [5s 4d 5d 3d] [4s]
Idon'tgaf: bets $0.08
murmuc1956: calls $0.08
*** SHOW DOWN ***
Idon'tgaf: shows [Ah 3c] (two pair, Fives and Fours)
murmuc1956: shows [9d 9c] (two pair, Nines and Fives)
murmuc1956 collected $0.41 from pot
*** SUMMARY ***
Total pot $0.43 | Rake $0.02 
Board [5s 4d 5d 3d 4s]
Seat 2: Idon'tgaf showed [Ah 3c] and lost with two pair, Fives and Fours
Seat 3: Nejcek89 folded before Flop (didn't bet)
Seat 4: P4TRU folded before Flop (didn't bet)
Seat 6: murmuc1956 showed [9d 9c] and won ($0.41) with two pair, Nines and Fives
Seat 7: Dorex2007 (button) folded before Flop (didn't bet)
Seat 8: arianagray (small blind) folded before Flop
Seat 9: dvdhmstar (big blind) folded on the Turn



PokerStars Hand #233837618377:  Hold'em No Limit ($0.01/$0.02 USD) - 2022/02/06 11:42:13 PT [2022/02/06 14:42:13 ET]
Table 'Lilliana IV' 9-max Seat #8 is the button
Seat 2: Idon'tgaf ($3 in chips) 
Seat 3: Nejcek89 ($1.78 in chips) 
Seat 4: P4TRU ($3.56 in chips) 
Seat 6: murmuc1956 ($2.29 in chips) 
Seat 7: Dorex2007 ($2.44 in chips) 
Seat 8: arianagray ($0.80 in chips) 
Seat 9: dvdhmstar ($2.22 in chips) 
dvdhmstar: posts small blind $0.01
Idon'tgaf: posts big blind $0.02
*** HOLE CARDS ***
Dealt to Dorex2007 [8c 5h]
Nejcek89: folds 
P4TRU: raises $0.12 to $0.14
murmuc1956: folds 
Dorex2007: folds 
arianagray: folds 
dvdhmstar: folds 
Idon'tgaf: folds 
Uncalled bet ($0.12) returned to P4TRU
P4TRU collected $0.05 from pot
P4TRU: doesn't show hand 
*** SUMMARY ***
Total pot $0.05 | Rake $0 
Seat 2: Idon'tgaf (big blind) folded before Flop
Seat 3: Nejcek89 folded before Flop (didn't bet)
Seat 4: P4TRU collected ($0.05)
Seat 6: murmuc1956 folded before Flop (didn't bet)
Seat 7: Dorex2007 folded before Flop (didn't bet)
Seat 8: arianagray (button) folded before Flop (didn't bet)
Seat 9: dvdhmstar (small blind) folded before Flop



PokerStars Hand #233837632466:  Hold'em No Limit ($0.01/$0.02 USD) - 2022/02/06 11:42:33 PT [2022/02/06 14:42:33 ET]
Table 'Lilliana IV' 9-max Seat #9 is the button
Seat 2: Idon'tgaf ($2.98 in chips) 
Seat 3: Nejcek89 ($1.78 in chips) 
Seat 4: P4TRU ($3.59 in chips) 
Seat 6: murmuc1956 ($2.29 in chips) 
Seat 7: Dorex2007 ($2.44 in chips) 
Seat 8: arianagray ($0.80 in chips) 
Seat 9: dvdhmstar ($2.21 in chips) 
Idon'tgaf: posts small blind $0.01
Nejcek89: posts big blind $0.02
*** HOLE CARDS ***
Dealt to Dorex2007 [7s 4h]
P4TRU: raises $0.02 to $0.04
murmuc1956: folds 
Dorex2007: folds 
arianagray: folds 
arianagray leaves the table
dvdhmstar: folds 
Idon'tgaf: raises $0.06 to $0.10
Nejcek89: folds 
P4TRU: folds 
Uncalled bet ($0.06) returned to Idon'tgaf
Idon'tgaf collected $0.10 from pot
Idon'tgaf: doesn't show hand 
*** SUMMARY ***
Total pot $0.10 | Rake $0 
Seat 2: Idon'tgaf (small blind) collected ($0.10)
Seat 3: Nejcek89 (big blind) folded before Flop
Seat 4: P4TRU folded before Flop
Seat 6: murmuc1956 folded before Flop (didn't bet)
Seat 7: Dorex2007 folded before Flop (didn't bet)
Seat 8: arianagray folded before Flop (didn't bet)
Seat 9: dvdhmstar (button) folded before Flop (didn't bet)



PokerStars Hand #233837659906:  Hold'em No Limit ($0.01/$0.02 USD) - 2022/02/06 11:43:13 PT [2022/02/06 14:43:13 ET]
Table 'Lilliana IV' 9-max Seat #2 is the button
Seat 2: Idon'tgaf ($3.04 in chips) 
Seat 3: Nejcek89 ($1.76 in chips) 
Seat 4: P4TRU ($3.55 in chips) 
Seat 6: murmuc1956 ($2.29 in chips) 
Seat 7: Dorex2007 ($2.44 in chips) 
Seat 9: dvdhmstar ($2.21 in chips) 
Nejcek89: posts small blind $0.01
P4TRU: posts big blind $0.02
*** HOLE CARDS ***
Dealt to Dorex2007 [Ah 7d]
murmuc1956: folds 
Dorex2007: folds 
dvdhmstar: folds 
Idon'tgaf: calls $0.02
Nejcek89: folds 
P4TRU: checks 
*** FLOP *** [2s 4s 2h]
P4TRU: checks 
SzNorbert12 joins the table at seat #8 
Idon'tgaf: bets $0.04
P4TRU: folds 
Uncalled bet ($0.04) returned to Idon'tgaf
Idon'tgaf collected $0.05 from pot
Idon'tgaf: doesn't show hand 
*** SUMMARY ***
Total pot $0.05 | Rake $0 
Board [2s 4s 2h]
Seat 2: Idon'tgaf (button) collected ($0.05)
Seat 3: Nejcek89 (small blind) folded before Flop
Seat 4: P4TRU (big blind) folded on the Flop
Seat 6: murmuc1956 folded before Flop (didn't bet)
Seat 7: Dorex2007 folded before Flop (didn't bet)
Seat 9: dvdhmstar folded before Flop (didn't bet)



PokerStars Hand #233837674894:  Hold'em No Limit ($0.01/$0.02 USD) - 2022/02/06 11:43:35 PT [2022/02/06 14:43:35 ET]
Table 'Lilliana IV' 9-max Seat #3 is the button
Seat 2: Idon'tgaf ($3.07 in chips) 
Seat 3: Nejcek89 ($1.75 in chips) 
Seat 4: P4TRU ($3.53 in chips) 
Seat 6: murmuc1956 ($2.29 in chips) 
Seat 7: Dorex2007 ($2.44 in chips) 
Seat 9: dvdhmstar ($2.21 in chips) 
P4TRU: posts small blind $0.01
murmuc1956: posts big blind $0.02
SzNorbert12: sits out 
*** HOLE CARDS ***
Dealt to Dorex2007 [Td 7d]
Dorex2007: folds 
dvdhmstar: folds 
Idon'tgaf: raises $0.02 to $0.04
Nejcek89: folds 
P4TRU: raises $0.18 to $0.22
murmuc1956: folds 
Idon'tgaf: folds 
Uncalled bet ($0.18) returned to P4TRU
P4TRU collected $0.10 from pot
P4TRU: doesn't show hand 
*** SUMMARY ***
Total pot $0.10 | Rake $0 
Seat 2: Idon'tgaf folded before Flop
Seat 3: Nejcek89 (button) folded before Flop (didn't bet)
Seat 4: P4TRU (small blind) collected ($0.10)
Seat 6: murmuc1956 (big blind) folded before Flop
Seat 7: Dorex2007 folded before Flop (didn't bet)
Seat 9: dvdhmstar folded before Flop (didn't bet)



PokerStars Hand #233837693461:  Hold'em No Limit ($0.01/$0.02 USD) - 2022/02/06 11:44:02 PT [2022/02/06 14:44:02 ET]
Table 'Lilliana IV' 9-max Seat #4 is the button
Seat 2: Idon'tgaf ($3.03 in chips) 
Seat 3: Nejcek89 ($1.75 in chips) 
Seat 4: P4TRU ($3.59 in chips) 
Seat 6: murmuc1956 ($2.27 in chips) 
Seat 7: Dorex2007 ($2.44 in chips) 
Seat 9: dvdhmstar ($2.21 in chips) 
murmuc1956: posts small blind $0.01
Dorex2007: posts big blind $0.02
SzNorbert12: sits out 
*** HOLE CARDS ***
Dealt to Dorex2007 [2d Ac]
dvdhmstar: folds 
Idon'tgaf said, "a hole lol"
Idon'tgaf: calls $0.02
Nejcek89: folds 
P4TRU: folds 
murmuc1956: calls $0.01
Dorex2007: checks 
*** FLOP *** [6c Ks 7s]
murmuc1956: checks 
Dorex2007: checks 
Idon'tgaf: bets $0.03
murmuc1956: folds 
Dorex2007: folds 
Uncalled bet ($0.03) returned to Idon'tgaf
Idon'tgaf collected $0.06 from pot
Idon'tgaf: doesn't show hand 
*** SUMMARY ***
Total pot $0.06 | Rake $0 
Board [6c Ks 7s]
Seat 2: Idon'tgaf collected ($0.06)
Seat 3: Nejcek89 folded before Flop (didn't bet)
Seat 4: P4TRU (button) folded before Flop (didn't bet)
Seat 6: murmuc1956 (small blind) folded on the Flop
Seat 7: Dorex2007 (big blind) folded on the Flop
Seat 9: dvdhmstar folded before Flop (didn't bet)



PokerStars Hand #233837714214:  Hold'em No Limit ($0.01/$0.02 USD) - 2022/02/06 11:44:32 PT [2022/02/06 14:44:32 ET]
Table 'Lilliana IV' 9-max Seat #6 is the button
Seat 2: Idon'tgaf ($3.07 in chips) 
Seat 3: Nejcek89 ($1.75 in chips) 
Seat 4: P4TRU ($3.59 in chips) 
Seat 6: murmuc1956 ($2.25 in chips) 
Seat 7: Dorex2007 ($2.42 in chips) 
Seat 8: SzNorbert12 ($2 in chips) 
Seat 9: dvdhmstar ($2.21 in chips) 
Dorex2007: posts small blind $0.01
SzNorbert12: posts big blind $0.02
*** HOLE CARDS ***
Dealt to Dorex2007 [9h 6h]
dvdhmstar: folds 
Idon'tgaf: calls $0.02
Nejcek89: folds 
P4TRU: raises $0.10 to $0.12
murmuc1956: folds 
Dorex2007: folds 
SzNorbert12: folds 
Idon'tgaf: folds 
Uncalled bet ($0.10) returned to P4TRU
P4TRU collected $0.07 from pot
P4TRU: doesn't show hand 
*** SUMMARY ***
Total pot $0.07 | Rake $0 
Seat 2: Idon'tgaf folded before Flop
Seat 3: Nejcek89 folded before Flop (didn't bet)
Seat 4: P4TRU collected ($0.07)
Seat 6: murmuc1956 (button) folded before Flop (didn't bet)
Seat 7: Dorex2007 (small blind) folded before Flop
Seat 8: SzNorbert12 (big blind) folded before Flop
Seat 9: dvdhmstar folded before Flop (didn't bet)



PokerStars Hand #233837726495:  Hold'em No Limit ($0.01/$0.02 USD) - 2022/02/06 11:44:50 PT [2022/02/06 14:44:50 ET]
Table 'Lilliana IV' 9-max Seat #7 is the button
Seat 2: Idon'tgaf ($3.05 in chips) 
Seat 3: Nejcek89 ($1.75 in chips) 
Seat 4: P4TRU ($3.64 in chips) 
Seat 6: murmuc1956 ($2.25 in chips) 
Seat 7: Dorex2007 ($2.41 in chips) 
Seat 8: SzNorbert12 ($2 in chips) 
Seat 9: dvdhmstar ($2.21 in chips) 
SzNorbert12: posts small blind $0.01
dvdhmstar: posts big blind $0.02
*** HOLE CARDS ***
Dealt to Dorex2007 [4h 7h]
Idon'tgaf: calls $0.02
Nejcek89: folds 
P4TRU: raises $0.04 to $0.06
murmuc1956: folds 
Dorex2007: folds 
SzNorbert12: folds 
dvdhmstar: calls $0.04
Idon'tgaf: calls $0.04
*** FLOP *** [6s Jc 9s]
dvdhmstar: checks 
Idon'tgaf: checks 
P4TRU: bets $0.32
dvdhmstar: folds 
Idon'tgaf: folds 
Uncalled bet ($0.32) returned to P4TRU
P4TRU collected $0.18 from pot
P4TRU: doesn't show hand 
*** SUMMARY ***
Total pot $0.19 | Rake $0.01 
Board [6s Jc 9s]
Seat 2: Idon'tgaf folded on the Flop
Seat 3: Nejcek89 folded before Flop (didn't bet)
Seat 4: P4TRU collected ($0.18)
Seat 6: murmuc1956 folded before Flop (didn't bet)
Seat 7: Dorex2007 (button) folded before Flop (didn't bet)
Seat 8: SzNorbert12 (small blind) folded before Flop
Seat 9: dvdhmstar (big blind) folded on the Flop



PokerStars Hand #233837752134:  Hold'em No Limit ($0.01/$0.02 USD) - 2022/02/06 11:45:27 PT [2022/02/06 14:45:27 ET]
Table 'Lilliana IV' 9-max Seat #8 is the button
Seat 2: Idon'tgaf ($2.99 in chips) 
Seat 3: Nejcek89 ($1.75 in chips) 
Seat 4: P4TRU ($3.76 in chips) 
Seat 5: LatinoLober ($2.55 in chips) 
Seat 6: murmuc1956 ($2.25 in chips) 
Seat 7: Dorex2007 ($2.41 in chips) 
Seat 8: SzNorbert12 ($2 in chips) 
Seat 9: dvdhmstar ($2.15 in chips) 
dvdhmstar: posts small blind $0.01
Idon'tgaf: posts big blind $0.02
LatinoLober: posts small & big blinds $0.03
*** HOLE CARDS ***
Dealt to Dorex2007 [Kd 9c]
Idon'tgaf said, "what a moron"
Nejcek89: folds 
P4TRU: calls $0.02
LatinoLober: checks 
murmuc1956: folds 
Dorex2007 has timed out
Dorex2007: folds 
SzNorbert12: folds 
dvdhmstar: calls $0.01
Idon'tgaf: checks 
*** FLOP *** [2d Js 4d]
dvdhmstar: checks 
Idon'tgaf: checks 
P4TRU: checks 
LatinoLober: checks 
*** TURN *** [2d Js 4d] [6h]
dvdhmstar: checks 
Idon'tgaf said, "sooner or later, one of us is going totake most of your stack a hole"
Idon'tgaf: checks 
P4TRU: checks 
LatinoLober: checks 
*** RIVER *** [2d Js 4d 6h] [8c]
dvdhmstar: checks 
Idon'tgaf: checks 
P4TRU: bets $0.02
LatinoLober: folds 
dvdhmstar: folds 
Idon'tgaf: calls $0.02
*** SHOW DOWN ***
P4TRU: shows [8s Qh] (a pair of Eights)
Idon'tgaf: mucks hand 
P4TRU collected $0.13 from pot
*** SUMMARY ***
Total pot $0.13 | Rake $0 
Board [2d Js 4d 6h 8c]
Seat 2: Idon'tgaf (big blind) mucked [Th Ks]
Seat 3: Nejcek89 folded before Flop (didn't bet)
Seat 4: P4TRU showed [8s Qh] and won ($0.13) with a pair of Eights
Seat 5: LatinoLober folded on the River (didn't bet)
Seat 6: murmuc1956 folded before Flop (didn't bet)
Seat 7: Dorex2007 folded before Flop (didn't bet)
Seat 8: SzNorbert12 (button) folded before Flop (didn't bet)
Seat 9: dvdhmstar (small blind) folded on the River



PokerStars Hand #233837800515:  Hold'em No Limit ($0.01/$0.02 USD) - 2022/02/06 11:46:38 PT [2022/02/06 14:46:38 ET]
Table 'Lilliana IV' 9-max Seat #9 is the button
Seat 2: Idon'tgaf ($2.95 in chips) 
Seat 3: Nejcek89 ($1.75 in chips) 
Seat 4: P4TRU ($3.85 in chips) 
Seat 5: LatinoLober ($2.52 in chips) 
Seat 6: murmuc1956 ($2.25 in chips) 
Seat 7: Dorex2007 ($2.41 in chips) 
Seat 8: SzNorbert12 ($2 in chips) 
Seat 9: dvdhmstar ($2.13 in chips) 
Idon'tgaf: posts small blind $0.01
Nejcek89: posts big blind $0.02
*** HOLE CARDS ***
Dealt to Dorex2007 [Qs Ts]
P4TRU: folds 
LatinoLober: calls $0.02
murmuc1956: calls $0.02
Dorex2007: calls $0.02
SzNorbert12: folds 
dvdhmstar: folds 
Idon'tgaf said, "call to see what they are playing when it's cheap, look at the info you just learned"
Idon'tgaf: calls $0.01
Nejcek89: checks 
*** FLOP *** [Th Ah 9c]
Idon'tgaf: checks 
Nejcek89: checks 
LatinoLober: checks 
murmuc1956: checks 
Idon'tgaf said, "guy os in id iot"
Dorex2007: checks 
*** TURN *** [Th Ah 9c] [Qd]
Idon'tgaf: checks 
Nejcek89: checks 
LatinoLober: checks 
murmuc1956: checks 
Dorex2007: bets $0.10
Idon'tgaf: folds 
Nejcek89: calls $0.10
LatinoLober: folds 
murmuc1956: folds 
*** RIVER *** [Th Ah 9c Qd] [Kd]
Nejcek89: checks 
Dorex2007: checks 
*** SHOW DOWN ***
Nejcek89: shows [5h 3h] (high card Ace)
Dorex2007: shows [Qs Ts] (two pair, Queens and Tens)
Dorex2007 collected $0.29 from pot
*** SUMMARY ***
Total pot $0.30 | Rake $0.01 
Board [Th Ah 9c Qd Kd]
Seat 2: Idon'tgaf (small blind) folded on the Turn
Seat 3: Nejcek89 (big blind) showed [5h 3h] and lost with high card Ace
Seat 4: P4TRU folded before Flop (didn't bet)
Seat 5: LatinoLober folded on the Turn
Seat 6: murmuc1956 folded on the Turn
Seat 7: Dorex2007 showed [Qs Ts] and won ($0.29) with two pair, Queens and Tens
Seat 8: SzNorbert12 folded before Flop (didn't bet)
Seat 9: dvdhmstar (button) folded before Flop (didn't bet)



PokerStars Hand #233837847632:  Hold'em No Limit ($0.01/$0.02 USD) - 2022/02/06 11:47:47 PT [2022/02/06 14:47:47 ET]
Table 'Lilliana IV' 9-max Seat #2 is the button
Seat 2: Idon'tgaf ($2.93 in chips) 
Seat 3: Nejcek89 ($1.63 in chips) 
Seat 4: P4TRU ($3.85 in chips) 
Seat 5: LatinoLober ($2.50 in chips) 
Seat 6: murmuc1956 ($2.23 in chips) 
Seat 7: Dorex2007 ($2.58 in chips) 
Seat 8: SzNorbert12 ($2 in chips) 
Seat 9: dvdhmstar ($2.13 in chips) 
Nejcek89: posts small blind $0.01
P4TRU: posts big blind $0.02
*** HOLE CARDS ***
Dealt to Dorex2007 [3s 5c]
LatinoLober: folds 
murmuc1956: folds 
Dorex2007: folds 
SzNorbert12: folds 
dvdhmstar: raises $0.04 to $0.06
Idon'tgaf: folds 
Nejcek89: folds 
P4TRU: folds 
Uncalled bet ($0.04) returned to dvdhmstar
dvdhmstar collected $0.05 from pot
*** SUMMARY ***
Total pot $0.05 | Rake $0 
Seat 2: Idon'tgaf (button) folded before Flop (didn't bet)
Seat 3: Nejcek89 (small blind) folded before Flop
Seat 4: P4TRU (big blind) folded before Flop
Seat 5: LatinoLober folded before Flop (didn't bet)
Seat 6: murmuc1956 folded before Flop (didn't bet)
Seat 7: Dorex2007 folded before Flop (didn't bet)
Seat 8: SzNorbert12 folded before Flop (didn't bet)
Seat 9: dvdhmstar collected ($0.05)



PokerStars Hand #233837863909:  Hold'em No Limit ($0.01/$0.02 USD) - 2022/02/06 11:48:10 PT [2022/02/06 14:48:10 ET]
Table 'Lilliana IV' 9-max Seat #3 is the button
Seat 2: Idon'tgaf ($2.93 in chips) 
Seat 3: Nejcek89 ($1.62 in chips) 
Seat 4: P4TRU ($3.83 in chips) 
Seat 5: LatinoLober ($2.50 in chips) 
Seat 6: murmuc1956 ($2.23 in chips) 
Seat 7: Dorex2007 ($2.58 in chips) 
Seat 8: SzNorbert12 ($2 in chips) 
Seat 9: dvdhmstar ($2.16 in chips) 
P4TRU: posts small blind $0.01
LatinoLober: posts big blind $0.02
*** HOLE CARDS ***
Dealt to Dorex2007 [3h 4d]
murmuc1956: folds 
Dorex2007: folds 
SzNorbert12: folds 
dvdhmstar: raises $0.04 to $0.06
Idon'tgaf: calls $0.06
Nejcek89: folds 
P4TRU: folds 
LatinoLober: folds 
*** FLOP *** [5d Ad 7c]
dvdhmstar: bets $0.14
Idon'tgaf: calls $0.14
*** TURN *** [5d Ad 7c] [3c]
dvdhmstar: bets $0.41
Idon'tgaf: calls $0.41
*** RIVER *** [5d Ad 7c 3c] [3d]
dvdhmstar: checks 
Idon'tgaf: checks 
*** SHOW DOWN ***
dvdhmstar: shows [As Kh] (two pair, Aces and Threes)
Idon'tgaf: shows [5c Ah] (two pair, Aces and Fives)
Idon'tgaf collected $1.21 from pot
*** SUMMARY ***
Total pot $1.25 | Rake $0.04 
Board [5d Ad 7c 3c 3d]
Seat 2: Idon'tgaf showed [5c Ah] and won ($1.21) with two pair, Aces and Fives
Seat 3: Nejcek89 (button) folded before Flop (didn't bet)
Seat 4: P4TRU (small blind) folded before Flop
Seat 5: LatinoLober (big blind) folded before Flop
Seat 6: murmuc1956 folded before Flop (didn't bet)
Seat 7: Dorex2007 folded before Flop (didn't bet)
Seat 8: SzNorbert12 folded before Flop (didn't bet)
Seat 9: dvdhmstar showed [As Kh] and lost with two pair, Aces and Threes



PokerStars Hand #233837893283:  Hold'em No Limit ($0.01/$0.02 USD) - 2022/02/06 11:48:53 PT [2022/02/06 14:48:53 ET]
Table 'Lilliana IV' 9-max Seat #4 is the button
Seat 2: Idon'tgaf ($3.53 in chips) 
Seat 3: Nejcek89 ($1.62 in chips) 
Seat 4: P4TRU ($3.82 in chips) 
Seat 5: LatinoLober ($2.48 in chips) 
Seat 6: murmuc1956 ($2.23 in chips) 
Seat 7: Dorex2007 ($2.58 in chips) 
Seat 8: SzNorbert12 ($2 in chips) 
Seat 9: dvdhmstar ($1.55 in chips) 
LatinoLober: posts small blind $0.01
murmuc1956: posts big blind $0.02
*** HOLE CARDS ***
Dealt to Dorex2007 [6c 7d]
Dorex2007: folds 
SzNorbert12: folds 
dvdhmstar: folds 
Idon'tgaf: calls $0.02
Nejcek89: folds 
P4TRU: folds 
LatinoLober: folds 
murmuc1956: checks 
*** FLOP *** [9h 8c 8d]
murmuc1956: checks 
Idon'tgaf: bets $0.02
murmuc1956: folds 
Uncalled bet ($0.02) returned to Idon'tgaf
Idon'tgaf collected $0.05 from pot
Idon'tgaf: doesn't show hand 
*** SUMMARY ***
Total pot $0.05 | Rake $0 
Board [9h 8c 8d]
Seat 2: Idon'tgaf collected ($0.05)
Seat 3: Nejcek89 folded before Flop (didn't bet)
Seat 4: P4TRU (button) folded before Flop (didn't bet)
Seat 5: LatinoLober (small blind) folded before Flop
Seat 6: murmuc1956 (big blind) folded on the Flop
Seat 7: Dorex2007 folded before Flop (didn't bet)
Seat 8: SzNorbert12 folded before Flop (didn't bet)
Seat 9: dvdhmstar folded before Flop (didn't bet)



PokerStars Hand #233837910699:  Hold'em No Limit ($0.01/$0.02 USD) - 2022/02/06 11:49:19 PT [2022/02/06 14:49:19 ET]
Table 'Lilliana IV' 9-max Seat #5 is the button
Seat 2: Idon'tgaf ($3.56 in chips) 
Seat 3: Nejcek89 ($1.62 in chips) 
Seat 4: P4TRU ($3.82 in chips) 
Seat 5: LatinoLober ($2.47 in chips) 
Seat 6: murmuc1956 ($2.21 in chips) 
Seat 7: Dorex2007 ($2.58 in chips) 
Seat 8: SzNorbert12 ($2 in chips) 
Seat 9: dvdhmstar ($1.55 in chips) 
murmuc1956: posts small blind $0.01
Dorex2007: posts big blind $0.02
*** HOLE CARDS ***
Dealt to Dorex2007 [5c Ad]
SzNorbert12: folds 
dvdhmstar: folds 
Idon'tgaf: calls $0.02
Nejcek89: folds 
P4TRU: folds 
LatinoLober: folds 
murmuc1956: calls $0.01
Dorex2007: checks 
*** FLOP *** [3c 8d 5h]
murmuc1956: checks 
Dorex2007: checks 
Idon'tgaf: bets $0.04
murmuc1956: folds 
Dorex2007: calls $0.04
*** TURN *** [3c 8d 5h] [9d]
Dorex2007: checks 
Idon'tgaf: checks 
*** RIVER *** [3c 8d 5h 9d] [Qs]
Dorex2007: bets $0.07
Idon'tgaf: folds 
Uncalled bet ($0.07) returned to Dorex2007
Dorex2007 collected $0.14 from pot
Dorex2007: doesn't show hand 
*** SUMMARY ***
Total pot $0.14 | Rake $0 
Board [3c 8d 5h 9d Qs]
Seat 2: Idon'tgaf folded on the River
Seat 3: Nejcek89 folded before Flop (didn't bet)
Seat 4: P4TRU folded before Flop (didn't bet)
Seat 5: LatinoLober (button) folded before Flop (didn't bet)
Seat 6: murmuc1956 (small blind) folded on the Flop
Seat 7: Dorex2007 (big blind) collected ($0.14)
Seat 8: SzNorbert12 folded before Flop (didn't bet)
Seat 9: dvdhmstar folded before Flop (didn't bet)



PokerStars Hand #233837943755:  Hold'em No Limit ($0.01/$0.02 USD) - 2022/02/06 11:50:07 PT [2022/02/06 14:50:07 ET]
Table 'Lilliana IV' 9-max Seat #6 is the button
Seat 2: Idon'tgaf ($3.50 in chips) 
Seat 3: Nejcek89 ($1.62 in chips) 
Seat 4: P4TRU ($3.82 in chips) 
Seat 5: LatinoLober ($2.47 in chips) 
Seat 6: murmuc1956 ($2.19 in chips) 
Seat 7: Dorex2007 ($2.66 in chips) 
Seat 8: SzNorbert12 ($2 in chips) 
Seat 9: dvdhmstar ($1.55 in chips) 
Dorex2007: posts small blind $0.01
SzNorbert12: posts big blind $0.02
*** HOLE CARDS ***
Dealt to Dorex2007 [5c Ts]
dvdhmstar: folds 
Idon'tgaf: calls $0.02
Nejcek89: folds 
P4TRU: raises $0.08 to $0.10
LatinoLober: folds 
murmuc1956: folds 
Dorex2007: folds 
SzNorbert12: folds 
Idon'tgaf: calls $0.08
*** FLOP *** [Kd Jc Ad]
Idon'tgaf: checks 
P4TRU: bets $0.02
Idon'tgaf: raises $0.06 to $0.08
P4TRU: folds 
Uncalled bet ($0.06) returned to Idon'tgaf
Idon'tgaf collected $0.26 from pot
Idon'tgaf: doesn't show hand 
*** SUMMARY ***
Total pot $0.27 | Rake $0.01 
Board [Kd Jc Ad]
Seat 2: Idon'tgaf collected ($0.26)
Seat 3: Nejcek89 folded before Flop (didn't bet)
Seat 4: P4TRU folded on the Flop
Seat 5: LatinoLober folded before Flop (didn't bet)
Seat 6: murmuc1956 (button) folded before Flop (didn't bet)
Seat 7: Dorex2007 (small blind) folded before Flop
Seat 8: SzNorbert12 (big blind) folded before Flop
Seat 9: dvdhmstar folded before Flop (didn't bet)



PokerStars Hand #233837974772:  Hold'em No Limit ($0.01/$0.02 USD) - 2022/02/06 11:50:52 PT [2022/02/06 14:50:52 ET]
Table 'Lilliana IV' 9-max Seat #7 is the button
Seat 2: Idon'tgaf ($3.64 in chips) 
Seat 3: Nejcek89 ($1.62 in chips) 
Seat 4: P4TRU ($3.70 in chips) 
Seat 5: LatinoLober ($2.47 in chips) 
Seat 6: murmuc1956 ($2.19 in chips) 
Seat 7: Dorex2007 ($2.65 in chips) 
Seat 8: SzNorbert12 ($2 in chips) 
Seat 9: dvdhmstar ($1.55 in chips) 
SzNorbert12: posts small blind $0.01
dvdhmstar: posts big blind $0.02
*** HOLE CARDS ***
Dealt to Dorex2007 [7c 3s]
Idon'tgaf: calls $0.02
Nejcek89: calls $0.02
P4TRU: folds 
LatinoLober: folds 
murmuc1956: calls $0.02
Dorex2007: folds 
SzNorbert12: folds 
dvdhmstar: checks 
*** FLOP *** [2c 3c Qs]
dvdhmstar: checks 
Idon'tgaf: checks 
Nejcek89 has timed out
Nejcek89: checks 
murmuc1956: checks 
*** TURN *** [2c 3c Qs] [Kh]
dvdhmstar: checks 
Idon'tgaf: checks 
Nejcek89 has timed out
Nejcek89: checks 
murmuc1956: checks 
*** RIVER *** [2c 3c Qs Kh] [4d]
dvdhmstar: checks 
Idon'tgaf: checks 
Nejcek89 has timed out
Nejcek89: checks 
murmuc1956: checks 
*** SHOW DOWN ***
dvdhmstar: shows [7s Jh] (high card King)
Idon'tgaf: shows [Jd 7d] (high card King)
Nejcek89: shows [5c 5h] (a pair of Fives)
murmuc1956: mucks hand 
Nejcek89 collected $0.09 from pot
*** SUMMARY ***
Total pot $0.09 | Rake $0 
Board [2c 3c Qs Kh 4d]
Seat 2: Idon'tgaf showed [Jd 7d] and lost with high card King
Seat 3: Nejcek89 showed [5c 5h] and won ($0.09) with a pair of Fives
Seat 4: P4TRU folded before Flop (didn't bet)
Seat 5: LatinoLober folded before Flop (didn't bet)
Seat 6: murmuc1956 mucked [9d 8s]
Seat 7: Dorex2007 (button) folded before Flop (didn't bet)
Seat 8: SzNorbert12 (small blind) folded before Flop
Seat 9: dvdhmstar (big blind) showed [7s Jh] and lost with high card King



PokerStars Hand #233838067382:  Hold'em No Limit ($0.01/$0.02 USD) - 2022/02/06 11:53:08 PT [2022/02/06 14:53:08 ET]
Table 'Lilliana IV' 9-max Seat #8 is the button
Seat 1: SanCheS39 ($1.95 in chips) 
Seat 2: Idon'tgaf ($3.62 in chips) 
Seat 3: Nejcek89 ($1.69 in chips) 
Seat 4: P4TRU ($3.70 in chips) 
Seat 5: LatinoLober ($2.47 in chips) 
Seat 6: murmuc1956 ($2.17 in chips) 
Seat 7: Dorex2007 ($2.65 in chips) 
Seat 8: SzNorbert12 ($2 in chips) 
Seat 9: dvdhmstar ($1.53 in chips) 
dvdhmstar: posts small blind $0.01
SanCheS39: posts big blind $0.02
*** HOLE CARDS ***
Dealt to Dorex2007 [5d Th]
Idon'tgaf: calls $0.02
Nejcek89 has timed out
Nejcek89: folds 
P4TRU: folds 
LatinoLober: folds 
murmuc1956: folds 
Dorex2007: folds 
SzNorbert12: raises $0.06 to $0.08
dvdhmstar: calls $0.07
SanCheS39: folds 
Idon'tgaf: calls $0.06
*** FLOP *** [5c As 9c]
dvdhmstar: checks 
Idon'tgaf: bets $0.06
SzNorbert12: calls $0.06
dvdhmstar: folds 
*** TURN *** [5c As 9c] [8s]
Idon'tgaf: bets $0.12
SzNorbert12: calls $0.12
*** RIVER *** [5c As 9c 8s] [9h]
Idon'tgaf: bets $0.18
SzNorbert12: folds 
Uncalled bet ($0.18) returned to Idon'tgaf
Idon'tgaf collected $0.60 from pot
Idon'tgaf: doesn't show hand 
*** SUMMARY ***
Total pot $0.62 | Rake $0.02 
Board [5c As 9c 8s 9h]
Seat 1: SanCheS39 (big blind) folded before Flop
Seat 2: Idon'tgaf collected ($0.60)
Seat 3: Nejcek89 folded before Flop (didn't bet)
Seat 4: P4TRU folded before Flop (didn't bet)
Seat 5: LatinoLober folded before Flop (didn't bet)
Seat 6: murmuc1956 folded before Flop (didn't bet)
Seat 7: Dorex2007 folded before Flop (didn't bet)
Seat 8: SzNorbert12 (button) folded on the River
Seat 9: dvdhmstar (small blind) folded on the Flop



PokerStars Hand #233838127562:  Hold'em No Limit ($0.01/$0.02 USD) - 2022/02/06 11:54:37 PT [2022/02/06 14:54:37 ET]
Table 'Lilliana IV' 9-max Seat #9 is the button
Seat 1: SanCheS39 ($1.93 in chips) 
Seat 2: Idon'tgaf ($3.96 in chips) 
Seat 4: P4TRU ($3.70 in chips) 
Seat 5: LatinoLober ($2.47 in chips) 
Seat 6: murmuc1956 ($2.17 in chips) 
Seat 7: Dorex2007 ($2.65 in chips) 
Seat 8: SzNorbert12 ($2 in chips) 
Seat 9: dvdhmstar ($1.45 in chips) 
SanCheS39: posts small blind $0.01
Idon'tgaf: posts big blind $0.02
*** HOLE CARDS ***
Dealt to Dorex2007 [Jc 6d]
P4TRU: calls $0.02
LatinoLober: folds 
murmuc1956: folds 
Dorex2007: folds 
SzNorbert12: raises $0.06 to $0.08
dvdhmstar: folds 
SanCheS39: folds 
Idon'tgaf: folds 
P4TRU: calls $0.06
*** FLOP *** [4d Ah 3c]
P4TRU: checks 
SzNorbert12: bets $0.11
P4TRU: folds 
Uncalled bet ($0.11) returned to SzNorbert12
SzNorbert12 collected $0.18 from pot
SzNorbert12: doesn't show hand 
*** SUMMARY ***
Total pot $0.19 | Rake $0.01 
Board [4d Ah 3c]
Seat 1: SanCheS39 (small blind) folded before Flop
Seat 2: Idon'tgaf (big blind) folded before Flop
Seat 4: P4TRU folded on the Flop
Seat 5: LatinoLober folded before Flop (didn't bet)
Seat 6: murmuc1956 folded before Flop (didn't bet)
Seat 7: Dorex2007 folded before Flop (didn't bet)
Seat 8: SzNorbert12 collected ($0.18)
Seat 9: dvdhmstar (button) folded before Flop (didn't bet)



PokerStars Hand #233838145920:  Hold'em No Limit ($0.01/$0.02 USD) - 2022/02/06 11:55:05 PT [2022/02/06 14:55:05 ET]
Table 'Lilliana IV' 9-max Seat #1 is the button
Seat 1: SanCheS39 ($1.92 in chips) 
Seat 2: Idon'tgaf ($3.94 in chips) 
Seat 4: P4TRU ($3.62 in chips) 
Seat 5: LatinoLober ($2.47 in chips) 
Seat 6: murmuc1956 ($2.17 in chips) 
Seat 7: Dorex2007 ($2.65 in chips) 
Seat 8: SzNorbert12 ($2.10 in chips) 
Seat 9: dvdhmstar ($1.45 in chips) 
Idon'tgaf: posts small blind $0.01
P4TRU: posts big blind $0.02
*** HOLE CARDS ***
Dealt to Dorex2007 [Ah 2h]
LatinoLober: raises $0.04 to $0.06
murmuc1956: folds 
Dorex2007: folds 
SzNorbert12: folds 
dvdhmstar: folds 
SanCheS39: folds 
Idon'tgaf: calls $0.05
P4TRU: raises $0.32 to $0.38
LatinoLober: folds 
Idon'tgaf: calls $0.32
*** FLOP *** [Ks 9c Jc]
Idon'tgaf: checks 
P4TRU: bets $0.46
Idon'tgaf: folds 
Uncalled bet ($0.46) returned to P4TRU
P4TRU collected $0.79 from pot
P4TRU: doesn't show hand 
*** SUMMARY ***
Total pot $0.82 | Rake $0.03 
Board [Ks 9c Jc]
Seat 1: SanCheS39 (button) folded before Flop (didn't bet)
Seat 2: Idon'tgaf (small blind) folded on the Flop
Seat 4: P4TRU (big blind) collected ($0.79)
Seat 5: LatinoLober folded before Flop
Seat 6: murmuc1956 folded before Flop (didn't bet)
Seat 7: Dorex2007 folded before Flop (didn't bet)
Seat 8: SzNorbert12 folded before Flop (didn't bet)
Seat 9: dvdhmstar folded before Flop (didn't bet)



PokerStars Hand #233838167338:  Hold'em No Limit ($0.01/$0.02 USD) - 2022/02/06 11:55:57 PT [2022/02/06 14:55:57 ET]
Table 'Lilliana IV' 9-max Seat #2 is the button
Seat 1: SanCheS39 ($1.92 in chips) 
Seat 2: Idon'tgaf ($3.56 in chips) 
Seat 4: P4TRU ($4.03 in chips) 
Seat 5: LatinoLober ($2.41 in chips) 
Seat 6: murmuc1956 ($2.17 in chips) 
Seat 7: Dorex2007 ($2.65 in chips) 
Seat 8: SzNorbert12 ($2.10 in chips) 
Seat 9: dvdhmstar ($1.45 in chips) 
P4TRU: posts small blind $0.01
LatinoLober: posts big blind $0.02
*** HOLE CARDS ***
Dealt to Dorex2007 [Td 9d]
murmuc1956: folds 
Dorex2007: folds 
SzNorbert12: folds 
dvdhmstar: folds 
murmuc1956 leaves the table
SanCheS39: folds 
Idon'tgaf: calls $0.02
P4TRU: folds 
LatinoLober: checks 
*** FLOP *** [5s 2c 4h]
LatinoLober: checks 
Idon'tgaf: bets $0.05
LatinoLober: calls $0.05
*** TURN *** [5s 2c 4h] [3c]
LatinoLober: checks 
Idon'tgaf: bets $0.07
Mogol-Mogol joins the table at seat #6 
LatinoLober: raises $0.14 to $0.21
Idon'tgaf: calls $0.14
*** RIVER *** [5s 2c 4h 3c] [8c]
LatinoLober: checks 
Idon'tgaf: checks 
*** SHOW DOWN ***
LatinoLober: shows [9s 6s] (a straight, Deuce to Six)
Idon'tgaf: mucks hand 
LatinoLober collected $0.55 from pot
*** SUMMARY ***
Total pot $0.57 | Rake $0.02 
Board [5s 2c 4h 3c 8c]
Seat 1: SanCheS39 folded before Flop (didn't bet)
Seat 2: Idon'tgaf (button) mucked [Jd Ah]
Seat 4: P4TRU (small blind) folded before Flop
Seat 5: LatinoLober (big blind) showed [9s 6s] and won ($0.55) with a straight, Deuce to Six
Seat 6: murmuc1956 folded before Flop (didn't bet)
Seat 7: Dorex2007 folded before Flop (didn't bet)
Seat 8: SzNorbert12 folded before Flop (didn't bet)
Seat 9: dvdhmstar folded before Flop (didn't bet)



PokerStars Hand #233838186073:  Hold'em No Limit ($0.01/$0.02 USD) - 2022/02/06 11:56:41 PT [2022/02/06 14:56:41 ET]
Table 'Lilliana IV' 9-max Seat #4 is the button
Seat 1: SanCheS39 ($1.92 in chips) 
Seat 2: Idon'tgaf ($3.28 in chips) 
Seat 4: P4TRU ($4.02 in chips) 
Seat 5: LatinoLober ($2.68 in chips) 
Seat 6: Mogol-Mogol ($0.80 in chips) 
Seat 7: Dorex2007 ($2.65 in chips) 
Seat 8: SzNorbert12 ($2.10 in chips) 
Seat 9: dvdhmstar ($1.45 in chips) 
LatinoLober: posts small blind $0.01
Mogol-Mogol: posts big blind $0.02
Nejcek89: sits out 
*** HOLE CARDS ***
Dealt to Dorex2007 [Ad 6d]
Dorex2007: folds 
SzNorbert12: folds 
dvdhmstar: raises $0.04 to $0.06
SanCheS39: folds 
Idon'tgaf: folds 
P4TRU: folds 
LatinoLober: folds 
Mogol-Mogol: calls $0.04
*** FLOP *** [2s Qc 6s]
Mogol-Mogol: bets $0.02
dvdhmstar: raises $0.17 to $0.19
Mogol-Mogol: folds 
Uncalled bet ($0.17) returned to dvdhmstar
dvdhmstar collected $0.16 from pot
*** SUMMARY ***
Total pot $0.17 | Rake $0.01 
Board [2s Qc 6s]
Seat 1: SanCheS39 folded before Flop (didn't bet)
Seat 2: Idon'tgaf folded before Flop (didn't bet)
Seat 4: P4TRU (button) folded before Flop (didn't bet)
Seat 5: LatinoLober (small blind) folded before Flop
Seat 6: Mogol-Mogol (big blind) folded on the Flop
Seat 7: Dorex2007 folded before Flop (didn't bet)
Seat 8: SzNorbert12 folded before Flop (didn't bet)
Seat 9: dvdhmstar collected ($0.16)



PokerStars Hand #233838200587:  Hold'em No Limit ($0.01/$0.02 USD) - 2022/02/06 11:57:16 PT [2022/02/06 14:57:16 ET]
Table 'Lilliana IV' 9-max Seat #5 is the button
Seat 1: SanCheS39 ($1.92 in chips) 
Seat 2: Idon'tgaf ($3.28 in chips) 
Seat 3: Nejcek89 ($1.69 in chips) 
Seat 5: LatinoLober ($2.67 in chips) 
Seat 6: Mogol-Mogol ($0.72 in chips) 
Seat 7: Dorex2007 ($2.65 in chips) 
Seat 8: SzNorbert12 ($2.10 in chips) 
Seat 9: dvdhmstar ($1.53 in chips) 
Mogol-Mogol: posts small blind $0.01
Dorex2007: posts big blind $0.02
Nejcek89: posts small & big blinds $0.03
*** HOLE CARDS ***
Dealt to Dorex2007 [Kc 2h]
SzNorbert12: folds 
dvdhmstar: folds 
SanCheS39: raises $0.04 to $0.06
Idon'tgaf: calls $0.06
Nejcek89: folds 
LatinoLober: calls $0.06
Mogol-Mogol: calls $0.05
Dorex2007: folds 
*** FLOP *** [7c 8c 5d]
Mogol-Mogol: checks 
SanCheS39: bets $0.28
Idon'tgaf: folds 
LatinoLober: folds 
Mogol-Mogol: folds 
Uncalled bet ($0.28) returned to SanCheS39
SanCheS39 collected $0.28 from pot
SanCheS39: doesn't show hand 
*** SUMMARY ***
Total pot $0.29 | Rake $0.01 
Board [7c 8c 5d]
Seat 1: SanCheS39 collected ($0.28)
Seat 2: Idon'tgaf folded on the Flop
Seat 3: Nejcek89 folded before Flop (didn't bet)
Seat 5: LatinoLober (button) folded on the Flop
Seat 6: Mogol-Mogol (small blind) folded on the Flop
Seat 7: Dorex2007 (big blind) folded before Flop
Seat 8: SzNorbert12 folded before Flop (didn't bet)
Seat 9: dvdhmstar folded before Flop (didn't bet)



PokerStars Hand #233838218284:  Hold'em No Limit ($0.01/$0.02 USD) - 2022/02/06 11:57:57 PT [2022/02/06 14:57:57 ET]
Table 'Lilliana IV' 9-max Seat #6 is the button
Seat 1: SanCheS39 ($2.14 in chips) 
Seat 2: Idon'tgaf ($3.22 in chips) 
Seat 3: Nejcek89 ($1.66 in chips) 
Seat 5: LatinoLober ($2.61 in chips) 
Seat 6: Mogol-Mogol ($0.66 in chips) 
Seat 7: Dorex2007 ($2.63 in chips) 
Seat 8: SzNorbert12 ($2.10 in chips) 
Seat 9: dvdhmstar ($1.53 in chips) 
Dorex2007: posts small blind $0.01
SzNorbert12: posts big blind $0.02
*** HOLE CARDS ***
Dealt to Dorex2007 [As Tc]
dvdhmstar: folds 
SanCheS39: folds 
Idon'tgaf: calls $0.02
Nejcek89: folds 
LatinoLober: folds 
Mogol-Mogol: folds 
Dorex2007: raises $0.04 to $0.06
SzNorbert12: raises $0.12 to $0.18
Idon'tgaf: folds 
Dorex2007: folds 
Uncalled bet ($0.12) returned to SzNorbert12
SzNorbert12 collected $0.14 from pot
SzNorbert12: doesn't show hand 
*** SUMMARY ***
Total pot $0.14 | Rake $0 
Seat 1: SanCheS39 folded before Flop (didn't bet)
Seat 2: Idon'tgaf folded before Flop
Seat 3: Nejcek89 folded before Flop (didn't bet)
Seat 5: LatinoLober folded before Flop (didn't bet)
Seat 6: Mogol-Mogol (button) folded before Flop (didn't bet)
Seat 7: Dorex2007 (small blind) folded before Flop
Seat 8: SzNorbert12 (big blind) collected ($0.14)
Seat 9: dvdhmstar folded before Flop (didn't bet)



PokerStars Hand #233838234593:  Hold'em No Limit ($0.01/$0.02 USD) - 2022/02/06 11:58:36 PT [2022/02/06 14:58:36 ET]
Table 'Lilliana IV' 9-max Seat #7 is the button
Seat 1: SanCheS39 ($2.14 in chips) 
Seat 2: Idon'tgaf ($3.20 in chips) 
Seat 3: Nejcek89 ($1.66 in chips) 
Seat 5: LatinoLober ($2.61 in chips) 
Seat 6: Mogol-Mogol ($0.66 in chips) 
Seat 7: Dorex2007 ($2.57 in chips) 
Seat 8: SzNorbert12 ($2.18 in chips) 
Seat 9: dvdhmstar ($1.53 in chips) 
SzNorbert12: posts small blind $0.01
dvdhmstar: posts big blind $0.02
*** HOLE CARDS ***
Dealt to Dorex2007 [9d Kd]
SanCheS39: folds 
Idon'tgaf: calls $0.02
Nejcek89: calls $0.02
LatinoLober: folds 
Mogol-Mogol: folds 
Dorex2007: calls $0.02
SzNorbert12: folds 
dvdhmstar: checks 
*** FLOP *** [6d Ac 7h]
dvdhmstar: checks 
Idon'tgaf: bets $0.04
Nejcek89: calls $0.04
Dorex2007: folds 
dvdhmstar: calls $0.04
*** TURN *** [6d Ac 7h] [Jd]
dvdhmstar: checks 
Idon'tgaf: checks 
Nejcek89: checks 
*** RIVER *** [6d Ac 7h Jd] [Kh]
dvdhmstar: checks 
Idon'tgaf: checks 
Nejcek89: checks 
*** SHOW DOWN ***
dvdhmstar: shows [6s 9h] (a pair of Sixes)
Idon'tgaf: shows [Qc 7c] (a pair of Sevens)
Nejcek89: shows [Ad Td] (a pair of Aces)
Nejcek89 collected $0.20 from pot
*** SUMMARY ***
Total pot $0.21 | Rake $0.01 
Board [6d Ac 7h Jd Kh]
Seat 1: SanCheS39 folded before Flop (didn't bet)
Seat 2: Idon'tgaf showed [Qc 7c] and lost with a pair of Sevens
Seat 3: Nejcek89 showed [Ad Td] and won ($0.20) with a pair of Aces
Seat 5: LatinoLober folded before Flop (didn't bet)
Seat 6: Mogol-Mogol folded before Flop (didn't bet)
Seat 7: Dorex2007 (button) folded on the Flop
Seat 8: SzNorbert12 (small blind) folded before Flop
Seat 9: dvdhmstar (big blind) showed [6s 9h] and lost with a pair of Sixes



PokerStars Hand #233838254091:  Hold'em No Limit ($0.01/$0.02 USD) - 2022/02/06 11:59:21 PT [2022/02/06 14:59:21 ET]
Table 'Lilliana IV' 9-max Seat #8 is the button
Seat 1: SanCheS39 ($2.14 in chips) 
Seat 2: Idon'tgaf ($3.14 in chips) 
Seat 3: Nejcek89 ($1.80 in chips) 
Seat 5: LatinoLober ($2.61 in chips) 
Seat 6: Mogol-Mogol ($0.66 in chips) 
Seat 7: Dorex2007 ($2.55 in chips) 
Seat 8: SzNorbert12 ($2.17 in chips) 
Seat 9: dvdhmstar ($1.47 in chips) 
dvdhmstar: posts small blind $0.01
SanCheS39: posts big blind $0.02
*** HOLE CARDS ***
Dealt to Dorex2007 [2s Jc]
Idon'tgaf: calls $0.02
Nejcek89: calls $0.02
LatinoLober: raises $0.06 to $0.08
Mogol-Mogol: folds 
Dorex2007: folds 
SzNorbert12: folds 
dvdhmstar: folds 
SanCheS39: calls $0.06
Idon'tgaf: calls $0.06
Nejcek89: folds 
*** FLOP *** [4s 3s Qh]
SanCheS39: checks 
Idon'tgaf: checks 
LatinoLober: checks 
*** TURN *** [4s 3s Qh] [9h]
SanCheS39: checks 
Idon'tgaf: bets $0.10
LatinoLober: calls $0.10
SanCheS39: folds 
*** RIVER *** [4s 3s Qh 9h] [5c]
Idon'tgaf: checks 
LatinoLober: bets $0.45
Idon'tgaf: folds 
Uncalled bet ($0.45) returned to LatinoLober
LatinoLober collected $0.45 from pot
*** SUMMARY ***
Total pot $0.47 | Rake $0.02 
Board [4s 3s Qh 9h 5c]
Seat 1: SanCheS39 (big blind) folded on the Turn
Seat 2: Idon'tgaf folded on the River
Seat 3: Nejcek89 folded before Flop
Seat 5: LatinoLober collected ($0.45)
Seat 6: Mogol-Mogol folded before Flop (didn't bet)
Seat 7: Dorex2007 folded before Flop (didn't bet)
Seat 8: SzNorbert12 (button) folded before Flop (didn't bet)
Seat 9: dvdhmstar (small blind) folded before Flop



PokerStars Hand #233838278063:  Hold'em No Limit ($0.01/$0.02 USD) - 2022/02/06 12:00:16 PT [2022/02/06 15:00:16 ET]
Table 'Lilliana IV' 9-max Seat #9 is the button
Seat 1: SanCheS39 ($2.06 in chips) 
Seat 2: Idon'tgaf ($2.96 in chips) 
Seat 3: Nejcek89 ($1.78 in chips) 
Seat 5: LatinoLober ($2.88 in chips) 
Seat 6: Mogol-Mogol ($0.66 in chips) 
Seat 7: Dorex2007 ($2.55 in chips) 
Seat 8: SzNorbert12 ($2.17 in chips) 
Seat 9: dvdhmstar ($1.46 in chips) 
SanCheS39: posts small blind $0.01
Idon'tgaf: posts big blind $0.02
*** HOLE CARDS ***
Dealt to Dorex2007 [9s 7s]
Nejcek89: folds 
LatinoLober: raises $0.06 to $0.08
Mogol-Mogol: calls $0.08
Dorex2007: folds 
SzNorbert12: folds 
dvdhmstar: folds 
SanCheS39: folds 
Idon'tgaf: folds 
*** FLOP *** [9c Th Td]
LatinoLober: bets $0.08
Mogol-Mogol: calls $0.08
*** TURN *** [9c Th Td] [9h]
LatinoLober: checks 
Mogol-Mogol: checks 
*** RIVER *** [9c Th Td 9h] [4d]
LatinoLober: checks 
Mogol-Mogol: checks 
*** SHOW DOWN ***
LatinoLober: shows [Qh Jd] (two pair, Tens and Nines)
Mogol-Mogol: mucks hand 
LatinoLober collected $0.34 from pot
*** SUMMARY ***
Total pot $0.35 | Rake $0.01 
Board [9c Th Td 9h 4d]
Seat 1: SanCheS39 (small blind) folded before Flop
Seat 2: Idon'tgaf (big blind) folded before Flop
Seat 3: Nejcek89 folded before Flop (didn't bet)
Seat 5: LatinoLober showed [Qh Jd] and won ($0.34) with two pair, Tens and Nines
Seat 6: Mogol-Mogol mucked [6c 6d]
Seat 7: Dorex2007 folded before Flop (didn't bet)
Seat 8: SzNorbert12 folded before Flop (didn't bet)
Seat 9: dvdhmstar (button) folded before Flop (didn't bet)



PokerStars Hand #233838294719:  Hold'em No Limit ($0.01/$0.02 USD) - 2022/02/06 12:00:52 PT [2022/02/06 15:00:52 ET]
Table 'Lilliana IV' 9-max Seat #1 is the button
Seat 1: SanCheS39 ($2.05 in chips) 
Seat 2: Idon'tgaf ($2.94 in chips) 
Seat 3: Nejcek89 ($1.78 in chips) 
Seat 5: LatinoLober ($3.06 in chips) 
Seat 6: Mogol-Mogol ($0.50 in chips) 
Seat 7: Dorex2007 ($2.55 in chips) 
Seat 8: SzNorbert12 ($2.17 in chips) 
Seat 9: dvdhmstar ($1.46 in chips) 
Idon'tgaf: posts small blind $0.01
Nejcek89: posts big blind $0.02
*** HOLE CARDS ***
Dealt to Dorex2007 [5h 5d]
LatinoLober: folds 
Mogol-Mogol: folds 
Dorex2007: calls $0.02
SzNorbert12: folds 
dvdhmstar: folds 
SanCheS39: folds 
Idon'tgaf: calls $0.01
Nejcek89: raises $0.04 to $0.06
Dorex2007: calls $0.04
Idon'tgaf: calls $0.04
*** FLOP *** [As 8s 9d]
Idon'tgaf: checks 
Nejcek89: checks 
Dorex2007: checks 
*** TURN *** [As 8s 9d] [9h]
Idon'tgaf: checks 
Nejcek89: checks 
Dorex2007: bets $0.09
Idon'tgaf: calls $0.09
Nejcek89: folds 
*** RIVER *** [As 8s 9d 9h] [Ts]
Idon'tgaf: checks 
Dorex2007: checks 
*** SHOW DOWN ***
Idon'tgaf: shows [7d Td] (two pair, Tens and Nines)
Dorex2007: mucks hand 
Idon'tgaf collected $0.35 from pot
*** SUMMARY ***
Total pot $0.36 | Rake $0.01 
Board [As 8s 9d 9h Ts]
Seat 1: SanCheS39 (button) folded before Flop (didn't bet)
Seat 2: Idon'tgaf (small blind) showed [7d Td] and won ($0.35) with two pair, Tens and Nines
Seat 3: Nejcek89 (big blind) folded on the Turn
Seat 5: LatinoLober folded before Flop (didn't bet)
Seat 6: Mogol-Mogol folded before Flop (didn't bet)
Seat 7: Dorex2007 mucked [5h 5d]
Seat 8: SzNorbert12 folded before Flop (didn't bet)
Seat 9: dvdhmstar folded before Flop (didn't bet)



PokerStars Hand #233838320515:  Hold'em No Limit ($0.01/$0.02 USD) - 2022/02/06 12:01:42 PT [2022/02/06 15:01:42 ET]
Table 'Lilliana IV' 9-max Seat #2 is the button
Seat 1: SanCheS39 ($2.05 in chips) 
Seat 2: Idon'tgaf ($3.14 in chips) 
Seat 3: Nejcek89 ($1.72 in chips) 
Seat 5: LatinoLober ($3.06 in chips) 
Seat 6: Mogol-Mogol ($0.50 in chips) 
Seat 7: Dorex2007 ($2.40 in chips) 
Seat 8: SzNorbert12 ($2.17 in chips) 
Seat 9: dvdhmstar ($1.46 in chips) 
Nejcek89: posts small blind $0.01
LatinoLober: posts big blind $0.02
*** HOLE CARDS ***
Dealt to Dorex2007 [8c 7d]
Mogol-Mogol: calls $0.02
Dorex2007: folds 
SzNorbert12: folds 
dvdhmstar: folds 
SanCheS39: folds 
Idon'tgaf: raises $0.02 to $0.04
Nejcek89: folds 
LatinoLober: folds 
Mogol-Mogol: calls $0.02
*** FLOP *** [Jd 3h 7s]
Mogol-Mogol: bets $0.02
Idon'tgaf: calls $0.02
*** TURN *** [Jd 3h 7s] [Js]
Mogol-Mogol: bets $0.06
Idon'tgaf: folds 
Uncalled bet ($0.06) returned to Mogol-Mogol
Mogol-Mogol collected $0.14 from pot
Mogol-Mogol: doesn't show hand 
*** SUMMARY ***
Total pot $0.15 | Rake $0.01 
Board [Jd 3h 7s Js]
Seat 1: SanCheS39 folded before Flop (didn't bet)
Seat 2: Idon'tgaf (button) folded on the Turn
Seat 3: Nejcek89 (small blind) folded before Flop
Seat 5: LatinoLober (big blind) folded before Flop
Seat 6: Mogol-Mogol collected ($0.14)
Seat 7: Dorex2007 folded before Flop (didn't bet)
Seat 8: SzNorbert12 folded before Flop (didn't bet)
Seat 9: dvdhmstar folded before Flop (didn't bet)



PokerStars Hand #233838337460:  Hold'em No Limit ($0.01/$0.02 USD) - 2022/02/06 12:02:10 PT [2022/02/06 15:02:10 ET]
Table 'Lilliana IV' 9-max Seat #3 is the button
Seat 1: SanCheS39 ($2.05 in chips) 
Seat 2: Idon'tgaf ($3.08 in chips) 
Seat 3: Nejcek89 ($1.71 in chips) 
Seat 5: LatinoLober ($3.04 in chips) 
Seat 6: Mogol-Mogol ($0.58 in chips) 
Seat 7: Dorex2007 ($2.40 in chips) 
Seat 8: SzNorbert12 ($2.17 in chips) 
Seat 9: dvdhmstar ($1.46 in chips) 
LatinoLober: posts small blind $0.01
Mogol-Mogol: posts big blind $0.02
*** HOLE CARDS ***
Dealt to Dorex2007 [2h Jh]
Dorex2007: folds 
SzNorbert12: raises $0.06 to $0.08
dvdhmstar: folds 
SanCheS39: folds 
Idon'tgaf: folds 
Nejcek89: folds 
LatinoLober: folds 
Mogol-Mogol: folds 
Uncalled bet ($0.06) returned to SzNorbert12
SzNorbert12 collected $0.05 from pot
SzNorbert12: doesn't show hand 
*** SUMMARY ***
Total pot $0.05 | Rake $0 
Seat 1: SanCheS39 folded before Flop (didn't bet)
Seat 2: Idon'tgaf folded before Flop (didn't bet)
Seat 3: Nejcek89 (button) folded before Flop (didn't bet)
Seat 5: LatinoLober (small blind) folded before Flop
Seat 6: Mogol-Mogol (big blind) folded before Flop
Seat 7: Dorex2007 folded before Flop (didn't bet)
Seat 8: SzNorbert12 collected ($0.05)
Seat 9: dvdhmstar folded before Flop (didn't bet)



PokerStars Hand #233838346251:  Hold'em No Limit ($0.01/$0.02 USD) - 2022/02/06 12:02:26 PT [2022/02/06 15:02:26 ET]
Table 'Lilliana IV' 9-max Seat #5 is the button
Seat 1: SanCheS39 ($2.05 in chips) 
Seat 2: Idon'tgaf ($3.08 in chips) 
Seat 3: Nejcek89 ($1.71 in chips) 
Seat 5: LatinoLober ($3.03 in chips) 
Seat 6: Mogol-Mogol ($0.56 in chips) 
Seat 7: Dorex2007 ($2.40 in chips) 
Seat 8: SzNorbert12 ($2.20 in chips) 
Seat 9: dvdhmstar ($1.46 in chips) 
Mogol-Mogol: posts small blind $0.01
Dorex2007: posts big blind $0.02
*** HOLE CARDS ***
Dealt to Dorex2007 [Kh 9d]
SzNorbert12: folds 
SzNorbert12 leaves the table
dvdhmstar: raises $0.04 to $0.06
SanCheS39: folds 
Idon'tgaf: folds 
Nejcek89: folds 
LatinoLober: folds 
Mogol-Mogol: calls $0.05
Dorex2007: folds 
*** FLOP *** [Qh 7h 2c]
Mogol-Mogol: bets $0.02
dvdhmstar: raises $0.18 to $0.20
Mogol-Mogol: raises $0.30 to $0.50 and is all-in
dvdhmstar: calls $0.30
SzNorbert12 joins the table at seat #8 
*** TURN *** [Qh 7h 2c] [5c]
*** RIVER *** [Qh 7h 2c 5c] [Jc]
*** SHOW DOWN ***
Mogol-Mogol: shows [Qc Ah] (a pair of Queens)
dvdhmstar: shows [Ac Qs] (a pair of Queens)
dvdhmstar collected $0.55 from pot
Mogol-Mogol cashed out the hand for $0.57 | Cash Out Fee $0.01
*** SUMMARY ***
Total pot $1.14 | Rake $0.04 
Board [Qh 7h 2c 5c Jc]
Seat 1: SanCheS39 folded before Flop (didn't bet)
Seat 2: Idon'tgaf folded before Flop (didn't bet)
Seat 3: Nejcek89 folded before Flop (didn't bet)
Seat 5: LatinoLober (button) folded before Flop (didn't bet)
Seat 6: Mogol-Mogol (small blind) showed [Qc Ah] and won ($0.55) with a pair of Queens (pot not awarded as player cashed out)
Seat 7: Dorex2007 (big blind) folded before Flop
Seat 8: SzNorbert12 folded before Flop (didn't bet)
Seat 9: dvdhmstar showed [Ac Qs] and won ($0.55) with a pair of Queens



PokerStars Hand #233838375246:  Hold'em No Limit ($0.01/$0.02 USD) - 2022/02/06 12:03:09 PT [2022/02/06 15:03:09 ET]
Table 'Lilliana IV' 9-max Seat #6 is the button
Seat 1: SanCheS39 ($2.05 in chips) 
Seat 2: Idon'tgaf ($3.08 in chips) 
Seat 3: Nejcek89 ($1.71 in chips) 
Seat 5: LatinoLober ($3.03 in chips) 
Seat 6: Mogol-Mogol ($0.57 in chips) 
Seat 7: Dorex2007 ($2.38 in chips) 
Seat 8: SzNorbert12 ($2.20 in chips) 
Seat 9: dvdhmstar ($1.45 in chips) 
Dorex2007: posts small blind $0.01
SzNorbert12: posts big blind $0.02
*** HOLE CARDS ***
Dealt to Dorex2007 [2c 9h]
dvdhmstar: raises $0.04 to $0.06
SanCheS39: folds 
Idon'tgaf: folds 
Nejcek89: folds 
LatinoLober: folds 
Mogol-Mogol: calls $0.06
Dorex2007: folds 
SzNorbert12: folds 
*** FLOP *** [4d 6s 7h]
dvdhmstar: bets $0.06
Mogol-Mogol: calls $0.06
*** TURN *** [4d 6s 7h] [Ks]
dvdhmstar: checks 
Mogol-Mogol: checks 
*** RIVER *** [4d 6s 7h Ks] [2s]
dvdhmstar: checks 
Mogol-Mogol: bets $0.08
dvdhmstar: folds 
Uncalled bet ($0.08) returned to Mogol-Mogol
Mogol-Mogol collected $0.26 from pot
Mogol-Mogol: doesn't show hand 
*** SUMMARY ***
Total pot $0.27 | Rake $0.01 
Board [4d 6s 7h Ks 2s]
Seat 1: SanCheS39 folded before Flop (didn't bet)
Seat 2: Idon'tgaf folded before Flop (didn't bet)
Seat 3: Nejcek89 folded before Flop (didn't bet)
Seat 5: LatinoLober folded before Flop (didn't bet)
Seat 6: Mogol-Mogol (button) collected ($0.26)
Seat 7: Dorex2007 (small blind) folded before Flop
Seat 8: SzNorbert12 (big blind) folded before Flop
Seat 9: dvdhmstar folded on the River



PokerStars Hand #233838422318:  Hold'em No Limit ($0.01/$0.02 USD) - 2022/02/06 12:04:19 PT [2022/02/06 15:04:19 ET]
Table 'Lilliana IV' 9-max Seat #7 is the button
Seat 1: SanCheS39 ($2.05 in chips) 
Seat 2: Idon'tgaf ($3.08 in chips) 
Seat 3: Nejcek89 ($1.71 in chips) 
Seat 5: LatinoLober ($3.03 in chips) 
Seat 6: Mogol-Mogol ($0.71 in chips) 
Seat 7: Dorex2007 ($2.37 in chips) 
Seat 8: SzNorbert12 ($2.18 in chips) 
Seat 9: dvdhmstar ($1.33 in chips) 
SzNorbert12: posts small blind $0.01
dvdhmstar: posts big blind $0.02
*** HOLE CARDS ***
Dealt to Dorex2007 [Jc 4c]
SanCheS39: folds 
Idon'tgaf: calls $0.02
Nejcek89: folds 
LatinoLober: folds 
Mogol-Mogol: folds 
Dorex2007: folds 
SanCheS39 leaves the table
SzNorbert12: folds 
dvdhmstar: checks 
*** FLOP *** [3d 2s 8d]
dvdhmstar: checks 
Idon'tgaf: bets $0.05
dvdhmstar: folds 
Uncalled bet ($0.05) returned to Idon'tgaf
Idon'tgaf collected $0.05 from pot
Idon'tgaf: doesn't show hand 
*** SUMMARY ***
Total pot $0.05 | Rake $0 
Board [3d 2s 8d]
Seat 1: SanCheS39 folded before Flop (didn't bet)
Seat 2: Idon'tgaf collected ($0.05)
Seat 3: Nejcek89 folded before Flop (didn't bet)
Seat 5: LatinoLober folded before Flop (didn't bet)
Seat 6: Mogol-Mogol folded before Flop (didn't bet)
Seat 7: Dorex2007 (button) folded before Flop (didn't bet)
Seat 8: SzNorbert12 (small blind) folded before Flop
Seat 9: dvdhmstar (big blind) folded on the Flop



PokerStars Hand #233838441249:  Hold'em No Limit ($0.01/$0.02 USD) - 2022/02/06 12:04:47 PT [2022/02/06 15:04:47 ET]
Table 'Lilliana IV' 9-max Seat #8 is the button
Seat 2: Idon'tgaf ($3.11 in chips) 
Seat 3: Nejcek89 ($1.71 in chips) 
Seat 5: LatinoLober ($3.03 in chips) 
Seat 6: Mogol-Mogol ($0.71 in chips) 
Seat 7: Dorex2007 ($2.37 in chips) 
Seat 8: SzNorbert12 ($2.17 in chips) 
Seat 9: dvdhmstar ($1.31 in chips) 
dvdhmstar: posts small blind $0.01
Idon'tgaf: posts big blind $0.02
*** HOLE CARDS ***
Dealt to Dorex2007 [5d 7h]
Nejcek89: folds 
LatinoLober: raises $0.06 to $0.08
Mogol-Mogol: folds 
Dorex2007: folds 
SzNorbert12: folds 
dvdhmstar: calls $0.07
Idon'tgaf: folds 
*** FLOP *** [Qc 4h 8d]
dvdhmstar: checks 
LatinoLober: checks 
*** TURN *** [Qc 4h 8d] [9d]
dvdhmstar: bets $0.17
LatinoLober: calls $0.17
*** RIVER *** [Qc 4h 8d 9d] [9h]
dvdhmstar: bets $0.50
LatinoLober: folds 
Uncalled bet ($0.50) returned to dvdhmstar
dvdhmstar collected $0.50 from pot
*** SUMMARY ***
Total pot $0.52 | Rake $0.02 
Board [Qc 4h 8d 9d 9h]
Seat 2: Idon'tgaf (big blind) folded before Flop
Seat 3: Nejcek89 folded before Flop (didn't bet)
Seat 5: LatinoLober folded on the River
Seat 6: Mogol-Mogol folded before Flop (didn't bet)
Seat 7: Dorex2007 folded before Flop (didn't bet)
Seat 8: SzNorbert12 (button) folded before Flop (didn't bet)
Seat 9: dvdhmstar (small blind) collected ($0.50)



PokerStars Hand #233838469518:  Hold'em No Limit ($0.01/$0.02 USD) - 2022/02/06 12:05:27 PT [2022/02/06 15:05:27 ET]
Table 'Lilliana IV' 9-max Seat #9 is the button
Seat 2: Idon'tgaf ($3.09 in chips) 
Seat 3: Nejcek89 ($1.71 in chips) 
Seat 5: LatinoLober ($2.78 in chips) 
Seat 6: Mogol-Mogol ($0.71 in chips) 
Seat 7: Dorex2007 ($2.37 in chips) 
Seat 8: SzNorbert12 ($2.17 in chips) 
Seat 9: dvdhmstar ($1.56 in chips) 
Idon'tgaf: posts small blind $0.01
Nejcek89: posts big blind $0.02
*** HOLE CARDS ***
Dealt to Dorex2007 [Tc 5c]
LatinoLober: folds 
Mogol-Mogol: folds 
Dorex2007: folds 
SzNorbert12: raises $0.04 to $0.06
dvdhmstar: folds 
Idon'tgaf: folds 
Nejcek89: folds 
Uncalled bet ($0.04) returned to SzNorbert12
SzNorbert12 collected $0.05 from pot
SzNorbert12: doesn't show hand 
*** SUMMARY ***
Total pot $0.05 | Rake $0 
Seat 2: Idon'tgaf (small blind) folded before Flop
Seat 3: Nejcek89 (big blind) folded before Flop
Seat 5: LatinoLober folded before Flop (didn't bet)
Seat 6: Mogol-Mogol folded before Flop (didn't bet)
Seat 7: Dorex2007 folded before Flop (didn't bet)
Seat 8: SzNorbert12 collected ($0.05)
Seat 9: dvdhmstar (button) folded before Flop (didn't bet)



PokerStars Hand #233838480244:  Hold'em No Limit ($0.01/$0.02 USD) - 2022/02/06 12:05:42 PT [2022/02/06 15:05:42 ET]
Table 'Lilliana IV' 9-max Seat #2 is the button
Seat 2: Idon'tgaf ($3.08 in chips) 
Seat 3: Nejcek89 ($1.69 in chips) 
Seat 5: LatinoLober ($2.78 in chips) 
Seat 6: Mogol-Mogol ($0.71 in chips) 
Seat 7: Dorex2007 ($2.37 in chips) 
Seat 8: SzNorbert12 ($2.20 in chips) 
Seat 9: dvdhmstar ($1.56 in chips) 
Nejcek89: posts small blind $0.01
LatinoLober: posts big blind $0.02
*** HOLE CARDS ***
Dealt to Dorex2007 [8d 2c]
Mogol-Mogol: folds 
Dorex2007: folds 
SzNorbert12: folds 
dvdhmstar: raises $0.04 to $0.06
Idon'tgaf: calls $0.06
Nejcek89: folds 
LatinoLober: folds 
*** FLOP *** [Tc 3h 3s]
dvdhmstar: bets $0.14
Idon'tgaf: folds 
Uncalled bet ($0.14) returned to dvdhmstar
dvdhmstar collected $0.14 from pot
*** SUMMARY ***
Total pot $0.15 | Rake $0.01 
Board [Tc 3h 3s]
Seat 2: Idon'tgaf (button) folded on the Flop
Seat 3: Nejcek89 (small blind) folded before Flop
Seat 5: LatinoLober (big blind) folded before Flop
Seat 6: Mogol-Mogol folded before Flop (didn't bet)
Seat 7: Dorex2007 folded before Flop (didn't bet)
Seat 8: SzNorbert12 folded before Flop (didn't bet)
Seat 9: dvdhmstar collected ($0.14)



PokerStars Hand #233838495696:  Hold'em No Limit ($0.01/$0.02 USD) - 2022/02/06 12:06:04 PT [2022/02/06 15:06:04 ET]
Table 'Lilliana IV' 9-max Seat #3 is the button
Seat 2: Idon'tgaf ($3.02 in chips) 
Seat 3: Nejcek89 ($1.68 in chips) 
Seat 5: LatinoLober ($2.76 in chips) 
Seat 6: Mogol-Mogol ($0.71 in chips) 
Seat 7: Dorex2007 ($2.37 in chips) 
Seat 8: SzNorbert12 ($2.20 in chips) 
Seat 9: dvdhmstar ($1.64 in chips) 
LatinoLober: posts small blind $0.01
Mogol-Mogol: posts big blind $0.02
*** HOLE CARDS ***
Dealt to Dorex2007 [As 8s]
Dorex2007: folds 
SzNorbert12: folds 
dvdhmstar: folds 
Idon'tgaf: folds 
Nejcek89: folds 
LatinoLober: calls $0.01
Mogol-Mogol: checks 
*** FLOP *** [7d 7s 2h]
LatinoLober: checks 
Mogol-Mogol: bets $0.02
LatinoLober: calls $0.02
*** TURN *** [7d 7s 2h] [Td]
LatinoLober: checks 
Mogol-Mogol: bets $0.02
LatinoLober: calls $0.02
*** RIVER *** [7d 7s 2h Td] [3h]
LatinoLober: checks 
Mogol-Mogol: bets $0.02
LatinoLober: folds 
Uncalled bet ($0.02) returned to Mogol-Mogol
Mogol-Mogol collected $0.12 from pot
Mogol-Mogol: doesn't show hand 
*** SUMMARY ***
Total pot $0.12 | Rake $0 
Board [7d 7s 2h Td 3h]
Seat 2: Idon'tgaf folded before Flop (didn't bet)
Seat 3: Nejcek89 (button) folded before Flop (didn't bet)
Seat 5: LatinoLober (small blind) folded on the River
Seat 6: Mogol-Mogol (big blind) collected ($0.12)
Seat 7: Dorex2007 folded before Flop (didn't bet)
Seat 8: SzNorbert12 folded before Flop (didn't bet)
Seat 9: dvdhmstar folded before Flop (didn't bet)



PokerStars Hand #233838520192:  Hold'em No Limit ($0.01/$0.02 USD) - 2022/02/06 12:06:39 PT [2022/02/06 15:06:39 ET]
Table 'Lilliana IV' 9-max Seat #5 is the button
Seat 2: Idon'tgaf ($3.02 in chips) 
Seat 3: Nejcek89 ($1.68 in chips) 
Seat 4: P4TRU ($4.02 in chips) 
Seat 5: LatinoLober ($2.70 in chips) 
Seat 6: Mogol-Mogol ($0.77 in chips) 
Seat 7: Dorex2007 ($2.37 in chips) 
Seat 8: SzNorbert12 ($2.20 in chips) 
Seat 9: dvdhmstar ($1.64 in chips) 
Mogol-Mogol: posts small blind $0.01
Dorex2007: posts big blind $0.02
P4TRU: posts small & big blinds $0.03
*** HOLE CARDS ***
Dealt to Dorex2007 [8s Ad]
SzNorbert12: folds 
SzNorbert12 leaves the table
dvdhmstar: folds 
Idon'tgaf: calls $0.02
Nejcek89: folds 
Muha4 joins the table at seat #1 
P4TRU: checks 
LatinoLober: raises $0.08 to $0.10
Mogol-Mogol: folds 
Dorex2007: folds 
Idon'tgaf: folds 
P4TRU: folds 
Uncalled bet ($0.08) returned to LatinoLober
LatinoLober collected $0.10 from pot
*** SUMMARY ***
Total pot $0.10 | Rake $0 
Seat 2: Idon'tgaf folded before Flop
Seat 3: Nejcek89 folded before Flop (didn't bet)
Seat 4: P4TRU folded before Flop (didn't bet)
Seat 5: LatinoLober (button) collected ($0.10)
Seat 6: Mogol-Mogol (small blind) folded before Flop
Seat 7: Dorex2007 (big blind) folded before Flop
Seat 8: SzNorbert12 folded before Flop (didn't bet)
Seat 9: dvdhmstar folded before Flop (didn't bet)



PokerStars Hand #233838536114:  Hold'em No Limit ($0.01/$0.02 USD) - 2022/02/06 12:07:01 PT [2022/02/06 15:07:01 ET]
Table 'Lilliana IV' 9-max Seat #6 is the button
Seat 2: Idon'tgaf ($3 in chips) 
Seat 3: Nejcek89 ($1.68 in chips) 
Seat 4: P4TRU ($3.99 in chips) 
Seat 5: LatinoLober ($2.78 in chips) 
Seat 6: Mogol-Mogol ($0.76 in chips) 
Seat 7: Dorex2007 ($2.35 in chips) 
Seat 9: dvdhmstar ($1.64 in chips) 
Dorex2007: posts small blind $0.01
dvdhmstar: posts big blind $0.02
Muha4: sits out 
*** HOLE CARDS ***
Dealt to Dorex2007 [7s As]
Idon'tgaf: folds 
Nejcek89: folds 
P4TRU: folds 
LatinoLober: folds 
Mogol-Mogol: folds 
Dorex2007: raises $0.04 to $0.06
dvdhmstar: folds 
Uncalled bet ($0.04) returned to Dorex2007
Dorex2007 collected $0.04 from pot
Dorex2007: doesn't show hand 
*** SUMMARY ***
Total pot $0.04 | Rake $0 
Seat 2: Idon'tgaf folded before Flop (didn't bet)
Seat 3: Nejcek89 folded before Flop (didn't bet)
Seat 4: P4TRU folded before Flop (didn't bet)
Seat 5: LatinoLober folded before Flop (didn't bet)
Seat 6: Mogol-Mogol (button) folded before Flop (didn't bet)
Seat 7: Dorex2007 (small blind) collected ($0.04)
Seat 9: dvdhmstar (big blind) folded before Flop



PokerStars Hand #233838546434:  Hold'em No Limit ($0.01/$0.02 USD) - 2022/02/06 12:07:15 PT [2022/02/06 15:07:15 ET]
Table 'Lilliana IV' 9-max Seat #7 is the button
Seat 1: Muha4 ($1 in chips) 
Seat 2: Idon'tgaf ($3 in chips) 
Seat 3: Nejcek89 ($1.68 in chips) 
Seat 4: P4TRU ($3.99 in chips) 
Seat 5: LatinoLober ($2.78 in chips) 
Seat 6: Mogol-Mogol ($0.76 in chips) 
Seat 7: Dorex2007 ($2.37 in chips) 
Seat 9: dvdhmstar ($1.62 in chips) 
dvdhmstar: posts small blind $0.01
Muha4: posts big blind $0.02
*** HOLE CARDS ***
Dealt to Dorex2007 [Ad 9d]
Idon'tgaf: calls $0.02
Nejcek89: folds 
P4TRU: folds 
LatinoLober: raises $0.06 to $0.08
Mogol-Mogol: folds 
Dorex2007: folds 
dvdhmstar: folds 
Muha4: folds 
Idon'tgaf: calls $0.06
*** FLOP *** [8c Qd Ks]
Idon'tgaf: checks 
LatinoLober: checks 
*** TURN *** [8c Qd Ks] [2c]
Idon'tgaf: bets $0.09
19ARSENAL92 joins the table at seat #8 
LatinoLober: calls $0.09
*** RIVER *** [8c Qd Ks 2c] [3h]
Idon'tgaf: bets $0.12
LatinoLober: calls $0.12
*** SHOW DOWN ***
Idon'tgaf: shows [Kh 9s] (a pair of Kings)
LatinoLober: mucks hand 
Idon'tgaf collected $0.59 from pot
*** SUMMARY ***
Total pot $0.61 | Rake $0.02 
Board [8c Qd Ks 2c 3h]
Seat 1: Muha4 (big blind) folded before Flop
Seat 2: Idon'tgaf showed [Kh 9s] and won ($0.59) with a pair of Kings
Seat 3: Nejcek89 folded before Flop (didn't bet)
Seat 4: P4TRU folded before Flop (didn't bet)
Seat 5: LatinoLober mucked [Th Qh]
Seat 6: Mogol-Mogol folded before Flop (didn't bet)
Seat 7: Dorex2007 (button) folded before Flop (didn't bet)
Seat 9: dvdhmstar (small blind) folded before Flop



PokerStars Hand #233838583821:  Hold'em No Limit ($0.01/$0.02 USD) - 2022/02/06 12:08:08 PT [2022/02/06 15:08:08 ET]
Table 'Lilliana IV' 9-max Seat #9 is the button
Seat 1: Muha4 ($0.98 in chips) 
Seat 2: Idon'tgaf ($3.30 in chips) 
Seat 3: Nejcek89 ($1.68 in chips) 
Seat 4: P4TRU ($3.99 in chips) 
Seat 5: LatinoLober ($2.49 in chips) 
Seat 6: Mogol-Mogol ($0.76 in chips) 
Seat 7: Dorex2007 ($2.37 in chips) 
Seat 9: dvdhmstar ($1.61 in chips) 
Muha4: posts small blind $0.01
Idon'tgaf: posts big blind $0.02
19ARSENAL92: sits out 
*** HOLE CARDS ***
Dealt to Dorex2007 [Jc 8d]
Nejcek89: folds 
P4TRU: folds 
LatinoLober: folds 
Mogol-Mogol: calls $0.02
Dorex2007: folds 
dvdhmstar: folds 
Muha4: calls $0.01
Idon'tgaf: raises $0.02 to $0.04
Mogol-Mogol: calls $0.02
Muha4: calls $0.02
*** FLOP *** [6h 4c 6s]
Muha4: checks 
Idon'tgaf: bets $0.06
Mogol-Mogol: calls $0.06
Muha4: folds 
*** TURN *** [6h 4c 6s] [9h]
Idon'tgaf: checks 
Mogol-Mogol: bets $0.06
Idon'tgaf: calls $0.06
*** RIVER *** [6h 4c 6s 9h] [Ks]
Idon'tgaf: checks 
Mogol-Mogol: bets $0.08
Idon'tgaf: folds 
Uncalled bet ($0.08) returned to Mogol-Mogol
Mogol-Mogol collected $0.35 from pot
Mogol-Mogol: doesn't show hand 
*** SUMMARY ***
Total pot $0.36 | Rake $0.01 
Board [6h 4c 6s 9h Ks]
Seat 1: Muha4 (small blind) folded on the Flop
Seat 2: Idon'tgaf (big blind) folded on the River
Seat 3: Nejcek89 folded before Flop (didn't bet)
Seat 4: P4TRU folded before Flop (didn't bet)
Seat 5: LatinoLober folded before Flop (didn't bet)
Seat 6: Mogol-Mogol collected ($0.35)
Seat 7: Dorex2007 folded before Flop (didn't bet)
Seat 9: dvdhmstar (button) folded before Flop (didn't bet)



PokerStars Hand #233838623356:  Hold'em No Limit ($0.01/$0.02 USD) - 2022/02/06 12:09:03 PT [2022/02/06 15:09:03 ET]
Table 'Lilliana IV' 9-max Seat #1 is the button
Seat 1: Muha4 ($0.94 in chips) 
Seat 2: Idon'tgaf ($3.14 in chips) 
Seat 3: Nejcek89 ($1.68 in chips) 
Seat 4: P4TRU ($3.99 in chips) 
Seat 5: LatinoLober ($2.49 in chips) 
Seat 6: Mogol-Mogol ($0.95 in chips) 
Seat 7: Dorex2007 ($2.37 in chips) 
Seat 8: 19ARSENAL92 ($2 in chips) 
Seat 9: dvdhmstar ($1.61 in chips) 
Idon'tgaf: posts small blind $0.01
Nejcek89: posts big blind $0.02
19ARSENAL92: posts big blind $0.02
*** HOLE CARDS ***
Dealt to Dorex2007 [Kc 6c]
P4TRU: raises $0.04 to $0.06
LatinoLober: folds 
Mogol-Mogol: folds 
Dorex2007: folds 
19ARSENAL92: calls $0.04
dvdhmstar: folds 
Muha4: folds 
Idon'tgaf: calls $0.05
Nejcek89: folds 
*** FLOP *** [6d 8c Td]
Idon'tgaf: checks 
P4TRU: bets $0.36
19ARSENAL92: folds 
Idon'tgaf: folds 
Uncalled bet ($0.36) returned to P4TRU
P4TRU collected $0.19 from pot
P4TRU: doesn't show hand 
*** SUMMARY ***
Total pot $0.20 | Rake $0.01 
Board [6d 8c Td]
Seat 1: Muha4 (button) folded before Flop (didn't bet)
Seat 2: Idon'tgaf (small blind) folded on the Flop
Seat 3: Nejcek89 (big blind) folded before Flop
Seat 4: P4TRU collected ($0.19)
Seat 5: LatinoLober folded before Flop (didn't bet)
Seat 6: Mogol-Mogol folded before Flop (didn't bet)
Seat 7: Dorex2007 folded before Flop (didn't bet)
Seat 8: 19ARSENAL92 folded on the Flop
Seat 9: dvdhmstar folded before Flop (didn't bet)



PokerStars Hand #233838655103:  Hold'em No Limit ($0.01/$0.02 USD) - 2022/02/06 12:09:47 PT [2022/02/06 15:09:47 ET]
Table 'Lilliana IV' 9-max Seat #2 is the button
Seat 1: Muha4 ($0.94 in chips) 
Seat 2: Idon'tgaf ($3.08 in chips) 
Seat 3: Nejcek89 ($1.66 in chips) 
Seat 4: P4TRU ($4.12 in chips) 
Seat 5: LatinoLober ($2.49 in chips) 
Seat 6: Mogol-Mogol ($0.95 in chips) 
Seat 7: Dorex2007 ($2.37 in chips) 
Seat 8: 19ARSENAL92 ($1.94 in chips) 
Seat 9: dvdhmstar ($1.61 in chips) 
Nejcek89: posts small blind $0.01
P4TRU: posts big blind $0.02
*** HOLE CARDS ***
Dealt to Dorex2007 [7s 3d]
LatinoLober: folds 
Mogol-Mogol: folds 
Dorex2007: folds 
19ARSENAL92: folds 
dvdhmstar: folds 
Muha4: folds 
Idon'tgaf: calls $0.02
Nejcek89: calls $0.01
P4TRU: checks 
*** FLOP *** [8d Kd 4d]
Nejcek89: checks 
P4TRU: bets $0.28
Idon'tgaf: folds 
Nejcek89: folds 
Uncalled bet ($0.28) returned to P4TRU
P4TRU collected $0.06 from pot
P4TRU: doesn't show hand 
*** SUMMARY ***
Total pot $0.06 | Rake $0 
Board [8d Kd 4d]
Seat 1: Muha4 folded before Flop (didn't bet)
Seat 2: Idon'tgaf (button) folded on the Flop
Seat 3: Nejcek89 (small blind) folded on the Flop
Seat 4: P4TRU (big blind) collected ($0.06)
Seat 5: LatinoLober folded before Flop (didn't bet)
Seat 6: Mogol-Mogol folded before Flop (didn't bet)
Seat 7: Dorex2007 folded before Flop (didn't bet)
Seat 8: 19ARSENAL92 folded before Flop (didn't bet)
Seat 9: dvdhmstar folded before Flop (didn't bet)



PokerStars Hand #233838670525:  Hold'em No Limit ($0.01/$0.02 USD) - 2022/02/06 12:10:08 PT [2022/02/06 15:10:08 ET]
Table 'Lilliana IV' 9-max Seat #3 is the button
Seat 1: Muha4 ($0.94 in chips) 
Seat 2: Idon'tgaf ($3.06 in chips) 
Seat 3: Nejcek89 ($1.64 in chips) 
Seat 4: P4TRU ($4.16 in chips) 
Seat 5: LatinoLober ($2.49 in chips) 
Seat 6: Mogol-Mogol ($0.95 in chips) 
Seat 7: Dorex2007 ($2.37 in chips) 
Seat 8: 19ARSENAL92 ($1.94 in chips) 
Seat 9: dvdhmstar ($1.61 in chips) 
P4TRU: posts small blind $0.01
LatinoLober: posts big blind $0.02
*** HOLE CARDS ***
Dealt to Dorex2007 [Ad 6s]
Idon'tgaf said, "lol f ing moron"
Mogol-Mogol: folds 
Dorex2007: folds 
19ARSENAL92: raises $0.04 to $0.06
dvdhmstar: folds 
Muha4: calls $0.06
Idon'tgaf: folds 
Nejcek89: folds 
P4TRU: folds 
LatinoLober: calls $0.04
*** FLOP *** [Th 8h 5d]
LatinoLober: checks 
19ARSENAL92: bets $0.11
Muha4: calls $0.11
LatinoLober: folds 
*** TURN *** [Th 8h 5d] [Kc]
19ARSENAL92: bets $0.20
Muha4: raises $0.57 to $0.77 and is all-in
19ARSENAL92: calls $0.57
*** RIVER *** [Th 8h 5d Kc] [9s]
*** SHOW DOWN ***
19ARSENAL92: shows [Qh Kh] (a pair of Kings)
Muha4: shows [8d 8c] (three of a kind, Eights)
Muha4 collected $1.88 from pot
*** SUMMARY ***
Total pot $1.95 | Rake $0.07 
Board [Th 8h 5d Kc 9s]
Seat 1: Muha4 showed [8d 8c] and won ($1.88) with three of a kind, Eights
Seat 2: Idon'tgaf folded before Flop (didn't bet)
Seat 3: Nejcek89 (button) folded before Flop (didn't bet)
Seat 4: P4TRU (small blind) folded before Flop
Seat 5: LatinoLober (big blind) folded on the Flop
Seat 6: Mogol-Mogol folded before Flop (didn't bet)
Seat 7: Dorex2007 folded before Flop (didn't bet)
Seat 8: 19ARSENAL92 showed [Qh Kh] and lost with a pair of Kings
Seat 9: dvdhmstar folded before Flop (didn't bet)



PokerStars Hand #233838715990:  Hold'em No Limit ($0.01/$0.02 USD) - 2022/02/06 12:11:12 PT [2022/02/06 15:11:12 ET]
Table 'Lilliana IV' 9-max Seat #4 is the button
Seat 1: Muha4 ($1.88 in chips) 
Seat 2: Idon'tgaf ($3.06 in chips) 
Seat 3: Nejcek89 ($1.64 in chips) 
Seat 4: P4TRU ($4.15 in chips) 
Seat 5: LatinoLober ($2.43 in chips) 
Seat 6: Mogol-Mogol ($0.95 in chips) 
Seat 7: Dorex2007 ($2.37 in chips) 
Seat 8: 19ARSENAL92 ($1 in chips) 
Seat 9: dvdhmstar ($1.61 in chips) 
LatinoLober: posts small blind $0.01
Mogol-Mogol: posts big blind $0.02
*** HOLE CARDS ***
Dealt to Dorex2007 [9d 8c]
Dorex2007: folds 
19ARSENAL92: folds 
dvdhmstar: folds 
Muha4: folds 
Idon'tgaf: calls $0.02
Nejcek89: raises $0.32 to $0.34
P4TRU: folds 
LatinoLober: folds 
Mogol-Mogol: folds 
Idon'tgaf: folds 
Uncalled bet ($0.32) returned to Nejcek89
Nejcek89 collected $0.07 from pot
Nejcek89: doesn't show hand 
*** SUMMARY ***
Total pot $0.07 | Rake $0 
Seat 1: Muha4 folded before Flop (didn't bet)
Seat 2: Idon'tgaf folded before Flop
Seat 3: Nejcek89 collected ($0.07)
Seat 4: P4TRU (button) folded before Flop (didn't bet)
Seat 5: LatinoLober (small blind) folded before Flop
Seat 6: Mogol-Mogol (big blind) folded before Flop
Seat 7: Dorex2007 folded before Flop (didn't bet)
Seat 8: 19ARSENAL92 folded before Flop (didn't bet)
Seat 9: dvdhmstar folded before Flop (didn't bet)



PokerStars Hand #233838732404:  Hold'em No Limit ($0.01/$0.02 USD) - 2022/02/06 12:11:35 PT [2022/02/06 15:11:35 ET]
Table 'Lilliana IV' 9-max Seat #5 is the button
Seat 1: Muha4 ($1.88 in chips) 
Seat 2: Idon'tgaf ($3.04 in chips) 
Seat 3: Nejcek89 ($1.69 in chips) 
Seat 4: P4TRU ($4.15 in chips) 
Seat 5: LatinoLober ($2.42 in chips) 
Seat 6: Mogol-Mogol ($0.93 in chips) 
Seat 7: Dorex2007 ($2.37 in chips) 
Seat 8: 19ARSENAL92 ($1 in chips) 
Seat 9: dvdhmstar ($1.61 in chips) 
Mogol-Mogol: posts small blind $0.01
Dorex2007: posts big blind $0.02
*** HOLE CARDS ***
Dealt to Dorex2007 [5h Qs]
Idon'tgaf said, "stu pider than p4"
19ARSENAL92: raises $0.04 to $0.06
dvdhmstar: folds 
Muha4: folds 
Idon'tgaf: folds 
Nejcek89: folds 
P4TRU: folds 
LatinoLober: folds 
Mogol-Mogol: folds 
Dorex2007: folds 
Uncalled bet ($0.04) returned to 19ARSENAL92
19ARSENAL92 collected $0.05 from pot
19ARSENAL92: doesn't show hand 
*** SUMMARY ***
Total pot $0.05 | Rake $0 
Seat 1: Muha4 folded before Flop (didn't bet)
Seat 2: Idon'tgaf folded before Flop (didn't bet)
Seat 3: Nejcek89 folded before Flop (didn't bet)
Seat 4: P4TRU folded before Flop (didn't bet)
Seat 5: LatinoLober (button) folded before Flop (didn't bet)
Seat 6: Mogol-Mogol (small blind) folded before Flop
Seat 7: Dorex2007 (big blind) folded before Flop
Seat 8: 19ARSENAL92 collected ($0.05)
Seat 9: dvdhmstar folded before Flop (didn't bet)



PokerStars Hand #233838744081:  Hold'em No Limit ($0.01/$0.02 USD) - 2022/02/06 12:11:51 PT [2022/02/06 15:11:51 ET]
Table 'Lilliana IV' 9-max Seat #6 is the button
Seat 1: Muha4 ($1.88 in chips) 
Seat 2: Idon'tgaf ($3.04 in chips) 
Seat 3: Nejcek89 ($1.69 in chips) 
Seat 4: P4TRU ($4.15 in chips) 
Seat 6: Mogol-Mogol ($0.92 in chips) 
Seat 7: Dorex2007 ($2.35 in chips) 
Seat 8: 19ARSENAL92 ($1.03 in chips) 
Seat 9: dvdhmstar ($1.61 in chips) 
Dorex2007: posts small blind $0.01
19ARSENAL92: posts big blind $0.02
*** HOLE CARDS ***
Dealt to Dorex2007 [8s 7h]
dvdhmstar: folds 
Muha4: folds 
Idon'tgaf: folds 
Nejcek89: folds 
P4TRU: folds 
Mogol-Mogol: calls $0.02
Dorex2007: folds 
19ARSENAL92: checks 
*** FLOP *** [4h 7d Qh]
19ARSENAL92: checks 
Mogol-Mogol: bets $0.02
19ARSENAL92: calls $0.02
*** TURN *** [4h 7d Qh] [Ts]
19ARSENAL92: checks 
Mogol-Mogol: bets $0.02
19ARSENAL92: raises $0.07 to $0.09
Mogol-Mogol: calls $0.07
*** RIVER *** [4h 7d Qh Ts] [Qc]
19ARSENAL92: bets $0.18
Mogol-Mogol: raises $0.22 to $0.40
19ARSENAL92: raises $0.50 to $0.90 and is all-in
Mogol-Mogol: calls $0.39 and is all-in
Uncalled bet ($0.11) returned to 19ARSENAL92
*** SHOW DOWN ***
19ARSENAL92: shows [Qd 6d] (three of a kind, Queens)
Mogol-Mogol: shows [Qs Jh] (three of a kind, Queens - Jack kicker)
Mogol-Mogol collected $1.79 from pot
*** SUMMARY ***
Total pot $1.85 | Rake $0.06 
Board [4h 7d Qh Ts Qc]
Seat 1: Muha4 folded before Flop (didn't bet)
Seat 2: Idon'tgaf folded before Flop (didn't bet)
Seat 3: Nejcek89 folded before Flop (didn't bet)
Seat 4: P4TRU folded before Flop (didn't bet)
Seat 6: Mogol-Mogol (button) showed [Qs Jh] and won ($1.79) with three of a kind, Queens
Seat 7: Dorex2007 (small blind) folded before Flop
Seat 8: 19ARSENAL92 (big blind) showed [Qd 6d] and lost with three of a kind, Queens
Seat 9: dvdhmstar folded before Flop (didn't bet)



PokerStars Hand #233838781996:  Hold'em No Limit ($0.01/$0.02 USD) - 2022/02/06 12:12:44 PT [2022/02/06 15:12:44 ET]
Table 'Lilliana IV' 9-max Seat #7 is the button
Seat 1: Muha4 ($1.88 in chips) 
Seat 2: Idon'tgaf ($3.04 in chips) 
Seat 3: Nejcek89 ($1.69 in chips) 
Seat 4: P4TRU ($4.15 in chips) 
Seat 6: Mogol-Mogol ($1.79 in chips) 
Seat 7: Dorex2007 ($2.34 in chips) 
Seat 8: 19ARSENAL92 ($0.11 in chips) 
19ARSENAL92: posts small blind $0.01
dvdhmstar: is sitting out 
Muha4: posts big blind $0.02
*** HOLE CARDS ***
Dealt to Dorex2007 [Js 4c]
Idon'tgaf: folds 
Nejcek89: folds 
P4TRU: folds 
dvdhmstar leaves the table
Mogol-Mogol: calls $0.02
Dorex2007: folds 
19ARSENAL92: calls $0.01
Muha4: checks 
*** FLOP *** [9c Kd Qs]
19ARSENAL92: checks 
Muha4: checks 
Mogol-Mogol: checks 
*** TURN *** [9c Kd Qs] [Kh]
19ARSENAL92: bets $0.09 and is all-in
Muha4: folds 
Mogol-Mogol: calls $0.09
*** RIVER *** [9c Kd Qs Kh] [Ah]
*** SHOW DOWN ***
19ARSENAL92: shows [9s Qc] (two pair, Kings and Queens)
Mogol-Mogol: shows [Ad 2h] (two pair, Aces and Kings)
Mogol-Mogol collected $0.23 from pot
*** SUMMARY ***
Total pot $0.24 | Rake $0.01 
Board [9c Kd Qs Kh Ah]
Seat 1: Muha4 (big blind) folded on the Turn
Seat 2: Idon'tgaf folded before Flop (didn't bet)
Seat 3: Nejcek89 folded before Flop (didn't bet)
Seat 4: P4TRU folded before Flop (didn't bet)
Seat 6: Mogol-Mogol showed [Ad 2h] and won ($0.23) with two pair, Aces and Kings
Seat 7: Dorex2007 (button) folded before Flop (didn't bet)
Seat 8: 19ARSENAL92 (small blind) showed [9s Qc] and lost with two pair, Kings and Queens



PokerStars Hand #233838809190:  Hold'em No Limit ($0.01/$0.02 USD) - 2022/02/06 12:13:23 PT [2022/02/06 15:13:23 ET]
Table 'Lilliana IV' 9-max Seat #1 is the button
Seat 1: Muha4 ($1.86 in chips) 
Seat 2: Idon'tgaf ($3.04 in chips) 
Seat 3: Nejcek89 ($1.69 in chips) 
Seat 4: P4TRU ($4.15 in chips) 
Seat 5: LatinoLober ($2.42 in chips) 
Seat 6: Mogol-Mogol ($1.91 in chips) 
Seat 7: Dorex2007 ($2.34 in chips) 
Idon'tgaf: posts small blind $0.01
Nejcek89: posts big blind $0.02
*** HOLE CARDS ***
Dealt to Dorex2007 [2c Ad]
P4TRU: folds 
yjqian23 joins the table at seat #9 
19ARSENAL92 leaves the table
LatinoLober: folds 
Mogol-Mogol: folds 
Dorex2007: folds 
Muha4: calls $0.02
Idon'tgaf: raises $0.02 to $0.04
Nejcek89: folds 
Muha4: calls $0.02
*** FLOP *** [6s 3s 5c]
Idon'tgaf: bets $0.05
dj_ceci_01 joins the table at seat #8 
Muha4: calls $0.05
*** TURN *** [6s 3s 5c] [8s]
Idon'tgaf: checks 
Muha4: checks 
*** RIVER *** [6s 3s 5c 8s] [Js]
Idon'tgaf: bets $0.10
Muha4: folds 
Uncalled bet ($0.10) returned to Idon'tgaf
Idon'tgaf collected $0.19 from pot
Idon'tgaf: doesn't show hand 
*** SUMMARY ***
Total pot $0.20 | Rake $0.01 
Board [6s 3s 5c 8s Js]
Seat 1: Muha4 (button) folded on the River
Seat 2: Idon'tgaf (small blind) collected ($0.19)
Seat 3: Nejcek89 (big blind) folded before Flop
Seat 4: P4TRU folded before Flop (didn't bet)
Seat 5: LatinoLober folded before Flop (didn't bet)
Seat 6: Mogol-Mogol folded before Flop (didn't bet)
Seat 7: Dorex2007 folded before Flop (didn't bet)



PokerStars Hand #233838853486:  Hold'em No Limit ($0.01/$0.02 USD) - 2022/02/06 12:14:25 PT [2022/02/06 15:14:25 ET]
Table 'Lilliana IV' 9-max Seat #2 is the button
Seat 1: Muha4 ($1.77 in chips) 
Seat 2: Idon'tgaf ($3.14 in chips) 
Seat 3: Nejcek89 ($1.67 in chips) 
Seat 4: P4TRU ($4.15 in chips) 
Seat 5: LatinoLober ($2.42 in chips) 
Seat 6: Mogol-Mogol ($1.91 in chips) 
Seat 7: Dorex2007 ($2.34 in chips) 
Seat 9: yjqian23 ($2 in chips) 
Nejcek89: posts small blind $0.01
P4TRU: posts big blind $0.02
dj_ceci_01: sits out 
yjqian23: posts big blind $0.02
*** HOLE CARDS ***
Dealt to Dorex2007 [7h 9c]
LatinoLober: folds 
Mogol-Mogol: calls $0.02
Dorex2007: folds 
yjqian23: checks 
Muha4: folds 
Idon'tgaf: calls $0.02
Nejcek89: folds 
P4TRU: raises $0.14 to $0.16
Mogol-Mogol: folds 
yjqian23: folds 
Idon'tgaf: folds 
Uncalled bet ($0.14) returned to P4TRU
P4TRU collected $0.09 from pot
P4TRU: doesn't show hand 
*** SUMMARY ***
Total pot $0.09 | Rake $0 
Seat 1: Muha4 folded before Flop (didn't bet)
Seat 2: Idon'tgaf (button) folded before Flop
Seat 3: Nejcek89 (small blind) folded before Flop
Seat 4: P4TRU (big blind) collected ($0.09)
Seat 5: LatinoLober folded before Flop (didn't bet)
Seat 6: Mogol-Mogol folded before Flop
Seat 7: Dorex2007 folded before Flop (didn't bet)
Seat 9: yjqian23 folded before Flop (didn't bet)



PokerStars Hand #233838870354:  Hold'em No Limit ($0.01/$0.02 USD) - 2022/02/06 12:14:49 PT [2022/02/06 15:14:49 ET]
Table 'Lilliana IV' 9-max Seat #3 is the button
Seat 1: Muha4 ($1.77 in chips) 
Seat 2: Idon'tgaf ($3.12 in chips) 
Seat 3: Nejcek89 ($1.66 in chips) 
Seat 4: P4TRU ($4.22 in chips) 
Seat 5: LatinoLober ($2.42 in chips) 
Seat 6: Mogol-Mogol ($1.89 in chips) 
Seat 7: Dorex2007 ($2.34 in chips) 
Seat 9: yjqian23 ($1.98 in chips) 
P4TRU: posts small blind $0.01
LatinoLober: posts big blind $0.02
dj_ceci_01: sits out 
*** HOLE CARDS ***
Dealt to Dorex2007 [7d Ts]
Mogol-Mogol: folds 
Dorex2007: folds 
yjqian23: calls $0.02
Muha4: folds 
Idon'tgaf: folds 
Nejcek89: calls $0.02
P4TRU: raises $0.14 to $0.16
LatinoLober: folds 
yjqian23: folds 
Nejcek89: folds 
Uncalled bet ($0.14) returned to P4TRU
P4TRU collected $0.08 from pot
P4TRU: doesn't show hand 
*** SUMMARY ***
Total pot $0.08 | Rake $0 
Seat 1: Muha4 folded before Flop (didn't bet)
Seat 2: Idon'tgaf folded before Flop (didn't bet)
Seat 3: Nejcek89 (button) folded before Flop
Seat 4: P4TRU (small blind) collected ($0.08)
Seat 5: LatinoLober (big blind) folded before Flop
Seat 6: Mogol-Mogol folded before Flop (didn't bet)
Seat 7: Dorex2007 folded before Flop (didn't bet)
Seat 9: yjqian23 folded before Flop



PokerStars Hand #233838888173:  Hold'em No Limit ($0.01/$0.02 USD) - 2022/02/06 12:15:14 PT [2022/02/06 15:15:14 ET]
Table 'Lilliana IV' 9-max Seat #4 is the button
Seat 1: Muha4 ($1.77 in chips) 
Seat 2: Idon'tgaf ($3.12 in chips) 
Seat 3: Nejcek89 ($1.64 in chips) 
Seat 4: P4TRU ($4.28 in chips) 
Seat 5: LatinoLober ($2.40 in chips) 
Seat 6: Mogol-Mogol ($1.89 in chips) 
Seat 7: Dorex2007 ($2.34 in chips) 
Seat 9: yjqian23 ($1.96 in chips) 
LatinoLober: posts small blind $0.01
Mogol-Mogol: posts big blind $0.02
dj_ceci_01: sits out 
*** HOLE CARDS ***
Dealt to Dorex2007 [Ac 7c]
Dorex2007: folds 
yjqian23: folds 
Muha4: folds 
Idon'tgaf: calls $0.02
Nejcek89: folds 
P4TRU: folds 
LatinoLober: calls $0.01
Mogol-Mogol: checks 
*** FLOP *** [9s 7d 6s]
LatinoLober: bets $0.03
Mogol-Mogol: calls $0.03
Idon'tgaf: calls $0.03
*** TURN *** [9s 7d 6s] [Jh]
LatinoLober: bets $0.08
Mogol-Mogol: calls $0.08
Idon'tgaf: folds 
*** RIVER *** [9s 7d 6s Jh] [2h]
LatinoLober: bets $0.15
Mogol-Mogol: calls $0.15
*** SHOW DOWN ***
LatinoLober: shows [6d 8d] (a pair of Sixes)
Mogol-Mogol: shows [8h Jc] (a pair of Jacks)
Mogol-Mogol collected $0.59 from pot
*** SUMMARY ***
Total pot $0.61 | Rake $0.02 
Board [9s 7d 6s Jh 2h]
Seat 1: Muha4 folded before Flop (didn't bet)
Seat 2: Idon'tgaf folded on the Turn
Seat 3: Nejcek89 folded before Flop (didn't bet)
Seat 4: P4TRU (button) folded before Flop (didn't bet)
Seat 5: LatinoLober (small blind) showed [6d 8d] and lost with a pair of Sixes
Seat 6: Mogol-Mogol (big blind) showed [8h Jc] and won ($0.59) with a pair of Jacks
Seat 7: Dorex2007 folded before Flop (didn't bet)
Seat 9: yjqian23 folded before Flop (didn't bet)



PokerStars Hand #233838917871:  Hold'em No Limit ($0.01/$0.02 USD) - 2022/02/06 12:15:56 PT [2022/02/06 15:15:56 ET]
Table 'Lilliana IV' 9-max Seat #5 is the button
Seat 1: Muha4 ($1.77 in chips) 
Seat 2: Idon'tgaf ($3.07 in chips) 
Seat 3: Nejcek89 ($1.64 in chips) 
Seat 4: P4TRU ($4.28 in chips) 
Seat 5: LatinoLober ($2.12 in chips) 
Seat 6: Mogol-Mogol ($2.20 in chips) 
Seat 7: Dorex2007 ($2.34 in chips) 
Seat 9: yjqian23 ($1.96 in chips) 
Mogol-Mogol: posts small blind $0.01
Dorex2007: posts big blind $0.02
dj_ceci_01: sits out 
*** HOLE CARDS ***
Dealt to Dorex2007 [6d 4s]
yjqian23: folds 
Muha4: folds 
Idon'tgaf: calls $0.02
Nejcek89: folds 
P4TRU: calls $0.02
LatinoLober: calls $0.02
Mogol-Mogol: calls $0.01
Dorex2007: checks 
*** FLOP *** [Jh Ts 8c]
Mogol-Mogol: checks 
Dorex2007: checks 
Idon'tgaf: bets $0.04
P4TRU: folds 
LatinoLober: folds 
Mogol-Mogol: folds 
Dorex2007: folds 
Uncalled bet ($0.04) returned to Idon'tgaf
Idon'tgaf collected $0.10 from pot
Idon'tgaf: doesn't show hand 
*** SUMMARY ***
Total pot $0.10 | Rake $0 
Board [Jh Ts 8c]
Seat 1: Muha4 folded before Flop (didn't bet)
Seat 2: Idon'tgaf collected ($0.10)
Seat 3: Nejcek89 folded before Flop (didn't bet)
Seat 4: P4TRU folded on the Flop
Seat 5: LatinoLober (button) folded on the Flop
Seat 6: Mogol-Mogol (small blind) folded on the Flop
Seat 7: Dorex2007 (big blind) folded on the Flop
Seat 9: yjqian23 folded before Flop (didn't bet)



PokerStars Hand #233838940752:  Hold'em No Limit ($0.01/$0.02 USD) - 2022/02/06 12:16:28 PT [2022/02/06 15:16:28 ET]
Table 'Lilliana IV' 9-max Seat #6 is the button
Seat 1: Muha4 ($1.77 in chips) 
Seat 2: Idon'tgaf ($3.15 in chips) 
Seat 3: Nejcek89 ($1.64 in chips) 
Seat 4: P4TRU ($4.26 in chips) 
Seat 5: LatinoLober ($2.10 in chips) 
Seat 6: Mogol-Mogol ($2.18 in chips) 
Seat 7: Dorex2007 ($2.32 in chips) 
Seat 8: dj_ceci_01 ($1.02 in chips) 
Seat 9: yjqian23 ($1.96 in chips) 
Dorex2007: posts small blind $0.01
dj_ceci_01: posts big blind $0.02
*** HOLE CARDS ***
Dealt to Dorex2007 [7h 5s]
yjqian23: folds 
Muha4: raises $0.02 to $0.04
Idon'tgaf: calls $0.04
Nejcek89: folds 
P4TRU: folds 
LatinoLober: calls $0.04
Mogol-Mogol: folds 
Dorex2007: folds 
dj_ceci_01: calls $0.02
*** FLOP *** [3d 7d 6d]
dj_ceci_01: checks 
Muha4: checks 
Idon'tgaf: bets $0.06
LatinoLober: calls $0.06
dj_ceci_01: folds 
Muha4: folds 
*** TURN *** [3d 7d 6d] [6h]
Idon'tgaf: bets $0.10
LatinoLober: folds 
Uncalled bet ($0.10) returned to Idon'tgaf
Idon'tgaf collected $0.28 from pot
Idon'tgaf: doesn't show hand 
*** SUMMARY ***
Total pot $0.29 | Rake $0.01 
Board [3d 7d 6d 6h]
Seat 1: Muha4 folded on the Flop
Seat 2: Idon'tgaf collected ($0.28)
Seat 3: Nejcek89 folded before Flop (didn't bet)
Seat 4: P4TRU folded before Flop (didn't bet)
Seat 5: LatinoLober folded on the Turn
Seat 6: Mogol-Mogol (button) folded before Flop (didn't bet)
Seat 7: Dorex2007 (small blind) folded before Flop
Seat 8: dj_ceci_01 (big blind) folded on the Flop
Seat 9: yjqian23 folded before Flop (didn't bet)



PokerStars Hand #233838973910:  Hold'em No Limit ($0.01/$0.02 USD) - 2022/02/06 12:17:15 PT [2022/02/06 15:17:15 ET]
Table 'Lilliana IV' 9-max Seat #7 is the button
Seat 1: Muha4 ($1.73 in chips) 
Seat 2: Idon'tgaf ($3.33 in chips) 
Seat 3: Nejcek89 ($1.64 in chips) 
Seat 4: P4TRU ($4.26 in chips) 
Seat 5: LatinoLober ($2 in chips) 
Seat 6: Mogol-Mogol ($2.18 in chips) 
Seat 7: Dorex2007 ($2.31 in chips) 
Seat 8: dj_ceci_01 ($0.98 in chips) 
Seat 9: yjqian23 ($1.96 in chips) 
dj_ceci_01: posts small blind $0.01
yjqian23: posts big blind $0.02
*** HOLE CARDS ***
Dealt to Dorex2007 [2d Kc]
Muha4: folds 
Idon'tgaf: calls $0.02
Nejcek89: folds 
P4TRU: folds 
LatinoLober: folds 
Mogol-Mogol: calls $0.02
Dorex2007: folds 
dj_ceci_01: folds 
yjqian23: checks 
*** FLOP *** [3s Ah Qd]
yjqian23: checks 
Idon'tgaf: bets $0.02
Mogol-Mogol: calls $0.02
yjqian23: folds 
*** TURN *** [3s Ah Qd] [9s]
Idon'tgaf: checks 
Mogol-Mogol: bets $0.06
Idon'tgaf: folds 
Uncalled bet ($0.06) returned to Mogol-Mogol
Mogol-Mogol collected $0.11 from pot
Mogol-Mogol: doesn't show hand 
*** SUMMARY ***
Total pot $0.11 | Rake $0 
Board [3s Ah Qd 9s]
Seat 1: Muha4 folded before Flop (didn't bet)
Seat 2: Idon'tgaf folded on the Turn
Seat 3: Nejcek89 folded before Flop (didn't bet)
Seat 4: P4TRU folded before Flop (didn't bet)
Seat 5: LatinoLober folded before Flop (didn't bet)
Seat 6: Mogol-Mogol collected ($0.11)
Seat 7: Dorex2007 (button) folded before Flop (didn't bet)
Seat 8: dj_ceci_01 (small blind) folded before Flop
Seat 9: yjqian23 (big blind) folded on the Flop



PokerStars Hand #233839001597:  Hold'em No Limit ($0.01/$0.02 USD) - 2022/02/06 12:17:54 PT [2022/02/06 15:17:54 ET]
Table 'Lilliana IV' 9-max Seat #8 is the button
Seat 1: Muha4 ($1.73 in chips) 
Seat 2: Idon'tgaf ($3.29 in chips) 
Seat 3: Nejcek89 ($1.64 in chips) 
Seat 4: P4TRU ($4.26 in chips) 
Seat 5: LatinoLober ($2 in chips) 
Seat 6: Mogol-Mogol ($2.25 in chips) 
Seat 7: Dorex2007 ($2.31 in chips) 
Seat 8: dj_ceci_01 ($0.97 in chips) 
Seat 9: yjqian23 ($1.94 in chips) 
yjqian23: posts small blind $0.01
Muha4: posts big blind $0.02
*** HOLE CARDS ***
Dealt to Dorex2007 [7c 3s]
Idon'tgaf: calls $0.02
Nejcek89: folds 
P4TRU: raises $0.08 to $0.10
LatinoLober: calls $0.10
Mogol-Mogol: folds 
Dorex2007: folds 
dj_ceci_01: folds 
yjqian23: folds 
Muha4: folds 
Idon'tgaf: calls $0.08
*** FLOP *** [Jh 6d Qd]
Idon'tgaf: checks 
P4TRU: checks 
LatinoLober: checks 
*** TURN *** [Jh 6d Qd] [4s]
Idon'tgaf: bets $0.10
P4TRU: calls $0.10
LatinoLober: folds 
*** RIVER *** [Jh 6d Qd 4s] [Ks]
Idon'tgaf: checks 
P4TRU: bets $0.56
Idon'tgaf: folds 
Uncalled bet ($0.56) returned to P4TRU
P4TRU collected $0.51 from pot
P4TRU: doesn't show hand 
*** SUMMARY ***
Total pot $0.53 | Rake $0.02 
Board [Jh 6d Qd 4s Ks]
Seat 1: Muha4 (big blind) folded before Flop
Seat 2: Idon'tgaf folded on the River
Seat 3: Nejcek89 folded before Flop (didn't bet)
Seat 4: P4TRU collected ($0.51)
Seat 5: LatinoLober folded on the Turn
Seat 6: Mogol-Mogol folded before Flop (didn't bet)
Seat 7: Dorex2007 folded before Flop (didn't bet)
Seat 8: dj_ceci_01 (button) folded before Flop (didn't bet)
Seat 9: yjqian23 (small blind) folded before Flop



PokerStars Hand #233839048823:  Hold'em No Limit ($0.01/$0.02 USD) - 2022/02/06 12:19:01 PT [2022/02/06 15:19:01 ET]
Table 'Lilliana IV' 9-max Seat #9 is the button
Seat 1: Muha4 ($1.71 in chips) 
Seat 2: Idon'tgaf ($3.09 in chips) 
Seat 3: Nejcek89 ($1.64 in chips) 
Seat 4: P4TRU ($4.57 in chips) 
Seat 5: LatinoLober ($1.90 in chips) 
Seat 6: Mogol-Mogol ($2.25 in chips) 
Seat 7: Dorex2007 ($2.31 in chips) 
Seat 8: dj_ceci_01 ($0.97 in chips) 
Seat 9: yjqian23 ($1.93 in chips) 
Muha4: posts small blind $0.01
Idon'tgaf: posts big blind $0.02
*** HOLE CARDS ***
Dealt to Dorex2007 [Kh 9d]
Nejcek89: folds 
P4TRU: raises $0.04 to $0.06
LatinoLober: folds 
Mogol-Mogol: folds 
Dorex2007: folds 
dj_ceci_01: folds 
yjqian23: folds 
Muha4: folds 
Idon'tgaf: calls $0.04
*** FLOP *** [4h 9h 3d]
Idon'tgaf: checks 
P4TRU: bets $0.02
Idon'tgaf: calls $0.02
*** TURN *** [4h 9h 3d] [4s]
Idon'tgaf: checks 
P4TRU: checks 
*** RIVER *** [4h 9h 3d 4s] [Jd]
Idon'tgaf: bets $0.16
P4TRU: folds 
Uncalled bet ($0.16) returned to Idon'tgaf
Idon'tgaf collected $0.16 from pot
Idon'tgaf: doesn't show hand 
*** SUMMARY ***
Total pot $0.17 | Rake $0.01 
Board [4h 9h 3d 4s Jd]
Seat 1: Muha4 (small blind) folded before Flop
Seat 2: Idon'tgaf (big blind) collected ($0.16)
Seat 3: Nejcek89 folded before Flop (didn't bet)
Seat 4: P4TRU folded on the River
Seat 5: LatinoLober folded before Flop (didn't bet)
Seat 6: Mogol-Mogol folded before Flop (didn't bet)
Seat 7: Dorex2007 folded before Flop (didn't bet)
Seat 8: dj_ceci_01 folded before Flop (didn't bet)
Seat 9: yjqian23 (button) folded before Flop (didn't bet)



PokerStars Hand #233839075845:  Hold'em No Limit ($0.01/$0.02 USD) - 2022/02/06 12:19:40 PT [2022/02/06 15:19:40 ET]
Table 'Lilliana IV' 9-max Seat #1 is the button
Seat 1: Muha4 ($1.70 in chips) 
Seat 2: Idon'tgaf ($3.17 in chips) 
Seat 3: Nejcek89 ($1.64 in chips) 
Seat 4: P4TRU ($4.49 in chips) 
Seat 5: LatinoLober ($1.90 in chips) 
Seat 6: Mogol-Mogol ($2.25 in chips) 
Seat 7: Dorex2007 ($2.31 in chips) 
Seat 8: dj_ceci_01 ($0.97 in chips) 
Seat 9: yjqian23 ($1.93 in chips) 
Idon'tgaf: posts small blind $0.01
Nejcek89: posts big blind $0.02
*** HOLE CARDS ***
Dealt to Dorex2007 [3s 7s]
P4TRU: calls $0.02
LatinoLober: raises $0.06 to $0.08
Mogol-Mogol: folds 
Dorex2007: folds 
dj_ceci_01: folds 
yjqian23: folds 
Muha4: folds 
Idon'tgaf: calls $0.07
Nejcek89: folds 
P4TRU: calls $0.06
*** FLOP *** [Qc Ac 6s]
Idon'tgaf: checks 
P4TRU: checks 
LatinoLober: checks 
*** TURN *** [Qc Ac 6s] [2s]
Idon'tgaf: checks 
P4TRU: checks 
LatinoLober: bets $0.13
Idon'tgaf: folds 
P4TRU: folds 
Uncalled bet ($0.13) returned to LatinoLober
LatinoLober collected $0.25 from pot
*** SUMMARY ***
Total pot $0.26 | Rake $0.01 
Board [Qc Ac 6s 2s]
Seat 1: Muha4 (button) folded before Flop (didn't bet)
Seat 2: Idon'tgaf (small blind) folded on the Turn
Seat 3: Nejcek89 (big blind) folded before Flop
Seat 4: P4TRU folded on the Turn
Seat 5: LatinoLober collected ($0.25)
Seat 6: Mogol-Mogol folded before Flop (didn't bet)
Seat 7: Dorex2007 folded before Flop (didn't bet)
Seat 8: dj_ceci_01 folded before Flop (didn't bet)
Seat 9: yjqian23 folded before Flop (didn't bet)



PokerStars Hand #233839109335:  Hold'em No Limit ($0.01/$0.02 USD) - 2022/02/06 12:20:27 PT [2022/02/06 15:20:27 ET]
Table 'Lilliana IV' 9-max Seat #2 is the button
Seat 1: Muha4 ($1.70 in chips) 
Seat 2: Idon'tgaf ($3.09 in chips) 
Seat 3: Nejcek89 ($1.62 in chips) 
Seat 4: P4TRU ($4.41 in chips) 
Seat 5: LatinoLober ($2.07 in chips) 
Seat 6: Mogol-Mogol ($2.25 in chips) 
Seat 7: Dorex2007 ($2.31 in chips) 
Seat 8: dj_ceci_01 ($0.97 in chips) 
Seat 9: yjqian23 ($1.93 in chips) 
Nejcek89: posts small blind $0.01
P4TRU: posts big blind $0.02
*** HOLE CARDS ***
Dealt to Dorex2007 [7s 5c]
LatinoLober: folds 
Mogol-Mogol: calls $0.02
Dorex2007: folds 
dj_ceci_01: folds 
yjqian23: folds 
Muha4: calls $0.02
Idon'tgaf: calls $0.02
Nejcek89: calls $0.01
P4TRU: checks 
*** FLOP *** [2h 5h 7h]
Nejcek89: checks 
P4TRU: checks 
Mogol-Mogol: checks 
Muha4: checks 
Idon'tgaf: bets $0.04
Nejcek89: folds 
P4TRU: folds 
Mogol-Mogol: calls $0.04
Muha4: calls $0.04
*** TURN *** [2h 5h 7h] [6c]
Mogol-Mogol: checks 
Muha4: checks 
Idon'tgaf: bets $0.10
Mogol-Mogol: calls $0.10
Muha4: calls $0.10
*** RIVER *** [2h 5h 7h 6c] [Ac]
Mogol-Mogol: checks 
Muha4: checks 
Idon'tgaf: bets $0.30
Mogol-Mogol: folds 
Muha4: calls $0.30
*** SHOW DOWN ***
Idon'tgaf: shows [Qh Kh] (a flush, King high)
Muha4: mucks hand 
Idon'tgaf collected $1.08 from pot
*** SUMMARY ***
Total pot $1.12 | Rake $0.04 
Board [2h 5h 7h 6c Ac]
Seat 1: Muha4 mucked [6s 6h]
Seat 2: Idon'tgaf (button) showed [Qh Kh] and won ($1.08) with a flush, King high
Seat 3: Nejcek89 (small blind) folded on the Flop
Seat 4: P4TRU (big blind) folded on the Flop
Seat 5: LatinoLober folded before Flop (didn't bet)
Seat 6: Mogol-Mogol folded on the River
Seat 7: Dorex2007 folded before Flop (didn't bet)
Seat 8: dj_ceci_01 folded before Flop (didn't bet)
Seat 9: yjqian23 folded before Flop (didn't bet)



PokerStars Hand #233839165720:  Hold'em No Limit ($0.01/$0.02 USD) - 2022/02/06 12:21:46 PT [2022/02/06 15:21:46 ET]
Table 'Lilliana IV' 9-max Seat #3 is the button
Seat 1: Muha4 ($1.24 in chips) 
Seat 2: Idon'tgaf ($3.71 in chips) 
Seat 3: Nejcek89 ($1.60 in chips) 
Seat 4: P4TRU ($4.39 in chips) 
Seat 5: LatinoLober ($2.07 in chips) 
Seat 6: Mogol-Mogol ($2.09 in chips) 
Seat 7: Dorex2007 ($2.31 in chips) 
Seat 8: dj_ceci_01 ($0.97 in chips) 
Seat 9: yjqian23 ($1.93 in chips) 
P4TRU: posts small blind $0.01
LatinoLober: posts big blind $0.02
*** HOLE CARDS ***
Dealt to Dorex2007 [9d 7h]
Mogol-Mogol: calls $0.02
Dorex2007: folds 
dj_ceci_01: calls $0.02
yjqian23: folds 
Muha4: calls $0.02
Idon'tgaf: calls $0.02
Nejcek89: folds 
P4TRU: calls $0.01
LatinoLober: checks 
*** FLOP *** [3c 9c 6d]
P4TRU: checks 
LatinoLober: bets $0.06
Mogol-Mogol: folds 
dj_ceci_01: folds 
Muha4: calls $0.06
Idon'tgaf: calls $0.06
P4TRU: folds 
*** TURN *** [3c 9c 6d] [9h]
LatinoLober: checks 
Muha4: checks 
Idon'tgaf: bets $0.14
LatinoLober: folds 
Muha4: folds 
Uncalled bet ($0.14) returned to Idon'tgaf
Idon'tgaf collected $0.29 from pot
Idon'tgaf: doesn't show hand 
*** SUMMARY ***
Total pot $0.30 | Rake $0.01 
Board [3c 9c 6d 9h]
Seat 1: Muha4 folded on the Turn
Seat 2: Idon'tgaf collected ($0.29)
Seat 3: Nejcek89 (button) folded before Flop (didn't bet)
Seat 4: P4TRU (small blind) folded on the Flop
Seat 5: LatinoLober (big blind) folded on the Turn
Seat 6: Mogol-Mogol folded on the Flop
Seat 7: Dorex2007 folded before Flop (didn't bet)
Seat 8: dj_ceci_01 folded on the Flop
Seat 9: yjqian23 folded before Flop (didn't bet)



PokerStars Hand #233839208786:  Hold'em No Limit ($0.01/$0.02 USD) - 2022/02/06 12:22:47 PT [2022/02/06 15:22:47 ET]
Table 'Lilliana IV' 9-max Seat #4 is the button
Seat 1: Muha4 ($1.16 in chips) 
Seat 2: Idon'tgaf ($3.92 in chips) 
Seat 3: Nejcek89 ($1.60 in chips) 
Seat 4: P4TRU ($4.37 in chips) 
Seat 5: LatinoLober ($1.99 in chips) 
Seat 6: Mogol-Mogol ($2.07 in chips) 
Seat 7: Dorex2007 ($2.31 in chips) 
Seat 8: dj_ceci_01 ($0.95 in chips) 
Seat 9: yjqian23 ($1.93 in chips) 
LatinoLober: posts small blind $0.01
Mogol-Mogol: posts big blind $0.02
*** HOLE CARDS ***
Dealt to Dorex2007 [4s 9h]
Dorex2007: folds 
dj_ceci_01 has timed out
dj_ceci_01: folds 
yjqian23: folds 
Muha4: raises $0.02 to $0.04
Idon'tgaf: calls $0.04
Nejcek89: folds 
P4TRU: raises $0.12 to $0.16
LatinoLober: folds 
Mogol-Mogol: folds 
Muha4: calls $0.12
Idon'tgaf: calls $0.12
*** FLOP *** [7s Kd 3d]
Muha4: checks 
Idon'tgaf: checks 
P4TRU: checks 
*** TURN *** [7s Kd 3d] [5s]
Muha4: bets $0.24
Idon'tgaf: calls $0.24
P4TRU: calls $0.24
*** RIVER *** [7s Kd 3d 5s] [8s]
Muha4: checks 
Idon'tgaf: checks 
P4TRU: checks 
*** SHOW DOWN ***
Muha4: shows [Kh As] (a pair of Kings)
Idon'tgaf: mucks hand 
P4TRU: mucks hand 
Muha4 collected $1.19 from pot
*** SUMMARY ***
Total pot $1.23 | Rake $0.04 
Board [7s Kd 3d 5s 8s]
Seat 1: Muha4 showed [Kh As] and won ($1.19) with a pair of Kings
Seat 2: Idon'tgaf mucked [7h Ac]
Seat 3: Nejcek89 folded before Flop (didn't bet)
Seat 4: P4TRU (button) mucked [6d 6c]
Seat 5: LatinoLober (small blind) folded before Flop
Seat 6: Mogol-Mogol (big blind) folded before Flop
Seat 7: Dorex2007 folded before Flop (didn't bet)
Seat 8: dj_ceci_01 folded before Flop (didn't bet)
Seat 9: yjqian23 folded before Flop (didn't bet)



PokerStars Hand #233839257770:  Hold'em No Limit ($0.01/$0.02 USD) - 2022/02/06 12:23:56 PT [2022/02/06 15:23:56 ET]
Table 'Lilliana IV' 9-max Seat #5 is the button
Seat 1: Muha4 ($1.95 in chips) 
Seat 2: Idon'tgaf ($3.52 in chips) 
Seat 3: Nejcek89 ($1.60 in chips) 
Seat 4: P4TRU ($3.97 in chips) 
Seat 5: LatinoLober ($1.98 in chips) 
Seat 6: Mogol-Mogol ($2.05 in chips) 
Seat 7: Dorex2007 ($2.31 in chips) 
Seat 8: dj_ceci_01 ($0.95 in chips) 
Seat 9: yjqian23 ($1.93 in chips) 
Mogol-Mogol: posts small blind $0.01
Dorex2007: posts big blind $0.02
*** HOLE CARDS ***
Dealt to Dorex2007 [2s Ac]
dj_ceci_01: folds 
yjqian23: folds 
Muha4: calls $0.02
Idon'tgaf: calls $0.02
Nejcek89: folds 
P4TRU: folds 
LatinoLober: folds 
Mogol-Mogol: calls $0.01
Dorex2007: checks 
*** FLOP *** [5h 7c 6c]
Mogol-Mogol: bets $0.02
Dorex2007: folds 
Muha4: raises $0.02 to $0.04
Idon'tgaf: calls $0.04
Mogol-Mogol: calls $0.02
*** TURN *** [5h 7c 6c] [2d]
Mogol-Mogol: bets $0.02
Muha4: raises $0.11 to $0.13
Idon'tgaf: calls $0.13
Mogol-Mogol: calls $0.11
*** RIVER *** [5h 7c 6c 2d] [Kh]
Mogol-Mogol: checks 
Muha4: bets $0.27
Idon'tgaf: folds 
Mogol-Mogol: folds 
Uncalled bet ($0.27) returned to Muha4
Muha4 collected $0.57 from pot
*** SUMMARY ***
Total pot $0.59 | Rake $0.02 
Board [5h 7c 6c 2d Kh]
Seat 1: Muha4 collected ($0.57)
Seat 2: Idon'tgaf folded on the River
Seat 3: Nejcek89 folded before Flop (didn't bet)
Seat 4: P4TRU folded before Flop (didn't bet)
Seat 5: LatinoLober (button) folded before Flop (didn't bet)
Seat 6: Mogol-Mogol (small blind) folded on the River
Seat 7: Dorex2007 (big blind) folded on the Flop
Seat 8: dj_ceci_01 folded before Flop (didn't bet)
Seat 9: yjqian23 folded before Flop (didn't bet)



PokerStars Hand #233839289880:  Hold'em No Limit ($0.01/$0.02 USD) - 2022/02/06 12:24:41 PT [2022/02/06 15:24:41 ET]
Table 'Lilliana IV' 9-max Seat #6 is the button
Seat 1: Muha4 ($2.33 in chips) 
Seat 2: Idon'tgaf ($3.33 in chips) 
Seat 3: Nejcek89 ($1.60 in chips) 
Seat 4: P4TRU ($3.97 in chips) 
Seat 5: LatinoLober ($1.98 in chips) 
Seat 6: Mogol-Mogol ($1.86 in chips) 
Seat 7: Dorex2007 ($2.29 in chips) 
Seat 8: dj_ceci_01 ($0.95 in chips) 
Seat 9: yjqian23 ($1.93 in chips) 
Dorex2007: posts small blind $0.01
dj_ceci_01: posts big blind $0.02
*** HOLE CARDS ***
Dealt to Dorex2007 [7h 5s]
yjqian23: folds 
Muha4: calls $0.02
Idon'tgaf: calls $0.02
Nejcek89: folds 
P4TRU: calls $0.02
LatinoLober: folds 
Mogol-Mogol: calls $0.02
Dorex2007: folds 
dj_ceci_01: checks 
*** FLOP *** [6c Qc Ks]
dj_ceci_01: checks 
Muha4: checks 
Idon'tgaf: checks 
P4TRU: bets $0.02
Mogol-Mogol: folds 
dj_ceci_01: calls $0.02
Muha4: folds 
Idon'tgaf: calls $0.02
*** TURN *** [6c Qc Ks] [4c]
dj_ceci_01: checks 
Idon'tgaf: checks 
P4TRU: bets $0.02
dj_ceci_01: folds 
Idon'tgaf: raises $0.08 to $0.10
P4TRU: folds 
Uncalled bet ($0.08) returned to Idon'tgaf
Idon'tgaf collected $0.20 from pot
Idon'tgaf: doesn't show hand 
*** SUMMARY ***
Total pot $0.21 | Rake $0.01 
Board [6c Qc Ks 4c]
Seat 1: Muha4 folded on the Flop
Seat 2: Idon'tgaf collected ($0.20)
Seat 3: Nejcek89 folded before Flop (didn't bet)
Seat 4: P4TRU folded on the Turn
Seat 5: LatinoLober folded before Flop (didn't bet)
Seat 6: Mogol-Mogol (button) folded on the Flop
Seat 7: Dorex2007 (small blind) folded before Flop
Seat 8: dj_ceci_01 (big blind) folded on the Turn
Seat 9: yjqian23 folded before Flop (didn't bet)



PokerStars Hand #233839350594:  Hold'em No Limit ($0.01/$0.02 USD) - 2022/02/06 12:26:07 PT [2022/02/06 15:26:07 ET]
Table 'Lilliana IV' 9-max Seat #7 is the button
Seat 1: Muha4 ($2.31 in chips) 
Seat 2: Idon'tgaf ($3.47 in chips) 
Seat 3: Nejcek89 ($1.60 in chips) 
Seat 4: P4TRU ($3.91 in chips) 
Seat 5: LatinoLober ($1.98 in chips) 
Seat 6: Mogol-Mogol ($1.84 in chips) 
Seat 7: Dorex2007 ($2.28 in chips) 
Seat 8: dj_ceci_01 ($0.91 in chips) 
Seat 9: yjqian23 ($1.93 in chips) 
dj_ceci_01: posts small blind $0.01
yjqian23: posts big blind $0.02
*** HOLE CARDS ***
Dealt to Dorex2007 [2h Ah]
Muha4: calls $0.02
Idon'tgaf: calls $0.02
Nejcek89: folds 
P4TRU: folds 
LatinoLober: folds 
Mogol-Mogol: calls $0.02
Dorex2007: folds 
dj_ceci_01: calls $0.01
yjqian23: checks 
*** FLOP *** [9d 4s 4c]
dj_ceci_01: checks 
yjqian23: bets $0.02
Muha4: calls $0.02
Idon'tgaf: folds 
Mogol-Mogol: calls $0.02
dj_ceci_01: calls $0.02
*** TURN *** [9d 4s 4c] [Jd]
dj_ceci_01: checks 
yjqian23: bets $0.02
Muha4: folds 
Mogol-Mogol: calls $0.02
dj_ceci_01: calls $0.02
*** RIVER *** [9d 4s 4c Jd] [4d]
dj_ceci_01: bets $0.12
yjqian23: folds 
Mogol-Mogol: folds 
Uncalled bet ($0.12) returned to dj_ceci_01
dj_ceci_01 collected $0.23 from pot
dj_ceci_01: doesn't show hand 
*** SUMMARY ***
Total pot $0.24 | Rake $0.01 
Board [9d 4s 4c Jd 4d]
Seat 1: Muha4 folded on the Turn
Seat 2: Idon'tgaf folded on the Flop
Seat 3: Nejcek89 folded before Flop (didn't bet)
Seat 4: P4TRU folded before Flop (didn't bet)
Seat 5: LatinoLober folded before Flop (didn't bet)
Seat 6: Mogol-Mogol folded on the River
Seat 7: Dorex2007 (button) folded before Flop (didn't bet)
Seat 8: dj_ceci_01 (small blind) collected ($0.23)
Seat 9: yjqian23 (big blind) folded on the River



PokerStars Hand #233839396708:  Hold'em No Limit ($0.01/$0.02 USD) - 2022/02/06 12:27:12 PT [2022/02/06 15:27:12 ET]
Table 'Lilliana IV' 9-max Seat #8 is the button
Seat 1: Muha4 ($2.27 in chips) 
Seat 2: Idon'tgaf ($3.45 in chips) 
Seat 3: Nejcek89 ($1.60 in chips) 
Seat 4: P4TRU ($3.91 in chips) 
Seat 5: LatinoLober ($1.98 in chips) 
Seat 6: Mogol-Mogol ($1.78 in chips) 
Seat 7: Dorex2007 ($2.28 in chips) 
Seat 8: dj_ceci_01 ($1.08 in chips) 
Seat 9: yjqian23 ($1.87 in chips) 
yjqian23: posts small blind $0.01
Muha4: posts big blind $0.02
*** HOLE CARDS ***
Dealt to Dorex2007 [7s Kd]
Idon'tgaf: calls $0.02
Nejcek89: folds 
P4TRU: folds 
LatinoLober: folds 
Mogol-Mogol: folds 
Dorex2007: folds 
dj_ceci_01: folds 
yjqian23: calls $0.01
Muha4: checks 
*** FLOP *** [9d 4h 4c]
yjqian23: checks 
Muha4: checks 
Idon'tgaf: bets $0.02
yjqian23: folds 
Muha4: folds 
Uncalled bet ($0.02) returned to Idon'tgaf
Idon'tgaf collected $0.06 from pot
Idon'tgaf: doesn't show hand 
*** SUMMARY ***
Total pot $0.06 | Rake $0 
Board [9d 4h 4c]
Seat 1: Muha4 (big blind) folded on the Flop
Seat 2: Idon'tgaf collected ($0.06)
Seat 3: Nejcek89 folded before Flop (didn't bet)
Seat 4: P4TRU folded before Flop (didn't bet)
Seat 5: LatinoLober folded before Flop (didn't bet)
Seat 6: Mogol-Mogol folded before Flop (didn't bet)
Seat 7: Dorex2007 folded before Flop (didn't bet)
Seat 8: dj_ceci_01 (button) folded before Flop (didn't bet)
Seat 9: yjqian23 (small blind) folded on the Flop



PokerStars Hand #233839420172:  Hold'em No Limit ($0.01/$0.02 USD) - 2022/02/06 12:27:45 PT [2022/02/06 15:27:45 ET]
Table 'Lilliana IV' 9-max Seat #9 is the button
Seat 1: Muha4 ($2.25 in chips) 
Seat 2: Idon'tgaf ($3.49 in chips) 
Seat 3: Nejcek89 ($1.60 in chips) 
Seat 4: P4TRU ($3.91 in chips) 
Seat 5: LatinoLober ($1.98 in chips) 
Seat 6: Mogol-Mogol ($1.78 in chips) 
Seat 7: Dorex2007 ($2.28 in chips) 
Seat 8: dj_ceci_01 ($1.08 in chips) 
Seat 9: yjqian23 ($1.85 in chips) 
Muha4: posts small blind $0.01
Idon'tgaf: posts big blind $0.02
*** HOLE CARDS ***
Dealt to Dorex2007 [3d 9s]
Nejcek89: folds 
P4TRU: calls $0.02
LatinoLober: folds 
Mogol-Mogol: calls $0.02
Dorex2007: folds 
dj_ceci_01: folds 
yjqian23: calls $0.02
Muha4: folds 
Idon'tgaf: checks 
*** FLOP *** [6c 3c Jc]
Idon'tgaf: bets $0.04
P4TRU: raises $0.17 to $0.21
Mogol-Mogol: calls $0.21
yjqian23: folds 
Idon'tgaf: calls $0.17
*** TURN *** [6c 3c Jc] [6h]
Idon'tgaf: checks 
P4TRU: bets $0.60
Mogol-Mogol: raises $0.95 to $1.55 and is all-in
Idon'tgaf: raises $0.95 to $2.50
P4TRU: raises $0.95 to $3.45
Idon'tgaf: calls $0.76 and is all-in
Uncalled bet ($0.19) returned to P4TRU
*** RIVER *** [6c 3c Jc 6h] [5s]
*** SHOW DOWN ***
Idon'tgaf: shows [9c 4c] (a flush, Jack high)
P4TRU: shows [8c Qc] (a flush, Queen high)
Mogol-Mogol: shows [Qd Js] (two pair, Jacks and Sixes)
P4TRU cashed out the hand for $7.91 | Cash Out Fee $0.08
Mogol-Mogol cashed out the hand for $0.49
*** SUMMARY ***
Total pot $8.79 Main pot $5.18. Side pot $3.31. | Rake $0.30 
Board [6c 3c Jc 6h 5s]
Seat 1: Muha4 (small blind) folded before Flop
Seat 2: Idon'tgaf (big blind) showed [9c 4c] and lost with a flush, Jack high
Seat 3: Nejcek89 folded before Flop (didn't bet)
Seat 4: P4TRU showed [8c Qc] and won ($8.49) with a flush, Queen high (pot not awarded as player cashed out)
Seat 5: LatinoLober folded before Flop (didn't bet)
Seat 6: Mogol-Mogol showed [Qd Js] and lost with two pair, Jacks and Sixes (cashed out).
Seat 7: Dorex2007 folded before Flop (didn't bet)
Seat 8: dj_ceci_01 folded before Flop (didn't bet)
Seat 9: yjqian23 (button) folded on the Flop



PokerStars Hand #233839468998:  Hold'em No Limit ($0.01/$0.02 USD) - 2022/02/06 12:28:53 PT [2022/02/06 15:28:53 ET]
Table 'Lilliana IV' 9-max Seat #1 is the button
Seat 1: Muha4 ($2.24 in chips) 
Seat 3: Nejcek89 ($1.60 in chips) 
Seat 4: P4TRU ($8.33 in chips) 
Seat 5: LatinoLober ($1.98 in chips) 
Seat 6: Mogol-Mogol ($0.49 in chips) 
Seat 7: Dorex2007 ($2.28 in chips) 
Seat 8: dj_ceci_01 ($1.08 in chips) 
Seat 9: yjqian23 ($1.83 in chips) 
Nejcek89: posts small blind $0.01
P4TRU: posts big blind $0.02
*** HOLE CARDS ***
Dealt to Dorex2007 [9s 2s]
LatinoLober: raises $0.06 to $0.08
Mogol-Mogol: folds 
Dorex2007: folds 
dj_ceci_01: folds 
yjqian23: calls $0.08
Muha4: folds 
Nejcek89: folds 
Idon'tgaf leaves the table
P4TRU: calls $0.06
*** FLOP *** [5h Qs 4s]
P4TRU: checks 
LatinoLober: bets $0.08
yjqian23: calls $0.08
P4TRU: calls $0.08
*** TURN *** [5h Qs 4s] [Qh]
P4TRU: checks 
LatinoLober: bets $0.06
yjqian23: calls $0.06
P4TRU: folds 
*** RIVER *** [5h Qs 4s Qh] [Tc]
bbq&chilli joins the table at seat #2 
LatinoLober: bets $0.24
yjqian23: folds 
Uncalled bet ($0.24) returned to LatinoLober
LatinoLober collected $0.59 from pot
*** SUMMARY ***
Total pot $0.61 | Rake $0.02 
Board [5h Qs 4s Qh Tc]
Seat 1: Muha4 (button) folded before Flop (didn't bet)
Seat 3: Nejcek89 (small blind) folded before Flop
Seat 4: P4TRU (big blind) folded on the Turn
Seat 5: LatinoLober collected ($0.59)
Seat 6: Mogol-Mogol folded before Flop (didn't bet)
Seat 7: Dorex2007 folded before Flop (didn't bet)
Seat 8: dj_ceci_01 folded before Flop (didn't bet)
Seat 9: yjqian23 folded on the River



PokerStars Hand #233839523301:  Hold'em No Limit ($0.01/$0.02 USD) - 2022/02/06 12:30:10 PT [2022/02/06 15:30:10 ET]
Table 'Lilliana IV' 9-max Seat #3 is the button
Seat 1: Muha4 ($2.24 in chips) 
Seat 3: Nejcek89 ($1.59 in chips) 
Seat 4: P4TRU ($8.17 in chips) 
Seat 5: LatinoLober ($2.35 in chips) 
Seat 6: Mogol-Mogol ($0.49 in chips) 
Seat 7: Dorex2007 ($2.28 in chips) 
Seat 8: dj_ceci_01 ($1.08 in chips) 
Seat 9: yjqian23 ($1.61 in chips) 
P4TRU: posts small blind $0.01
LatinoLober: posts big blind $0.02
bbq&chilli: sits out 
*** HOLE CARDS ***
Dealt to Dorex2007 [4h Ts]
Mogol-Mogol: calls $0.02
Dorex2007: folds 
dj_ceci_01: folds 
yjqian23: calls $0.02
Muha4: folds 
Nejcek89: folds 
P4TRU: calls $0.01
LatinoLober: checks 
*** FLOP *** [2d 5h 4s]
P4TRU: bets $0.16
LatinoLober: folds 
Mogol-Mogol: folds 
yjqian23: folds 
Uncalled bet ($0.16) returned to P4TRU
P4TRU collected $0.08 from pot
P4TRU: doesn't show hand 
*** SUMMARY ***
Total pot $0.08 | Rake $0 
Board [2d 5h 4s]
Seat 1: Muha4 folded before Flop (didn't bet)
Seat 3: Nejcek89 (button) folded before Flop (didn't bet)
Seat 4: P4TRU (small blind) collected ($0.08)
Seat 5: LatinoLober (big blind) folded on the Flop
Seat 6: Mogol-Mogol folded on the Flop
Seat 7: Dorex2007 folded before Flop (didn't bet)
Seat 8: dj_ceci_01 folded before Flop (didn't bet)
Seat 9: yjqian23 folded on the Flop



