PokerStars Hand #237307218960:  Hold'em No Limit ($0.01/$0.02 USD) - 2022/07/11 19:05:08 PT [2022/07/11 22:05:08 ET]
Table 'Miriam' 9-max Seat #4 is the button
Seat 1: Jr.FHouse ($0.76 in chips) 
Seat 2: AnjoRush ($1.57 in chips) 
Seat 3: Dorex2007 ($2 in chips) 
Seat 4: schniebi2 ($3.95 in chips) 
Seat 5: EbinhoR ($0.78 in chips) 
Seat 6: Barrospe ($2.80 in chips) 
Seat 7: fulache ($2.92 in chips) 
Seat 8: alexiscarel7 ($0.98 in chips) 
Seat 9: MarceloRLC ($1.07 in chips) 
EbinhoR: posts small blind $0.01
Barrospe: posts big blind $0.02
Dorex2007: posts big blind $0.02
*** HOLE CARDS ***
Dealt to Dorex2007 [Kc 8d]
fulache: folds 
alexiscarel7: folds 
MarceloRLC: folds 
Jr.FHouse: folds 
AnjoRush: folds 
Dorex2007: checks 
schniebi2: calls $0.02
EbinhoR: calls $0.01
Barrospe: checks 
*** FLOP *** [3d Js Ks]
EbinhoR: checks 
Barrospe: checks 
Dorex2007: bets $0.08
schniebi2: calls $0.08
EbinhoR: folds 
Barrospe: folds 
*** TURN *** [3d Js Ks] [4s]
Dorex2007: checks 
schniebi2: checks 
*** RIVER *** [3d Js Ks 4s] [Jd]
Dorex2007: bets $0.11
schniebi2: calls $0.11
*** SHOW DOWN ***
Dorex2007: shows [Kc 8d] (two pair, Kings and Jacks)
schniebi2: shows [Td Kd] (two pair, Kings and Jacks - Ten kicker)
schniebi2 collected $0.44 from pot
*** SUMMARY ***
Total pot $0.46 | Rake $0.02 
Board [3d Js Ks 4s Jd]
Seat 1: Jr.FHouse folded before Flop (didn't bet)
Seat 2: AnjoRush folded before Flop (didn't bet)
Seat 3: Dorex2007 showed [Kc 8d] and lost with two pair, Kings and Jacks
Seat 4: schniebi2 (button) showed [Td Kd] and won ($0.44) with two pair, Kings and Jacks
Seat 5: EbinhoR (small blind) folded on the Flop
Seat 6: Barrospe (big blind) folded on the Flop
Seat 7: fulache folded before Flop (didn't bet)
Seat 8: alexiscarel7 folded before Flop (didn't bet)
Seat 9: MarceloRLC folded before Flop (didn't bet)



PokerStars Hand #237307230163:  Hold'em No Limit ($0.01/$0.02 USD) - 2022/07/11 19:06:06 PT [2022/07/11 22:06:06 ET]
Table 'Miriam' 9-max Seat #5 is the button
Seat 1: Jr.FHouse ($0.76 in chips) 
Seat 2: AnjoRush ($1.57 in chips) 
Seat 3: Dorex2007 ($2 in chips) 
Seat 4: schniebi2 ($4.18 in chips) 
Seat 5: EbinhoR ($0.76 in chips) 
Seat 6: Barrospe ($2.78 in chips) 
Seat 7: fulache ($2.92 in chips) 
Seat 8: alexiscarel7 ($0.98 in chips) 
Seat 9: MarceloRLC ($1.07 in chips) 
Barrospe: posts small blind $0.01
fulache: posts big blind $0.02
*** HOLE CARDS ***
Dealt to Dorex2007 [6h 8c]
alexiscarel7: folds 
MarceloRLC: folds 
Jr.FHouse: calls $0.02
AnjoRush: folds 
Dorex2007: folds 
schniebi2: folds 
EbinhoR: calls $0.02
Barrospe: folds 
fulache: raises $0.07 to $0.09
Jr.FHouse: raises $0.07 to $0.16
EbinhoR: folds 
fulache: folds 
Uncalled bet ($0.07) returned to Jr.FHouse
Jr.FHouse collected $0.21 from pot
*** SUMMARY ***
Total pot $0.21 | Rake $0 
Seat 1: Jr.FHouse collected ($0.21)
Seat 2: AnjoRush folded before Flop (didn't bet)
Seat 3: Dorex2007 folded before Flop (didn't bet)
Seat 4: schniebi2 folded before Flop (didn't bet)
Seat 5: EbinhoR (button) folded before Flop
Seat 6: Barrospe (small blind) folded before Flop
Seat 7: fulache (big blind) folded before Flop
Seat 8: alexiscarel7 folded before Flop (didn't bet)
Seat 9: MarceloRLC folded before Flop (didn't bet)



PokerStars Hand #237307237074:  Hold'em No Limit ($0.01/$0.02 USD) - 2022/07/11 19:06:41 PT [2022/07/11 22:06:41 ET]
Table 'Miriam' 9-max Seat #6 is the button
Seat 1: Jr.FHouse ($0.88 in chips) 
Seat 2: AnjoRush ($1.57 in chips) 
Seat 3: Dorex2007 ($2 in chips) 
Seat 4: schniebi2 ($4.18 in chips) 
Seat 5: EbinhoR ($0.74 in chips) 
Seat 6: Barrospe ($2.77 in chips) 
Seat 7: fulache ($2.83 in chips) 
Seat 8: alexiscarel7 ($0.98 in chips) 
Seat 9: MarceloRLC ($1.07 in chips) 
fulache: posts small blind $0.01
alexiscarel7: posts big blind $0.02
*** HOLE CARDS ***
Dealt to Dorex2007 [3s Tc]
MarceloRLC: folds 
Jr.FHouse: calls $0.02
AnjoRush: folds 
Dorex2007: folds 
schniebi2: folds 
EbinhoR: raises $0.02 to $0.04
Barrospe: calls $0.04
fulache: calls $0.03
alexiscarel7: calls $0.02
Jr.FHouse: calls $0.02
*** FLOP *** [2h 5c As]
fulache: checks 
alexiscarel7: checks 
Jr.FHouse: checks 
EbinhoR: bets $0.02
Barrospe: folds 
fulache: calls $0.02
alexiscarel7: raises $0.02 to $0.04
Jr.FHouse: folds 
EbinhoR: calls $0.02
fulache: calls $0.02
*** TURN *** [2h 5c As] [3h]
fulache: checks 
alexiscarel7: checks 
EbinhoR: checks 
*** RIVER *** [2h 5c As 3h] [7h]
fulache: checks 
alexiscarel7: checks 
EbinhoR: checks 
*** SHOW DOWN ***
fulache: shows [5d Jd] (a pair of Fives)
alexiscarel7: mucks hand 
EbinhoR: shows [Qc Qd] (a pair of Queens)
EbinhoR collected $0.31 from pot
*** SUMMARY ***
Total pot $0.32 | Rake $0.01 
Board [2h 5c As 3h 7h]
Seat 1: Jr.FHouse folded on the Flop
Seat 2: AnjoRush folded before Flop (didn't bet)
Seat 3: Dorex2007 folded before Flop (didn't bet)
Seat 4: schniebi2 folded before Flop (didn't bet)
Seat 5: EbinhoR showed [Qc Qd] and won ($0.31) with a pair of Queens
Seat 6: Barrospe (button) folded on the Flop
Seat 7: fulache (small blind) showed [5d Jd] and lost with a pair of Fives
Seat 8: alexiscarel7 (big blind) mucked [6h 2d]
Seat 9: MarceloRLC folded before Flop (didn't bet)



PokerStars Hand #237307250571:  Hold'em No Limit ($0.01/$0.02 USD) - 2022/07/11 19:07:50 PT [2022/07/11 22:07:50 ET]
Table 'Miriam' 9-max Seat #7 is the button
Seat 1: Jr.FHouse ($0.84 in chips) 
Seat 2: AnjoRush ($1.57 in chips) 
Seat 3: Dorex2007 ($2 in chips) 
Seat 4: schniebi2 ($4.18 in chips) 
Seat 5: EbinhoR ($0.97 in chips) 
Seat 6: Barrospe ($2.73 in chips) 
Seat 7: fulache ($2.75 in chips) 
Seat 8: alexiscarel7 ($0.90 in chips) 
Seat 9: MarceloRLC ($1.07 in chips) 
alexiscarel7: posts small blind $0.01
MarceloRLC: posts big blind $0.02
*** HOLE CARDS ***
Dealt to Dorex2007 [6c 6h]
Jr.FHouse has timed out
Jr.FHouse: folds 
AnjoRush: folds 
Dorex2007: calls $0.02
schniebi2: calls $0.02
EbinhoR: calls $0.02
Barrospe: folds 
fulache: folds 
alexiscarel7: calls $0.01
MarceloRLC: checks 
*** FLOP *** [Kd 7d Ac]
alexiscarel7: checks 
MarceloRLC: checks 
Dorex2007: checks 
schniebi2: checks 
EbinhoR: checks 
*** TURN *** [Kd 7d Ac] [7c]
alexiscarel7: checks 
MarceloRLC: checks 
Dorex2007: checks 
schniebi2: checks 
EbinhoR: bets $0.04
alexiscarel7: folds 
MarceloRLC: calls $0.04
Dorex2007: calls $0.04
schniebi2: folds 
*** RIVER *** [Kd 7d Ac 7c] [As]
MarceloRLC: checks 
Dorex2007: checks 
EbinhoR: checks 
*** SHOW DOWN ***
MarceloRLC: shows [4h 7s] (a full house, Sevens full of Aces)
Dorex2007: mucks hand 
EbinhoR: mucks hand 
MarceloRLC collected $0.21 from pot
*** SUMMARY ***
Total pot $0.22 | Rake $0.01 
Board [Kd 7d Ac 7c As]
Seat 1: Jr.FHouse folded before Flop (didn't bet)
Seat 2: AnjoRush folded before Flop (didn't bet)
Seat 3: Dorex2007 mucked [6c 6h]
Seat 4: schniebi2 folded on the Turn
Seat 5: EbinhoR mucked [2c 2s]
Seat 6: Barrospe folded before Flop (didn't bet)
Seat 7: fulache (button) folded before Flop (didn't bet)
Seat 8: alexiscarel7 (small blind) folded on the Turn
Seat 9: MarceloRLC (big blind) showed [4h 7s] and won ($0.21) with a full house, Sevens full of Aces



PokerStars Hand #237307271137:  Hold'em No Limit ($0.01/$0.02 USD) - 2022/07/11 19:09:37 PT [2022/07/11 22:09:37 ET]
Table 'Miriam' 9-max Seat #8 is the button
Seat 1: Jr.FHouse ($0.84 in chips) 
Seat 2: AnjoRush ($1.57 in chips) 
Seat 3: Dorex2007 ($2 in chips) 
Seat 4: schniebi2 ($4.16 in chips) 
Seat 5: EbinhoR ($0.91 in chips) 
Seat 6: Barrospe ($2.73 in chips) 
Seat 7: fulache ($2.75 in chips) 
Seat 8: alexiscarel7 ($0.88 in chips) 
Seat 9: MarceloRLC ($1.22 in chips) 
MarceloRLC: posts small blind $0.01
Jr.FHouse: posts big blind $0.02
*** HOLE CARDS ***
Dealt to Dorex2007 [7c Ts]
AnjoRush: folds 
Dorex2007: folds 
schniebi2: folds 
EbinhoR: folds 
Barrospe: folds 
fulache: raises $0.04 to $0.06
alexiscarel7: calls $0.06
MarceloRLC: folds 
Jr.FHouse: calls $0.04
*** FLOP *** [Kc Ac 9h]
Jr.FHouse: bets $0.08
fulache: calls $0.08
alexiscarel7: folds 
*** TURN *** [Kc Ac 9h] [Td]
Jr.FHouse: bets $0.08
fulache: raises $0.56 to $0.64
Jr.FHouse: raises $0.06 to $0.70 and is all-in
fulache: calls $0.06
*** RIVER *** [Kc Ac 9h Td] [3s]
*** SHOW DOWN ***
Jr.FHouse: shows [Qh Js] (a straight, Ten to Ace)
fulache: shows [8d Ah] (a pair of Aces)
Jr.FHouse collected $1.69 from pot
*** SUMMARY ***
Total pot $1.75 | Rake $0.06 
Board [Kc Ac 9h Td 3s]
Seat 1: Jr.FHouse (big blind) showed [Qh Js] and won ($1.69) with a straight, Ten to Ace
Seat 2: AnjoRush folded before Flop (didn't bet)
Seat 3: Dorex2007 folded before Flop (didn't bet)
Seat 4: schniebi2 folded before Flop (didn't bet)
Seat 5: EbinhoR folded before Flop (didn't bet)
Seat 6: Barrospe folded before Flop (didn't bet)
Seat 7: fulache showed [8d Ah] and lost with a pair of Aces
Seat 8: alexiscarel7 (button) folded on the Flop
Seat 9: MarceloRLC (small blind) folded before Flop



PokerStars Hand #237307284693:  Hold'em No Limit ($0.01/$0.02 USD) - 2022/07/11 19:10:47 PT [2022/07/11 22:10:47 ET]
Table 'Miriam' 9-max Seat #9 is the button
Seat 1: Jr.FHouse ($1.69 in chips) 
Seat 2: AnjoRush ($1.57 in chips) 
Seat 3: Dorex2007 ($2 in chips) 
Seat 4: schniebi2 ($4.16 in chips) 
Seat 5: EbinhoR ($0.91 in chips) 
Seat 6: Barrospe ($2.73 in chips) 
Seat 7: fulache ($1.91 in chips) 
Seat 8: alexiscarel7 ($0.82 in chips) 
Seat 9: MarceloRLC ($1.21 in chips) 
Jr.FHouse: posts small blind $0.01
AnjoRush: posts big blind $0.02
*** HOLE CARDS ***
Dealt to Dorex2007 [Kc Kh]
Dorex2007: raises $0.06 to $0.08
schniebi2: folds 
EbinhoR: folds 
Barrospe: folds 
fulache: calls $0.08
Barrospe leaves the table
alexiscarel7: folds 
MarceloRLC: calls $0.08
Jr.FHouse: folds 
AnjoRush: folds 
*** FLOP *** [Ks As 3s]
Jr.FHouse leaves the table
Cammerrzr joins the table at seat #6 
Dorex2007: bets $0.26
fulache: folds 
fulache leaves the table
RAAAAdik joins the table at seat #7 
frosa9397 joins the table at seat #1 
MarceloRLC: folds 
Uncalled bet ($0.26) returned to Dorex2007
Dorex2007 collected $0.26 from pot
*** SUMMARY ***
Total pot $0.27 | Rake $0.01 
Board [Ks As 3s]
Seat 1: Jr.FHouse (small blind) folded before Flop
Seat 2: AnjoRush (big blind) folded before Flop
Seat 3: Dorex2007 collected ($0.26)
Seat 4: schniebi2 folded before Flop (didn't bet)
Seat 5: EbinhoR folded before Flop (didn't bet)
Seat 6: Barrospe folded before Flop (didn't bet)
Seat 7: fulache folded on the Flop
Seat 8: alexiscarel7 folded before Flop (didn't bet)
Seat 9: MarceloRLC (button) folded on the Flop



PokerStars Hand #237307293612:  Hold'em No Limit ($0.01/$0.02 USD) - 2022/07/11 19:11:34 PT [2022/07/11 22:11:34 ET]
Table 'Miriam' 9-max Seat #2 is the button
Seat 2: AnjoRush ($1.55 in chips) 
Seat 3: Dorex2007 ($2.18 in chips) 
Seat 4: schniebi2 ($4.16 in chips) 
Seat 5: EbinhoR ($0.91 in chips) 
Seat 6: Cammerrzr ($1.60 in chips) 
Seat 8: alexiscarel7 ($0.82 in chips) 
Seat 9: MarceloRLC ($1.13 in chips) 
Dorex2007: posts small blind $0.01
schniebi2: posts big blind $0.02
Cammerrzr: posts big blind $0.02
RAAAAdik: sits out 
frosa9397: sits out 
*** HOLE CARDS ***
Dealt to Dorex2007 [4s 4d]
EbinhoR has timed out
EbinhoR: folds 
Cammerrzr: checks 
alexiscarel7: calls $0.02
MarceloRLC: raises $0.08 to $0.10
AnjoRush: folds 
Dorex2007: folds 
schniebi2: folds 
Cammerrzr: folds 
alexiscarel7: raises $0.14 to $0.24
MarceloRLC: raises $0.89 to $1.13 and is all-in
alexiscarel7: calls $0.58 and is all-in
Uncalled bet ($0.31) returned to MarceloRLC
*** FLOP *** [Ac Qh Ah]
*** TURN *** [Ac Qh Ah] [7s]
*** RIVER *** [Ac Qh Ah 7s] [2c]
*** SHOW DOWN ***
alexiscarel7: shows [As 9c] (three of a kind, Aces)
MarceloRLC: shows [Js Jd] (two pair, Aces and Jacks)
alexiscarel7 collected $1.63 from pot
*** SUMMARY ***
Total pot $1.69 | Rake $0.06 
Board [Ac Qh Ah 7s 2c]
Seat 2: AnjoRush (button) folded before Flop (didn't bet)
Seat 3: Dorex2007 (small blind) folded before Flop
Seat 4: schniebi2 (big blind) folded before Flop
Seat 5: EbinhoR folded before Flop (didn't bet)
Seat 6: Cammerrzr folded before Flop (didn't bet)
Seat 8: alexiscarel7 showed [As 9c] and won ($1.63) with three of a kind, Aces
Seat 9: MarceloRLC showed [Js Jd] and lost with two pair, Aces and Jacks



PokerStars Hand #237307306946:  Hold'em No Limit ($0.01/$0.02 USD) - 2022/07/11 19:12:44 PT [2022/07/11 22:12:44 ET]
Table 'Miriam' 9-max Seat #3 is the button
Seat 2: AnjoRush ($1.55 in chips) 
Seat 3: Dorex2007 ($2.17 in chips) 
Seat 4: schniebi2 ($4.14 in chips) 
Seat 5: EbinhoR ($0.91 in chips) 
Seat 6: Cammerrzr ($1.58 in chips) 
Seat 8: alexiscarel7 ($1.63 in chips) 
Seat 9: MarceloRLC ($0.31 in chips) 
schniebi2: posts small blind $0.01
EbinhoR: posts big blind $0.02
RAAAAdik: sits out 
frosa9397: sits out 
*** HOLE CARDS ***
Dealt to Dorex2007 [Jc 6s]
Cammerrzr: calls $0.02
alexiscarel7: folds 
MarceloRLC: folds 
AnjoRush: raises $0.06 to $0.08
Dorex2007: folds 
schniebi2: folds 
EbinhoR: folds 
Cammerrzr: calls $0.06
*** FLOP *** [6c As Jh]
Cammerrzr: checks 
AnjoRush: bets $0.18
Cammerrzr: folds 
Uncalled bet ($0.18) returned to AnjoRush
AnjoRush collected $0.18 from pot
*** SUMMARY ***
Total pot $0.19 | Rake $0.01 
Board [6c As Jh]
Seat 2: AnjoRush collected ($0.18)
Seat 3: Dorex2007 (button) folded before Flop (didn't bet)
Seat 4: schniebi2 (small blind) folded before Flop
Seat 5: EbinhoR (big blind) folded before Flop
Seat 6: Cammerrzr folded on the Flop
Seat 8: alexiscarel7 folded before Flop (didn't bet)
Seat 9: MarceloRLC folded before Flop (didn't bet)



PokerStars Hand #237307317519:  Hold'em No Limit ($0.01/$0.02 USD) - 2022/07/11 19:13:39 PT [2022/07/11 22:13:39 ET]
Table 'Miriam' 9-max Seat #4 is the button
Seat 2: AnjoRush ($1.65 in chips) 
Seat 3: Dorex2007 ($2.17 in chips) 
Seat 4: schniebi2 ($4.13 in chips) 
Seat 5: EbinhoR ($0.89 in chips) 
Seat 6: Cammerrzr ($1.50 in chips) 
Seat 8: alexiscarel7 ($1.63 in chips) 
Seat 9: MarceloRLC ($0.80 in chips) 
EbinhoR: posts small blind $0.01
Cammerrzr: posts big blind $0.02
RAAAAdik: sits out 
frosa9397: sits out 
*** HOLE CARDS ***
Dealt to Dorex2007 [5s 8d]
alexiscarel7: raises $0.06 to $0.08
MarceloRLC: folds 
AnjoRush: folds 
Dorex2007: folds 
schniebi2: calls $0.08
EbinhoR: calls $0.07
Cammerrzr: folds 
*** FLOP *** [4h Kh 9c]
EbinhoR: checks 
alexiscarel7: bets $0.14
schniebi2: folds 
EbinhoR: folds 
Uncalled bet ($0.14) returned to alexiscarel7
alexiscarel7 collected $0.25 from pot
*** SUMMARY ***
Total pot $0.26 | Rake $0.01 
Board [4h Kh 9c]
Seat 2: AnjoRush folded before Flop (didn't bet)
Seat 3: Dorex2007 folded before Flop (didn't bet)
Seat 4: schniebi2 (button) folded on the Flop
Seat 5: EbinhoR (small blind) folded on the Flop
Seat 6: Cammerrzr (big blind) folded before Flop
Seat 8: alexiscarel7 collected ($0.25)
Seat 9: MarceloRLC folded before Flop (didn't bet)



PokerStars Hand #237307324182:  Hold'em No Limit ($0.01/$0.02 USD) - 2022/07/11 19:14:15 PT [2022/07/11 22:14:15 ET]
Table 'Miriam' 9-max Seat #5 is the button
Seat 2: AnjoRush ($1.65 in chips) 
Seat 3: Dorex2007 ($2.17 in chips) 
Seat 4: schniebi2 ($4.05 in chips) 
Seat 5: EbinhoR ($0.81 in chips) 
Seat 6: Cammerrzr ($1.48 in chips) 
Seat 7: RAAAAdik ($2.05 in chips) 
Seat 8: alexiscarel7 ($1.80 in chips) 
Seat 9: MarceloRLC ($0.80 in chips) 
Cammerrzr: posts small blind $0.01
RAAAAdik: posts big blind $0.02
frosa9397: sits out 
*** HOLE CARDS ***
Dealt to Dorex2007 [6h Qh]
alexiscarel7: folds 
MarceloRLC: folds 
AnjoRush: folds 
Dorex2007: folds 
schniebi2: folds 
EbinhoR: folds 
Cammerrzr: folds 
Uncalled bet ($0.01) returned to RAAAAdik
RAAAAdik collected $0.02 from pot
*** SUMMARY ***
Total pot $0.02 | Rake $0 
Seat 2: AnjoRush folded before Flop (didn't bet)
Seat 3: Dorex2007 folded before Flop (didn't bet)
Seat 4: schniebi2 folded before Flop (didn't bet)
Seat 5: EbinhoR (button) folded before Flop (didn't bet)
Seat 6: Cammerrzr (small blind) folded before Flop
Seat 7: RAAAAdik (big blind) collected ($0.02)
Seat 8: alexiscarel7 folded before Flop (didn't bet)
Seat 9: MarceloRLC folded before Flop (didn't bet)



PokerStars Hand #237307327834:  Hold'em No Limit ($0.01/$0.02 USD) - 2022/07/11 19:14:34 PT [2022/07/11 22:14:34 ET]
Table 'Miriam' 9-max Seat #6 is the button
Seat 2: AnjoRush ($1.65 in chips) 
Seat 3: Dorex2007 ($2.17 in chips) 
Seat 4: schniebi2 ($4.05 in chips) 
Seat 5: EbinhoR ($0.81 in chips) 
Seat 6: Cammerrzr ($1.47 in chips) 
Seat 7: RAAAAdik ($2.06 in chips) 
Seat 8: alexiscarel7 ($1.80 in chips) 
Seat 9: MarceloRLC ($0.80 in chips) 
RAAAAdik: posts small blind $0.01
alexiscarel7: posts big blind $0.02
frosa9397: sits out 
*** HOLE CARDS ***
Dealt to Dorex2007 [5s Tc]
MarceloRLC: folds 
AnjoRush: folds 
Dorex2007: folds 
schniebi2: folds 
EbinhoR: folds 
Cammerrzr: calls $0.02
RAAAAdik: folds 
alexiscarel7: checks 
*** FLOP *** [Qd 7s Js]
alexiscarel7: bets $0.05
Cammerrzr: folds 
Uncalled bet ($0.05) returned to alexiscarel7
alexiscarel7 collected $0.05 from pot
*** SUMMARY ***
Total pot $0.05 | Rake $0 
Board [Qd 7s Js]
Seat 2: AnjoRush folded before Flop (didn't bet)
Seat 3: Dorex2007 folded before Flop (didn't bet)
Seat 4: schniebi2 folded before Flop (didn't bet)
Seat 5: EbinhoR folded before Flop (didn't bet)
Seat 6: Cammerrzr (button) folded on the Flop
Seat 7: RAAAAdik (small blind) folded before Flop
Seat 8: alexiscarel7 (big blind) collected ($0.05)
Seat 9: MarceloRLC folded before Flop (didn't bet)



PokerStars Hand #237307333359:  Hold'em No Limit ($0.01/$0.02 USD) - 2022/07/11 19:15:04 PT [2022/07/11 22:15:04 ET]
Table 'Miriam' 9-max Seat #7 is the button
Seat 2: AnjoRush ($1.65 in chips) 
Seat 3: Dorex2007 ($2.17 in chips) 
Seat 4: schniebi2 ($4.05 in chips) 
Seat 5: EbinhoR ($0.81 in chips) 
Seat 6: Cammerrzr ($1.45 in chips) 
Seat 7: RAAAAdik ($2.05 in chips) 
Seat 8: alexiscarel7 ($1.83 in chips) 
Seat 9: MarceloRLC ($0.80 in chips) 
alexiscarel7: posts small blind $0.01
MarceloRLC: posts big blind $0.02
frosa9397: sits out 
*** HOLE CARDS ***
Dealt to Dorex2007 [Tc Qc]
AnjoRush: folds 
Dorex2007: raises $0.06 to $0.08
schniebi2: folds 
EbinhoR: folds 
Cammerrzr: folds 
RAAAAdik: folds 
alexiscarel7: folds 
MarceloRLC: folds 
Uncalled bet ($0.06) returned to Dorex2007
Dorex2007 collected $0.05 from pot
*** SUMMARY ***
Total pot $0.05 | Rake $0 
Seat 2: AnjoRush folded before Flop (didn't bet)
Seat 3: Dorex2007 collected ($0.05)
Seat 4: schniebi2 folded before Flop (didn't bet)
Seat 5: EbinhoR folded before Flop (didn't bet)
Seat 6: Cammerrzr folded before Flop (didn't bet)
Seat 7: RAAAAdik (button) folded before Flop (didn't bet)
Seat 8: alexiscarel7 (small blind) folded before Flop
Seat 9: MarceloRLC (big blind) folded before Flop



PokerStars Hand #237307336862:  Hold'em No Limit ($0.01/$0.02 USD) - 2022/07/11 19:15:22 PT [2022/07/11 22:15:22 ET]
Table 'Miriam' 9-max Seat #8 is the button
Seat 1: frosa9397 ($2 in chips) 
Seat 2: AnjoRush ($1.65 in chips) 
Seat 3: Dorex2007 ($2.20 in chips) 
Seat 4: schniebi2 ($4.05 in chips) 
Seat 5: EbinhoR ($0.81 in chips) 
Seat 6: Cammerrzr ($1.45 in chips) 
Seat 7: RAAAAdik ($2.05 in chips) 
Seat 8: alexiscarel7 ($1.82 in chips) 
Seat 9: MarceloRLC ($0.78 in chips) 
MarceloRLC: posts small blind $0.01
frosa9397: posts big blind $0.02
*** HOLE CARDS ***
Dealt to Dorex2007 [Qc 3s]
AnjoRush: folds 
Dorex2007: folds 
schniebi2: folds 
EbinhoR: calls $0.02
Cammerrzr: folds 
RAAAAdik: folds 
alexiscarel7: folds 
MarceloRLC: calls $0.01
frosa9397: checks 
*** FLOP *** [Qd 9c 8s]
MarceloRLC: checks 
frosa9397: checks 
EbinhoR: bets $0.02
MarceloRLC: folds 
frosa9397: folds 
Uncalled bet ($0.02) returned to EbinhoR
EbinhoR collected $0.06 from pot
*** SUMMARY ***
Total pot $0.06 | Rake $0 
Board [Qd 9c 8s]
Seat 1: frosa9397 (big blind) folded on the Flop
Seat 2: AnjoRush folded before Flop (didn't bet)
Seat 3: Dorex2007 folded before Flop (didn't bet)
Seat 4: schniebi2 folded before Flop (didn't bet)
Seat 5: EbinhoR collected ($0.06)
Seat 6: Cammerrzr folded before Flop (didn't bet)
Seat 7: RAAAAdik folded before Flop (didn't bet)
Seat 8: alexiscarel7 (button) folded before Flop (didn't bet)
Seat 9: MarceloRLC (small blind) folded on the Flop



PokerStars Hand #237307342717:  Hold'em No Limit ($0.01/$0.02 USD) - 2022/07/11 19:15:54 PT [2022/07/11 22:15:54 ET]
Table 'Miriam' 9-max Seat #9 is the button
Seat 1: frosa9397 ($1.98 in chips) 
Seat 2: AnjoRush ($1.65 in chips) 
Seat 3: Dorex2007 ($2.20 in chips) 
Seat 4: schniebi2 ($4.05 in chips) 
Seat 5: EbinhoR ($0.85 in chips) 
Seat 6: Cammerrzr ($1.45 in chips) 
Seat 7: RAAAAdik ($2.05 in chips) 
Seat 8: alexiscarel7 ($1.82 in chips) 
Seat 9: MarceloRLC ($0.76 in chips) 
frosa9397: posts small blind $0.01
AnjoRush: posts big blind $0.02
*** HOLE CARDS ***
Dealt to Dorex2007 [Kh Kc]
Dorex2007: raises $0.05 to $0.07
schniebi2: calls $0.07
EbinhoR: folds 
Cammerrzr: folds 
RAAAAdik: folds 
alexiscarel7: folds 
MarceloRLC: folds 
frosa9397: folds 
AnjoRush: folds 
*** FLOP *** [4c 8s Ks]
Dorex2007: bets $0.11
schniebi2: folds 
Uncalled bet ($0.11) returned to Dorex2007
Dorex2007 collected $0.16 from pot
*** SUMMARY ***
Total pot $0.17 | Rake $0.01 
Board [4c 8s Ks]
Seat 1: frosa9397 (small blind) folded before Flop
Seat 2: AnjoRush (big blind) folded before Flop
Seat 3: Dorex2007 collected ($0.16)
Seat 4: schniebi2 folded on the Flop
Seat 5: EbinhoR folded before Flop (didn't bet)
Seat 6: Cammerrzr folded before Flop (didn't bet)
Seat 7: RAAAAdik folded before Flop (didn't bet)
Seat 8: alexiscarel7 folded before Flop (didn't bet)
Seat 9: MarceloRLC (button) folded before Flop (didn't bet)



PokerStars Hand #237307348930:  Hold'em No Limit ($0.01/$0.02 USD) - 2022/07/11 19:16:26 PT [2022/07/11 22:16:26 ET]
Table 'Miriam' 9-max Seat #1 is the button
Seat 1: frosa9397 ($1.97 in chips) 
Seat 2: AnjoRush ($1.63 in chips) 
Seat 3: Dorex2007 ($2.29 in chips) 
Seat 4: schniebi2 ($3.98 in chips) 
Seat 5: EbinhoR ($0.85 in chips) 
Seat 6: Cammerrzr ($1.45 in chips) 
Seat 7: RAAAAdik ($2.05 in chips) 
Seat 8: alexiscarel7 ($1.82 in chips) 
Seat 9: MarceloRLC ($0.76 in chips) 
AnjoRush: posts small blind $0.01
Dorex2007: posts big blind $0.02
*** HOLE CARDS ***
Dealt to Dorex2007 [5d 3h]
schniebi2: folds 
EbinhoR: folds 
Cammerrzr: folds 
RAAAAdik: folds 
alexiscarel7: folds 
MarceloRLC: folds 
frosa9397: calls $0.02
AnjoRush: calls $0.01
Dorex2007: checks 
*** FLOP *** [8h Jh Ac]
AnjoRush: checks 
Dorex2007: checks 
frosa9397: checks 
*** TURN *** [8h Jh Ac] [5s]
AnjoRush: checks 
Dorex2007: checks 
frosa9397: checks 
*** RIVER *** [8h Jh Ac 5s] [5h]
AnjoRush: checks 
Dorex2007: bets $0.10
frosa9397: calls $0.10
AnjoRush: folds 
*** SHOW DOWN ***
Dorex2007: shows [5d 3h] (three of a kind, Fives)
frosa9397: shows [5c 7c] (three of a kind, Fives)
Dorex2007 collected $0.13 from pot
frosa9397 collected $0.12 from pot
*** SUMMARY ***
Total pot $0.26 | Rake $0.01 
Board [8h Jh Ac 5s 5h]
Seat 1: frosa9397 (button) showed [5c 7c] and won ($0.12) with three of a kind, Fives
Seat 2: AnjoRush (small blind) folded on the River
Seat 3: Dorex2007 (big blind) showed [5d 3h] and won ($0.13) with three of a kind, Fives
Seat 4: schniebi2 folded before Flop (didn't bet)
Seat 5: EbinhoR folded before Flop (didn't bet)
Seat 6: Cammerrzr folded before Flop (didn't bet)
Seat 7: RAAAAdik folded before Flop (didn't bet)
Seat 8: alexiscarel7 folded before Flop (didn't bet)
Seat 9: MarceloRLC folded before Flop (didn't bet)



PokerStars Hand #237307373234:  Hold'em No Limit ($0.01/$0.02 USD) - 2022/07/11 19:17:40 PT [2022/07/11 22:17:40 ET]
Table 'Miriam' 9-max Seat #2 is the button
Seat 1: frosa9397 ($1.97 in chips) 
Seat 2: AnjoRush ($1.61 in chips) 
Seat 3: Dorex2007 ($2.30 in chips) 
Seat 4: schniebi2 ($3.98 in chips) 
Seat 5: EbinhoR ($0.85 in chips) 
Seat 6: Cammerrzr ($1.45 in chips) 
Seat 7: RAAAAdik ($2.05 in chips) 
Seat 8: alexiscarel7 ($1.82 in chips) 
Seat 9: MarceloRLC ($0.76 in chips) 
Dorex2007: posts small blind $0.01
schniebi2: posts big blind $0.02
*** HOLE CARDS ***
Dealt to Dorex2007 [Td 2s]
EbinhoR: folds 
Cammerrzr: folds 
RAAAAdik: folds 
alexiscarel7: raises $0.06 to $0.08
MarceloRLC: folds 
frosa9397: folds 
AnjoRush: folds 
Dorex2007: folds 
schniebi2: folds 
Uncalled bet ($0.06) returned to alexiscarel7
alexiscarel7 collected $0.05 from pot
*** SUMMARY ***
Total pot $0.05 | Rake $0 
Seat 1: frosa9397 folded before Flop (didn't bet)
Seat 2: AnjoRush (button) folded before Flop (didn't bet)
Seat 3: Dorex2007 (small blind) folded before Flop
Seat 4: schniebi2 (big blind) folded before Flop
Seat 5: EbinhoR folded before Flop (didn't bet)
Seat 6: Cammerrzr folded before Flop (didn't bet)
Seat 7: RAAAAdik folded before Flop (didn't bet)
Seat 8: alexiscarel7 collected ($0.05)
Seat 9: MarceloRLC folded before Flop (didn't bet)



PokerStars Hand #237307378273:  Hold'em No Limit ($0.01/$0.02 USD) - 2022/07/11 19:18:07 PT [2022/07/11 22:18:07 ET]
Table 'Miriam' 9-max Seat #3 is the button
Seat 1: frosa9397 ($1.97 in chips) 
Seat 2: AnjoRush ($1.61 in chips) 
Seat 3: Dorex2007 ($2.29 in chips) 
Seat 4: schniebi2 ($3.96 in chips) 
Seat 5: EbinhoR ($0.85 in chips) 
Seat 6: Cammerrzr ($1.45 in chips) 
Seat 7: RAAAAdik ($2.05 in chips) 
Seat 8: alexiscarel7 ($1.85 in chips) 
Seat 9: MarceloRLC ($0.76 in chips) 
schniebi2: posts small blind $0.01
EbinhoR: posts big blind $0.02
*** HOLE CARDS ***
Dealt to Dorex2007 [Ac 4s]
Cammerrzr: folds 
RAAAAdik: folds 
alexiscarel7: raises $0.06 to $0.08
MarceloRLC: folds 
frosa9397: calls $0.08
AnjoRush: calls $0.08
Dorex2007: folds 
schniebi2: folds 
EbinhoR: folds 
*** FLOP *** [5h Qc Kd]
alexiscarel7: checks 
frosa9397: checks 
AnjoRush: checks 
*** TURN *** [5h Qc Kd] [Td]
alexiscarel7: bets $0.15
frosa9397: raises $0.25 to $0.40
AnjoRush: raises $1.13 to $1.53 and is all-in
alexiscarel7: folds 
frosa9397: calls $1.13
*** RIVER *** [5h Qc Kd Td] [8s]
*** SHOW DOWN ***
frosa9397: shows [As Jc] (a straight, Ten to Ace)
AnjoRush: shows [5s 5d] (three of a kind, Fives)
frosa9397 collected $3.36 from pot
*** SUMMARY ***
Total pot $3.48 | Rake $0.12 
Board [5h Qc Kd Td 8s]
Seat 1: frosa9397 showed [As Jc] and won ($3.36) with a straight, Ten to Ace
Seat 2: AnjoRush showed [5s 5d] and lost with three of a kind, Fives
Seat 3: Dorex2007 (button) folded before Flop (didn't bet)
Seat 4: schniebi2 (small blind) folded before Flop
Seat 5: EbinhoR (big blind) folded before Flop
Seat 6: Cammerrzr folded before Flop (didn't bet)
Seat 7: RAAAAdik folded before Flop (didn't bet)
Seat 8: alexiscarel7 folded on the Turn
Seat 9: MarceloRLC folded before Flop (didn't bet)



PokerStars Hand #237307395252:  Hold'em No Limit ($0.01/$0.02 USD) - 2022/07/11 19:19:36 PT [2022/07/11 22:19:36 ET]
Table 'Miriam' 9-max Seat #4 is the button
Seat 1: frosa9397 ($3.72 in chips) 
Seat 3: Dorex2007 ($2.29 in chips) 
Seat 4: schniebi2 ($3.95 in chips) 
Seat 5: EbinhoR ($0.83 in chips) 
Seat 6: Cammerrzr ($1.45 in chips) 
Seat 7: RAAAAdik ($2.05 in chips) 
Seat 8: alexiscarel7 ($1.62 in chips) 
Seat 9: MarceloRLC ($0.76 in chips) 
EbinhoR: posts small blind $0.01
Cammerrzr: posts big blind $0.02
*** HOLE CARDS ***
Dealt to Dorex2007 [6d Tc]
RAAAAdik: folds 
AnjoRush leaves the table
alexiscarel7: raises $0.06 to $0.08
MarceloRLC: folds 
frosa9397: folds 
Dorex2007: folds 
schniebi2: folds 
EbinhoR: calls $0.07
HadesAtila joins the table at seat #2 
Cammerrzr has timed out
Cammerrzr: folds 
*** FLOP *** [2d Ah 6h]
EbinhoR: checks 
alexiscarel7: bets $0.08
EbinhoR: folds 
Uncalled bet ($0.08) returned to alexiscarel7
alexiscarel7 collected $0.17 from pot
*** SUMMARY ***
Total pot $0.18 | Rake $0.01 
Board [2d Ah 6h]
Seat 1: frosa9397 folded before Flop (didn't bet)
Seat 3: Dorex2007 folded before Flop (didn't bet)
Seat 4: schniebi2 (button) folded before Flop (didn't bet)
Seat 5: EbinhoR (small blind) folded on the Flop
Seat 6: Cammerrzr (big blind) folded before Flop
Seat 7: RAAAAdik folded before Flop (didn't bet)
Seat 8: alexiscarel7 collected ($0.17)
Seat 9: MarceloRLC folded before Flop (didn't bet)



PokerStars Hand #237307408282:  Hold'em No Limit ($0.01/$0.02 USD) - 2022/07/11 19:20:45 PT [2022/07/11 22:20:45 ET]
Table 'Miriam' 9-max Seat #5 is the button
Seat 1: frosa9397 ($3.72 in chips) 
Seat 2: HadesAtila ($0.80 in chips) 
Seat 3: Dorex2007 ($2.29 in chips) 
Seat 4: schniebi2 ($3.95 in chips) 
Seat 5: EbinhoR ($0.75 in chips) 
Seat 7: RAAAAdik ($2.05 in chips) 
Seat 8: alexiscarel7 ($1.71 in chips) 
Seat 9: MarceloRLC ($0.76 in chips) 
RAAAAdik: posts small blind $0.01
alexiscarel7: posts big blind $0.02
HadesAtila: posts big blind $0.02
*** HOLE CARDS ***
Dealt to Dorex2007 [9d 9s]
MarceloRLC: folds 
frosa9397: folds 
HadesAtila: checks 
Dorex2007: raises $0.04 to $0.06
schniebi2: folds 
EbinhoR: calls $0.06
RAAAAdik: folds 
alexiscarel7: calls $0.04
HadesAtila: calls $0.04
*** FLOP *** [Kc 9h 5h]
alexiscarel7: checks 
HadesAtila: checks 
Dorex2007: checks 
EbinhoR: checks 
*** TURN *** [Kc 9h 5h] [3h]
alexiscarel7: bets $0.12
HadesAtila: calls $0.12
Dorex2007: calls $0.12
EbinhoR: folds 
*** RIVER *** [Kc 9h 5h 3h] [Jh]
alexiscarel7: checks 
HadesAtila: checks 
Dorex2007: checks 
*** SHOW DOWN ***
alexiscarel7: shows [Jc Js] (three of a kind, Jacks)
HadesAtila: mucks hand 
Dorex2007: mucks hand 
alexiscarel7 collected $0.59 from pot
*** SUMMARY ***
Total pot $0.61 | Rake $0.02 
Board [Kc 9h 5h 3h Jh]
Seat 1: frosa9397 folded before Flop (didn't bet)
Seat 2: HadesAtila mucked [5s 3s]
Seat 3: Dorex2007 mucked [9d 9s]
Seat 4: schniebi2 folded before Flop (didn't bet)
Seat 5: EbinhoR (button) folded on the Turn
Seat 7: RAAAAdik (small blind) folded before Flop
Seat 8: alexiscarel7 (big blind) showed [Jc Js] and won ($0.59) with three of a kind, Jacks
Seat 9: MarceloRLC folded before Flop (didn't bet)



PokerStars Hand #237307423485:  Hold'em No Limit ($0.01/$0.02 USD) - 2022/07/11 19:22:06 PT [2022/07/11 22:22:06 ET]
Table 'Miriam' 9-max Seat #7 is the button
Seat 1: frosa9397 ($3.72 in chips) 
Seat 2: HadesAtila ($0.62 in chips) 
Seat 3: Dorex2007 ($2.11 in chips) 
Seat 4: schniebi2 ($3.95 in chips) 
Seat 5: EbinhoR ($0.69 in chips) 
Seat 7: RAAAAdik ($2.04 in chips) 
Seat 8: alexiscarel7 ($2.12 in chips) 
Seat 9: MarceloRLC ($0.76 in chips) 
alexiscarel7: posts small blind $0.01
MarceloRLC: posts big blind $0.02
*** HOLE CARDS ***
Dealt to Dorex2007 [7s Ah]
frosa9397: folds 
HadesAtila: calls $0.02
Dorex2007: folds 
schniebi2: folds 
EbinhoR: folds 
RAAAAdik: folds 
alexiscarel7: folds 
MarceloRLC: checks 
*** FLOP *** [Th 9s Kh]
MarceloRLC: checks 
HadesAtila: checks 
*** TURN *** [Th 9s Kh] [5s]
MarceloRLC: checks 
HadesAtila: checks 
*** RIVER *** [Th 9s Kh 5s] [5h]
MarceloRLC: checks 
HadesAtila: checks 
*** SHOW DOWN ***
MarceloRLC: shows [6s 4d] (a pair of Fives)
HadesAtila: shows [Jc 6h] (a pair of Fives - King+Jack kicker)
HadesAtila collected $0.05 from pot
*** SUMMARY ***
Total pot $0.05 | Rake $0 
Board [Th 9s Kh 5s 5h]
Seat 1: frosa9397 folded before Flop (didn't bet)
Seat 2: HadesAtila showed [Jc 6h] and won ($0.05) with a pair of Fives
Seat 3: Dorex2007 folded before Flop (didn't bet)
Seat 4: schniebi2 folded before Flop (didn't bet)
Seat 5: EbinhoR folded before Flop (didn't bet)
Seat 7: RAAAAdik (button) folded before Flop (didn't bet)
Seat 8: alexiscarel7 (small blind) folded before Flop
Seat 9: MarceloRLC (big blind) showed [6s 4d] and lost with a pair of Fives



PokerStars Hand #237307431806:  Hold'em No Limit ($0.01/$0.02 USD) - 2022/07/11 19:22:51 PT [2022/07/11 22:22:51 ET]
Table 'Miriam' 9-max Seat #8 is the button
Seat 1: frosa9397 ($3.72 in chips) 
Seat 2: HadesAtila ($0.65 in chips) 
Seat 3: Dorex2007 ($2.11 in chips) 
Seat 4: schniebi2 ($3.95 in chips) 
Seat 5: EbinhoR ($0.69 in chips) 
Seat 7: RAAAAdik ($2.04 in chips) 
Seat 8: alexiscarel7 ($2.11 in chips) 
Seat 9: MarceloRLC ($0.74 in chips) 
MarceloRLC: posts small blind $0.01
frosa9397: posts big blind $0.02
*** HOLE CARDS ***
Dealt to Dorex2007 [Ts Jh]
HadesAtila: calls $0.02
Dorex2007: folds 
schniebi2: folds 
EbinhoR: folds 
RAAAAdik: folds 
alexiscarel7: folds 
MarceloRLC: folds 
frosa9397: checks 
*** FLOP *** [Jd 2h Th]
frosa9397: checks 
HadesAtila: bets $0.02
frosa9397: folds 
Uncalled bet ($0.02) returned to HadesAtila
HadesAtila collected $0.05 from pot
*** SUMMARY ***
Total pot $0.05 | Rake $0 
Board [Jd 2h Th]
Seat 1: frosa9397 (big blind) folded on the Flop
Seat 2: HadesAtila collected ($0.05)
Seat 3: Dorex2007 folded before Flop (didn't bet)
Seat 4: schniebi2 folded before Flop (didn't bet)
Seat 5: EbinhoR folded before Flop (didn't bet)
Seat 7: RAAAAdik folded before Flop (didn't bet)
Seat 8: alexiscarel7 (button) folded before Flop (didn't bet)
Seat 9: MarceloRLC (small blind) folded before Flop



PokerStars Hand #237307438014:  Hold'em No Limit ($0.01/$0.02 USD) - 2022/07/11 19:23:24 PT [2022/07/11 22:23:24 ET]
Table 'Miriam' 9-max Seat #9 is the button
Seat 1: frosa9397 ($3.70 in chips) 
Seat 2: HadesAtila ($0.68 in chips) 
Seat 3: Dorex2007 ($2.11 in chips) 
Seat 4: schniebi2 ($3.95 in chips) 
Seat 5: EbinhoR ($0.69 in chips) 
Seat 7: RAAAAdik ($2.04 in chips) 
Seat 8: alexiscarel7 ($2.11 in chips) 
Seat 9: MarceloRLC ($0.73 in chips) 
frosa9397: posts small blind $0.01
HadesAtila: posts big blind $0.02
*** HOLE CARDS ***
Dealt to Dorex2007 [5h 9h]
Dorex2007: folds 
schniebi2: calls $0.02
EbinhoR: folds 
RAAAAdik: folds 
alexiscarel7: calls $0.02
MarceloRLC: raises $0.08 to $0.10
frosa9397: folds 
HadesAtila: folds 
schniebi2: folds 
alexiscarel7: folds 
Uncalled bet ($0.08) returned to MarceloRLC
MarceloRLC collected $0.09 from pot
*** SUMMARY ***
Total pot $0.09 | Rake $0 
Seat 1: frosa9397 (small blind) folded before Flop
Seat 2: HadesAtila (big blind) folded before Flop
Seat 3: Dorex2007 folded before Flop (didn't bet)
Seat 4: schniebi2 folded before Flop
Seat 5: EbinhoR folded before Flop (didn't bet)
Seat 7: RAAAAdik folded before Flop (didn't bet)
Seat 8: alexiscarel7 folded before Flop
Seat 9: MarceloRLC (button) collected ($0.09)



PokerStars Hand #237307450310:  Hold'em No Limit ($0.01/$0.02 USD) - 2022/07/11 19:23:55 PT [2022/07/11 22:23:55 ET]
Table 'Miriam' 9-max Seat #1 is the button
Seat 1: frosa9397 ($3.69 in chips) 
Seat 2: HadesAtila ($0.66 in chips) 
Seat 3: Dorex2007 ($2.11 in chips) 
Seat 4: schniebi2 ($3.93 in chips) 
Seat 5: EbinhoR ($0.69 in chips) 
Seat 7: RAAAAdik ($2.04 in chips) 
Seat 8: alexiscarel7 ($2.09 in chips) 
Seat 9: MarceloRLC ($0.80 in chips) 
HadesAtila: posts small blind $0.01
Dorex2007: posts big blind $0.02
*** HOLE CARDS ***
Dealt to Dorex2007 [7d Ks]
schniebi2: folds 
EbinhoR: folds 
RAAAAdik: folds 
alexiscarel7: folds 
MarceloRLC: folds 
frosa9397: calls $0.02
HadesAtila: calls $0.01
Dorex2007: checks 
*** FLOP *** [4h Ts 7c]
HadesAtila: checks 
Dorex2007: checks 
frosa9397: checks 
*** TURN *** [4h Ts 7c] [5d]
HadesAtila: checks 
Dorex2007: checks 
frosa9397: checks 
*** RIVER *** [4h Ts 7c 5d] [Qd]
HadesAtila: checks 
Dorex2007: checks 
frosa9397: checks 
*** SHOW DOWN ***
HadesAtila: shows [3c As] (high card Ace)
Dorex2007: shows [7d Ks] (a pair of Sevens)
frosa9397: mucks hand 
Dorex2007 collected $0.06 from pot
*** SUMMARY ***
Total pot $0.06 | Rake $0 
Board [4h Ts 7c 5d Qd]
Seat 1: frosa9397 (button) mucked [Ah Kh]
Seat 2: HadesAtila (small blind) showed [3c As] and lost with high card Ace
Seat 3: Dorex2007 (big blind) showed [7d Ks] and won ($0.06) with a pair of Sevens
Seat 4: schniebi2 folded before Flop (didn't bet)
Seat 5: EbinhoR folded before Flop (didn't bet)
Seat 7: RAAAAdik folded before Flop (didn't bet)
Seat 8: alexiscarel7 folded before Flop (didn't bet)
Seat 9: MarceloRLC folded before Flop (didn't bet)



PokerStars Hand #237307458334:  Hold'em No Limit ($0.01/$0.02 USD) - 2022/07/11 19:24:39 PT [2022/07/11 22:24:39 ET]
Table 'Miriam' 9-max Seat #2 is the button
Seat 1: frosa9397 ($3.67 in chips) 
Seat 2: HadesAtila ($0.64 in chips) 
Seat 3: Dorex2007 ($2.15 in chips) 
Seat 4: schniebi2 ($3.93 in chips) 
Seat 5: EbinhoR ($0.69 in chips) 
Seat 6: Cammerrzr ($1.43 in chips) 
Seat 7: RAAAAdik ($2.04 in chips) 
Seat 8: alexiscarel7 ($2.09 in chips) 
Seat 9: MarceloRLC ($0.80 in chips) 
Dorex2007: posts small blind $0.01
schniebi2: posts big blind $0.02
Cammerrzr: posts small blind $0.01
*** HOLE CARDS ***
Dealt to Dorex2007 [2h Qh]
EbinhoR: folds 
Cammerrzr: folds 
RAAAAdik: folds 
alexiscarel7: raises $0.06 to $0.08
MarceloRLC: folds 
frosa9397: folds 
HadesAtila: folds 
Dorex2007: folds 
schniebi2: calls $0.06
*** FLOP *** [4h 7c 8d]
schniebi2: checks 
alexiscarel7: bets $0.08
schniebi2: calls $0.08
*** TURN *** [4h 7c 8d] [Qc]
schniebi2: checks 
alexiscarel7: checks 
*** RIVER *** [4h 7c 8d Qc] [Kc]
schniebi2: checks 
alexiscarel7: checks 
*** SHOW DOWN ***
schniebi2: shows [5d Ad] (high card Ace)
alexiscarel7: shows [As Tc] (high card Ace - King+Queen+Ten kicker)
alexiscarel7 collected $0.33 from pot
*** SUMMARY ***
Total pot $0.34 | Rake $0.01 
Board [4h 7c 8d Qc Kc]
Seat 1: frosa9397 folded before Flop (didn't bet)
Seat 2: HadesAtila (button) folded before Flop (didn't bet)
Seat 3: Dorex2007 (small blind) folded before Flop
Seat 4: schniebi2 (big blind) showed [5d Ad] and lost with high card Ace
Seat 5: EbinhoR folded before Flop (didn't bet)
Seat 6: Cammerrzr folded before Flop (didn't bet)
Seat 7: RAAAAdik folded before Flop (didn't bet)
Seat 8: alexiscarel7 showed [As Tc] and won ($0.33) with high card Ace
Seat 9: MarceloRLC folded before Flop (didn't bet)



PokerStars Hand #237307468151:  Hold'em No Limit ($0.01/$0.02 USD) - 2022/07/11 19:25:33 PT [2022/07/11 22:25:33 ET]
Table 'Miriam' 9-max Seat #3 is the button
Seat 1: frosa9397 ($3.67 in chips) 
Seat 2: HadesAtila ($0.64 in chips) 
Seat 3: Dorex2007 ($2.14 in chips) 
Seat 4: schniebi2 ($3.77 in chips) 
Seat 5: EbinhoR ($0.69 in chips) 
Seat 6: Cammerrzr ($1.42 in chips) 
Seat 7: RAAAAdik ($2.04 in chips) 
Seat 8: alexiscarel7 ($2.26 in chips) 
Seat 9: MarceloRLC ($0.80 in chips) 
schniebi2: posts small blind $0.01
EbinhoR: posts big blind $0.02
*** HOLE CARDS ***
Dealt to Dorex2007 [Qs 5d]
Cammerrzr has timed out
Cammerrzr: folds 
RAAAAdik: folds 
alexiscarel7: folds 
MarceloRLC: folds 
frosa9397: calls $0.02
HadesAtila: calls $0.02
Dorex2007: folds 
schniebi2: calls $0.01
EbinhoR: checks 
*** FLOP *** [6s 7h 2h]
schniebi2: checks 
EbinhoR: checks 
frosa9397: checks 
HadesAtila: checks 
*** TURN *** [6s 7h 2h] [7s]
schniebi2: bets $0.06
EbinhoR: calls $0.06
frosa9397: folds 
HadesAtila: folds 
*** RIVER *** [6s 7h 2h 7s] [Jc]
schniebi2: bets $0.10
EbinhoR: folds 
Uncalled bet ($0.10) returned to schniebi2
schniebi2 collected $0.19 from pot
*** SUMMARY ***
Total pot $0.20 | Rake $0.01 
Board [6s 7h 2h 7s Jc]
Seat 1: frosa9397 folded on the Turn
Seat 2: HadesAtila folded on the Turn
Seat 3: Dorex2007 (button) folded before Flop (didn't bet)
Seat 4: schniebi2 (small blind) collected ($0.19)
Seat 5: EbinhoR (big blind) folded on the River
Seat 6: Cammerrzr folded before Flop (didn't bet)
Seat 7: RAAAAdik folded before Flop (didn't bet)
Seat 8: alexiscarel7 folded before Flop (didn't bet)
Seat 9: MarceloRLC folded before Flop (didn't bet)



PokerStars Hand #237307480281:  Hold'em No Limit ($0.01/$0.02 USD) - 2022/07/11 19:26:40 PT [2022/07/11 22:26:40 ET]
Table 'Miriam' 9-max Seat #4 is the button
Seat 1: frosa9397 ($3.65 in chips) 
Seat 2: HadesAtila ($0.62 in chips) 
Seat 3: Dorex2007 ($2.14 in chips) 
Seat 4: schniebi2 ($3.88 in chips) 
Seat 5: EbinhoR ($0.61 in chips) 
Seat 6: Cammerrzr ($1.42 in chips) 
Seat 7: RAAAAdik ($2.04 in chips) 
Seat 8: alexiscarel7 ($2.26 in chips) 
Seat 9: MarceloRLC ($0.80 in chips) 
EbinhoR: posts small blind $0.01
Cammerrzr: posts big blind $0.02
*** HOLE CARDS ***
Dealt to Dorex2007 [9d 7c]
RAAAAdik: folds 
alexiscarel7: folds 
MarceloRLC: folds 
frosa9397: folds 
HadesAtila: calls $0.02
Dorex2007: folds 
schniebi2: calls $0.02
EbinhoR: folds 
Cammerrzr has timed out
Cammerrzr: checks 
*** FLOP *** [Ah 8c 7h]
Cammerrzr: checks 
HadesAtila: checks 
schniebi2: checks 
*** TURN *** [Ah 8c 7h] [4c]
Cammerrzr: checks 
HadesAtila: checks 
schniebi2: checks 
*** RIVER *** [Ah 8c 7h 4c] [Js]
Cammerrzr: checks 
HadesAtila: checks 
schniebi2: checks 
*** SHOW DOWN ***
Cammerrzr: shows [5d 2d] (high card Ace)
HadesAtila: shows [Qc Ts] (high card Ace - Queen kicker)
schniebi2: shows [Qh Qd] (a pair of Queens)
schniebi2 collected $0.07 from pot
*** SUMMARY ***
Total pot $0.07 | Rake $0 
Board [Ah 8c 7h 4c Js]
Seat 1: frosa9397 folded before Flop (didn't bet)
Seat 2: HadesAtila showed [Qc Ts] and lost with high card Ace
Seat 3: Dorex2007 folded before Flop (didn't bet)
Seat 4: schniebi2 (button) showed [Qh Qd] and won ($0.07) with a pair of Queens
Seat 5: EbinhoR (small blind) folded before Flop
Seat 6: Cammerrzr (big blind) showed [5d 2d] and lost with high card Ace
Seat 7: RAAAAdik folded before Flop (didn't bet)
Seat 8: alexiscarel7 folded before Flop (didn't bet)
Seat 9: MarceloRLC folded before Flop (didn't bet)



PokerStars Hand #237307490145:  Hold'em No Limit ($0.01/$0.02 USD) - 2022/07/11 19:27:33 PT [2022/07/11 22:27:33 ET]
Table 'Miriam' 9-max Seat #5 is the button
Seat 1: frosa9397 ($3.65 in chips) 
Seat 2: HadesAtila ($0.60 in chips) 
Seat 3: Dorex2007 ($2.14 in chips) 
Seat 4: schniebi2 ($3.93 in chips) 
Seat 5: EbinhoR ($0.60 in chips) 
Seat 6: Cammerrzr ($1.40 in chips) 
Seat 7: RAAAAdik ($2.04 in chips) 
Seat 8: alexiscarel7 ($2.26 in chips) 
Seat 9: MarceloRLC ($0.80 in chips) 
Cammerrzr: posts small blind $0.01
RAAAAdik: posts big blind $0.02
*** HOLE CARDS ***
Dealt to Dorex2007 [As 7c]
alexiscarel7: folds 
MarceloRLC: folds 
frosa9397: calls $0.02
HadesAtila: calls $0.02
Dorex2007: folds 
schniebi2: calls $0.02
EbinhoR: calls $0.02
Cammerrzr: calls $0.01
RAAAAdik: checks 
*** FLOP *** [3d Ah 9d]
Cammerrzr: checks 
RAAAAdik: bets $0.06
frosa9397: folds 
HadesAtila: calls $0.06
schniebi2: folds 
EbinhoR: calls $0.06
Cammerrzr: folds 
*** TURN *** [3d Ah 9d] [Ts]
RAAAAdik: bets $0.07
HadesAtila: folds 
EbinhoR: calls $0.07
*** RIVER *** [3d Ah 9d Ts] [6h]
RAAAAdik: bets $0.08
EbinhoR: calls $0.08
*** SHOW DOWN ***
RAAAAdik: shows [7s 6d] (a pair of Sixes)
EbinhoR: shows [2s Ac] (a pair of Aces)
EbinhoR collected $0.58 from pot
*** SUMMARY ***
Total pot $0.60 | Rake $0.02 
Board [3d Ah 9d Ts 6h]
Seat 1: frosa9397 folded on the Flop
Seat 2: HadesAtila folded on the Turn
Seat 3: Dorex2007 folded before Flop (didn't bet)
Seat 4: schniebi2 folded on the Flop
Seat 5: EbinhoR (button) showed [2s Ac] and won ($0.58) with a pair of Aces
Seat 6: Cammerrzr (small blind) folded on the Flop
Seat 7: RAAAAdik (big blind) showed [7s 6d] and lost with a pair of Sixes
Seat 8: alexiscarel7 folded before Flop (didn't bet)
Seat 9: MarceloRLC folded before Flop (didn't bet)



PokerStars Hand #237307505848:  Hold'em No Limit ($0.01/$0.02 USD) - 2022/07/11 19:29:00 PT [2022/07/11 22:29:00 ET]
Table 'Miriam' 9-max Seat #6 is the button
Seat 1: frosa9397 ($3.63 in chips) 
Seat 2: HadesAtila ($0.52 in chips) 
Seat 3: Dorex2007 ($2.14 in chips) 
Seat 4: schniebi2 ($3.91 in chips) 
Seat 5: EbinhoR ($0.95 in chips) 
Seat 6: Cammerrzr ($1.38 in chips) 
Seat 7: RAAAAdik ($2 in chips) 
Seat 8: alexiscarel7 ($2.26 in chips) 
Seat 9: MarceloRLC ($0.80 in chips) 
RAAAAdik: posts small blind $0.01
alexiscarel7: posts big blind $0.02
*** HOLE CARDS ***
Dealt to Dorex2007 [2s As]
MarceloRLC: folds 
frosa9397: folds 
HadesAtila: calls $0.02
Dorex2007: raises $0.04 to $0.06
schniebi2: calls $0.06
EbinhoR: folds 
Cammerrzr: calls $0.06
RAAAAdik: folds 
alexiscarel7: folds 
HadesAtila: calls $0.04
*** FLOP *** [9c Js Tc]
HadesAtila: checks 
Dorex2007: checks 
schniebi2: checks 
Cammerrzr: bets $0.13
HadesAtila: calls $0.13
Dorex2007: folds 
schniebi2: folds 
*** TURN *** [9c Js Tc] [7s]
HadesAtila: checks 
Cammerrzr: bets $0.25
HadesAtila: calls $0.25
*** RIVER *** [9c Js Tc 7s] [Jd]
HadesAtila: bets $0.08 and is all-in
Cammerrzr: calls $0.08
*** SHOW DOWN ***
HadesAtila: shows [Kd 7c] (two pair, Jacks and Sevens)
Cammerrzr: shows [Qd Kh] (a straight, Nine to King)
Cammerrzr collected $1.15 from pot
*** SUMMARY ***
Total pot $1.19 | Rake $0.04 
Board [9c Js Tc 7s Jd]
Seat 1: frosa9397 folded before Flop (didn't bet)
Seat 2: HadesAtila showed [Kd 7c] and lost with two pair, Jacks and Sevens
Seat 3: Dorex2007 folded on the Flop
Seat 4: schniebi2 folded on the Flop
Seat 5: EbinhoR folded before Flop (didn't bet)
Seat 6: Cammerrzr (button) showed [Qd Kh] and won ($1.15) with a straight, Nine to King
Seat 7: RAAAAdik (small blind) folded before Flop
Seat 8: alexiscarel7 (big blind) folded before Flop
Seat 9: MarceloRLC folded before Flop (didn't bet)



PokerStars Hand #237307521081:  Hold'em No Limit ($0.01/$0.02 USD) - 2022/07/11 19:30:25 PT [2022/07/11 22:30:25 ET]
Table 'Miriam' 9-max Seat #7 is the button
Seat 1: frosa9397 ($3.63 in chips) 
Seat 3: Dorex2007 ($2.08 in chips) 
Seat 4: schniebi2 ($3.85 in chips) 
Seat 5: EbinhoR ($0.95 in chips) 
Seat 6: Cammerrzr ($2.01 in chips) 
Seat 7: RAAAAdik ($2 in chips) 
Seat 8: alexiscarel7 ($2.24 in chips) 
Seat 9: MarceloRLC ($0.80 in chips) 
alexiscarel7: posts small blind $0.01
MarceloRLC: posts big blind $0.02
*** HOLE CARDS ***
Dealt to Dorex2007 [Qh Ks]
frosa9397: folds 
Dorex2007: raises $0.04 to $0.06
schniebi2: folds 
EbinhoR: folds 
Cammerrzr: folds 
RAAAAdik: folds 
alexiscarel7: folds 
MarceloRLC: folds 
Uncalled bet ($0.04) returned to Dorex2007
Dorex2007 collected $0.05 from pot
*** SUMMARY ***
Total pot $0.05 | Rake $0 
Seat 1: frosa9397 folded before Flop (didn't bet)
Seat 3: Dorex2007 collected ($0.05)
Seat 4: schniebi2 folded before Flop (didn't bet)
Seat 5: EbinhoR folded before Flop (didn't bet)
Seat 6: Cammerrzr folded before Flop (didn't bet)
Seat 7: RAAAAdik (button) folded before Flop (didn't bet)
Seat 8: alexiscarel7 (small blind) folded before Flop
Seat 9: MarceloRLC (big blind) folded before Flop



PokerStars Hand #237307525997:  Hold'em No Limit ($0.01/$0.02 USD) - 2022/07/11 19:30:52 PT [2022/07/11 22:30:52 ET]
Table 'Miriam' 9-max Seat #8 is the button
Seat 1: frosa9397 ($3.63 in chips) 
Seat 2: HadesAtila ($0.80 in chips) 
Seat 3: Dorex2007 ($2.11 in chips) 
Seat 4: schniebi2 ($3.85 in chips) 
Seat 5: EbinhoR ($0.95 in chips) 
Seat 6: Cammerrzr ($2.01 in chips) 
Seat 7: RAAAAdik ($2 in chips) 
Seat 8: alexiscarel7 ($2.23 in chips) 
Seat 9: MarceloRLC ($0.78 in chips) 
MarceloRLC: posts small blind $0.01
frosa9397: posts big blind $0.02
*** HOLE CARDS ***
Dealt to Dorex2007 [Ah 7h]
HadesAtila: calls $0.02
Dorex2007: raises $0.04 to $0.06
schniebi2: folds 
EbinhoR: folds 
Cammerrzr: folds 
RAAAAdik: folds 
alexiscarel7: folds 
MarceloRLC: calls $0.05
frosa9397: folds 
HadesAtila: calls $0.04
*** FLOP *** [2d Tc Qs]
MarceloRLC: checks 
HadesAtila: checks 
Dorex2007: checks 
*** TURN *** [2d Tc Qs] [9d]
MarceloRLC: bets $0.10
HadesAtila: folds 
Dorex2007: folds 
Uncalled bet ($0.10) returned to MarceloRLC
MarceloRLC collected $0.19 from pot
*** SUMMARY ***
Total pot $0.20 | Rake $0.01 
Board [2d Tc Qs 9d]
Seat 1: frosa9397 (big blind) folded before Flop
Seat 2: HadesAtila folded on the Turn
Seat 3: Dorex2007 folded on the Turn
Seat 4: schniebi2 folded before Flop (didn't bet)
Seat 5: EbinhoR folded before Flop (didn't bet)
Seat 6: Cammerrzr folded before Flop (didn't bet)
Seat 7: RAAAAdik folded before Flop (didn't bet)
Seat 8: alexiscarel7 (button) folded before Flop (didn't bet)
Seat 9: MarceloRLC (small blind) collected ($0.19)



PokerStars Hand #237307535084:  Hold'em No Limit ($0.01/$0.02 USD) - 2022/07/11 19:31:42 PT [2022/07/11 22:31:42 ET]
Table 'Miriam' 9-max Seat #9 is the button
Seat 1: frosa9397 ($3.61 in chips) 
Seat 2: HadesAtila ($0.74 in chips) 
Seat 3: Dorex2007 ($2.05 in chips) 
Seat 4: schniebi2 ($3.85 in chips) 
Seat 5: EbinhoR ($0.95 in chips) 
Seat 6: Cammerrzr ($2.01 in chips) 
Seat 7: RAAAAdik ($2 in chips) 
Seat 8: alexiscarel7 ($2.23 in chips) 
Seat 9: MarceloRLC ($0.91 in chips) 
frosa9397: posts small blind $0.01
HadesAtila: posts big blind $0.02
*** HOLE CARDS ***
Dealt to Dorex2007 [9c Ks]
Dorex2007: folds 
schniebi2: folds 
EbinhoR: folds 
Cammerrzr: folds 
RAAAAdik: folds 
alexiscarel7: folds 
MarceloRLC: folds 
schniebi2 leaves the table
frosa9397: calls $0.01
HadesAtila: checks 
*** FLOP *** [Jd 9d 5s]
frosa9397: bets $0.02
HadesAtila: calls $0.02
*** TURN *** [Jd 9d 5s] [Td]
SpeyFly_714 joins the table at seat #4 
frosa9397: bets $0.04
HadesAtila: folds 
Uncalled bet ($0.04) returned to frosa9397
frosa9397 collected $0.08 from pot
*** SUMMARY ***
Total pot $0.08 | Rake $0 
Board [Jd 9d 5s Td]
Seat 1: frosa9397 (small blind) collected ($0.08)
Seat 2: HadesAtila (big blind) folded on the Turn
Seat 3: Dorex2007 folded before Flop (didn't bet)
Seat 4: schniebi2 folded before Flop (didn't bet)
Seat 5: EbinhoR folded before Flop (didn't bet)
Seat 6: Cammerrzr folded before Flop (didn't bet)
Seat 7: RAAAAdik folded before Flop (didn't bet)
Seat 8: alexiscarel7 folded before Flop (didn't bet)
Seat 9: MarceloRLC (button) folded before Flop (didn't bet)



PokerStars Hand #237307545144:  Hold'em No Limit ($0.01/$0.02 USD) - 2022/07/11 19:32:17 PT [2022/07/11 22:32:17 ET]
Table 'Miriam' 9-max Seat #1 is the button
Seat 1: frosa9397 ($3.65 in chips) 
Seat 2: HadesAtila ($0.70 in chips) 
Seat 3: Dorex2007 ($2.05 in chips) 
Seat 5: EbinhoR ($0.95 in chips) 
Seat 6: Cammerrzr ($2.01 in chips) 
Seat 7: RAAAAdik ($2 in chips) 
Seat 8: alexiscarel7 ($2.23 in chips) 
Seat 9: MarceloRLC ($0.91 in chips) 
HadesAtila: posts small blind $0.01
Dorex2007: posts big blind $0.02
SpeyFly_714: sits out 
*** HOLE CARDS ***
Dealt to Dorex2007 [Ts Ks]
EbinhoR: folds 
Cammerrzr: calls $0.02
RAAAAdik: folds 
alexiscarel7: folds 
MarceloRLC: folds 
frosa9397: raises $0.07 to $0.09
HadesAtila: folds 
Dorex2007: calls $0.07
Cammerrzr: folds 
*** FLOP *** [Qh Qc Jc]
Dorex2007: bets $0.10
frosa9397: calls $0.10
*** TURN *** [Qh Qc Jc] [8c]
Dorex2007: bets $0.20
frosa9397: calls $0.20
*** RIVER *** [Qh Qc Jc 8c] [4h]
Dorex2007: checks 
frosa9397: checks 
*** SHOW DOWN ***
Dorex2007: shows [Ts Ks] (a pair of Queens)
frosa9397: shows [Ad Qd] (three of a kind, Queens)
frosa9397 collected $0.78 from pot
*** SUMMARY ***
Total pot $0.81 | Rake $0.03 
Board [Qh Qc Jc 8c 4h]
Seat 1: frosa9397 (button) showed [Ad Qd] and won ($0.78) with three of a kind, Queens
Seat 2: HadesAtila (small blind) folded before Flop
Seat 3: Dorex2007 (big blind) showed [Ts Ks] and lost with a pair of Queens
Seat 5: EbinhoR folded before Flop (didn't bet)
Seat 6: Cammerrzr folded before Flop
Seat 7: RAAAAdik folded before Flop (didn't bet)
Seat 8: alexiscarel7 folded before Flop (didn't bet)
Seat 9: MarceloRLC folded before Flop (didn't bet)



PokerStars Hand #237307561364:  Hold'em No Limit ($0.01/$0.02 USD) - 2022/07/11 19:33:47 PT [2022/07/11 22:33:47 ET]
Table 'Miriam' 9-max Seat #2 is the button
Seat 1: frosa9397 ($4.04 in chips) 
Seat 2: HadesAtila ($0.69 in chips) 
Seat 3: Dorex2007 ($2 in chips) 
Seat 4: SpeyFly_714 ($2 in chips) 
Seat 5: EbinhoR ($0.95 in chips) 
Seat 6: Cammerrzr ($1.99 in chips) 
Seat 7: RAAAAdik ($2 in chips) 
Seat 8: alexiscarel7 ($2.23 in chips) 
Seat 9: MarceloRLC ($0.91 in chips) 
Dorex2007: posts small blind $0.01
SpeyFly_714: posts big blind $0.02
*** HOLE CARDS ***
Dealt to Dorex2007 [Ah Jd]
EbinhoR: folds 
Cammerrzr: folds 
RAAAAdik: folds 
alexiscarel7: raises $0.06 to $0.08
MarceloRLC: folds 
frosa9397: folds 
HadesAtila: folds 
Dorex2007: calls $0.07
SpeyFly_714: folds 
*** FLOP *** [Kh Jh Ad]
Dorex2007: bets $0.17
alexiscarel7: calls $0.17
*** TURN *** [Kh Jh Ad] [Qh]
Dorex2007: bets $0.16
alexiscarel7: calls $0.16
*** RIVER *** [Kh Jh Ad Qh] [8d]
Dorex2007: bets $0.06
alexiscarel7: calls $0.06
*** SHOW DOWN ***
Dorex2007: shows [Ah Jd] (two pair, Aces and Jacks)
alexiscarel7: shows [Jc Js] (three of a kind, Jacks)
alexiscarel7 collected $0.93 from pot
*** SUMMARY ***
Total pot $0.96 | Rake $0.03 
Board [Kh Jh Ad Qh 8d]
Seat 1: frosa9397 folded before Flop (didn't bet)
Seat 2: HadesAtila (button) folded before Flop (didn't bet)
Seat 3: Dorex2007 (small blind) showed [Ah Jd] and lost with two pair, Aces and Jacks
Seat 4: SpeyFly_714 (big blind) folded before Flop
Seat 5: EbinhoR folded before Flop (didn't bet)
Seat 6: Cammerrzr folded before Flop (didn't bet)
Seat 7: RAAAAdik folded before Flop (didn't bet)
Seat 8: alexiscarel7 showed [Jc Js] and won ($0.93) with three of a kind, Jacks
Seat 9: MarceloRLC folded before Flop (didn't bet)



PokerStars Hand #237307575427:  Hold'em No Limit ($0.01/$0.02 USD) - 2022/07/11 19:35:07 PT [2022/07/11 22:35:07 ET]
Table 'Miriam' 9-max Seat #3 is the button
Seat 1: frosa9397 ($4.04 in chips) 
Seat 2: HadesAtila ($0.69 in chips) 
Seat 3: Dorex2007 ($2 in chips) 
Seat 4: SpeyFly_714 ($1.98 in chips) 
Seat 5: EbinhoR ($0.95 in chips) 
Seat 7: RAAAAdik ($2 in chips) 
Seat 8: alexiscarel7 ($2.69 in chips) 
Seat 9: MarceloRLC ($0.91 in chips) 
SpeyFly_714: posts small blind $0.01
EbinhoR: posts big blind $0.02
*** HOLE CARDS ***
Dealt to Dorex2007 [8c 7d]
RAAAAdik: folds 
alexiscarel7: folds 
MarceloRLC: folds 
frosa9397: folds 
HadesAtila: folds 
Dorex2007: folds 
SpeyFly_714: raises $0.04 to $0.06
EbinhoR: calls $0.04
*** FLOP *** [Ts Ac 3c]
SpeyFly_714: bets $0.05
EbinhoR: calls $0.05
*** TURN *** [Ts Ac 3c] [Ks]
SpeyFly_714: bets $0.08
EbinhoR: calls $0.08
*** RIVER *** [Ts Ac 3c Ks] [Qd]
SpeyFly_714: bets $0.15
EbinhoR: calls $0.15
*** SHOW DOWN ***
SpeyFly_714: shows [Kd Qs] (two pair, Kings and Queens)
EbinhoR: shows [As Jc] (a straight, Ten to Ace)
EbinhoR collected $0.66 from pot
*** SUMMARY ***
Total pot $0.68 | Rake $0.02 
Board [Ts Ac 3c Ks Qd]
Seat 1: frosa9397 folded before Flop (didn't bet)
Seat 2: HadesAtila folded before Flop (didn't bet)
Seat 3: Dorex2007 (button) folded before Flop (didn't bet)
Seat 4: SpeyFly_714 (small blind) showed [Kd Qs] and lost with two pair, Kings and Queens
Seat 5: EbinhoR (big blind) showed [As Jc] and won ($0.66) with a straight, Ten to Ace
Seat 7: RAAAAdik folded before Flop (didn't bet)
Seat 8: alexiscarel7 folded before Flop (didn't bet)
Seat 9: MarceloRLC folded before Flop (didn't bet)



PokerStars Hand #237307584711:  Hold'em No Limit ($0.01/$0.02 USD) - 2022/07/11 19:35:59 PT [2022/07/11 22:35:59 ET]
Table 'Miriam' 9-max Seat #4 is the button
Seat 1: frosa9397 ($4.04 in chips) 
Seat 2: HadesAtila ($0.69 in chips) 
Seat 3: Dorex2007 ($2 in chips) 
Seat 4: SpeyFly_714 ($1.64 in chips) 
Seat 5: EbinhoR ($1.27 in chips) 
Seat 7: RAAAAdik ($2 in chips) 
Seat 8: alexiscarel7 ($2.69 in chips) 
Seat 9: MarceloRLC ($0.91 in chips) 
EbinhoR: posts small blind $0.01
RAAAAdik: posts big blind $0.02
*** HOLE CARDS ***
Dealt to Dorex2007 [8c 6c]
alexiscarel7: folds 
MarceloRLC: folds 
frosa9397: calls $0.02
HadesAtila: calls $0.02
Dorex2007: folds 
SpeyFly_714: calls $0.02
EbinhoR: folds 
RAAAAdik: checks 
*** FLOP *** [3h 7s Kc]
RAAAAdik: checks 
frosa9397: checks 
HadesAtila: checks 
SpeyFly_714: bets $0.04
RAAAAdik: folds 
frosa9397: folds 
HadesAtila: calls $0.04
*** TURN *** [3h 7s Kc] [Ad]
HadesAtila: checks 
SpeyFly_714: bets $0.06
HadesAtila: folds 
Uncalled bet ($0.06) returned to SpeyFly_714
SpeyFly_714 collected $0.16 from pot
*** SUMMARY ***
Total pot $0.17 | Rake $0.01 
Board [3h 7s Kc Ad]
Seat 1: frosa9397 folded on the Flop
Seat 2: HadesAtila folded on the Turn
Seat 3: Dorex2007 folded before Flop (didn't bet)
Seat 4: SpeyFly_714 (button) collected ($0.16)
Seat 5: EbinhoR (small blind) folded before Flop
Seat 7: RAAAAdik (big blind) folded on the Flop
Seat 8: alexiscarel7 folded before Flop (didn't bet)
Seat 9: MarceloRLC folded before Flop (didn't bet)



PokerStars Hand #237307591737:  Hold'em No Limit ($0.01/$0.02 USD) - 2022/07/11 19:36:39 PT [2022/07/11 22:36:39 ET]
Table 'Miriam' 9-max Seat #5 is the button
Seat 1: frosa9397 ($4.02 in chips) 
Seat 2: HadesAtila ($0.63 in chips) 
Seat 3: Dorex2007 ($2 in chips) 
Seat 4: SpeyFly_714 ($1.74 in chips) 
Seat 5: EbinhoR ($1.26 in chips) 
Seat 7: RAAAAdik ($2 in chips) 
Seat 8: alexiscarel7 ($2.69 in chips) 
Seat 9: MarceloRLC ($0.91 in chips) 
RAAAAdik: posts small blind $0.01
alexiscarel7: posts big blind $0.02
*** HOLE CARDS ***
Dealt to Dorex2007 [Qh Ks]
MarceloRLC: folds 
frosa9397: folds 
HadesAtila: calls $0.02
Dorex2007: raises $0.04 to $0.06
SpeyFly_714: folds 
EbinhoR: calls $0.06
RAAAAdik: calls $0.05
alexiscarel7: folds 
HadesAtila: calls $0.04
*** FLOP *** [Jc 7d 3c]
RAAAAdik: checks 
HadesAtila: checks 
Dorex2007: checks 
EbinhoR: checks 
*** TURN *** [Jc 7d 3c] [Js]
RAAAAdik: bets $0.20
HadesAtila: calls $0.20
Dorex2007: folds 
EbinhoR: folds 
*** RIVER *** [Jc 7d 3c Js] [6s]
RAAAAdik: bets $0.32
HadesAtila: folds 
Uncalled bet ($0.32) returned to RAAAAdik
RAAAAdik collected $0.64 from pot
*** SUMMARY ***
Total pot $0.66 | Rake $0.02 
Board [Jc 7d 3c Js 6s]
Seat 1: frosa9397 folded before Flop (didn't bet)
Seat 2: HadesAtila folded on the River
Seat 3: Dorex2007 folded on the Turn
Seat 4: SpeyFly_714 folded before Flop (didn't bet)
Seat 5: EbinhoR (button) folded on the Turn
Seat 7: RAAAAdik (small blind) collected ($0.64)
Seat 8: alexiscarel7 (big blind) folded before Flop
Seat 9: MarceloRLC folded before Flop (didn't bet)



PokerStars Hand #237307605043:  Hold'em No Limit ($0.01/$0.02 USD) - 2022/07/11 19:37:55 PT [2022/07/11 22:37:55 ET]
Table 'Miriam' 9-max Seat #7 is the button
Seat 1: frosa9397 ($4.02 in chips) 
Seat 2: HadesAtila ($0.37 in chips) 
Seat 3: Dorex2007 ($2 in chips) 
Seat 4: SpeyFly_714 ($1.74 in chips) 
Seat 5: EbinhoR ($1.20 in chips) 
Seat 7: RAAAAdik ($2.38 in chips) 
Seat 8: alexiscarel7 ($2.67 in chips) 
Seat 9: MarceloRLC ($0.91 in chips) 
alexiscarel7: posts small blind $0.01
MarceloRLC: posts big blind $0.02
*** HOLE CARDS ***
Dealt to Dorex2007 [Ad Js]
frosa9397: folds 
HadesAtila: folds 
Dorex2007: raises $0.02 to $0.04
SpeyFly_714: folds 
EbinhoR: calls $0.04
RAAAAdik: folds 
alexiscarel7: folds 
MarceloRLC: calls $0.02
*** FLOP *** [Th Qs Jc]
MarceloRLC: checks 
Dorex2007: checks 
EbinhoR: bets $0.02
MarceloRLC: calls $0.02
Dorex2007: calls $0.02
*** TURN *** [Th Qs Jc] [4s]
MarceloRLC: checks 
Dorex2007: checks 
EbinhoR: bets $0.02
MarceloRLC: calls $0.02
Dorex2007: calls $0.02
*** RIVER *** [Th Qs Jc 4s] [9h]
MarceloRLC: checks 
Dorex2007: checks 
EbinhoR: bets $0.12
MarceloRLC: folds 
Dorex2007: folds 
Uncalled bet ($0.12) returned to EbinhoR
EbinhoR collected $0.24 from pot
*** SUMMARY ***
Total pot $0.25 | Rake $0.01 
Board [Th Qs Jc 4s 9h]
Seat 1: frosa9397 folded before Flop (didn't bet)
Seat 2: HadesAtila folded before Flop (didn't bet)
Seat 3: Dorex2007 folded on the River
Seat 4: SpeyFly_714 folded before Flop (didn't bet)
Seat 5: EbinhoR collected ($0.24)
Seat 7: RAAAAdik (button) folded before Flop (didn't bet)
Seat 8: alexiscarel7 (small blind) folded before Flop
Seat 9: MarceloRLC (big blind) folded on the River



PokerStars Hand #237307614074:  Hold'em No Limit ($0.01/$0.02 USD) - 2022/07/11 19:38:47 PT [2022/07/11 22:38:47 ET]
Table 'Miriam' 9-max Seat #8 is the button
Seat 1: frosa9397 ($4.02 in chips) 
Seat 2: HadesAtila ($0.37 in chips) 
Seat 3: Dorex2007 ($2 in chips) 
Seat 4: SpeyFly_714 ($1.74 in chips) 
Seat 5: EbinhoR ($1.36 in chips) 
Seat 7: RAAAAdik ($2.38 in chips) 
Seat 8: alexiscarel7 ($2.66 in chips) 
Seat 9: MarceloRLC ($0.83 in chips) 
MarceloRLC: posts small blind $0.01
frosa9397: posts big blind $0.02
*** HOLE CARDS ***
Dealt to Dorex2007 [Ad 8s]
HadesAtila: raises $0.04 to $0.06
Dorex2007: folds 
SpeyFly_714: folds 
EbinhoR: calls $0.06
RAAAAdik: folds 
alexiscarel7: folds 
MarceloRLC: folds 
frosa9397: folds 
*** FLOP *** [3h 7d 8c]
HadesAtila: bets $0.31 and is all-in
EbinhoR: folds 
Uncalled bet ($0.31) returned to HadesAtila
HadesAtila collected $0.14 from pot
*** SUMMARY ***
Total pot $0.15 | Rake $0.01 
Board [3h 7d 8c]
Seat 1: frosa9397 (big blind) folded before Flop
Seat 2: HadesAtila collected ($0.14)
Seat 3: Dorex2007 folded before Flop (didn't bet)
Seat 4: SpeyFly_714 folded before Flop (didn't bet)
Seat 5: EbinhoR folded on the Flop
Seat 7: RAAAAdik folded before Flop (didn't bet)
Seat 8: alexiscarel7 (button) folded before Flop (didn't bet)
Seat 9: MarceloRLC (small blind) folded before Flop



PokerStars Hand #237307619507:  Hold'em No Limit ($0.01/$0.02 USD) - 2022/07/11 19:39:19 PT [2022/07/11 22:39:19 ET]
Table 'Miriam' 9-max Seat #9 is the button
Seat 1: frosa9397 ($4 in chips) 
Seat 2: HadesAtila ($0.45 in chips) 
Seat 3: Dorex2007 ($2 in chips) 
Seat 4: SpeyFly_714 ($1.74 in chips) 
Seat 5: EbinhoR ($1.30 in chips) 
Seat 7: RAAAAdik ($2.38 in chips) 
Seat 8: alexiscarel7 ($2.66 in chips) 
Seat 9: MarceloRLC ($0.82 in chips) 
frosa9397: posts small blind $0.01
HadesAtila: posts big blind $0.02
*** HOLE CARDS ***
Dealt to Dorex2007 [Qc 6s]
Dorex2007: folds 
SpeyFly_714: folds 
EbinhoR: folds 
RAAAAdik: folds 
alexiscarel7: folds 
MarceloRLC: folds 
frosa9397: folds 
Uncalled bet ($0.01) returned to HadesAtila
HadesAtila collected $0.02 from pot
*** SUMMARY ***
Total pot $0.02 | Rake $0 
Seat 1: frosa9397 (small blind) folded before Flop
Seat 2: HadesAtila (big blind) collected ($0.02)
Seat 3: Dorex2007 folded before Flop (didn't bet)
Seat 4: SpeyFly_714 folded before Flop (didn't bet)
Seat 5: EbinhoR folded before Flop (didn't bet)
Seat 7: RAAAAdik folded before Flop (didn't bet)
Seat 8: alexiscarel7 folded before Flop (didn't bet)
Seat 9: MarceloRLC (button) folded before Flop (didn't bet)



PokerStars Hand #237307632419:  Hold'em No Limit ($0.01/$0.02 USD) - 2022/07/11 19:39:49 PT [2022/07/11 22:39:49 ET]
Table 'Miriam' 9-max Seat #1 is the button
Seat 1: frosa9397 ($3.99 in chips) 
Seat 2: HadesAtila ($0.46 in chips) 
Seat 3: Dorex2007 ($2 in chips) 
Seat 4: SpeyFly_714 ($1.74 in chips) 
Seat 5: EbinhoR ($1.30 in chips) 
Seat 6: Cammerrzr ($1.99 in chips) 
Seat 7: RAAAAdik ($2.38 in chips) 
Seat 8: alexiscarel7 ($2.66 in chips) 
Seat 9: MarceloRLC ($0.82 in chips) 
HadesAtila: posts small blind $0.01
Dorex2007: posts big blind $0.02
Cammerrzr: posts small & big blinds $0.03
*** HOLE CARDS ***
Dealt to Dorex2007 [7c 6s]
SpeyFly_714: folds 
EbinhoR: folds 
Cammerrzr: checks 
RAAAAdik: folds 
alexiscarel7: folds 
MarceloRLC: folds 
frosa9397: folds 
HadesAtila: calls $0.01
Dorex2007: checks 
*** FLOP *** [5h 9h 2h]
HadesAtila: checks 
Dorex2007: checks 
Cammerrzr: checks 
*** TURN *** [5h 9h 2h] [Th]
HadesAtila: checks 
Dorex2007: checks 
Cammerrzr: checks 
*** RIVER *** [5h 9h 2h Th] [5d]
HadesAtila: checks 
Dorex2007: checks 
Cammerrzr: checks 
*** SHOW DOWN ***
HadesAtila: shows [Qd 2c] (two pair, Fives and Deuces)
Dorex2007: mucks hand 
Cammerrzr: shows [Kc Td] (two pair, Tens and Fives)
Cammerrzr collected $0.07 from pot
*** SUMMARY ***
Total pot $0.07 | Rake $0 
Board [5h 9h 2h Th 5d]
Seat 1: frosa9397 (button) folded before Flop (didn't bet)
Seat 2: HadesAtila (small blind) showed [Qd 2c] and lost with two pair, Fives and Deuces
Seat 3: Dorex2007 (big blind) mucked [7c 6s]
Seat 4: SpeyFly_714 folded before Flop (didn't bet)
Seat 5: EbinhoR folded before Flop (didn't bet)
Seat 6: Cammerrzr showed [Kc Td] and won ($0.07) with two pair, Tens and Fives
Seat 7: RAAAAdik folded before Flop (didn't bet)
Seat 8: alexiscarel7 folded before Flop (didn't bet)
Seat 9: MarceloRLC folded before Flop (didn't bet)



PokerStars Hand #237307639237:  Hold'em No Limit ($0.01/$0.02 USD) - 2022/07/11 19:40:29 PT [2022/07/11 22:40:29 ET]
Table 'Miriam' 9-max Seat #2 is the button
Seat 1: frosa9397 ($3.99 in chips) 
Seat 2: HadesAtila ($0.44 in chips) 
Seat 3: Dorex2007 ($2 in chips) 
Seat 4: SpeyFly_714 ($1.74 in chips) 
Seat 5: EbinhoR ($1.30 in chips) 
Seat 6: Cammerrzr ($2.03 in chips) 
Seat 7: RAAAAdik ($2.38 in chips) 
Seat 8: alexiscarel7 ($2.66 in chips) 
Seat 9: MarceloRLC ($0.82 in chips) 
Dorex2007: posts small blind $0.01
SpeyFly_714: posts big blind $0.02
*** HOLE CARDS ***
Dealt to Dorex2007 [3d 6h]
EbinhoR: folds 
Cammerrzr: folds 
RAAAAdik: folds 
alexiscarel7: folds 
MarceloRLC: folds 
frosa9397: folds 
HadesAtila: folds 
Dorex2007: folds 
Uncalled bet ($0.01) returned to SpeyFly_714
SpeyFly_714 collected $0.02 from pot
*** SUMMARY ***
Total pot $0.02 | Rake $0 
Seat 1: frosa9397 folded before Flop (didn't bet)
Seat 2: HadesAtila (button) folded before Flop (didn't bet)
Seat 3: Dorex2007 (small blind) folded before Flop
Seat 4: SpeyFly_714 (big blind) collected ($0.02)
Seat 5: EbinhoR folded before Flop (didn't bet)
Seat 6: Cammerrzr folded before Flop (didn't bet)
Seat 7: RAAAAdik folded before Flop (didn't bet)
Seat 8: alexiscarel7 folded before Flop (didn't bet)
Seat 9: MarceloRLC folded before Flop (didn't bet)



PokerStars Hand #237307642436:  Hold'em No Limit ($0.01/$0.02 USD) - 2022/07/11 19:40:48 PT [2022/07/11 22:40:48 ET]
Table 'Miriam' 9-max Seat #3 is the button
Seat 1: frosa9397 ($3.99 in chips) 
Seat 2: HadesAtila ($0.44 in chips) 
Seat 3: Dorex2007 ($2 in chips) 
Seat 4: SpeyFly_714 ($1.75 in chips) 
Seat 5: EbinhoR ($1.30 in chips) 
Seat 6: Cammerrzr ($2.03 in chips) 
Seat 7: RAAAAdik ($2.38 in chips) 
Seat 8: alexiscarel7 ($2.66 in chips) 
Seat 9: MarceloRLC ($0.82 in chips) 
SpeyFly_714: posts small blind $0.01
EbinhoR: posts big blind $0.02
*** HOLE CARDS ***
Dealt to Dorex2007 [8s 5s]
Cammerrzr has timed out
Cammerrzr: folds 
RAAAAdik: folds 
alexiscarel7: folds 
MarceloRLC: raises $0.03 to $0.05
frosa9397: folds 
HadesAtila: folds 
Dorex2007: folds 
SpeyFly_714: calls $0.04
EbinhoR: folds 
*** FLOP *** [9h 8c 9d]
SpeyFly_714: checks 
MarceloRLC: bets $0.06
SpeyFly_714: folds 
Uncalled bet ($0.06) returned to MarceloRLC
MarceloRLC collected $0.12 from pot
*** SUMMARY ***
Total pot $0.12 | Rake $0 
Board [9h 8c 9d]
Seat 1: frosa9397 folded before Flop (didn't bet)
Seat 2: HadesAtila folded before Flop (didn't bet)
Seat 3: Dorex2007 (button) folded before Flop (didn't bet)
Seat 4: SpeyFly_714 (small blind) folded on the Flop
Seat 5: EbinhoR (big blind) folded before Flop
Seat 6: Cammerrzr folded before Flop (didn't bet)
Seat 7: RAAAAdik folded before Flop (didn't bet)
Seat 8: alexiscarel7 folded before Flop (didn't bet)
Seat 9: MarceloRLC collected ($0.12)



PokerStars Hand #237307649626:  Hold'em No Limit ($0.01/$0.02 USD) - 2022/07/11 19:41:30 PT [2022/07/11 22:41:30 ET]
Table 'Miriam' 9-max Seat #4 is the button
Seat 1: frosa9397 ($3.99 in chips) 
Seat 2: HadesAtila ($0.44 in chips) 
Seat 3: Dorex2007 ($2 in chips) 
Seat 4: SpeyFly_714 ($1.70 in chips) 
Seat 5: EbinhoR ($1.28 in chips) 
Seat 6: Cammerrzr ($2.03 in chips) 
Seat 7: RAAAAdik ($2.38 in chips) 
Seat 8: alexiscarel7 ($2.66 in chips) 
Seat 9: MarceloRLC ($0.89 in chips) 
EbinhoR: posts small blind $0.01
Cammerrzr: posts big blind $0.02
*** HOLE CARDS ***
Dealt to Dorex2007 [3c 6c]
RAAAAdik: folds 
alexiscarel7: folds 
MarceloRLC: folds 
frosa9397: folds 
HadesAtila: folds 
Dorex2007: folds 
SpeyFly_714: folds 
EbinhoR: folds 
Uncalled bet ($0.01) returned to Cammerrzr
Cammerrzr collected $0.02 from pot
*** SUMMARY ***
Total pot $0.02 | Rake $0 
Seat 1: frosa9397 folded before Flop (didn't bet)
Seat 2: HadesAtila folded before Flop (didn't bet)
Seat 3: Dorex2007 folded before Flop (didn't bet)
Seat 4: SpeyFly_714 (button) folded before Flop (didn't bet)
Seat 5: EbinhoR (small blind) folded before Flop
Seat 6: Cammerrzr (big blind) collected ($0.02)
Seat 7: RAAAAdik folded before Flop (didn't bet)
Seat 8: alexiscarel7 folded before Flop (didn't bet)
Seat 9: MarceloRLC folded before Flop (didn't bet)



PokerStars Hand #237307655621:  Hold'em No Limit ($0.01/$0.02 USD) - 2022/07/11 19:42:04 PT [2022/07/11 22:42:04 ET]
Table 'Miriam' 9-max Seat #5 is the button
Seat 1: frosa9397 ($3.99 in chips) 
Seat 2: HadesAtila ($0.44 in chips) 
Seat 3: Dorex2007 ($2 in chips) 
Seat 4: SpeyFly_714 ($1.70 in chips) 
Seat 5: EbinhoR ($1.27 in chips) 
Seat 6: Cammerrzr ($2.04 in chips) 
Seat 7: RAAAAdik ($2.38 in chips) 
Seat 8: alexiscarel7 ($2.66 in chips) 
Seat 9: MarceloRLC ($0.89 in chips) 
Cammerrzr: posts small blind $0.01
RAAAAdik: posts big blind $0.02
*** HOLE CARDS ***
Dealt to Dorex2007 [Js As]
alexiscarel7: folds 
MarceloRLC: folds 
frosa9397: folds 
HadesAtila: calls $0.02
Dorex2007: raises $0.06 to $0.08
SpeyFly_714: folds 
EbinhoR: folds 
Cammerrzr has timed out
Cammerrzr: folds 
RAAAAdik: raises $0.19 to $0.27
HadesAtila: folds 
Dorex2007: folds 
Uncalled bet ($0.19) returned to RAAAAdik
RAAAAdik collected $0.19 from pot
*** SUMMARY ***
Total pot $0.19 | Rake $0 
Seat 1: frosa9397 folded before Flop (didn't bet)
Seat 2: HadesAtila folded before Flop
Seat 3: Dorex2007 folded before Flop
Seat 4: SpeyFly_714 folded before Flop (didn't bet)
Seat 5: EbinhoR (button) folded before Flop (didn't bet)
Seat 6: Cammerrzr (small blind) folded before Flop
Seat 7: RAAAAdik (big blind) collected ($0.19)
Seat 8: alexiscarel7 folded before Flop (didn't bet)
Seat 9: MarceloRLC folded before Flop (didn't bet)



PokerStars Hand #237307663681:  Hold'em No Limit ($0.01/$0.02 USD) - 2022/07/11 19:42:52 PT [2022/07/11 22:42:52 ET]
Table 'Miriam' 9-max Seat #7 is the button
Seat 1: frosa9397 ($3.99 in chips) 
Seat 2: HadesAtila ($0.42 in chips) 
Seat 3: Dorex2007 ($2 in chips) 
Seat 4: SpeyFly_714 ($1.70 in chips) 
Seat 5: EbinhoR ($1.27 in chips) 
Seat 7: RAAAAdik ($2.49 in chips) 
Seat 8: alexiscarel7 ($2.66 in chips) 
Seat 9: MarceloRLC ($0.89 in chips) 
alexiscarel7: posts small blind $0.01
MarceloRLC: posts big blind $0.02
*** HOLE CARDS ***
Dealt to Dorex2007 [3d 9c]
Cammerrzr is disconnected 
frosa9397: folds 
HadesAtila: folds 
Dorex2007: folds 
SpeyFly_714: folds 
EbinhoR: folds 
RAAAAdik: folds 
alexiscarel7: calls $0.01
MarceloRLC: checks 
*** FLOP *** [Jd As 5h]
alexiscarel7: bets $0.02
MarceloRLC: folds 
Uncalled bet ($0.02) returned to alexiscarel7
alexiscarel7 collected $0.04 from pot
*** SUMMARY ***
Total pot $0.04 | Rake $0 
Board [Jd As 5h]
Seat 1: frosa9397 folded before Flop (didn't bet)
Seat 2: HadesAtila folded before Flop (didn't bet)
Seat 3: Dorex2007 folded before Flop (didn't bet)
Seat 4: SpeyFly_714 folded before Flop (didn't bet)
Seat 5: EbinhoR folded before Flop (didn't bet)
Seat 7: RAAAAdik (button) folded before Flop (didn't bet)
Seat 8: alexiscarel7 (small blind) collected ($0.04)
Seat 9: MarceloRLC (big blind) folded on the Flop



PokerStars Hand #237307668586:  Hold'em No Limit ($0.01/$0.02 USD) - 2022/07/11 19:43:21 PT [2022/07/11 22:43:21 ET]
Table 'Miriam' 9-max Seat #8 is the button
Seat 1: frosa9397 ($3.99 in chips) 
Seat 2: HadesAtila ($0.42 in chips) 
Seat 3: Dorex2007 ($2 in chips) 
Seat 4: SpeyFly_714 ($1.70 in chips) 
Seat 5: EbinhoR ($1.27 in chips) 
Seat 6: Cammerrzr ($2.03 in chips) 
Seat 7: RAAAAdik ($2.49 in chips) 
Seat 8: alexiscarel7 ($2.68 in chips) 
Seat 9: MarceloRLC ($0.87 in chips) 
MarceloRLC: posts small blind $0.01
frosa9397: posts big blind $0.02
*** HOLE CARDS ***
Dealt to Dorex2007 [4d 4h]
HadesAtila: calls $0.02
Dorex2007: folds 
SpeyFly_714: folds 
EbinhoR: raises $0.08 to $0.10
Cammerrzr has timed out
Cammerrzr: folds 
RAAAAdik: folds 
alexiscarel7: folds 
MarceloRLC: raises $0.10 to $0.20
frosa9397: folds 
HadesAtila: folds 
EbinhoR: calls $0.10
*** FLOP *** [8c As 5d]
MarceloRLC: bets $0.10
EbinhoR: raises $0.10 to $0.20
MarceloRLC: raises $0.24 to $0.44
EbinhoR: calls $0.24
*** TURN *** [8c As 5d] [4s]
MarceloRLC: bets $0.23 and is all-in
EbinhoR: calls $0.23
*** RIVER *** [8c As 5d 4s] [6c]
*** SHOW DOWN ***
MarceloRLC: shows [Ks Ad] (a pair of Aces)
EbinhoR: shows [Ah Ac] (three of a kind, Aces)
EbinhoR collected $1.72 from pot
*** SUMMARY ***
Total pot $1.78 | Rake $0.06 
Board [8c As 5d 4s 6c]
Seat 1: frosa9397 (big blind) folded before Flop
Seat 2: HadesAtila folded before Flop
Seat 3: Dorex2007 folded before Flop (didn't bet)
Seat 4: SpeyFly_714 folded before Flop (didn't bet)
Seat 5: EbinhoR showed [Ah Ac] and won ($1.72) with three of a kind, Aces
Seat 6: Cammerrzr folded before Flop (didn't bet)
Seat 7: RAAAAdik folded before Flop (didn't bet)
Seat 8: alexiscarel7 (button) folded before Flop (didn't bet)
Seat 9: MarceloRLC (small blind) showed [Ks Ad] and lost with a pair of Aces



PokerStars Hand #237307683669:  Hold'em No Limit ($0.01/$0.02 USD) - 2022/07/11 19:44:51 PT [2022/07/11 22:44:51 ET]
Table 'Miriam' 9-max Seat #1 is the button
Seat 1: frosa9397 ($3.97 in chips) 
Seat 2: HadesAtila ($0.40 in chips) 
Seat 3: Dorex2007 ($2 in chips) 
Seat 4: SpeyFly_714 ($1.70 in chips) 
Seat 5: EbinhoR ($2.12 in chips) 
Seat 7: RAAAAdik ($2.49 in chips) 
Seat 8: alexiscarel7 ($2.68 in chips) 
HadesAtila: posts small blind $0.01
Dorex2007: posts big blind $0.02
*** HOLE CARDS ***
Dealt to Dorex2007 [4s Ah]
SpeyFly_714: folds 
EbinhoR: folds 
RAAAAdik: folds 
alexiscarel7: folds 
frosa9397: folds 
HadesAtila: calls $0.01
Dorex2007: checks 
*** FLOP *** [As 8c Ac]
HadesAtila: checks 
Dorex2007: checks 
*** TURN *** [As 8c Ac] [8h]
HadesAtila: checks 
Dorex2007: checks 
*** RIVER *** [As 8c Ac 8h] [6d]
HadesAtila: checks 
Dorex2007: bets $0.03
HadesAtila: folds 
Uncalled bet ($0.03) returned to Dorex2007
Dorex2007 collected $0.04 from pot
*** SUMMARY ***
Total pot $0.04 | Rake $0 
Board [As 8c Ac 8h 6d]
Seat 1: frosa9397 (button) folded before Flop (didn't bet)
Seat 2: HadesAtila (small blind) folded on the River
Seat 3: Dorex2007 (big blind) collected ($0.04)
Seat 4: SpeyFly_714 folded before Flop (didn't bet)
Seat 5: EbinhoR folded before Flop (didn't bet)
Seat 7: RAAAAdik folded before Flop (didn't bet)
Seat 8: alexiscarel7 folded before Flop (didn't bet)



PokerStars Hand #237307690693:  Hold'em No Limit ($0.01/$0.02 USD) - 2022/07/11 19:45:33 PT [2022/07/11 22:45:33 ET]
Table 'Miriam' 9-max Seat #2 is the button
Seat 1: frosa9397 ($3.97 in chips) 
Seat 2: HadesAtila ($0.38 in chips) 
Seat 3: Dorex2007 ($2.02 in chips) 
Seat 4: SpeyFly_714 ($1.70 in chips) 
Seat 5: EbinhoR ($2.12 in chips) 
Seat 6: Cammerrzr ($2.03 in chips) 
Seat 7: RAAAAdik ($2.49 in chips) 
Seat 8: alexiscarel7 ($2.68 in chips) 
Seat 9: MarceloRLC ($0.80 in chips) 
Dorex2007: posts small blind $0.01
SpeyFly_714: posts big blind $0.02
*** HOLE CARDS ***
Dealt to Dorex2007 [4c 3h]
EbinhoR: folds 
Cammerrzr has timed out
Cammerrzr: folds 
RAAAAdik: folds 
alexiscarel7: folds 
MarceloRLC: raises $0.03 to $0.05
frosa9397: calls $0.05
HadesAtila: folds 
Dorex2007: folds 
SpeyFly_714: folds 
*** FLOP *** [7d 8h Ad]
MarceloRLC: checks 
frosa9397: checks 
*** TURN *** [7d 8h Ad] [4h]
Cammerrzr is disconnected 
MarceloRLC: checks 
frosa9397: checks 
*** RIVER *** [7d 8h Ad 4h] [6d]
MarceloRLC: checks 
frosa9397: checks 
*** SHOW DOWN ***
MarceloRLC: shows [2h 2c] (a pair of Deuces)
frosa9397: mucks hand 
MarceloRLC collected $0.13 from pot
*** SUMMARY ***
Total pot $0.13 | Rake $0 
Board [7d 8h Ad 4h 6d]
Seat 1: frosa9397 mucked [Th Jd]
Seat 2: HadesAtila (button) folded before Flop (didn't bet)
Seat 3: Dorex2007 (small blind) folded before Flop
Seat 4: SpeyFly_714 (big blind) folded before Flop
Seat 5: EbinhoR folded before Flop (didn't bet)
Seat 6: Cammerrzr folded before Flop (didn't bet)
Seat 7: RAAAAdik folded before Flop (didn't bet)
Seat 8: alexiscarel7 folded before Flop (didn't bet)
Seat 9: MarceloRLC showed [2h 2c] and won ($0.13) with a pair of Deuces



PokerStars Hand #237307707810:  Hold'em No Limit ($0.01/$0.02 USD) - 2022/07/11 19:46:51 PT [2022/07/11 22:46:51 ET]
Table 'Miriam' 9-max Seat #3 is the button
Seat 1: frosa9397 ($3.92 in chips) 
Seat 2: HadesAtila ($0.38 in chips) 
Seat 3: Dorex2007 ($2.01 in chips) 
Seat 4: SpeyFly_714 ($1.68 in chips) 
Seat 5: EbinhoR ($2.12 in chips) 
Seat 7: RAAAAdik ($2.49 in chips) 
Seat 8: alexiscarel7 ($2.68 in chips) 
Seat 9: MarceloRLC ($0.88 in chips) 
SpeyFly_714: posts small blind $0.01
EbinhoR: posts big blind $0.02
*** HOLE CARDS ***
Dealt to Dorex2007 [Jd 4d]
RAAAAdik: folds 
alexiscarel7: calls $0.02
MarceloRLC: folds 
frosa9397: calls $0.02
HadesAtila: folds 
Dorex2007: folds 
SpeyFly_714: calls $0.01
EbinhoR: checks 
*** FLOP *** [Kd 5c Ad]
SpeyFly_714: checks 
EbinhoR: checks 
alexiscarel7: checks 
frosa9397: bets $0.06
SpeyFly_714: folds 
EbinhoR: folds 
alexiscarel7: folds 
Uncalled bet ($0.06) returned to frosa9397
frosa9397 collected $0.08 from pot
*** SUMMARY ***
Total pot $0.08 | Rake $0 
Board [Kd 5c Ad]
Seat 1: frosa9397 collected ($0.08)
Seat 2: HadesAtila folded before Flop (didn't bet)
Seat 3: Dorex2007 (button) folded before Flop (didn't bet)
Seat 4: SpeyFly_714 (small blind) folded on the Flop
Seat 5: EbinhoR (big blind) folded on the Flop
Seat 7: RAAAAdik folded before Flop (didn't bet)
Seat 8: alexiscarel7 folded on the Flop
Seat 9: MarceloRLC folded before Flop (didn't bet)



PokerStars Hand #237307718016:  Hold'em No Limit ($0.01/$0.02 USD) - 2022/07/11 19:47:53 PT [2022/07/11 22:47:53 ET]
Table 'Miriam' 9-max Seat #4 is the button
Seat 1: frosa9397 ($3.98 in chips) 
Seat 2: HadesAtila ($0.38 in chips) 
Seat 3: Dorex2007 ($2.01 in chips) 
Seat 4: SpeyFly_714 ($1.66 in chips) 
Seat 5: EbinhoR ($2.10 in chips) 
Seat 8: alexiscarel7 ($2.66 in chips) 
Seat 9: MarceloRLC ($0.88 in chips) 
EbinhoR: posts small blind $0.01
RAAAAdik: is sitting out 
alexiscarel7: posts big blind $0.02
*** HOLE CARDS ***
Dealt to Dorex2007 [4s 2h]
MarceloRLC: folds 
frosa9397: folds 
HadesAtila: folds 
Dorex2007: folds 
RAAAAdik leaves the table
SpeyFly_714: folds 
EbinhoR: calls $0.01
alexiscarel7: checks 
*** FLOP *** [6c Qc 6s]
EbinhoR: checks 
alexiscarel7: checks 
*** TURN *** [6c Qc 6s] [Kh]
EbinhoR: checks 
alexiscarel7: bets $0.02
EbinhoR: folds 
Uncalled bet ($0.02) returned to alexiscarel7
alexiscarel7 collected $0.04 from pot
*** SUMMARY ***
Total pot $0.04 | Rake $0 
Board [6c Qc 6s Kh]
Seat 1: frosa9397 folded before Flop (didn't bet)
Seat 2: HadesAtila folded before Flop (didn't bet)
Seat 3: Dorex2007 folded before Flop (didn't bet)
Seat 4: SpeyFly_714 (button) folded before Flop (didn't bet)
Seat 5: EbinhoR (small blind) folded on the Turn
Seat 8: alexiscarel7 (big blind) collected ($0.04)
Seat 9: MarceloRLC folded before Flop (didn't bet)



PokerStars Hand #237307725511:  Hold'em No Limit ($0.01/$0.02 USD) - 2022/07/11 19:48:39 PT [2022/07/11 22:48:39 ET]
Table 'Miriam' 9-max Seat #5 is the button
Seat 1: frosa9397 ($3.98 in chips) 
Seat 2: HadesAtila ($0.38 in chips) 
Seat 3: Dorex2007 ($2.01 in chips) 
Seat 4: SpeyFly_714 ($1.66 in chips) 
Seat 5: EbinhoR ($2.08 in chips) 
Seat 8: alexiscarel7 ($2.68 in chips) 
Seat 9: MarceloRLC ($0.88 in chips) 
alexiscarel7: posts small blind $0.01
MarceloRLC: posts big blind $0.02
*** HOLE CARDS ***
Dealt to Dorex2007 [2c 9d]
frosa9397: calls $0.02
HadesAtila: calls $0.02
Dorex2007: folds 
Cammerrzr is disconnected 
SpeyFly_714: folds 
EbinhoR: calls $0.02
alexiscarel7: calls $0.01
MarceloRLC: checks 
*** FLOP *** [Ad 5h Jd]
alexiscarel7: checks 
MarceloRLC: checks 
frosa9397: checks 
HadesAtila: checks 
EbinhoR: checks 
*** TURN *** [Ad 5h Jd] [7c]
alexiscarel7: checks 
MarceloRLC: checks 
frosa9397: checks 
HadesAtila: checks 
EbinhoR: checks 
*** RIVER *** [Ad 5h Jd 7c] [Qc]
alexiscarel7: checks 
MarceloRLC: checks 
frosa9397: checks 
HadesAtila: checks 
EbinhoR: checks 
*** SHOW DOWN ***
alexiscarel7: shows [Ts 6s] (high card Ace)
MarceloRLC: shows [Qd 4h] (a pair of Queens)
frosa9397: mucks hand 
HadesAtila: shows [Qh Kc] (a pair of Queens - Ace+King kicker)
EbinhoR: mucks hand 
HadesAtila collected $0.10 from pot
*** SUMMARY ***
Total pot $0.10 | Rake $0 
Board [Ad 5h Jd 7c Qc]
Seat 1: frosa9397 mucked [4c 3c]
Seat 2: HadesAtila showed [Qh Kc] and won ($0.10) with a pair of Queens
Seat 3: Dorex2007 folded before Flop (didn't bet)
Seat 4: SpeyFly_714 folded before Flop (didn't bet)
Seat 5: EbinhoR (button) mucked [6d Tc]
Seat 8: alexiscarel7 (small blind) showed [Ts 6s] and lost with high card Ace
Seat 9: MarceloRLC (big blind) showed [Qd 4h] and lost with a pair of Queens



PokerStars Hand #237307739110:  Hold'em No Limit ($0.01/$0.02 USD) - 2022/07/11 19:50:03 PT [2022/07/11 22:50:03 ET]
Table 'Miriam' 9-max Seat #8 is the button
Seat 1: frosa9397 ($3.96 in chips) 
Seat 2: HadesAtila ($0.46 in chips) 
Seat 3: Dorex2007 ($2.01 in chips) 
Seat 4: SpeyFly_714 ($1.66 in chips) 
Seat 5: EbinhoR ($2.06 in chips) 
Seat 8: alexiscarel7 ($2.66 in chips) 
Seat 9: MarceloRLC ($0.86 in chips) 
MarceloRLC: posts small blind $0.01
frosa9397: posts big blind $0.02
*** HOLE CARDS ***
Dealt to Dorex2007 [9h 9s]
HadesAtila: folds 
Dorex2007: calls $0.02
firvale1 joins the table at seat #7 
SpeyFly_714: calls $0.02
EbinhoR: folds 
alexiscarel7: folds 
MarceloRLC: calls $0.01
firvale1 leaves the table
frosa9397: checks 
*** FLOP *** [9d Ts Th]
MarceloRLC: checks 
frosa9397: checks 
Dorex2007: checks 
SpeyFly_714: bets $0.03
MarceloRLC: folds 
frosa9397: folds 
Dorex2007: calls $0.03
*** TURN *** [9d Ts Th] [Qh]
Dorex2007: checks 
SpeyFly_714: bets $0.06
Dorex2007: raises $1.90 to $1.96 and is all-in
SpeyFly_714: calls $1.55 and is all-in
Uncalled bet ($0.35) returned to Dorex2007
*** RIVER *** [9d Ts Th Qh] [Jh]
*** SHOW DOWN ***
Dorex2007: shows [9h 9s] (a full house, Nines full of Tens)
SpeyFly_714: shows [Kh Tc] (a straight, Nine to King)
Dorex2007 cashed out the hand for $2.70 | Cash Out Fee $0.03
SpeyFly_714 cashed out the hand for $0.50 | Cash Out Fee $0.01
*** SUMMARY ***
Total pot $3.36 | Rake $0.12 
Board [9d Ts Th Qh Jh]
Seat 1: frosa9397 (big blind) folded on the Flop
Seat 2: HadesAtila folded before Flop (didn't bet)
Seat 3: Dorex2007 showed [9h 9s] and won ($3.24) with a full house, Nines full of Tens (pot not awarded as player cashed out)
Seat 4: SpeyFly_714 showed [Kh Tc] and lost with a straight, Nine to King (cashed out).
Seat 5: EbinhoR folded before Flop (didn't bet)
Seat 8: alexiscarel7 (button) folded before Flop (didn't bet)
Seat 9: MarceloRLC (small blind) folded on the Flop



PokerStars Hand #237307751665:  Hold'em No Limit ($0.01/$0.02 USD) - 2022/07/11 19:51:20 PT [2022/07/11 22:51:20 ET]
Table 'Miriam' 9-max Seat #9 is the button
Seat 1: frosa9397 ($3.94 in chips) 
Seat 2: HadesAtila ($0.46 in chips) 
Seat 3: Dorex2007 ($3.05 in chips) 
Seat 4: SpeyFly_714 ($0.50 in chips) 
Seat 5: EbinhoR ($2.06 in chips) 
Seat 8: alexiscarel7 ($2.66 in chips) 
Seat 9: MarceloRLC ($0.84 in chips) 
frosa9397: posts small blind $0.01
HadesAtila: posts big blind $0.02
*** HOLE CARDS ***
Dealt to Dorex2007 [8h 8d]
Dorex2007 has timed out
Dorex2007: folds 
SpeyFly_714 has timed out
SpeyFly_714: folds 
EbinhoR: folds 
alexiscarel7: folds 
MarceloRLC: folds 
frosa9397: calls $0.01
HadesAtila: raises $0.04 to $0.06
frosa9397: calls $0.04
*** FLOP *** [5d 3c 2d]
2772bar joins the table at seat #7 
frosa9397: bets $0.08
HadesAtila: raises $0.08 to $0.16
frosa9397: calls $0.08
*** TURN *** [5d 3c 2d] [9c]
frosa9397: bets $0.23
HadesAtila: raises $0.01 to $0.24 and is all-in
frosa9397: calls $0.01
*** RIVER *** [5d 3c 2d 9c] [5h]
*** SHOW DOWN ***
frosa9397: shows [3h 3d] (a full house, Threes full of Fives)
HadesAtila: shows [As Ah] (two pair, Aces and Fives)
frosa9397 collected $0.89 from pot
*** SUMMARY ***
Total pot $0.92 | Rake $0.03 
Board [5d 3c 2d 9c 5h]
Seat 1: frosa9397 (small blind) showed [3h 3d] and won ($0.89) with a full house, Threes full of Fives
Seat 2: HadesAtila (big blind) showed [As Ah] and lost with two pair, Aces and Fives
Seat 3: Dorex2007 folded before Flop (didn't bet)
Seat 4: SpeyFly_714 folded before Flop (didn't bet)
Seat 5: EbinhoR folded before Flop (didn't bet)
Seat 8: alexiscarel7 folded before Flop (didn't bet)
Seat 9: MarceloRLC (button) folded before Flop (didn't bet)



PokerStars Hand #237307766659:  Hold'em No Limit ($0.01/$0.02 USD) - 2022/07/11 19:52:53 PT [2022/07/11 22:52:53 ET]
Table 'Miriam' 9-max Seat #1 is the button
Seat 1: frosa9397 ($4.37 in chips) 
Seat 3: Dorex2007 ($3.05 in chips) 
Seat 5: EbinhoR ($2.06 in chips) 
Seat 7: 2772bar ($2 in chips) 
Seat 8: alexiscarel7 ($2.66 in chips) 
Seat 9: MarceloRLC ($0.84 in chips) 
Dorex2007: posts small blind $0.01
SpeyFly_714: is sitting out 
EbinhoR: posts big blind $0.02
SpeyFly_714 leaves the table
2772bar: posts big blind $0.02
*** HOLE CARDS ***
Dealt to Dorex2007 [9h 5s]
HadesAtila is disconnected 
2772bar: raises $0.10 to $0.12
alexiscarel7: folds 
MarceloRLC: folds 
frosa9397: folds 
Dorex2007: folds 
EbinhoR: folds 
Uncalled bet ($0.10) returned to 2772bar
2772bar collected $0.05 from pot
*** SUMMARY ***
Total pot $0.05 | Rake $0 
Seat 1: frosa9397 (button) folded before Flop (didn't bet)
Seat 3: Dorex2007 (small blind) folded before Flop
Seat 5: EbinhoR (big blind) folded before Flop
Seat 7: 2772bar collected ($0.05)
Seat 8: alexiscarel7 folded before Flop (didn't bet)
Seat 9: MarceloRLC folded before Flop (didn't bet)



PokerStars Hand #237307770293:  Hold'em No Limit ($0.01/$0.02 USD) - 2022/07/11 19:53:15 PT [2022/07/11 22:53:15 ET]
Table 'Miriam' 9-max Seat #3 is the button
Seat 1: frosa9397 ($4.37 in chips) 
Seat 3: Dorex2007 ($3.04 in chips) 
Seat 5: EbinhoR ($2.04 in chips) 
Seat 7: 2772bar ($2.03 in chips) 
Seat 8: alexiscarel7 ($2.66 in chips) 
Seat 9: MarceloRLC ($0.84 in chips) 
EbinhoR: posts small blind $0.01
2772bar: posts big blind $0.02
*** HOLE CARDS ***
Dealt to Dorex2007 [Jc Qs]
alexiscarel7: folds 
abufirs joins the table at seat #4 
MarceloRLC: folds 
frosa9397: folds 
Dorex2007: calls $0.02
EbinhoR: calls $0.01
2772bar: raises $0.08 to $0.10
Dorex2007: folds 
EbinhoR: folds 
Uncalled bet ($0.08) returned to 2772bar
2772bar collected $0.06 from pot
*** SUMMARY ***
Total pot $0.06 | Rake $0 
Seat 1: frosa9397 folded before Flop (didn't bet)
Seat 3: Dorex2007 (button) folded before Flop
Seat 5: EbinhoR (small blind) folded before Flop
Seat 7: 2772bar (big blind) collected ($0.06)
Seat 8: alexiscarel7 folded before Flop (didn't bet)
Seat 9: MarceloRLC folded before Flop (didn't bet)



PokerStars Hand #237307775655:  Hold'em No Limit ($0.01/$0.02 USD) - 2022/07/11 19:53:48 PT [2022/07/11 22:53:48 ET]
Table 'Miriam' 9-max Seat #5 is the button
Seat 1: frosa9397 ($4.37 in chips) 
Seat 3: Dorex2007 ($3.02 in chips) 
Seat 5: EbinhoR ($2.02 in chips) 
Seat 7: 2772bar ($2.07 in chips) 
Seat 8: alexiscarel7 ($2.66 in chips) 
Seat 9: MarceloRLC ($0.84 in chips) 
2772bar: posts small blind $0.01
alexiscarel7: posts big blind $0.02
abufirs has timed out while disconnected
abufirs: is sitting out 
*** HOLE CARDS ***
Dealt to Dorex2007 [5s Ac]
MarceloRLC: raises $0.03 to $0.05
frosa9397: folds 
Dorex2007: folds 
EbinhoR: folds 
EbinhoR leaves the table
2772bar: folds 
2772bar is disconnected 
alexiscarel7: folds 
Uncalled bet ($0.03) returned to MarceloRLC
MarceloRLC collected $0.05 from pot
*** SUMMARY ***
Total pot $0.05 | Rake $0 
Seat 1: frosa9397 folded before Flop (didn't bet)
Seat 3: Dorex2007 folded before Flop (didn't bet)
Seat 5: EbinhoR (button) folded before Flop (didn't bet)
Seat 7: 2772bar (small blind) folded before Flop
Seat 8: alexiscarel7 (big blind) folded before Flop
Seat 9: MarceloRLC collected ($0.05)



PokerStars Hand #237307780435:  Hold'em No Limit ($0.01/$0.02 USD) - 2022/07/11 19:54:18 PT [2022/07/11 22:54:18 ET]
Table 'Miriam' 9-max Seat #7 is the button
Seat 1: frosa9397 ($4.37 in chips) 
Seat 3: Dorex2007 ($3.02 in chips) 
Seat 7: 2772bar ($2.06 in chips) 
Seat 8: alexiscarel7 ($2.64 in chips) 
Seat 9: MarceloRLC ($0.87 in chips) 
alexiscarel7: posts small blind $0.01
MarceloRLC: posts big blind $0.02
*** HOLE CARDS ***
Dealt to Dorex2007 [6c 4h]
frosa9397: folds 
Dorex2007 has timed out
Dorex2007: folds 
2772bar has timed out while disconnected
2772bar: folds 
alexiscarel7: raises $0.04 to $0.06
MarceloRLC: folds 
Uncalled bet ($0.04) returned to alexiscarel7
alexiscarel7 collected $0.04 from pot
*** SUMMARY ***
Total pot $0.04 | Rake $0 
Seat 1: frosa9397 folded before Flop (didn't bet)
Seat 3: Dorex2007 folded before Flop (didn't bet)
Seat 7: 2772bar (button) folded before Flop (didn't bet)
Seat 8: alexiscarel7 (small blind) collected ($0.04)
Seat 9: MarceloRLC (big blind) folded before Flop



PokerStars Hand #237307787039:  Hold'em No Limit ($0.01/$0.02 USD) - 2022/07/11 19:54:59 PT [2022/07/11 22:54:59 ET]
Table 'Miriam' 9-max Seat #8 is the button
Seat 1: frosa9397 ($4.37 in chips) 
Seat 3: Dorex2007 ($3.02 in chips) 
Seat 8: alexiscarel7 ($2.66 in chips) 
Seat 9: MarceloRLC ($0.85 in chips) 
MarceloRLC: posts small blind $0.01
frosa9397: posts big blind $0.02
abufirs has timed out
abufirs: is sitting out 
*** HOLE CARDS ***
Dealt to Dorex2007 [Jd Qh]
abufirs is disconnected 
Dorex2007: raises $0.04 to $0.06
alexiscarel7: folds 
MarceloRLC: folds 
frosa9397: folds 
Uncalled bet ($0.04) returned to Dorex2007
Dorex2007 collected $0.05 from pot
*** SUMMARY ***
Total pot $0.05 | Rake $0 
Seat 1: frosa9397 (big blind) folded before Flop
Seat 3: Dorex2007 collected ($0.05)
Seat 8: alexiscarel7 (button) folded before Flop (didn't bet)
Seat 9: MarceloRLC (small blind) folded before Flop



PokerStars Hand #237307791393:  Hold'em No Limit ($0.01/$0.02 USD) - 2022/07/11 19:55:31 PT [2022/07/11 22:55:31 ET]
Table 'Miriam' 9-max Seat #9 is the button
Seat 1: frosa9397 ($4.35 in chips) 
Seat 3: Dorex2007 ($3.05 in chips) 
Seat 8: alexiscarel7 ($2.66 in chips) 
Seat 9: MarceloRLC ($0.84 in chips) 
frosa9397: posts small blind $0.01
Dorex2007: posts big blind $0.02
*** HOLE CARDS ***
Dealt to Dorex2007 [Kd 2d]
alexiscarel7: folds 
MarceloRLC: raises $0.04 to $0.06
frosa9397: folds 
Dorex2007: folds 
Uncalled bet ($0.04) returned to MarceloRLC
MarceloRLC collected $0.05 from pot
*** SUMMARY ***
Total pot $0.05 | Rake $0 
Seat 1: frosa9397 (small blind) folded before Flop
Seat 3: Dorex2007 (big blind) folded before Flop
Seat 8: alexiscarel7 folded before Flop (didn't bet)
Seat 9: MarceloRLC (button) collected ($0.05)



PokerStars Hand #237307794191:  Hold'em No Limit ($0.01/$0.02 USD) - 2022/07/11 19:55:51 PT [2022/07/11 22:55:51 ET]
Table 'Miriam' 9-max Seat #1 is the button
Seat 1: frosa9397 ($4.34 in chips) 
Seat 3: Dorex2007 ($3.03 in chips) 
Seat 9: MarceloRLC ($0.87 in chips) 
Dorex2007: posts small blind $0.01
alexiscarel7: is sitting out 
MarceloRLC: posts big blind $0.02
*** HOLE CARDS ***
Dealt to Dorex2007 [Kd 9d]
frosa9397: calls $0.02
Dorex2007: calls $0.01
MarceloRLC: checks 
*** FLOP *** [8s 7d 4c]
Dorex2007: checks 
abufirs is disconnected 
alexiscarel7 leaves the table
MarceloRLC: checks 
frosa9397: checks 
*** TURN *** [8s 7d 4c] [5d]
Dorex2007: bets $0.02
MarceloRLC: calls $0.02
frosa9397: folds 
*** RIVER *** [8s 7d 4c 5d] [Ad]
Dorex2007: bets $0.26
MarceloRLC: calls $0.26
*** SHOW DOWN ***
Dorex2007: shows [Kd 9d] (a flush, Ace high)
MarceloRLC: mucks hand 
Dorex2007 collected $0.60 from pot
*** SUMMARY ***
Total pot $0.62 | Rake $0.02 
Board [8s 7d 4c 5d Ad]
Seat 1: frosa9397 (button) folded on the Turn
Seat 3: Dorex2007 (small blind) showed [Kd 9d] and won ($0.60) with a flush, Ace high
Seat 9: MarceloRLC (big blind) mucked [6d 7c]



PokerStars Hand #237307802549:  Hold'em No Limit ($0.01/$0.02 USD) - 2022/07/11 19:56:54 PT [2022/07/11 22:56:54 ET]
Table 'Miriam' 9-max Seat #3 is the button
Seat 1: frosa9397 ($4.32 in chips) 
Seat 3: Dorex2007 ($3.33 in chips) 
Seat 9: MarceloRLC ($0.57 in chips) 
MarceloRLC: posts small blind $0.01
frosa9397: posts big blind $0.02
*** HOLE CARDS ***
Dealt to Dorex2007 [3s 7c]
Dorex2007: folds 
MarceloRLC: posts small blind $0.01
frosa9397: posts big blind $0.02
Dealt to Dorex2007 [3s 7c] [3s 7c]
Dorex2007: folds 
Dorex2007 leaves the table
MarceloRLC: calls $0.01
frosa9397: checks 
*** FLOP *** [Qc 5c 3c]
MarceloRLC: checks 
frosa9397: checks 
*** TURN *** [Qc 5c 3c] [Ad]
MarceloRLC: checks 
frosa9397: checks 
*** RIVER *** [Qc 5c 3c Ad] [Td]
MarceloRLC: checks 
frosa9397: bets $0.02
MarceloRLC: calls $0.02
*** SHOW DOWN ***
frosa9397: shows [Ts 3d] (two pair, Tens and Threes)
MarceloRLC: mucks hand 
frosa9397 collected $0.08 from pot
*** SUMMARY ***
Total pot $0.08 | Rake $0 
Board [Qc 5c 3c Ad Td]
Seat 1: frosa9397 (big blind) showed [Ts 3d] and won ($0.08) with two pair, Tens and Threes
Seat 3: Dorex2007 (button) folded before Flop (didn't bet)
Seat 9: MarceloRLC (small blind) mucked [5h 8h]



