PokerStars Hand #238883963418:  Hold'em No Limit ($0.02/$0.05 USD) - 2022/09/26 20:04:13 PT [2022/09/26 23:04:13 ET]
Table 'Crocus' 9-max Seat #7 is the button
Seat 1: GrooshBadoosh ($12.34 in chips) 
Seat 4: Chapeee ($5.56 in chips) 
Seat 5: iggypop85 ($5.13 in chips) 
Seat 6: Dorex2007 ($5 in chips) 
Seat 7: ColinCave ($5.99 in chips) 
Seat 8: renansuguino1 ($5 in chips) 
Seat 9: Lagosha ($5 in chips) 
renansuguino1: posts small blind $0.02
Lagosha: posts big blind $0.05
richard4848: sits out 
soldim327: sits out 
Dorex2007: posts big blind $0.05
*** HOLE CARDS ***
Dealt to Dorex2007 [8h 3h]
GrooshBadoosh: folds 
Chapeee: raises $0.15 to $0.20
iggypop85: folds 
Dorex2007: folds 
ColinCave: folds 
renansuguino1: calls $0.18
Lagosha: folds 
*** FLOP *** [2h 5c Tc]
renansuguino1: checks 
Chapeee: bets $0.16
renansuguino1: folds 
Uncalled bet ($0.16) returned to Chapeee
Chapeee collected $0.48 from pot
Chapeee: doesn't show hand 
*** SUMMARY ***
Total pot $0.50 | Rake $0.02 
Board [2h 5c Tc]
Seat 1: GrooshBadoosh folded before Flop (didn't bet)
Seat 4: Chapeee collected ($0.48)
Seat 5: iggypop85 folded before Flop (didn't bet)
Seat 6: Dorex2007 folded before Flop (didn't bet)
Seat 7: ColinCave (button) folded before Flop (didn't bet)
Seat 8: renansuguino1 (small blind) folded on the Flop
Seat 9: Lagosha (big blind) folded before Flop



PokerStars Hand #238883969270:  Hold'em No Limit ($0.02/$0.05 USD) - 2022/09/26 20:04:51 PT [2022/09/26 23:04:51 ET]
Table 'Crocus' 9-max Seat #8 is the button
Seat 1: GrooshBadoosh ($12.34 in chips) 
Seat 4: Chapeee ($5.84 in chips) 
Seat 5: iggypop85 ($5.13 in chips) 
Seat 6: Dorex2007 ($5 in chips) 
Seat 7: ColinCave ($5.99 in chips) 
Seat 8: renansuguino1 ($5 in chips) 
Seat 9: Lagosha ($5 in chips) 
Lagosha: posts small blind $0.02
GrooshBadoosh: posts big blind $0.05
richard4848: sits out 
soldim327: sits out 
*** HOLE CARDS ***
Dealt to Dorex2007 [4c As]
Chapeee: folds 
iggypop85: folds 
Dorex2007: folds 
ColinCave: folds 
renansuguino1: folds 
Lagosha: folds 
Uncalled bet ($0.03) returned to GrooshBadoosh
iggypop85 is disconnected 
GrooshBadoosh collected $0.04 from pot
*** SUMMARY ***
Total pot $0.04 | Rake $0 
Seat 1: GrooshBadoosh (big blind) collected ($0.04)
Seat 4: Chapeee folded before Flop (didn't bet)
Seat 5: iggypop85 folded before Flop (didn't bet)
Seat 6: Dorex2007 folded before Flop (didn't bet)
Seat 7: ColinCave folded before Flop (didn't bet)
Seat 8: renansuguino1 (button) folded before Flop (didn't bet)
Seat 9: Lagosha (small blind) folded before Flop



PokerStars Hand #238883971268:  Hold'em No Limit ($0.02/$0.05 USD) - 2022/09/26 20:05:04 PT [2022/09/26 23:05:04 ET]
Table 'Crocus' 9-max Seat #9 is the button
Seat 1: GrooshBadoosh ($12.36 in chips) 
Seat 2: richard4848 ($5 in chips) 
Seat 4: Chapeee ($5.84 in chips) 
Seat 5: iggypop85 ($5.13 in chips) 
Seat 6: Dorex2007 ($5 in chips) 
Seat 7: ColinCave ($5.99 in chips) 
Seat 8: renansuguino1 ($5 in chips) 
Seat 9: Lagosha ($5 in chips) 
GrooshBadoosh: posts small blind $0.02
richard4848: posts big blind $0.05
soldim327: sits out 
*** HOLE CARDS ***
Dealt to Dorex2007 [5d 3d]
Chapeee: folds 
iggypop85 has timed out while disconnected
iggypop85: folds 
Dorex2007: folds 
ColinCave: raises $0.07 to $0.12
renansuguino1: folds 
Lagosha: folds 
GrooshBadoosh: folds 
richard4848: folds 
Uncalled bet ($0.07) returned to ColinCave
ColinCave collected $0.12 from pot
*** SUMMARY ***
Total pot $0.12 | Rake $0 
Seat 1: GrooshBadoosh (small blind) folded before Flop
Seat 2: richard4848 (big blind) folded before Flop
Seat 4: Chapeee folded before Flop (didn't bet)
Seat 5: iggypop85 folded before Flop (didn't bet)
Seat 6: Dorex2007 folded before Flop (didn't bet)
Seat 7: ColinCave collected ($0.12)
Seat 8: renansuguino1 folded before Flop (didn't bet)
Seat 9: Lagosha (button) folded before Flop (didn't bet)



PokerStars Hand #238883974806:  Hold'em No Limit ($0.02/$0.05 USD) - 2022/09/26 20:05:28 PT [2022/09/26 23:05:28 ET]
Table 'Crocus' 9-max Seat #1 is the button
Seat 1: GrooshBadoosh ($12.34 in chips) 
Seat 2: richard4848 ($4.95 in chips) 
Seat 3: soldim327 ($5 in chips) 
Seat 4: Chapeee ($5.84 in chips) 
Seat 6: Dorex2007 ($5 in chips) 
Seat 7: ColinCave ($6.06 in chips) 
Seat 8: renansuguino1 ($5 in chips) 
Seat 9: Lagosha ($5 in chips) 
richard4848: posts small blind $0.02
soldim327: posts big blind $0.05
*** HOLE CARDS ***
Dealt to Dorex2007 [6d 3s]
Chapeee: folds 
Dorex2007: folds 
ColinCave: folds 
renansuguino1: folds 
Lagosha: raises $0.10 to $0.15
GrooshBadoosh: calls $0.15
richard4848: folds 
soldim327: folds 
*** FLOP *** [As Jd 9c]
Lagosha: bets $0.17
GrooshBadoosh: calls $0.17
*** TURN *** [As Jd 9c] [8c]
Lagosha: bets $0.51
GrooshBadoosh: calls $0.51
*** RIVER *** [As Jd 9c 8c] [5h]
Lagosha: checks 
GrooshBadoosh: bets $0.55
Lagosha: calls $0.55
*** SHOW DOWN ***
GrooshBadoosh: shows [Ad 5c] (two pair, Aces and Fives)
Lagosha: shows [Ah 8s] (two pair, Aces and Eights)
Lagosha collected $2.71 from pot
*** SUMMARY ***
Total pot $2.83 | Rake $0.12 
Board [As Jd 9c 8c 5h]
Seat 1: GrooshBadoosh (button) showed [Ad 5c] and lost with two pair, Aces and Fives
Seat 2: richard4848 (small blind) folded before Flop
Seat 3: soldim327 (big blind) folded before Flop
Seat 4: Chapeee folded before Flop (didn't bet)
Seat 6: Dorex2007 folded before Flop (didn't bet)
Seat 7: ColinCave folded before Flop (didn't bet)
Seat 8: renansuguino1 folded before Flop (didn't bet)
Seat 9: Lagosha showed [Ah 8s] and won ($2.71) with two pair, Aces and Eights



PokerStars Hand #238883982961:  Hold'em No Limit ($0.02/$0.05 USD) - 2022/09/26 20:06:21 PT [2022/09/26 23:06:21 ET]
Table 'Crocus' 9-max Seat #2 is the button
Seat 1: GrooshBadoosh ($10.96 in chips) 
Seat 2: richard4848 ($5 in chips) 
Seat 3: soldim327 ($5 in chips) 
Seat 5: iggypop85 ($5.13 in chips) 
Seat 6: Dorex2007 ($5 in chips) 
Seat 7: ColinCave ($6.06 in chips) 
Seat 8: renansuguino1 ($5 in chips) 
Seat 9: Lagosha ($6.33 in chips) 
soldim327: posts small blind $0.02
Chapeee: is sitting out 
iggypop85: posts big blind $0.05
*** HOLE CARDS ***
Dealt to Dorex2007 [Kd 9c]
Chapeee leaves the table
Dorex2007: folds 
dessa78 joins the table at seat #4 
ColinCave: folds 
renansuguino1: folds 
Lagosha: folds 
GrooshBadoosh: folds 
richard4848 has timed out
richard4848: folds 
soldim327: raises $0.07 to $0.12
iggypop85: folds 
Uncalled bet ($0.07) returned to soldim327
soldim327 collected $0.10 from pot
soldim327: doesn't show hand 
*** SUMMARY ***
Total pot $0.10 | Rake $0 
Seat 1: GrooshBadoosh folded before Flop (didn't bet)
Seat 2: richard4848 (button) folded before Flop (didn't bet)
Seat 3: soldim327 (small blind) collected ($0.10)
Seat 5: iggypop85 (big blind) folded before Flop
Seat 6: Dorex2007 folded before Flop (didn't bet)
Seat 7: ColinCave folded before Flop (didn't bet)
Seat 8: renansuguino1 folded before Flop (didn't bet)
Seat 9: Lagosha folded before Flop (didn't bet)



PokerStars Hand #238883987206:  Hold'em No Limit ($0.02/$0.05 USD) - 2022/09/26 20:06:49 PT [2022/09/26 23:06:49 ET]
Table 'Crocus' 9-max Seat #3 is the button
Seat 1: GrooshBadoosh ($10.96 in chips) 
Seat 2: richard4848 ($5 in chips) 
Seat 3: soldim327 ($5.05 in chips) 
Seat 5: iggypop85 ($5.08 in chips) 
Seat 6: Dorex2007 ($5 in chips) 
Seat 7: ColinCave ($6.06 in chips) 
Seat 8: renansuguino1 ($5 in chips) 
Seat 9: Lagosha ($6.33 in chips) 
iggypop85: posts small blind $0.02
Dorex2007: posts big blind $0.05
*** HOLE CARDS ***
Dealt to Dorex2007 [7s 3d]
ColinCave: calls $0.05
renansuguino1: folds 
Lagosha: folds 
GrooshBadoosh: raises $0.05 to $0.10
richard4848: raises $0.20 to $0.30
soldim327: folds 
iggypop85: folds 
Dorex2007: folds 
ColinCave: folds 
GrooshBadoosh: calls $0.20
*** FLOP *** [4s 9d 2s]
ColinCave leaves the table
GrooshBadoosh: checks 
richard4848: bets $0.45
GrooshBadoosh: calls $0.45
*** TURN *** [4s 9d 2s] [3c]
Ti-Lex19 joins the table at seat #7 
GrooshBadoosh: checks 
richard4848: checks 
*** RIVER *** [4s 9d 2s 3c] [Qh]
Ti-Lex19 leaves the table
GrooshBadoosh: bets $0.50
richard4848: folds 
Uncalled bet ($0.50) returned to GrooshBadoosh
GrooshBadoosh collected $1.55 from pot
*** SUMMARY ***
Total pot $1.62 | Rake $0.07 
Board [4s 9d 2s 3c Qh]
Seat 1: GrooshBadoosh collected ($1.55)
Seat 2: richard4848 folded on the River
Seat 3: soldim327 (button) folded before Flop (didn't bet)
Seat 5: iggypop85 (small blind) folded before Flop
Seat 6: Dorex2007 (big blind) folded before Flop
Seat 7: ColinCave folded before Flop
Seat 8: renansuguino1 folded before Flop (didn't bet)
Seat 9: Lagosha folded before Flop (didn't bet)



PokerStars Hand #238883998687:  Hold'em No Limit ($0.02/$0.05 USD) - 2022/09/26 20:08:04 PT [2022/09/26 23:08:04 ET]
Table 'Crocus' 9-max Seat #5 is the button
Seat 1: GrooshBadoosh ($11.76 in chips) 
Seat 2: richard4848 ($4.25 in chips) 
Seat 3: soldim327 ($5.05 in chips) 
Seat 5: iggypop85 ($5.06 in chips) 
Seat 6: Dorex2007 ($5 in chips) 
Seat 8: renansuguino1 ($5 in chips) 
Seat 9: Lagosha ($6.33 in chips) 
Dorex2007: posts small blind $0.02
renansuguino1: posts big blind $0.05
dessa78: sits out 
*** HOLE CARDS ***
Dealt to Dorex2007 [7c Ks]
jusssssssstin joins the table at seat #7 
Lagosha: folds 
GrooshBadoosh: folds 
richard4848: raises $0.10 to $0.15
soldim327: folds 
Lagosha leaves the table
iggypop85: calls $0.15
Dorex2007: folds 
BluffOnTable joins the table at seat #9 
renansuguino1: calls $0.10
*** FLOP *** [Jd 8s 2d]
renansuguino1: checks 
richard4848: checks 
iggypop85: checks 
*** TURN *** [Jd 8s 2d] [5d]
renansuguino1: checks 
richard4848: checks 
iggypop85: checks 
*** RIVER *** [Jd 8s 2d 5d] [As]
renansuguino1: checks 
richard4848: bets $0.15
iggypop85: folds 
renansuguino1: folds 
Uncalled bet ($0.15) returned to richard4848
richard4848 collected $0.45 from pot
richard4848: doesn't show hand 
*** SUMMARY ***
Total pot $0.47 | Rake $0.02 
Board [Jd 8s 2d 5d As]
Seat 1: GrooshBadoosh folded before Flop (didn't bet)
Seat 2: richard4848 collected ($0.45)
Seat 3: soldim327 folded before Flop (didn't bet)
Seat 5: iggypop85 (button) folded on the River
Seat 6: Dorex2007 (small blind) folded before Flop
Seat 8: renansuguino1 (big blind) folded on the River
Seat 9: Lagosha folded before Flop (didn't bet)



PokerStars Hand #238884006073:  Hold'em No Limit ($0.02/$0.05 USD) - 2022/09/26 20:08:54 PT [2022/09/26 23:08:54 ET]
Table 'Crocus' 9-max Seat #6 is the button
Seat 1: GrooshBadoosh ($11.76 in chips) 
Seat 2: richard4848 ($5 in chips) 
Seat 3: soldim327 ($5.05 in chips) 
Seat 5: iggypop85 ($4.91 in chips) 
Seat 6: Dorex2007 ($5 in chips) 
Seat 8: renansuguino1 ($5 in chips) 
Seat 9: BluffOnTable ($5 in chips) 
renansuguino1: posts small blind $0.02
BluffOnTable: posts big blind $0.05
dessa78: sits out 
*** HOLE CARDS ***
Dealt to Dorex2007 [3h Ad]
GrooshBadoosh: folds 
richard4848: folds 
soldim327: folds 
iggypop85: folds 
Dorex2007: folds 
renansuguino1: raises $0.05 to $0.10
BluffOnTable: folds 
Uncalled bet ($0.05) returned to renansuguino1
renansuguino1 collected $0.10 from pot
*** SUMMARY ***
Total pot $0.10 | Rake $0 
Seat 1: GrooshBadoosh folded before Flop (didn't bet)
Seat 2: richard4848 folded before Flop (didn't bet)
Seat 3: soldim327 folded before Flop (didn't bet)
Seat 5: iggypop85 folded before Flop (didn't bet)
Seat 6: Dorex2007 (button) folded before Flop (didn't bet)
Seat 8: renansuguino1 (small blind) collected ($0.10)
Seat 9: BluffOnTable (big blind) folded before Flop



PokerStars Hand #238884008956:  Hold'em No Limit ($0.02/$0.05 USD) - 2022/09/26 20:09:13 PT [2022/09/26 23:09:13 ET]
Table 'Crocus' 9-max Seat #8 is the button
Seat 1: GrooshBadoosh ($11.76 in chips) 
Seat 2: richard4848 ($5 in chips) 
Seat 3: soldim327 ($5.05 in chips) 
Seat 5: iggypop85 ($4.91 in chips) 
Seat 6: Dorex2007 ($5 in chips) 
Seat 8: renansuguino1 ($5.05 in chips) 
Seat 9: BluffOnTable ($5 in chips) 
BluffOnTable: posts small blind $0.02
GrooshBadoosh: posts big blind $0.05
dessa78: sits out 
jusssssssstin: sits out 
*** HOLE CARDS ***
Dealt to Dorex2007 [Tc Jc]
richard4848: folds 
soldim327: folds 
iggypop85: folds 
Dorex2007: raises $0.05 to $0.10
renansuguino1: calls $0.10
BluffOnTable: folds 
GrooshBadoosh: folds 
*** FLOP *** [As 3d Th]
Dorex2007: checks 
renansuguino1: bets $0.13
Dorex2007: calls $0.13
*** TURN *** [As 3d Th] [4h]
Dorex2007: checks 
renansuguino1: bets $0.30
Dorex2007: calls $0.30
*** RIVER *** [As 3d Th 4h] [6c]
Dorex2007: checks 
renansuguino1: bets $0.54
Dorex2007: folds 
Uncalled bet ($0.54) returned to renansuguino1
renansuguino1 collected $1.08 from pot
*** SUMMARY ***
Total pot $1.13 | Rake $0.05 
Board [As 3d Th 4h 6c]
Seat 1: GrooshBadoosh (big blind) folded before Flop
Seat 2: richard4848 folded before Flop (didn't bet)
Seat 3: soldim327 folded before Flop (didn't bet)
Seat 5: iggypop85 folded before Flop (didn't bet)
Seat 6: Dorex2007 folded on the River
Seat 8: renansuguino1 (button) collected ($1.08)
Seat 9: BluffOnTable (small blind) folded before Flop



PokerStars Hand #238884015524:  Hold'em No Limit ($0.02/$0.05 USD) - 2022/09/26 20:09:56 PT [2022/09/26 23:09:56 ET]
Table 'Crocus' 9-max Seat #9 is the button
Seat 1: GrooshBadoosh ($11.71 in chips) 
Seat 2: richard4848 ($5 in chips) 
Seat 3: soldim327 ($5.05 in chips) 
Seat 5: iggypop85 ($4.91 in chips) 
Seat 6: Dorex2007 ($5 in chips) 
Seat 8: renansuguino1 ($5.60 in chips) 
Seat 9: BluffOnTable ($5 in chips) 
GrooshBadoosh: posts small blind $0.02
richard4848: posts big blind $0.05
dessa78: sits out 
jusssssssstin: sits out 
*** HOLE CARDS ***
Dealt to Dorex2007 [4d 7d]
soldim327: folds 
iggypop85: folds 
Dorex2007: folds 
renansuguino1: folds 
BluffOnTable has timed out
BluffOnTable: folds 
GrooshBadoosh: raises $0.05 to $0.10
richard4848: folds 
Uncalled bet ($0.05) returned to GrooshBadoosh
GrooshBadoosh collected $0.10 from pot
*** SUMMARY ***
Total pot $0.10 | Rake $0 
Seat 1: GrooshBadoosh (small blind) collected ($0.10)
Seat 2: richard4848 (big blind) folded before Flop
Seat 3: soldim327 folded before Flop (didn't bet)
Seat 5: iggypop85 folded before Flop (didn't bet)
Seat 6: Dorex2007 folded before Flop (didn't bet)
Seat 8: renansuguino1 folded before Flop (didn't bet)
Seat 9: BluffOnTable (button) folded before Flop (didn't bet)



PokerStars Hand #238884019872:  Hold'em No Limit ($0.02/$0.05 USD) - 2022/09/26 20:10:25 PT [2022/09/26 23:10:25 ET]
Table 'Crocus' 9-max Seat #1 is the button
Seat 1: GrooshBadoosh ($11.76 in chips) 
Seat 2: richard4848 ($4.95 in chips) 
Seat 3: soldim327 ($5.05 in chips) 
Seat 5: iggypop85 ($4.91 in chips) 
Seat 6: Dorex2007 ($5 in chips) 
Seat 8: renansuguino1 ($5.60 in chips) 
Seat 9: BluffOnTable ($5 in chips) 
richard4848: posts small blind $0.02
soldim327: posts big blind $0.05
dessa78: sits out 
jusssssssstin: sits out 
*** HOLE CARDS ***
Dealt to Dorex2007 [Td 5s]
iggypop85: folds 
Dorex2007: folds 
renansuguino1: raises $0.10 to $0.15
BluffOnTable: folds 
iggypop85 is disconnected 
GrooshBadoosh: calls $0.15
richard4848: calls $0.13
soldim327: folds 
*** FLOP *** [4h 9h Qs]
richard4848: checks 
renansuguino1: checks 
GrooshBadoosh: checks 
*** TURN *** [4h 9h Qs] [3h]
richard4848: checks 
renansuguino1: checks 
GrooshBadoosh: checks 
*** RIVER *** [4h 9h Qs 3h] [6s]
richard4848: checks 
renansuguino1: checks 
GrooshBadoosh: checks 
*** SHOW DOWN ***
richard4848: shows [Js Ad] (high card Ace)
renansuguino1: mucks hand 
GrooshBadoosh: mucks hand 
richard4848 collected $0.48 from pot
*** SUMMARY ***
Total pot $0.50 | Rake $0.02 
Board [4h 9h Qs 3h 6s]
Seat 1: GrooshBadoosh (button) mucked [Tc 7c]
Seat 2: richard4848 (small blind) showed [Js Ad] and won ($0.48) with high card Ace
Seat 3: soldim327 (big blind) folded before Flop
Seat 5: iggypop85 folded before Flop (didn't bet)
Seat 6: Dorex2007 folded before Flop (didn't bet)
Seat 8: renansuguino1 mucked [As 7s]
Seat 9: BluffOnTable folded before Flop (didn't bet)



PokerStars Hand #238884028854:  Hold'em No Limit ($0.02/$0.05 USD) - 2022/09/26 20:11:25 PT [2022/09/26 23:11:25 ET]
Table 'Crocus' 9-max Seat #2 is the button
Seat 1: GrooshBadoosh ($11.61 in chips) 
Seat 2: richard4848 ($5.28 in chips) 
Seat 3: soldim327 ($5 in chips) 
Seat 4: dessa78 ($5 in chips) 
Seat 5: iggypop85 ($4.91 in chips) 
Seat 6: Dorex2007 ($5 in chips) 
Seat 8: renansuguino1 ($5.45 in chips) 
Seat 9: BluffOnTable ($5 in chips) 
soldim327: posts small blind $0.02
dessa78: posts big blind $0.05
jusssssssstin: sits out 
*** HOLE CARDS ***
Dealt to Dorex2007 [Qd 4h]
iggypop85 has timed out while disconnected
iggypop85: folds 
Dorex2007: folds 
renansuguino1: folds 
BluffOnTable: folds 
GrooshBadoosh: folds 
richard4848: folds 
soldim327: folds 
Uncalled bet ($0.03) returned to dessa78
dessa78 collected $0.04 from pot
*** SUMMARY ***
Total pot $0.04 | Rake $0 
Seat 1: GrooshBadoosh folded before Flop (didn't bet)
Seat 2: richard4848 (button) folded before Flop (didn't bet)
Seat 3: soldim327 (small blind) folded before Flop
Seat 4: dessa78 (big blind) collected ($0.04)
Seat 5: iggypop85 folded before Flop (didn't bet)
Seat 6: Dorex2007 folded before Flop (didn't bet)
Seat 8: renansuguino1 folded before Flop (didn't bet)
Seat 9: BluffOnTable folded before Flop (didn't bet)



PokerStars Hand #238884033350:  Hold'em No Limit ($0.02/$0.05 USD) - 2022/09/26 20:11:55 PT [2022/09/26 23:11:55 ET]
Table 'Crocus' 9-max Seat #3 is the button
Seat 1: GrooshBadoosh ($11.61 in chips) 
Seat 2: richard4848 ($5.28 in chips) 
Seat 3: soldim327 ($5 in chips) 
Seat 4: dessa78 ($5.02 in chips) 
Seat 5: iggypop85 ($4.91 in chips) 
Seat 6: Dorex2007 ($5 in chips) 
Seat 8: renansuguino1 ($5.45 in chips) 
Seat 9: BluffOnTable ($5 in chips) 
dessa78: posts small blind $0.02
iggypop85: posts big blind $0.05
jusssssssstin: sits out 
*** HOLE CARDS ***
Dealt to Dorex2007 [4d Jd]
Dorex2007: folds 
renansuguino1: raises $0.10 to $0.15
BluffOnTable: folds 
GrooshBadoosh: folds 
richard4848: folds 
soldim327: folds 
dessa78: folds 
iggypop85: folds 
Uncalled bet ($0.10) returned to renansuguino1
renansuguino1 collected $0.12 from pot
*** SUMMARY ***
Total pot $0.12 | Rake $0 
Seat 1: GrooshBadoosh folded before Flop (didn't bet)
Seat 2: richard4848 folded before Flop (didn't bet)
Seat 3: soldim327 (button) folded before Flop (didn't bet)
Seat 4: dessa78 (small blind) folded before Flop
Seat 5: iggypop85 (big blind) folded before Flop
Seat 6: Dorex2007 folded before Flop (didn't bet)
Seat 8: renansuguino1 collected ($0.12)
Seat 9: BluffOnTable folded before Flop (didn't bet)



PokerStars Hand #238884037784:  Hold'em No Limit ($0.02/$0.05 USD) - 2022/09/26 20:12:25 PT [2022/09/26 23:12:25 ET]
Table 'Crocus' 9-max Seat #4 is the button
Seat 1: GrooshBadoosh ($11.61 in chips) 
Seat 2: richard4848 ($5.28 in chips) 
Seat 3: soldim327 ($5 in chips) 
Seat 4: dessa78 ($5 in chips) 
Seat 5: iggypop85 ($4.86 in chips) 
Seat 6: Dorex2007 ($5 in chips) 
Seat 8: renansuguino1 ($5.52 in chips) 
Seat 9: BluffOnTable ($5 in chips) 
iggypop85: posts small blind $0.02
Dorex2007: posts big blind $0.05
jusssssssstin: sits out 
*** HOLE CARDS ***
Dealt to Dorex2007 [7d 6c]
renansuguino1 has timed out
renansuguino1: folds 
BluffOnTable: folds 
GrooshBadoosh: folds 
richard4848: folds 
soldim327: folds 
dessa78: folds 
iggypop85: folds 
Uncalled bet ($0.03) returned to Dorex2007
Dorex2007 collected $0.04 from pot
Dorex2007: doesn't show hand 
*** SUMMARY ***
Total pot $0.04 | Rake $0 
Seat 1: GrooshBadoosh folded before Flop (didn't bet)
Seat 2: richard4848 folded before Flop (didn't bet)
Seat 3: soldim327 folded before Flop (didn't bet)
Seat 4: dessa78 (button) folded before Flop (didn't bet)
Seat 5: iggypop85 (small blind) folded before Flop
Seat 6: Dorex2007 (big blind) collected ($0.04)
Seat 8: renansuguino1 folded before Flop (didn't bet)
Seat 9: BluffOnTable folded before Flop (didn't bet)



PokerStars Hand #238884041930:  Hold'em No Limit ($0.02/$0.05 USD) - 2022/09/26 20:12:53 PT [2022/09/26 23:12:53 ET]
Table 'Crocus' 9-max Seat #5 is the button
Seat 1: GrooshBadoosh ($11.61 in chips) 
Seat 2: richard4848 ($5.28 in chips) 
Seat 3: soldim327 ($5 in chips) 
Seat 4: dessa78 ($5 in chips) 
Seat 5: iggypop85 ($4.84 in chips) 
Seat 6: Dorex2007 ($5.02 in chips) 
Seat 7: jusssssssstin ($5 in chips) 
Seat 8: renansuguino1 ($5.52 in chips) 
Seat 9: BluffOnTable ($5 in chips) 
Dorex2007: posts small blind $0.02
jusssssssstin: posts big blind $0.05
*** HOLE CARDS ***
Dealt to Dorex2007 [Qc 8d]
renansuguino1: calls $0.05
BluffOnTable: calls $0.05
GrooshBadoosh: folds 
richard4848: folds 
soldim327: folds 
dessa78: folds 
iggypop85: folds 
Dorex2007: folds 
jusssssssstin: checks 
*** FLOP *** [Kh Qh Ac]
jusssssssstin: checks 
renansuguino1: bets $0.10
BluffOnTable: calls $0.10
jusssssssstin: folds 
*** TURN *** [Kh Qh Ac] [8s]
renansuguino1: bets $0.25
BluffOnTable: folds 
Uncalled bet ($0.25) returned to renansuguino1
renansuguino1 collected $0.35 from pot
*** SUMMARY ***
Total pot $0.37 | Rake $0.02 
Board [Kh Qh Ac 8s]
Seat 1: GrooshBadoosh folded before Flop (didn't bet)
Seat 2: richard4848 folded before Flop (didn't bet)
Seat 3: soldim327 folded before Flop (didn't bet)
Seat 4: dessa78 folded before Flop (didn't bet)
Seat 5: iggypop85 (button) folded before Flop (didn't bet)
Seat 6: Dorex2007 (small blind) folded before Flop
Seat 7: jusssssssstin (big blind) folded on the Flop
Seat 8: renansuguino1 collected ($0.35)
Seat 9: BluffOnTable folded on the Turn



PokerStars Hand #238884049402:  Hold'em No Limit ($0.02/$0.05 USD) - 2022/09/26 20:13:43 PT [2022/09/26 23:13:43 ET]
Table 'Crocus' 9-max Seat #6 is the button
Seat 1: GrooshBadoosh ($11.61 in chips) 
Seat 2: richard4848 ($5.28 in chips) 
Seat 3: soldim327 ($5 in chips) 
Seat 4: dessa78 ($5 in chips) 
Seat 5: iggypop85 ($4.84 in chips) 
Seat 6: Dorex2007 ($5 in chips) 
Seat 7: jusssssssstin ($5 in chips) 
Seat 8: renansuguino1 ($5.72 in chips) 
Seat 9: BluffOnTable ($5 in chips) 
jusssssssstin: posts small blind $0.02
renansuguino1: posts big blind $0.05
*** HOLE CARDS ***
Dealt to Dorex2007 [7h Qd]
BluffOnTable: folds 
GrooshBadoosh: raises $0.05 to $0.10
richard4848: calls $0.10
soldim327: folds 
dessa78 has timed out
dessa78: folds 
iggypop85: folds 
Dorex2007: folds 
jusssssssstin: raises $0.35 to $0.45
renansuguino1: folds 
GrooshBadoosh: calls $0.35
richard4848: folds 
*** FLOP *** [Th 5s 9c]
jusssssssstin: bets $0.65
GrooshBadoosh: folds 
Uncalled bet ($0.65) returned to jusssssssstin
jusssssssstin collected $1.01 from pot
jusssssssstin: doesn't show hand 
*** SUMMARY ***
Total pot $1.05 | Rake $0.04 
Board [Th 5s 9c]
Seat 1: GrooshBadoosh folded on the Flop
Seat 2: richard4848 folded before Flop
Seat 3: soldim327 folded before Flop (didn't bet)
Seat 4: dessa78 folded before Flop (didn't bet)
Seat 5: iggypop85 folded before Flop (didn't bet)
Seat 6: Dorex2007 (button) folded before Flop (didn't bet)
Seat 7: jusssssssstin (small blind) collected ($1.01)
Seat 8: renansuguino1 (big blind) folded before Flop
Seat 9: BluffOnTable folded before Flop (didn't bet)



PokerStars Hand #238884059855:  Hold'em No Limit ($0.02/$0.05 USD) - 2022/09/26 20:14:53 PT [2022/09/26 23:14:53 ET]
Table 'Crocus' 9-max Seat #7 is the button
Seat 1: GrooshBadoosh ($11.16 in chips) 
Seat 2: richard4848 ($5.18 in chips) 
Seat 3: soldim327 ($5 in chips) 
Seat 4: dessa78 ($5 in chips) 
Seat 5: iggypop85 ($4.84 in chips) 
Seat 6: Dorex2007 ($5 in chips) 
Seat 7: jusssssssstin ($5.56 in chips) 
Seat 8: renansuguino1 ($5.67 in chips) 
Seat 9: BluffOnTable ($5 in chips) 
renansuguino1: posts small blind $0.02
BluffOnTable: posts big blind $0.05
*** HOLE CARDS ***
Dealt to Dorex2007 [Ad Ts]
GrooshBadoosh: folds 
richard4848: folds 
soldim327: folds 
dessa78: folds 
iggypop85: folds 
Dorex2007: raises $0.10 to $0.15
jusssssssstin: calls $0.15
renansuguino1: calls $0.13
BluffOnTable: folds 
*** FLOP *** [Qc 8s Qd]
renansuguino1: checks 
Dorex2007: checks 
jusssssssstin: bets $0.43
renansuguino1: folds 
Dorex2007: folds 
Uncalled bet ($0.43) returned to jusssssssstin
jusssssssstin collected $0.48 from pot
jusssssssstin: doesn't show hand 
*** SUMMARY ***
Total pot $0.50 | Rake $0.02 
Board [Qc 8s Qd]
Seat 1: GrooshBadoosh folded before Flop (didn't bet)
Seat 2: richard4848 folded before Flop (didn't bet)
Seat 3: soldim327 folded before Flop (didn't bet)
Seat 4: dessa78 folded before Flop (didn't bet)
Seat 5: iggypop85 folded before Flop (didn't bet)
Seat 6: Dorex2007 folded on the Flop
Seat 7: jusssssssstin (button) collected ($0.48)
Seat 8: renansuguino1 (small blind) folded on the Flop
Seat 9: BluffOnTable (big blind) folded before Flop



PokerStars Hand #238884065417:  Hold'em No Limit ($0.02/$0.05 USD) - 2022/09/26 20:15:31 PT [2022/09/26 23:15:31 ET]
Table 'Crocus' 9-max Seat #8 is the button
Seat 1: GrooshBadoosh ($11.16 in chips) 
Seat 2: richard4848 ($5.18 in chips) 
Seat 3: soldim327 ($5 in chips) 
Seat 4: dessa78 ($5 in chips) 
Seat 5: iggypop85 ($4.84 in chips) 
Seat 6: Dorex2007 ($5 in chips) 
Seat 7: jusssssssstin ($5.89 in chips) 
Seat 8: renansuguino1 ($5.52 in chips) 
Seat 9: BluffOnTable ($5 in chips) 
BluffOnTable: posts small blind $0.02
GrooshBadoosh: posts big blind $0.05
*** HOLE CARDS ***
Dealt to Dorex2007 [Jc 3d]
richard4848: folds 
soldim327: folds 
dessa78: raises $0.05 to $0.10
iggypop85: folds 
Dorex2007: folds 
jusssssssstin: folds 
renansuguino1: folds 
BluffOnTable: raises $0.55 to $0.65
GrooshBadoosh: folds 
dessa78: folds 
Uncalled bet ($0.55) returned to BluffOnTable
BluffOnTable collected $0.25 from pot
BluffOnTable: doesn't show hand 
*** SUMMARY ***
Total pot $0.25 | Rake $0 
Seat 1: GrooshBadoosh (big blind) folded before Flop
Seat 2: richard4848 folded before Flop (didn't bet)
Seat 3: soldim327 folded before Flop (didn't bet)
Seat 4: dessa78 folded before Flop
Seat 5: iggypop85 folded before Flop (didn't bet)
Seat 6: Dorex2007 folded before Flop (didn't bet)
Seat 7: jusssssssstin folded before Flop (didn't bet)
Seat 8: renansuguino1 (button) folded before Flop (didn't bet)
Seat 9: BluffOnTable (small blind) collected ($0.25)



PokerStars Hand #238884070786:  Hold'em No Limit ($0.02/$0.05 USD) - 2022/09/26 20:16:07 PT [2022/09/26 23:16:07 ET]
Table 'Crocus' 9-max Seat #9 is the button
Seat 1: GrooshBadoosh ($11.11 in chips) 
Seat 2: richard4848 ($5.18 in chips) 
Seat 3: soldim327 ($5 in chips) 
Seat 4: dessa78 ($4.90 in chips) 
Seat 5: iggypop85 ($4.84 in chips) 
Seat 6: Dorex2007 ($5 in chips) 
Seat 7: jusssssssstin ($5.89 in chips) 
Seat 8: renansuguino1 ($5.52 in chips) 
Seat 9: BluffOnTable ($5.15 in chips) 
GrooshBadoosh: posts small blind $0.02
richard4848: posts big blind $0.05
*** HOLE CARDS ***
Dealt to Dorex2007 [3c 2h]
soldim327: folds 
dessa78: folds 
iggypop85: folds 
Dorex2007: folds 
jusssssssstin has timed out
jusssssssstin: folds 
renansuguino1: raises $0.05 to $0.10
BluffOnTable: folds 
iggypop85 is disconnected 
GrooshBadoosh: calls $0.08
richard4848: folds 
*** FLOP *** [Tc 5h 2d]
GrooshBadoosh: bets $0.10
renansuguino1: calls $0.10
*** TURN *** [Tc 5h 2d] [Kd]
GrooshBadoosh: checks 
renansuguino1: checks 
*** RIVER *** [Tc 5h 2d Kd] [2s]
GrooshBadoosh: checks 
renansuguino1: folds 
renansuguino1 leaves the table
GrooshBadoosh collected $0.43 from pot
*** SUMMARY ***
Total pot $0.45 | Rake $0.02 
Board [Tc 5h 2d Kd 2s]
Seat 1: GrooshBadoosh (small blind) collected ($0.43)
Seat 2: richard4848 (big blind) folded before Flop
Seat 3: soldim327 folded before Flop (didn't bet)
Seat 4: dessa78 folded before Flop (didn't bet)
Seat 5: iggypop85 folded before Flop (didn't bet)
Seat 6: Dorex2007 folded before Flop (didn't bet)
Seat 7: jusssssssstin folded before Flop (didn't bet)
Seat 8: renansuguino1 folded on the River
Seat 9: BluffOnTable (button) folded before Flop (didn't bet)



PokerStars Hand #238884082522:  Hold'em No Limit ($0.02/$0.05 USD) - 2022/09/26 20:17:26 PT [2022/09/26 23:17:26 ET]
Table 'Crocus' 9-max Seat #1 is the button
Seat 1: GrooshBadoosh ($11.34 in chips) 
Seat 2: richard4848 ($5.13 in chips) 
Seat 3: soldim327 ($5 in chips) 
Seat 4: dessa78 ($4.90 in chips) 
Seat 5: iggypop85 ($4.84 in chips) 
Seat 6: Dorex2007 ($5 in chips) 
Seat 7: jusssssssstin ($5.89 in chips) 
Seat 9: BluffOnTable ($5.15 in chips) 
richard4848: posts small blind $0.02
soldim327: posts big blind $0.05
*** HOLE CARDS ***
Dealt to Dorex2007 [8h Ts]
dessa78: folds 
iggypop85 has timed out while disconnected
iggypop85: folds 
Dorex2007: folds 
jusssssssstin: folds 
BluffOnTable: folds 
GrooshBadoosh: folds 
richard4848: folds 
Uncalled bet ($0.03) returned to soldim327
soldim327 collected $0.04 from pot
soldim327: doesn't show hand 
*** SUMMARY ***
Total pot $0.04 | Rake $0 
Seat 1: GrooshBadoosh (button) folded before Flop (didn't bet)
Seat 2: richard4848 (small blind) folded before Flop
Seat 3: soldim327 (big blind) collected ($0.04)
Seat 4: dessa78 folded before Flop (didn't bet)
Seat 5: iggypop85 folded before Flop (didn't bet)
Seat 6: Dorex2007 folded before Flop (didn't bet)
Seat 7: jusssssssstin folded before Flop (didn't bet)
Seat 9: BluffOnTable folded before Flop (didn't bet)



PokerStars Hand #238884085193:  Hold'em No Limit ($0.02/$0.05 USD) - 2022/09/26 20:17:44 PT [2022/09/26 23:17:44 ET]
Table 'Crocus' 9-max Seat #2 is the button
Seat 1: GrooshBadoosh ($11.34 in chips) 
Seat 2: richard4848 ($5.11 in chips) 
Seat 3: soldim327 ($5.02 in chips) 
Seat 4: dessa78 ($4.90 in chips) 
Seat 6: Dorex2007 ($5 in chips) 
Seat 7: jusssssssstin ($5.89 in chips) 
Seat 9: BluffOnTable ($5.15 in chips) 
soldim327: posts small blind $0.02
dessa78: posts big blind $0.05
*** HOLE CARDS ***
Dealt to Dorex2007 [4s Ks]
Dorex2007: folds 
jusssssssstin: folds 
BluffOnTable: folds 
GrooshBadoosh: folds 
richard4848: raises $0.10 to $0.15
soldim327: folds 
dessa78: folds 
Uncalled bet ($0.10) returned to richard4848
richard4848 collected $0.12 from pot
richard4848: doesn't show hand 
*** SUMMARY ***
Total pot $0.12 | Rake $0 
Seat 1: GrooshBadoosh folded before Flop (didn't bet)
Seat 2: richard4848 (button) collected ($0.12)
Seat 3: soldim327 (small blind) folded before Flop
Seat 4: dessa78 (big blind) folded before Flop
Seat 6: Dorex2007 folded before Flop (didn't bet)
Seat 7: jusssssssstin folded before Flop (didn't bet)
Seat 9: BluffOnTable folded before Flop (didn't bet)



PokerStars Hand #238884089178:  Hold'em No Limit ($0.02/$0.05 USD) - 2022/09/26 20:18:11 PT [2022/09/26 23:18:11 ET]
Table 'Crocus' 9-max Seat #3 is the button
Seat 1: GrooshBadoosh ($11.34 in chips) 
Seat 2: richard4848 ($5.18 in chips) 
Seat 3: soldim327 ($5 in chips) 
Seat 4: dessa78 ($4.85 in chips) 
Seat 5: iggypop85 ($4.84 in chips) 
Seat 6: Dorex2007 ($5 in chips) 
Seat 7: jusssssssstin ($5.89 in chips) 
Seat 9: BluffOnTable ($5.15 in chips) 
dessa78: posts small blind $0.02
iggypop85: posts big blind $0.05
*** HOLE CARDS ***
Dealt to Dorex2007 [Tc Ad]
Dorex2007: folds 
jusssssssstin: folds 
BluffOnTable: folds 
GrooshBadoosh: folds 
richard4848: folds 
soldim327: folds 
dessa78: calls $0.03
iggypop85: raises $0.10 to $0.15
dessa78: folds 
Uncalled bet ($0.10) returned to iggypop85
iggypop85 collected $0.10 from pot
*** SUMMARY ***
Total pot $0.10 | Rake $0 
Seat 1: GrooshBadoosh folded before Flop (didn't bet)
Seat 2: richard4848 folded before Flop (didn't bet)
Seat 3: soldim327 (button) folded before Flop (didn't bet)
Seat 4: dessa78 (small blind) folded before Flop
Seat 5: iggypop85 (big blind) collected ($0.10)
Seat 6: Dorex2007 folded before Flop (didn't bet)
Seat 7: jusssssssstin folded before Flop (didn't bet)
Seat 9: BluffOnTable folded before Flop (didn't bet)



PokerStars Hand #238884093287:  Hold'em No Limit ($0.02/$0.05 USD) - 2022/09/26 20:18:39 PT [2022/09/26 23:18:39 ET]
Table 'Crocus' 9-max Seat #4 is the button
Seat 1: GrooshBadoosh ($11.34 in chips) 
Seat 2: richard4848 ($5.18 in chips) 
Seat 3: soldim327 ($5 in chips) 
Seat 4: dessa78 ($4.80 in chips) 
Seat 5: iggypop85 ($4.89 in chips) 
Seat 6: Dorex2007 ($5 in chips) 
Seat 7: jusssssssstin ($5.89 in chips) 
Seat 9: BluffOnTable ($5.15 in chips) 
iggypop85: posts small blind $0.02
Dorex2007: posts big blind $0.05
*** HOLE CARDS ***
Dealt to Dorex2007 [4s Th]
Sr ÁviIa joins the table at seat #8 
jusssssssstin: raises $0.10 to $0.15
BluffOnTable: folds 
GrooshBadoosh: raises $0.30 to $0.45
richard4848: folds 
soldim327: folds 
dessa78: folds 
iggypop85: folds 
Dorex2007: folds 
jusssssssstin: raises $0.97 to $1.42
GrooshBadoosh: calls $0.97
*** FLOP *** [Jh 5h 2s]
jusssssssstin: bets $1.75
GrooshBadoosh: folds 
Uncalled bet ($1.75) returned to jusssssssstin
jusssssssstin collected $2.79 from pot
jusssssssstin: doesn't show hand 
*** SUMMARY ***
Total pot $2.91 | Rake $0.12 
Board [Jh 5h 2s]
Seat 1: GrooshBadoosh folded on the Flop
Seat 2: richard4848 folded before Flop (didn't bet)
Seat 3: soldim327 folded before Flop (didn't bet)
Seat 4: dessa78 (button) folded before Flop (didn't bet)
Seat 5: iggypop85 (small blind) folded before Flop
Seat 6: Dorex2007 (big blind) folded before Flop
Seat 7: jusssssssstin collected ($2.79)
Seat 9: BluffOnTable folded before Flop (didn't bet)



PokerStars Hand #238884103279:  Hold'em No Limit ($0.02/$0.05 USD) - 2022/09/26 20:19:47 PT [2022/09/26 23:19:47 ET]
Table 'Crocus' 9-max Seat #5 is the button
Seat 1: GrooshBadoosh ($9.92 in chips) 
Seat 2: richard4848 ($5.18 in chips) 
Seat 3: soldim327 ($5 in chips) 
Seat 4: dessa78 ($4.80 in chips) 
Seat 5: iggypop85 ($4.87 in chips) 
Seat 6: Dorex2007 ($5 in chips) 
Seat 7: jusssssssstin ($7.26 in chips) 
Seat 9: BluffOnTable ($5.15 in chips) 
Dorex2007: posts small blind $0.02
jusssssssstin: posts big blind $0.05
Sr ÁviIa: sits out 
*** HOLE CARDS ***
Dealt to Dorex2007 [Th Qh]
BluffOnTable has timed out
BluffOnTable: folds 
GrooshBadoosh: folds 
richard4848: folds 
soldim327: folds 
dessa78: folds 
iggypop85: folds 
Dorex2007: raises $0.05 to $0.10
jusssssssstin: calls $0.05
*** FLOP *** [4h 7h Kd]
Dorex2007: checks 
jusssssssstin: bets $0.14
Dorex2007: calls $0.14
*** TURN *** [4h 7h Kd] [7d]
Dorex2007: checks 
jusssssssstin: bets $0.36
Dorex2007: calls $0.36
*** RIVER *** [4h 7h Kd 7d] [2c]
Dorex2007: checks 
jusssssssstin: checks 
*** SHOW DOWN ***
Dorex2007: shows [Th Qh] (a pair of Sevens)
jusssssssstin: mucks hand 
Dorex2007 collected $1.15 from pot
*** SUMMARY ***
Total pot $1.20 | Rake $0.05 
Board [4h 7h Kd 7d 2c]
Seat 1: GrooshBadoosh folded before Flop (didn't bet)
Seat 2: richard4848 folded before Flop (didn't bet)
Seat 3: soldim327 folded before Flop (didn't bet)
Seat 4: dessa78 folded before Flop (didn't bet)
Seat 5: iggypop85 (button) folded before Flop (didn't bet)
Seat 6: Dorex2007 (small blind) showed [Th Qh] and won ($1.15) with a pair of Sevens
Seat 7: jusssssssstin (big blind) mucked [3h Jh]
Seat 9: BluffOnTable folded before Flop (didn't bet)



PokerStars Hand #238884111995:  Hold'em No Limit ($0.02/$0.05 USD) - 2022/09/26 20:20:47 PT [2022/09/26 23:20:47 ET]
Table 'Crocus' 9-max Seat #6 is the button
Seat 1: GrooshBadoosh ($9.92 in chips) 
Seat 2: richard4848 ($5.18 in chips) 
Seat 3: soldim327 ($5 in chips) 
Seat 4: dessa78 ($4.80 in chips) 
Seat 5: iggypop85 ($4.87 in chips) 
Seat 6: Dorex2007 ($5.55 in chips) 
Seat 7: jusssssssstin ($6.66 in chips) 
Seat 8: Sr ÁviIa ($5 in chips) 
Seat 9: BluffOnTable ($5.15 in chips) 
jusssssssstin: posts small blind $0.02
Sr ÁviIa: posts big blind $0.05
*** HOLE CARDS ***
Dealt to Dorex2007 [5h 8s]
BluffOnTable: folds 
GrooshBadoosh: folds 
richard4848: folds 
soldim327: folds 
dessa78: folds 
iggypop85: raises $0.10 to $0.15
Dorex2007: folds 
jusssssssstin: folds 
Sr ÁviIa: calls $0.10
*** FLOP *** [Kd Ah 5s]
Sr ÁviIa: checks 
iggypop85: checks 
*** TURN *** [Kd Ah 5s] [9c]
Sr ÁviIa: bets $0.31
iggypop85: folds 
Uncalled bet ($0.31) returned to Sr ÁviIa
Sr ÁviIa collected $0.31 from pot
Sr ÁviIa: doesn't show hand 
*** SUMMARY ***
Total pot $0.32 | Rake $0.01 
Board [Kd Ah 5s 9c]
Seat 1: GrooshBadoosh folded before Flop (didn't bet)
Seat 2: richard4848 folded before Flop (didn't bet)
Seat 3: soldim327 folded before Flop (didn't bet)
Seat 4: dessa78 folded before Flop (didn't bet)
Seat 5: iggypop85 folded on the Turn
Seat 6: Dorex2007 (button) folded before Flop (didn't bet)
Seat 7: jusssssssstin (small blind) folded before Flop
Seat 8: Sr ÁviIa (big blind) collected ($0.31)
Seat 9: BluffOnTable folded before Flop (didn't bet)



PokerStars Hand #238884117939:  Hold'em No Limit ($0.02/$0.05 USD) - 2022/09/26 20:21:28 PT [2022/09/26 23:21:28 ET]
Table 'Crocus' 9-max Seat #7 is the button
Seat 1: GrooshBadoosh ($9.92 in chips) 
Seat 2: richard4848 ($5.18 in chips) 
Seat 3: soldim327 ($5 in chips) 
Seat 4: dessa78 ($4.80 in chips) 
Seat 5: iggypop85 ($4.72 in chips) 
Seat 6: Dorex2007 ($5.55 in chips) 
Seat 7: jusssssssstin ($6.64 in chips) 
Seat 8: Sr ÁviIa ($5.16 in chips) 
Seat 9: BluffOnTable ($5.15 in chips) 
Sr ÁviIa: posts small blind $0.02
BluffOnTable: posts big blind $0.05
*** HOLE CARDS ***
Dealt to Dorex2007 [7c Kh]
GrooshBadoosh: folds 
richard4848: folds 
soldim327: raises $0.07 to $0.12
dessa78: raises $0.31 to $0.43
iggypop85: folds 
Dorex2007: folds 
jusssssssstin: folds 
Sr ÁviIa: folds 
BluffOnTable: folds 
soldim327: folds 
Uncalled bet ($0.31) returned to dessa78
dessa78 collected $0.31 from pot
*** SUMMARY ***
Total pot $0.31 | Rake $0 
Seat 1: GrooshBadoosh folded before Flop (didn't bet)
Seat 2: richard4848 folded before Flop (didn't bet)
Seat 3: soldim327 folded before Flop
Seat 4: dessa78 collected ($0.31)
Seat 5: iggypop85 folded before Flop (didn't bet)
Seat 6: Dorex2007 folded before Flop (didn't bet)
Seat 7: jusssssssstin (button) folded before Flop (didn't bet)
Seat 8: Sr ÁviIa (small blind) folded before Flop
Seat 9: BluffOnTable (big blind) folded before Flop



PokerStars Hand #238884122924:  Hold'em No Limit ($0.02/$0.05 USD) - 2022/09/26 20:22:02 PT [2022/09/26 23:22:02 ET]
Table 'Crocus' 9-max Seat #8 is the button
Seat 1: GrooshBadoosh ($9.92 in chips) 
Seat 2: richard4848 ($5.18 in chips) 
Seat 3: soldim327 ($5 in chips) 
Seat 4: dessa78 ($4.99 in chips) 
Seat 5: iggypop85 ($4.72 in chips) 
Seat 6: Dorex2007 ($5.55 in chips) 
Seat 7: jusssssssstin ($6.64 in chips) 
Seat 8: Sr ÁviIa ($5.14 in chips) 
Seat 9: BluffOnTable ($5.10 in chips) 
BluffOnTable: posts small blind $0.02
GrooshBadoosh: posts big blind $0.05
*** HOLE CARDS ***
Dealt to Dorex2007 [8c 6h]
richard4848: folds 
soldim327: folds 
dessa78: calls $0.05
iggypop85: folds 
Dorex2007: folds 
jusssssssstin: folds 
Sr ÁviIa: folds 
BluffOnTable: folds 
GrooshBadoosh: raises $0.10 to $0.15
dessa78: calls $0.10
*** FLOP *** [4d 4c 5h]
GrooshBadoosh: bets $0.10
dessa78: calls $0.10
*** TURN *** [4d 4c 5h] [7d]
GrooshBadoosh: checks 
iggypop85 is disconnected 
dessa78: checks 
*** RIVER *** [4d 4c 5h 7d] [7s]
GrooshBadoosh: bets $0.15
dessa78: calls $0.15
*** SHOW DOWN ***
GrooshBadoosh: shows [Ac Td] (two pair, Sevens and Fours)
dessa78: shows [Ah 3h] (two pair, Sevens and Fours)
GrooshBadoosh collected $0.40 from pot
dessa78 collected $0.39 from pot
*** SUMMARY ***
Total pot $0.82 | Rake $0.03 
Board [4d 4c 5h 7d 7s]
Seat 1: GrooshBadoosh (big blind) showed [Ac Td] and won ($0.40) with two pair, Sevens and Fours
Seat 2: richard4848 folded before Flop (didn't bet)
Seat 3: soldim327 folded before Flop (didn't bet)
Seat 4: dessa78 showed [Ah 3h] and won ($0.39) with two pair, Sevens and Fours
Seat 5: iggypop85 folded before Flop (didn't bet)
Seat 6: Dorex2007 folded before Flop (didn't bet)
Seat 7: jusssssssstin folded before Flop (didn't bet)
Seat 8: Sr ÁviIa (button) folded before Flop (didn't bet)
Seat 9: BluffOnTable (small blind) folded before Flop



PokerStars Hand #238884131829:  Hold'em No Limit ($0.02/$0.05 USD) - 2022/09/26 20:23:04 PT [2022/09/26 23:23:04 ET]
Table 'Crocus' 9-max Seat #9 is the button
Seat 1: GrooshBadoosh ($9.92 in chips) 
Seat 2: richard4848 ($5.18 in chips) 
Seat 3: soldim327 ($5 in chips) 
Seat 4: dessa78 ($4.98 in chips) 
Seat 5: iggypop85 ($4.72 in chips) 
Seat 6: Dorex2007 ($5.55 in chips) 
Seat 7: jusssssssstin ($6.64 in chips) 
Seat 8: Sr ÁviIa ($5.14 in chips) 
Seat 9: BluffOnTable ($5.08 in chips) 
GrooshBadoosh: posts small blind $0.02
richard4848: posts big blind $0.05
*** HOLE CARDS ***
Dealt to Dorex2007 [5h Ks]
soldim327: raises $0.07 to $0.12
dessa78: folds 
iggypop85 is connected 
iggypop85: folds 
Dorex2007: folds 
jusssssssstin: folds 
Sr ÁviIa: folds 
BluffOnTable: folds 
GrooshBadoosh: folds 
richard4848: folds 
Uncalled bet ($0.07) returned to soldim327
soldim327 collected $0.12 from pot
soldim327: doesn't show hand 
*** SUMMARY ***
Total pot $0.12 | Rake $0 
Seat 1: GrooshBadoosh (small blind) folded before Flop
Seat 2: richard4848 (big blind) folded before Flop
Seat 3: soldim327 collected ($0.12)
Seat 4: dessa78 folded before Flop (didn't bet)
Seat 5: iggypop85 folded before Flop (didn't bet)
Seat 6: Dorex2007 folded before Flop (didn't bet)
Seat 7: jusssssssstin folded before Flop (didn't bet)
Seat 8: Sr ÁviIa folded before Flop (didn't bet)
Seat 9: BluffOnTable (button) folded before Flop (didn't bet)



PokerStars Hand #238884136738:  Hold'em No Limit ($0.02/$0.05 USD) - 2022/09/26 20:23:38 PT [2022/09/26 23:23:38 ET]
Table 'Crocus' 9-max Seat #1 is the button
Seat 1: GrooshBadoosh ($9.90 in chips) 
Seat 2: richard4848 ($5.13 in chips) 
Seat 3: soldim327 ($5.07 in chips) 
Seat 4: dessa78 ($4.98 in chips) 
Seat 5: iggypop85 ($4.72 in chips) 
Seat 6: Dorex2007 ($5.55 in chips) 
Seat 7: jusssssssstin ($6.64 in chips) 
Seat 8: Sr ÁviIa ($5.14 in chips) 
Seat 9: BluffOnTable ($5.08 in chips) 
richard4848: posts small blind $0.02
soldim327: posts big blind $0.05
*** HOLE CARDS ***
Dealt to Dorex2007 [Kd 7s]
dessa78: folds 
iggypop85: folds 
Dorex2007: folds 
jusssssssstin: raises $0.10 to $0.15
Sr ÁviIa: folds 
BluffOnTable: folds 
GrooshBadoosh: folds 
richard4848: folds 
soldim327: folds 
Uncalled bet ($0.10) returned to jusssssssstin
jusssssssstin collected $0.12 from pot
jusssssssstin: doesn't show hand 
*** SUMMARY ***
Total pot $0.12 | Rake $0 
Seat 1: GrooshBadoosh (button) folded before Flop (didn't bet)
Seat 2: richard4848 (small blind) folded before Flop
Seat 3: soldim327 (big blind) folded before Flop
Seat 4: dessa78 folded before Flop (didn't bet)
Seat 5: iggypop85 folded before Flop (didn't bet)
Seat 6: Dorex2007 folded before Flop (didn't bet)
Seat 7: jusssssssstin collected ($0.12)
Seat 8: Sr ÁviIa folded before Flop (didn't bet)
Seat 9: BluffOnTable folded before Flop (didn't bet)



PokerStars Hand #238884140349:  Hold'em No Limit ($0.02/$0.05 USD) - 2022/09/26 20:24:04 PT [2022/09/26 23:24:04 ET]
Table 'Crocus' 9-max Seat #2 is the button
Seat 1: GrooshBadoosh ($9.90 in chips) 
Seat 2: richard4848 ($5.11 in chips) 
Seat 3: soldim327 ($5.02 in chips) 
Seat 4: dessa78 ($4.98 in chips) 
Seat 5: iggypop85 ($4.72 in chips) 
Seat 6: Dorex2007 ($5.55 in chips) 
Seat 7: jusssssssstin ($6.71 in chips) 
Seat 8: Sr ÁviIa ($5.14 in chips) 
Seat 9: BluffOnTable ($5.08 in chips) 
soldim327: posts small blind $0.02
dessa78: posts big blind $0.05
*** HOLE CARDS ***
Dealt to Dorex2007 [Th Ts]
iggypop85: folds 
Dorex2007: raises $0.10 to $0.15
jusssssssstin: folds 
Sr ÁviIa: folds 
BluffOnTable: folds 
GrooshBadoosh: folds 
richard4848: folds 
soldim327: folds 
dessa78: folds 
Uncalled bet ($0.10) returned to Dorex2007
Dorex2007 collected $0.12 from pot
Dorex2007: doesn't show hand 
*** SUMMARY ***
Total pot $0.12 | Rake $0 
Seat 1: GrooshBadoosh folded before Flop (didn't bet)
Seat 2: richard4848 (button) folded before Flop (didn't bet)
Seat 3: soldim327 (small blind) folded before Flop
Seat 4: dessa78 (big blind) folded before Flop
Seat 5: iggypop85 folded before Flop (didn't bet)
Seat 6: Dorex2007 collected ($0.12)
Seat 7: jusssssssstin folded before Flop (didn't bet)
Seat 8: Sr ÁviIa folded before Flop (didn't bet)
Seat 9: BluffOnTable folded before Flop (didn't bet)



PokerStars Hand #238884145424:  Hold'em No Limit ($0.02/$0.05 USD) - 2022/09/26 20:24:39 PT [2022/09/26 23:24:39 ET]
Table 'Crocus' 9-max Seat #3 is the button
Seat 1: GrooshBadoosh ($9.90 in chips) 
Seat 2: richard4848 ($5.11 in chips) 
Seat 3: soldim327 ($5 in chips) 
Seat 4: dessa78 ($4.93 in chips) 
Seat 5: iggypop85 ($4.72 in chips) 
Seat 6: Dorex2007 ($5.62 in chips) 
Seat 7: jusssssssstin ($6.71 in chips) 
Seat 8: Sr ÁviIa ($5.14 in chips) 
Seat 9: BluffOnTable ($5.08 in chips) 
dessa78: posts small blind $0.02
iggypop85: posts big blind $0.05
*** HOLE CARDS ***
Dealt to Dorex2007 [Qs Jc]
Dorex2007: raises $0.05 to $0.10
jusssssssstin: calls $0.10
Sr ÁviIa: folds 
BluffOnTable: calls $0.10
GrooshBadoosh: folds 
richard4848: folds 
soldim327: folds 
dessa78: raises $0.45 to $0.55
iggypop85: folds 
Dorex2007: folds 
jusssssssstin: folds 
BluffOnTable: folds 
Uncalled bet ($0.45) returned to dessa78
dessa78 collected $0.45 from pot
*** SUMMARY ***
Total pot $0.45 | Rake $0 
Seat 1: GrooshBadoosh folded before Flop (didn't bet)
Seat 2: richard4848 folded before Flop (didn't bet)
Seat 3: soldim327 (button) folded before Flop (didn't bet)
Seat 4: dessa78 (small blind) collected ($0.45)
Seat 5: iggypop85 (big blind) folded before Flop
Seat 6: Dorex2007 folded before Flop
Seat 7: jusssssssstin folded before Flop
Seat 8: Sr ÁviIa folded before Flop (didn't bet)
Seat 9: BluffOnTable folded before Flop



PokerStars Hand #238884150593:  Hold'em No Limit ($0.02/$0.05 USD) - 2022/09/26 20:25:15 PT [2022/09/26 23:25:15 ET]
Table 'Crocus' 9-max Seat #4 is the button
Seat 1: GrooshBadoosh ($9.90 in chips) 
Seat 2: richard4848 ($5.11 in chips) 
Seat 3: soldim327 ($5 in chips) 
Seat 4: dessa78 ($5.28 in chips) 
Seat 5: iggypop85 ($4.67 in chips) 
Seat 6: Dorex2007 ($5.52 in chips) 
Seat 7: jusssssssstin ($6.61 in chips) 
Seat 8: Sr ÁviIa ($5.14 in chips) 
Seat 9: BluffOnTable ($5 in chips) 
iggypop85: posts small blind $0.02
Dorex2007: posts big blind $0.05
*** HOLE CARDS ***
Dealt to Dorex2007 [Qd Ad]
jusssssssstin: raises $0.05 to $0.10
Sr ÁviIa: folds 
BluffOnTable: folds 
GrooshBadoosh: folds 
richard4848: folds 
soldim327: raises $0.34 to $0.44
dessa78: folds 
iggypop85: folds 
Dorex2007: folds 
jusssssssstin: calls $0.34
*** FLOP *** [Js 5h 3s]
jusssssssstin: checks 
soldim327: checks 
*** TURN *** [Js 5h 3s] [2s]
jusssssssstin: bets $0.61
GrooshBadoosh is disconnected 
soldim327: folds 
Uncalled bet ($0.61) returned to jusssssssstin
jusssssssstin collected $0.91 from pot
jusssssssstin: doesn't show hand 
*** SUMMARY ***
Total pot $0.95 | Rake $0.04 
Board [Js 5h 3s 2s]
Seat 1: GrooshBadoosh folded before Flop (didn't bet)
Seat 2: richard4848 folded before Flop (didn't bet)
Seat 3: soldim327 folded on the Turn
Seat 4: dessa78 (button) folded before Flop (didn't bet)
Seat 5: iggypop85 (small blind) folded before Flop
Seat 6: Dorex2007 (big blind) folded before Flop
Seat 7: jusssssssstin collected ($0.91)
Seat 8: Sr ÁviIa folded before Flop (didn't bet)
Seat 9: BluffOnTable folded before Flop (didn't bet)



PokerStars Hand #238884162174:  Hold'em No Limit ($0.02/$0.05 USD) - 2022/09/26 20:26:36 PT [2022/09/26 23:26:36 ET]
Table 'Crocus' 9-max Seat #5 is the button
Seat 1: GrooshBadoosh ($9.90 in chips) 
Seat 2: richard4848 ($5.11 in chips) 
Seat 3: soldim327 ($5 in chips) 
Seat 4: dessa78 ($5.28 in chips) 
Seat 5: iggypop85 ($4.65 in chips) 
Seat 6: Dorex2007 ($5.47 in chips) 
Seat 7: jusssssssstin ($7.08 in chips) 
Seat 8: Sr ÁviIa ($5.14 in chips) 
Seat 9: BluffOnTable ($5 in chips) 
Dorex2007: posts small blind $0.02
jusssssssstin: posts big blind $0.05
*** HOLE CARDS ***
Dealt to Dorex2007 [Qs Tc]
Sr ÁviIa: folds 
BluffOnTable: folds 
GrooshBadoosh has timed out while disconnected
GrooshBadoosh: folds 
richard4848: folds 
soldim327: raises $0.07 to $0.12
dessa78: folds 
iggypop85: calls $0.12
Dorex2007: calls $0.10
jusssssssstin: folds 
*** FLOP *** [Qh 3s 9d]
Dorex2007: bets $0.26
soldim327: folds 
iggypop85: folds 
Uncalled bet ($0.26) returned to Dorex2007
Dorex2007 collected $0.39 from pot
Dorex2007: doesn't show hand 
*** SUMMARY ***
Total pot $0.41 | Rake $0.02 
Board [Qh 3s 9d]
Seat 1: GrooshBadoosh folded before Flop (didn't bet)
Seat 2: richard4848 folded before Flop (didn't bet)
Seat 3: soldim327 folded on the Flop
Seat 4: dessa78 folded before Flop (didn't bet)
Seat 5: iggypop85 (button) folded on the Flop
Seat 6: Dorex2007 (small blind) collected ($0.39)
Seat 7: jusssssssstin (big blind) folded before Flop
Seat 8: Sr ÁviIa folded before Flop (didn't bet)
Seat 9: BluffOnTable folded before Flop (didn't bet)



PokerStars Hand #238884169588:  Hold'em No Limit ($0.02/$0.05 USD) - 2022/09/26 20:27:28 PT [2022/09/26 23:27:28 ET]
Table 'Crocus' 9-max Seat #6 is the button
Seat 2: richard4848 ($5.11 in chips) 
Seat 3: soldim327 ($5 in chips) 
Seat 4: dessa78 ($5.28 in chips) 
Seat 5: iggypop85 ($4.53 in chips) 
Seat 6: Dorex2007 ($5.74 in chips) 
Seat 7: jusssssssstin ($7.03 in chips) 
Seat 8: Sr ÁviIa ($5.14 in chips) 
Seat 9: BluffOnTable ($5 in chips) 
jusssssssstin: posts small blind $0.02
Sr ÁviIa: posts big blind $0.05
*** HOLE CARDS ***
Dealt to Dorex2007 [4h 2c]
BluffOnTable: folds 
richard4848: calls $0.05
soldim327: folds 
dessa78: folds 
iggypop85: folds 
Dorex2007: folds 
jusssssssstin: raises $0.30 to $0.35
Sr ÁviIa: folds 
richard4848: folds 
Uncalled bet ($0.30) returned to jusssssssstin
jusssssssstin collected $0.15 from pot
jusssssssstin: doesn't show hand 
*** SUMMARY ***
Total pot $0.15 | Rake $0 
Seat 2: richard4848 folded before Flop
Seat 3: soldim327 folded before Flop (didn't bet)
Seat 4: dessa78 folded before Flop (didn't bet)
Seat 5: iggypop85 folded before Flop (didn't bet)
Seat 6: Dorex2007 (button) folded before Flop (didn't bet)
Seat 7: jusssssssstin (small blind) collected ($0.15)
Seat 8: Sr ÁviIa (big blind) folded before Flop
Seat 9: BluffOnTable folded before Flop (didn't bet)



PokerStars Hand #238884174130:  Hold'em No Limit ($0.02/$0.05 USD) - 2022/09/26 20:28:00 PT [2022/09/26 23:28:00 ET]
Table 'Crocus' 9-max Seat #7 is the button
Seat 1: GrooshBadoosh ($9.90 in chips) 
Seat 2: richard4848 ($5.06 in chips) 
Seat 3: soldim327 ($5 in chips) 
Seat 4: dessa78 ($5.28 in chips) 
Seat 5: iggypop85 ($4.53 in chips) 
Seat 6: Dorex2007 ($5.74 in chips) 
Seat 7: jusssssssstin ($7.13 in chips) 
Seat 8: Sr ÁviIa ($5.09 in chips) 
Seat 9: BluffOnTable ($5 in chips) 
Sr ÁviIa: posts small blind $0.02
BluffOnTable: posts big blind $0.05
*** HOLE CARDS ***
Dealt to Dorex2007 [2d Tc]
GrooshBadoosh: raises $0.05 to $0.10
richard4848: folds 
soldim327: folds 
dessa78: folds 
iggypop85: folds 
Dorex2007: folds 
jusssssssstin: calls $0.10
Sr ÁviIa: folds 
iggypop85 is disconnected 
BluffOnTable: folds 
*** FLOP *** [7c 4s 2c]
GrooshBadoosh: bets $0.15
jusssssssstin: calls $0.15
*** TURN *** [7c 4s 2c] [Qc]
GrooshBadoosh: checks 
jusssssssstin: checks 
*** RIVER *** [7c 4s 2c Qc] [7s]
GrooshBadoosh: checks 
jusssssssstin: bets $1.15
GrooshBadoosh: folds 
Uncalled bet ($1.15) returned to jusssssssstin
jusssssssstin collected $0.55 from pot
jusssssssstin: doesn't show hand 
*** SUMMARY ***
Total pot $0.57 | Rake $0.02 
Board [7c 4s 2c Qc 7s]
Seat 1: GrooshBadoosh folded on the River
Seat 2: richard4848 folded before Flop (didn't bet)
Seat 3: soldim327 folded before Flop (didn't bet)
Seat 4: dessa78 folded before Flop (didn't bet)
Seat 5: iggypop85 folded before Flop (didn't bet)
Seat 6: Dorex2007 folded before Flop (didn't bet)
Seat 7: jusssssssstin (button) collected ($0.55)
Seat 8: Sr ÁviIa (small blind) folded before Flop
Seat 9: BluffOnTable (big blind) folded before Flop



PokerStars Hand #238884186335:  Hold'em No Limit ($0.02/$0.05 USD) - 2022/09/26 20:29:25 PT [2022/09/26 23:29:25 ET]
Table 'Crocus' 9-max Seat #8 is the button
Seat 1: GrooshBadoosh ($9.65 in chips) 
Seat 2: richard4848 ($5.06 in chips) 
Seat 3: soldim327 ($5 in chips) 
Seat 4: dessa78 ($5.28 in chips) 
Seat 5: iggypop85 ($4.53 in chips) 
Seat 6: Dorex2007 ($5.74 in chips) 
Seat 7: jusssssssstin ($7.43 in chips) 
Seat 8: Sr ÁviIa ($5.07 in chips) 
Seat 9: BluffOnTable ($5 in chips) 
BluffOnTable: posts small blind $0.02
GrooshBadoosh: posts big blind $0.05
*** HOLE CARDS ***
Dealt to Dorex2007 [4d 8c]
richard4848: folds 
soldim327: folds 
dessa78: folds 
iggypop85: folds 
Dorex2007: folds 
jusssssssstin: folds 
Sr ÁviIa: folds 
BluffOnTable: raises $0.10 to $0.15
GrooshBadoosh: folds 
Uncalled bet ($0.10) returned to BluffOnTable
BluffOnTable collected $0.10 from pot
BluffOnTable: doesn't show hand 
*** SUMMARY ***
Total pot $0.10 | Rake $0 
Seat 1: GrooshBadoosh (big blind) folded before Flop
Seat 2: richard4848 folded before Flop (didn't bet)
Seat 3: soldim327 folded before Flop (didn't bet)
Seat 4: dessa78 folded before Flop (didn't bet)
Seat 5: iggypop85 folded before Flop (didn't bet)
Seat 6: Dorex2007 folded before Flop (didn't bet)
Seat 7: jusssssssstin folded before Flop (didn't bet)
Seat 8: Sr ÁviIa (button) folded before Flop (didn't bet)
Seat 9: BluffOnTable (small blind) collected ($0.10)



PokerStars Hand #238884191507:  Hold'em No Limit ($0.02/$0.05 USD) - 2022/09/26 20:30:02 PT [2022/09/26 23:30:02 ET]
Table 'Crocus' 9-max Seat #9 is the button
Seat 1: GrooshBadoosh ($9.60 in chips) 
Seat 2: richard4848 ($5.06 in chips) 
Seat 3: soldim327 ($5 in chips) 
Seat 4: dessa78 ($5.28 in chips) 
Seat 5: iggypop85 ($4.53 in chips) 
Seat 6: Dorex2007 ($5.74 in chips) 
Seat 7: jusssssssstin ($7.43 in chips) 
Seat 8: Sr ÁviIa ($5.07 in chips) 
Seat 9: BluffOnTable ($5.05 in chips) 
GrooshBadoosh: posts small blind $0.02
richard4848: posts big blind $0.05
*** HOLE CARDS ***
Dealt to Dorex2007 [Js Qh]
soldim327: folds 
dessa78: raises $0.05 to $0.10
iggypop85: calls $0.10
Dorex2007: folds 
jusssssssstin: folds 
Sr ÁviIa: folds 
BluffOnTable: folds 
GrooshBadoosh: folds 
richard4848: folds 
*** FLOP *** [2d Kh 9s]
dessa78: bets $0.13
iggypop85: calls $0.13
*** TURN *** [2d Kh 9s] [3d]
dessa78: bets $0.26
iggypop85: calls $0.26
*** RIVER *** [2d Kh 9s 3d] [3c]
dessa78: bets $0.52
iggypop85: calls $0.52
*** SHOW DOWN ***
dessa78: shows [Kd Qc] (two pair, Kings and Threes)
iggypop85: mucks hand 
dessa78 collected $2 from pot
*** SUMMARY ***
Total pot $2.09 | Rake $0.09 
Board [2d Kh 9s 3d 3c]
Seat 1: GrooshBadoosh (small blind) folded before Flop
Seat 2: richard4848 (big blind) folded before Flop
Seat 3: soldim327 folded before Flop (didn't bet)
Seat 4: dessa78 showed [Kd Qc] and won ($2) with two pair, Kings and Threes
Seat 5: iggypop85 mucked [Ac 9c]
Seat 6: Dorex2007 folded before Flop (didn't bet)
Seat 7: jusssssssstin folded before Flop (didn't bet)
Seat 8: Sr ÁviIa folded before Flop (didn't bet)
Seat 9: BluffOnTable (button) folded before Flop (didn't bet)



PokerStars Hand #238884200083:  Hold'em No Limit ($0.02/$0.05 USD) - 2022/09/26 20:31:02 PT [2022/09/26 23:31:02 ET]
Table 'Crocus' 9-max Seat #1 is the button
Seat 1: GrooshBadoosh ($9.58 in chips) 
Seat 2: richard4848 ($5.01 in chips) 
Seat 3: soldim327 ($5 in chips) 
Seat 4: dessa78 ($6.27 in chips) 
Seat 5: iggypop85 ($3.52 in chips) 
Seat 6: Dorex2007 ($5.74 in chips) 
Seat 7: jusssssssstin ($7.43 in chips) 
Seat 8: Sr ÁviIa ($5.07 in chips) 
Seat 9: BluffOnTable ($5.05 in chips) 
richard4848: posts small blind $0.02
soldim327: posts big blind $0.05
*** HOLE CARDS ***
Dealt to Dorex2007 [Jd 8h]
dessa78: folds 
iggypop85: folds 
Dorex2007: folds 
jusssssssstin: folds 
Sr ÁviIa: folds 
BluffOnTable: folds 
GrooshBadoosh: folds 
richard4848: calls $0.03
soldim327: raises $0.15 to $0.20
richard4848: folds 
Uncalled bet ($0.15) returned to soldim327
soldim327 collected $0.10 from pot
soldim327: doesn't show hand 
*** SUMMARY ***
Total pot $0.10 | Rake $0 
Seat 1: GrooshBadoosh (button) folded before Flop (didn't bet)
Seat 2: richard4848 (small blind) folded before Flop
Seat 3: soldim327 (big blind) collected ($0.10)
Seat 4: dessa78 folded before Flop (didn't bet)
Seat 5: iggypop85 folded before Flop (didn't bet)
Seat 6: Dorex2007 folded before Flop (didn't bet)
Seat 7: jusssssssstin folded before Flop (didn't bet)
Seat 8: Sr ÁviIa folded before Flop (didn't bet)
Seat 9: BluffOnTable folded before Flop (didn't bet)



PokerStars Hand #238884204089:  Hold'em No Limit ($0.02/$0.05 USD) - 2022/09/26 20:31:31 PT [2022/09/26 23:31:31 ET]
Table 'Crocus' 9-max Seat #2 is the button
Seat 1: GrooshBadoosh ($9.58 in chips) 
Seat 2: richard4848 ($4.96 in chips) 
Seat 3: soldim327 ($5.05 in chips) 
Seat 4: dessa78 ($6.27 in chips) 
Seat 5: iggypop85 ($3.52 in chips) 
Seat 6: Dorex2007 ($5.74 in chips) 
Seat 7: jusssssssstin ($7.43 in chips) 
Seat 8: Sr ÁviIa ($5.07 in chips) 
Seat 9: BluffOnTable ($5.05 in chips) 
soldim327: posts small blind $0.02
dessa78: posts big blind $0.05
*** HOLE CARDS ***
Dealt to Dorex2007 [Ah 7s]
iggypop85: folds 
Dorex2007: folds 
jusssssssstin: folds 
Sr ÁviIa: raises $0.10 to $0.15
BluffOnTable: folds 
GrooshBadoosh: folds 
richard4848: folds 
soldim327: folds 
dessa78: folds 
Uncalled bet ($0.10) returned to Sr ÁviIa
Sr ÁviIa collected $0.12 from pot
Sr ÁviIa: doesn't show hand 
*** SUMMARY ***
Total pot $0.12 | Rake $0 
Seat 1: GrooshBadoosh folded before Flop (didn't bet)
Seat 2: richard4848 (button) folded before Flop (didn't bet)
Seat 3: soldim327 (small blind) folded before Flop
Seat 4: dessa78 (big blind) folded before Flop
Seat 5: iggypop85 folded before Flop (didn't bet)
Seat 6: Dorex2007 folded before Flop (didn't bet)
Seat 7: jusssssssstin folded before Flop (didn't bet)
Seat 8: Sr ÁviIa collected ($0.12)
Seat 9: BluffOnTable folded before Flop (didn't bet)



PokerStars Hand #238884207101:  Hold'em No Limit ($0.02/$0.05 USD) - 2022/09/26 20:31:52 PT [2022/09/26 23:31:52 ET]
Table 'Crocus' 9-max Seat #3 is the button
Seat 1: GrooshBadoosh ($9.58 in chips) 
Seat 2: richard4848 ($5 in chips) 
Seat 3: soldim327 ($5.03 in chips) 
Seat 4: dessa78 ($6.22 in chips) 
Seat 5: iggypop85 ($3.52 in chips) 
Seat 6: Dorex2007 ($5.74 in chips) 
Seat 7: jusssssssstin ($7.43 in chips) 
Seat 8: Sr ÁviIa ($5.14 in chips) 
Seat 9: BluffOnTable ($5.05 in chips) 
dessa78: posts small blind $0.02
iggypop85: posts big blind $0.05
*** HOLE CARDS ***
Dealt to Dorex2007 [Qd 7h]
Dorex2007: folds 
jusssssssstin: raises $0.10 to $0.15
Sr ÁviIa: calls $0.15
BluffOnTable: folds 
GrooshBadoosh: folds 
richard4848: folds 
soldim327: folds 
dessa78: folds 
iggypop85: calls $0.10
*** FLOP *** [2s As 7s]
iggypop85: checks 
jusssssssstin: bets $0.22
Sr ÁviIa: calls $0.22
iggypop85: folds 
*** TURN *** [2s As 7s] [2c]
jusssssssstin: bets $0.43
Sr ÁviIa: calls $0.43
*** RIVER *** [2s As 7s 2c] [3h]
jusssssssstin: checks 
Sr ÁviIa: bets $0.85
jusssssssstin: calls $0.85
*** SHOW DOWN ***
Sr ÁviIa: shows [Ad Qs] (two pair, Aces and Deuces)
jusssssssstin: mucks hand 
Sr ÁviIa collected $3.33 from pot
*** SUMMARY ***
Total pot $3.47 | Rake $0.14 
Board [2s As 7s 2c 3h]
Seat 1: GrooshBadoosh folded before Flop (didn't bet)
Seat 2: richard4848 folded before Flop (didn't bet)
Seat 3: soldim327 (button) folded before Flop (didn't bet)
Seat 4: dessa78 (small blind) folded before Flop
Seat 5: iggypop85 (big blind) folded on the Flop
Seat 6: Dorex2007 folded before Flop (didn't bet)
Seat 7: jusssssssstin mucked [Ah 4h]
Seat 8: Sr ÁviIa showed [Ad Qs] and won ($3.33) with two pair, Aces and Deuces
Seat 9: BluffOnTable folded before Flop (didn't bet)



PokerStars Hand #238884219433:  Hold'em No Limit ($0.02/$0.05 USD) - 2022/09/26 20:33:19 PT [2022/09/26 23:33:19 ET]
Table 'Crocus' 9-max Seat #4 is the button
Seat 1: GrooshBadoosh ($9.58 in chips) 
Seat 2: richard4848 ($5 in chips) 
Seat 3: soldim327 ($5.03 in chips) 
Seat 4: dessa78 ($6.20 in chips) 
Seat 5: iggypop85 ($5 in chips) 
Seat 6: Dorex2007 ($5.74 in chips) 
Seat 7: jusssssssstin ($5.78 in chips) 
Seat 8: Sr ÁviIa ($6.82 in chips) 
Seat 9: BluffOnTable ($5.05 in chips) 
iggypop85: posts small blind $0.02
Dorex2007: posts big blind $0.05
*** HOLE CARDS ***
Dealt to Dorex2007 [Kd Th]
jusssssssstin: folds 
Sr ÁviIa: folds 
BluffOnTable: folds 
GrooshBadoosh: folds 
richard4848: raises $0.10 to $0.15
soldim327: raises $0.31 to $0.46
dessa78: folds 
iggypop85: folds 
Dorex2007: folds 
richard4848: calls $0.31
*** FLOP *** [9c 4h 5d]
richard4848: checks 
iggypop85 is disconnected 
soldim327: checks 
*** TURN *** [9c 4h 5d] [3s]
richard4848: checks 
soldim327: bets $0.74
richard4848: folds 
Uncalled bet ($0.74) returned to soldim327
soldim327 collected $0.95 from pot
soldim327: doesn't show hand 
*** SUMMARY ***
Total pot $0.99 | Rake $0.04 
Board [9c 4h 5d 3s]
Seat 1: GrooshBadoosh folded before Flop (didn't bet)
Seat 2: richard4848 folded on the Turn
Seat 3: soldim327 collected ($0.95)
Seat 4: dessa78 (button) folded before Flop (didn't bet)
Seat 5: iggypop85 (small blind) folded before Flop
Seat 6: Dorex2007 (big blind) folded before Flop
Seat 7: jusssssssstin folded before Flop (didn't bet)
Seat 8: Sr ÁviIa folded before Flop (didn't bet)
Seat 9: BluffOnTable folded before Flop (didn't bet)



PokerStars Hand #238884228775:  Hold'em No Limit ($0.02/$0.05 USD) - 2022/09/26 20:34:25 PT [2022/09/26 23:34:25 ET]
Table 'Crocus' 9-max Seat #5 is the button
Seat 1: GrooshBadoosh ($9.58 in chips) 
Seat 2: richard4848 ($4.54 in chips) 
Seat 3: soldim327 ($5.52 in chips) 
Seat 4: dessa78 ($6.20 in chips) 
Seat 5: iggypop85 ($4.98 in chips) 
Seat 6: Dorex2007 ($5.69 in chips) 
Seat 7: jusssssssstin ($5.78 in chips) 
Seat 8: Sr ÁviIa ($6.82 in chips) 
Seat 9: BluffOnTable ($5.05 in chips) 
Dorex2007: posts small blind $0.02
jusssssssstin: posts big blind $0.05
*** HOLE CARDS ***
Dealt to Dorex2007 [Kd 6h]
Sr ÁviIa: folds 
BluffOnTable: folds 
GrooshBadoosh: folds 
richard4848: folds 
soldim327: folds 
dessa78: folds 
iggypop85: folds 
Dorex2007: folds 
Uncalled bet ($0.03) returned to jusssssssstin
jusssssssstin collected $0.04 from pot
jusssssssstin: doesn't show hand 
*** SUMMARY ***
Total pot $0.04 | Rake $0 
Seat 1: GrooshBadoosh folded before Flop (didn't bet)
Seat 2: richard4848 folded before Flop (didn't bet)
Seat 3: soldim327 folded before Flop (didn't bet)
Seat 4: dessa78 folded before Flop (didn't bet)
Seat 5: iggypop85 (button) folded before Flop (didn't bet)
Seat 6: Dorex2007 (small blind) folded before Flop
Seat 7: jusssssssstin (big blind) collected ($0.04)
Seat 8: Sr ÁviIa folded before Flop (didn't bet)
Seat 9: BluffOnTable folded before Flop (didn't bet)



PokerStars Hand #238884230993:  Hold'em No Limit ($0.02/$0.05 USD) - 2022/09/26 20:34:41 PT [2022/09/26 23:34:41 ET]
Table 'Crocus' 9-max Seat #6 is the button
Seat 1: GrooshBadoosh ($9.58 in chips) 
Seat 2: richard4848 ($5 in chips) 
Seat 3: soldim327 ($5.52 in chips) 
Seat 4: dessa78 ($6.20 in chips) 
Seat 5: iggypop85 ($4.98 in chips) 
Seat 6: Dorex2007 ($5.67 in chips) 
Seat 7: jusssssssstin ($5.80 in chips) 
Seat 8: Sr ÁviIa ($6.82 in chips) 
Seat 9: BluffOnTable ($5.05 in chips) 
jusssssssstin: posts small blind $0.02
Sr ÁviIa: posts big blind $0.05
*** HOLE CARDS ***
Dealt to Dorex2007 [4h Td]
BluffOnTable: folds 
GrooshBadoosh: folds 
richard4848: folds 
soldim327: folds 
GrooshBadoosh leaves the table
dessa78: folds 
iggypop85: raises $0.10 to $0.15
Dorex2007: folds 
jusssssssstin: folds 
Sr ÁviIa: folds 
Uncalled bet ($0.10) returned to iggypop85
iggypop85 collected $0.12 from pot
*** SUMMARY ***
Total pot $0.12 | Rake $0 
Seat 1: GrooshBadoosh folded before Flop (didn't bet)
Seat 2: richard4848 folded before Flop (didn't bet)
Seat 3: soldim327 folded before Flop (didn't bet)
Seat 4: dessa78 folded before Flop (didn't bet)
Seat 5: iggypop85 collected ($0.12)
Seat 6: Dorex2007 (button) folded before Flop (didn't bet)
Seat 7: jusssssssstin (small blind) folded before Flop
Seat 8: Sr ÁviIa (big blind) folded before Flop
Seat 9: BluffOnTable folded before Flop (didn't bet)



PokerStars Hand #238884235658:  Hold'em No Limit ($0.02/$0.05 USD) - 2022/09/26 20:35:13 PT [2022/09/26 23:35:13 ET]
Table 'Crocus' 9-max Seat #7 is the button
Seat 2: richard4848 ($5 in chips) 
Seat 3: soldim327 ($5.52 in chips) 
Seat 4: dessa78 ($6.20 in chips) 
Seat 5: iggypop85 ($5.05 in chips) 
Seat 6: Dorex2007 ($5.67 in chips) 
Seat 7: jusssssssstin ($5.78 in chips) 
Seat 8: Sr ÁviIa ($6.77 in chips) 
Seat 9: BluffOnTable ($5.05 in chips) 
Sr ÁviIa: posts small blind $0.02
BluffOnTable: posts big blind $0.05
*** HOLE CARDS ***
Dealt to Dorex2007 [5s 3h]
Tor4ok77777 joins the table at seat #1 
richard4848: folds 
soldim327: folds 
dessa78: folds 
iggypop85: folds 
Dorex2007: folds 
jusssssssstin: raises $0.10 to $0.15
Sr ÁviIa: calls $0.13
BluffOnTable: folds 
*** FLOP *** [Th 2c Kh]
Sr ÁviIa: checks 
jusssssssstin: bets $0.17
Sr ÁviIa: folds 
Uncalled bet ($0.17) returned to jusssssssstin
jusssssssstin collected $0.34 from pot
jusssssssstin: doesn't show hand 
*** SUMMARY ***
Total pot $0.35 | Rake $0.01 
Board [Th 2c Kh]
Seat 2: richard4848 folded before Flop (didn't bet)
Seat 3: soldim327 folded before Flop (didn't bet)
Seat 4: dessa78 folded before Flop (didn't bet)
Seat 5: iggypop85 folded before Flop (didn't bet)
Seat 6: Dorex2007 folded before Flop (didn't bet)
Seat 7: jusssssssstin (button) collected ($0.34)
Seat 8: Sr ÁviIa (small blind) folded on the Flop
Seat 9: BluffOnTable (big blind) folded before Flop



PokerStars Hand #238884241488:  Hold'em No Limit ($0.02/$0.05 USD) - 2022/09/26 20:35:55 PT [2022/09/26 23:35:55 ET]
Table 'Crocus' 9-max Seat #8 is the button
Seat 1: Tor4ok77777 ($2 in chips) 
Seat 2: richard4848 ($5 in chips) 
Seat 3: soldim327 ($5.52 in chips) 
Seat 4: dessa78 ($6.20 in chips) 
Seat 5: iggypop85 ($5.05 in chips) 
Seat 6: Dorex2007 ($5.67 in chips) 
Seat 7: jusssssssstin ($5.97 in chips) 
Seat 8: Sr ÁviIa ($6.62 in chips) 
Seat 9: BluffOnTable ($5 in chips) 
BluffOnTable: posts small blind $0.02
Tor4ok77777: posts big blind $0.05
*** HOLE CARDS ***
Dealt to Dorex2007 [6c 7h]
richard4848: folds 
soldim327: folds 
dessa78: folds 
iggypop85: folds 
Dorex2007: folds 
jusssssssstin: folds 
Sr ÁviIa: folds 
BluffOnTable: raises $0.10 to $0.15
Tor4ok77777: folds 
Uncalled bet ($0.10) returned to BluffOnTable
BluffOnTable collected $0.10 from pot
BluffOnTable: doesn't show hand 
*** SUMMARY ***
Total pot $0.10 | Rake $0 
Seat 1: Tor4ok77777 (big blind) folded before Flop
Seat 2: richard4848 folded before Flop (didn't bet)
Seat 3: soldim327 folded before Flop (didn't bet)
Seat 4: dessa78 folded before Flop (didn't bet)
Seat 5: iggypop85 folded before Flop (didn't bet)
Seat 6: Dorex2007 folded before Flop (didn't bet)
Seat 7: jusssssssstin folded before Flop (didn't bet)
Seat 8: Sr ÁviIa (button) folded before Flop (didn't bet)
Seat 9: BluffOnTable (small blind) collected ($0.10)



PokerStars Hand #238884245691:  Hold'em No Limit ($0.02/$0.05 USD) - 2022/09/26 20:36:25 PT [2022/09/26 23:36:25 ET]
Table 'Crocus' 9-max Seat #9 is the button
Seat 1: Tor4ok77777 ($1.95 in chips) 
Seat 2: richard4848 ($5 in chips) 
Seat 3: soldim327 ($5.52 in chips) 
Seat 4: dessa78 ($6.20 in chips) 
Seat 5: iggypop85 ($5.05 in chips) 
Seat 6: Dorex2007 ($5.67 in chips) 
Seat 7: jusssssssstin ($5.97 in chips) 
Seat 8: Sr ÁviIa ($6.62 in chips) 
Seat 9: BluffOnTable ($5.05 in chips) 
Tor4ok77777: posts small blind $0.02
richard4848: posts big blind $0.05
*** HOLE CARDS ***
Dealt to Dorex2007 [2h 7h]
soldim327: folds 
dessa78: calls $0.05
iggypop85: raises $0.10 to $0.15
Dorex2007: folds 
jusssssssstin: folds 
Sr ÁviIa: folds 
BluffOnTable: folds 
Tor4ok77777: folds 
richard4848: folds 
dessa78: calls $0.10
*** FLOP *** [Js 8s Qc]
dessa78: checks 
iggypop85: checks 
*** TURN *** [Js 8s Qc] [3h]
dessa78: bets $0.08
iggypop85: calls $0.08
*** RIVER *** [Js 8s Qc 3h] [7s]
dessa78: bets $0.41
iggypop85: folds 
Uncalled bet ($0.41) returned to dessa78
dessa78 collected $0.51 from pot
*** SUMMARY ***
Total pot $0.53 | Rake $0.02 
Board [Js 8s Qc 3h 7s]
Seat 1: Tor4ok77777 (small blind) folded before Flop
Seat 2: richard4848 (big blind) folded before Flop
Seat 3: soldim327 folded before Flop (didn't bet)
Seat 4: dessa78 collected ($0.51)
Seat 5: iggypop85 folded on the River
Seat 6: Dorex2007 folded before Flop (didn't bet)
Seat 7: jusssssssstin folded before Flop (didn't bet)
Seat 8: Sr ÁviIa folded before Flop (didn't bet)
Seat 9: BluffOnTable (button) folded before Flop (didn't bet)



PokerStars Hand #238884256740:  Hold'em No Limit ($0.02/$0.05 USD) - 2022/09/26 20:37:43 PT [2022/09/26 23:37:43 ET]
Table 'Crocus' 9-max Seat #1 is the button
Seat 1: Tor4ok77777 ($1.93 in chips) 
Seat 2: richard4848 ($4.95 in chips) 
Seat 3: soldim327 ($5.52 in chips) 
Seat 4: dessa78 ($6.48 in chips) 
Seat 5: iggypop85 ($4.82 in chips) 
Seat 6: Dorex2007 ($5.67 in chips) 
Seat 7: jusssssssstin ($5.97 in chips) 
Seat 8: Sr ÁviIa ($6.62 in chips) 
Seat 9: BluffOnTable ($5.05 in chips) 
richard4848: posts small blind $0.02
soldim327: posts big blind $0.05
*** HOLE CARDS ***
Dealt to Dorex2007 [4h Tc]
dessa78: folds 
iggypop85: folds 
dessa78 leaves the table
Dorex2007: folds 
jusssssssstin: folds 
Sr ÁviIa: folds 
BluffOnTable: folds 
Tor4ok77777: folds 
richard4848: folds 
Uncalled bet ($0.03) returned to soldim327
soldim327 collected $0.04 from pot
soldim327: doesn't show hand 
*** SUMMARY ***
Total pot $0.04 | Rake $0 
Seat 1: Tor4ok77777 (button) folded before Flop (didn't bet)
Seat 2: richard4848 (small blind) folded before Flop
Seat 3: soldim327 (big blind) collected ($0.04)
Seat 4: dessa78 folded before Flop (didn't bet)
Seat 5: iggypop85 folded before Flop (didn't bet)
Seat 6: Dorex2007 folded before Flop (didn't bet)
Seat 7: jusssssssstin folded before Flop (didn't bet)
Seat 8: Sr ÁviIa folded before Flop (didn't bet)
Seat 9: BluffOnTable folded before Flop (didn't bet)



PokerStars Hand #238884259903:  Hold'em No Limit ($0.02/$0.05 USD) - 2022/09/26 20:38:05 PT [2022/09/26 23:38:05 ET]
Table 'Crocus' 9-max Seat #2 is the button
Seat 1: Tor4ok77777 ($1.93 in chips) 
Seat 2: richard4848 ($5 in chips) 
Seat 3: soldim327 ($5.54 in chips) 
Seat 5: iggypop85 ($4.82 in chips) 
Seat 6: Dorex2007 ($5.67 in chips) 
Seat 7: jusssssssstin ($5.97 in chips) 
Seat 8: Sr ÁviIa ($6.62 in chips) 
Seat 9: BluffOnTable ($5.05 in chips) 
soldim327: posts small blind $0.02
iggypop85: posts big blind $0.05
*** HOLE CARDS ***
Dealt to Dorex2007 [8c 9d]
Dorex2007: folds 
jusssssssstin: raises $0.10 to $0.15
Sr ÁviIa: folds 
BluffOnTable: folds 
Tor4ok77777: raises $0.37 to $0.52
richard4848: folds 
soldim327: folds 
iggypop85: folds 
jusssssssstin: folds 
Uncalled bet ($0.37) returned to Tor4ok77777
Tor4ok77777 collected $0.37 from pot
*** SUMMARY ***
Total pot $0.37 | Rake $0 
Seat 1: Tor4ok77777 collected ($0.37)
Seat 2: richard4848 (button) folded before Flop (didn't bet)
Seat 3: soldim327 (small blind) folded before Flop
Seat 5: iggypop85 (big blind) folded before Flop
Seat 6: Dorex2007 folded before Flop (didn't bet)
Seat 7: jusssssssstin folded before Flop
Seat 8: Sr ÁviIa folded before Flop (didn't bet)
Seat 9: BluffOnTable folded before Flop (didn't bet)



PokerStars Hand #238884264382:  Hold'em No Limit ($0.02/$0.05 USD) - 2022/09/26 20:38:37 PT [2022/09/26 23:38:37 ET]
Table 'Crocus' 9-max Seat #3 is the button
Seat 1: Tor4ok77777 ($2.15 in chips) 
Seat 2: richard4848 ($5 in chips) 
Seat 3: soldim327 ($5.52 in chips) 
Seat 5: iggypop85 ($4.77 in chips) 
Seat 6: Dorex2007 ($5.67 in chips) 
Seat 7: jusssssssstin ($5.82 in chips) 
Seat 8: Sr ÁviIa ($6.62 in chips) 
Seat 9: BluffOnTable ($5.05 in chips) 
iggypop85: posts small blind $0.02
Dorex2007: posts big blind $0.05
*** HOLE CARDS ***
Dealt to Dorex2007 [3c Jd]
jusssssssstin has timed out
jusssssssstin: folds 
Sr ÁviIa: folds 
BluffOnTable: folds 
Tor4ok77777: raises $0.15 to $0.20
Nipo666 joins the table at seat #4 
richard4848: folds 
soldim327: folds 
iggypop85: folds 
Dorex2007: folds 
Uncalled bet ($0.15) returned to Tor4ok77777
Tor4ok77777 collected $0.12 from pot
*** SUMMARY ***
Total pot $0.12 | Rake $0 
Seat 1: Tor4ok77777 collected ($0.12)
Seat 2: richard4848 folded before Flop (didn't bet)
Seat 3: soldim327 (button) folded before Flop (didn't bet)
Seat 5: iggypop85 (small blind) folded before Flop
Seat 6: Dorex2007 (big blind) folded before Flop
Seat 7: jusssssssstin folded before Flop (didn't bet)
Seat 8: Sr ÁviIa folded before Flop (didn't bet)
Seat 9: BluffOnTable folded before Flop (didn't bet)



PokerStars Hand #238884269155:  Hold'em No Limit ($0.02/$0.05 USD) - 2022/09/26 20:39:11 PT [2022/09/26 23:39:11 ET]
Table 'Crocus' 9-max Seat #5 is the button
Seat 1: Tor4ok77777 ($2.22 in chips) 
Seat 2: richard4848 ($5 in chips) 
Seat 3: soldim327 ($5.52 in chips) 
Seat 4: Nipo666 ($5 in chips) 
Seat 5: iggypop85 ($4.75 in chips) 
Seat 6: Dorex2007 ($5.62 in chips) 
Seat 7: jusssssssstin ($5.82 in chips) 
Seat 8: Sr ÁviIa ($6.62 in chips) 
Seat 9: BluffOnTable ($5.05 in chips) 
Dorex2007: posts small blind $0.02
jusssssssstin: posts big blind $0.05
Nipo666: posts big blind $0.05
*** HOLE CARDS ***
Dealt to Dorex2007 [4c 9c]
Sr ÁviIa: calls $0.05
BluffOnTable: folds 
Tor4ok77777: calls $0.05
richard4848: folds 
soldim327: folds 
Nipo666: checks 
iggypop85: folds 
Dorex2007: folds 
iggypop85 is disconnected 
jusssssssstin: raises $0.47 to $0.52
Sr ÁviIa: calls $0.47
Tor4ok77777: folds 
Nipo666: folds 
*** FLOP *** [Tc 9s 4s]
jusssssssstin: bets $0.55
Sr ÁviIa: folds 
Uncalled bet ($0.55) returned to jusssssssstin
jusssssssstin collected $1.11 from pot
jusssssssstin: doesn't show hand 
*** SUMMARY ***
Total pot $1.16 | Rake $0.05 
Board [Tc 9s 4s]
Seat 1: Tor4ok77777 folded before Flop
Seat 2: richard4848 folded before Flop (didn't bet)
Seat 3: soldim327 folded before Flop (didn't bet)
Seat 4: Nipo666 folded before Flop (didn't bet)
Seat 5: iggypop85 (button) folded before Flop (didn't bet)
Seat 6: Dorex2007 (small blind) folded before Flop
Seat 7: jusssssssstin (big blind) collected ($1.11)
Seat 8: Sr ÁviIa folded on the Flop
Seat 9: BluffOnTable folded before Flop (didn't bet)



PokerStars Hand #238884279310:  Hold'em No Limit ($0.02/$0.05 USD) - 2022/09/26 20:40:24 PT [2022/09/26 23:40:24 ET]
Table 'Crocus' 9-max Seat #6 is the button
Seat 1: Tor4ok77777 ($2.17 in chips) 
Seat 2: richard4848 ($5 in chips) 
Seat 3: soldim327 ($5.52 in chips) 
Seat 4: Nipo666 ($4.95 in chips) 
Seat 5: iggypop85 ($4.75 in chips) 
Seat 6: Dorex2007 ($5.60 in chips) 
Seat 7: jusssssssstin ($6.41 in chips) 
Seat 8: Sr ÁviIa ($6.10 in chips) 
Seat 9: BluffOnTable ($5.05 in chips) 
jusssssssstin: posts small blind $0.02
Sr ÁviIa: posts big blind $0.05
*** HOLE CARDS ***
Dealt to Dorex2007 [2h 2c]
BluffOnTable: raises $0.10 to $0.15
Tor4ok77777: folds 
richard4848: folds 
soldim327: folds 
Nipo666: folds 
iggypop85: folds 
Dorex2007: folds 
jusssssssstin: folds 
Sr ÁviIa: calls $0.10
*** FLOP *** [8c 5d 6s]
Sr ÁviIa: checks 
BluffOnTable: bets $0.20
Sr ÁviIa: calls $0.20
*** TURN *** [8c 5d 6s] [Ah]
Sr ÁviIa: checks 
BluffOnTable: checks 
*** RIVER *** [8c 5d 6s Ah] [2d]
Sr ÁviIa: bets $0.45
BluffOnTable: folds 
Uncalled bet ($0.45) returned to Sr ÁviIa
Sr ÁviIa collected $0.69 from pot
Sr ÁviIa: doesn't show hand 
*** SUMMARY ***
Total pot $0.72 | Rake $0.03 
Board [8c 5d 6s Ah 2d]
Seat 1: Tor4ok77777 folded before Flop (didn't bet)
Seat 2: richard4848 folded before Flop (didn't bet)
Seat 3: soldim327 folded before Flop (didn't bet)
Seat 4: Nipo666 folded before Flop (didn't bet)
Seat 5: iggypop85 folded before Flop (didn't bet)
Seat 6: Dorex2007 (button) folded before Flop (didn't bet)
Seat 7: jusssssssstin (small blind) folded before Flop
Seat 8: Sr ÁviIa (big blind) collected ($0.69)
Seat 9: BluffOnTable folded on the River



PokerStars Hand #238884287464:  Hold'em No Limit ($0.02/$0.05 USD) - 2022/09/26 20:41:22 PT [2022/09/26 23:41:22 ET]
Table 'Crocus' 9-max Seat #7 is the button
Seat 1: Tor4ok77777 ($2.17 in chips) 
Seat 2: richard4848 ($5 in chips) 
Seat 3: soldim327 ($5.52 in chips) 
Seat 4: Nipo666 ($4.95 in chips) 
Seat 5: iggypop85 ($4.75 in chips) 
Seat 6: Dorex2007 ($5.60 in chips) 
Seat 7: jusssssssstin ($6.39 in chips) 
Seat 8: Sr ÁviIa ($6.44 in chips) 
Seat 9: BluffOnTable ($5 in chips) 
Sr ÁviIa: posts small blind $0.02
BluffOnTable: posts big blind $0.05
*** HOLE CARDS ***
Dealt to Dorex2007 [7s Ad]
Tor4ok77777 has timed out
Tor4ok77777: folds 
richard4848: folds 
soldim327: raises $0.07 to $0.12
Nipo666: folds 
iggypop85: folds 
Dorex2007: folds 
jusssssssstin: calls $0.12
Sr ÁviIa: folds 
BluffOnTable: folds 
*** FLOP *** [Tc 9c Qh]
soldim327: bets $0.24
jusssssssstin: raises $0.39 to $0.63
soldim327: calls $0.39
*** TURN *** [Tc 9c Qh] [5c]
soldim327: checks 
jusssssssstin: bets $0.60
soldim327: calls $0.60
*** RIVER *** [Tc 9c Qh 5c] [4d]
soldim327: checks 
jusssssssstin: bets $1.13
soldim327: calls $1.13
*** SHOW DOWN ***
jusssssssstin: shows [8s Jh] (a straight, Eight to Queen)
soldim327: mucks hand 
jusssssssstin collected $4.82 from pot
*** SUMMARY ***
Total pot $5.03 | Rake $0.21 
Board [Tc 9c Qh 5c 4d]
Seat 1: Tor4ok77777 folded before Flop (didn't bet)
Seat 2: richard4848 folded before Flop (didn't bet)
Seat 3: soldim327 mucked [Kh Qd]
Seat 4: Nipo666 folded before Flop (didn't bet)
Seat 5: iggypop85 folded before Flop (didn't bet)
Seat 6: Dorex2007 folded before Flop (didn't bet)
Seat 7: jusssssssstin (button) showed [8s Jh] and won ($4.82) with a straight, Eight to Queen
Seat 8: Sr ÁviIa (small blind) folded before Flop
Seat 9: BluffOnTable (big blind) folded before Flop



PokerStars Hand #238884297314:  Hold'em No Limit ($0.02/$0.05 USD) - 2022/09/26 20:42:33 PT [2022/09/26 23:42:33 ET]
Table 'Crocus' 9-max Seat #8 is the button
Seat 1: Tor4ok77777 ($2.17 in chips) 
Seat 2: richard4848 ($5 in chips) 
Seat 3: soldim327 ($5 in chips) 
Seat 4: Nipo666 ($4.95 in chips) 
Seat 5: iggypop85 ($4.75 in chips) 
Seat 6: Dorex2007 ($5.60 in chips) 
Seat 7: jusssssssstin ($8.73 in chips) 
Seat 8: Sr ÁviIa ($6.42 in chips) 
Seat 9: BluffOnTable ($5 in chips) 
BluffOnTable: posts small blind $0.02
Tor4ok77777: posts big blind $0.05
*** HOLE CARDS ***
Dealt to Dorex2007 [2s Jc]
richard4848: folds 
soldim327: raises $0.07 to $0.12
Nipo666: folds 
iggypop85: folds 
Dorex2007: folds 
jusssssssstin: folds 
Sr ÁviIa: folds 
BluffOnTable: folds 
Tor4ok77777: folds 
Uncalled bet ($0.07) returned to soldim327
soldim327 collected $0.12 from pot
soldim327: doesn't show hand 
*** SUMMARY ***
Total pot $0.12 | Rake $0 
Seat 1: Tor4ok77777 (big blind) folded before Flop
Seat 2: richard4848 folded before Flop (didn't bet)
Seat 3: soldim327 collected ($0.12)
Seat 4: Nipo666 folded before Flop (didn't bet)
Seat 5: iggypop85 folded before Flop (didn't bet)
Seat 6: Dorex2007 folded before Flop (didn't bet)
Seat 7: jusssssssstin folded before Flop (didn't bet)
Seat 8: Sr ÁviIa (button) folded before Flop (didn't bet)
Seat 9: BluffOnTable (small blind) folded before Flop



PokerStars Hand #238884300772:  Hold'em No Limit ($0.02/$0.05 USD) - 2022/09/26 20:42:59 PT [2022/09/26 23:42:59 ET]
Table 'Crocus' 9-max Seat #9 is the button
Seat 1: Tor4ok77777 ($2.12 in chips) 
Seat 2: richard4848 ($5 in chips) 
Seat 3: soldim327 ($5.07 in chips) 
Seat 4: Nipo666 ($4.95 in chips) 
Seat 5: iggypop85 ($4.75 in chips) 
Seat 6: Dorex2007 ($5.60 in chips) 
Seat 7: jusssssssstin ($8.73 in chips) 
Seat 8: Sr ÁviIa ($6.42 in chips) 
Seat 9: BluffOnTable ($5 in chips) 
Tor4ok77777: posts small blind $0.02
richard4848: posts big blind $0.05
*** HOLE CARDS ***
Dealt to Dorex2007 [6d 3c]
soldim327: folds 
Nipo666: folds 
iggypop85: folds 
Dorex2007: folds 
jusssssssstin: raises $0.10 to $0.15
Sr ÁviIa: folds 
BluffOnTable: folds 
Tor4ok77777: calls $0.13
richard4848: folds 
*** FLOP *** [Ah 7d 4d]
Tor4ok77777: checks 
jusssssssstin: bets $0.22
Tor4ok77777: folds 
Uncalled bet ($0.22) returned to jusssssssstin
jusssssssstin collected $0.34 from pot
jusssssssstin: doesn't show hand 
*** SUMMARY ***
Total pot $0.35 | Rake $0.01 
Board [Ah 7d 4d]
Seat 1: Tor4ok77777 (small blind) folded on the Flop
Seat 2: richard4848 (big blind) folded before Flop
Seat 3: soldim327 folded before Flop (didn't bet)
Seat 4: Nipo666 folded before Flop (didn't bet)
Seat 5: iggypop85 folded before Flop (didn't bet)
Seat 6: Dorex2007 folded before Flop (didn't bet)
Seat 7: jusssssssstin collected ($0.34)
Seat 8: Sr ÁviIa folded before Flop (didn't bet)
Seat 9: BluffOnTable (button) folded before Flop (didn't bet)



PokerStars Hand #238884305846:  Hold'em No Limit ($0.02/$0.05 USD) - 2022/09/26 20:43:35 PT [2022/09/26 23:43:35 ET]
Table 'Crocus' 9-max Seat #1 is the button
Seat 1: Tor4ok77777 ($1.97 in chips) 
Seat 2: richard4848 ($5 in chips) 
Seat 3: soldim327 ($5.07 in chips) 
Seat 4: Nipo666 ($4.95 in chips) 
Seat 5: iggypop85 ($4.75 in chips) 
Seat 6: Dorex2007 ($5.60 in chips) 
Seat 7: jusssssssstin ($8.92 in chips) 
Seat 8: Sr ÁviIa ($6.42 in chips) 
Seat 9: BluffOnTable ($5 in chips) 
richard4848: posts small blind $0.02
soldim327: posts big blind $0.05
*** HOLE CARDS ***
Dealt to Dorex2007 [Ah Qd]
Nipo666: calls $0.05
iggypop85: folds 
Dorex2007: raises $0.10 to $0.15
jusssssssstin: folds 
Sr ÁviIa: folds 
BluffOnTable: folds 
Tor4ok77777: folds 
richard4848: calls $0.13
soldim327: folds 
Nipo666: calls $0.10
*** FLOP *** [5s 8h Kd]
richard4848: checks 
Nipo666: checks 
Dorex2007: checks 
*** TURN *** [5s 8h Kd] [Jh]
richard4848: checks 
Nipo666: checks 
Dorex2007: checks 
*** RIVER *** [5s 8h Kd Jh] [9d]
richard4848: checks 
Nipo666: bets $0.20
Dorex2007: folds 
richard4848: folds 
Uncalled bet ($0.20) returned to Nipo666
Nipo666 collected $0.48 from pot
Nipo666: doesn't show hand 
*** SUMMARY ***
Total pot $0.50 | Rake $0.02 
Board [5s 8h Kd Jh 9d]
Seat 1: Tor4ok77777 (button) folded before Flop (didn't bet)
Seat 2: richard4848 (small blind) folded on the River
Seat 3: soldim327 (big blind) folded before Flop
Seat 4: Nipo666 collected ($0.48)
Seat 5: iggypop85 folded before Flop (didn't bet)
Seat 6: Dorex2007 folded on the River
Seat 7: jusssssssstin folded before Flop (didn't bet)
Seat 8: Sr ÁviIa folded before Flop (didn't bet)
Seat 9: BluffOnTable folded before Flop (didn't bet)



PokerStars Hand #238884313489:  Hold'em No Limit ($0.02/$0.05 USD) - 2022/09/26 20:44:31 PT [2022/09/26 23:44:31 ET]
Table 'Crocus' 9-max Seat #2 is the button
Seat 1: Tor4ok77777 ($1.97 in chips) 
Seat 2: richard4848 ($4.85 in chips) 
Seat 3: soldim327 ($5.02 in chips) 
Seat 4: Nipo666 ($5.28 in chips) 
Seat 5: iggypop85 ($4.75 in chips) 
Seat 6: Dorex2007 ($5.45 in chips) 
Seat 7: jusssssssstin ($8.92 in chips) 
Seat 8: Sr ÁviIa ($6.42 in chips) 
Seat 9: BluffOnTable ($5 in chips) 
soldim327: posts small blind $0.02
Nipo666: posts big blind $0.05
*** HOLE CARDS ***
Dealt to Dorex2007 [8d Qc]
iggypop85: folds 
Dorex2007: folds 
jusssssssstin: folds 
Sr ÁviIa: raises $0.10 to $0.15
BluffOnTable: folds 
Tor4ok77777 has timed out
Tor4ok77777: folds 
richard4848: folds 
soldim327: folds 
jusssssssstin is disconnected 
Nipo666: folds 
Uncalled bet ($0.10) returned to Sr ÁviIa
Sr ÁviIa collected $0.12 from pot
Sr ÁviIa: doesn't show hand 
*** SUMMARY ***
Total pot $0.12 | Rake $0 
Seat 1: Tor4ok77777 folded before Flop (didn't bet)
Seat 2: richard4848 (button) folded before Flop (didn't bet)
Seat 3: soldim327 (small blind) folded before Flop
Seat 4: Nipo666 (big blind) folded before Flop
Seat 5: iggypop85 folded before Flop (didn't bet)
Seat 6: Dorex2007 folded before Flop (didn't bet)
Seat 7: jusssssssstin folded before Flop (didn't bet)
Seat 8: Sr ÁviIa collected ($0.12)
Seat 9: BluffOnTable folded before Flop (didn't bet)



PokerStars Hand #238884318761:  Hold'em No Limit ($0.02/$0.05 USD) - 2022/09/26 20:45:10 PT [2022/09/26 23:45:10 ET]
Table 'Crocus' 9-max Seat #3 is the button
Seat 2: richard4848 ($4.85 in chips) 
Seat 3: soldim327 ($5 in chips) 
Seat 4: Nipo666 ($5.23 in chips) 
Seat 5: iggypop85 ($4.75 in chips) 
Seat 6: Dorex2007 ($5.45 in chips) 
Seat 7: jusssssssstin ($8.92 in chips) 
Seat 8: Sr ÁviIa ($6.49 in chips) 
Seat 9: BluffOnTable ($5 in chips) 
Nipo666: posts small blind $0.02
iggypop85: posts big blind $0.05
*** HOLE CARDS ***
Dealt to Dorex2007 [7s Qc]
iggypop85 is disconnected 
Dorex2007: folds 
jusssssssstin has timed out while disconnected
jusssssssstin: folds 
Sr ÁviIa: folds 
BluffOnTable: raises $0.10 to $0.15
richard4848: folds 
soldim327 has timed out
soldim327: folds 
Nipo666: raises $0.10 to $0.25
iggypop85: folds 
BluffOnTable: calls $0.10
*** FLOP *** [3s 3d Th]
Nipo666: checks 
BluffOnTable: checks 
*** TURN *** [3s 3d Th] [2h]
Nipo666: checks 
BluffOnTable: bets $0.25
Nipo666: calls $0.25
*** RIVER *** [3s 3d Th 2h] [3c]
Nipo666: bets $1
BluffOnTable: folds 
Uncalled bet ($1) returned to Nipo666
Nipo666 collected $1.01 from pot
Nipo666: doesn't show hand 
*** SUMMARY ***
Total pot $1.05 | Rake $0.04 
Board [3s 3d Th 2h 3c]
Seat 2: richard4848 folded before Flop (didn't bet)
Seat 3: soldim327 (button) folded before Flop (didn't bet)
Seat 4: Nipo666 (small blind) collected ($1.01)
Seat 5: iggypop85 (big blind) folded before Flop
Seat 6: Dorex2007 folded before Flop (didn't bet)
Seat 7: jusssssssstin folded before Flop (didn't bet)
Seat 8: Sr ÁviIa folded before Flop (didn't bet)
Seat 9: BluffOnTable folded on the River



PokerStars Hand #238884329753:  Hold'em No Limit ($0.02/$0.05 USD) - 2022/09/26 20:46:31 PT [2022/09/26 23:46:31 ET]
Table 'Crocus' 9-max Seat #4 is the button
Seat 1: Tor4ok77777 ($1.97 in chips) 
Seat 2: richard4848 ($4.85 in chips) 
Seat 3: soldim327 ($5 in chips) 
Seat 4: Nipo666 ($5.74 in chips) 
Seat 5: iggypop85 ($4.70 in chips) 
Seat 6: Dorex2007 ($5.45 in chips) 
Seat 8: Sr ÁviIa ($6.49 in chips) 
Seat 9: BluffOnTable ($5 in chips) 
iggypop85: posts small blind $0.02
Dorex2007: posts big blind $0.05
*** HOLE CARDS ***
Dealt to Dorex2007 [Ts 3c]
Sr ÁviIa: folds 
BluffOnTable has timed out
BluffOnTable: folds 
Tor4ok77777: raises $0.12 to $0.17
richard4848: folds 
soldim327: folds 
Nipo666: folds 
iggypop85: calls $0.15
Dorex2007: folds 
*** FLOP *** [6h 9c 6c]
iggypop85: checks 
Tor4ok77777: bets $0.18
iggypop85: calls $0.18
*** TURN *** [6h 9c 6c] [3s]
iggypop85: checks 
Tor4ok77777: checks 
*** RIVER *** [6h 9c 6c 3s] [Jh]
iggypop85: checks 
Tor4ok77777: bets $0.05
iggypop85: calls $0.05
*** SHOW DOWN ***
Tor4ok77777: shows [2d 2h] (two pair, Sixes and Deuces)
iggypop85: mucks hand 
Tor4ok77777 collected $0.81 from pot
*** SUMMARY ***
Total pot $0.85 | Rake $0.04 
Board [6h 9c 6c 3s Jh]
Seat 1: Tor4ok77777 showed [2d 2h] and won ($0.81) with two pair, Sixes and Deuces
Seat 2: richard4848 folded before Flop (didn't bet)
Seat 3: soldim327 folded before Flop (didn't bet)
Seat 4: Nipo666 (button) folded before Flop (didn't bet)
Seat 5: iggypop85 (small blind) mucked [Kh Ac]
Seat 6: Dorex2007 (big blind) folded before Flop
Seat 8: Sr ÁviIa folded before Flop (didn't bet)
Seat 9: BluffOnTable folded before Flop (didn't bet)



PokerStars Hand #238884338728:  Hold'em No Limit ($0.02/$0.05 USD) - 2022/09/26 20:47:38 PT [2022/09/26 23:47:38 ET]
Table 'Crocus' 9-max Seat #5 is the button
Seat 1: Tor4ok77777 ($2.38 in chips) 
Seat 2: richard4848 ($4.85 in chips) 
Seat 3: soldim327 ($5 in chips) 
Seat 4: Nipo666 ($5.74 in chips) 
Seat 5: iggypop85 ($4.30 in chips) 
Seat 6: Dorex2007 ($5.40 in chips) 
Seat 8: Sr ÁviIa ($6.49 in chips) 
Seat 9: BluffOnTable ($5 in chips) 
Dorex2007: posts small blind $0.02
Sr ÁviIa: posts big blind $0.05
*** HOLE CARDS ***
Dealt to Dorex2007 [3d 2s]
BluffOnTable: folds 
Tor4ok77777: folds 
richard4848: folds 
soldim327: folds 
Nipo666: calls $0.05
iggypop85: folds 
Dorex2007: folds 
Sr ÁviIa: checks 
*** FLOP *** [8c Kd Jd]
Sr ÁviIa: checks 
Nipo666: checks 
*** TURN *** [8c Kd Jd] [2h]
Sr ÁviIa: checks 
Nipo666: checks 
*** RIVER *** [8c Kd Jd 2h] [Ad]
Sr ÁviIa: checks 
Nipo666: checks 
*** SHOW DOWN ***
Sr ÁviIa: shows [8s 6h] (a pair of Eights)
Nipo666: mucks hand 
Sr ÁviIa collected $0.12 from pot
*** SUMMARY ***
Total pot $0.12 | Rake $0 
Board [8c Kd Jd 2h Ad]
Seat 1: Tor4ok77777 folded before Flop (didn't bet)
Seat 2: richard4848 folded before Flop (didn't bet)
Seat 3: soldim327 folded before Flop (didn't bet)
Seat 4: Nipo666 mucked [6c 5c]
Seat 5: iggypop85 (button) folded before Flop (didn't bet)
Seat 6: Dorex2007 (small blind) folded before Flop
Seat 8: Sr ÁviIa (big blind) showed [8s 6h] and won ($0.12) with a pair of Eights
Seat 9: BluffOnTable folded before Flop (didn't bet)



PokerStars Hand #238884343071:  Hold'em No Limit ($0.02/$0.05 USD) - 2022/09/26 20:48:11 PT [2022/09/26 23:48:11 ET]
Table 'Crocus' 9-max Seat #6 is the button
Seat 1: Tor4ok77777 ($2.38 in chips) 
Seat 2: richard4848 ($4.85 in chips) 
Seat 3: soldim327 ($5 in chips) 
Seat 4: Nipo666 ($5.69 in chips) 
Seat 5: iggypop85 ($4.30 in chips) 
Seat 6: Dorex2007 ($5.38 in chips) 
Seat 8: Sr ÁviIa ($6.56 in chips) 
Seat 9: BluffOnTable ($5 in chips) 
Sr ÁviIa: posts small blind $0.02
BluffOnTable: posts big blind $0.05
*** HOLE CARDS ***
Dealt to Dorex2007 [2c Ad]
Tor4ok77777: folds 
richard4848: calls $0.05
soldim327: folds 
Nipo666: folds 
iggypop85: folds 
Dorex2007: folds 
Sr ÁviIa: folds 
BluffOnTable: checks 
*** FLOP *** [4h 8d 5c]
BluffOnTable: checks 
richard4848: bets $0.05
BluffOnTable: folds 
Uncalled bet ($0.05) returned to richard4848
richard4848 collected $0.12 from pot
richard4848: doesn't show hand 
*** SUMMARY ***
Total pot $0.12 | Rake $0 
Board [4h 8d 5c]
Seat 1: Tor4ok77777 folded before Flop (didn't bet)
Seat 2: richard4848 collected ($0.12)
Seat 3: soldim327 folded before Flop (didn't bet)
Seat 4: Nipo666 folded before Flop (didn't bet)
Seat 5: iggypop85 folded before Flop (didn't bet)
Seat 6: Dorex2007 (button) folded before Flop (didn't bet)
Seat 8: Sr ÁviIa (small blind) folded before Flop
Seat 9: BluffOnTable (big blind) folded on the Flop



PokerStars Hand #238884346110:  Hold'em No Limit ($0.02/$0.05 USD) - 2022/09/26 20:48:33 PT [2022/09/26 23:48:33 ET]
Table 'Crocus' 9-max Seat #8 is the button
Seat 1: Tor4ok77777 ($2.38 in chips) 
Seat 2: richard4848 ($4.92 in chips) 
Seat 3: soldim327 ($5 in chips) 
Seat 4: Nipo666 ($5.69 in chips) 
Seat 5: iggypop85 ($4.30 in chips) 
Seat 6: Dorex2007 ($5.38 in chips) 
Seat 8: Sr ÁviIa ($6.54 in chips) 
Seat 9: BluffOnTable ($5 in chips) 
BluffOnTable: posts small blind $0.02
Tor4ok77777: posts big blind $0.05
*** HOLE CARDS ***
Dealt to Dorex2007 [3c 9c]
richard4848: folds 
soldim327: folds 
Nipo666: folds 
iggypop85: folds 
Dorex2007: folds 
Sr ÁviIa: folds 
BluffOnTable: folds 
Uncalled bet ($0.03) returned to Tor4ok77777
Tor4ok77777 collected $0.04 from pot
*** SUMMARY ***
Total pot $0.04 | Rake $0 
Seat 1: Tor4ok77777 (big blind) collected ($0.04)
Seat 2: richard4848 folded before Flop (didn't bet)
Seat 3: soldim327 folded before Flop (didn't bet)
Seat 4: Nipo666 folded before Flop (didn't bet)
Seat 5: iggypop85 folded before Flop (didn't bet)
Seat 6: Dorex2007 folded before Flop (didn't bet)
Seat 8: Sr ÁviIa (button) folded before Flop (didn't bet)
Seat 9: BluffOnTable (small blind) folded before Flop



PokerStars Hand #238884349511:  Hold'em No Limit ($0.02/$0.05 USD) - 2022/09/26 20:48:58 PT [2022/09/26 23:48:58 ET]
Table 'Crocus' 9-max Seat #9 is the button
Seat 1: Tor4ok77777 ($2.40 in chips) 
Seat 2: richard4848 ($5 in chips) 
Seat 3: soldim327 ($5 in chips) 
Seat 4: Nipo666 ($5.69 in chips) 
Seat 5: iggypop85 ($4.30 in chips) 
Seat 6: Dorex2007 ($5.38 in chips) 
Seat 8: Sr ÁviIa ($6.54 in chips) 
Seat 9: BluffOnTable ($5 in chips) 
Tor4ok77777: posts small blind $0.02
richard4848: posts big blind $0.05
*** HOLE CARDS ***
Dealt to Dorex2007 [Qc 4d]
soldim327: folds 
Nipo666: folds 
iggypop85: folds 
Dorex2007: folds 
Sr ÁviIa: folds 
BluffOnTable: folds 
Tor4ok77777: calls $0.03
richard4848: checks 
*** FLOP *** [5s 7c 7s]
Tor4ok77777: bets $0.10
richard4848: folds 
Uncalled bet ($0.10) returned to Tor4ok77777
Tor4ok77777 collected $0.10 from pot
*** SUMMARY ***
Total pot $0.10 | Rake $0 
Board [5s 7c 7s]
Seat 1: Tor4ok77777 (small blind) collected ($0.10)
Seat 2: richard4848 (big blind) folded on the Flop
Seat 3: soldim327 folded before Flop (didn't bet)
Seat 4: Nipo666 folded before Flop (didn't bet)
Seat 5: iggypop85 folded before Flop (didn't bet)
Seat 6: Dorex2007 folded before Flop (didn't bet)
Seat 8: Sr ÁviIa folded before Flop (didn't bet)
Seat 9: BluffOnTable (button) folded before Flop (didn't bet)



PokerStars Hand #238884353334:  Hold'em No Limit ($0.02/$0.05 USD) - 2022/09/26 20:49:26 PT [2022/09/26 23:49:26 ET]
Table 'Crocus' 9-max Seat #1 is the button
Seat 1: Tor4ok77777 ($2.45 in chips) 
Seat 2: richard4848 ($4.95 in chips) 
Seat 3: soldim327 ($5 in chips) 
Seat 4: Nipo666 ($5.69 in chips) 
Seat 5: iggypop85 ($4.30 in chips) 
Seat 6: Dorex2007 ($5.38 in chips) 
Seat 8: Sr ÁviIa ($6.54 in chips) 
Seat 9: BluffOnTable ($5 in chips) 
richard4848: posts small blind $0.02
soldim327: posts big blind $0.05
*** HOLE CARDS ***
Dealt to Dorex2007 [Kh 6c]
Nipo666: calls $0.05
iggypop85: folds 
Dorex2007: folds 
Sr ÁviIa: folds 
BluffOnTable: raises $0.10 to $0.15
Tor4ok77777: folds 
richard4848: calls $0.13
soldim327: folds 
Nipo666: calls $0.10
*** FLOP *** [2c 5d 9c]
richard4848: checks 
Nipo666: checks 
BluffOnTable: checks 
*** TURN *** [2c 5d 9c] [7d]
richard4848: checks 
Nipo666: bets $0.24
BluffOnTable: folds 
richard4848: calls $0.24
*** RIVER *** [2c 5d 9c 7d] [Kc]
richard4848: checks 
Nipo666: checks 
*** SHOW DOWN ***
richard4848: shows [5h Ah] (a pair of Fives)
Nipo666: mucks hand 
richard4848 collected $0.94 from pot
*** SUMMARY ***
Total pot $0.98 | Rake $0.04 
Board [2c 5d 9c 7d Kc]
Seat 1: Tor4ok77777 (button) folded before Flop (didn't bet)
Seat 2: richard4848 (small blind) showed [5h Ah] and won ($0.94) with a pair of Fives
Seat 3: soldim327 (big blind) folded before Flop
Seat 4: Nipo666 mucked [As Td]
Seat 5: iggypop85 folded before Flop (didn't bet)
Seat 6: Dorex2007 folded before Flop (didn't bet)
Seat 8: Sr ÁviIa folded before Flop (didn't bet)
Seat 9: BluffOnTable folded on the Turn



PokerStars Hand #238884361800:  Hold'em No Limit ($0.02/$0.05 USD) - 2022/09/26 20:50:29 PT [2022/09/26 23:50:29 ET]
Table 'Crocus' 9-max Seat #2 is the button
Seat 1: Tor4ok77777 ($2.45 in chips) 
Seat 2: richard4848 ($5.50 in chips) 
Seat 3: soldim327 ($5 in chips) 
Seat 4: Nipo666 ($5.30 in chips) 
Seat 5: iggypop85 ($4.30 in chips) 
Seat 6: Dorex2007 ($5.38 in chips) 
Seat 8: Sr ÁviIa ($6.54 in chips) 
Seat 9: BluffOnTable ($5 in chips) 
soldim327: posts small blind $0.02
Nipo666: posts big blind $0.05
*** HOLE CARDS ***
Dealt to Dorex2007 [7d Kd]
iggypop85: folds 
Dorex2007: folds 
iggypop85 is disconnected 
Sr ÁviIa: raises $0.10 to $0.15
BluffOnTable: folds 
Tor4ok77777: folds 
richard4848: calls $0.15
soldim327: calls $0.13
Nipo666: calls $0.10
*** FLOP *** [4d 2c Td]
soldim327: checks 
Nipo666: checks 
Sr ÁviIa: bets $0.58
richard4848: calls $0.58
soldim327: folds 
Nipo666: folds 
*** TURN *** [4d 2c Td] [3s]
Sr ÁviIa: bets $1.69
richard4848: folds 
Uncalled bet ($1.69) returned to Sr ÁviIa
Sr ÁviIa collected $1.69 from pot
Sr ÁviIa: doesn't show hand 
*** SUMMARY ***
Total pot $1.76 | Rake $0.07 
Board [4d 2c Td 3s]
Seat 1: Tor4ok77777 folded before Flop (didn't bet)
Seat 2: richard4848 (button) folded on the Turn
Seat 3: soldim327 (small blind) folded on the Flop
Seat 4: Nipo666 (big blind) folded on the Flop
Seat 5: iggypop85 folded before Flop (didn't bet)
Seat 6: Dorex2007 folded before Flop (didn't bet)
Seat 8: Sr ÁviIa collected ($1.69)
Seat 9: BluffOnTable folded before Flop (didn't bet)



PokerStars Hand #238884371199:  Hold'em No Limit ($0.02/$0.05 USD) - 2022/09/26 20:51:41 PT [2022/09/26 23:51:41 ET]
Table 'Crocus' 9-max Seat #3 is the button
Seat 1: Tor4ok77777 ($2.45 in chips) 
Seat 2: richard4848 ($4.77 in chips) 
Seat 3: soldim327 ($5 in chips) 
Seat 4: Nipo666 ($5.15 in chips) 
Seat 5: iggypop85 ($4.30 in chips) 
Seat 6: Dorex2007 ($5.38 in chips) 
Seat 8: Sr ÁviIa ($7.50 in chips) 
Seat 9: BluffOnTable ($5 in chips) 
Nipo666: posts small blind $0.02
iggypop85: posts big blind $0.05
*** HOLE CARDS ***
Dealt to Dorex2007 [Kh 4d]
Dorex2007: folds 
Sr ÁviIa: folds 
BluffOnTable: folds 
Tor4ok77777: raises $0.12 to $0.17
richard4848: folds 
soldim327: folds 
Nipo666: calls $0.15
iggypop85: folds 
*** FLOP *** [4s 4c 3c]
Nipo666: checks 
Tor4ok77777: bets $0.18
Nipo666: folds 
Uncalled bet ($0.18) returned to Tor4ok77777
Tor4ok77777 collected $0.37 from pot
*** SUMMARY ***
Total pot $0.39 | Rake $0.02 
Board [4s 4c 3c]
Seat 1: Tor4ok77777 collected ($0.37)
Seat 2: richard4848 folded before Flop (didn't bet)
Seat 3: soldim327 (button) folded before Flop (didn't bet)
Seat 4: Nipo666 (small blind) folded on the Flop
Seat 5: iggypop85 (big blind) folded before Flop
Seat 6: Dorex2007 folded before Flop (didn't bet)
Seat 8: Sr ÁviIa folded before Flop (didn't bet)
Seat 9: BluffOnTable folded before Flop (didn't bet)



PokerStars Hand #238884376878:  Hold'em No Limit ($0.02/$0.05 USD) - 2022/09/26 20:52:24 PT [2022/09/26 23:52:24 ET]
Table 'Crocus' 9-max Seat #4 is the button
Seat 1: Tor4ok77777 ($2.65 in chips) 
Seat 2: richard4848 ($5 in chips) 
Seat 3: soldim327 ($5 in chips) 
Seat 4: Nipo666 ($4.98 in chips) 
Seat 5: iggypop85 ($4.25 in chips) 
Seat 6: Dorex2007 ($5.38 in chips) 
Seat 8: Sr ÁviIa ($7.50 in chips) 
Seat 9: BluffOnTable ($5 in chips) 
iggypop85: posts small blind $0.02
Dorex2007: posts big blind $0.05
*** HOLE CARDS ***
Dealt to Dorex2007 [6h Qd]
Sr ÁviIa: folds 
BluffOnTable: folds 
Tor4ok77777 has timed out
Tor4ok77777: folds 
richard4848: folds 
soldim327: folds 
Nipo666: calls $0.05
iggypop85: folds 
Dorex2007: checks 
*** FLOP *** [2h 6s 6d]
Dorex2007: checks 
Nipo666: checks 
*** TURN *** [2h 6s 6d] [Jh]
Dorex2007: checks 
Nipo666: checks 
*** RIVER *** [2h 6s 6d Jh] [3d]
Dorex2007: bets $0.12
Nipo666: calls $0.12
*** SHOW DOWN ***
Dorex2007: shows [6h Qd] (three of a kind, Sixes)
Nipo666: mucks hand 
Dorex2007 collected $0.35 from pot
*** SUMMARY ***
Total pot $0.36 | Rake $0.01 
Board [2h 6s 6d Jh 3d]
Seat 1: Tor4ok77777 folded before Flop (didn't bet)
Seat 2: richard4848 folded before Flop (didn't bet)
Seat 3: soldim327 folded before Flop (didn't bet)
Seat 4: Nipo666 (button) mucked [As 3h]
Seat 5: iggypop85 (small blind) folded before Flop
Seat 6: Dorex2007 (big blind) showed [6h Qd] and won ($0.35) with three of a kind, Sixes
Seat 8: Sr ÁviIa folded before Flop (didn't bet)
Seat 9: BluffOnTable folded before Flop (didn't bet)



PokerStars Hand #238884382882:  Hold'em No Limit ($0.02/$0.05 USD) - 2022/09/26 20:53:11 PT [2022/09/26 23:53:11 ET]
Table 'Crocus' 9-max Seat #5 is the button
Seat 1: Tor4ok77777 ($2.65 in chips) 
Seat 2: richard4848 ($5 in chips) 
Seat 3: soldim327 ($5 in chips) 
Seat 4: Nipo666 ($4.81 in chips) 
Seat 5: iggypop85 ($4.23 in chips) 
Seat 6: Dorex2007 ($5.56 in chips) 
Seat 8: Sr ÁviIa ($7.50 in chips) 
Seat 9: BluffOnTable ($5 in chips) 
Dorex2007: posts small blind $0.02
Sr ÁviIa: posts big blind $0.05
*** HOLE CARDS ***
Dealt to Dorex2007 [9c 4d]
BluffOnTable: folds 
Tor4ok77777: folds 
richard4848: raises $0.15 to $0.20
soldim327: folds 
Nipo666: folds 
iggypop85: calls $0.20
Dorex2007: folds 
Sr ÁviIa: folds 
*** FLOP *** [5d 7d Kc]
richard4848: checks 
iggypop85: bets $0.22
richard4848: folds 
Uncalled bet ($0.22) returned to iggypop85
iggypop85 collected $0.45 from pot
*** SUMMARY ***
Total pot $0.47 | Rake $0.02 
Board [5d 7d Kc]
Seat 1: Tor4ok77777 folded before Flop (didn't bet)
Seat 2: richard4848 folded on the Flop
Seat 3: soldim327 folded before Flop (didn't bet)
Seat 4: Nipo666 folded before Flop (didn't bet)
Seat 5: iggypop85 (button) collected ($0.45)
Seat 6: Dorex2007 (small blind) folded before Flop
Seat 8: Sr ÁviIa (big blind) folded before Flop
Seat 9: BluffOnTable folded before Flop (didn't bet)



PokerStars Hand #238884387184:  Hold'em No Limit ($0.02/$0.05 USD) - 2022/09/26 20:53:43 PT [2022/09/26 23:53:43 ET]
Table 'Crocus' 9-max Seat #6 is the button
Seat 1: Tor4ok77777 ($2.65 in chips) 
Seat 2: richard4848 ($4.80 in chips) 
Seat 3: soldim327 ($5 in chips) 
Seat 4: Nipo666 ($4.81 in chips) 
Seat 5: iggypop85 ($4.48 in chips) 
Seat 6: Dorex2007 ($5.54 in chips) 
Seat 8: Sr ÁviIa ($7.45 in chips) 
Seat 9: BluffOnTable ($5 in chips) 
Sr ÁviIa: posts small blind $0.02
BluffOnTable: posts big blind $0.05
*** HOLE CARDS ***
Dealt to Dorex2007 [7c Jc]
Tor4ok77777: calls $0.05
richard4848: raises $0.25 to $0.30
soldim327: folds 
Nipo666: calls $0.30
iggypop85: folds 
Dorex2007: folds 
Sr ÁviIa: folds 
BluffOnTable: folds 
Tor4ok77777: calls $0.25
*** FLOP *** [9d 3d Kc]
Tor4ok77777: checks 
richard4848: checks 
Nipo666: checks 
*** TURN *** [9d 3d Kc] [6h]
Tor4ok77777: checks 
richard4848: checks 
Nipo666: checks 
*** RIVER *** [9d 3d Kc 6h] [2s]
Tor4ok77777: bets $0.93
richard4848: folds 
Nipo666: folds 
Uncalled bet ($0.93) returned to Tor4ok77777
Tor4ok77777 collected $0.93 from pot
*** SUMMARY ***
Total pot $0.97 | Rake $0.04 
Board [9d 3d Kc 6h 2s]
Seat 1: Tor4ok77777 collected ($0.93)
Seat 2: richard4848 folded on the River
Seat 3: soldim327 folded before Flop (didn't bet)
Seat 4: Nipo666 folded on the River
Seat 5: iggypop85 folded before Flop (didn't bet)
Seat 6: Dorex2007 (button) folded before Flop (didn't bet)
Seat 8: Sr ÁviIa (small blind) folded before Flop
Seat 9: BluffOnTable (big blind) folded before Flop



PokerStars Hand #238884395991:  Hold'em No Limit ($0.02/$0.05 USD) - 2022/09/26 20:54:51 PT [2022/09/26 23:54:51 ET]
Table 'Crocus' 9-max Seat #8 is the button
Seat 1: Tor4ok77777 ($3.28 in chips) 
Seat 2: richard4848 ($4.70 in chips) 
Seat 3: soldim327 ($5 in chips) 
Seat 4: Nipo666 ($4.51 in chips) 
Seat 5: iggypop85 ($4.48 in chips) 
Seat 6: Dorex2007 ($5.54 in chips) 
Seat 8: Sr ÁviIa ($7.43 in chips) 
Seat 9: BluffOnTable ($5 in chips) 
BluffOnTable: posts small blind $0.02
Tor4ok77777: posts big blind $0.05
*** HOLE CARDS ***
Dealt to Dorex2007 [5c 3c]
richard4848: folds 
jusssssssstin leaves the table
soldim327: raises $0.07 to $0.12
Nipo666: folds 
iggypop85: folds 
Dorex2007: folds 
Sr ÁviIa: folds 
BluffOnTable: folds 
Tor4ok77777: calls $0.07
*** FLOP *** [8c Qc 4d]
Tor4ok77777: checks 
soldim327: bets $0.17
Tor4ok77777: folds 
Uncalled bet ($0.17) returned to soldim327
soldim327 collected $0.25 from pot
soldim327: doesn't show hand 
*** SUMMARY ***
Total pot $0.26 | Rake $0.01 
Board [8c Qc 4d]
Seat 1: Tor4ok77777 (big blind) folded on the Flop
Seat 2: richard4848 folded before Flop (didn't bet)
Seat 3: soldim327 collected ($0.25)
Seat 4: Nipo666 folded before Flop (didn't bet)
Seat 5: iggypop85 folded before Flop (didn't bet)
Seat 6: Dorex2007 folded before Flop (didn't bet)
Seat 8: Sr ÁviIa (button) folded before Flop (didn't bet)
Seat 9: BluffOnTable (small blind) folded before Flop



PokerStars Hand #238884401381:  Hold'em No Limit ($0.02/$0.05 USD) - 2022/09/26 20:55:36 PT [2022/09/26 23:55:36 ET]
Table 'Crocus' 9-max Seat #9 is the button
Seat 1: Tor4ok77777 ($3.16 in chips) 
Seat 2: richard4848 ($5 in chips) 
Seat 3: soldim327 ($5.13 in chips) 
Seat 4: Nipo666 ($4.51 in chips) 
Seat 5: iggypop85 ($4.48 in chips) 
Seat 6: Dorex2007 ($5.54 in chips) 
Seat 8: Sr ÁviIa ($7.43 in chips) 
Seat 9: BluffOnTable ($5 in chips) 
Tor4ok77777: posts small blind $0.02
richard4848: posts big blind $0.05
*** HOLE CARDS ***
Dealt to Dorex2007 [Qs 9s]
soldim327: folds 
Nipo666: folds 
iggypop85: folds 
soldim327 leaves the table
Dorex2007: folds 
Sr ÁviIa: raises $0.10 to $0.15
BluffOnTable: calls $0.15
Tor4ok77777: folds 
richard4848: folds 
*** FLOP *** [Jc 2c 5s]
Sr ÁviIa: bets $0.35
BluffOnTable: folds 
Uncalled bet ($0.35) returned to Sr ÁviIa
Sr ÁviIa collected $0.35 from pot
Sr ÁviIa: doesn't show hand 
*** SUMMARY ***
Total pot $0.37 | Rake $0.02 
Board [Jc 2c 5s]
Seat 1: Tor4ok77777 (small blind) folded before Flop
Seat 2: richard4848 (big blind) folded before Flop
Seat 3: soldim327 folded before Flop (didn't bet)
Seat 4: Nipo666 folded before Flop (didn't bet)
Seat 5: iggypop85 folded before Flop (didn't bet)
Seat 6: Dorex2007 folded before Flop (didn't bet)
Seat 8: Sr ÁviIa collected ($0.35)
Seat 9: BluffOnTable (button) folded on the Flop



PokerStars Hand #238884405458:  Hold'em No Limit ($0.02/$0.05 USD) - 2022/09/26 20:56:13 PT [2022/09/26 23:56:13 ET]
Table 'Crocus' 9-max Seat #1 is the button
Seat 1: Tor4ok77777 ($3.14 in chips) 
Seat 2: richard4848 ($5 in chips) 
Seat 4: Nipo666 ($4.51 in chips) 
Seat 5: iggypop85 ($4.48 in chips) 
Seat 6: Dorex2007 ($5.54 in chips) 
Seat 8: Sr ÁviIa ($7.63 in chips) 
Seat 9: BluffOnTable ($5 in chips) 
richard4848: posts small blind $0.02
Nipo666: posts big blind $0.05
*** HOLE CARDS ***
Dealt to Dorex2007 [Jd 6d]
iggypop85: folds 
Dorex2007: folds 
Sr ÁviIa: folds 
BluffOnTable: folds 
Tor4ok77777: folds 
richard4848: calls $0.03
Nipo666: checks 
*** FLOP *** [Ac Kh Th]
richard4848: checks 
Nipo666: checks 
*** TURN *** [Ac Kh Th] [As]
richard4848: checks 
Nipo666: checks 
*** RIVER *** [Ac Kh Th As] [Js]
richard4848: checks 
Nipo666: bets $0.10
bauticius joins the table at seat #3 
richard4848: folds 
Uncalled bet ($0.10) returned to Nipo666
Nipo666 collected $0.10 from pot
Nipo666: doesn't show hand 
*** SUMMARY ***
Total pot $0.10 | Rake $0 
Board [Ac Kh Th As Js]
Seat 1: Tor4ok77777 (button) folded before Flop (didn't bet)
Seat 2: richard4848 (small blind) folded on the River
Seat 4: Nipo666 (big blind) collected ($0.10)
Seat 5: iggypop85 folded before Flop (didn't bet)
Seat 6: Dorex2007 folded before Flop (didn't bet)
Seat 8: Sr ÁviIa folded before Flop (didn't bet)
Seat 9: BluffOnTable folded before Flop (didn't bet)



PokerStars Hand #238884411967:  Hold'em No Limit ($0.02/$0.05 USD) - 2022/09/26 20:57:12 PT [2022/09/26 23:57:12 ET]
Table 'Crocus' 9-max Seat #2 is the button
Seat 1: Tor4ok77777 ($3.14 in chips) 
Seat 2: richard4848 ($4.95 in chips) 
Seat 4: Nipo666 ($4.56 in chips) 
Seat 5: iggypop85 ($4.48 in chips) 
Seat 6: Dorex2007 ($5.54 in chips) 
Seat 8: Sr ÁviIa ($7.63 in chips) 
Seat 9: BluffOnTable ($5 in chips) 
Nipo666: posts small blind $0.02
iggypop85: posts big blind $0.05
*** HOLE CARDS ***
Dealt to Dorex2007 [5c 5h]
Dorex2007: raises $0.05 to $0.10
Sr ÁviIa: folds 
BluffOnTable: folds 
Tor4ok77777: calls $0.10
richard4848: folds 
Nipo666: folds 
iggypop85: raises $0.40 to $0.50
Dorex2007: folds 
Tor4ok77777: folds 
Uncalled bet ($0.40) returned to iggypop85
iggypop85 collected $0.32 from pot
*** SUMMARY ***
Total pot $0.32 | Rake $0 
Seat 1: Tor4ok77777 folded before Flop
Seat 2: richard4848 (button) folded before Flop (didn't bet)
Seat 4: Nipo666 (small blind) folded before Flop
Seat 5: iggypop85 (big blind) collected ($0.32)
Seat 6: Dorex2007 folded before Flop
Seat 8: Sr ÁviIa folded before Flop (didn't bet)
Seat 9: BluffOnTable folded before Flop (didn't bet)



PokerStars Hand #238884415215:  Hold'em No Limit ($0.02/$0.05 USD) - 2022/09/26 20:57:41 PT [2022/09/26 23:57:41 ET]
Table 'Crocus' 9-max Seat #4 is the button
Seat 1: Tor4ok77777 ($3.04 in chips) 
Seat 2: richard4848 ($5 in chips) 
Seat 3: bauticius ($5 in chips) 
Seat 4: Nipo666 ($4.54 in chips) 
Seat 5: iggypop85 ($4.70 in chips) 
Seat 6: Dorex2007 ($5.44 in chips) 
Seat 8: Sr ÁviIa ($7.63 in chips) 
Seat 9: BluffOnTable ($5 in chips) 
iggypop85: posts small blind $0.02
Dorex2007: posts big blind $0.05
bauticius: posts big blind $0.05
*** HOLE CARDS ***
Dealt to Dorex2007 [5c Qc]
Sr ÁviIa: folds 
BluffOnTable: raises $0.10 to $0.15
Tor4ok77777: folds 
richard4848: folds 
bauticius: folds 
Nipo666: folds 
Tor4ok77777 leaves the table
iggypop85: folds 
Dorex2007: folds 
Uncalled bet ($0.10) returned to BluffOnTable
BluffOnTable collected $0.17 from pot
BluffOnTable: doesn't show hand 
*** SUMMARY ***
Total pot $0.17 | Rake $0 
Seat 1: Tor4ok77777 folded before Flop (didn't bet)
Seat 2: richard4848 folded before Flop (didn't bet)
Seat 3: bauticius folded before Flop (didn't bet)
Seat 4: Nipo666 (button) folded before Flop (didn't bet)
Seat 5: iggypop85 (small blind) folded before Flop
Seat 6: Dorex2007 (big blind) folded before Flop
Seat 8: Sr ÁviIa folded before Flop (didn't bet)
Seat 9: BluffOnTable collected ($0.17)



PokerStars Hand #238884418222:  Hold'em No Limit ($0.02/$0.05 USD) - 2022/09/26 20:58:09 PT [2022/09/26 23:58:09 ET]
Table 'Crocus' 9-max Seat #5 is the button
Seat 2: richard4848 ($5 in chips) 
Seat 3: bauticius ($4.95 in chips) 
Seat 4: Nipo666 ($4.54 in chips) 
Seat 5: iggypop85 ($4.68 in chips) 
Seat 6: Dorex2007 ($5.39 in chips) 
Seat 9: BluffOnTable ($5.12 in chips) 
Dorex2007: posts small blind $0.02
BluffOnTable: posts big blind $0.05
*** HOLE CARDS ***
Dealt to Dorex2007 [5c 3c]
macfried cnt joins the table at seat #1 
richard4848: folds 
bauticius: folds 
Nipo666: calls $0.05
iggypop85: folds 
Dorex2007: folds 
BluffOnTable: raises $0.25 to $0.30
Nipo666: folds 
Uncalled bet ($0.25) returned to BluffOnTable
BluffOnTable collected $0.12 from pot
BluffOnTable: doesn't show hand 
*** SUMMARY ***
Total pot $0.12 | Rake $0 
Seat 2: richard4848 folded before Flop (didn't bet)
Seat 3: bauticius folded before Flop (didn't bet)
Seat 4: Nipo666 folded before Flop
Seat 5: iggypop85 (button) folded before Flop (didn't bet)
Seat 6: Dorex2007 (small blind) folded before Flop
Seat 9: BluffOnTable (big blind) collected ($0.12)



PokerStars Hand #238884421793:  Hold'em No Limit ($0.02/$0.05 USD) - 2022/09/26 20:58:41 PT [2022/09/26 23:58:41 ET]
Table 'Crocus' 9-max Seat #6 is the button
Seat 1: macfried cnt ($5 in chips) 
Seat 2: richard4848 ($5 in chips) 
Seat 3: bauticius ($4.95 in chips) 
Seat 4: Nipo666 ($4.49 in chips) 
Seat 5: iggypop85 ($4.68 in chips) 
Seat 6: Dorex2007 ($5.37 in chips) 
Seat 9: BluffOnTable ($5.19 in chips) 
BluffOnTable: posts small blind $0.02
macfried cnt: posts big blind $0.05
*** HOLE CARDS ***
Dealt to Dorex2007 [8c Ts]
richard4848: folds 
bauticius: folds 
Nipo666: folds 
iggypop85: folds 
Dorex2007: folds 
BluffOnTable: folds 
Uncalled bet ($0.03) returned to macfried cnt
macfried cnt collected $0.04 from pot
*** SUMMARY ***
Total pot $0.04 | Rake $0 
Seat 1: macfried cnt (big blind) collected ($0.04)
Seat 2: richard4848 folded before Flop (didn't bet)
Seat 3: bauticius folded before Flop (didn't bet)
Seat 4: Nipo666 folded before Flop (didn't bet)
Seat 5: iggypop85 folded before Flop (didn't bet)
Seat 6: Dorex2007 (button) folded before Flop (didn't bet)
Seat 9: BluffOnTable (small blind) folded before Flop



PokerStars Hand #238884424214:  Hold'em No Limit ($0.02/$0.05 USD) - 2022/09/26 20:59:03 PT [2022/09/26 23:59:03 ET]
Table 'Crocus' 9-max Seat #9 is the button
Seat 1: macfried cnt ($5.02 in chips) 
Seat 2: richard4848 ($5 in chips) 
Seat 3: bauticius ($4.95 in chips) 
Seat 4: Nipo666 ($4.49 in chips) 
Seat 5: iggypop85 ($4.68 in chips) 
Seat 6: Dorex2007 ($5.37 in chips) 
Seat 9: BluffOnTable ($5.17 in chips) 
macfried cnt: posts small blind $0.02
richard4848: posts big blind $0.05
*** HOLE CARDS ***
Dealt to Dorex2007 [6s 2d]
bauticius: folds 
Nipo666: folds 
iggypop85: folds 
Dorex2007: folds 
BluffOnTable: folds 
macfried cnt: folds 
Uncalled bet ($0.03) returned to richard4848
richard4848 collected $0.04 from pot
richard4848: doesn't show hand 
*** SUMMARY ***
Total pot $0.04 | Rake $0 
Seat 1: macfried cnt (small blind) folded before Flop
Seat 2: richard4848 (big blind) collected ($0.04)
Seat 3: bauticius folded before Flop (didn't bet)
Seat 4: Nipo666 folded before Flop (didn't bet)
Seat 5: iggypop85 folded before Flop (didn't bet)
Seat 6: Dorex2007 folded before Flop (didn't bet)
Seat 9: BluffOnTable (button) folded before Flop (didn't bet)



PokerStars Hand #238884426866:  Hold'em No Limit ($0.02/$0.05 USD) - 2022/09/26 20:59:27 PT [2022/09/26 23:59:27 ET]
Table 'Crocus' 9-max Seat #1 is the button
Seat 1: macfried cnt ($5 in chips) 
Seat 2: richard4848 ($5.02 in chips) 
Seat 3: bauticius ($4.95 in chips) 
Seat 4: Nipo666 ($4.49 in chips) 
Seat 5: iggypop85 ($4.68 in chips) 
Seat 6: Dorex2007 ($5.37 in chips) 
Seat 9: BluffOnTable ($5.17 in chips) 
richard4848: posts small blind $0.02
bauticius: posts big blind $0.05
*** HOLE CARDS ***
Dealt to Dorex2007 [Kc 2s]
Nipo666: folds 
iggypop85: raises $0.10 to $0.15
Dorex2007: folds 
BluffOnTable: folds 
macfried cnt: raises $0.21 to $0.36
richard4848: folds 
bauticius: folds 
iggypop85: calls $0.21
*** FLOP *** [2h 5s Ks]
iggypop85: checks 
macfried cnt: checks 
*** TURN *** [2h 5s Ks] [Jh]
iggypop85: bets $0.51
macfried cnt: calls $0.51
*** RIVER *** [2h 5s Ks Jh] [8s]
iggypop85: checks 
macfried cnt: checks 
*** SHOW DOWN ***
iggypop85: shows [Qh Kh] (a pair of Kings)
macfried cnt: mucks hand 
iggypop85 collected $1.73 from pot
*** SUMMARY ***
Total pot $1.81 | Rake $0.08 
Board [2h 5s Ks Jh 8s]
Seat 1: macfried cnt (button) mucked [2c Ac]
Seat 2: richard4848 (small blind) folded before Flop
Seat 3: bauticius (big blind) folded before Flop
Seat 4: Nipo666 folded before Flop (didn't bet)
Seat 5: iggypop85 showed [Qh Kh] and won ($1.73) with a pair of Kings
Seat 6: Dorex2007 folded before Flop (didn't bet)
Seat 9: BluffOnTable folded before Flop (didn't bet)



