PokerStars Hand #238762899563:  Hold'em No Limit ($0.02/$0.05 USD) - 2022/09/20 19:47:34 PT [2022/09/20 22:47:34 ET]
Table 'Aesculapia III' 9-max Seat #5 is the button
Seat 1: ColinCave ($5 in chips) 
Seat 2: Screapper ($4 in chips) 
Seat 3: Dorex2007 ($5 in chips) 
Seat 5: yur4ik777 ($8.20 in chips) 
Seat 6: chukdadd ($4.40 in chips) 
Seat 7: BlackWinegum ($5.80 in chips) 
Seat 8: supurutik ($9.99 in chips) 
Seat 9: Almanza63 ($4.27 in chips) 
chukdadd: posts small blind $0.02
BlackWinegum: posts big blind $0.05
Screapper: posts big blind $0.05
Dorex2007: posts big blind $0.05
linoaspoker: sits out 
*** HOLE CARDS ***
Dealt to Dorex2007 [4d 4h]
supurutik: calls $0.05
Almanza63: raises $0.10 to $0.15
ColinCave: folds 
Screapper: folds 
Dorex2007: calls $0.10
yur4ik777: folds 
chukdadd: folds 
BlackWinegum: folds 
supurutik: calls $0.10
*** FLOP *** [Ts 5d Ks]
supurutik: bets $0.15
Almanza63: calls $0.15
Dorex2007: folds 
*** TURN *** [Ts 5d Ks] [2h]
supurutik: bets $0.41
Almanza63: calls $0.41
*** RIVER *** [Ts 5d Ks 2h] [9d]
supurutik: checks 
Almanza63: bets $1.23
supurutik: calls $1.23
*** SHOW DOWN ***
Almanza63: shows [Jh Jc] (a pair of Jacks)
supurutik: shows [8d Kd] (a pair of Kings)
supurutik collected $3.98 from pot
*** SUMMARY ***
Total pot $4.15 | Rake $0.17 
Board [Ts 5d Ks 2h 9d]
Seat 1: ColinCave folded before Flop (didn't bet)
Seat 2: Screapper folded before Flop (didn't bet)
Seat 3: Dorex2007 folded on the Flop
Seat 5: yur4ik777 (button) folded before Flop (didn't bet)
Seat 6: chukdadd (small blind) folded before Flop
Seat 7: BlackWinegum (big blind) folded before Flop
Seat 8: supurutik showed [8d Kd] and won ($3.98) with a pair of Kings
Seat 9: Almanza63 showed [Jh Jc] and lost with a pair of Jacks



PokerStars Hand #238762909001:  Hold'em No Limit ($0.02/$0.05 USD) - 2022/09/20 19:48:31 PT [2022/09/20 22:48:31 ET]
Table 'Aesculapia III' 9-max Seat #6 is the button
Seat 1: ColinCave ($5 in chips) 
Seat 2: Screapper ($3.95 in chips) 
Seat 3: Dorex2007 ($5 in chips) 
Seat 5: yur4ik777 ($8.20 in chips) 
Seat 6: chukdadd ($4.38 in chips) 
Seat 7: BlackWinegum ($5.75 in chips) 
Seat 8: supurutik ($12.03 in chips) 
Seat 9: Almanza63 ($2.33 in chips) 
BlackWinegum: posts small blind $0.02
supurutik: posts big blind $0.05
linoaspoker: sits out 
*** HOLE CARDS ***
Dealt to Dorex2007 [Kd Ts]
Almanza63: folds 
ColinCave: calls $0.05
Screapper: folds 
Dorex2007: folds 
yur4ik777: raises $0.17 to $0.22
chukdadd: folds 
BlackWinegum: folds 
supurutik: calls $0.17
ColinCave: calls $0.17
*** FLOP *** [7d 2s 9c]
supurutik: checks 
ColinCave: checks 
yur4ik777: bets $0.49
supurutik: calls $0.49
ColinCave: folds 
*** TURN *** [7d 2s 9c] [9h]
supurutik: checks 
yur4ik777: bets $0.90
supurutik: folds 
Uncalled bet ($0.90) returned to yur4ik777
yur4ik777 collected $1.59 from pot
yur4ik777: doesn't show hand 
*** SUMMARY ***
Total pot $1.66 | Rake $0.07 
Board [7d 2s 9c 9h]
Seat 1: ColinCave folded on the Flop
Seat 2: Screapper folded before Flop (didn't bet)
Seat 3: Dorex2007 folded before Flop (didn't bet)
Seat 5: yur4ik777 collected ($1.59)
Seat 6: chukdadd (button) folded before Flop (didn't bet)
Seat 7: BlackWinegum (small blind) folded before Flop
Seat 8: supurutik (big blind) folded on the Turn
Seat 9: Almanza63 folded before Flop (didn't bet)



PokerStars Hand #238762918710:  Hold'em No Limit ($0.02/$0.05 USD) - 2022/09/20 19:49:30 PT [2022/09/20 22:49:30 ET]
Table 'Aesculapia III' 9-max Seat #7 is the button
Seat 1: ColinCave ($4.78 in chips) 
Seat 2: Screapper ($3.95 in chips) 
Seat 3: Dorex2007 ($5 in chips) 
Seat 5: yur4ik777 ($9.08 in chips) 
Seat 6: chukdadd ($4.38 in chips) 
Seat 7: BlackWinegum ($5.73 in chips) 
Seat 8: supurutik ($11.32 in chips) 
Seat 9: Almanza63 ($5 in chips) 
supurutik: posts small blind $0.02
Almanza63: posts big blind $0.05
linoaspoker: sits out 
*** HOLE CARDS ***
Dealt to Dorex2007 [Td Th]
ColinCave: folds 
Screapper has timed out
Screapper: folds 
Dorex2007: raises $0.05 to $0.10
yur4ik777: folds 
chukdadd: folds 
BlackWinegum: folds 
supurutik: raises $0.05 to $0.15
Almanza63: folds 
Dorex2007: calls $0.05
*** FLOP *** [5s 8d Jh]
supurutik: bets $0.30
Dorex2007: calls $0.30
*** TURN *** [5s 8d Jh] [8h]
supurutik: bets $0.91
Dorex2007: calls $0.91
*** RIVER *** [5s 8d Jh 8h] [3c]
supurutik: bets $9.96 and is all-in
Dorex2007: folds 
Uncalled bet ($9.96) returned to supurutik
supurutik collected $2.66 from pot
*** SUMMARY ***
Total pot $2.77 | Rake $0.11 
Board [5s 8d Jh 8h 3c]
Seat 1: ColinCave folded before Flop (didn't bet)
Seat 2: Screapper folded before Flop (didn't bet)
Seat 3: Dorex2007 folded on the River
Seat 5: yur4ik777 folded before Flop (didn't bet)
Seat 6: chukdadd folded before Flop (didn't bet)
Seat 7: BlackWinegum (button) folded before Flop (didn't bet)
Seat 8: supurutik (small blind) collected ($2.66)
Seat 9: Almanza63 (big blind) folded before Flop



PokerStars Hand #238762930784:  Hold'em No Limit ($0.02/$0.05 USD) - 2022/09/20 19:50:45 PT [2022/09/20 22:50:45 ET]
Table 'Aesculapia III' 9-max Seat #8 is the button
Seat 1: ColinCave ($4.78 in chips) 
Seat 2: Screapper ($3.95 in chips) 
Seat 3: Dorex2007 ($5 in chips) 
Seat 5: yur4ik777 ($9.08 in chips) 
Seat 6: chukdadd ($4.38 in chips) 
Seat 7: BlackWinegum ($5.73 in chips) 
Seat 8: supurutik ($12.62 in chips) 
Seat 9: Almanza63 ($4.95 in chips) 
Almanza63: posts small blind $0.02
ColinCave: posts big blind $0.05
linoaspoker: sits out 
*** HOLE CARDS ***
Dealt to Dorex2007 [3s Ks]
Screapper: folds 
Dorex2007: folds 
yur4ik777: folds 
chukdadd: raises $0.10 to $0.15
BlackWinegum: folds 
supurutik: calls $0.15
Almanza63: calls $0.13
ColinCave: calls $0.10
*** FLOP *** [3h Qs 4h]
Almanza63: checks 
ColinCave: checks 
chukdadd: bets $0.20
supurutik: calls $0.20
Almanza63: folds 
ColinCave: calls $0.20
*** TURN *** [3h Qs 4h] [Qc]
ColinCave: bets $0.77
chukdadd: calls $0.77
supurutik: calls $0.77
*** RIVER *** [3h Qs 4h Qc] [8d]
ColinCave: bets $3.66 and is all-in
chukdadd: folds 
supurutik: folds 
Uncalled bet ($3.66) returned to ColinCave
ColinCave collected $3.36 from pot
*** SUMMARY ***
Total pot $3.51 | Rake $0.15 
Board [3h Qs 4h Qc 8d]
Seat 1: ColinCave (big blind) collected ($3.36)
Seat 2: Screapper folded before Flop (didn't bet)
Seat 3: Dorex2007 folded before Flop (didn't bet)
Seat 5: yur4ik777 folded before Flop (didn't bet)
Seat 6: chukdadd folded on the River
Seat 7: BlackWinegum folded before Flop (didn't bet)
Seat 8: supurutik (button) folded on the River
Seat 9: Almanza63 (small blind) folded on the Flop



PokerStars Hand #238762942479:  Hold'em No Limit ($0.02/$0.05 USD) - 2022/09/20 19:51:57 PT [2022/09/20 22:51:57 ET]
Table 'Aesculapia III' 9-max Seat #9 is the button
Seat 1: ColinCave ($7.02 in chips) 
Seat 2: Screapper ($3.95 in chips) 
Seat 3: Dorex2007 ($5 in chips) 
Seat 5: yur4ik777 ($9.08 in chips) 
Seat 6: chukdadd ($3.26 in chips) 
Seat 7: BlackWinegum ($5.73 in chips) 
Seat 8: supurutik ($11.50 in chips) 
Seat 9: Almanza63 ($4.80 in chips) 
ColinCave: posts small blind $0.02
Screapper: posts big blind $0.05
linoaspoker: sits out 
*** HOLE CARDS ***
Dealt to Dorex2007 [Qc Qh]
Dorex2007: raises $0.10 to $0.15
yur4ik777: folds 
chukdadd: folds 
BlackWinegum: raises $0.45 to $0.60
supurutik: calls $0.60
Almanza63: folds 
ColinCave: folds 
Screapper: folds 
Dorex2007: raises $4.40 to $5 and is all-in
BlackWinegum: calls $4.40
supurutik: calls $4.40
*** FLOP *** [5h 2h Jh]
BlackWinegum: checks 
supurutik: bets $6.50 and is all-in
BlackWinegum: calls $0.73 and is all-in
Uncalled bet ($5.77) returned to supurutik
*** TURN *** [5h 2h Jh] [9s]
*** RIVER *** [5h 2h Jh 9s] [9c]
*** SHOW DOWN ***
BlackWinegum: shows [As Kd] (a pair of Nines)
supurutik: shows [Ah Qd] (a pair of Nines - lower kicker)
BlackWinegum collected $1.40 from side pot
Dorex2007: shows [Qc Qh] (two pair, Queens and Nines)
Dorex2007 cashed out the hand for $7.24 | Cash Out Fee $0.07
*** SUMMARY ***
Total pot $16.53 Main pot $14.44. Side pot $1.40. | Rake $0.69 
Board [5h 2h Jh 9s 9c]
Seat 1: ColinCave (small blind) folded before Flop
Seat 2: Screapper (big blind) folded before Flop
Seat 3: Dorex2007 showed [Qc Qh] and won ($14.44) with two pair, Queens and Nines (pot not awarded as player cashed out)
Seat 5: yur4ik777 folded before Flop (didn't bet)
Seat 6: chukdadd folded before Flop (didn't bet)
Seat 7: BlackWinegum showed [As Kd] and won ($1.40) with a pair of Nines
Seat 8: supurutik showed [Ah Qd] and lost with a pair of Nines
Seat 9: Almanza63 (button) folded before Flop (didn't bet)



PokerStars Hand #238762952573:  Hold'em No Limit ($0.02/$0.05 USD) - 2022/09/20 19:52:59 PT [2022/09/20 22:52:59 ET]
Table 'Aesculapia III' 9-max Seat #1 is the button
Seat 1: ColinCave ($7 in chips) 
Seat 2: Screapper ($3.90 in chips) 
Seat 3: Dorex2007 ($7.24 in chips) 
Seat 6: chukdadd ($3.26 in chips) 
Seat 7: BlackWinegum ($1.40 in chips) 
Seat 8: supurutik ($5.77 in chips) 
Seat 9: Almanza63 ($4.80 in chips) 
Screapper: posts small blind $0.02
Dorex2007: posts big blind $0.05
linoaspoker: sits out 
*** HOLE CARDS ***
Dealt to Dorex2007 [7s 4c]
chukdadd: folds 
BlackWinegum: folds 
supurutik: calls $0.05
Almanza63: folds 
ColinCave: calls $0.05
Screapper: calls $0.03
Dorex2007: checks 
*** FLOP *** [6s 3c Ad]
Screapper: checks 
Dorex2007: checks 
supurutik: checks 
ColinCave: checks 
*** TURN *** [6s 3c Ad] [Js]
Screapper: checks 
Dorex2007: checks 
supurutik: folds 
supurutik leaves the table
ColinCave: checks 
*** RIVER *** [6s 3c Ad Js] [2s]
Screapper: bets $0.15
Dorex2007: folds 
ColinCave: folds 
Uncalled bet ($0.15) returned to Screapper
Screapper collected $0.19 from pot
Screapper: doesn't show hand 
*** SUMMARY ***
Total pot $0.20 | Rake $0.01 
Board [6s 3c Ad Js 2s]
Seat 1: ColinCave (button) folded on the River
Seat 2: Screapper (small blind) collected ($0.19)
Seat 3: Dorex2007 (big blind) folded on the River
Seat 6: chukdadd folded before Flop (didn't bet)
Seat 7: BlackWinegum folded before Flop (didn't bet)
Seat 8: supurutik folded on the Turn
Seat 9: Almanza63 folded before Flop (didn't bet)



PokerStars Hand #238762961604:  Hold'em No Limit ($0.02/$0.05 USD) - 2022/09/20 19:53:54 PT [2022/09/20 22:53:54 ET]
Table 'Aesculapia III' 9-max Seat #2 is the button
Seat 1: ColinCave ($6.95 in chips) 
Seat 2: Screapper ($4.04 in chips) 
Seat 3: Dorex2007 ($7.19 in chips) 
Seat 4: linoaspoker ($5 in chips) 
Seat 6: chukdadd ($3.26 in chips) 
Seat 7: BlackWinegum ($1.40 in chips) 
Seat 9: Almanza63 ($4.80 in chips) 
Dorex2007: posts small blind $0.02
linoaspoker: posts big blind $0.05
*** HOLE CARDS ***
Dealt to Dorex2007 [2d 2s]
chukdadd: folds 
BlackWinegum: folds 
Almanza63: folds 
ColinCave: folds 
Screapper: calls $0.05
Dorex2007: calls $0.03
linoaspoker: checks 
*** FLOP *** [7c 6s 8c]
Dorex2007: checks 
linoaspoker: bets $0.07
Screapper: raises $0.23 to $0.30
Dorex2007: folds 
linoaspoker: raises $0.74 to $1.04
Screapper: folds 
Uncalled bet ($0.74) returned to linoaspoker
linoaspoker collected $0.72 from pot
linoaspoker: doesn't show hand 
*** SUMMARY ***
Total pot $0.75 | Rake $0.03 
Board [7c 6s 8c]
Seat 1: ColinCave folded before Flop (didn't bet)
Seat 2: Screapper (button) folded on the Flop
Seat 3: Dorex2007 (small blind) folded on the Flop
Seat 4: linoaspoker (big blind) collected ($0.72)
Seat 6: chukdadd folded before Flop (didn't bet)
Seat 7: BlackWinegum folded before Flop (didn't bet)
Seat 9: Almanza63 folded before Flop (didn't bet)



PokerStars Hand #238762969259:  Hold'em No Limit ($0.02/$0.05 USD) - 2022/09/20 19:54:41 PT [2022/09/20 22:54:41 ET]
Table 'Aesculapia III' 9-max Seat #3 is the button
Seat 1: ColinCave ($6.95 in chips) 
Seat 2: Screapper ($3.69 in chips) 
Seat 3: Dorex2007 ($7.14 in chips) 
Seat 4: linoaspoker ($5.37 in chips) 
Seat 6: chukdadd ($3.26 in chips) 
Seat 7: BlackWinegum ($1.40 in chips) 
Seat 9: Almanza63 ($4.80 in chips) 
linoaspoker: posts small blind $0.02
chukdadd: posts big blind $0.05
*** HOLE CARDS ***
Dealt to Dorex2007 [Td 3d]
BlackWinegum: folds 
Almanza63: folds 
ColinCave: folds 
Screapper: raises $0.25 to $0.30
Dorex2007: folds 
linoaspoker: folds 
chukdadd: folds 
Uncalled bet ($0.25) returned to Screapper
Screapper collected $0.12 from pot
Screapper: doesn't show hand 
*** SUMMARY ***
Total pot $0.12 | Rake $0 
Seat 1: ColinCave folded before Flop (didn't bet)
Seat 2: Screapper collected ($0.12)
Seat 3: Dorex2007 (button) folded before Flop (didn't bet)
Seat 4: linoaspoker (small blind) folded before Flop
Seat 6: chukdadd (big blind) folded before Flop
Seat 7: BlackWinegum folded before Flop (didn't bet)
Seat 9: Almanza63 folded before Flop (didn't bet)



PokerStars Hand #238762974501:  Hold'em No Limit ($0.02/$0.05 USD) - 2022/09/20 19:55:15 PT [2022/09/20 22:55:15 ET]
Table 'Aesculapia III' 9-max Seat #4 is the button
Seat 1: ColinCave ($6.95 in chips) 
Seat 2: Screapper ($3.76 in chips) 
Seat 3: Dorex2007 ($7.14 in chips) 
Seat 4: linoaspoker ($5.35 in chips) 
Seat 6: chukdadd ($3.21 in chips) 
Seat 7: BlackWinegum ($1.40 in chips) 
Seat 9: Almanza63 ($4.80 in chips) 
chukdadd: posts small blind $0.02
BlackWinegum: posts big blind $0.05
*** HOLE CARDS ***
Dealt to Dorex2007 [9c Jc]
Almanza63: folds 
ColinCave: folds 
Screapper: folds 
Dorex2007: folds 
linoaspoker: folds 
FosgO69 joins the table at seat #8 
chukdadd: folds 
Uncalled bet ($0.03) returned to BlackWinegum
BlackWinegum collected $0.04 from pot
BlackWinegum: doesn't show hand 
*** SUMMARY ***
Total pot $0.04 | Rake $0 
Seat 1: ColinCave folded before Flop (didn't bet)
Seat 2: Screapper folded before Flop (didn't bet)
Seat 3: Dorex2007 folded before Flop (didn't bet)
Seat 4: linoaspoker (button) folded before Flop (didn't bet)
Seat 6: chukdadd (small blind) folded before Flop
Seat 7: BlackWinegum (big blind) collected ($0.04)
Seat 9: Almanza63 folded before Flop (didn't bet)



PokerStars Hand #238762976409:  Hold'em No Limit ($0.02/$0.05 USD) - 2022/09/20 19:55:29 PT [2022/09/20 22:55:29 ET]
Table 'Aesculapia III' 9-max Seat #6 is the button
Seat 1: ColinCave ($6.95 in chips) 
Seat 2: Screapper ($3.76 in chips) 
Seat 3: Dorex2007 ($7.14 in chips) 
Seat 4: linoaspoker ($5.35 in chips) 
Seat 6: chukdadd ($3.19 in chips) 
Seat 7: BlackWinegum ($1.42 in chips) 
Seat 8: FosgO69 ($2.55 in chips) 
Seat 9: Almanza63 ($4.80 in chips) 
BlackWinegum: posts small blind $0.02
FosgO69: posts big blind $0.05
*** HOLE CARDS ***
Dealt to Dorex2007 [7h Kc]
Almanza63: folds 
ColinCave: raises $0.15 to $0.20
Screapper: calls $0.20
Dorex2007: folds 
linoaspoker: folds 
chukdadd: folds 
BlackWinegum: folds 
FosgO69: calls $0.15
*** FLOP *** [2d 6d 8d]
FosgO69: checks 
ColinCave: bets $0.59
Screapper: folds 
FosgO69: calls $0.59
*** TURN *** [2d 6d 8d] [9s]
FosgO69: checks 
ColinCave: checks 
*** RIVER *** [2d 6d 8d 9s] [4h]
FosgO69: bets $1.76 and is all-in
ColinCave: folds 
Uncalled bet ($1.76) returned to FosgO69
FosgO69 collected $1.73 from pot
FosgO69: doesn't show hand 
*** SUMMARY ***
Total pot $1.80 | Rake $0.07 
Board [2d 6d 8d 9s 4h]
Seat 1: ColinCave folded on the River
Seat 2: Screapper folded on the Flop
Seat 3: Dorex2007 folded before Flop (didn't bet)
Seat 4: linoaspoker folded before Flop (didn't bet)
Seat 6: chukdadd (button) folded before Flop (didn't bet)
Seat 7: BlackWinegum (small blind) folded before Flop
Seat 8: FosgO69 (big blind) collected ($1.73)
Seat 9: Almanza63 folded before Flop (didn't bet)



PokerStars Hand #238762985785:  Hold'em No Limit ($0.02/$0.05 USD) - 2022/09/20 19:56:38 PT [2022/09/20 22:56:38 ET]
Table 'Aesculapia III' 9-max Seat #7 is the button
Seat 1: ColinCave ($6.16 in chips) 
Seat 2: Screapper ($3.56 in chips) 
Seat 3: Dorex2007 ($7.14 in chips) 
Seat 4: linoaspoker ($5.35 in chips) 
Seat 6: chukdadd ($3.19 in chips) 
Seat 7: BlackWinegum ($1.40 in chips) 
Seat 8: FosgO69 ($3.49 in chips) 
Seat 9: Almanza63 ($4.80 in chips) 
FosgO69: posts small blind $0.02
Almanza63: posts big blind $0.05
*** HOLE CARDS ***
Dealt to Dorex2007 [Tc As]
ColinCave: folds 
Screapper: folds 
Dorex2007: folds 
linoaspoker: folds 
chukdadd: raises $0.10 to $0.15
BlackWinegum: folds 
FosgO69: calls $0.13
Almanza63: folds 
*** FLOP *** [Th 7h 4c]
FosgO69: checks 
chukdadd: checks 
*** TURN *** [Th 7h 4c] [4s]
FosgO69: bets $0.30
chukdadd: folds 
Uncalled bet ($0.30) returned to FosgO69
FosgO69 collected $0.34 from pot
FosgO69: doesn't show hand 
*** SUMMARY ***
Total pot $0.35 | Rake $0.01 
Board [Th 7h 4c 4s]
Seat 1: ColinCave folded before Flop (didn't bet)
Seat 2: Screapper folded before Flop (didn't bet)
Seat 3: Dorex2007 folded before Flop (didn't bet)
Seat 4: linoaspoker folded before Flop (didn't bet)
Seat 6: chukdadd folded on the Turn
Seat 7: BlackWinegum (button) folded before Flop (didn't bet)
Seat 8: FosgO69 (small blind) collected ($0.34)
Seat 9: Almanza63 (big blind) folded before Flop



PokerStars Hand #238762992164:  Hold'em No Limit ($0.02/$0.05 USD) - 2022/09/20 19:57:25 PT [2022/09/20 22:57:25 ET]
Table 'Aesculapia III' 9-max Seat #8 is the button
Seat 1: ColinCave ($6.16 in chips) 
Seat 2: Screapper ($3.56 in chips) 
Seat 3: Dorex2007 ($7.14 in chips) 
Seat 4: linoaspoker ($5.35 in chips) 
Seat 6: chukdadd ($3.04 in chips) 
Seat 7: BlackWinegum ($5 in chips) 
Seat 8: FosgO69 ($3.68 in chips) 
Seat 9: Almanza63 ($4.75 in chips) 
Almanza63: posts small blind $0.02
ColinCave: posts big blind $0.05
*** HOLE CARDS ***
Dealt to Dorex2007 [Jh 2d]
Screapper: raises $0.20 to $0.25
Dorex2007: folds 
linoaspoker: folds 
chukdadd: folds 
BlackWinegum: folds 
FosgO69: folds 
Almanza63: folds 
ColinCave: calls $0.20
*** FLOP *** [6d 7d 2c]
ColinCave: checks 
Screapper: checks 
*** TURN *** [6d 7d 2c] [Th]
ColinCave: bets $0.55
Screapper: calls $0.55
*** RIVER *** [6d 7d 2c Th] [6h]
ColinCave: bets $1.55
Screapper: folds 
Uncalled bet ($1.55) returned to ColinCave
ColinCave collected $1.55 from pot
*** SUMMARY ***
Total pot $1.62 | Rake $0.07 
Board [6d 7d 2c Th 6h]
Seat 1: ColinCave (big blind) collected ($1.55)
Seat 2: Screapper folded on the River
Seat 3: Dorex2007 folded before Flop (didn't bet)
Seat 4: linoaspoker folded before Flop (didn't bet)
Seat 6: chukdadd folded before Flop (didn't bet)
Seat 7: BlackWinegum folded before Flop (didn't bet)
Seat 8: FosgO69 (button) folded before Flop (didn't bet)
Seat 9: Almanza63 (small blind) folded before Flop



PokerStars Hand #238762999881:  Hold'em No Limit ($0.02/$0.05 USD) - 2022/09/20 19:58:21 PT [2022/09/20 22:58:21 ET]
Table 'Aesculapia III' 9-max Seat #9 is the button
Seat 1: ColinCave ($6.91 in chips) 
Seat 2: Screapper ($2.76 in chips) 
Seat 3: Dorex2007 ($7.14 in chips) 
Seat 4: linoaspoker ($5.35 in chips) 
Seat 6: chukdadd ($3.04 in chips) 
Seat 7: BlackWinegum ($5 in chips) 
Seat 8: FosgO69 ($3.68 in chips) 
Seat 9: Almanza63 ($4.73 in chips) 
ColinCave: posts small blind $0.02
Screapper: posts big blind $0.05
*** HOLE CARDS ***
Dealt to Dorex2007 [7c Jh]
Dorex2007: folds 
linoaspoker: raises $0.10 to $0.15
chukdadd: raises $0.27 to $0.42
BlackWinegum: folds 
FosgO69: folds 
Almanza63: folds 
ColinCave: folds 
Screapper: calls $0.37
linoaspoker: calls $0.27
*** FLOP *** [Kd 5d Th]
Screapper: checks 
linoaspoker: checks 
chukdadd: bets $0.50
Screapper: folds 
linoaspoker: folds 
Uncalled bet ($0.50) returned to chukdadd
chukdadd collected $1.23 from pot
chukdadd: doesn't show hand 
*** SUMMARY ***
Total pot $1.28 | Rake $0.05 
Board [Kd 5d Th]
Seat 1: ColinCave (small blind) folded before Flop
Seat 2: Screapper (big blind) folded on the Flop
Seat 3: Dorex2007 folded before Flop (didn't bet)
Seat 4: linoaspoker folded on the Flop
Seat 6: chukdadd collected ($1.23)
Seat 7: BlackWinegum folded before Flop (didn't bet)
Seat 8: FosgO69 folded before Flop (didn't bet)
Seat 9: Almanza63 (button) folded before Flop (didn't bet)



PokerStars Hand #238763008542:  Hold'em No Limit ($0.02/$0.05 USD) - 2022/09/20 19:59:25 PT [2022/09/20 22:59:25 ET]
Table 'Aesculapia III' 9-max Seat #1 is the button
Seat 1: ColinCave ($6.89 in chips) 
Seat 2: Screapper ($2.34 in chips) 
Seat 3: Dorex2007 ($7.14 in chips) 
Seat 4: linoaspoker ($4.93 in chips) 
Seat 6: chukdadd ($3.85 in chips) 
Seat 7: BlackWinegum ($5 in chips) 
Seat 8: FosgO69 ($3.68 in chips) 
Seat 9: Almanza63 ($4.73 in chips) 
Screapper: posts small blind $0.02
Dorex2007: posts big blind $0.05
*** HOLE CARDS ***
Dealt to Dorex2007 [9h Qs]
linoaspoker: folds 
chukdadd: raises $0.10 to $0.15
BlackWinegum: folds 
FosgO69: calls $0.15
Almanza63: calls $0.15
ColinCave: folds 
Screapper: folds 
Dorex2007: folds 
*** FLOP *** [5d 4c 2s]
chukdadd: checks 
FosgO69: checks 
Almanza63: bets $0.29
chukdadd: folds 
FosgO69: calls $0.29
*** TURN *** [5d 4c 2s] [5s]
FosgO69: checks 
Almanza63: bets $0.62
FosgO69: folds 
Uncalled bet ($0.62) returned to Almanza63
Almanza63 collected $1.05 from pot
Almanza63: doesn't show hand 
*** SUMMARY ***
Total pot $1.10 | Rake $0.05 
Board [5d 4c 2s 5s]
Seat 1: ColinCave (button) folded before Flop (didn't bet)
Seat 2: Screapper (small blind) folded before Flop
Seat 3: Dorex2007 (big blind) folded before Flop
Seat 4: linoaspoker folded before Flop (didn't bet)
Seat 6: chukdadd folded on the Flop
Seat 7: BlackWinegum folded before Flop (didn't bet)
Seat 8: FosgO69 folded on the Turn
Seat 9: Almanza63 collected ($1.05)



PokerStars Hand #238763017667:  Hold'em No Limit ($0.02/$0.05 USD) - 2022/09/20 20:00:29 PT [2022/09/20 23:00:29 ET]
Table 'Aesculapia III' 9-max Seat #2 is the button
Seat 1: ColinCave ($6.89 in chips) 
Seat 2: Screapper ($2.32 in chips) 
Seat 3: Dorex2007 ($7.09 in chips) 
Seat 4: linoaspoker ($4.93 in chips) 
Seat 6: chukdadd ($3.70 in chips) 
Seat 7: BlackWinegum ($5 in chips) 
Seat 8: FosgO69 ($3.24 in chips) 
Seat 9: Almanza63 ($5.34 in chips) 
Dorex2007: posts small blind $0.02
linoaspoker: posts big blind $0.05
yur4ik777: sits out 
*** HOLE CARDS ***
Dealt to Dorex2007 [6h 7d]
chukdadd: folds 
BlackWinegum: folds 
FosgO69: calls $0.05
Almanza63: folds 
ColinCave: folds 
Screapper: calls $0.05
Dorex2007: folds 
linoaspoker: checks 
*** FLOP *** [Js 7h Jd]
linoaspoker: checks 
FosgO69: checks 
Screapper: checks 
*** TURN *** [Js 7h Jd] [Qs]
linoaspoker: checks 
FosgO69: checks 
Screapper: checks 
*** RIVER *** [Js 7h Jd Qs] [Qd]
linoaspoker: checks 
FosgO69: checks 
Screapper: bets $0.35
linoaspoker: folds 
FosgO69: folds 
Uncalled bet ($0.35) returned to Screapper
Screapper collected $0.16 from pot
*** SUMMARY ***
Total pot $0.17 | Rake $0.01 
Board [Js 7h Jd Qs Qd]
Seat 1: ColinCave folded before Flop (didn't bet)
Seat 2: Screapper (button) collected ($0.16)
Seat 3: Dorex2007 (small blind) folded before Flop
Seat 4: linoaspoker (big blind) folded on the River
Seat 6: chukdadd folded before Flop (didn't bet)
Seat 7: BlackWinegum folded before Flop (didn't bet)
Seat 8: FosgO69 folded on the River
Seat 9: Almanza63 folded before Flop (didn't bet)



PokerStars Hand #238763029972:  Hold'em No Limit ($0.02/$0.05 USD) - 2022/09/20 20:01:48 PT [2022/09/20 23:01:48 ET]
Table 'Aesculapia III' 9-max Seat #3 is the button
Seat 1: ColinCave ($6.89 in chips) 
Seat 2: Screapper ($2.43 in chips) 
Seat 3: Dorex2007 ($7.07 in chips) 
Seat 4: linoaspoker ($4.88 in chips) 
Seat 5: yur4ik777 ($9.08 in chips) 
Seat 6: chukdadd ($3.70 in chips) 
Seat 7: BlackWinegum ($5 in chips) 
Seat 8: FosgO69 ($3.19 in chips) 
Seat 9: Almanza63 ($5.34 in chips) 
linoaspoker: posts small blind $0.02
yur4ik777: posts big blind $0.05
*** HOLE CARDS ***
Dealt to Dorex2007 [7h Qh]
chukdadd: folds 
BlackWinegum: folds 
FosgO69: folds 
Almanza63: folds 
ColinCave: folds 
Screapper: calls $0.05
Dorex2007: folds 
linoaspoker: folds 
yur4ik777: checks 
*** FLOP *** [4s As 5s]
yur4ik777: checks 
Screapper: bets $0.25
yur4ik777: calls $0.25
*** TURN *** [4s As 5s] [Kd]
yur4ik777: checks 
Screapper: bets $0.56
yur4ik777: raises $1.71 to $2.27
Screapper: calls $1.57 and is all-in
Uncalled bet ($0.14) returned to yur4ik777
*** RIVER *** [4s As 5s Kd] [7c]
*** SHOW DOWN ***
yur4ik777: shows [3c 2h] (a straight, Ace to Five)
Screapper: shows [Kh Tc] (a pair of Kings)
yur4ik777 collected $4.68 from pot
*** SUMMARY ***
Total pot $4.88 | Rake $0.20 
Board [4s As 5s Kd 7c]
Seat 1: ColinCave folded before Flop (didn't bet)
Seat 2: Screapper showed [Kh Tc] and lost with a pair of Kings
Seat 3: Dorex2007 (button) folded before Flop (didn't bet)
Seat 4: linoaspoker (small blind) folded before Flop
Seat 5: yur4ik777 (big blind) showed [3c 2h] and won ($4.68) with a straight, Ace to Five
Seat 6: chukdadd folded before Flop (didn't bet)
Seat 7: BlackWinegum folded before Flop (didn't bet)
Seat 8: FosgO69 folded before Flop (didn't bet)
Seat 9: Almanza63 folded before Flop (didn't bet)



PokerStars Hand #238763045845:  Hold'em No Limit ($0.02/$0.05 USD) - 2022/09/20 20:03:27 PT [2022/09/20 23:03:27 ET]
Table 'Aesculapia III' 9-max Seat #4 is the button
Seat 1: ColinCave ($6.89 in chips) 
Seat 3: Dorex2007 ($7.07 in chips) 
Seat 4: linoaspoker ($4.86 in chips) 
Seat 5: yur4ik777 ($11.33 in chips) 
Seat 6: chukdadd ($3.70 in chips) 
Seat 7: BlackWinegum ($5 in chips) 
Seat 8: FosgO69 ($3.19 in chips) 
Seat 9: Almanza63 ($5.34 in chips) 
yur4ik777: posts small blind $0.02
chukdadd: posts big blind $0.05
*** HOLE CARDS ***
Dealt to Dorex2007 [4s 9s]
BlackWinegum: folds 
FosgO69: raises $0.06 to $0.11
Almanza63: folds 
ColinCave: calls $0.11
Dorex2007: folds 
Screapper leaves the table
linoaspoker: raises $0.40 to $0.51
yur4ik777: folds 
chukdadd: folds 
renansuguino1 joins the table at seat #2 
FosgO69: calls $0.40
ColinCave: calls $0.40
*** FLOP *** [7d 6c 6d]
renansuguino1 leaves the table
FosgO69: checks 
RMAMA1953 joins the table at seat #2 
ColinCave: checks 
linoaspoker: checks 
*** TURN *** [7d 6c 6d] [2h]
FosgO69: bets $0.15
ColinCave: calls $0.15
linoaspoker: calls $0.15
*** RIVER *** [7d 6c 6d 2h] [5s]
FosgO69: checks 
ColinCave: checks 
linoaspoker: checks 
*** SHOW DOWN ***
FosgO69: shows [Js Ks] (a pair of Sixes)
ColinCave: shows [As Qs] (a pair of Sixes - Ace kicker)
linoaspoker: mucks hand 
ColinCave collected $1.96 from pot
*** SUMMARY ***
Total pot $2.05 | Rake $0.09 
Board [7d 6c 6d 2h 5s]
Seat 1: ColinCave showed [As Qs] and won ($1.96) with a pair of Sixes
Seat 3: Dorex2007 folded before Flop (didn't bet)
Seat 4: linoaspoker (button) mucked [Ah Jd]
Seat 5: yur4ik777 (small blind) folded before Flop
Seat 6: chukdadd (big blind) folded before Flop
Seat 7: BlackWinegum folded before Flop (didn't bet)
Seat 8: FosgO69 showed [Js Ks] and lost with a pair of Sixes
Seat 9: Almanza63 folded before Flop (didn't bet)



PokerStars Hand #238763060328:  Hold'em No Limit ($0.02/$0.05 USD) - 2022/09/20 20:04:59 PT [2022/09/20 23:04:59 ET]
Table 'Aesculapia III' 9-max Seat #5 is the button
Seat 1: ColinCave ($8.19 in chips) 
Seat 2: RMAMA1953 ($4 in chips) 
Seat 3: Dorex2007 ($7.07 in chips) 
Seat 4: linoaspoker ($4.20 in chips) 
Seat 5: yur4ik777 ($11.31 in chips) 
Seat 6: chukdadd ($3.65 in chips) 
Seat 7: BlackWinegum ($5 in chips) 
Seat 8: FosgO69 ($2.53 in chips) 
Seat 9: Almanza63 ($5.34 in chips) 
chukdadd: posts small blind $0.02
BlackWinegum: posts big blind $0.05
RMAMA1953: posts big blind $0.05
*** HOLE CARDS ***
Dealt to Dorex2007 [6d Kd]
FosgO69: calls $0.05
Almanza63: folds 
ColinCave: folds 
RMAMA1953: checks 
Dorex2007: folds 
linoaspoker: folds 
yur4ik777: folds 
chukdadd: calls $0.03
BlackWinegum: checks 
*** FLOP *** [3h Ac 9c]
chukdadd: checks 
BlackWinegum: checks 
FosgO69: bets $0.14
RMAMA1953: folds 
chukdadd: folds 
BlackWinegum: folds 
Uncalled bet ($0.14) returned to FosgO69
FosgO69 collected $0.19 from pot
FosgO69: doesn't show hand 
*** SUMMARY ***
Total pot $0.20 | Rake $0.01 
Board [3h Ac 9c]
Seat 1: ColinCave folded before Flop (didn't bet)
Seat 2: RMAMA1953 folded on the Flop (didn't bet)
Seat 3: Dorex2007 folded before Flop (didn't bet)
Seat 4: linoaspoker folded before Flop (didn't bet)
Seat 5: yur4ik777 (button) folded before Flop (didn't bet)
Seat 6: chukdadd (small blind) folded on the Flop
Seat 7: BlackWinegum (big blind) folded on the Flop
Seat 8: FosgO69 collected ($0.19)
Seat 9: Almanza63 folded before Flop (didn't bet)



PokerStars Hand #238763067249:  Hold'em No Limit ($0.02/$0.05 USD) - 2022/09/20 20:05:44 PT [2022/09/20 23:05:44 ET]
Table 'Aesculapia III' 9-max Seat #6 is the button
Seat 1: ColinCave ($8.19 in chips) 
Seat 2: RMAMA1953 ($3.95 in chips) 
Seat 3: Dorex2007 ($7.07 in chips) 
Seat 4: linoaspoker ($4.20 in chips) 
Seat 5: yur4ik777 ($11.31 in chips) 
Seat 6: chukdadd ($3.60 in chips) 
Seat 7: BlackWinegum ($4.95 in chips) 
Seat 8: FosgO69 ($2.67 in chips) 
Seat 9: Almanza63 ($5.34 in chips) 
BlackWinegum: posts small blind $0.02
FosgO69: posts big blind $0.05
*** HOLE CARDS ***
Dealt to Dorex2007 [Jc 4d]
Almanza63: folds 
ColinCave: folds 
RMAMA1953: raises $0.07 to $0.12
Dorex2007: folds 
linoaspoker: folds 
yur4ik777: raises $0.31 to $0.43
chukdadd: folds 
BlackWinegum: folds 
FosgO69: folds 
RMAMA1953: folds 
Uncalled bet ($0.31) returned to yur4ik777
yur4ik777 collected $0.31 from pot
yur4ik777: doesn't show hand 
*** SUMMARY ***
Total pot $0.31 | Rake $0 
Seat 1: ColinCave folded before Flop (didn't bet)
Seat 2: RMAMA1953 folded before Flop
Seat 3: Dorex2007 folded before Flop (didn't bet)
Seat 4: linoaspoker folded before Flop (didn't bet)
Seat 5: yur4ik777 collected ($0.31)
Seat 6: chukdadd (button) folded before Flop (didn't bet)
Seat 7: BlackWinegum (small blind) folded before Flop
Seat 8: FosgO69 (big blind) folded before Flop
Seat 9: Almanza63 folded before Flop (didn't bet)



PokerStars Hand #238763073822:  Hold'em No Limit ($0.02/$0.05 USD) - 2022/09/20 20:06:26 PT [2022/09/20 23:06:26 ET]
Table 'Aesculapia III' 9-max Seat #7 is the button
Seat 1: ColinCave ($8.19 in chips) 
Seat 2: RMAMA1953 ($3.83 in chips) 
Seat 3: Dorex2007 ($7.07 in chips) 
Seat 4: linoaspoker ($4.20 in chips) 
Seat 5: yur4ik777 ($11.50 in chips) 
Seat 6: chukdadd ($3.60 in chips) 
Seat 7: BlackWinegum ($4.93 in chips) 
Seat 8: FosgO69 ($2.62 in chips) 
Seat 9: Almanza63 ($5.34 in chips) 
FosgO69: posts small blind $0.02
Almanza63: posts big blind $0.05
*** HOLE CARDS ***
Dealt to Dorex2007 [Ac 5s]
ColinCave: raises $0.10 to $0.15
RMAMA1953: folds 
Dorex2007: folds 
linoaspoker: folds 
yur4ik777: folds 
chukdadd: calls $0.15
BlackWinegum: folds 
FosgO69: calls $0.13
Almanza63: calls $0.10
*** FLOP *** [Ad 9d 7s]
FosgO69: bets $2.47 and is all-in
Almanza63: folds 
ColinCave: raises $5.57 to $8.04 and is all-in
chukdadd: folds 
Uncalled bet ($5.57) returned to ColinCave
*** TURN *** [Ad 9d 7s] [Qs]
*** RIVER *** [Ad 9d 7s Qs] [Td]
*** SHOW DOWN ***
FosgO69: shows [7d 9h] (two pair, Nines and Sevens)
ColinCave: shows [As Kd] (a pair of Aces)
FosgO69 collected $5.31 from pot
*** SUMMARY ***
Total pot $5.54 | Rake $0.23 
Board [Ad 9d 7s Qs Td]
Seat 1: ColinCave showed [As Kd] and lost with a pair of Aces
Seat 2: RMAMA1953 folded before Flop (didn't bet)
Seat 3: Dorex2007 folded before Flop (didn't bet)
Seat 4: linoaspoker folded before Flop (didn't bet)
Seat 5: yur4ik777 folded before Flop (didn't bet)
Seat 6: chukdadd folded on the Flop
Seat 7: BlackWinegum (button) folded before Flop (didn't bet)
Seat 8: FosgO69 (small blind) showed [7d 9h] and won ($5.31) with two pair, Nines and Sevens
Seat 9: Almanza63 (big blind) folded on the Flop



PokerStars Hand #238763084001:  Hold'em No Limit ($0.02/$0.05 USD) - 2022/09/20 20:07:31 PT [2022/09/20 23:07:31 ET]
Table 'Aesculapia III' 9-max Seat #8 is the button
Seat 1: ColinCave ($5.57 in chips) 
Seat 2: RMAMA1953 ($3.83 in chips) 
Seat 3: Dorex2007 ($7.07 in chips) 
Seat 4: linoaspoker ($4.20 in chips) 
Seat 5: yur4ik777 ($11.50 in chips) 
Seat 6: chukdadd ($3.45 in chips) 
Seat 7: BlackWinegum ($4.93 in chips) 
Seat 8: FosgO69 ($5.31 in chips) 
Seat 9: Almanza63 ($5.19 in chips) 
Almanza63: posts small blind $0.02
ColinCave: posts big blind $0.05
*** HOLE CARDS ***
Dealt to Dorex2007 [9s 3c]
RMAMA1953: raises $0.10 to $0.15
Dorex2007: folds 
linoaspoker: folds 
yur4ik777: folds 
chukdadd: calls $0.15
BlackWinegum: folds 
FosgO69: folds 
Almanza63: folds 
ColinCave: calls $0.10
*** FLOP *** [8c Jh 9h]
ColinCave: checks 
RMAMA1953: checks 
chukdadd: checks 
*** TURN *** [8c Jh 9h] [Ks]
ColinCave: checks 
RMAMA1953: checks 
chukdadd: checks 
*** RIVER *** [8c Jh 9h Ks] [Kd]
ColinCave: checks 
RMAMA1953: checks 
chukdadd: checks 
*** SHOW DOWN ***
ColinCave: shows [4h 5h] (a pair of Kings)
RMAMA1953: shows [6h 6c] (two pair, Kings and Sixes)
chukdadd: shows [6d 8d] (two pair, Kings and Eights)
chukdadd collected $0.45 from pot
*** SUMMARY ***
Total pot $0.47 | Rake $0.02 
Board [8c Jh 9h Ks Kd]
Seat 1: ColinCave (big blind) showed [4h 5h] and lost with a pair of Kings
Seat 2: RMAMA1953 showed [6h 6c] and lost with two pair, Kings and Sixes
Seat 3: Dorex2007 folded before Flop (didn't bet)
Seat 4: linoaspoker folded before Flop (didn't bet)
Seat 5: yur4ik777 folded before Flop (didn't bet)
Seat 6: chukdadd showed [6d 8d] and won ($0.45) with two pair, Kings and Eights
Seat 7: BlackWinegum folded before Flop (didn't bet)
Seat 8: FosgO69 (button) folded before Flop (didn't bet)
Seat 9: Almanza63 (small blind) folded before Flop



PokerStars Hand #238763092924:  Hold'em No Limit ($0.02/$0.05 USD) - 2022/09/20 20:08:28 PT [2022/09/20 23:08:28 ET]
Table 'Aesculapia III' 9-max Seat #9 is the button
Seat 1: ColinCave ($5.42 in chips) 
Seat 2: RMAMA1953 ($3.68 in chips) 
Seat 3: Dorex2007 ($7.07 in chips) 
Seat 4: linoaspoker ($4.20 in chips) 
Seat 5: yur4ik777 ($11.50 in chips) 
Seat 6: chukdadd ($3.75 in chips) 
Seat 7: BlackWinegum ($4.93 in chips) 
Seat 8: FosgO69 ($5.31 in chips) 
Seat 9: Almanza63 ($5.17 in chips) 
ColinCave: posts small blind $0.02
RMAMA1953: posts big blind $0.05
*** HOLE CARDS ***
Dealt to Dorex2007 [As 3s]
Dorex2007: folds 
linoaspoker: folds 
yur4ik777: folds 
chukdadd: folds 
BlackWinegum: raises $0.10 to $0.15
FosgO69: folds 
Almanza63: folds 
ColinCave: folds 
RMAMA1953: folds 
Uncalled bet ($0.10) returned to BlackWinegum
BlackWinegum collected $0.12 from pot
BlackWinegum: doesn't show hand 
*** SUMMARY ***
Total pot $0.12 | Rake $0 
Seat 1: ColinCave (small blind) folded before Flop
Seat 2: RMAMA1953 (big blind) folded before Flop
Seat 3: Dorex2007 folded before Flop (didn't bet)
Seat 4: linoaspoker folded before Flop (didn't bet)
Seat 5: yur4ik777 folded before Flop (didn't bet)
Seat 6: chukdadd folded before Flop (didn't bet)
Seat 7: BlackWinegum collected ($0.12)
Seat 8: FosgO69 folded before Flop (didn't bet)
Seat 9: Almanza63 (button) folded before Flop (didn't bet)



PokerStars Hand #238763096636:  Hold'em No Limit ($0.02/$0.05 USD) - 2022/09/20 20:08:52 PT [2022/09/20 23:08:52 ET]
Table 'Aesculapia III' 9-max Seat #1 is the button
Seat 1: ColinCave ($5.40 in chips) 
Seat 2: RMAMA1953 ($3.63 in chips) 
Seat 3: Dorex2007 ($7.07 in chips) 
Seat 4: linoaspoker ($4.20 in chips) 
Seat 5: yur4ik777 ($11.50 in chips) 
Seat 6: chukdadd ($3.75 in chips) 
Seat 7: BlackWinegum ($5 in chips) 
Seat 8: FosgO69 ($5.31 in chips) 
Seat 9: Almanza63 ($5.17 in chips) 
RMAMA1953: posts small blind $0.02
Dorex2007: posts big blind $0.05
*** HOLE CARDS ***
Dealt to Dorex2007 [9c Kd]
linoaspoker: folds 
yur4ik777: folds 
chukdadd: folds 
BlackWinegum: folds 
FosgO69: raises $0.06 to $0.11
Almanza63: folds 
ColinCave: calls $0.11
RMAMA1953: folds 
Dorex2007: folds 
*** FLOP *** [7h 2c 8h]
FosgO69: bets $0.20
ColinCave: folds 
Uncalled bet ($0.20) returned to FosgO69
FosgO69 collected $0.28 from pot
FosgO69: doesn't show hand 
*** SUMMARY ***
Total pot $0.29 | Rake $0.01 
Board [7h 2c 8h]
Seat 1: ColinCave (button) folded on the Flop
Seat 2: RMAMA1953 (small blind) folded before Flop
Seat 3: Dorex2007 (big blind) folded before Flop
Seat 4: linoaspoker folded before Flop (didn't bet)
Seat 5: yur4ik777 folded before Flop (didn't bet)
Seat 6: chukdadd folded before Flop (didn't bet)
Seat 7: BlackWinegum folded before Flop (didn't bet)
Seat 8: FosgO69 collected ($0.28)
Seat 9: Almanza63 folded before Flop (didn't bet)



PokerStars Hand #238763103748:  Hold'em No Limit ($0.02/$0.05 USD) - 2022/09/20 20:09:37 PT [2022/09/20 23:09:37 ET]
Table 'Aesculapia III' 9-max Seat #2 is the button
Seat 1: ColinCave ($5.29 in chips) 
Seat 2: RMAMA1953 ($3.61 in chips) 
Seat 3: Dorex2007 ($7.02 in chips) 
Seat 4: linoaspoker ($4.20 in chips) 
Seat 5: yur4ik777 ($11.50 in chips) 
Seat 6: chukdadd ($3.75 in chips) 
Seat 7: BlackWinegum ($5 in chips) 
Seat 8: FosgO69 ($5.48 in chips) 
Seat 9: Almanza63 ($5.17 in chips) 
Dorex2007: posts small blind $0.02
linoaspoker: posts big blind $0.05
*** HOLE CARDS ***
Dealt to Dorex2007 [2d Th]
yur4ik777: folds 
chukdadd: folds 
BlackWinegum: folds 
FosgO69: calls $0.05
Almanza63: raises $0.10 to $0.15
ColinCave: folds 
RMAMA1953: folds 
Dorex2007: folds 
linoaspoker: folds 
FosgO69: calls $0.10
*** FLOP *** [Qh 6s 3d]
FosgO69: checks 
Almanza63: bets $0.17
FosgO69: calls $0.17
*** TURN *** [Qh 6s 3d] [2s]
FosgO69: bets $0.15
Almanza63: calls $0.15
*** RIVER *** [Qh 6s 3d 2s] [5c]
FosgO69: checks 
Almanza63: bets $0.69
FosgO69: folds 
Uncalled bet ($0.69) returned to Almanza63
Almanza63 collected $0.97 from pot
Almanza63: doesn't show hand 
*** SUMMARY ***
Total pot $1.01 | Rake $0.04 
Board [Qh 6s 3d 2s 5c]
Seat 1: ColinCave folded before Flop (didn't bet)
Seat 2: RMAMA1953 (button) folded before Flop (didn't bet)
Seat 3: Dorex2007 (small blind) folded before Flop
Seat 4: linoaspoker (big blind) folded before Flop
Seat 5: yur4ik777 folded before Flop (didn't bet)
Seat 6: chukdadd folded before Flop (didn't bet)
Seat 7: BlackWinegum folded before Flop (didn't bet)
Seat 8: FosgO69 folded on the River
Seat 9: Almanza63 collected ($0.97)



PokerStars Hand #238763116676:  Hold'em No Limit ($0.02/$0.05 USD) - 2022/09/20 20:11:00 PT [2022/09/20 23:11:00 ET]
Table 'Aesculapia III' 9-max Seat #3 is the button
Seat 1: ColinCave ($5.29 in chips) 
Seat 2: RMAMA1953 ($3.61 in chips) 
Seat 3: Dorex2007 ($7 in chips) 
Seat 4: linoaspoker ($4.15 in chips) 
Seat 5: yur4ik777 ($11.50 in chips) 
Seat 6: chukdadd ($3.75 in chips) 
Seat 7: BlackWinegum ($5 in chips) 
Seat 8: FosgO69 ($5.01 in chips) 
Seat 9: Almanza63 ($5.67 in chips) 
linoaspoker: posts small blind $0.02
yur4ik777: posts big blind $0.05
*** HOLE CARDS ***
Dealt to Dorex2007 [8h Jd]
chukdadd: raises $0.10 to $0.15
BlackWinegum: folds 
FosgO69: folds 
FosgO69 leaves the table
Almanza63: folds 
ColinCave: folds 
RMAMA1953: folds 
Dorex2007: folds 
linoaspoker: folds 
yur4ik777: folds 
Uncalled bet ($0.10) returned to chukdadd
chukdadd collected $0.12 from pot
*** SUMMARY ***
Total pot $0.12 | Rake $0 
Seat 1: ColinCave folded before Flop (didn't bet)
Seat 2: RMAMA1953 folded before Flop (didn't bet)
Seat 3: Dorex2007 (button) folded before Flop (didn't bet)
Seat 4: linoaspoker (small blind) folded before Flop
Seat 5: yur4ik777 (big blind) folded before Flop
Seat 6: chukdadd collected ($0.12)
Seat 7: BlackWinegum folded before Flop (didn't bet)
Seat 8: FosgO69 folded before Flop (didn't bet)
Seat 9: Almanza63 folded before Flop (didn't bet)



PokerStars Hand #238763118838:  Hold'em No Limit ($0.02/$0.05 USD) - 2022/09/20 20:11:14 PT [2022/09/20 23:11:14 ET]
Table 'Aesculapia III' 9-max Seat #4 is the button
Seat 1: ColinCave ($5.29 in chips) 
Seat 2: RMAMA1953 ($3.61 in chips) 
Seat 3: Dorex2007 ($7 in chips) 
Seat 4: linoaspoker ($4.13 in chips) 
Seat 5: yur4ik777 ($11.45 in chips) 
Seat 6: chukdadd ($3.82 in chips) 
Seat 7: BlackWinegum ($5 in chips) 
Seat 9: Almanza63 ($5.67 in chips) 
yur4ik777: posts small blind $0.02
chukdadd: posts big blind $0.05
*** HOLE CARDS ***
Dealt to Dorex2007 [5s 4d]
BlackWinegum: folds 
Almanza63: folds 
ColinCave: folds 
RMAMA1953: folds 
BlackCat0812 joins the table at seat #8 
Dorex2007: folds 
linoaspoker: raises $0.10 to $0.15
yur4ik777: folds 
chukdadd: folds 
Uncalled bet ($0.10) returned to linoaspoker
linoaspoker collected $0.12 from pot
linoaspoker: doesn't show hand 
*** SUMMARY ***
Total pot $0.12 | Rake $0 
Seat 1: ColinCave folded before Flop (didn't bet)
Seat 2: RMAMA1953 folded before Flop (didn't bet)
Seat 3: Dorex2007 folded before Flop (didn't bet)
Seat 4: linoaspoker (button) collected ($0.12)
Seat 5: yur4ik777 (small blind) folded before Flop
Seat 6: chukdadd (big blind) folded before Flop
Seat 7: BlackWinegum folded before Flop (didn't bet)
Seat 9: Almanza63 folded before Flop (didn't bet)



PokerStars Hand #238763122378:  Hold'em No Limit ($0.02/$0.05 USD) - 2022/09/20 20:11:37 PT [2022/09/20 23:11:37 ET]
Table 'Aesculapia III' 9-max Seat #5 is the button
Seat 1: ColinCave ($5.29 in chips) 
Seat 2: RMAMA1953 ($3.61 in chips) 
Seat 3: Dorex2007 ($7 in chips) 
Seat 4: linoaspoker ($4.20 in chips) 
Seat 5: yur4ik777 ($11.43 in chips) 
Seat 6: chukdadd ($3.77 in chips) 
Seat 7: BlackWinegum ($5 in chips) 
Seat 9: Almanza63 ($5.67 in chips) 
chukdadd: posts small blind $0.02
BlackWinegum: posts big blind $0.05
BlackCat0812: sits out 
*** HOLE CARDS ***
Dealt to Dorex2007 [9s 4h]
Almanza63: folds 
ColinCave: raises $0.07 to $0.12
RMAMA1953: folds 
Dorex2007: folds 
linoaspoker: folds 
yur4ik777: folds 
chukdadd: folds 
BlackWinegum: folds 
Uncalled bet ($0.07) returned to ColinCave
ColinCave collected $0.12 from pot
*** SUMMARY ***
Total pot $0.12 | Rake $0 
Seat 1: ColinCave collected ($0.12)
Seat 2: RMAMA1953 folded before Flop (didn't bet)
Seat 3: Dorex2007 folded before Flop (didn't bet)
Seat 4: linoaspoker folded before Flop (didn't bet)
Seat 5: yur4ik777 (button) folded before Flop (didn't bet)
Seat 6: chukdadd (small blind) folded before Flop
Seat 7: BlackWinegum (big blind) folded before Flop
Seat 9: Almanza63 folded before Flop (didn't bet)



PokerStars Hand #238763126989:  Hold'em No Limit ($0.02/$0.05 USD) - 2022/09/20 20:12:06 PT [2022/09/20 23:12:06 ET]
Table 'Aesculapia III' 9-max Seat #6 is the button
Seat 1: ColinCave ($5.36 in chips) 
Seat 2: RMAMA1953 ($3.61 in chips) 
Seat 3: Dorex2007 ($7 in chips) 
Seat 4: linoaspoker ($4.20 in chips) 
Seat 5: yur4ik777 ($11.43 in chips) 
Seat 6: chukdadd ($3.75 in chips) 
Seat 7: BlackWinegum ($4.95 in chips) 
Seat 8: BlackCat0812 ($5 in chips) 
Seat 9: Almanza63 ($5.67 in chips) 
BlackWinegum: posts small blind $0.02
BlackCat0812: posts big blind $0.05
*** HOLE CARDS ***
Dealt to Dorex2007 [5h Jc]
Almanza63: folds 
ColinCave: folds 
RMAMA1953: folds 
Dorex2007: folds 
linoaspoker: folds 
yur4ik777: folds 
chukdadd: raises $0.10 to $0.15
BlackWinegum: folds 
BlackCat0812: calls $0.10
*** FLOP *** [9h 6d 3d]
BlackCat0812: checks 
chukdadd: bets $0.15
BlackCat0812: calls $0.15
*** TURN *** [9h 6d 3d] [2h]
BlackCat0812: checks 
chukdadd: bets $0.34
BlackCat0812: calls $0.34
*** RIVER *** [9h 6d 3d 2h] [6s]
BlackCat0812: checks 
chukdadd: checks 
*** SHOW DOWN ***
BlackCat0812: shows [Ad 8d] (a pair of Sixes)
chukdadd: shows [7c 7s] (two pair, Sevens and Sixes)
chukdadd collected $1.25 from pot
*** SUMMARY ***
Total pot $1.30 | Rake $0.05 
Board [9h 6d 3d 2h 6s]
Seat 1: ColinCave folded before Flop (didn't bet)
Seat 2: RMAMA1953 folded before Flop (didn't bet)
Seat 3: Dorex2007 folded before Flop (didn't bet)
Seat 4: linoaspoker folded before Flop (didn't bet)
Seat 5: yur4ik777 folded before Flop (didn't bet)
Seat 6: chukdadd (button) showed [7c 7s] and won ($1.25) with two pair, Sevens and Sixes
Seat 7: BlackWinegum (small blind) folded before Flop
Seat 8: BlackCat0812 (big blind) showed [Ad 8d] and lost with a pair of Sixes
Seat 9: Almanza63 folded before Flop (didn't bet)



PokerStars Hand #238763135694:  Hold'em No Limit ($0.02/$0.05 USD) - 2022/09/20 20:13:03 PT [2022/09/20 23:13:03 ET]
Table 'Aesculapia III' 9-max Seat #7 is the button
Seat 1: ColinCave ($5.36 in chips) 
Seat 2: RMAMA1953 ($3.61 in chips) 
Seat 3: Dorex2007 ($7 in chips) 
Seat 4: linoaspoker ($4.20 in chips) 
Seat 5: yur4ik777 ($11.43 in chips) 
Seat 6: chukdadd ($4.36 in chips) 
Seat 7: BlackWinegum ($4.93 in chips) 
Seat 8: BlackCat0812 ($4.36 in chips) 
Seat 9: Almanza63 ($5.67 in chips) 
BlackCat0812: posts small blind $0.02
Almanza63: posts big blind $0.05
*** HOLE CARDS ***
Dealt to Dorex2007 [6h As]
ColinCave: folds 
RMAMA1953: folds 
Dorex2007: folds 
linoaspoker: folds 
yur4ik777: folds 
chukdadd: folds 
BlackWinegum: folds 
BlackCat0812: folds 
Uncalled bet ($0.03) returned to Almanza63
Almanza63 collected $0.04 from pot
Almanza63: doesn't show hand 
*** SUMMARY ***
Total pot $0.04 | Rake $0 
Seat 1: ColinCave folded before Flop (didn't bet)
Seat 2: RMAMA1953 folded before Flop (didn't bet)
Seat 3: Dorex2007 folded before Flop (didn't bet)
Seat 4: linoaspoker folded before Flop (didn't bet)
Seat 5: yur4ik777 folded before Flop (didn't bet)
Seat 6: chukdadd folded before Flop (didn't bet)
Seat 7: BlackWinegum (button) folded before Flop (didn't bet)
Seat 8: BlackCat0812 (small blind) folded before Flop
Seat 9: Almanza63 (big blind) collected ($0.04)



PokerStars Hand #238763138715:  Hold'em No Limit ($0.02/$0.05 USD) - 2022/09/20 20:13:22 PT [2022/09/20 23:13:22 ET]
Table 'Aesculapia III' 9-max Seat #8 is the button
Seat 1: ColinCave ($5.36 in chips) 
Seat 2: RMAMA1953 ($3.61 in chips) 
Seat 3: Dorex2007 ($7 in chips) 
Seat 4: linoaspoker ($4.20 in chips) 
Seat 5: yur4ik777 ($11.43 in chips) 
Seat 6: chukdadd ($4.36 in chips) 
Seat 7: BlackWinegum ($4.93 in chips) 
Seat 8: BlackCat0812 ($4.34 in chips) 
Seat 9: Almanza63 ($5.69 in chips) 
Almanza63: posts small blind $0.02
ColinCave: posts big blind $0.05
*** HOLE CARDS ***
Dealt to Dorex2007 [5s Kc]
RMAMA1953: folds 
Dorex2007: folds 
linoaspoker: folds 
yur4ik777: folds 
chukdadd: folds 
BlackWinegum: folds 
BlackCat0812: folds 
Almanza63: raises $0.10 to $0.15
ColinCave: folds 
Uncalled bet ($0.10) returned to Almanza63
Almanza63 collected $0.10 from pot
Almanza63: doesn't show hand 
*** SUMMARY ***
Total pot $0.10 | Rake $0 
Seat 1: ColinCave (big blind) folded before Flop
Seat 2: RMAMA1953 folded before Flop (didn't bet)
Seat 3: Dorex2007 folded before Flop (didn't bet)
Seat 4: linoaspoker folded before Flop (didn't bet)
Seat 5: yur4ik777 folded before Flop (didn't bet)
Seat 6: chukdadd folded before Flop (didn't bet)
Seat 7: BlackWinegum folded before Flop (didn't bet)
Seat 8: BlackCat0812 (button) folded before Flop (didn't bet)
Seat 9: Almanza63 (small blind) collected ($0.10)



PokerStars Hand #238763143105:  Hold'em No Limit ($0.02/$0.05 USD) - 2022/09/20 20:13:51 PT [2022/09/20 23:13:51 ET]
Table 'Aesculapia III' 9-max Seat #9 is the button
Seat 1: ColinCave ($5.31 in chips) 
Seat 2: RMAMA1953 ($3.61 in chips) 
Seat 3: Dorex2007 ($7 in chips) 
Seat 4: linoaspoker ($4.20 in chips) 
Seat 5: yur4ik777 ($11.43 in chips) 
Seat 6: chukdadd ($4.36 in chips) 
Seat 7: BlackWinegum ($4.93 in chips) 
Seat 8: BlackCat0812 ($4.34 in chips) 
Seat 9: Almanza63 ($5.74 in chips) 
ColinCave: posts small blind $0.02
RMAMA1953: posts big blind $0.05
*** HOLE CARDS ***
Dealt to Dorex2007 [6h Tc]
Dorex2007: folds 
linoaspoker: folds 
yur4ik777: folds 
chukdadd: raises $0.10 to $0.15
BlackWinegum: folds 
BlackCat0812: folds 
Almanza63: raises $0.34 to $0.49
ColinCave: calls $0.47
RMAMA1953: folds 
chukdadd: calls $0.34
*** FLOP *** [7s Ts As]
ColinCave: checks 
chukdadd: checks 
Almanza63: bets $0.73
ColinCave: calls $0.73
chukdadd: folds 
*** TURN *** [7s Ts As] [3s]
ColinCave: checks 
Almanza63: bets $1.33
ColinCave: folds 
Uncalled bet ($1.33) returned to Almanza63
Almanza63 collected $2.86 from pot
Almanza63: doesn't show hand 
*** SUMMARY ***
Total pot $2.98 | Rake $0.12 
Board [7s Ts As 3s]
Seat 1: ColinCave (small blind) folded on the Turn
Seat 2: RMAMA1953 (big blind) folded before Flop
Seat 3: Dorex2007 folded before Flop (didn't bet)
Seat 4: linoaspoker folded before Flop (didn't bet)
Seat 5: yur4ik777 folded before Flop (didn't bet)
Seat 6: chukdadd folded on the Flop
Seat 7: BlackWinegum folded before Flop (didn't bet)
Seat 8: BlackCat0812 folded before Flop (didn't bet)
Seat 9: Almanza63 (button) collected ($2.86)



PokerStars Hand #238763157117:  Hold'em No Limit ($0.02/$0.05 USD) - 2022/09/20 20:15:24 PT [2022/09/20 23:15:24 ET]
Table 'Aesculapia III' 9-max Seat #1 is the button
Seat 1: ColinCave ($4.09 in chips) 
Seat 2: RMAMA1953 ($3.56 in chips) 
Seat 3: Dorex2007 ($7 in chips) 
Seat 4: linoaspoker ($4.20 in chips) 
Seat 5: yur4ik777 ($11.43 in chips) 
Seat 6: chukdadd ($3.87 in chips) 
Seat 7: BlackWinegum ($4.93 in chips) 
Seat 8: BlackCat0812 ($4.34 in chips) 
Seat 9: Almanza63 ($7.38 in chips) 
RMAMA1953: posts small blind $0.02
Dorex2007: posts big blind $0.05
*** HOLE CARDS ***
Dealt to Dorex2007 [9d Ah]
linoaspoker: folds 
yur4ik777: folds 
chukdadd: folds 
BlackWinegum: folds 
BlackCat0812: folds 
Almanza63: folds 
ColinCave: folds 
RMAMA1953: raises $0.10 to $0.15
Dorex2007: folds 
Uncalled bet ($0.10) returned to RMAMA1953
RMAMA1953 collected $0.10 from pot
RMAMA1953: doesn't show hand 
*** SUMMARY ***
Total pot $0.10 | Rake $0 
Seat 1: ColinCave (button) folded before Flop (didn't bet)
Seat 2: RMAMA1953 (small blind) collected ($0.10)
Seat 3: Dorex2007 (big blind) folded before Flop
Seat 4: linoaspoker folded before Flop (didn't bet)
Seat 5: yur4ik777 folded before Flop (didn't bet)
Seat 6: chukdadd folded before Flop (didn't bet)
Seat 7: BlackWinegum folded before Flop (didn't bet)
Seat 8: BlackCat0812 folded before Flop (didn't bet)
Seat 9: Almanza63 folded before Flop (didn't bet)



PokerStars Hand #238763163108:  Hold'em No Limit ($0.02/$0.05 USD) - 2022/09/20 20:16:03 PT [2022/09/20 23:16:03 ET]
Table 'Aesculapia III' 9-max Seat #2 is the button
Seat 1: ColinCave ($4.09 in chips) 
Seat 2: RMAMA1953 ($3.61 in chips) 
Seat 3: Dorex2007 ($6.95 in chips) 
Seat 4: linoaspoker ($4.20 in chips) 
Seat 5: yur4ik777 ($11.43 in chips) 
Seat 6: chukdadd ($3.87 in chips) 
Seat 7: BlackWinegum ($4.93 in chips) 
Seat 8: BlackCat0812 ($4.34 in chips) 
Seat 9: Almanza63 ($7.38 in chips) 
Dorex2007: posts small blind $0.02
linoaspoker: posts big blind $0.05
*** HOLE CARDS ***
Dealt to Dorex2007 [8h 6h]
yur4ik777: folds 
chukdadd is disconnected 
chukdadd has timed out while being disconnected
chukdadd: folds 
BlackWinegum: folds 
BlackCat0812: calls $0.05
Almanza63: folds 
ColinCave: folds 
RMAMA1953: folds 
Dorex2007: calls $0.03
linoaspoker: checks 
*** FLOP *** [Kc 3h 2h]
Dorex2007: checks 
linoaspoker: bets $0.10
BlackCat0812: calls $0.10
Dorex2007: calls $0.10
*** TURN *** [Kc 3h 2h] [Ad]
Dorex2007: checks 
linoaspoker: checks 
BlackCat0812: bets $0.20
Dorex2007: folds 
linoaspoker: folds 
Uncalled bet ($0.20) returned to BlackCat0812
BlackCat0812 collected $0.43 from pot
BlackCat0812: doesn't show hand 
*** SUMMARY ***
Total pot $0.45 | Rake $0.02 
Board [Kc 3h 2h Ad]
Seat 1: ColinCave folded before Flop (didn't bet)
Seat 2: RMAMA1953 (button) folded before Flop (didn't bet)
Seat 3: Dorex2007 (small blind) folded on the Turn
Seat 4: linoaspoker (big blind) folded on the Turn
Seat 5: yur4ik777 folded before Flop (didn't bet)
Seat 6: chukdadd folded before Flop (didn't bet)
Seat 7: BlackWinegum folded before Flop (didn't bet)
Seat 8: BlackCat0812 collected ($0.43)
Seat 9: Almanza63 folded before Flop (didn't bet)



PokerStars Hand #238763173368:  Hold'em No Limit ($0.02/$0.05 USD) - 2022/09/20 20:17:11 PT [2022/09/20 23:17:11 ET]
Table 'Aesculapia III' 9-max Seat #3 is the button
Seat 1: ColinCave ($4.09 in chips) 
Seat 2: RMAMA1953 ($4.53 in chips) 
Seat 3: Dorex2007 ($6.80 in chips) 
Seat 4: linoaspoker ($4.05 in chips) 
Seat 5: yur4ik777 ($11.43 in chips) 
Seat 6: chukdadd ($3.87 in chips) 
Seat 7: BlackWinegum ($4.93 in chips) 
Seat 8: BlackCat0812 ($4.62 in chips) 
Seat 9: Almanza63 ($7.38 in chips) 
linoaspoker: posts small blind $0.02
yur4ik777: posts big blind $0.05
*** HOLE CARDS ***
Dealt to Dorex2007 [8s 3d]
chukdadd: raises $0.10 to $0.15
BlackWinegum: folds 
BlackCat0812: folds 
Almanza63: folds 
ColinCave: folds 
RMAMA1953: folds 
Dorex2007: folds 
linoaspoker: folds 
yur4ik777: folds 
Uncalled bet ($0.10) returned to chukdadd
chukdadd collected $0.12 from pot
chukdadd: doesn't show hand 
*** SUMMARY ***
Total pot $0.12 | Rake $0 
Seat 1: ColinCave folded before Flop (didn't bet)
Seat 2: RMAMA1953 folded before Flop (didn't bet)
Seat 3: Dorex2007 (button) folded before Flop (didn't bet)
Seat 4: linoaspoker (small blind) folded before Flop
Seat 5: yur4ik777 (big blind) folded before Flop
Seat 6: chukdadd collected ($0.12)
Seat 7: BlackWinegum folded before Flop (didn't bet)
Seat 8: BlackCat0812 folded before Flop (didn't bet)
Seat 9: Almanza63 folded before Flop (didn't bet)



PokerStars Hand #238763176901:  Hold'em No Limit ($0.02/$0.05 USD) - 2022/09/20 20:17:33 PT [2022/09/20 23:17:33 ET]
Table 'Aesculapia III' 9-max Seat #4 is the button
Seat 1: ColinCave ($4.09 in chips) 
Seat 2: RMAMA1953 ($4.53 in chips) 
Seat 3: Dorex2007 ($6.80 in chips) 
Seat 4: linoaspoker ($4.03 in chips) 
Seat 5: yur4ik777 ($11.38 in chips) 
Seat 6: chukdadd ($3.94 in chips) 
Seat 7: BlackWinegum ($4.93 in chips) 
Seat 8: BlackCat0812 ($4.62 in chips) 
Seat 9: Almanza63 ($7.38 in chips) 
yur4ik777: posts small blind $0.02
chukdadd: posts big blind $0.05
*** HOLE CARDS ***
Dealt to Dorex2007 [3d Ts]
BlackWinegum: folds 
BlackCat0812: folds 
Almanza63: folds 
BlackWinegum leaves the table
ColinCave: folds 
RMAMA1953: folds 
Dorex2007: folds 
linoaspoker: raises $0.10 to $0.15
yur4ik777: folds 
chukdadd: folds 
Uncalled bet ($0.10) returned to linoaspoker
linoaspoker collected $0.12 from pot
linoaspoker: doesn't show hand 
FACCHETADE$ joins the table at seat #7 
*** SUMMARY ***
Total pot $0.12 | Rake $0 
Seat 1: ColinCave folded before Flop (didn't bet)
Seat 2: RMAMA1953 folded before Flop (didn't bet)
Seat 3: Dorex2007 folded before Flop (didn't bet)
Seat 4: linoaspoker (button) collected ($0.12)
Seat 5: yur4ik777 (small blind) folded before Flop
Seat 6: chukdadd (big blind) folded before Flop
Seat 7: BlackWinegum folded before Flop (didn't bet)
Seat 8: BlackCat0812 folded before Flop (didn't bet)
Seat 9: Almanza63 folded before Flop (didn't bet)



PokerStars Hand #238763181080:  Hold'em No Limit ($0.02/$0.05 USD) - 2022/09/20 20:18:01 PT [2022/09/20 23:18:01 ET]
Table 'Aesculapia III' 9-max Seat #5 is the button
Seat 1: ColinCave ($4.09 in chips) 
Seat 2: RMAMA1953 ($4.53 in chips) 
Seat 3: Dorex2007 ($6.80 in chips) 
Seat 4: linoaspoker ($4.10 in chips) 
Seat 5: yur4ik777 ($11.36 in chips) 
Seat 6: chukdadd ($3.89 in chips) 
Seat 7: FACCHETADE$ ($5 in chips) 
Seat 8: BlackCat0812 ($4.62 in chips) 
Seat 9: Almanza63 ($7.38 in chips) 
chukdadd: posts small blind $0.02
FACCHETADE$: posts big blind $0.05
*** HOLE CARDS ***
Dealt to Dorex2007 [Kh Ac]
BlackCat0812: folds 
Almanza63: folds 
ColinCave: folds 
RMAMA1953: folds 
Dorex2007: raises $0.10 to $0.15
linoaspoker: folds 
yur4ik777: folds 
chukdadd: raises $0.40 to $0.55
FACCHETADE$: folds 
Dorex2007: folds 
Uncalled bet ($0.40) returned to chukdadd
chukdadd collected $0.35 from pot
*** SUMMARY ***
Total pot $0.35 | Rake $0 
Seat 1: ColinCave folded before Flop (didn't bet)
Seat 2: RMAMA1953 folded before Flop (didn't bet)
Seat 3: Dorex2007 folded before Flop
Seat 4: linoaspoker folded before Flop (didn't bet)
Seat 5: yur4ik777 (button) folded before Flop (didn't bet)
Seat 6: chukdadd (small blind) collected ($0.35)
Seat 7: FACCHETADE$ (big blind) folded before Flop
Seat 8: BlackCat0812 folded before Flop (didn't bet)
Seat 9: Almanza63 folded before Flop (didn't bet)



PokerStars Hand #238763186007:  Hold'em No Limit ($0.02/$0.05 USD) - 2022/09/20 20:18:34 PT [2022/09/20 23:18:34 ET]
Table 'Aesculapia III' 9-max Seat #6 is the button
Seat 1: ColinCave ($4.09 in chips) 
Seat 2: RMAMA1953 ($4.53 in chips) 
Seat 3: Dorex2007 ($6.65 in chips) 
Seat 4: linoaspoker ($4.10 in chips) 
Seat 5: yur4ik777 ($11.36 in chips) 
Seat 6: chukdadd ($4.09 in chips) 
Seat 7: FACCHETADE$ ($4.95 in chips) 
Seat 8: BlackCat0812 ($4.62 in chips) 
Seat 9: Almanza63 ($7.38 in chips) 
FACCHETADE$: posts small blind $0.02
BlackCat0812: posts big blind $0.05
*** HOLE CARDS ***
Dealt to Dorex2007 [6s Th]
Almanza63: folds 
ColinCave: folds 
RMAMA1953: folds 
Dorex2007: folds 
linoaspoker: raises $0.10 to $0.15
yur4ik777: calls $0.15
chukdadd: folds 
FACCHETADE$: raises $0.50 to $0.65
BlackCat0812: folds 
linoaspoker: calls $0.50
yur4ik777: folds 
*** FLOP *** [8c 6h 7s]
FACCHETADE$: bets $4.30 and is all-in
linoaspoker: calls $3.45 and is all-in
Uncalled bet ($0.85) returned to FACCHETADE$
*** TURN *** [8c 6h 7s] [2d]
*** RIVER *** [8c 6h 7s 2d] [4d]
*** SHOW DOWN ***
FACCHETADE$: shows [Qd Qs] (a pair of Queens)
linoaspoker: shows [8d 8s] (three of a kind, Eights)
linoaspoker cashed out the hand for $7.09 | Cash Out Fee $0.07
FACCHETADE$ cashed out the hand for $0.88 | Cash Out Fee $0.01
*** SUMMARY ***
Total pot $8.40 | Rake $0.35 
Board [8c 6h 7s 2d 4d]
Seat 1: ColinCave folded before Flop (didn't bet)
Seat 2: RMAMA1953 folded before Flop (didn't bet)
Seat 3: Dorex2007 folded before Flop (didn't bet)
Seat 4: linoaspoker showed [8d 8s] and won ($8.05) with three of a kind, Eights (pot not awarded as player cashed out)
Seat 5: yur4ik777 folded before Flop
Seat 6: chukdadd (button) folded before Flop (didn't bet)
Seat 7: FACCHETADE$ (small blind) showed [Qd Qs] and lost with a pair of Queens (cashed out).
Seat 8: BlackCat0812 (big blind) folded before Flop
Seat 9: Almanza63 folded before Flop (didn't bet)



PokerStars Hand #238763194874:  Hold'em No Limit ($0.02/$0.05 USD) - 2022/09/20 20:19:33 PT [2022/09/20 23:19:33 ET]
Table 'Aesculapia III' 9-max Seat #7 is the button
Seat 1: ColinCave ($4.09 in chips) 
Seat 2: RMAMA1953 ($4.53 in chips) 
Seat 3: Dorex2007 ($6.65 in chips) 
Seat 4: linoaspoker ($7.09 in chips) 
Seat 5: yur4ik777 ($11.21 in chips) 
Seat 6: chukdadd ($4.09 in chips) 
Seat 7: FACCHETADE$ ($1.73 in chips) 
Seat 8: BlackCat0812 ($4.57 in chips) 
Seat 9: Almanza63 ($7.38 in chips) 
BlackCat0812: posts small blind $0.02
Almanza63: posts big blind $0.05
*** HOLE CARDS ***
Dealt to Dorex2007 [Ac 9c]
ColinCave: raises $0.10 to $0.15
RMAMA1953: folds 
Dorex2007: folds 
linoaspoker: folds 
yur4ik777: folds 
chukdadd: folds 
FACCHETADE$: calls $0.15
BlackCat0812: folds 
Almanza63: folds 
*** FLOP *** [6c Qh 5d]
ColinCave: bets $0.45
FACCHETADE$: folds 
Uncalled bet ($0.45) returned to ColinCave
ColinCave collected $0.35 from pot
*** SUMMARY ***
Total pot $0.37 | Rake $0.02 
Board [6c Qh 5d]
Seat 1: ColinCave collected ($0.35)
Seat 2: RMAMA1953 folded before Flop (didn't bet)
Seat 3: Dorex2007 folded before Flop (didn't bet)
Seat 4: linoaspoker folded before Flop (didn't bet)
Seat 5: yur4ik777 folded before Flop (didn't bet)
Seat 6: chukdadd folded before Flop (didn't bet)
Seat 7: FACCHETADE$ (button) folded on the Flop
Seat 8: BlackCat0812 (small blind) folded before Flop
Seat 9: Almanza63 (big blind) folded before Flop



PokerStars Hand #238763201265:  Hold'em No Limit ($0.02/$0.05 USD) - 2022/09/20 20:20:17 PT [2022/09/20 23:20:17 ET]
Table 'Aesculapia III' 9-max Seat #8 is the button
Seat 2: RMAMA1953 ($4.53 in chips) 
Seat 3: Dorex2007 ($6.65 in chips) 
Seat 4: linoaspoker ($7.09 in chips) 
Seat 5: yur4ik777 ($11.21 in chips) 
Seat 6: chukdadd ($4.09 in chips) 
Seat 7: FACCHETADE$ ($1.58 in chips) 
Seat 8: BlackCat0812 ($4.55 in chips) 
Seat 9: Almanza63 ($7.33 in chips) 
Almanza63: posts small blind $0.02
ColinCave: is sitting out 
RMAMA1953: posts big blind $0.05
*** HOLE CARDS ***
Dealt to Dorex2007 [Js 3s]
ColinCave leaves the table
Dorex2007: folds 
linoaspoker: folds 
yur4ik777: folds 
chukdadd: folds 
FACCHETADE$: folds 
BlackCat0812: folds 
Almanza63: folds 
Uncalled bet ($0.03) returned to RMAMA1953
RMAMA1953 collected $0.04 from pot
RMAMA1953: doesn't show hand 
*** SUMMARY ***
Total pot $0.04 | Rake $0 
Seat 2: RMAMA1953 (big blind) collected ($0.04)
Seat 3: Dorex2007 folded before Flop (didn't bet)
Seat 4: linoaspoker folded before Flop (didn't bet)
Seat 5: yur4ik777 folded before Flop (didn't bet)
Seat 6: chukdadd folded before Flop (didn't bet)
Seat 7: FACCHETADE$ folded before Flop (didn't bet)
Seat 8: BlackCat0812 (button) folded before Flop (didn't bet)
Seat 9: Almanza63 (small blind) folded before Flop



PokerStars Hand #238763204015:  Hold'em No Limit ($0.02/$0.05 USD) - 2022/09/20 20:20:35 PT [2022/09/20 23:20:35 ET]
Table 'Aesculapia III' 9-max Seat #9 is the button
Seat 2: RMAMA1953 ($4.55 in chips) 
Seat 3: Dorex2007 ($6.65 in chips) 
Seat 4: linoaspoker ($7.09 in chips) 
Seat 5: yur4ik777 ($11.21 in chips) 
Seat 6: chukdadd ($4.09 in chips) 
Seat 7: FACCHETADE$ ($1.58 in chips) 
Seat 8: BlackCat0812 ($4.55 in chips) 
Seat 9: Almanza63 ($7.31 in chips) 
RMAMA1953: posts small blind $0.02
Dorex2007: posts big blind $0.05
*** HOLE CARDS ***
Dealt to Dorex2007 [Jc 9h]
linoaspoker: folds 
yur4ik777: raises $0.12 to $0.17
chukdadd: raises $0.38 to $0.55
FACCHETADE$: folds 
BlackCat0812: folds 
Almanza63: folds 
RMAMA1953: folds 
Dorex2007: folds 
yur4ik777: folds 
Uncalled bet ($0.38) returned to chukdadd
chukdadd collected $0.41 from pot
*** SUMMARY ***
Total pot $0.41 | Rake $0 
Seat 2: RMAMA1953 (small blind) folded before Flop
Seat 3: Dorex2007 (big blind) folded before Flop
Seat 4: linoaspoker folded before Flop (didn't bet)
Seat 5: yur4ik777 folded before Flop
Seat 6: chukdadd collected ($0.41)
Seat 7: FACCHETADE$ folded before Flop (didn't bet)
Seat 8: BlackCat0812 folded before Flop (didn't bet)
Seat 9: Almanza63 (button) folded before Flop (didn't bet)



PokerStars Hand #238763210145:  Hold'em No Limit ($0.02/$0.05 USD) - 2022/09/20 20:21:15 PT [2022/09/20 23:21:15 ET]
Table 'Aesculapia III' 9-max Seat #2 is the button
Seat 2: RMAMA1953 ($4.53 in chips) 
Seat 3: Dorex2007 ($6.60 in chips) 
Seat 4: linoaspoker ($7.09 in chips) 
Seat 5: yur4ik777 ($11.04 in chips) 
Seat 6: chukdadd ($4.33 in chips) 
Seat 7: FACCHETADE$ ($3.56 in chips) 
Seat 8: BlackCat0812 ($4.55 in chips) 
Seat 9: Almanza63 ($7.31 in chips) 
Dorex2007: posts small blind $0.02
linoaspoker: posts big blind $0.05
*** HOLE CARDS ***
Dealt to Dorex2007 [Td Th]
yur4ik777: folds 
chukdadd: folds 
FACCHETADE$: folds 
BlackCat0812: calls $0.05
Almanza63: folds 
RMAMA1953: folds 
Dorex2007: raises $0.20 to $0.25
linoaspoker: folds 
BlackCat0812: folds 
Uncalled bet ($0.20) returned to Dorex2007
Dorex2007 collected $0.15 from pot
Dorex2007: doesn't show hand 
*** SUMMARY ***
Total pot $0.15 | Rake $0 
Seat 2: RMAMA1953 (button) folded before Flop (didn't bet)
Seat 3: Dorex2007 (small blind) collected ($0.15)
Seat 4: linoaspoker (big blind) folded before Flop
Seat 5: yur4ik777 folded before Flop (didn't bet)
Seat 6: chukdadd folded before Flop (didn't bet)
Seat 7: FACCHETADE$ folded before Flop (didn't bet)
Seat 8: BlackCat0812 folded before Flop
Seat 9: Almanza63 folded before Flop (didn't bet)



PokerStars Hand #238763213573:  Hold'em No Limit ($0.02/$0.05 USD) - 2022/09/20 20:21:38 PT [2022/09/20 23:21:38 ET]
Table 'Aesculapia III' 9-max Seat #3 is the button
Seat 2: RMAMA1953 ($4.53 in chips) 
Seat 3: Dorex2007 ($6.70 in chips) 
Seat 4: linoaspoker ($7.04 in chips) 
Seat 5: yur4ik777 ($11.04 in chips) 
Seat 6: chukdadd ($4.33 in chips) 
Seat 7: FACCHETADE$ ($3.56 in chips) 
Seat 8: BlackCat0812 ($4.50 in chips) 
Seat 9: Almanza63 ($7.31 in chips) 
linoaspoker: posts small blind $0.02
yur4ik777: posts big blind $0.05
*** HOLE CARDS ***
Dealt to Dorex2007 [6d 7s]
chukdadd: folds 
kataribekatari joins the table at seat #1 
FACCHETADE$: raises $0.05 to $0.10
BlackCat0812: folds 
Almanza63: folds 
RMAMA1953: folds 
Dorex2007: folds 
linoaspoker: calls $0.08
yur4ik777: folds 
*** FLOP *** [8c 5c 7c]
linoaspoker: checks 
FACCHETADE$: checks 
*** TURN *** [8c 5c 7c] [6h]
linoaspoker: bets $0.12
FACCHETADE$: folds 
Uncalled bet ($0.12) returned to linoaspoker
linoaspoker collected $0.24 from pot
linoaspoker: doesn't show hand 
*** SUMMARY ***
Total pot $0.25 | Rake $0.01 
Board [8c 5c 7c 6h]
Seat 2: RMAMA1953 folded before Flop (didn't bet)
Seat 3: Dorex2007 (button) folded before Flop (didn't bet)
Seat 4: linoaspoker (small blind) collected ($0.24)
Seat 5: yur4ik777 (big blind) folded before Flop
Seat 6: chukdadd folded before Flop (didn't bet)
Seat 7: FACCHETADE$ folded on the Turn
Seat 8: BlackCat0812 folded before Flop (didn't bet)
Seat 9: Almanza63 folded before Flop (didn't bet)



PokerStars Hand #238763221373:  Hold'em No Limit ($0.02/$0.05 USD) - 2022/09/20 20:22:30 PT [2022/09/20 23:22:30 ET]
Table 'Aesculapia III' 9-max Seat #4 is the button
Seat 2: RMAMA1953 ($4.53 in chips) 
Seat 3: Dorex2007 ($6.70 in chips) 
Seat 4: linoaspoker ($7.18 in chips) 
Seat 5: yur4ik777 ($10.99 in chips) 
Seat 6: chukdadd ($4.33 in chips) 
Seat 7: FACCHETADE$ ($3.46 in chips) 
Seat 8: BlackCat0812 ($4.50 in chips) 
Seat 9: Almanza63 ($7.31 in chips) 
yur4ik777: posts small blind $0.02
chukdadd: posts big blind $0.05
kataribekatari: sits out 
*** HOLE CARDS ***
Dealt to Dorex2007 [7c 7d]
FACCHETADE$: folds 
BlackCat0812: folds 
Almanza63: folds 
RMAMA1953: folds 
Dorex2007: raises $0.05 to $0.10
linoaspoker: folds 
yur4ik777: folds 
chukdadd: calls $0.05
*** FLOP *** [Kc 2d 9s]
chukdadd: checks 
Dorex2007: bets $0.21
chukdadd: folds 
Uncalled bet ($0.21) returned to Dorex2007
Dorex2007 collected $0.21 from pot
Dorex2007: doesn't show hand 
*** SUMMARY ***
Total pot $0.22 | Rake $0.01 
Board [Kc 2d 9s]
Seat 2: RMAMA1953 folded before Flop (didn't bet)
Seat 3: Dorex2007 collected ($0.21)
Seat 4: linoaspoker (button) folded before Flop (didn't bet)
Seat 5: yur4ik777 (small blind) folded before Flop
Seat 6: chukdadd (big blind) folded on the Flop
Seat 7: FACCHETADE$ folded before Flop (didn't bet)
Seat 8: BlackCat0812 folded before Flop (didn't bet)
Seat 9: Almanza63 folded before Flop (didn't bet)



PokerStars Hand #238763228110:  Hold'em No Limit ($0.02/$0.05 USD) - 2022/09/20 20:23:15 PT [2022/09/20 23:23:15 ET]
Table 'Aesculapia III' 9-max Seat #5 is the button
Seat 2: RMAMA1953 ($4.53 in chips) 
Seat 3: Dorex2007 ($6.81 in chips) 
Seat 4: linoaspoker ($7.18 in chips) 
Seat 5: yur4ik777 ($10.97 in chips) 
Seat 6: chukdadd ($4.23 in chips) 
Seat 7: FACCHETADE$ ($3.46 in chips) 
Seat 8: BlackCat0812 ($4.50 in chips) 
Seat 9: Almanza63 ($7.31 in chips) 
chukdadd: posts small blind $0.02
FACCHETADE$: posts big blind $0.05
kataribekatari: sits out 
*** HOLE CARDS ***
Dealt to Dorex2007 [3h 6d]
BlackCat0812: folds 
Almanza63: raises $0.10 to $0.15
RMAMA1953: folds 
Dorex2007: folds 
linoaspoker: folds 
yur4ik777 has timed out
yur4ik777: folds 
chukdadd: folds 
FACCHETADE$: folds 
Uncalled bet ($0.10) returned to Almanza63
Almanza63 collected $0.12 from pot
Almanza63: doesn't show hand 
*** SUMMARY ***
Total pot $0.12 | Rake $0 
Seat 2: RMAMA1953 folded before Flop (didn't bet)
Seat 3: Dorex2007 folded before Flop (didn't bet)
Seat 4: linoaspoker folded before Flop (didn't bet)
Seat 5: yur4ik777 (button) folded before Flop (didn't bet)
Seat 6: chukdadd (small blind) folded before Flop
Seat 7: FACCHETADE$ (big blind) folded before Flop
Seat 8: BlackCat0812 folded before Flop (didn't bet)
Seat 9: Almanza63 collected ($0.12)



PokerStars Hand #238763233508:  Hold'em No Limit ($0.02/$0.05 USD) - 2022/09/20 20:23:51 PT [2022/09/20 23:23:51 ET]
Table 'Aesculapia III' 9-max Seat #6 is the button
Seat 2: RMAMA1953 ($4.53 in chips) 
Seat 3: Dorex2007 ($6.81 in chips) 
Seat 4: linoaspoker ($7.18 in chips) 
Seat 6: chukdadd ($4.21 in chips) 
Seat 7: FACCHETADE$ ($3.41 in chips) 
Seat 8: BlackCat0812 ($4.50 in chips) 
Seat 9: Almanza63 ($7.38 in chips) 
FACCHETADE$: posts small blind $0.02
BlackCat0812: posts big blind $0.05
kataribekatari: sits out 
*** HOLE CARDS ***
Dealt to Dorex2007 [5s 9c]
Almanza63: folds 
RMAMA1953: folds 
Dorex2007: folds 
linoaspoker: raises $0.10 to $0.15
chukdadd: folds 
FACCHETADE$: folds 
BlackCat0812: folds 
Uncalled bet ($0.10) returned to linoaspoker
linoaspoker collected $0.12 from pot
linoaspoker: doesn't show hand 
*** SUMMARY ***
Total pot $0.12 | Rake $0 
Seat 2: RMAMA1953 folded before Flop (didn't bet)
Seat 3: Dorex2007 folded before Flop (didn't bet)
Seat 4: linoaspoker collected ($0.12)
Seat 6: chukdadd (button) folded before Flop (didn't bet)
Seat 7: FACCHETADE$ (small blind) folded before Flop
Seat 8: BlackCat0812 (big blind) folded before Flop
Seat 9: Almanza63 folded before Flop (didn't bet)



PokerStars Hand #238763237111:  Hold'em No Limit ($0.02/$0.05 USD) - 2022/09/20 20:24:15 PT [2022/09/20 23:24:15 ET]
Table 'Aesculapia III' 9-max Seat #7 is the button
Seat 2: RMAMA1953 ($4.53 in chips) 
Seat 3: Dorex2007 ($6.81 in chips) 
Seat 4: linoaspoker ($7.25 in chips) 
Seat 6: chukdadd ($4.21 in chips) 
Seat 7: FACCHETADE$ ($3.39 in chips) 
Seat 8: BlackCat0812 ($4.45 in chips) 
Seat 9: Almanza63 ($7.38 in chips) 
BlackCat0812: posts small blind $0.02
Almanza63: posts big blind $0.05
kataribekatari: sits out 
*** HOLE CARDS ***
Dealt to Dorex2007 [2s Kd]
RMAMA1953: folds 
Dorex2007: folds 
linoaspoker: folds 
chukdadd: folds 
FACCHETADE$: folds 
BlackCat0812: calls $0.03
Almanza63: raises $0.10 to $0.15
BlackCat0812: calls $0.10
*** FLOP *** [Ac 2d 5c]
BlackCat0812: bets $0.15
Almanza63: folds 
Uncalled bet ($0.15) returned to BlackCat0812
BlackCat0812 collected $0.29 from pot
BlackCat0812: doesn't show hand 
*** SUMMARY ***
Total pot $0.30 | Rake $0.01 
Board [Ac 2d 5c]
Seat 2: RMAMA1953 folded before Flop (didn't bet)
Seat 3: Dorex2007 folded before Flop (didn't bet)
Seat 4: linoaspoker folded before Flop (didn't bet)
Seat 6: chukdadd folded before Flop (didn't bet)
Seat 7: FACCHETADE$ (button) folded before Flop (didn't bet)
Seat 8: BlackCat0812 (small blind) collected ($0.29)
Seat 9: Almanza63 (big blind) folded on the Flop



PokerStars Hand #238763241962:  Hold'em No Limit ($0.02/$0.05 USD) - 2022/09/20 20:24:48 PT [2022/09/20 23:24:48 ET]
Table 'Aesculapia III' 9-max Seat #8 is the button
Seat 1: kataribekatari ($5 in chips) 
Seat 2: RMAMA1953 ($4.53 in chips) 
Seat 3: Dorex2007 ($6.81 in chips) 
Seat 4: linoaspoker ($7.25 in chips) 
Seat 5: yur4ik777 ($10.97 in chips) 
Seat 6: chukdadd ($4.21 in chips) 
Seat 7: FACCHETADE$ ($3.39 in chips) 
Seat 8: BlackCat0812 ($4.59 in chips) 
Seat 9: Almanza63 ($7.23 in chips) 
Almanza63: posts small blind $0.02
kataribekatari: posts big blind $0.05
*** HOLE CARDS ***
Dealt to Dorex2007 [Jc 9d]
RMAMA1953: folds 
Dorex2007: folds 
linoaspoker: folds 
yur4ik777: folds 
chukdadd: raises $0.10 to $0.15
FACCHETADE$: calls $0.15
BlackCat0812: folds 
Almanza63: calls $0.13
kataribekatari: folds 
*** FLOP *** [6c 7c 7d]
Almanza63: checks 
chukdadd: bets $0.20
FACCHETADE$: folds 
Almanza63: folds 
Uncalled bet ($0.20) returned to chukdadd
chukdadd collected $0.48 from pot
chukdadd: doesn't show hand 
*** SUMMARY ***
Total pot $0.50 | Rake $0.02 
Board [6c 7c 7d]
Seat 1: kataribekatari (big blind) folded before Flop
Seat 2: RMAMA1953 folded before Flop (didn't bet)
Seat 3: Dorex2007 folded before Flop (didn't bet)
Seat 4: linoaspoker folded before Flop (didn't bet)
Seat 5: yur4ik777 folded before Flop (didn't bet)
Seat 6: chukdadd collected ($0.48)
Seat 7: FACCHETADE$ folded on the Flop
Seat 8: BlackCat0812 (button) folded before Flop (didn't bet)
Seat 9: Almanza63 (small blind) folded on the Flop



PokerStars Hand #238763248737:  Hold'em No Limit ($0.02/$0.05 USD) - 2022/09/20 20:25:35 PT [2022/09/20 23:25:35 ET]
Table 'Aesculapia III' 9-max Seat #9 is the button
Seat 1: kataribekatari ($4.95 in chips) 
Seat 2: RMAMA1953 ($4.53 in chips) 
Seat 3: Dorex2007 ($6.81 in chips) 
Seat 4: linoaspoker ($7.25 in chips) 
Seat 5: yur4ik777 ($10.97 in chips) 
Seat 6: chukdadd ($4.54 in chips) 
Seat 7: FACCHETADE$ ($3.24 in chips) 
Seat 8: BlackCat0812 ($4.59 in chips) 
Seat 9: Almanza63 ($7.08 in chips) 
kataribekatari: posts small blind $0.02
RMAMA1953: posts big blind $0.05
*** HOLE CARDS ***
Dealt to Dorex2007 [4c Ac]
Dorex2007: folds 
linoaspoker: folds 
yur4ik777: folds 
chukdadd: raises $0.10 to $0.15
FACCHETADE$: folds 
BlackCat0812: folds 
Almanza63: calls $0.15
kataribekatari: folds 
RMAMA1953: folds 
*** FLOP *** [3h 6h 2d]
chukdadd: checks 
Almanza63: bets $0.17
chukdadd: calls $0.17
*** TURN *** [3h 6h 2d] [Ah]
chukdadd: checks 
Almanza63: checks 
*** RIVER *** [3h 6h 2d Ah] [7c]
chukdadd: bets $0.24
Almanza63: folds 
Uncalled bet ($0.24) returned to chukdadd
chukdadd collected $0.68 from pot
chukdadd: doesn't show hand 
*** SUMMARY ***
Total pot $0.71 | Rake $0.03 
Board [3h 6h 2d Ah 7c]
Seat 1: kataribekatari (small blind) folded before Flop
Seat 2: RMAMA1953 (big blind) folded before Flop
Seat 3: Dorex2007 folded before Flop (didn't bet)
Seat 4: linoaspoker folded before Flop (didn't bet)
Seat 5: yur4ik777 folded before Flop (didn't bet)
Seat 6: chukdadd collected ($0.68)
Seat 7: FACCHETADE$ folded before Flop (didn't bet)
Seat 8: BlackCat0812 folded before Flop (didn't bet)
Seat 9: Almanza63 (button) folded on the River



PokerStars Hand #238763257641:  Hold'em No Limit ($0.02/$0.05 USD) - 2022/09/20 20:26:36 PT [2022/09/20 23:26:36 ET]
Table 'Aesculapia III' 9-max Seat #1 is the button
Seat 1: kataribekatari ($4.93 in chips) 
Seat 2: RMAMA1953 ($4.48 in chips) 
Seat 3: Dorex2007 ($6.81 in chips) 
Seat 4: linoaspoker ($7.25 in chips) 
Seat 5: yur4ik777 ($10.97 in chips) 
Seat 6: chukdadd ($4.90 in chips) 
Seat 7: FACCHETADE$ ($3.24 in chips) 
Seat 8: BlackCat0812 ($4.59 in chips) 
Seat 9: Almanza63 ($6.76 in chips) 
RMAMA1953: posts small blind $0.02
Dorex2007: posts big blind $0.05
*** HOLE CARDS ***
Dealt to Dorex2007 [4s As]
linoaspoker: calls $0.05
yur4ik777: folds 
chukdadd: folds 
FACCHETADE$: folds 
BlackCat0812: folds 
Almanza63: folds 
kataribekatari: folds 
RMAMA1953: calls $0.03
Dorex2007: checks 
*** FLOP *** [Ah 8s Ac]
RMAMA1953: checks 
Dorex2007: checks 
linoaspoker: checks 
*** TURN *** [Ah 8s Ac] [5s]
RMAMA1953: checks 
Dorex2007: checks 
linoaspoker: checks 
*** RIVER *** [Ah 8s Ac 5s] [7s]
RMAMA1953: checks 
Dorex2007: bets $0.09
linoaspoker: folds 
RMAMA1953: folds 
Uncalled bet ($0.09) returned to Dorex2007
Dorex2007 collected $0.14 from pot
Dorex2007: doesn't show hand 
*** SUMMARY ***
Total pot $0.15 | Rake $0.01 
Board [Ah 8s Ac 5s 7s]
Seat 1: kataribekatari (button) folded before Flop (didn't bet)
Seat 2: RMAMA1953 (small blind) folded on the River
Seat 3: Dorex2007 (big blind) collected ($0.14)
Seat 4: linoaspoker folded on the River
Seat 5: yur4ik777 folded before Flop (didn't bet)
Seat 6: chukdadd folded before Flop (didn't bet)
Seat 7: FACCHETADE$ folded before Flop (didn't bet)
Seat 8: BlackCat0812 folded before Flop (didn't bet)
Seat 9: Almanza63 folded before Flop (didn't bet)



PokerStars Hand #238763264478:  Hold'em No Limit ($0.02/$0.05 USD) - 2022/09/20 20:27:23 PT [2022/09/20 23:27:23 ET]
Table 'Aesculapia III' 9-max Seat #2 is the button
Seat 1: kataribekatari ($4.93 in chips) 
Seat 2: RMAMA1953 ($4.43 in chips) 
Seat 3: Dorex2007 ($6.90 in chips) 
Seat 4: linoaspoker ($7.20 in chips) 
Seat 5: yur4ik777 ($10.97 in chips) 
Seat 6: chukdadd ($4.90 in chips) 
Seat 7: FACCHETADE$ ($3.24 in chips) 
Seat 8: BlackCat0812 ($4.59 in chips) 
Seat 9: Almanza63 ($6.76 in chips) 
Dorex2007: posts small blind $0.02
linoaspoker: posts big blind $0.05
*** HOLE CARDS ***
Dealt to Dorex2007 [6s Jd]
yur4ik777: folds 
chukdadd: folds 
FACCHETADE$: folds 
BlackCat0812: folds 
Almanza63: raises $0.08 to $0.13
kataribekatari: folds 
RMAMA1953: folds 
Dorex2007: folds 
linoaspoker: calls $0.08
*** FLOP *** [2d 4d 2c]
linoaspoker: checks 
Almanza63: checks 
*** TURN *** [2d 4d 2c] [Kd]
linoaspoker: bets $0.20
Almanza63: calls $0.20
*** RIVER *** [2d 4d 2c Kd] [Ac]
linoaspoker: checks 
Almanza63: bets $0.32
linoaspoker: calls $0.32
*** SHOW DOWN ***
Almanza63: shows [Jc Ad] (two pair, Aces and Deuces)
linoaspoker: mucks hand 
Almanza63 collected $1.27 from pot
*** SUMMARY ***
Total pot $1.32 | Rake $0.05 
Board [2d 4d 2c Kd Ac]
Seat 1: kataribekatari folded before Flop (didn't bet)
Seat 2: RMAMA1953 (button) folded before Flop (didn't bet)
Seat 3: Dorex2007 (small blind) folded before Flop
Seat 4: linoaspoker (big blind) mucked [7h Kh]
Seat 5: yur4ik777 folded before Flop (didn't bet)
Seat 6: chukdadd folded before Flop (didn't bet)
Seat 7: FACCHETADE$ folded before Flop (didn't bet)
Seat 8: BlackCat0812 folded before Flop (didn't bet)
Seat 9: Almanza63 showed [Jc Ad] and won ($1.27) with two pair, Aces and Deuces



PokerStars Hand #238763274577:  Hold'em No Limit ($0.02/$0.05 USD) - 2022/09/20 20:28:33 PT [2022/09/20 23:28:33 ET]
Table 'Aesculapia III' 9-max Seat #3 is the button
Seat 1: kataribekatari ($4.93 in chips) 
Seat 2: RMAMA1953 ($4.43 in chips) 
Seat 3: Dorex2007 ($6.88 in chips) 
Seat 4: linoaspoker ($6.55 in chips) 
Seat 5: yur4ik777 ($10.97 in chips) 
Seat 6: chukdadd ($4.90 in chips) 
Seat 7: FACCHETADE$ ($3.24 in chips) 
Seat 8: BlackCat0812 ($4.59 in chips) 
Seat 9: Almanza63 ($7.38 in chips) 
linoaspoker: posts small blind $0.02
yur4ik777: posts big blind $0.05
*** HOLE CARDS ***
Dealt to Dorex2007 [2d 6h]
chukdadd: folds 
FACCHETADE$: folds 
BlackCat0812: folds 
Almanza63: folds 
kataribekatari: folds 
RMAMA1953: folds 
Dorex2007: folds 
linoaspoker: calls $0.03
yur4ik777: raises $0.15 to $0.20
linoaspoker: folds 
Uncalled bet ($0.15) returned to yur4ik777
yur4ik777 collected $0.10 from pot
yur4ik777: doesn't show hand 
*** SUMMARY ***
Total pot $0.10 | Rake $0 
Seat 1: kataribekatari folded before Flop (didn't bet)
Seat 2: RMAMA1953 folded before Flop (didn't bet)
Seat 3: Dorex2007 (button) folded before Flop (didn't bet)
Seat 4: linoaspoker (small blind) folded before Flop
Seat 5: yur4ik777 (big blind) collected ($0.10)
Seat 6: chukdadd folded before Flop (didn't bet)
Seat 7: FACCHETADE$ folded before Flop (didn't bet)
Seat 8: BlackCat0812 folded before Flop (didn't bet)
Seat 9: Almanza63 folded before Flop (didn't bet)



PokerStars Hand #238763278053:  Hold'em No Limit ($0.02/$0.05 USD) - 2022/09/20 20:28:57 PT [2022/09/20 23:28:57 ET]
Table 'Aesculapia III' 9-max Seat #4 is the button
Seat 1: kataribekatari ($4.93 in chips) 
Seat 2: RMAMA1953 ($4.43 in chips) 
Seat 3: Dorex2007 ($6.88 in chips) 
Seat 4: linoaspoker ($6.50 in chips) 
Seat 5: yur4ik777 ($11.02 in chips) 
Seat 6: chukdadd ($4.90 in chips) 
Seat 7: FACCHETADE$ ($3.24 in chips) 
Seat 8: BlackCat0812 ($4.59 in chips) 
Seat 9: Almanza63 ($7.38 in chips) 
yur4ik777: posts small blind $0.02
chukdadd: posts big blind $0.05
*** HOLE CARDS ***
Dealt to Dorex2007 [5d Qd]
FACCHETADE$: folds 
BlackCat0812: folds 
Almanza63: folds 
kataribekatari: raises $0.10 to $0.15
RMAMA1953: folds 
Dorex2007: folds 
linoaspoker: folds 
yur4ik777: folds 
chukdadd: folds 
Uncalled bet ($0.10) returned to kataribekatari
kataribekatari collected $0.12 from pot
kataribekatari: doesn't show hand 
*** SUMMARY ***
Total pot $0.12 | Rake $0 
Seat 1: kataribekatari collected ($0.12)
Seat 2: RMAMA1953 folded before Flop (didn't bet)
Seat 3: Dorex2007 folded before Flop (didn't bet)
Seat 4: linoaspoker (button) folded before Flop (didn't bet)
Seat 5: yur4ik777 (small blind) folded before Flop
Seat 6: chukdadd (big blind) folded before Flop
Seat 7: FACCHETADE$ folded before Flop (didn't bet)
Seat 8: BlackCat0812 folded before Flop (didn't bet)
Seat 9: Almanza63 folded before Flop (didn't bet)



PokerStars Hand #238763281724:  Hold'em No Limit ($0.02/$0.05 USD) - 2022/09/20 20:29:23 PT [2022/09/20 23:29:23 ET]
Table 'Aesculapia III' 9-max Seat #5 is the button
Seat 1: kataribekatari ($5 in chips) 
Seat 2: RMAMA1953 ($4.43 in chips) 
Seat 3: Dorex2007 ($6.88 in chips) 
Seat 4: linoaspoker ($6.50 in chips) 
Seat 5: yur4ik777 ($11 in chips) 
Seat 6: chukdadd ($4.85 in chips) 
Seat 7: FACCHETADE$ ($3.24 in chips) 
Seat 8: BlackCat0812 ($4.59 in chips) 
Seat 9: Almanza63 ($7.38 in chips) 
chukdadd: posts small blind $0.02
FACCHETADE$: posts big blind $0.05
*** HOLE CARDS ***
Dealt to Dorex2007 [3h Qh]
BlackCat0812: folds 
Almanza63: folds 
kataribekatari: folds 
RMAMA1953: folds 
Dorex2007: folds 
linoaspoker: calls $0.05
yur4ik777: folds 
chukdadd: raises $0.15 to $0.20
FACCHETADE$: calls $0.15
linoaspoker: calls $0.15
*** FLOP *** [7h 7s Td]
chukdadd: bets $0.15
FACCHETADE$: calls $0.15
linoaspoker: calls $0.15
*** TURN *** [7h 7s Td] [Ac]
chukdadd: checks 
FACCHETADE$: bets $1.01
linoaspoker: raises $5.14 to $6.15 and is all-in
chukdadd: folds 
FACCHETADE$: calls $1.88 and is all-in
Uncalled bet ($3.26) returned to linoaspoker
*** RIVER *** [7h 7s Td Ac] [4s]
*** SHOW DOWN ***
FACCHETADE$: shows [Tc As] (two pair, Aces and Tens)
linoaspoker: shows [Ah 9d] (two pair, Aces and Sevens)
FACCHETADE$ collected $6.55 from pot
*** SUMMARY ***
Total pot $6.83 | Rake $0.28 
Board [7h 7s Td Ac 4s]
Seat 1: kataribekatari folded before Flop (didn't bet)
Seat 2: RMAMA1953 folded before Flop (didn't bet)
Seat 3: Dorex2007 folded before Flop (didn't bet)
Seat 4: linoaspoker showed [Ah 9d] and lost with two pair, Aces and Sevens
Seat 5: yur4ik777 (button) folded before Flop (didn't bet)
Seat 6: chukdadd (small blind) folded on the Turn
Seat 7: FACCHETADE$ (big blind) showed [Tc As] and won ($6.55) with two pair, Aces and Tens
Seat 8: BlackCat0812 folded before Flop (didn't bet)
Seat 9: Almanza63 folded before Flop (didn't bet)



PokerStars Hand #238763292306:  Hold'em No Limit ($0.02/$0.05 USD) - 2022/09/20 20:30:37 PT [2022/09/20 23:30:37 ET]
Table 'Aesculapia III' 9-max Seat #6 is the button
Seat 1: kataribekatari ($5 in chips) 
Seat 2: RMAMA1953 ($4.43 in chips) 
Seat 3: Dorex2007 ($6.88 in chips) 
Seat 4: linoaspoker ($3.26 in chips) 
Seat 5: yur4ik777 ($11 in chips) 
Seat 6: chukdadd ($4.50 in chips) 
Seat 7: FACCHETADE$ ($6.55 in chips) 
Seat 8: BlackCat0812 ($4.59 in chips) 
Seat 9: Almanza63 ($7.38 in chips) 
FACCHETADE$: posts small blind $0.02
BlackCat0812: posts big blind $0.05
*** HOLE CARDS ***
Dealt to Dorex2007 [9c Tc]
Almanza63: raises $0.10 to $0.15
kataribekatari: folds 
RMAMA1953: folds 
Dorex2007: folds 
linoaspoker: calls $0.15
yur4ik777: folds 
chukdadd: folds 
FACCHETADE$: calls $0.13
BlackCat0812: folds 
*** FLOP *** [4c Qc 6d]
FACCHETADE$: checks 
Almanza63: bets $0.28
linoaspoker: calls $0.28
FACCHETADE$: folds 
*** TURN *** [4c Qc 6d] [9s]
Almanza63: bets $0.51
linoaspoker: folds 
Uncalled bet ($0.51) returned to Almanza63
Almanza63 collected $1.02 from pot
Almanza63: doesn't show hand 
*** SUMMARY ***
Total pot $1.06 | Rake $0.04 
Board [4c Qc 6d 9s]
Seat 1: kataribekatari folded before Flop (didn't bet)
Seat 2: RMAMA1953 folded before Flop (didn't bet)
Seat 3: Dorex2007 folded before Flop (didn't bet)
Seat 4: linoaspoker folded on the Turn
Seat 5: yur4ik777 folded before Flop (didn't bet)
Seat 6: chukdadd (button) folded before Flop (didn't bet)
Seat 7: FACCHETADE$ (small blind) folded on the Flop
Seat 8: BlackCat0812 (big blind) folded before Flop
Seat 9: Almanza63 collected ($1.02)



PokerStars Hand #238763303786:  Hold'em No Limit ($0.02/$0.05 USD) - 2022/09/20 20:31:57 PT [2022/09/20 23:31:57 ET]
Table 'Aesculapia III' 9-max Seat #7 is the button
Seat 1: kataribekatari ($5 in chips) 
Seat 2: RMAMA1953 ($4.43 in chips) 
Seat 3: Dorex2007 ($6.88 in chips) 
Seat 4: linoaspoker ($2.83 in chips) 
Seat 5: yur4ik777 ($11 in chips) 
Seat 6: chukdadd ($4.50 in chips) 
Seat 7: FACCHETADE$ ($6.40 in chips) 
Seat 8: BlackCat0812 ($4.54 in chips) 
Seat 9: Almanza63 ($7.97 in chips) 
BlackCat0812: posts small blind $0.02
Almanza63: posts big blind $0.05
*** HOLE CARDS ***
Dealt to Dorex2007 [Th 3s]
kataribekatari: raises $0.10 to $0.15
RMAMA1953: folds 
Dorex2007: folds 
linoaspoker: folds 
yur4ik777: folds 
chukdadd: folds 
FACCHETADE$: folds 
BlackCat0812: folds 
Almanza63: folds 
Uncalled bet ($0.10) returned to kataribekatari
kataribekatari collected $0.12 from pot
kataribekatari: doesn't show hand 
*** SUMMARY ***
Total pot $0.12 | Rake $0 
Seat 1: kataribekatari collected ($0.12)
Seat 2: RMAMA1953 folded before Flop (didn't bet)
Seat 3: Dorex2007 folded before Flop (didn't bet)
Seat 4: linoaspoker folded before Flop (didn't bet)
Seat 5: yur4ik777 folded before Flop (didn't bet)
Seat 6: chukdadd folded before Flop (didn't bet)
Seat 7: FACCHETADE$ (button) folded before Flop (didn't bet)
Seat 8: BlackCat0812 (small blind) folded before Flop
Seat 9: Almanza63 (big blind) folded before Flop



PokerStars Hand #238763306752:  Hold'em No Limit ($0.02/$0.05 USD) - 2022/09/20 20:32:18 PT [2022/09/20 23:32:18 ET]
Table 'Aesculapia III' 9-max Seat #8 is the button
Seat 1: kataribekatari ($5.07 in chips) 
Seat 2: RMAMA1953 ($4.43 in chips) 
Seat 3: Dorex2007 ($6.88 in chips) 
Seat 4: linoaspoker ($2.83 in chips) 
Seat 5: yur4ik777 ($11 in chips) 
Seat 6: chukdadd ($4.50 in chips) 
Seat 7: FACCHETADE$ ($6.40 in chips) 
Seat 8: BlackCat0812 ($4.52 in chips) 
Seat 9: Almanza63 ($7.92 in chips) 
Almanza63: posts small blind $0.02
kataribekatari: posts big blind $0.05
*** HOLE CARDS ***
Dealt to Dorex2007 [9c 3c]
RMAMA1953: folds 
Dorex2007: folds 
linoaspoker: folds 
yur4ik777: raises $0.12 to $0.17
chukdadd: calls $0.17
FACCHETADE$: calls $0.17
BlackCat0812: folds 
Almanza63: folds 
kataribekatari: folds 
*** FLOP *** [Th Td 6h]
yur4ik777: bets $0.35
chukdadd: calls $0.35
FACCHETADE$: folds 
*** TURN *** [Th Td 6h] [6s]
yur4ik777: bets $0.76
chukdadd: calls $0.76
*** RIVER *** [Th Td 6h 6s] [Qs]
yur4ik777: checks 
chukdadd: bets $1.95
yur4ik777: folds 
Uncalled bet ($1.95) returned to chukdadd
chukdadd collected $2.68 from pot
chukdadd: doesn't show hand 
*** SUMMARY ***
Total pot $2.80 | Rake $0.12 
Board [Th Td 6h 6s Qs]
Seat 1: kataribekatari (big blind) folded before Flop
Seat 2: RMAMA1953 folded before Flop (didn't bet)
Seat 3: Dorex2007 folded before Flop (didn't bet)
Seat 4: linoaspoker folded before Flop (didn't bet)
Seat 5: yur4ik777 folded on the River
Seat 6: chukdadd collected ($2.68)
Seat 7: FACCHETADE$ folded on the Flop
Seat 8: BlackCat0812 (button) folded before Flop (didn't bet)
Seat 9: Almanza63 (small blind) folded before Flop



PokerStars Hand #238763319357:  Hold'em No Limit ($0.02/$0.05 USD) - 2022/09/20 20:33:47 PT [2022/09/20 23:33:47 ET]
Table 'Aesculapia III' 9-max Seat #9 is the button
Seat 1: kataribekatari ($5.02 in chips) 
Seat 2: RMAMA1953 ($4.43 in chips) 
Seat 3: Dorex2007 ($6.88 in chips) 
Seat 4: linoaspoker ($2.83 in chips) 
Seat 5: yur4ik777 ($9.72 in chips) 
Seat 6: chukdadd ($5.90 in chips) 
Seat 7: FACCHETADE$ ($6.23 in chips) 
Seat 8: BlackCat0812 ($4.52 in chips) 
Seat 9: Almanza63 ($7.90 in chips) 
kataribekatari: posts small blind $0.02
RMAMA1953: posts big blind $0.05
*** HOLE CARDS ***
Dealt to Dorex2007 [Kd Js]
Dorex2007: folds 
linoaspoker: folds 
yur4ik777: folds 
chukdadd: folds 
FACCHETADE$: folds 
BlackCat0812: folds 
Almanza63: folds 
kataribekatari: folds 
Uncalled bet ($0.03) returned to RMAMA1953
RMAMA1953 collected $0.04 from pot
RMAMA1953: doesn't show hand 
*** SUMMARY ***
Total pot $0.04 | Rake $0 
Seat 1: kataribekatari (small blind) folded before Flop
Seat 2: RMAMA1953 (big blind) collected ($0.04)
Seat 3: Dorex2007 folded before Flop (didn't bet)
Seat 4: linoaspoker folded before Flop (didn't bet)
Seat 5: yur4ik777 folded before Flop (didn't bet)
Seat 6: chukdadd folded before Flop (didn't bet)
Seat 7: FACCHETADE$ folded before Flop (didn't bet)
Seat 8: BlackCat0812 folded before Flop (didn't bet)
Seat 9: Almanza63 (button) folded before Flop (didn't bet)



PokerStars Hand #238763321338:  Hold'em No Limit ($0.02/$0.05 USD) - 2022/09/20 20:34:01 PT [2022/09/20 23:34:01 ET]
Table 'Aesculapia III' 9-max Seat #1 is the button
Seat 1: kataribekatari ($5 in chips) 
Seat 2: RMAMA1953 ($4.45 in chips) 
Seat 3: Dorex2007 ($6.88 in chips) 
Seat 4: linoaspoker ($2.83 in chips) 
Seat 5: yur4ik777 ($9.72 in chips) 
Seat 6: chukdadd ($5.90 in chips) 
Seat 7: FACCHETADE$ ($6.23 in chips) 
Seat 8: BlackCat0812 ($4.52 in chips) 
Seat 9: Almanza63 ($7.90 in chips) 
RMAMA1953: posts small blind $0.02
Dorex2007: posts big blind $0.05
*** HOLE CARDS ***
Dealt to Dorex2007 [Qc Kd]
linoaspoker: folds 
yur4ik777: folds 
chukdadd: raises $0.10 to $0.15
FACCHETADE$: folds 
BlackCat0812: folds 
Almanza63: folds 
kataribekatari: calls $0.15
RMAMA1953: calls $0.13
Dorex2007: calls $0.10
*** FLOP *** [8c 5c 2h]
RMAMA1953: checks 
Dorex2007: checks 
chukdadd: checks 
kataribekatari: checks 
*** TURN *** [8c 5c 2h] [5h]
RMAMA1953: checks 
Dorex2007: checks 
chukdadd: bets $0.30
kataribekatari: folds 
RMAMA1953: folds 
Dorex2007: folds 
Uncalled bet ($0.30) returned to chukdadd
chukdadd collected $0.58 from pot
*** SUMMARY ***
Total pot $0.60 | Rake $0.02 
Board [8c 5c 2h 5h]
Seat 1: kataribekatari (button) folded on the Turn
Seat 2: RMAMA1953 (small blind) folded on the Turn
Seat 3: Dorex2007 (big blind) folded on the Turn
Seat 4: linoaspoker folded before Flop (didn't bet)
Seat 5: yur4ik777 folded before Flop (didn't bet)
Seat 6: chukdadd collected ($0.58)
Seat 7: FACCHETADE$ folded before Flop (didn't bet)
Seat 8: BlackCat0812 folded before Flop (didn't bet)
Seat 9: Almanza63 folded before Flop (didn't bet)



PokerStars Hand #238763331685:  Hold'em No Limit ($0.02/$0.05 USD) - 2022/09/20 20:35:15 PT [2022/09/20 23:35:15 ET]
Table 'Aesculapia III' 9-max Seat #2 is the button
Seat 1: kataribekatari ($4.85 in chips) 
Seat 2: RMAMA1953 ($4.30 in chips) 
Seat 3: Dorex2007 ($6.73 in chips) 
Seat 4: linoaspoker ($2.83 in chips) 
Seat 5: yur4ik777 ($9.72 in chips) 
Seat 6: chukdadd ($6.33 in chips) 
Seat 7: FACCHETADE$ ($6.23 in chips) 
Seat 8: BlackCat0812 ($4.52 in chips) 
Seat 9: Almanza63 ($7.90 in chips) 
Dorex2007: posts small blind $0.02
linoaspoker: posts big blind $0.05
*** HOLE CARDS ***
Dealt to Dorex2007 [As 8c]
yur4ik777: folds 
chukdadd: folds 
FACCHETADE$: folds 
BlackCat0812: calls $0.05
Almanza63: folds 
kataribekatari: folds 
RMAMA1953: folds 
Dorex2007: calls $0.03
linoaspoker: checks 
*** FLOP *** [3h Ac 2h]
Dorex2007: checks 
linoaspoker: checks 
BlackCat0812: bets $0.15
Dorex2007: calls $0.15
linoaspoker: folds 
*** TURN *** [3h Ac 2h] [Tc]
Dorex2007: checks 
BlackCat0812: checks 
*** RIVER *** [3h Ac 2h Tc] [Td]
Dorex2007: bets $0.29
BlackCat0812: raises $0.29 to $0.58
Dorex2007: calls $0.29
*** SHOW DOWN ***
BlackCat0812: shows [Kh Th] (three of a kind, Tens)
Dorex2007: mucks hand 
BlackCat0812 collected $1.54 from pot
*** SUMMARY ***
Total pot $1.61 | Rake $0.07 
Board [3h Ac 2h Tc Td]
Seat 1: kataribekatari folded before Flop (didn't bet)
Seat 2: RMAMA1953 (button) folded before Flop (didn't bet)
Seat 3: Dorex2007 (small blind) mucked [As 8c]
Seat 4: linoaspoker (big blind) folded on the Flop
Seat 5: yur4ik777 folded before Flop (didn't bet)
Seat 6: chukdadd folded before Flop (didn't bet)
Seat 7: FACCHETADE$ folded before Flop (didn't bet)
Seat 8: BlackCat0812 showed [Kh Th] and won ($1.54) with three of a kind, Tens
Seat 9: Almanza63 folded before Flop (didn't bet)



PokerStars Hand #238763337721:  Hold'em No Limit ($0.02/$0.05 USD) - 2022/09/20 20:35:58 PT [2022/09/20 23:35:58 ET]
Table 'Aesculapia III' 9-max Seat #3 is the button
Seat 1: kataribekatari ($4.85 in chips) 
Seat 2: RMAMA1953 ($4.30 in chips) 
Seat 3: Dorex2007 ($5.95 in chips) 
Seat 4: linoaspoker ($2.78 in chips) 
Seat 5: yur4ik777 ($9.72 in chips) 
Seat 6: chukdadd ($6.33 in chips) 
Seat 7: FACCHETADE$ ($6.23 in chips) 
Seat 8: BlackCat0812 ($5.28 in chips) 
Seat 9: Almanza63 ($7.90 in chips) 
linoaspoker: posts small blind $0.02
yur4ik777: posts big blind $0.05
*** HOLE CARDS ***
Dealt to Dorex2007 [8c 5d]
chukdadd: folds 
FACCHETADE$: folds 
BlackCat0812: folds 
Almanza63: folds 
kataribekatari: folds 
RMAMA1953: folds 
Dorex2007: folds 
linoaspoker: folds 
Uncalled bet ($0.03) returned to yur4ik777
yur4ik777 collected $0.04 from pot
yur4ik777: doesn't show hand 
*** SUMMARY ***
Total pot $0.04 | Rake $0 
Seat 1: kataribekatari folded before Flop (didn't bet)
Seat 2: RMAMA1953 folded before Flop (didn't bet)
Seat 3: Dorex2007 (button) folded before Flop (didn't bet)
Seat 4: linoaspoker (small blind) folded before Flop
Seat 5: yur4ik777 (big blind) collected ($0.04)
Seat 6: chukdadd folded before Flop (didn't bet)
Seat 7: FACCHETADE$ folded before Flop (didn't bet)
Seat 8: BlackCat0812 folded before Flop (didn't bet)
Seat 9: Almanza63 folded before Flop (didn't bet)



PokerStars Hand #238763340577:  Hold'em No Limit ($0.02/$0.05 USD) - 2022/09/20 20:36:18 PT [2022/09/20 23:36:18 ET]
Table 'Aesculapia III' 9-max Seat #4 is the button
Seat 1: kataribekatari ($4.85 in chips) 
Seat 2: RMAMA1953 ($4.30 in chips) 
Seat 3: Dorex2007 ($5.95 in chips) 
Seat 4: linoaspoker ($2.76 in chips) 
Seat 5: yur4ik777 ($9.74 in chips) 
Seat 6: chukdadd ($6.33 in chips) 
Seat 7: FACCHETADE$ ($6.23 in chips) 
Seat 8: BlackCat0812 ($5.28 in chips) 
Seat 9: Almanza63 ($7.90 in chips) 
yur4ik777: posts small blind $0.02
chukdadd: posts big blind $0.05
*** HOLE CARDS ***
Dealt to Dorex2007 [Ac 4h]
FACCHETADE$: folds 
BlackCat0812: folds 
Almanza63: folds 
kataribekatari: folds 
RMAMA1953: folds 
Dorex2007: folds 
linoaspoker: raises $0.10 to $0.15
yur4ik777: raises $0.45 to $0.60
chukdadd: folds 
linoaspoker: folds 
Uncalled bet ($0.45) returned to yur4ik777
yur4ik777 collected $0.35 from pot
yur4ik777: doesn't show hand 
*** SUMMARY ***
Total pot $0.35 | Rake $0 
Seat 1: kataribekatari folded before Flop (didn't bet)
Seat 2: RMAMA1953 folded before Flop (didn't bet)
Seat 3: Dorex2007 folded before Flop (didn't bet)
Seat 4: linoaspoker (button) folded before Flop
Seat 5: yur4ik777 (small blind) collected ($0.35)
Seat 6: chukdadd (big blind) folded before Flop
Seat 7: FACCHETADE$ folded before Flop (didn't bet)
Seat 8: BlackCat0812 folded before Flop (didn't bet)
Seat 9: Almanza63 folded before Flop (didn't bet)



PokerStars Hand #238763346341:  Hold'em No Limit ($0.02/$0.05 USD) - 2022/09/20 20:36:59 PT [2022/09/20 23:36:59 ET]
Table 'Aesculapia III' 9-max Seat #5 is the button
Seat 1: kataribekatari ($4.85 in chips) 
Seat 2: RMAMA1953 ($4.30 in chips) 
Seat 3: Dorex2007 ($5.95 in chips) 
Seat 4: linoaspoker ($2.61 in chips) 
Seat 5: yur4ik777 ($9.94 in chips) 
Seat 6: chukdadd ($6.28 in chips) 
Seat 7: FACCHETADE$ ($6.23 in chips) 
Seat 8: BlackCat0812 ($5.28 in chips) 
Seat 9: Almanza63 ($7.90 in chips) 
chukdadd: posts small blind $0.02
FACCHETADE$: posts big blind $0.05
*** HOLE CARDS ***
Dealt to Dorex2007 [Jc 5s]
BlackCat0812: folds 
Almanza63: folds 
kataribekatari: folds 
RMAMA1953: folds 
Dorex2007: folds 
linoaspoker: folds 
yur4ik777: folds 
chukdadd: folds 
Uncalled bet ($0.03) returned to FACCHETADE$
FACCHETADE$ collected $0.04 from pot
*** SUMMARY ***
Total pot $0.04 | Rake $0 
Seat 1: kataribekatari folded before Flop (didn't bet)
Seat 2: RMAMA1953 folded before Flop (didn't bet)
Seat 3: Dorex2007 folded before Flop (didn't bet)
Seat 4: linoaspoker folded before Flop (didn't bet)
Seat 5: yur4ik777 (button) folded before Flop (didn't bet)
Seat 6: chukdadd (small blind) folded before Flop
Seat 7: FACCHETADE$ (big blind) collected ($0.04)
Seat 8: BlackCat0812 folded before Flop (didn't bet)
Seat 9: Almanza63 folded before Flop (didn't bet)



PokerStars Hand #238763349559:  Hold'em No Limit ($0.02/$0.05 USD) - 2022/09/20 20:37:23 PT [2022/09/20 23:37:23 ET]
Table 'Aesculapia III' 9-max Seat #6 is the button
Seat 1: kataribekatari ($4.85 in chips) 
Seat 2: RMAMA1953 ($4.30 in chips) 
Seat 3: Dorex2007 ($5.95 in chips) 
Seat 4: linoaspoker ($2.61 in chips) 
Seat 5: yur4ik777 ($9.94 in chips) 
Seat 6: chukdadd ($6.26 in chips) 
Seat 7: FACCHETADE$ ($6.25 in chips) 
Seat 8: BlackCat0812 ($5.28 in chips) 
Seat 9: Almanza63 ($7.90 in chips) 
FACCHETADE$: posts small blind $0.02
BlackCat0812: posts big blind $0.05
*** HOLE CARDS ***
Dealt to Dorex2007 [2h 2c]
Almanza63: folds 
kataribekatari: folds 
RMAMA1953: folds 
Dorex2007: folds 
linoaspoker: folds 
yur4ik777: folds 
chukdadd: raises $0.10 to $0.15
FACCHETADE$: calls $0.13
BlackCat0812: folds 
*** FLOP *** [4c 8s Kh]
FACCHETADE$: checks 
chukdadd: bets $0.15
FACCHETADE$: folds 
Uncalled bet ($0.15) returned to chukdadd
chukdadd collected $0.34 from pot
chukdadd: doesn't show hand 
*** SUMMARY ***
Total pot $0.35 | Rake $0.01 
Board [4c 8s Kh]
Seat 1: kataribekatari folded before Flop (didn't bet)
Seat 2: RMAMA1953 folded before Flop (didn't bet)
Seat 3: Dorex2007 folded before Flop (didn't bet)
Seat 4: linoaspoker folded before Flop (didn't bet)
Seat 5: yur4ik777 folded before Flop (didn't bet)
Seat 6: chukdadd (button) collected ($0.34)
Seat 7: FACCHETADE$ (small blind) folded on the Flop
Seat 8: BlackCat0812 (big blind) folded before Flop
Seat 9: Almanza63 folded before Flop (didn't bet)



PokerStars Hand #238763354896:  Hold'em No Limit ($0.02/$0.05 USD) - 2022/09/20 20:38:02 PT [2022/09/20 23:38:02 ET]
Table 'Aesculapia III' 9-max Seat #7 is the button
Seat 1: kataribekatari ($4.85 in chips) 
Seat 2: RMAMA1953 ($4.30 in chips) 
Seat 3: Dorex2007 ($5.95 in chips) 
Seat 4: linoaspoker ($2.61 in chips) 
Seat 5: yur4ik777 ($9.94 in chips) 
Seat 6: chukdadd ($6.45 in chips) 
Seat 7: FACCHETADE$ ($6.10 in chips) 
Seat 8: BlackCat0812 ($5.23 in chips) 
Seat 9: Almanza63 ($7.90 in chips) 
BlackCat0812: posts small blind $0.02
Almanza63: posts big blind $0.05
*** HOLE CARDS ***
Dealt to Dorex2007 [Js Jc]
kataribekatari: folds 
RMAMA1953: folds 
Dorex2007: raises $0.10 to $0.15
linoaspoker: folds 
yur4ik777: folds 
chukdadd: raises $0.40 to $0.55
FACCHETADE$: folds 
BlackCat0812: folds 
Almanza63: folds 
Dorex2007: raises $5.40 to $5.95 and is all-in
chukdadd: calls $5.40
Dorex2007 has timed out
*** FLOP *** [3d Qs 4d]
*** TURN *** [3d Qs 4d] [Qh]
*** RIVER *** [3d Qs 4d Qh] [3s]
*** SHOW DOWN ***
Dorex2007: shows [Js Jc] (two pair, Queens and Jacks)
chukdadd: shows [As Ah] (two pair, Aces and Queens)
chukdadd collected $11.47 from pot
*** SUMMARY ***
Total pot $11.97 | Rake $0.50 
Board [3d Qs 4d Qh 3s]
Seat 1: kataribekatari folded before Flop (didn't bet)
Seat 2: RMAMA1953 folded before Flop (didn't bet)
Seat 3: Dorex2007 showed [Js Jc] and lost with two pair, Queens and Jacks
Seat 4: linoaspoker folded before Flop (didn't bet)
Seat 5: yur4ik777 folded before Flop (didn't bet)
Seat 6: chukdadd showed [As Ah] and won ($11.47) with two pair, Aces and Queens
Seat 7: FACCHETADE$ (button) folded before Flop (didn't bet)
Seat 8: BlackCat0812 (small blind) folded before Flop
Seat 9: Almanza63 (big blind) folded before Flop



PokerStars Hand #238763362678:  Hold'em No Limit ($0.02/$0.05 USD) - 2022/09/20 20:38:58 PT [2022/09/20 23:38:58 ET]
Table 'Aesculapia III' 9-max Seat #8 is the button
Seat 1: kataribekatari ($4.85 in chips) 
Seat 2: RMAMA1953 ($4.30 in chips) 
Seat 3: Dorex2007 ($5 in chips) 
Seat 4: linoaspoker ($2.61 in chips) 
Seat 5: yur4ik777 ($9.94 in chips) 
Seat 6: chukdadd ($11.97 in chips) 
Seat 7: FACCHETADE$ ($6.10 in chips) 
Seat 8: BlackCat0812 ($5.21 in chips) 
Seat 9: Almanza63 ($7.85 in chips) 
Almanza63: posts small blind $0.02
kataribekatari: posts big blind $0.05
*** HOLE CARDS ***
Dealt to Dorex2007 [6s Jh]
RMAMA1953: folds 
Dorex2007: folds 
linoaspoker: folds 
yur4ik777: folds 
chukdadd: raises $0.10 to $0.15
FACCHETADE$: folds 
BlackCat0812: folds 
Almanza63: folds 
kataribekatari: calls $0.10
*** FLOP *** [3d 4s 9c]
kataribekatari: checks 
chukdadd: bets $0.15
kataribekatari: calls $0.15
*** TURN *** [3d 4s 9c] [3c]
kataribekatari: checks 
chukdadd: bets $0.75
kataribekatari: raises $1 to $1.75
chukdadd: calls $1
*** RIVER *** [3d 4s 9c 3c] [Jc]
kataribekatari: checks 
chukdadd: checks 
*** SHOW DOWN ***
kataribekatari: shows [6d 8c] (a pair of Threes)
chukdadd: shows [9d Ks] (two pair, Nines and Threes)
chukdadd collected $3.95 from pot
*** SUMMARY ***
Total pot $4.12 | Rake $0.17 
Board [3d 4s 9c 3c Jc]
Seat 1: kataribekatari (big blind) showed [6d 8c] and lost with a pair of Threes
Seat 2: RMAMA1953 folded before Flop (didn't bet)
Seat 3: Dorex2007 folded before Flop (didn't bet)
Seat 4: linoaspoker folded before Flop (didn't bet)
Seat 5: yur4ik777 folded before Flop (didn't bet)
Seat 6: chukdadd showed [9d Ks] and won ($3.95) with two pair, Nines and Threes
Seat 7: FACCHETADE$ folded before Flop (didn't bet)
Seat 8: BlackCat0812 (button) folded before Flop (didn't bet)
Seat 9: Almanza63 (small blind) folded before Flop



PokerStars Hand #238763384036:  Hold'em No Limit ($0.02/$0.05 USD) - 2022/09/20 20:41:33 PT [2022/09/20 23:41:33 ET]
Table 'Aesculapia III' 9-max Seat #9 is the button
Seat 1: kataribekatari ($2.80 in chips) 
Seat 2: RMAMA1953 ($4.30 in chips) 
Seat 3: Dorex2007 ($5 in chips) 
Seat 4: linoaspoker ($2.61 in chips) 
Seat 5: yur4ik777 ($9.94 in chips) 
Seat 6: chukdadd ($13.87 in chips) 
Seat 7: FACCHETADE$ ($6.10 in chips) 
Seat 8: BlackCat0812 ($5.21 in chips) 
Seat 9: Almanza63 ($7.83 in chips) 
kataribekatari: posts small blind $0.02
RMAMA1953: posts big blind $0.05
*** HOLE CARDS ***
Dealt to Dorex2007 [6d 4s]
Dorex2007: folds 
linoaspoker: calls $0.05
yur4ik777: folds 
chukdadd: folds 
FACCHETADE$: raises $0.05 to $0.10
BlackCat0812: folds 
Almanza63: raises $0.05 to $0.15
kataribekatari: calls $0.13
RMAMA1953: calls $0.10
linoaspoker: calls $0.10
FACCHETADE$: calls $0.05
*** FLOP *** [9h 5c Ts]
kataribekatari: checks 
RMAMA1953: checks 
linoaspoker: checks 
FACCHETADE$: checks 
Almanza63: checks 
*** TURN *** [9h 5c Ts] [3c]
kataribekatari: bets $0.36
RMAMA1953: calls $0.36
linoaspoker: folds 
FACCHETADE$: folds 
Almanza63: folds 
*** RIVER *** [9h 5c Ts 3c] [Ks]
kataribekatari: bets $0.70
RMAMA1953: folds 
Uncalled bet ($0.70) returned to kataribekatari
kataribekatari collected $1.41 from pot
kataribekatari: doesn't show hand 
*** SUMMARY ***
Total pot $1.47 | Rake $0.06 
Board [9h 5c Ts 3c Ks]
Seat 1: kataribekatari (small blind) collected ($1.41)
Seat 2: RMAMA1953 (big blind) folded on the River
Seat 3: Dorex2007 folded before Flop (didn't bet)
Seat 4: linoaspoker folded on the Turn
Seat 5: yur4ik777 folded before Flop (didn't bet)
Seat 6: chukdadd folded before Flop (didn't bet)
Seat 7: FACCHETADE$ folded on the Turn
Seat 8: BlackCat0812 folded before Flop (didn't bet)
Seat 9: Almanza63 (button) folded on the Turn



PokerStars Hand #238763400665:  Hold'em No Limit ($0.02/$0.05 USD) - 2022/09/20 20:43:36 PT [2022/09/20 23:43:36 ET]
Table 'Aesculapia III' 9-max Seat #1 is the button
Seat 1: kataribekatari ($5 in chips) 
Seat 2: RMAMA1953 ($3.79 in chips) 
Seat 3: Dorex2007 ($5 in chips) 
Seat 4: linoaspoker ($2.46 in chips) 
Seat 5: yur4ik777 ($9.94 in chips) 
Seat 6: chukdadd ($13.87 in chips) 
Seat 7: FACCHETADE$ ($5.95 in chips) 
Seat 8: BlackCat0812 ($5.21 in chips) 
Seat 9: Almanza63 ($7.68 in chips) 
RMAMA1953: posts small blind $0.02
Dorex2007: posts big blind $0.05
*** HOLE CARDS ***
Dealt to Dorex2007 [Qd 8h]
linoaspoker: calls $0.05
yur4ik777: folds 
chukdadd: folds 
FACCHETADE$: folds 
BlackCat0812: calls $0.05
Almanza63: folds 
kataribekatari: folds 
RMAMA1953: calls $0.03
Dorex2007: checks 
*** FLOP *** [Ac 2h Kd]
RMAMA1953: checks 
Dorex2007: checks 
linoaspoker: bets $0.15
BlackCat0812: folds 
RMAMA1953: folds 
Dorex2007: folds 
Uncalled bet ($0.15) returned to linoaspoker
linoaspoker collected $0.19 from pot
linoaspoker: doesn't show hand 
*** SUMMARY ***
Total pot $0.20 | Rake $0.01 
Board [Ac 2h Kd]
Seat 1: kataribekatari (button) folded before Flop (didn't bet)
Seat 2: RMAMA1953 (small blind) folded on the Flop
Seat 3: Dorex2007 (big blind) folded on the Flop
Seat 4: linoaspoker collected ($0.19)
Seat 5: yur4ik777 folded before Flop (didn't bet)
Seat 6: chukdadd folded before Flop (didn't bet)
Seat 7: FACCHETADE$ folded before Flop (didn't bet)
Seat 8: BlackCat0812 folded on the Flop
Seat 9: Almanza63 folded before Flop (didn't bet)



PokerStars Hand #238763405786:  Hold'em No Limit ($0.02/$0.05 USD) - 2022/09/20 20:44:14 PT [2022/09/20 23:44:14 ET]
Table 'Aesculapia III' 9-max Seat #2 is the button
Seat 1: kataribekatari ($5 in chips) 
Seat 2: RMAMA1953 ($3.74 in chips) 
Seat 3: Dorex2007 ($5 in chips) 
Seat 4: linoaspoker ($2.60 in chips) 
Seat 5: yur4ik777 ($9.94 in chips) 
Seat 6: chukdadd ($13.87 in chips) 
Seat 7: FACCHETADE$ ($5.95 in chips) 
Seat 8: BlackCat0812 ($5.16 in chips) 
Seat 9: Almanza63 ($7.68 in chips) 
Dorex2007: posts small blind $0.02
linoaspoker: posts big blind $0.05
*** HOLE CARDS ***
Dealt to Dorex2007 [6h 9c]
yur4ik777: folds 
chukdadd: folds 
FACCHETADE$: folds 
BlackCat0812: folds 
Almanza63: folds 
kataribekatari: folds 
RMAMA1953: folds 
Dorex2007: folds 
Uncalled bet ($0.03) returned to linoaspoker
linoaspoker collected $0.04 from pot
linoaspoker: doesn't show hand 
*** SUMMARY ***
Total pot $0.04 | Rake $0 
Seat 1: kataribekatari folded before Flop (didn't bet)
Seat 2: RMAMA1953 (button) folded before Flop (didn't bet)
Seat 3: Dorex2007 (small blind) folded before Flop
Seat 4: linoaspoker (big blind) collected ($0.04)
Seat 5: yur4ik777 folded before Flop (didn't bet)
Seat 6: chukdadd folded before Flop (didn't bet)
Seat 7: FACCHETADE$ folded before Flop (didn't bet)
Seat 8: BlackCat0812 folded before Flop (didn't bet)
Seat 9: Almanza63 folded before Flop (didn't bet)



PokerStars Hand #238763409314:  Hold'em No Limit ($0.02/$0.05 USD) - 2022/09/20 20:44:40 PT [2022/09/20 23:44:40 ET]
Table 'Aesculapia III' 9-max Seat #3 is the button
Seat 1: kataribekatari ($5 in chips) 
Seat 2: RMAMA1953 ($3.74 in chips) 
Seat 3: Dorex2007 ($5 in chips) 
Seat 4: linoaspoker ($2.62 in chips) 
Seat 5: yur4ik777 ($9.94 in chips) 
Seat 6: chukdadd ($13.87 in chips) 
Seat 7: FACCHETADE$ ($5.95 in chips) 
Seat 8: BlackCat0812 ($5.16 in chips) 
Seat 9: Almanza63 ($7.68 in chips) 
linoaspoker: posts small blind $0.02
yur4ik777: posts big blind $0.05
*** HOLE CARDS ***
Dealt to Dorex2007 [Ah 6c]
chukdadd: folds 
FACCHETADE$: folds 
BlackCat0812: folds 
Almanza63: folds 
kataribekatari: folds 
RMAMA1953: raises $0.07 to $0.12
Dorex2007: folds 
linoaspoker: folds 
yur4ik777: folds 
Uncalled bet ($0.07) returned to RMAMA1953
RMAMA1953 collected $0.12 from pot
RMAMA1953: doesn't show hand 
*** SUMMARY ***
Total pot $0.12 | Rake $0 
Seat 1: kataribekatari folded before Flop (didn't bet)
Seat 2: RMAMA1953 collected ($0.12)
Seat 3: Dorex2007 (button) folded before Flop (didn't bet)
Seat 4: linoaspoker (small blind) folded before Flop
Seat 5: yur4ik777 (big blind) folded before Flop
Seat 6: chukdadd folded before Flop (didn't bet)
Seat 7: FACCHETADE$ folded before Flop (didn't bet)
Seat 8: BlackCat0812 folded before Flop (didn't bet)
Seat 9: Almanza63 folded before Flop (didn't bet)



PokerStars Hand #238763413573:  Hold'em No Limit ($0.02/$0.05 USD) - 2022/09/20 20:45:11 PT [2022/09/20 23:45:11 ET]
Table 'Aesculapia III' 9-max Seat #4 is the button
Seat 1: kataribekatari ($5 in chips) 
Seat 2: RMAMA1953 ($3.81 in chips) 
Seat 3: Dorex2007 ($5 in chips) 
Seat 4: linoaspoker ($2.60 in chips) 
Seat 5: yur4ik777 ($9.89 in chips) 
Seat 6: chukdadd ($13.87 in chips) 
Seat 7: FACCHETADE$ ($5.95 in chips) 
Seat 8: BlackCat0812 ($5.16 in chips) 
Seat 9: Almanza63 ($7.68 in chips) 
yur4ik777: posts small blind $0.02
chukdadd: posts big blind $0.05
*** HOLE CARDS ***
Dealt to Dorex2007 [6s 9c]
FACCHETADE$: folds 
BlackCat0812: folds 
Almanza63: folds 
kataribekatari has timed out
kataribekatari: folds 
RMAMA1953: folds 
Dorex2007: folds 
linoaspoker: folds 
yur4ik777: folds 
Uncalled bet ($0.03) returned to chukdadd
chukdadd collected $0.04 from pot
chukdadd: doesn't show hand 
*** SUMMARY ***
Total pot $0.04 | Rake $0 
Seat 1: kataribekatari folded before Flop (didn't bet)
Seat 2: RMAMA1953 folded before Flop (didn't bet)
Seat 3: Dorex2007 folded before Flop (didn't bet)
Seat 4: linoaspoker (button) folded before Flop (didn't bet)
Seat 5: yur4ik777 (small blind) folded before Flop
Seat 6: chukdadd (big blind) collected ($0.04)
Seat 7: FACCHETADE$ folded before Flop (didn't bet)
Seat 8: BlackCat0812 folded before Flop (didn't bet)
Seat 9: Almanza63 folded before Flop (didn't bet)



PokerStars Hand #238763417245:  Hold'em No Limit ($0.02/$0.05 USD) - 2022/09/20 20:45:39 PT [2022/09/20 23:45:39 ET]
Table 'Aesculapia III' 9-max Seat #5 is the button
Seat 2: RMAMA1953 ($3.81 in chips) 
Seat 3: Dorex2007 ($5 in chips) 
Seat 4: linoaspoker ($2.60 in chips) 
Seat 5: yur4ik777 ($9.87 in chips) 
Seat 6: chukdadd ($13.89 in chips) 
Seat 7: FACCHETADE$ ($5.95 in chips) 
Seat 8: BlackCat0812 ($5.16 in chips) 
Seat 9: Almanza63 ($7.68 in chips) 
chukdadd: posts small blind $0.02
FACCHETADE$: posts big blind $0.05
*** HOLE CARDS ***
Dealt to Dorex2007 [3c 9s]
BlackCat0812: folds 
Almanza63: folds 
RMAMA1953: folds 
Dorex2007: folds 
linoaspoker: folds 
yur4ik777: folds 
chukdadd: raises $0.10 to $0.15
FACCHETADE$: calls $0.10
*** FLOP *** [Tc 8d 7h]
chukdadd: bets $0.19
FACCHETADE$: folds 
Uncalled bet ($0.19) returned to chukdadd
chukdadd collected $0.29 from pot
*** SUMMARY ***
Total pot $0.30 | Rake $0.01 
Board [Tc 8d 7h]
Seat 2: RMAMA1953 folded before Flop (didn't bet)
Seat 3: Dorex2007 folded before Flop (didn't bet)
Seat 4: linoaspoker folded before Flop (didn't bet)
Seat 5: yur4ik777 (button) folded before Flop (didn't bet)
Seat 6: chukdadd (small blind) collected ($0.29)
Seat 7: FACCHETADE$ (big blind) folded on the Flop
Seat 8: BlackCat0812 folded before Flop (didn't bet)
Seat 9: Almanza63 folded before Flop (didn't bet)



PokerStars Hand #238763422738:  Hold'em No Limit ($0.02/$0.05 USD) - 2022/09/20 20:46:19 PT [2022/09/20 23:46:19 ET]
Table 'Aesculapia III' 9-max Seat #6 is the button
Seat 1: kataribekatari ($5 in chips) 
Seat 2: RMAMA1953 ($3.81 in chips) 
Seat 3: Dorex2007 ($5 in chips) 
Seat 4: linoaspoker ($2.60 in chips) 
Seat 5: yur4ik777 ($9.87 in chips) 
Seat 6: chukdadd ($14.03 in chips) 
Seat 7: FACCHETADE$ ($5.80 in chips) 
Seat 8: BlackCat0812 ($5.16 in chips) 
Seat 9: Almanza63 ($7.68 in chips) 
FACCHETADE$: posts small blind $0.02
BlackCat0812: posts big blind $0.05
*** HOLE CARDS ***
Dealt to Dorex2007 [Qd 4s]
Almanza63: folds 
kataribekatari: raises $0.10 to $0.15
RMAMA1953: folds 
Dorex2007: folds 
linoaspoker: folds 
yur4ik777: folds 
chukdadd: folds 
FACCHETADE$: folds 
BlackCat0812: folds 
Uncalled bet ($0.10) returned to kataribekatari
kataribekatari collected $0.12 from pot
kataribekatari: doesn't show hand 
*** SUMMARY ***
Total pot $0.12 | Rake $0 
Seat 1: kataribekatari collected ($0.12)
Seat 2: RMAMA1953 folded before Flop (didn't bet)
Seat 3: Dorex2007 folded before Flop (didn't bet)
Seat 4: linoaspoker folded before Flop (didn't bet)
Seat 5: yur4ik777 folded before Flop (didn't bet)
Seat 6: chukdadd (button) folded before Flop (didn't bet)
Seat 7: FACCHETADE$ (small blind) folded before Flop
Seat 8: BlackCat0812 (big blind) folded before Flop
Seat 9: Almanza63 folded before Flop (didn't bet)



PokerStars Hand #238763426970:  Hold'em No Limit ($0.02/$0.05 USD) - 2022/09/20 20:46:50 PT [2022/09/20 23:46:50 ET]
Table 'Aesculapia III' 9-max Seat #7 is the button
Seat 1: kataribekatari ($5.07 in chips) 
Seat 2: RMAMA1953 ($3.81 in chips) 
Seat 3: Dorex2007 ($5 in chips) 
Seat 4: linoaspoker ($2.60 in chips) 
Seat 5: yur4ik777 ($9.87 in chips) 
Seat 6: chukdadd ($14.03 in chips) 
Seat 7: FACCHETADE$ ($5.78 in chips) 
Seat 8: BlackCat0812 ($5.11 in chips) 
Seat 9: Almanza63 ($7.68 in chips) 
BlackCat0812: posts small blind $0.02
Almanza63: posts big blind $0.05
*** HOLE CARDS ***
Dealt to Dorex2007 [6s 9d]
kataribekatari: folds 
RMAMA1953: folds 
Dorex2007: folds 
linoaspoker: folds 
yur4ik777: folds 
chukdadd: folds 
FACCHETADE$: folds 
BlackCat0812: folds 
Uncalled bet ($0.03) returned to Almanza63
Almanza63 collected $0.04 from pot
Almanza63: doesn't show hand 
*** SUMMARY ***
Total pot $0.04 | Rake $0 
Seat 1: kataribekatari folded before Flop (didn't bet)
Seat 2: RMAMA1953 folded before Flop (didn't bet)
Seat 3: Dorex2007 folded before Flop (didn't bet)
Seat 4: linoaspoker folded before Flop (didn't bet)
Seat 5: yur4ik777 folded before Flop (didn't bet)
Seat 6: chukdadd folded before Flop (didn't bet)
Seat 7: FACCHETADE$ (button) folded before Flop (didn't bet)
Seat 8: BlackCat0812 (small blind) folded before Flop
Seat 9: Almanza63 (big blind) collected ($0.04)



PokerStars Hand #238763429814:  Hold'em No Limit ($0.02/$0.05 USD) - 2022/09/20 20:47:11 PT [2022/09/20 23:47:11 ET]
Table 'Aesculapia III' 9-max Seat #8 is the button
Seat 1: kataribekatari ($5.07 in chips) 
Seat 2: RMAMA1953 ($3.81 in chips) 
Seat 3: Dorex2007 ($5 in chips) 
Seat 4: linoaspoker ($2.60 in chips) 
Seat 5: yur4ik777 ($9.87 in chips) 
Seat 6: chukdadd ($14.03 in chips) 
Seat 7: FACCHETADE$ ($5.78 in chips) 
Seat 8: BlackCat0812 ($5.09 in chips) 
Seat 9: Almanza63 ($7.70 in chips) 
Almanza63: posts small blind $0.02
kataribekatari: posts big blind $0.05
*** HOLE CARDS ***
Dealt to Dorex2007 [Ks 2s]
RMAMA1953: folds 
Dorex2007: folds 
linoaspoker: folds 
yur4ik777: folds 
chukdadd: folds 
FACCHETADE$: folds 
BlackCat0812: folds 
Almanza63: raises $0.10 to $0.15
kataribekatari: folds 
Uncalled bet ($0.10) returned to Almanza63
Almanza63 collected $0.10 from pot
Almanza63: doesn't show hand 
*** SUMMARY ***
Total pot $0.10 | Rake $0 
Seat 1: kataribekatari (big blind) folded before Flop
Seat 2: RMAMA1953 folded before Flop (didn't bet)
Seat 3: Dorex2007 folded before Flop (didn't bet)
Seat 4: linoaspoker folded before Flop (didn't bet)
Seat 5: yur4ik777 folded before Flop (didn't bet)
Seat 6: chukdadd folded before Flop (didn't bet)
Seat 7: FACCHETADE$ folded before Flop (didn't bet)
Seat 8: BlackCat0812 (button) folded before Flop (didn't bet)
Seat 9: Almanza63 (small blind) collected ($0.10)



PokerStars Hand #238763434124:  Hold'em No Limit ($0.02/$0.05 USD) - 2022/09/20 20:47:43 PT [2022/09/20 23:47:43 ET]
Table 'Aesculapia III' 9-max Seat #9 is the button
Seat 1: kataribekatari ($5.02 in chips) 
Seat 2: RMAMA1953 ($3.81 in chips) 
Seat 3: Dorex2007 ($5 in chips) 
Seat 4: linoaspoker ($2.60 in chips) 
Seat 5: yur4ik777 ($9.87 in chips) 
Seat 6: chukdadd ($14.03 in chips) 
Seat 7: FACCHETADE$ ($5.78 in chips) 
Seat 8: BlackCat0812 ($5.09 in chips) 
Seat 9: Almanza63 ($7.75 in chips) 
kataribekatari: posts small blind $0.02
RMAMA1953: posts big blind $0.05
*** HOLE CARDS ***
Dealt to Dorex2007 [Td 7h]
Dorex2007: folds 
linoaspoker: folds 
yur4ik777: folds 
chukdadd: raises $0.10 to $0.15
FACCHETADE$: calls $0.15
BlackCat0812: folds 
Almanza63: calls $0.15
kataribekatari: folds 
RMAMA1953: calls $0.10
*** FLOP *** [Qs Jc 8c]
RMAMA1953: checks 
chukdadd: bets $0.25
FACCHETADE$: raises $5.38 to $5.63 and is all-in
Almanza63: folds 
RMAMA1953: folds 
chukdadd: calls $5.38
*** TURN *** [Qs Jc 8c] [Kh]
*** RIVER *** [Qs Jc 8c Kh] [9d]
*** SHOW DOWN ***
chukdadd: shows [Tc Qc] (a straight, Nine to King)
FACCHETADE$: shows [Qd Jd] (two pair, Queens and Jacks)
chukdadd collected $11.39 from pot
*** SUMMARY ***
Total pot $11.88 | Rake $0.49 
Board [Qs Jc 8c Kh 9d]
Seat 1: kataribekatari (small blind) folded before Flop
Seat 2: RMAMA1953 (big blind) folded on the Flop
Seat 3: Dorex2007 folded before Flop (didn't bet)
Seat 4: linoaspoker folded before Flop (didn't bet)
Seat 5: yur4ik777 folded before Flop (didn't bet)
Seat 6: chukdadd showed [Tc Qc] and won ($11.39) with a straight, Nine to King
Seat 7: FACCHETADE$ showed [Qd Jd] and lost with two pair, Queens and Jacks
Seat 8: BlackCat0812 folded before Flop (didn't bet)
Seat 9: Almanza63 (button) folded on the Flop



PokerStars Hand #238763442952:  Hold'em No Limit ($0.02/$0.05 USD) - 2022/09/20 20:48:47 PT [2022/09/20 23:48:47 ET]
Table 'Aesculapia III' 9-max Seat #1 is the button
Seat 1: kataribekatari ($5 in chips) 
Seat 2: RMAMA1953 ($3.66 in chips) 
Seat 3: Dorex2007 ($5 in chips) 
Seat 4: linoaspoker ($2.60 in chips) 
Seat 5: yur4ik777 ($9.87 in chips) 
Seat 6: chukdadd ($19.64 in chips) 
Seat 8: BlackCat0812 ($5.09 in chips) 
Seat 9: Almanza63 ($7.60 in chips) 
RMAMA1953: posts small blind $0.02
Dorex2007: posts big blind $0.05
*** HOLE CARDS ***
Dealt to Dorex2007 [Js 5c]
linoaspoker: folds 
yur4ik777: raises $0.12 to $0.17
chukdadd: folds 
BlackCat0812: folds 
Almanza63: folds 
kataribekatari: calls $0.17
RMAMA1953: folds 
Dorex2007: folds 
*** FLOP *** [7h 2s 5s]
yur4ik777: bets $0.39
kataribekatari: calls $0.39
*** TURN *** [7h 2s 5s] [7c]
yur4ik777: bets $0.71
kataribekatari: calls $0.71
*** RIVER *** [7h 2s 5s 7c] [Kc]
yur4ik777: bets $1.40
kataribekatari: calls $1.40
*** SHOW DOWN ***
yur4ik777: shows [9d 9c] (two pair, Nines and Sevens)
kataribekatari: mucks hand 
yur4ik777 collected $5.19 from pot
*** SUMMARY ***
Total pot $5.41 | Rake $0.22 
Board [7h 2s 5s 7c Kc]
Seat 1: kataribekatari (button) mucked [6c 6s]
Seat 2: RMAMA1953 (small blind) folded before Flop
Seat 3: Dorex2007 (big blind) folded before Flop
Seat 4: linoaspoker folded before Flop (didn't bet)
Seat 5: yur4ik777 showed [9d 9c] and won ($5.19) with two pair, Nines and Sevens
Seat 6: chukdadd folded before Flop (didn't bet)
Seat 8: BlackCat0812 folded before Flop (didn't bet)
Seat 9: Almanza63 folded before Flop (didn't bet)



PokerStars Hand #238763454153:  Hold'em No Limit ($0.02/$0.05 USD) - 2022/09/20 20:50:08 PT [2022/09/20 23:50:08 ET]
Table 'Aesculapia III' 9-max Seat #2 is the button
Seat 1: kataribekatari ($2.33 in chips) 
Seat 2: RMAMA1953 ($3.64 in chips) 
Seat 3: Dorex2007 ($5 in chips) 
Seat 4: linoaspoker ($2.60 in chips) 
Seat 5: yur4ik777 ($12.39 in chips) 
Seat 6: chukdadd ($19.64 in chips) 
Seat 8: BlackCat0812 ($5.09 in chips) 
Seat 9: Almanza63 ($7.60 in chips) 
Dorex2007: posts small blind $0.02
linoaspoker: posts big blind $0.05
*** HOLE CARDS ***
Dealt to Dorex2007 [7c 4h]
yur4ik777: folds 
chukdadd: folds 
BlackCat0812: folds 
Almanza63: folds 
kataribekatari: raises $0.10 to $0.15
RMAMA1953: calls $0.15
Dorex2007: folds 
linoaspoker: calls $0.10
*** FLOP *** [7s 5s 3s]
linoaspoker: checks 
kataribekatari: checks 
RMAMA1953: checks 
*** TURN *** [7s 5s 3s] [8d]
linoaspoker: bets $0.30
kataribekatari: folds 
RMAMA1953: folds 
Uncalled bet ($0.30) returned to linoaspoker
linoaspoker collected $0.45 from pot
linoaspoker: doesn't show hand 
*** SUMMARY ***
Total pot $0.47 | Rake $0.02 
Board [7s 5s 3s 8d]
Seat 1: kataribekatari folded on the Turn
Seat 2: RMAMA1953 (button) folded on the Turn
Seat 3: Dorex2007 (small blind) folded before Flop
Seat 4: linoaspoker (big blind) collected ($0.45)
Seat 5: yur4ik777 folded before Flop (didn't bet)
Seat 6: chukdadd folded before Flop (didn't bet)
Seat 8: BlackCat0812 folded before Flop (didn't bet)
Seat 9: Almanza63 folded before Flop (didn't bet)



PokerStars Hand #238763462711:  Hold'em No Limit ($0.02/$0.05 USD) - 2022/09/20 20:51:12 PT [2022/09/20 23:51:12 ET]
Table 'Aesculapia III' 9-max Seat #3 is the button
Seat 1: kataribekatari ($4.85 in chips) 
Seat 2: RMAMA1953 ($3.49 in chips) 
Seat 3: Dorex2007 ($5 in chips) 
Seat 4: linoaspoker ($2.90 in chips) 
Seat 5: yur4ik777 ($12.39 in chips) 
Seat 6: chukdadd ($19.64 in chips) 
Seat 8: BlackCat0812 ($5.09 in chips) 
Seat 9: Almanza63 ($7.60 in chips) 
linoaspoker: posts small blind $0.02
yur4ik777: posts big blind $0.05
*** HOLE CARDS ***
Dealt to Dorex2007 [Ts Th]
chukdadd: folds 
BlackCat0812: folds 
Almanza63: folds 
kataribekatari: raises $0.10 to $0.15
RMAMA1953: folds 
Dorex2007: calls $0.15
linoaspoker: folds 
yur4ik777: folds 
*** FLOP *** [Kh 4h Kc]
kataribekatari: bets $0.17
Dorex2007: calls $0.17
*** TURN *** [Kh 4h Kc] [5s]
kataribekatari: checks 
Dorex2007: checks 
*** RIVER *** [Kh 4h Kc 5s] [5d]
kataribekatari: checks 
Dorex2007: checks 
*** SHOW DOWN ***
kataribekatari: shows [Qh Ac] (two pair, Kings and Fives)
Dorex2007: shows [Ts Th] (two pair, Kings and Tens)
Dorex2007 collected $0.68 from pot
*** SUMMARY ***
Total pot $0.71 | Rake $0.03 
Board [Kh 4h Kc 5s 5d]
Seat 1: kataribekatari showed [Qh Ac] and lost with two pair, Kings and Fives
Seat 2: RMAMA1953 folded before Flop (didn't bet)
Seat 3: Dorex2007 (button) showed [Ts Th] and won ($0.68) with two pair, Kings and Tens
Seat 4: linoaspoker (small blind) folded before Flop
Seat 5: yur4ik777 (big blind) folded before Flop
Seat 6: chukdadd folded before Flop (didn't bet)
Seat 8: BlackCat0812 folded before Flop (didn't bet)
Seat 9: Almanza63 folded before Flop (didn't bet)



PokerStars Hand #238763469442:  Hold'em No Limit ($0.02/$0.05 USD) - 2022/09/20 20:52:02 PT [2022/09/20 23:52:02 ET]
Table 'Aesculapia III' 9-max Seat #4 is the button
Seat 1: kataribekatari ($4.53 in chips) 
Seat 2: RMAMA1953 ($3.49 in chips) 
Seat 3: Dorex2007 ($5.36 in chips) 
Seat 4: linoaspoker ($2.88 in chips) 
Seat 5: yur4ik777 ($12.34 in chips) 
Seat 6: chukdadd ($19.64 in chips) 
Seat 8: BlackCat0812 ($5.09 in chips) 
Seat 9: Almanza63 ($7.60 in chips) 
yur4ik777: posts small blind $0.02
chukdadd: posts big blind $0.05
*** HOLE CARDS ***
Dealt to Dorex2007 [7c As]
BlackCat0812: folds 
Almanza63: folds 
kataribekatari: folds 
RMAMA1953: folds 
Dorex2007: folds 
linoaspoker: folds 
yur4ik777: folds 
Uncalled bet ($0.03) returned to chukdadd
chukdadd collected $0.04 from pot
*** SUMMARY ***
Total pot $0.04 | Rake $0 
Seat 1: kataribekatari folded before Flop (didn't bet)
Seat 2: RMAMA1953 folded before Flop (didn't bet)
Seat 3: Dorex2007 folded before Flop (didn't bet)
Seat 4: linoaspoker (button) folded before Flop (didn't bet)
Seat 5: yur4ik777 (small blind) folded before Flop
Seat 6: chukdadd (big blind) collected ($0.04)
Seat 8: BlackCat0812 folded before Flop (didn't bet)
Seat 9: Almanza63 folded before Flop (didn't bet)



PokerStars Hand #238763471421:  Hold'em No Limit ($0.02/$0.05 USD) - 2022/09/20 20:52:17 PT [2022/09/20 23:52:17 ET]
Table 'Aesculapia III' 9-max Seat #5 is the button
Seat 1: kataribekatari ($4.53 in chips) 
Seat 2: RMAMA1953 ($3.49 in chips) 
Seat 3: Dorex2007 ($5.36 in chips) 
Seat 4: linoaspoker ($2.88 in chips) 
Seat 5: yur4ik777 ($12.32 in chips) 
Seat 6: chukdadd ($19.66 in chips) 
Seat 8: BlackCat0812 ($5.09 in chips) 
Seat 9: Almanza63 ($7.60 in chips) 
chukdadd: posts small blind $0.02
BlackCat0812: posts big blind $0.05
*** HOLE CARDS ***
Dealt to Dorex2007 [3h 6d]
Almanza63: folds 
kataribekatari has timed out
kataribekatari: folds 
RMAMA1953: folds 
Dorex2007: folds 
linoaspoker: folds 
yur4ik777: folds 
chukdadd: folds 
Uncalled bet ($0.03) returned to BlackCat0812
BlackCat0812 collected $0.04 from pot
BlackCat0812: doesn't show hand 
*** SUMMARY ***
Total pot $0.04 | Rake $0 
Seat 1: kataribekatari folded before Flop (didn't bet)
Seat 2: RMAMA1953 folded before Flop (didn't bet)
Seat 3: Dorex2007 folded before Flop (didn't bet)
Seat 4: linoaspoker folded before Flop (didn't bet)
Seat 5: yur4ik777 (button) folded before Flop (didn't bet)
Seat 6: chukdadd (small blind) folded before Flop
Seat 8: BlackCat0812 (big blind) collected ($0.04)
Seat 9: Almanza63 folded before Flop (didn't bet)



PokerStars Hand #238763474621:  Hold'em No Limit ($0.02/$0.05 USD) - 2022/09/20 20:52:41 PT [2022/09/20 23:52:41 ET]
Table 'Aesculapia III' 9-max Seat #6 is the button
Seat 1: kataribekatari ($4.53 in chips) 
Seat 2: RMAMA1953 ($3.49 in chips) 
Seat 3: Dorex2007 ($5.36 in chips) 
Seat 4: linoaspoker ($2.88 in chips) 
Seat 5: yur4ik777 ($12.32 in chips) 
Seat 6: chukdadd ($19.64 in chips) 
Seat 8: BlackCat0812 ($5.11 in chips) 
Seat 9: Almanza63 ($7.60 in chips) 
BlackCat0812: posts small blind $0.02
Almanza63: posts big blind $0.05
*** HOLE CARDS ***
Dealt to Dorex2007 [9c Ac]
kataribekatari: folds 
RMAMA1953: folds 
Dorex2007: raises $0.05 to $0.10
linoaspoker: folds 
yur4ik777: folds 
chukdadd: raises $0.22 to $0.32
BlackCat0812: folds 
Almanza63: folds 
Dorex2007: folds 
Uncalled bet ($0.22) returned to chukdadd
chukdadd collected $0.27 from pot
*** SUMMARY ***
Total pot $0.27 | Rake $0 
Seat 1: kataribekatari folded before Flop (didn't bet)
Seat 2: RMAMA1953 folded before Flop (didn't bet)
Seat 3: Dorex2007 folded before Flop
Seat 4: linoaspoker folded before Flop (didn't bet)
Seat 5: yur4ik777 folded before Flop (didn't bet)
Seat 6: chukdadd (button) collected ($0.27)
Seat 8: BlackCat0812 (small blind) folded before Flop
Seat 9: Almanza63 (big blind) folded before Flop



PokerStars Hand #238763479397:  Hold'em No Limit ($0.02/$0.05 USD) - 2022/09/20 20:53:17 PT [2022/09/20 23:53:17 ET]
Table 'Aesculapia III' 9-max Seat #8 is the button
Seat 1: kataribekatari ($4.53 in chips) 
Seat 2: RMAMA1953 ($3.49 in chips) 
Seat 3: Dorex2007 ($5.26 in chips) 
Seat 4: linoaspoker ($2.88 in chips) 
Seat 5: yur4ik777 ($12.32 in chips) 
Seat 6: chukdadd ($19.81 in chips) 
Seat 8: BlackCat0812 ($5.09 in chips) 
Seat 9: Almanza63 ($7.55 in chips) 
Almanza63: posts small blind $0.02
kataribekatari: posts big blind $0.05
*** HOLE CARDS ***
Dealt to Dorex2007 [9c Tc]
RMAMA1953: folds 
Dorex2007: raises $0.05 to $0.10
linoaspoker: folds 
yur4ik777: folds 
chukdadd: calls $0.10
BlackCat0812: folds 
Almanza63: calls $0.08
FACCHETADE$ is disconnected 
kataribekatari: calls $0.05
*** FLOP *** [Jd 2d Ah]
Almanza63: bets $0.19
kataribekatari: folds 
Dorex2007: folds 
chukdadd: calls $0.19
*** TURN *** [Jd 2d Ah] [Kd]
Almanza63: checks 
chukdadd: bets $0.30
Almanza63: calls $0.30
*** RIVER *** [Jd 2d Ah Kd] [6s]
Almanza63: checks 
chukdadd: checks 
*** SHOW DOWN ***
Almanza63: shows [Qd As] (a pair of Aces)
chukdadd: mucks hand 
Almanza63 collected $1.32 from pot
*** SUMMARY ***
Total pot $1.38 | Rake $0.06 
Board [Jd 2d Ah Kd 6s]
Seat 1: kataribekatari (big blind) folded on the Flop
Seat 2: RMAMA1953 folded before Flop (didn't bet)
Seat 3: Dorex2007 folded on the Flop
Seat 4: linoaspoker folded before Flop (didn't bet)
Seat 5: yur4ik777 folded before Flop (didn't bet)
Seat 6: chukdadd mucked [9s Ac]
Seat 8: BlackCat0812 (button) folded before Flop (didn't bet)
Seat 9: Almanza63 (small blind) showed [Qd As] and won ($1.32) with a pair of Aces



PokerStars Hand #238763492547:  Hold'em No Limit ($0.02/$0.05 USD) - 2022/09/20 20:54:56 PT [2022/09/20 23:54:56 ET]
Table 'Aesculapia III' 9-max Seat #9 is the button
Seat 1: kataribekatari ($4.43 in chips) 
Seat 2: RMAMA1953 ($5 in chips) 
Seat 3: Dorex2007 ($5.16 in chips) 
Seat 4: linoaspoker ($2.88 in chips) 
Seat 5: yur4ik777 ($12.32 in chips) 
Seat 6: chukdadd ($19.22 in chips) 
Seat 8: BlackCat0812 ($5.09 in chips) 
Seat 9: Almanza63 ($8.28 in chips) 
kataribekatari: posts small blind $0.02
RMAMA1953: posts big blind $0.05
*** HOLE CARDS ***
Dealt to Dorex2007 [6d 6c]
Dorex2007: raises $0.05 to $0.10
linoaspoker: calls $0.10
yur4ik777: folds 
chukdadd: raises $0.45 to $0.55
BlackCat0812: folds 
Almanza63: folds 
kataribekatari: folds 
RMAMA1953: folds 
Dorex2007: folds 
linoaspoker: calls $0.45
*** FLOP *** [2h 6s 7d]
linoaspoker: checks 
chukdadd: bets $0.38
linoaspoker: folds 
Uncalled bet ($0.38) returned to chukdadd
chukdadd collected $1.22 from pot
chukdadd: doesn't show hand 
*** SUMMARY ***
Total pot $1.27 | Rake $0.05 
Board [2h 6s 7d]
Seat 1: kataribekatari (small blind) folded before Flop
Seat 2: RMAMA1953 (big blind) folded before Flop
Seat 3: Dorex2007 folded before Flop
Seat 4: linoaspoker folded on the Flop
Seat 5: yur4ik777 folded before Flop (didn't bet)
Seat 6: chukdadd collected ($1.22)
Seat 8: BlackCat0812 folded before Flop (didn't bet)
Seat 9: Almanza63 (button) folded before Flop (didn't bet)



PokerStars Hand #238763498855:  Hold'em No Limit ($0.02/$0.05 USD) - 2022/09/20 20:55:52 PT [2022/09/20 23:55:52 ET]
Table 'Aesculapia III' 9-max Seat #1 is the button
Seat 1: kataribekatari ($4.41 in chips) 
Seat 2: RMAMA1953 ($4.95 in chips) 
Seat 3: Dorex2007 ($5.06 in chips) 
Seat 4: linoaspoker ($2.33 in chips) 
Seat 5: yur4ik777 ($12.32 in chips) 
Seat 6: chukdadd ($19.89 in chips) 
Seat 8: BlackCat0812 ($5.09 in chips) 
Seat 9: Almanza63 ($8.28 in chips) 
RMAMA1953: posts small blind $0.02
Dorex2007: posts big blind $0.05
*** HOLE CARDS ***
Dealt to Dorex2007 [2h 4d]
linoaspoker: calls $0.05
yur4ik777: folds 
chukdadd: folds 
BlackCat0812: folds 
Almanza63: folds 
kataribekatari: raises $0.10 to $0.15
RMAMA1953: folds 
Dorex2007: folds 
linoaspoker: calls $0.10
*** FLOP *** [Tc As 6d]
linoaspoker: checks 
kataribekatari: checks 
*** TURN *** [Tc As 6d] [7d]
linoaspoker: bets $0.20
kataribekatari: calls $0.20
*** RIVER *** [Tc As 6d 7d] [Ts]
linoaspoker: bets $0.55
kataribekatari: calls $0.55
*** SHOW DOWN ***
linoaspoker: shows [Kd Th] (three of a kind, Tens)
kataribekatari: mucks hand 
linoaspoker collected $1.79 from pot
*** SUMMARY ***
Total pot $1.87 | Rake $0.08 
Board [Tc As 6d 7d Ts]
Seat 1: kataribekatari (button) mucked [Js Ac]
Seat 2: RMAMA1953 (small blind) folded before Flop
Seat 3: Dorex2007 (big blind) folded before Flop
Seat 4: linoaspoker showed [Kd Th] and won ($1.79) with three of a kind, Tens
Seat 5: yur4ik777 folded before Flop (didn't bet)
Seat 6: chukdadd folded before Flop (didn't bet)
Seat 8: BlackCat0812 folded before Flop (didn't bet)
Seat 9: Almanza63 folded before Flop (didn't bet)



PokerStars Hand #238763505460:  Hold'em No Limit ($0.02/$0.05 USD) - 2022/09/20 20:56:52 PT [2022/09/20 23:56:52 ET]
Table 'Aesculapia III' 9-max Seat #2 is the button
Seat 1: kataribekatari ($3.51 in chips) 
Seat 2: RMAMA1953 ($4.93 in chips) 
Seat 3: Dorex2007 ($5.01 in chips) 
Seat 4: linoaspoker ($3.22 in chips) 
Seat 5: yur4ik777 ($12.32 in chips) 
Seat 6: chukdadd ($19.89 in chips) 
Seat 8: BlackCat0812 ($5.09 in chips) 
Seat 9: Almanza63 ($8.28 in chips) 
Dorex2007: posts small blind $0.02
linoaspoker: posts big blind $0.05
*** HOLE CARDS ***
Dealt to Dorex2007 [4c 7c]
yur4ik777: folds 
chukdadd: raises $0.10 to $0.15
BlackCat0812: folds 
Almanza63: folds 
kataribekatari: folds 
RMAMA1953: calls $0.15
Dorex2007: folds 
linoaspoker: folds 
*** FLOP *** [7s 2h 9h]
chukdadd: bets $0.15
RMAMA1953: calls $0.15
*** TURN *** [7s 2h 9h] [8d]
chukdadd: checks 
RMAMA1953: bets $0.34
chukdadd: folds 
Uncalled bet ($0.34) returned to RMAMA1953
RMAMA1953 collected $0.64 from pot
RMAMA1953: doesn't show hand 
*** SUMMARY ***
Total pot $0.67 | Rake $0.03 
Board [7s 2h 9h 8d]
Seat 1: kataribekatari folded before Flop (didn't bet)
Seat 2: RMAMA1953 (button) collected ($0.64)
Seat 3: Dorex2007 (small blind) folded before Flop
Seat 4: linoaspoker (big blind) folded before Flop
Seat 5: yur4ik777 folded before Flop (didn't bet)
Seat 6: chukdadd folded on the Turn
Seat 8: BlackCat0812 folded before Flop (didn't bet)
Seat 9: Almanza63 folded before Flop (didn't bet)



PokerStars Hand #238763513986:  Hold'em No Limit ($0.02/$0.05 USD) - 2022/09/20 20:58:10 PT [2022/09/20 23:58:10 ET]
Table 'Aesculapia III' 9-max Seat #3 is the button
Seat 1: kataribekatari ($5 in chips) 
Seat 2: RMAMA1953 ($5.27 in chips) 
Seat 3: Dorex2007 ($5 in chips) 
Seat 4: linoaspoker ($3.17 in chips) 
Seat 5: yur4ik777 ($12.32 in chips) 
Seat 6: chukdadd ($19.59 in chips) 
Seat 8: BlackCat0812 ($5.09 in chips) 
Seat 9: Almanza63 ($8.28 in chips) 
linoaspoker: posts small blind $0.02
yur4ik777: posts big blind $0.05
*** HOLE CARDS ***
Dealt to Dorex2007 [Ac Jd]
chukdadd: folds 
BlackCat0812: raises $0.10 to $0.15
Almanza63: folds 
kataribekatari: folds 
RMAMA1953: folds 
Dorex2007: calls $0.15
linoaspoker: folds 
yur4ik777: folds 
*** FLOP *** [Jh 6d Th]
BlackCat0812: checks 
Dorex2007: bets $0.50
BlackCat0812: folds 
Uncalled bet ($0.50) returned to Dorex2007
Dorex2007 collected $0.35 from pot
Dorex2007: doesn't show hand 
*** SUMMARY ***
Total pot $0.37 | Rake $0.02 
Board [Jh 6d Th]
Seat 1: kataribekatari folded before Flop (didn't bet)
Seat 2: RMAMA1953 folded before Flop (didn't bet)
Seat 3: Dorex2007 (button) collected ($0.35)
Seat 4: linoaspoker (small blind) folded before Flop
Seat 5: yur4ik777 (big blind) folded before Flop
Seat 6: chukdadd folded before Flop (didn't bet)
Seat 8: BlackCat0812 folded on the Flop
Seat 9: Almanza63 folded before Flop (didn't bet)



PokerStars Hand #238763518102:  Hold'em No Limit ($0.02/$0.05 USD) - 2022/09/20 20:58:49 PT [2022/09/20 23:58:49 ET]
Table 'Aesculapia III' 9-max Seat #4 is the button
Seat 1: kataribekatari ($5 in chips) 
Seat 2: RMAMA1953 ($5.27 in chips) 
Seat 3: Dorex2007 ($5.20 in chips) 
Seat 4: linoaspoker ($3.15 in chips) 
Seat 5: yur4ik777 ($12.27 in chips) 
Seat 6: chukdadd ($19.59 in chips) 
Seat 8: BlackCat0812 ($4.94 in chips) 
Seat 9: Almanza63 ($8.28 in chips) 
yur4ik777: posts small blind $0.02
chukdadd: posts big blind $0.05
*** HOLE CARDS ***
Dealt to Dorex2007 [Jc 9s]
BlackCat0812: calls $0.05
Almanza63: folds 
kataribekatari: folds 
RMAMA1953: folds 
Dorex2007: folds 
linoaspoker: calls $0.05
yur4ik777: folds 
chukdadd: checks 
*** FLOP *** [9c 4h Kh]
chukdadd: checks 
BlackCat0812: checks 
linoaspoker: checks 
*** TURN *** [9c 4h Kh] [Ac]
chukdadd: checks 
BlackCat0812: bets $0.15
linoaspoker: folds 
chukdadd: folds 
Uncalled bet ($0.15) returned to BlackCat0812
BlackCat0812 collected $0.16 from pot
BlackCat0812: doesn't show hand 
*** SUMMARY ***
Total pot $0.17 | Rake $0.01 
Board [9c 4h Kh Ac]
Seat 1: kataribekatari folded before Flop (didn't bet)
Seat 2: RMAMA1953 folded before Flop (didn't bet)
Seat 3: Dorex2007 folded before Flop (didn't bet)
Seat 4: linoaspoker (button) folded on the Turn
Seat 5: yur4ik777 (small blind) folded before Flop
Seat 6: chukdadd (big blind) folded on the Turn
Seat 8: BlackCat0812 collected ($0.16)
Seat 9: Almanza63 folded before Flop (didn't bet)



PokerStars Hand #238763524161:  Hold'em No Limit ($0.02/$0.05 USD) - 2022/09/20 20:59:47 PT [2022/09/20 23:59:47 ET]
Table 'Aesculapia III' 9-max Seat #5 is the button
Seat 1: kataribekatari ($5 in chips) 
Seat 2: RMAMA1953 ($5.27 in chips) 
Seat 3: Dorex2007 ($5.20 in chips) 
Seat 4: linoaspoker ($3.10 in chips) 
Seat 5: yur4ik777 ($12.25 in chips) 
Seat 6: chukdadd ($19.54 in chips) 
Seat 8: BlackCat0812 ($5.05 in chips) 
Seat 9: Almanza63 ($8.28 in chips) 
chukdadd: posts small blind $0.02
BlackCat0812: posts big blind $0.05
*** HOLE CARDS ***
Dealt to Dorex2007 [2c 2d]
Almanza63: folds 
kataribekatari: raises $0.10 to $0.15
RMAMA1953: folds 
Dorex2007: calls $0.15
linoaspoker: folds 
yur4ik777: folds 
chukdadd: folds 
BlackCat0812: folds 
*** FLOP *** [Ac Th Jh]
kataribekatari: checks 
Dorex2007: checks 
*** TURN *** [Ac Th Jh] [9d]
kataribekatari: checks 
Dorex2007: checks 
*** RIVER *** [Ac Th Jh 9d] [9h]
kataribekatari: checks 
Dorex2007: checks 
*** SHOW DOWN ***
kataribekatari: shows [Jc Qc] (two pair, Jacks and Nines)
Dorex2007: mucks hand 
kataribekatari collected $0.35 from pot
*** SUMMARY ***
Total pot $0.37 | Rake $0.02 
Board [Ac Th Jh 9d 9h]
Seat 1: kataribekatari showed [Jc Qc] and won ($0.35) with two pair, Jacks and Nines
Seat 2: RMAMA1953 folded before Flop (didn't bet)
Seat 3: Dorex2007 mucked [2c 2d]
Seat 4: linoaspoker folded before Flop (didn't bet)
Seat 5: yur4ik777 (button) folded before Flop (didn't bet)
Seat 6: chukdadd (small blind) folded before Flop
Seat 8: BlackCat0812 (big blind) folded before Flop
Seat 9: Almanza63 folded before Flop (didn't bet)



