PokerStars Hand #238652935944:  Hold'em No Limit ($0.02/$0.05 USD) - 2022/09/15 16:30:39 PT [2022/09/15 19:30:39 ET]
Table 'Wasat II' 9-max Seat #8 is the button
Seat 1: _L2E_ ($5.29 in chips) 
Seat 2: GrooshBadoosh ($5.72 in chips) 
Seat 3: JoacoCu ($6.05 in chips) 
Seat 4: beaucoupjoir ($4.63 in chips) 
Seat 5: JRMorgz ($6.65 in chips) 
Seat 6: ekinox07 ($5.21 in chips) 
Seat 7: Dorex2007 ($5 in chips) 
Seat 8: _Stells666 ($6.55 in chips) 
Seat 9: Mitch81 ($8.81 in chips) 
Mitch81: posts small blind $0.02
_L2E_: posts big blind $0.05
Dorex2007: posts big blind $0.05
*** HOLE CARDS ***
Dealt to Dorex2007 [6s 5s]
GrooshBadoosh: folds 
JoacoCu: folds 
beaucoupjoir: folds 
JRMorgz: folds 
ekinox07: calls $0.05
Dorex2007: checks 
_Stells666: folds 
Mitch81: calls $0.03
_L2E_: raises $0.10 to $0.15
ekinox07: calls $0.10
Dorex2007: folds 
Mitch81: calls $0.10
*** FLOP *** [9d Ks Kh]
Mitch81: checks 
_L2E_: checks 
ekinox07: checks 
*** TURN *** [9d Ks Kh] [6h]
Mitch81: checks 
_L2E_: checks 
ekinox07: bets $0.15
Mitch81: folds 
_L2E_: folds 
Uncalled bet ($0.15) returned to ekinox07
ekinox07 collected $0.48 from pot
ekinox07: doesn't show hand 
*** SUMMARY ***
Total pot $0.50 | Rake $0.02 
Board [9d Ks Kh 6h]
Seat 1: _L2E_ (big blind) folded on the Turn
Seat 2: GrooshBadoosh folded before Flop (didn't bet)
Seat 3: JoacoCu folded before Flop (didn't bet)
Seat 4: beaucoupjoir folded before Flop (didn't bet)
Seat 5: JRMorgz folded before Flop (didn't bet)
Seat 6: ekinox07 collected ($0.48)
Seat 7: Dorex2007 folded before Flop (didn't bet)
Seat 8: _Stells666 (button) folded before Flop (didn't bet)
Seat 9: Mitch81 (small blind) folded on the Turn



PokerStars Hand #238652950791:  Hold'em No Limit ($0.02/$0.05 USD) - 2022/09/15 16:31:35 PT [2022/09/15 19:31:35 ET]
Table 'Wasat II' 9-max Seat #9 is the button
Seat 1: _L2E_ ($5.14 in chips) 
Seat 2: GrooshBadoosh ($5.72 in chips) 
Seat 3: JoacoCu ($6.05 in chips) 
Seat 4: beaucoupjoir ($4.63 in chips) 
Seat 5: JRMorgz ($6.65 in chips) 
Seat 6: ekinox07 ($5.54 in chips) 
Seat 7: Dorex2007 ($5 in chips) 
Seat 8: _Stells666 ($6.55 in chips) 
Seat 9: Mitch81 ($8.66 in chips) 
_L2E_: posts small blind $0.02
GrooshBadoosh: posts big blind $0.05
*** HOLE CARDS ***
Dealt to Dorex2007 [Ac Qc]
JoacoCu: folds 
beaucoupjoir: raises $0.10 to $0.15
JRMorgz: folds 
ekinox07: calls $0.15
Dorex2007: calls $0.15
_Stells666: folds 
Mitch81: calls $0.15
_L2E_: calls $0.13
GrooshBadoosh: calls $0.10
*** FLOP *** [Jd Kc 7d]
_L2E_: checks 
GrooshBadoosh: checks 
beaucoupjoir: bets $0.25
ekinox07: folds 
Dorex2007: calls $0.25
Mitch81: folds 
Mitch81 leaves the table
_L2E_: calls $0.25
GrooshBadoosh: folds 
*** TURN *** [Jd Kc 7d] [6s]
_L2E_: checks 
beaucoupjoir: checks 
Dorex2007: checks 
*** RIVER *** [Jd Kc 7d 6s] [5h]
Almanza63 joins the table at seat #9 
_L2E_: checks 
beaucoupjoir: checks 
Dorex2007: checks 
*** SHOW DOWN ***
_L2E_: shows [Kd Td] (a pair of Kings)
beaucoupjoir: mucks hand 
Dorex2007: mucks hand 
_L2E_ collected $1.56 from pot
*** SUMMARY ***
Total pot $1.65 | Rake $0.09 
Board [Jd Kc 7d 6s 5h]
Seat 1: _L2E_ (small blind) showed [Kd Td] and won ($1.56) with a pair of Kings
Seat 2: GrooshBadoosh (big blind) folded on the Flop
Seat 3: JoacoCu folded before Flop (didn't bet)
Seat 4: beaucoupjoir mucked [Ad Tc]
Seat 5: JRMorgz folded before Flop (didn't bet)
Seat 6: ekinox07 folded on the Flop
Seat 7: Dorex2007 mucked [Ac Qc]
Seat 8: _Stells666 folded before Flop (didn't bet)
Seat 9: Mitch81 (button) folded on the Flop



PokerStars Hand #238652978017:  Hold'em No Limit ($0.02/$0.05 USD) - 2022/09/15 16:33:17 PT [2022/09/15 19:33:17 ET]
Table 'Wasat II' 9-max Seat #1 is the button
Seat 1: _L2E_ ($6.30 in chips) 
Seat 2: GrooshBadoosh ($5.57 in chips) 
Seat 3: JoacoCu ($6.05 in chips) 
Seat 4: beaucoupjoir ($4.23 in chips) 
Seat 5: JRMorgz ($6.65 in chips) 
Seat 6: ekinox07 ($5.39 in chips) 
Seat 7: Dorex2007 ($5 in chips) 
Seat 8: _Stells666 ($6.55 in chips) 
GrooshBadoosh: posts small blind $0.02
JoacoCu: posts big blind $0.05
Almanza63: sits out 
*** HOLE CARDS ***
Dealt to Dorex2007 [9d Qd]
beaucoupjoir: folds 
JRMorgz: folds 
ekinox07: folds 
Dorex2007: folds 
_Stells666: folds 
_L2E_: folds 
GrooshBadoosh: folds 
Uncalled bet ($0.03) returned to JoacoCu
JoacoCu collected $0.04 from pot
*** SUMMARY ***
Total pot $0.04 | Rake $0 
Seat 1: _L2E_ (button) folded before Flop (didn't bet)
Seat 2: GrooshBadoosh (small blind) folded before Flop
Seat 3: JoacoCu (big blind) collected ($0.04)
Seat 4: beaucoupjoir folded before Flop (didn't bet)
Seat 5: JRMorgz folded before Flop (didn't bet)
Seat 6: ekinox07 folded before Flop (didn't bet)
Seat 7: Dorex2007 folded before Flop (didn't bet)
Seat 8: _Stells666 folded before Flop (didn't bet)



PokerStars Hand #238652983570:  Hold'em No Limit ($0.02/$0.05 USD) - 2022/09/15 16:33:38 PT [2022/09/15 19:33:38 ET]
Table 'Wasat II' 9-max Seat #2 is the button
Seat 1: _L2E_ ($6.30 in chips) 
Seat 2: GrooshBadoosh ($5.55 in chips) 
Seat 4: beaucoupjoir ($4.23 in chips) 
Seat 5: JRMorgz ($6.65 in chips) 
Seat 6: ekinox07 ($5.39 in chips) 
Seat 7: Dorex2007 ($5 in chips) 
Seat 8: _Stells666 ($6.55 in chips) 
beaucoupjoir: posts small blind $0.02
JRMorgz: posts big blind $0.05
Almanza63: sits out 
*** HOLE CARDS ***
Dealt to Dorex2007 [3c Qd]
ekinox07: folds 
Dorex2007: folds 
_Stells666 has timed out
_Stells666: folds 
_L2E_: calls $0.05
GrooshBadoosh: raises $0.05 to $0.10
JoacoCu leaves the table
beaucoupjoir: calls $0.08
JRMorgz: calls $0.05
_L2E_: calls $0.05
*** FLOP *** [3d 4c 8h]
beaucoupjoir: checks 
JRMorgz: bets $0.19
_L2E_: folds 
GrooshBadoosh: calls $0.19
beaucoupjoir: folds 
*** TURN *** [3d 4c 8h] [6h]
JRMorgz: checks 
GrooshBadoosh: checks 
*** RIVER *** [3d 4c 8h 6h] [Tc]
JRMorgz: bets $0.27
GrooshBadoosh: raises $0.48 to $0.75
JRMorgz: calls $0.48
*** SHOW DOWN ***
GrooshBadoosh: shows [4h 4s] (three of a kind, Fours)
JRMorgz: mucks hand 
GrooshBadoosh collected $2.19 from pot
*** SUMMARY ***
Total pot $2.28 | Rake $0.09 
Board [3d 4c 8h 6h Tc]
Seat 1: _L2E_ folded on the Flop
Seat 2: GrooshBadoosh (button) showed [4h 4s] and won ($2.19) with three of a kind, Fours
Seat 4: beaucoupjoir (small blind) folded on the Flop
Seat 5: JRMorgz (big blind) mucked [8s Td]
Seat 6: ekinox07 folded before Flop (didn't bet)
Seat 7: Dorex2007 folded before Flop (didn't bet)
Seat 8: _Stells666 folded before Flop (didn't bet)



PokerStars Hand #238653007295:  Hold'em No Limit ($0.02/$0.05 USD) - 2022/09/15 16:35:06 PT [2022/09/15 19:35:06 ET]
Table 'Wasat II' 9-max Seat #4 is the button
Seat 1: _L2E_ ($6.20 in chips) 
Seat 2: GrooshBadoosh ($6.70 in chips) 
Seat 4: beaucoupjoir ($4.13 in chips) 
Seat 5: JRMorgz ($5.61 in chips) 
Seat 6: ekinox07 ($5.39 in chips) 
Seat 7: Dorex2007 ($5 in chips) 
Seat 8: _Stells666 ($6.55 in chips) 
JRMorgz: posts small blind $0.02
ekinox07: posts big blind $0.05
Almanza63: sits out 
*** HOLE CARDS ***
Dealt to Dorex2007 [8s 9h]
Dorex2007: folds 
_Stells666: folds 
_L2E_: folds 
GrooshBadoosh: folds 
beaucoupjoir: raises $0.10 to $0.15
JRMorgz: raises $0.45 to $0.60
ekinox07: folds 
beaucoupjoir: folds 
Uncalled bet ($0.45) returned to JRMorgz
JRMorgz collected $0.35 from pot
*** SUMMARY ***
Total pot $0.35 | Rake $0 
Seat 1: _L2E_ folded before Flop (didn't bet)
Seat 2: GrooshBadoosh folded before Flop (didn't bet)
Seat 4: beaucoupjoir (button) folded before Flop
Seat 5: JRMorgz (small blind) collected ($0.35)
Seat 6: ekinox07 (big blind) folded before Flop
Seat 7: Dorex2007 folded before Flop (didn't bet)
Seat 8: _Stells666 folded before Flop (didn't bet)



PokerStars Hand #238653014342:  Hold'em No Limit ($0.02/$0.05 USD) - 2022/09/15 16:35:33 PT [2022/09/15 19:35:33 ET]
Table 'Wasat II' 9-max Seat #5 is the button
Seat 1: _L2E_ ($6.20 in chips) 
Seat 2: GrooshBadoosh ($6.70 in chips) 
Seat 4: beaucoupjoir ($3.98 in chips) 
Seat 5: JRMorgz ($5.81 in chips) 
Seat 6: ekinox07 ($5.34 in chips) 
Seat 7: Dorex2007 ($5 in chips) 
Seat 8: _Stells666 ($6.55 in chips) 
ekinox07: posts small blind $0.02
Dorex2007: posts big blind $0.05
Almanza63: sits out 
*** HOLE CARDS ***
Dealt to Dorex2007 [4h Jd]
_Stells666: folds 
_L2E_: folds 
GrooshBadoosh: raises $0.05 to $0.10
beaucoupjoir: folds 
JRMorgz: folds 
ekinox07: folds 
Dorex2007: folds 
Uncalled bet ($0.05) returned to GrooshBadoosh
GrooshBadoosh collected $0.12 from pot
*** SUMMARY ***
Total pot $0.12 | Rake $0 
Seat 1: _L2E_ folded before Flop (didn't bet)
Seat 2: GrooshBadoosh collected ($0.12)
Seat 4: beaucoupjoir folded before Flop (didn't bet)
Seat 5: JRMorgz (button) folded before Flop (didn't bet)
Seat 6: ekinox07 (small blind) folded before Flop
Seat 7: Dorex2007 (big blind) folded before Flop
Seat 8: _Stells666 folded before Flop (didn't bet)



PokerStars Hand #238653018528:  Hold'em No Limit ($0.02/$0.05 USD) - 2022/09/15 16:35:48 PT [2022/09/15 19:35:48 ET]
Table 'Wasat II' 9-max Seat #6 is the button
Seat 1: _L2E_ ($6.20 in chips) 
Seat 2: GrooshBadoosh ($6.77 in chips) 
Seat 4: beaucoupjoir ($5 in chips) 
Seat 5: JRMorgz ($5.81 in chips) 
Seat 6: ekinox07 ($5.32 in chips) 
Seat 7: Dorex2007 ($5 in chips) 
Seat 8: _Stells666 ($6.55 in chips) 
Dorex2007: posts small blind $0.02
_Stells666: posts big blind $0.05
Almanza63: sits out 
*** HOLE CARDS ***
Dealt to Dorex2007 [9s 9d]
_L2E_: folds 
GrooshBadoosh: folds 
beaucoupjoir: folds 
JRMorgz: raises $0.10 to $0.15
ekinox07: folds 
Dorex2007: raises $0.35 to $0.50
_Stells666: folds 
JRMorgz: folds 
Uncalled bet ($0.35) returned to Dorex2007
Dorex2007 collected $0.35 from pot
Dorex2007: doesn't show hand 
*** SUMMARY ***
Total pot $0.35 | Rake $0 
Seat 1: _L2E_ folded before Flop (didn't bet)
Seat 2: GrooshBadoosh folded before Flop (didn't bet)
Seat 4: beaucoupjoir folded before Flop (didn't bet)
Seat 5: JRMorgz folded before Flop
Seat 6: ekinox07 (button) folded before Flop (didn't bet)
Seat 7: Dorex2007 (small blind) collected ($0.35)
Seat 8: _Stells666 (big blind) folded before Flop



PokerStars Hand #238653026508:  Hold'em No Limit ($0.02/$0.05 USD) - 2022/09/15 16:36:18 PT [2022/09/15 19:36:18 ET]
Table 'Wasat II' 9-max Seat #7 is the button
Seat 1: _L2E_ ($6.20 in chips) 
Seat 2: GrooshBadoosh ($6.77 in chips) 
Seat 4: beaucoupjoir ($5 in chips) 
Seat 5: JRMorgz ($5.66 in chips) 
Seat 6: ekinox07 ($5.32 in chips) 
Seat 7: Dorex2007 ($5.20 in chips) 
Seat 8: _Stells666 ($6.50 in chips) 
Seat 9: Almanza63 ($5 in chips) 
_Stells666: posts small blind $0.02
Almanza63: posts big blind $0.05
*** HOLE CARDS ***
Dealt to Dorex2007 [8s 5h]
_L2E_ has timed out
_L2E_: folds 
GrooshBadoosh: folds 
beaucoupjoir: folds 
JRMorgz: folds 
ekinox07: folds 
Dorex2007: folds 
_Stells666: folds 
Uncalled bet ($0.03) returned to Almanza63
Almanza63 collected $0.04 from pot
Almanza63: doesn't show hand 
*** SUMMARY ***
Total pot $0.04 | Rake $0 
Seat 1: _L2E_ folded before Flop (didn't bet)
Seat 2: GrooshBadoosh folded before Flop (didn't bet)
Seat 4: beaucoupjoir folded before Flop (didn't bet)
Seat 5: JRMorgz folded before Flop (didn't bet)
Seat 6: ekinox07 folded before Flop (didn't bet)
Seat 7: Dorex2007 (button) folded before Flop (didn't bet)
Seat 8: _Stells666 (small blind) folded before Flop
Seat 9: Almanza63 (big blind) collected ($0.04)



PokerStars Hand #238653032242:  Hold'em No Limit ($0.02/$0.05 USD) - 2022/09/15 16:36:40 PT [2022/09/15 19:36:40 ET]
Table 'Wasat II' 9-max Seat #8 is the button
Seat 2: GrooshBadoosh ($6.77 in chips) 
Seat 4: beaucoupjoir ($5 in chips) 
Seat 5: JRMorgz ($5.66 in chips) 
Seat 6: ekinox07 ($5.32 in chips) 
Seat 7: Dorex2007 ($5.20 in chips) 
Seat 8: _Stells666 ($6.48 in chips) 
Seat 9: Almanza63 ($5.02 in chips) 
Almanza63: posts small blind $0.02
GrooshBadoosh: posts big blind $0.05
*** HOLE CARDS ***
Dealt to Dorex2007 [Kh 4h]
beaucoupjoir: folds 
JRMorgz: raises $0.10 to $0.15
ekinox07: folds 
Dorex2007: folds 
_Stells666: folds 
Almanza63: folds 
GrooshBadoosh: calls $0.10
*** FLOP *** [7h 5d 4c]
GrooshBadoosh: checks 
JRMorgz: checks 
*** TURN *** [7h 5d 4c] [4s]
Troko50 joins the table at seat #3 
GrooshBadoosh: bets $0.15
JRMorgz: calls $0.15
*** RIVER *** [7h 5d 4c 4s] [Ts]
GrooshBadoosh: checks 
JRMorgz: checks 
*** SHOW DOWN ***
GrooshBadoosh: shows [2s 2d] (two pair, Fours and Deuces)
JRMorgz: mucks hand 
GrooshBadoosh collected $0.59 from pot
*** SUMMARY ***
Total pot $0.62 | Rake $0.03 
Board [7h 5d 4c 4s Ts]
Seat 2: GrooshBadoosh (big blind) showed [2s 2d] and won ($0.59) with two pair, Fours and Deuces
Seat 4: beaucoupjoir folded before Flop (didn't bet)
Seat 5: JRMorgz mucked [As 9h]
Seat 6: ekinox07 folded before Flop (didn't bet)
Seat 7: Dorex2007 folded before Flop (didn't bet)
Seat 8: _Stells666 (button) folded before Flop (didn't bet)
Seat 9: Almanza63 (small blind) folded before Flop



PokerStars Hand #238653046186:  Hold'em No Limit ($0.02/$0.05 USD) - 2022/09/15 16:37:33 PT [2022/09/15 19:37:33 ET]
Table 'Wasat II' 9-max Seat #9 is the button
Seat 2: GrooshBadoosh ($7.06 in chips) 
Seat 3: Troko50 ($4 in chips) 
Seat 4: beaucoupjoir ($5 in chips) 
Seat 5: JRMorgz ($5.36 in chips) 
Seat 6: ekinox07 ($5.32 in chips) 
Seat 7: Dorex2007 ($5.20 in chips) 
Seat 8: _Stells666 ($6.48 in chips) 
Seat 9: Almanza63 ($5 in chips) 
GrooshBadoosh: posts small blind $0.02
Troko50: posts big blind $0.05
*** HOLE CARDS ***
Dealt to Dorex2007 [Kc Ks]
beaucoupjoir: folds 
JRMorgz: folds 
ekinox07: folds 
Dorex2007: raises $0.12 to $0.17
_Stells666: folds 
Almanza63: folds 
GrooshBadoosh: calls $0.15
Troko50: folds 
*** FLOP *** [5s As 4c]
GrooshBadoosh: checks 
Dorex2007: checks 
*** TURN *** [5s As 4c] [3d]
GrooshBadoosh: bets $0.20
Dorex2007: calls $0.20
*** RIVER *** [5s As 4c 3d] [Qh]
GrooshBadoosh: bets $0.25
Dorex2007: folds 
Uncalled bet ($0.25) returned to GrooshBadoosh
GrooshBadoosh collected $0.76 from pot
*** SUMMARY ***
Total pot $0.79 | Rake $0.03 
Board [5s As 4c 3d Qh]
Seat 2: GrooshBadoosh (small blind) collected ($0.76)
Seat 3: Troko50 (big blind) folded before Flop
Seat 4: beaucoupjoir folded before Flop (didn't bet)
Seat 5: JRMorgz folded before Flop (didn't bet)
Seat 6: ekinox07 folded before Flop (didn't bet)
Seat 7: Dorex2007 folded on the River
Seat 8: _Stells666 folded before Flop (didn't bet)
Seat 9: Almanza63 (button) folded before Flop (didn't bet)



PokerStars Hand #238653061518:  Hold'em No Limit ($0.02/$0.05 USD) - 2022/09/15 16:38:31 PT [2022/09/15 19:38:31 ET]
Table 'Wasat II' 9-max Seat #2 is the button
Seat 2: GrooshBadoosh ($7.45 in chips) 
Seat 3: Troko50 ($3.95 in chips) 
Seat 4: beaucoupjoir ($5 in chips) 
Seat 5: JRMorgz ($5.36 in chips) 
Seat 6: ekinox07 ($5.32 in chips) 
Seat 7: Dorex2007 ($5 in chips) 
Seat 8: _Stells666 ($6.48 in chips) 
Seat 9: Almanza63 ($5 in chips) 
Troko50: posts small blind $0.02
beaucoupjoir: posts big blind $0.05
_L2E_: sits out 
*** HOLE CARDS ***
Dealt to Dorex2007 [Ah 5h]
JRMorgz: raises $0.10 to $0.15
ekinox07: folds 
Dorex2007: folds 
_Stells666: folds 
Almanza63: folds 
GrooshBadoosh: raises $0.30 to $0.45
Troko50: folds 
beaucoupjoir: folds 
JRMorgz: calls $0.30
*** FLOP *** [3h Ts 4s]
JRMorgz: checks 
GrooshBadoosh: bets $0.50
JRMorgz: calls $0.50
*** TURN *** [3h Ts 4s] [2s]
JRMorgz: checks 
GrooshBadoosh: checks 
*** RIVER *** [3h Ts 4s 2s] [Td]
JRMorgz: checks 
GrooshBadoosh: bets $1.10
JRMorgz: calls $1.10
*** SHOW DOWN ***
GrooshBadoosh: shows [Ac Qs] (a pair of Tens)
JRMorgz: shows [8d 8c] (two pair, Tens and Eights)
JRMorgz collected $4 from pot
*** SUMMARY ***
Total pot $4.17 | Rake $0.17 
Board [3h Ts 4s 2s Td]
Seat 2: GrooshBadoosh (button) showed [Ac Qs] and lost with a pair of Tens
Seat 3: Troko50 (small blind) folded before Flop
Seat 4: beaucoupjoir (big blind) folded before Flop
Seat 5: JRMorgz showed [8d 8c] and won ($4) with two pair, Tens and Eights
Seat 6: ekinox07 folded before Flop (didn't bet)
Seat 7: Dorex2007 folded before Flop (didn't bet)
Seat 8: _Stells666 folded before Flop (didn't bet)
Seat 9: Almanza63 folded before Flop (didn't bet)



PokerStars Hand #238653080371:  Hold'em No Limit ($0.02/$0.05 USD) - 2022/09/15 16:39:43 PT [2022/09/15 19:39:43 ET]
Table 'Wasat II' 9-max Seat #3 is the button
Seat 2: GrooshBadoosh ($5.40 in chips) 
Seat 3: Troko50 ($3.93 in chips) 
Seat 4: beaucoupjoir ($4.95 in chips) 
Seat 5: JRMorgz ($7.31 in chips) 
Seat 6: ekinox07 ($5.32 in chips) 
Seat 7: Dorex2007 ($5 in chips) 
Seat 8: _Stells666 ($6.48 in chips) 
Seat 9: Almanza63 ($5 in chips) 
beaucoupjoir: posts small blind $0.02
JRMorgz: posts big blind $0.05
_L2E_: sits out 
*** HOLE CARDS ***
Dealt to Dorex2007 [7d 8d]
ekinox07: folds 
Dorex2007: folds 
_Stells666: folds 
Almanza63: folds 
GrooshBadoosh: folds 
Troko50: folds 
beaucoupjoir: folds 
Uncalled bet ($0.03) returned to JRMorgz
JRMorgz collected $0.04 from pot
*** SUMMARY ***
Total pot $0.04 | Rake $0 
Seat 2: GrooshBadoosh folded before Flop (didn't bet)
Seat 3: Troko50 (button) folded before Flop (didn't bet)
Seat 4: beaucoupjoir (small blind) folded before Flop
Seat 5: JRMorgz (big blind) collected ($0.04)
Seat 6: ekinox07 folded before Flop (didn't bet)
Seat 7: Dorex2007 folded before Flop (didn't bet)
Seat 8: _Stells666 folded before Flop (didn't bet)
Seat 9: Almanza63 folded before Flop (didn't bet)



PokerStars Hand #238653083909:  Hold'em No Limit ($0.02/$0.05 USD) - 2022/09/15 16:39:57 PT [2022/09/15 19:39:57 ET]
Table 'Wasat II' 9-max Seat #4 is the button
Seat 2: GrooshBadoosh ($5.40 in chips) 
Seat 3: Troko50 ($3.93 in chips) 
Seat 4: beaucoupjoir ($4.93 in chips) 
Seat 5: JRMorgz ($7.33 in chips) 
Seat 6: ekinox07 ($5.32 in chips) 
Seat 7: Dorex2007 ($5 in chips) 
Seat 8: _Stells666 ($6.48 in chips) 
Seat 9: Almanza63 ($5 in chips) 
JRMorgz: posts small blind $0.02
ekinox07: posts big blind $0.05
_L2E_: sits out 
*** HOLE CARDS ***
Dealt to Dorex2007 [8c As]
Dorex2007: folds 
_Stells666: folds 
Almanza63: folds 
GrooshBadoosh: raises $0.05 to $0.10
Troko50: folds 
beaucoupjoir: folds 
JRMorgz: raises $0.20 to $0.30
ekinox07: folds 
GrooshBadoosh: calls $0.20
*** FLOP *** [Td 4h Ks]
JRMorgz: checks 
GrooshBadoosh: bets $0.20
JRMorgz: calls $0.20
*** TURN *** [Td 4h Ks] [8h]
JRMorgz: checks 
GrooshBadoosh: checks 
*** RIVER *** [Td 4h Ks 8h] [5h]
_L2E_ is disconnected 
JRMorgz: checks 
GrooshBadoosh: bets $1.01
JRMorgz: folds 
Uncalled bet ($1.01) returned to GrooshBadoosh
GrooshBadoosh collected $1.01 from pot
*** SUMMARY ***
Total pot $1.05 | Rake $0.04 
Board [Td 4h Ks 8h 5h]
Seat 2: GrooshBadoosh collected ($1.01)
Seat 3: Troko50 folded before Flop (didn't bet)
Seat 4: beaucoupjoir (button) folded before Flop (didn't bet)
Seat 5: JRMorgz (small blind) folded on the River
Seat 6: ekinox07 (big blind) folded before Flop
Seat 7: Dorex2007 folded before Flop (didn't bet)
Seat 8: _Stells666 folded before Flop (didn't bet)
Seat 9: Almanza63 folded before Flop (didn't bet)



PokerStars Hand #238653105679:  Hold'em No Limit ($0.02/$0.05 USD) - 2022/09/15 16:41:21 PT [2022/09/15 19:41:21 ET]
Table 'Wasat II' 9-max Seat #5 is the button
Seat 2: GrooshBadoosh ($5.91 in chips) 
Seat 3: Troko50 ($3.93 in chips) 
Seat 4: beaucoupjoir ($4.93 in chips) 
Seat 5: JRMorgz ($6.83 in chips) 
Seat 6: ekinox07 ($5.27 in chips) 
Seat 7: Dorex2007 ($5 in chips) 
Seat 8: _Stells666 ($6.48 in chips) 
Seat 9: Almanza63 ($5 in chips) 
ekinox07: posts small blind $0.02
Dorex2007: posts big blind $0.05
_L2E_ is connected 
_L2E_: sits out 
*** HOLE CARDS ***
Dealt to Dorex2007 [2h 5h]
_Stells666: folds 
Almanza63: folds 
GrooshBadoosh: folds 
Troko50: folds 
beaucoupjoir: folds 
JRMorgz has timed out
JRMorgz: folds 
ekinox07: folds 
Uncalled bet ($0.03) returned to Dorex2007
Dorex2007 collected $0.04 from pot
Dorex2007: doesn't show hand 
*** SUMMARY ***
Total pot $0.04 | Rake $0 
Seat 2: GrooshBadoosh folded before Flop (didn't bet)
Seat 3: Troko50 folded before Flop (didn't bet)
Seat 4: beaucoupjoir folded before Flop (didn't bet)
Seat 5: JRMorgz (button) folded before Flop (didn't bet)
Seat 6: ekinox07 (small blind) folded before Flop
Seat 7: Dorex2007 (big blind) collected ($0.04)
Seat 8: _Stells666 folded before Flop (didn't bet)
Seat 9: Almanza63 folded before Flop (didn't bet)



PokerStars Hand #238653113276:  Hold'em No Limit ($0.02/$0.05 USD) - 2022/09/15 16:41:50 PT [2022/09/15 19:41:50 ET]
Table 'Wasat II' 9-max Seat #6 is the button
Seat 2: GrooshBadoosh ($5.91 in chips) 
Seat 3: Troko50 ($3.93 in chips) 
Seat 4: beaucoupjoir ($4.93 in chips) 
Seat 6: ekinox07 ($5.25 in chips) 
Seat 7: Dorex2007 ($5.02 in chips) 
Seat 8: _Stells666 ($6.48 in chips) 
Seat 9: Almanza63 ($5 in chips) 
Dorex2007: posts small blind $0.02
_Stells666: posts big blind $0.05
_L2E_: sits out 
*** HOLE CARDS ***
Dealt to Dorex2007 [9s 4c]
Almanza63: folds 
GrooshBadoosh: folds 
Troko50: folds 
beaucoupjoir: folds 
ekinox07: raises $0.07 to $0.12
Dorex2007: folds 
_Stells666: folds 
Uncalled bet ($0.07) returned to ekinox07
ekinox07 collected $0.12 from pot
ekinox07: doesn't show hand 
*** SUMMARY ***
Total pot $0.12 | Rake $0 
Seat 2: GrooshBadoosh folded before Flop (didn't bet)
Seat 3: Troko50 folded before Flop (didn't bet)
Seat 4: beaucoupjoir folded before Flop (didn't bet)
Seat 6: ekinox07 (button) collected ($0.12)
Seat 7: Dorex2007 (small blind) folded before Flop
Seat 8: _Stells666 (big blind) folded before Flop
Seat 9: Almanza63 folded before Flop (didn't bet)



PokerStars Hand #238653118743:  Hold'em No Limit ($0.02/$0.05 USD) - 2022/09/15 16:42:12 PT [2022/09/15 19:42:12 ET]
Table 'Wasat II' 9-max Seat #7 is the button
Seat 2: GrooshBadoosh ($5.91 in chips) 
Seat 3: Troko50 ($3.93 in chips) 
Seat 4: beaucoupjoir ($4.93 in chips) 
Seat 6: ekinox07 ($5.32 in chips) 
Seat 7: Dorex2007 ($5 in chips) 
Seat 8: _Stells666 ($6.43 in chips) 
Seat 9: Almanza63 ($5 in chips) 
_Stells666: posts small blind $0.02
Almanza63: posts big blind $0.05
_L2E_: sits out 
*** HOLE CARDS ***
Dealt to Dorex2007 [6h 8s]
GrooshBadoosh: folds 
Troko50: folds 
beaucoupjoir: raises $0.10 to $0.15
ekinox07: folds 
Dorex2007: folds 
_Stells666: folds 
Almanza63: folds 
Uncalled bet ($0.10) returned to beaucoupjoir
beaucoupjoir collected $0.12 from pot
beaucoupjoir: doesn't show hand 
*** SUMMARY ***
Total pot $0.12 | Rake $0 
Seat 2: GrooshBadoosh folded before Flop (didn't bet)
Seat 3: Troko50 folded before Flop (didn't bet)
Seat 4: beaucoupjoir collected ($0.12)
Seat 6: ekinox07 folded before Flop (didn't bet)
Seat 7: Dorex2007 (button) folded before Flop (didn't bet)
Seat 8: _Stells666 (small blind) folded before Flop
Seat 9: Almanza63 (big blind) folded before Flop



PokerStars Hand #238653124799:  Hold'em No Limit ($0.02/$0.05 USD) - 2022/09/15 16:42:36 PT [2022/09/15 19:42:36 ET]
Table 'Wasat II' 9-max Seat #8 is the button
Seat 1: _L2E_ ($6.20 in chips) 
Seat 2: GrooshBadoosh ($5.91 in chips) 
Seat 3: Troko50 ($3.93 in chips) 
Seat 4: beaucoupjoir ($5 in chips) 
Seat 6: ekinox07 ($5.32 in chips) 
Seat 7: Dorex2007 ($5 in chips) 
Seat 8: _Stells666 ($6.41 in chips) 
Seat 9: Almanza63 ($4.95 in chips) 
Almanza63: posts small blind $0.02
_L2E_: posts big blind $0.05
*** HOLE CARDS ***
Dealt to Dorex2007 [6d Kh]
GrooshBadoosh: folds 
Troko50: folds 
beaucoupjoir: raises $0.10 to $0.15
ekinox07: folds 
Dorex2007: folds 
_Stells666: folds 
Almanza63: folds 
_L2E_: folds 
Uncalled bet ($0.10) returned to beaucoupjoir
beaucoupjoir collected $0.12 from pot
beaucoupjoir: doesn't show hand 
*** SUMMARY ***
Total pot $0.12 | Rake $0 
Seat 1: _L2E_ (big blind) folded before Flop
Seat 2: GrooshBadoosh folded before Flop (didn't bet)
Seat 3: Troko50 folded before Flop (didn't bet)
Seat 4: beaucoupjoir collected ($0.12)
Seat 6: ekinox07 folded before Flop (didn't bet)
Seat 7: Dorex2007 folded before Flop (didn't bet)
Seat 8: _Stells666 (button) folded before Flop (didn't bet)
Seat 9: Almanza63 (small blind) folded before Flop



PokerStars Hand #238653129034:  Hold'em No Limit ($0.02/$0.05 USD) - 2022/09/15 16:42:52 PT [2022/09/15 19:42:52 ET]
Table 'Wasat II' 9-max Seat #9 is the button
Seat 1: _L2E_ ($6.15 in chips) 
Seat 2: GrooshBadoosh ($5.91 in chips) 
Seat 3: Troko50 ($3.93 in chips) 
Seat 4: beaucoupjoir ($5.07 in chips) 
Seat 5: JRMorgz ($6.83 in chips) 
Seat 6: ekinox07 ($5.32 in chips) 
Seat 7: Dorex2007 ($5 in chips) 
Seat 8: _Stells666 ($6.41 in chips) 
Seat 9: Almanza63 ($4.93 in chips) 
_L2E_: posts small blind $0.02
GrooshBadoosh: posts big blind $0.05
*** HOLE CARDS ***
Dealt to Dorex2007 [7s Jc]
Troko50: folds 
beaucoupjoir: folds 
JRMorgz: folds 
ekinox07: folds 
Dorex2007: folds 
_Stells666: folds 
Troko50 leaves the table
Almanza63: folds 
_L2E_: raises $0.25 to $0.30
GrooshBadoosh: folds 
Uncalled bet ($0.25) returned to _L2E_
_L2E_ collected $0.10 from pot
_L2E_: doesn't show hand 
*** SUMMARY ***
Total pot $0.10 | Rake $0 
Seat 1: _L2E_ (small blind) collected ($0.10)
Seat 2: GrooshBadoosh (big blind) folded before Flop
Seat 3: Troko50 folded before Flop (didn't bet)
Seat 4: beaucoupjoir folded before Flop (didn't bet)
Seat 5: JRMorgz folded before Flop (didn't bet)
Seat 6: ekinox07 folded before Flop (didn't bet)
Seat 7: Dorex2007 folded before Flop (didn't bet)
Seat 8: _Stells666 folded before Flop (didn't bet)
Seat 9: Almanza63 (button) folded before Flop (didn't bet)



PokerStars Hand #238653135101:  Hold'em No Limit ($0.02/$0.05 USD) - 2022/09/15 16:43:16 PT [2022/09/15 19:43:16 ET]
Table 'Wasat II' 9-max Seat #1 is the button
Seat 1: _L2E_ ($6.20 in chips) 
Seat 2: GrooshBadoosh ($5.86 in chips) 
Seat 4: beaucoupjoir ($5.07 in chips) 
Seat 5: JRMorgz ($6.83 in chips) 
Seat 6: ekinox07 ($5.32 in chips) 
Seat 7: Dorex2007 ($5 in chips) 
Seat 8: _Stells666 ($6.41 in chips) 
Seat 9: Almanza63 ($4.93 in chips) 
GrooshBadoosh: posts small blind $0.02
beaucoupjoir: posts big blind $0.05
*** HOLE CARDS ***
Dealt to Dorex2007 [Qs 9c]
JRMorgz: folds 
ekinox07: folds 
Dorex2007: folds 
_Stells666: folds 
Almanza63: folds 
_L2E_: calls $0.05
sneakyasasin joins the table at seat #3 
GrooshBadoosh: raises $0.10 to $0.15
beaucoupjoir: folds 
_L2E_: calls $0.10
*** FLOP *** [Th 3c 5s]
GrooshBadoosh: checks 
_L2E_: checks 
*** TURN *** [Th 3c 5s] [3s]
GrooshBadoosh: checks 
_L2E_: checks 
*** RIVER *** [Th 3c 5s 3s] [Td]
GrooshBadoosh: checks 
_L2E_: checks 
*** SHOW DOWN ***
GrooshBadoosh: shows [Qc Jc] (two pair, Tens and Threes)
_L2E_: shows [6d 6s] (two pair, Tens and Sixes)
_L2E_ collected $0.34 from pot
*** SUMMARY ***
Total pot $0.35 | Rake $0.01 
Board [Th 3c 5s 3s Td]
Seat 1: _L2E_ (button) showed [6d 6s] and won ($0.34) with two pair, Tens and Sixes
Seat 2: GrooshBadoosh (small blind) showed [Qc Jc] and lost with two pair, Tens and Threes
Seat 4: beaucoupjoir (big blind) folded before Flop
Seat 5: JRMorgz folded before Flop (didn't bet)
Seat 6: ekinox07 folded before Flop (didn't bet)
Seat 7: Dorex2007 folded before Flop (didn't bet)
Seat 8: _Stells666 folded before Flop (didn't bet)
Seat 9: Almanza63 folded before Flop (didn't bet)



PokerStars Hand #238653150926:  Hold'em No Limit ($0.02/$0.05 USD) - 2022/09/15 16:44:18 PT [2022/09/15 19:44:18 ET]
Table 'Wasat II' 9-max Seat #2 is the button
Seat 1: _L2E_ ($6.39 in chips) 
Seat 2: GrooshBadoosh ($5.71 in chips) 
Seat 4: beaucoupjoir ($5.02 in chips) 
Seat 5: JRMorgz ($6.83 in chips) 
Seat 6: ekinox07 ($5.32 in chips) 
Seat 7: Dorex2007 ($5 in chips) 
Seat 8: _Stells666 ($6.41 in chips) 
Seat 9: Almanza63 ($4.93 in chips) 
beaucoupjoir: posts small blind $0.02
JRMorgz: posts big blind $0.05
*** HOLE CARDS ***
Dealt to Dorex2007 [9c Kc]
ekinox07: folds 
Dorex2007: folds 
_Stells666: folds 
Almanza63: folds 
_L2E_: folds 
GrooshBadoosh: folds 
beaucoupjoir: raises $0.10 to $0.15
JRMorgz: calls $0.10
*** FLOP *** [9d 7s As]
beaucoupjoir: bets $0.10
JRMorgz: raises $0.15 to $0.25
beaucoupjoir: folds 
Uncalled bet ($0.15) returned to JRMorgz
JRMorgz collected $0.48 from pot
*** SUMMARY ***
Total pot $0.50 | Rake $0.02 
Board [9d 7s As]
Seat 1: _L2E_ folded before Flop (didn't bet)
Seat 2: GrooshBadoosh (button) folded before Flop (didn't bet)
Seat 4: beaucoupjoir (small blind) folded on the Flop
Seat 5: JRMorgz (big blind) collected ($0.48)
Seat 6: ekinox07 folded before Flop (didn't bet)
Seat 7: Dorex2007 folded before Flop (didn't bet)
Seat 8: _Stells666 folded before Flop (didn't bet)
Seat 9: Almanza63 folded before Flop (didn't bet)



PokerStars Hand #238653162485:  Hold'em No Limit ($0.02/$0.05 USD) - 2022/09/15 16:45:04 PT [2022/09/15 19:45:04 ET]
Table 'Wasat II' 9-max Seat #4 is the button
Seat 1: _L2E_ ($6.39 in chips) 
Seat 2: GrooshBadoosh ($5.71 in chips) 
Seat 3: sneakyasasin ($5 in chips) 
Seat 4: beaucoupjoir ($4.77 in chips) 
Seat 5: JRMorgz ($7.06 in chips) 
Seat 6: ekinox07 ($5.32 in chips) 
Seat 7: Dorex2007 ($5 in chips) 
Seat 8: _Stells666 ($6.41 in chips) 
Seat 9: Almanza63 ($4.93 in chips) 
JRMorgz: posts small blind $0.02
ekinox07: posts big blind $0.05
sneakyasasin: posts big blind $0.05
*** HOLE CARDS ***
Dealt to Dorex2007 [Jh 2c]
Dorex2007: folds 
_Stells666: folds 
Almanza63: folds 
_L2E_: folds 
GrooshBadoosh: raises $0.05 to $0.10
sneakyasasin: folds 
beaucoupjoir: folds 
JRMorgz: folds 
ekinox07: folds 
Uncalled bet ($0.05) returned to GrooshBadoosh
GrooshBadoosh collected $0.17 from pot
*** SUMMARY ***
Total pot $0.17 | Rake $0 
Seat 1: _L2E_ folded before Flop (didn't bet)
Seat 2: GrooshBadoosh collected ($0.17)
Seat 3: sneakyasasin folded before Flop (didn't bet)
Seat 4: beaucoupjoir (button) folded before Flop (didn't bet)
Seat 5: JRMorgz (small blind) folded before Flop
Seat 6: ekinox07 (big blind) folded before Flop
Seat 7: Dorex2007 folded before Flop (didn't bet)
Seat 8: _Stells666 folded before Flop (didn't bet)
Seat 9: Almanza63 folded before Flop (didn't bet)



PokerStars Hand #238653168214:  Hold'em No Limit ($0.02/$0.05 USD) - 2022/09/15 16:45:27 PT [2022/09/15 19:45:27 ET]
Table 'Wasat II' 9-max Seat #5 is the button
Seat 1: _L2E_ ($6.39 in chips) 
Seat 2: GrooshBadoosh ($5.83 in chips) 
Seat 3: sneakyasasin ($4.95 in chips) 
Seat 4: beaucoupjoir ($4.77 in chips) 
Seat 5: JRMorgz ($7.04 in chips) 
Seat 6: ekinox07 ($5.27 in chips) 
Seat 7: Dorex2007 ($5 in chips) 
Seat 8: _Stells666 ($6.41 in chips) 
Seat 9: Almanza63 ($4.93 in chips) 
ekinox07: posts small blind $0.02
Dorex2007: posts big blind $0.05
*** HOLE CARDS ***
Dealt to Dorex2007 [Kh 4d]
_Stells666: folds 
Almanza63: folds 
_L2E_: folds 
GrooshBadoosh: folds 
sneakyasasin: folds 
beaucoupjoir: folds 
JRMorgz: raises $0.10 to $0.15
ekinox07: folds 
Dorex2007: folds 
Uncalled bet ($0.10) returned to JRMorgz
JRMorgz collected $0.12 from pot
*** SUMMARY ***
Total pot $0.12 | Rake $0 
Seat 1: _L2E_ folded before Flop (didn't bet)
Seat 2: GrooshBadoosh folded before Flop (didn't bet)
Seat 3: sneakyasasin folded before Flop (didn't bet)
Seat 4: beaucoupjoir folded before Flop (didn't bet)
Seat 5: JRMorgz (button) collected ($0.12)
Seat 6: ekinox07 (small blind) folded before Flop
Seat 7: Dorex2007 (big blind) folded before Flop
Seat 8: _Stells666 folded before Flop (didn't bet)
Seat 9: Almanza63 folded before Flop (didn't bet)



PokerStars Hand #238653172269:  Hold'em No Limit ($0.02/$0.05 USD) - 2022/09/15 16:45:43 PT [2022/09/15 19:45:43 ET]
Table 'Wasat II' 9-max Seat #6 is the button
Seat 1: _L2E_ ($6.39 in chips) 
Seat 2: GrooshBadoosh ($5.83 in chips) 
Seat 3: sneakyasasin ($4.95 in chips) 
Seat 4: beaucoupjoir ($4.77 in chips) 
Seat 5: JRMorgz ($7.11 in chips) 
Seat 6: ekinox07 ($5.25 in chips) 
Seat 7: Dorex2007 ($5 in chips) 
Seat 9: Almanza63 ($4.93 in chips) 
Dorex2007: posts small blind $0.02
_Stells666: is sitting out 
Almanza63: posts big blind $0.05
*** HOLE CARDS ***
Dealt to Dorex2007 [4d 9s]
_L2E_: folds 
GrooshBadoosh: folds 
sneakyasasin: folds 
beaucoupjoir: folds 
JRMorgz has timed out
JRMorgz: folds 
ekinox07: folds 
Dorex2007: folds 
Uncalled bet ($0.03) returned to Almanza63
Almanza63 collected $0.04 from pot
Almanza63: doesn't show hand 
*** SUMMARY ***
Total pot $0.04 | Rake $0 
Seat 1: _L2E_ folded before Flop (didn't bet)
Seat 2: GrooshBadoosh folded before Flop (didn't bet)
Seat 3: sneakyasasin folded before Flop (didn't bet)
Seat 4: beaucoupjoir folded before Flop (didn't bet)
Seat 5: JRMorgz folded before Flop (didn't bet)
Seat 6: ekinox07 (button) folded before Flop (didn't bet)
Seat 7: Dorex2007 (small blind) folded before Flop
Seat 9: Almanza63 (big blind) collected ($0.04)



PokerStars Hand #238653177543:  Hold'em No Limit ($0.02/$0.05 USD) - 2022/09/15 16:46:04 PT [2022/09/15 19:46:04 ET]
Table 'Wasat II' 9-max Seat #7 is the button
Seat 1: _L2E_ ($6.39 in chips) 
Seat 2: GrooshBadoosh ($5.83 in chips) 
Seat 3: sneakyasasin ($4.95 in chips) 
Seat 4: beaucoupjoir ($5 in chips) 
Seat 6: ekinox07 ($5.25 in chips) 
Seat 7: Dorex2007 ($5 in chips) 
Seat 9: Almanza63 ($4.95 in chips) 
Almanza63: posts small blind $0.02
_L2E_: posts big blind $0.05
*** HOLE CARDS ***
Dealt to Dorex2007 [As 8h]
GrooshBadoosh: raises $0.05 to $0.10
sneakyasasin: folds 
beaucoupjoir: raises $0.15 to $0.25
ekinox07: folds 
Dorex2007: folds 
_Stells666 leaves the table
Almanza63: folds 
_L2E_: folds 
GrooshBadoosh: calls $0.15
*** FLOP *** [Th 6s 3d]
In-Solem joins the table at seat #8 
GrooshBadoosh: checks 
beaucoupjoir: bets $0.18
GrooshBadoosh: calls $0.18
*** TURN *** [Th 6s 3d] [5s]
GrooshBadoosh: checks 
beaucoupjoir: bets $0.35
GrooshBadoosh: raises $0.70 to $1.05
beaucoupjoir: calls $0.70
*** RIVER *** [Th 6s 3d 5s] [Ac]
GrooshBadoosh: bets $4.35 and is all-in
beaucoupjoir: calls $3.52 and is all-in
Uncalled bet ($0.83) returned to GrooshBadoosh
*** SHOW DOWN ***
GrooshBadoosh: shows [Kc Jc] (high card Ace)
beaucoupjoir: shows [Ad Ts] (two pair, Aces and Tens)
beaucoupjoir collected $9.65 from pot
*** SUMMARY ***
Total pot $10.07 | Rake $0.42 
Board [Th 6s 3d 5s Ac]
Seat 1: _L2E_ (big blind) folded before Flop
Seat 2: GrooshBadoosh showed [Kc Jc] and lost with high card Ace
Seat 3: sneakyasasin folded before Flop (didn't bet)
Seat 4: beaucoupjoir showed [Ad Ts] and won ($9.65) with two pair, Aces and Tens
Seat 6: ekinox07 folded before Flop (didn't bet)
Seat 7: Dorex2007 (button) folded before Flop (didn't bet)
Seat 9: Almanza63 (small blind) folded before Flop



PokerStars Hand #238653198576:  Hold'em No Limit ($0.02/$0.05 USD) - 2022/09/15 16:47:28 PT [2022/09/15 19:47:28 ET]
Table 'Wasat II' 9-max Seat #9 is the button
Seat 1: _L2E_ ($6.34 in chips) 
Seat 2: GrooshBadoosh ($5 in chips) 
Seat 3: sneakyasasin ($4.95 in chips) 
Seat 4: beaucoupjoir ($9.65 in chips) 
Seat 5: JRMorgz ($7.11 in chips) 
Seat 6: ekinox07 ($5.25 in chips) 
Seat 7: Dorex2007 ($5 in chips) 
Seat 8: In-Solem ($5 in chips) 
Seat 9: Almanza63 ($4.93 in chips) 
_L2E_: posts small blind $0.02
GrooshBadoosh: posts big blind $0.05
In-Solem: posts big blind $0.05
*** HOLE CARDS ***
Dealt to Dorex2007 [8s 9s]
sneakyasasin: calls $0.05
beaucoupjoir: folds 
JRMorgz: folds 
ekinox07: folds 
Dorex2007: raises $0.10 to $0.15
In-Solem: folds 
Almanza63: folds 
_L2E_: calls $0.13
GrooshBadoosh: raises $0.30 to $0.45
sneakyasasin: folds 
Dorex2007: folds 
_L2E_: folds 
Uncalled bet ($0.30) returned to GrooshBadoosh
GrooshBadoosh collected $0.55 from pot
*** SUMMARY ***
Total pot $0.55 | Rake $0 
Seat 1: _L2E_ (small blind) folded before Flop
Seat 2: GrooshBadoosh (big blind) collected ($0.55)
Seat 3: sneakyasasin folded before Flop
Seat 4: beaucoupjoir folded before Flop (didn't bet)
Seat 5: JRMorgz folded before Flop (didn't bet)
Seat 6: ekinox07 folded before Flop (didn't bet)
Seat 7: Dorex2007 folded before Flop
Seat 8: In-Solem folded before Flop (didn't bet)
Seat 9: Almanza63 (button) folded before Flop (didn't bet)



PokerStars Hand #238653208690:  Hold'em No Limit ($0.02/$0.05 USD) - 2022/09/15 16:48:09 PT [2022/09/15 19:48:09 ET]
Table 'Wasat II' 9-max Seat #1 is the button
Seat 1: _L2E_ ($6.19 in chips) 
Seat 2: GrooshBadoosh ($5.40 in chips) 
Seat 3: sneakyasasin ($4.90 in chips) 
Seat 4: beaucoupjoir ($9.65 in chips) 
Seat 5: JRMorgz ($7.11 in chips) 
Seat 6: ekinox07 ($5.25 in chips) 
Seat 7: Dorex2007 ($5 in chips) 
Seat 8: In-Solem ($4.95 in chips) 
Seat 9: Almanza63 ($4.93 in chips) 
GrooshBadoosh: posts small blind $0.02
sneakyasasin: posts big blind $0.05
*** HOLE CARDS ***
Dealt to Dorex2007 [5d Qs]
beaucoupjoir: folds 
JRMorgz: folds 
ekinox07: folds 
Dorex2007: folds 
In-Solem: folds 
Almanza63: folds 
_L2E_: folds 
GrooshBadoosh: folds 
Uncalled bet ($0.03) returned to sneakyasasin
sneakyasasin collected $0.04 from pot
sneakyasasin: doesn't show hand 
*** SUMMARY ***
Total pot $0.04 | Rake $0 
Seat 1: _L2E_ (button) folded before Flop (didn't bet)
Seat 2: GrooshBadoosh (small blind) folded before Flop
Seat 3: sneakyasasin (big blind) collected ($0.04)
Seat 4: beaucoupjoir folded before Flop (didn't bet)
Seat 5: JRMorgz folded before Flop (didn't bet)
Seat 6: ekinox07 folded before Flop (didn't bet)
Seat 7: Dorex2007 folded before Flop (didn't bet)
Seat 8: In-Solem folded before Flop (didn't bet)
Seat 9: Almanza63 folded before Flop (didn't bet)



PokerStars Hand #238653212231:  Hold'em No Limit ($0.02/$0.05 USD) - 2022/09/15 16:48:23 PT [2022/09/15 19:48:23 ET]
Table 'Wasat II' 9-max Seat #2 is the button
Seat 1: _L2E_ ($6.19 in chips) 
Seat 2: GrooshBadoosh ($5.38 in chips) 
Seat 3: sneakyasasin ($4.92 in chips) 
Seat 4: beaucoupjoir ($9.65 in chips) 
Seat 5: JRMorgz ($7.11 in chips) 
Seat 6: ekinox07 ($5.25 in chips) 
Seat 7: Dorex2007 ($5 in chips) 
Seat 8: In-Solem ($4.95 in chips) 
Seat 9: Almanza63 ($4.93 in chips) 
sneakyasasin: posts small blind $0.02
beaucoupjoir: posts big blind $0.05
*** HOLE CARDS ***
Dealt to Dorex2007 [Jh Qc]
JRMorgz: folds 
ekinox07: folds 
Dorex2007: folds 
In-Solem: raises $0.10 to $0.15
Almanza63: folds 
_L2E_: folds 
GrooshBadoosh: folds 
sneakyasasin: folds 
beaucoupjoir: folds 
Uncalled bet ($0.10) returned to In-Solem
In-Solem collected $0.12 from pot
*** SUMMARY ***
Total pot $0.12 | Rake $0 
Seat 1: _L2E_ folded before Flop (didn't bet)
Seat 2: GrooshBadoosh (button) folded before Flop (didn't bet)
Seat 3: sneakyasasin (small blind) folded before Flop
Seat 4: beaucoupjoir (big blind) folded before Flop
Seat 5: JRMorgz folded before Flop (didn't bet)
Seat 6: ekinox07 folded before Flop (didn't bet)
Seat 7: Dorex2007 folded before Flop (didn't bet)
Seat 8: In-Solem collected ($0.12)
Seat 9: Almanza63 folded before Flop (didn't bet)



PokerStars Hand #238653220390:  Hold'em No Limit ($0.02/$0.05 USD) - 2022/09/15 16:48:56 PT [2022/09/15 19:48:56 ET]
Table 'Wasat II' 9-max Seat #3 is the button
Seat 1: _L2E_ ($6.19 in chips) 
Seat 2: GrooshBadoosh ($5.38 in chips) 
Seat 3: sneakyasasin ($4.90 in chips) 
Seat 4: beaucoupjoir ($9.60 in chips) 
Seat 5: JRMorgz ($7.11 in chips) 
Seat 6: ekinox07 ($5.25 in chips) 
Seat 7: Dorex2007 ($5 in chips) 
Seat 8: In-Solem ($5.02 in chips) 
Seat 9: Almanza63 ($4.93 in chips) 
beaucoupjoir: posts small blind $0.02
JRMorgz: posts big blind $0.05
*** HOLE CARDS ***
Dealt to Dorex2007 [Tc Jd]
ekinox07: folds 
Dorex2007: folds 
In-Solem: folds 
Almanza63: folds 
_L2E_: calls $0.05
GrooshBadoosh: folds 
sneakyasasin: folds 
beaucoupjoir: folds 
JRMorgz: checks 
*** FLOP *** [5d 3h 4h]
JRMorgz: checks 
_L2E_: checks 
*** TURN *** [5d 3h 4h] [4c]
JRMorgz: bets $0.12
_L2E_: folds 
Uncalled bet ($0.12) returned to JRMorgz
JRMorgz collected $0.12 from pot
*** SUMMARY ***
Total pot $0.12 | Rake $0 
Board [5d 3h 4h 4c]
Seat 1: _L2E_ folded on the Turn
Seat 2: GrooshBadoosh folded before Flop (didn't bet)
Seat 3: sneakyasasin (button) folded before Flop (didn't bet)
Seat 4: beaucoupjoir (small blind) folded before Flop
Seat 5: JRMorgz (big blind) collected ($0.12)
Seat 6: ekinox07 folded before Flop (didn't bet)
Seat 7: Dorex2007 folded before Flop (didn't bet)
Seat 8: In-Solem folded before Flop (didn't bet)
Seat 9: Almanza63 folded before Flop (didn't bet)



PokerStars Hand #238653229458:  Hold'em No Limit ($0.02/$0.05 USD) - 2022/09/15 16:49:33 PT [2022/09/15 19:49:33 ET]
Table 'Wasat II' 9-max Seat #4 is the button
Seat 1: _L2E_ ($6.14 in chips) 
Seat 2: GrooshBadoosh ($5.38 in chips) 
Seat 3: sneakyasasin ($4.90 in chips) 
Seat 4: beaucoupjoir ($9.58 in chips) 
Seat 5: JRMorgz ($7.18 in chips) 
Seat 6: ekinox07 ($5.25 in chips) 
Seat 7: Dorex2007 ($5 in chips) 
Seat 8: In-Solem ($5.02 in chips) 
Seat 9: Almanza63 ($4.93 in chips) 
JRMorgz: posts small blind $0.02
ekinox07: posts big blind $0.05
*** HOLE CARDS ***
Dealt to Dorex2007 [Jd 9d]
Dorex2007: folds 
In-Solem: folds 
Almanza63: folds 
_L2E_: calls $0.05
GrooshBadoosh: folds 
sneakyasasin: folds 
beaucoupjoir: raises $0.15 to $0.20
JRMorgz: folds 
ekinox07: folds 
_L2E_: folds 
Uncalled bet ($0.15) returned to beaucoupjoir
beaucoupjoir collected $0.17 from pot
beaucoupjoir: doesn't show hand 
*** SUMMARY ***
Total pot $0.17 | Rake $0 
Seat 1: _L2E_ folded before Flop
Seat 2: GrooshBadoosh folded before Flop (didn't bet)
Seat 3: sneakyasasin folded before Flop (didn't bet)
Seat 4: beaucoupjoir (button) collected ($0.17)
Seat 5: JRMorgz (small blind) folded before Flop
Seat 6: ekinox07 (big blind) folded before Flop
Seat 7: Dorex2007 folded before Flop (didn't bet)
Seat 8: In-Solem folded before Flop (didn't bet)
Seat 9: Almanza63 folded before Flop (didn't bet)



PokerStars Hand #238653235891:  Hold'em No Limit ($0.02/$0.05 USD) - 2022/09/15 16:50:00 PT [2022/09/15 19:50:00 ET]
Table 'Wasat II' 9-max Seat #5 is the button
Seat 1: _L2E_ ($6.09 in chips) 
Seat 2: GrooshBadoosh ($5.38 in chips) 
Seat 3: sneakyasasin ($4.90 in chips) 
Seat 4: beaucoupjoir ($9.70 in chips) 
Seat 5: JRMorgz ($7.16 in chips) 
Seat 6: ekinox07 ($5.20 in chips) 
Seat 7: Dorex2007 ($5 in chips) 
Seat 8: In-Solem ($5.02 in chips) 
Seat 9: Almanza63 ($4.93 in chips) 
ekinox07: posts small blind $0.02
Dorex2007: posts big blind $0.05
*** HOLE CARDS ***
Dealt to Dorex2007 [6d Tc]
In-Solem: folds 
Almanza63: folds 
_L2E_: folds 
GrooshBadoosh: folds 
sneakyasasin: folds 
In-Solem leaves the table
beaucoupjoir: folds 
JRMorgz: raises $0.10 to $0.15
ekinox07: folds 
Dorex2007: folds 
Uncalled bet ($0.10) returned to JRMorgz
JRMorgz collected $0.12 from pot
*** SUMMARY ***
Total pot $0.12 | Rake $0 
Seat 1: _L2E_ folded before Flop (didn't bet)
Seat 2: GrooshBadoosh folded before Flop (didn't bet)
Seat 3: sneakyasasin folded before Flop (didn't bet)
Seat 4: beaucoupjoir folded before Flop (didn't bet)
Seat 5: JRMorgz (button) collected ($0.12)
Seat 6: ekinox07 (small blind) folded before Flop
Seat 7: Dorex2007 (big blind) folded before Flop
Seat 8: In-Solem folded before Flop (didn't bet)
Seat 9: Almanza63 folded before Flop (didn't bet)



PokerStars Hand #238653240692:  Hold'em No Limit ($0.02/$0.05 USD) - 2022/09/15 16:50:19 PT [2022/09/15 19:50:19 ET]
Table 'Wasat II' 9-max Seat #6 is the button
Seat 1: _L2E_ ($6.09 in chips) 
Seat 2: GrooshBadoosh ($5.38 in chips) 
Seat 3: sneakyasasin ($4.90 in chips) 
Seat 4: beaucoupjoir ($9.70 in chips) 
Seat 5: JRMorgz ($7.23 in chips) 
Seat 6: ekinox07 ($5.18 in chips) 
Seat 7: Dorex2007 ($5 in chips) 
Seat 9: Almanza63 ($4.93 in chips) 
Dorex2007: posts small blind $0.02
Almanza63: posts big blind $0.05
*** HOLE CARDS ***
Dealt to Dorex2007 [Kc 6d]
_L2E_: calls $0.05
GrooshBadoosh: folds 
sneakyasasin: folds 
beaucoupjoir: folds 
JRMorgz: folds 
ekinox07: folds 
Dorex2007: folds 
Almanza63: checks 
*** FLOP *** [8c Js 9h]
Almanza63: checks 
_L2E_: checks 
*** TURN *** [8c Js 9h] [Jd]
Almanza63: bets $0.06
sneakyasasin leaves the table
_L2E_: calls $0.06
*** RIVER *** [8c Js 9h Jd] [Qh]
Almanza63: checks 
_L2E_: bets $0.11
Almanza63: calls $0.11
*** SHOW DOWN ***
_L2E_: shows [Jh Td] (a straight, Eight to Queen)
Almanza63: mucks hand 
_L2E_ collected $0.44 from pot
*** SUMMARY ***
Total pot $0.46 | Rake $0.02 
Board [8c Js 9h Jd Qh]
Seat 1: _L2E_ showed [Jh Td] and won ($0.44) with a straight, Eight to Queen
Seat 2: GrooshBadoosh folded before Flop (didn't bet)
Seat 3: sneakyasasin folded before Flop (didn't bet)
Seat 4: beaucoupjoir folded before Flop (didn't bet)
Seat 5: JRMorgz folded before Flop (didn't bet)
Seat 6: ekinox07 (button) folded before Flop (didn't bet)
Seat 7: Dorex2007 (small blind) folded before Flop
Seat 9: Almanza63 (big blind) mucked [7c 9d]



PokerStars Hand #238653257363:  Hold'em No Limit ($0.02/$0.05 USD) - 2022/09/15 16:51:28 PT [2022/09/15 19:51:28 ET]
Table 'Wasat II' 9-max Seat #7 is the button
Seat 1: _L2E_ ($6.31 in chips) 
Seat 2: GrooshBadoosh ($5.38 in chips) 
Seat 4: beaucoupjoir ($9.70 in chips) 
Seat 5: JRMorgz ($7.23 in chips) 
Seat 6: ekinox07 ($5.18 in chips) 
Seat 7: Dorex2007 ($5 in chips) 
Seat 9: Almanza63 ($4.71 in chips) 
Almanza63: posts small blind $0.02
_L2E_: posts big blind $0.05
*** HOLE CARDS ***
Dealt to Dorex2007 [8h 2d]
GrooshBadoosh: raises $0.05 to $0.10
beaucoupjoir: folds 
JRMorgz: raises $0.20 to $0.30
ekinox07: folds 
Dorex2007: folds 
Almanza63: folds 
_L2E_: folds 
GrooshBadoosh: raises $0.30 to $0.60
JRMorgz: raises $6.63 to $7.23 and is all-in
GrooshBadoosh: calls $4.78 and is all-in
Uncalled bet ($1.85) returned to JRMorgz
*** FLOP *** [4c Tc Jh]
*** TURN *** [4c Tc Jh] [4h]
*** RIVER *** [4c Tc Jh 4h] [Qh]
*** SHOW DOWN ***
GrooshBadoosh: shows [Ad Ah] (two pair, Aces and Fours)
JRMorgz: shows [Ks Kd] (two pair, Kings and Fours)
GrooshBadoosh collected $10.38 from pot
*** SUMMARY ***
Total pot $10.83 | Rake $0.45 
Board [4c Tc Jh 4h Qh]
Seat 1: _L2E_ (big blind) folded before Flop
Seat 2: GrooshBadoosh showed [Ad Ah] and won ($10.38) with two pair, Aces and Fours
Seat 4: beaucoupjoir folded before Flop (didn't bet)
Seat 5: JRMorgz showed [Ks Kd] and lost with two pair, Kings and Fours
Seat 6: ekinox07 folded before Flop (didn't bet)
Seat 7: Dorex2007 (button) folded before Flop (didn't bet)
Seat 9: Almanza63 (small blind) folded before Flop



