PokerStars Hand #238418717207:  Hold'em No Limit ($0.02/$0.05 USD) - 2022/09/04 13:55:38 PT [2022/09/04 16:55:38 ET]
Table 'Anastasia' 9-max Seat #1 is the button
Seat 1: Beatlebud7 ($7.32 in chips) 
Seat 2: TTomi18 ($6.68 in chips) 
Seat 3: pokergon74 ($4.80 in chips) 
Seat 4: Gomez224 ($1.93 in chips) 
Seat 5: 6tee ($7.58 in chips) 
Seat 6: megtorlo2244 ($4 in chips) 
Seat 7: lukar88dy ($3.21 in chips) 
Seat 8: gmitoi ($5.89 in chips) 
Seat 9: Dorex2007 ($5 in chips) 
TTomi18: posts small blind $0.02
pokergon74: posts big blind $0.05
Dorex2007: posts big blind $0.05
*** HOLE CARDS ***
Dealt to Dorex2007 [4h Kh]
Gomez224: folds 
6tee: folds 
megtorlo2244: folds 
lukar88dy: folds 
gmitoi: folds 
Dorex2007: checks 
Beatlebud7: folds 
TTomi18: raises $0.15 to $0.20
pokergon74: folds 
Dorex2007: folds 
Uncalled bet ($0.15) returned to TTomi18
TTomi18 collected $0.15 from pot
TTomi18: doesn't show hand 
*** SUMMARY ***
Total pot $0.15 | Rake $0 
Seat 1: Beatlebud7 (button) folded before Flop (didn't bet)
Seat 2: TTomi18 (small blind) collected ($0.15)
Seat 3: pokergon74 (big blind) folded before Flop
Seat 4: Gomez224 folded before Flop (didn't bet)
Seat 5: 6tee folded before Flop (didn't bet)
Seat 6: megtorlo2244 folded before Flop (didn't bet)
Seat 7: lukar88dy folded before Flop (didn't bet)
Seat 8: gmitoi folded before Flop (didn't bet)
Seat 9: Dorex2007 folded before Flop (didn't bet)



PokerStars Hand #238418727223:  Hold'em No Limit ($0.02/$0.05 USD) - 2022/09/04 13:56:14 PT [2022/09/04 16:56:14 ET]
Table 'Anastasia' 9-max Seat #2 is the button
Seat 1: Beatlebud7 ($7.32 in chips) 
Seat 2: TTomi18 ($6.78 in chips) 
Seat 3: pokergon74 ($4.75 in chips) 
Seat 4: Gomez224 ($1.93 in chips) 
Seat 5: 6tee ($7.58 in chips) 
Seat 6: megtorlo2244 ($4 in chips) 
Seat 7: lukar88dy ($3.21 in chips) 
Seat 8: gmitoi ($5.89 in chips) 
Seat 9: Dorex2007 ($5 in chips) 
pokergon74: posts small blind $0.02
Gomez224: posts big blind $0.05
*** HOLE CARDS ***
Dealt to Dorex2007 [Kh Js]
6tee: folds 
megtorlo2244: folds 
lukar88dy: folds 
gmitoi: raises $0.10 to $0.15
Dorex2007: folds 
Beatlebud7: folds 
TTomi18: folds 
pokergon74: calls $0.13
Gomez224: folds 
*** FLOP *** [2h 9s 5d]
pokergon74: bets $0.05
gmitoi: raises $0.22 to $0.27
pokergon74: folds 
Uncalled bet ($0.22) returned to gmitoi
gmitoi collected $0.43 from pot
gmitoi: doesn't show hand 
*** SUMMARY ***
Total pot $0.45 | Rake $0.02 
Board [2h 9s 5d]
Seat 1: Beatlebud7 folded before Flop (didn't bet)
Seat 2: TTomi18 (button) folded before Flop (didn't bet)
Seat 3: pokergon74 (small blind) folded on the Flop
Seat 4: Gomez224 (big blind) folded before Flop
Seat 5: 6tee folded before Flop (didn't bet)
Seat 6: megtorlo2244 folded before Flop (didn't bet)
Seat 7: lukar88dy folded before Flop (didn't bet)
Seat 8: gmitoi collected ($0.43)
Seat 9: Dorex2007 folded before Flop (didn't bet)



PokerStars Hand #238418740678:  Hold'em No Limit ($0.02/$0.05 USD) - 2022/09/04 13:57:01 PT [2022/09/04 16:57:01 ET]
Table 'Anastasia' 9-max Seat #3 is the button
Seat 1: Beatlebud7 ($7.32 in chips) 
Seat 2: TTomi18 ($6.78 in chips) 
Seat 3: pokergon74 ($4.55 in chips) 
Seat 4: Gomez224 ($1.88 in chips) 
Seat 5: 6tee ($7.58 in chips) 
Seat 6: megtorlo2244 ($4 in chips) 
Seat 7: lukar88dy ($3.21 in chips) 
Seat 8: gmitoi ($6.12 in chips) 
Seat 9: Dorex2007 ($5 in chips) 
Gomez224: posts small blind $0.02
6tee: posts big blind $0.05
*** HOLE CARDS ***
Dealt to Dorex2007 [6d 6s]
megtorlo2244: folds 
lukar88dy: folds 
gmitoi: raises $0.10 to $0.15
Dorex2007: calls $0.15
Beatlebud7: folds 
TTomi18: raises $0.40 to $0.55
pokergon74: folds 
Gomez224: folds 
6tee: folds 
gmitoi: folds 
Dorex2007: folds 
Uncalled bet ($0.40) returned to TTomi18
TTomi18 collected $0.52 from pot
TTomi18: doesn't show hand 
*** SUMMARY ***
Total pot $0.52 | Rake $0 
Seat 1: Beatlebud7 folded before Flop (didn't bet)
Seat 2: TTomi18 collected ($0.52)
Seat 3: pokergon74 (button) folded before Flop (didn't bet)
Seat 4: Gomez224 (small blind) folded before Flop
Seat 5: 6tee (big blind) folded before Flop
Seat 6: megtorlo2244 folded before Flop (didn't bet)
Seat 7: lukar88dy folded before Flop (didn't bet)
Seat 8: gmitoi folded before Flop
Seat 9: Dorex2007 folded before Flop



PokerStars Hand #238418752021:  Hold'em No Limit ($0.02/$0.05 USD) - 2022/09/04 13:57:40 PT [2022/09/04 16:57:40 ET]
Table 'Anastasia' 9-max Seat #4 is the button
Seat 1: Beatlebud7 ($7.32 in chips) 
Seat 2: TTomi18 ($7.15 in chips) 
Seat 3: pokergon74 ($4.55 in chips) 
Seat 4: Gomez224 ($1.86 in chips) 
Seat 5: 6tee ($7.53 in chips) 
Seat 6: megtorlo2244 ($4 in chips) 
Seat 7: lukar88dy ($3.21 in chips) 
Seat 8: gmitoi ($5.97 in chips) 
Seat 9: Dorex2007 ($5 in chips) 
6tee: posts small blind $0.02
megtorlo2244: posts big blind $0.05
*** HOLE CARDS ***
Dealt to Dorex2007 [Qd Ts]
lukar88dy: raises $0.05 to $0.10
gmitoi: folds 
Dorex2007: folds 
Beatlebud7: folds 
TTomi18: folds 
pokergon74: raises $0.05 to $0.15
Gomez224: folds 
6tee: folds 
megtorlo2244: folds 
lukar88dy: calls $0.05
*** FLOP *** [Kh As 4h]
lukar88dy: bets $0.17
pokergon74: calls $0.17
*** TURN *** [Kh As 4h] [2d]
lukar88dy: bets $0.05
pokergon74: raises $1.15 to $1.20
lukar88dy: calls $1.15
*** RIVER *** [Kh As 4h 2d] [Qs]
lukar88dy: bets $0.05
pokergon74: raises $1.75 to $1.80
lukar88dy: folds 
Uncalled bet ($1.75) returned to pokergon74
pokergon74 collected $3.08 from pot
pokergon74: doesn't show hand 
*** SUMMARY ***
Total pot $3.21 | Rake $0.13 
Board [Kh As 4h 2d Qs]
Seat 1: Beatlebud7 folded before Flop (didn't bet)
Seat 2: TTomi18 folded before Flop (didn't bet)
Seat 3: pokergon74 collected ($3.08)
Seat 4: Gomez224 (button) folded before Flop (didn't bet)
Seat 5: 6tee (small blind) folded before Flop
Seat 6: megtorlo2244 (big blind) folded before Flop
Seat 7: lukar88dy folded on the River
Seat 8: gmitoi folded before Flop (didn't bet)
Seat 9: Dorex2007 folded before Flop (didn't bet)



PokerStars Hand #238418778135:  Hold'em No Limit ($0.02/$0.05 USD) - 2022/09/04 13:59:11 PT [2022/09/04 16:59:11 ET]
Table 'Anastasia' 9-max Seat #5 is the button
Seat 1: Beatlebud7 ($7.32 in chips) 
Seat 2: TTomi18 ($7.15 in chips) 
Seat 3: pokergon74 ($6.06 in chips) 
Seat 4: Gomez224 ($2 in chips) 
Seat 5: 6tee ($7.51 in chips) 
Seat 6: megtorlo2244 ($4 in chips) 
Seat 7: lukar88dy ($1.64 in chips) 
Seat 8: gmitoi ($5.97 in chips) 
Seat 9: Dorex2007 ($5 in chips) 
megtorlo2244: posts small blind $0.02
lukar88dy: posts big blind $0.05
*** HOLE CARDS ***
Dealt to Dorex2007 [4d 2d]
gmitoi: folds 
Dorex2007: folds 
Beatlebud7: folds 
TTomi18: folds 
pokergon74: folds 
Gomez224: folds 
6tee: folds 
megtorlo2244: folds 
Uncalled bet ($0.03) returned to lukar88dy
lukar88dy collected $0.04 from pot
*** SUMMARY ***
Total pot $0.04 | Rake $0 
Seat 1: Beatlebud7 folded before Flop (didn't bet)
Seat 2: TTomi18 folded before Flop (didn't bet)
Seat 3: pokergon74 folded before Flop (didn't bet)
Seat 4: Gomez224 folded before Flop (didn't bet)
Seat 5: 6tee (button) folded before Flop (didn't bet)
Seat 6: megtorlo2244 (small blind) folded before Flop
Seat 7: lukar88dy (big blind) collected ($0.04)
Seat 8: gmitoi folded before Flop (didn't bet)
Seat 9: Dorex2007 folded before Flop (didn't bet)



PokerStars Hand #238418782770:  Hold'em No Limit ($0.02/$0.05 USD) - 2022/09/04 13:59:28 PT [2022/09/04 16:59:28 ET]
Table 'Anastasia' 9-max Seat #6 is the button
Seat 1: Beatlebud7 ($7.32 in chips) 
Seat 2: TTomi18 ($7.15 in chips) 
Seat 3: pokergon74 ($6.06 in chips) 
Seat 4: Gomez224 ($2 in chips) 
Seat 5: 6tee ($7.51 in chips) 
Seat 6: megtorlo2244 ($4 in chips) 
Seat 7: lukar88dy ($1.66 in chips) 
Seat 8: gmitoi ($5.97 in chips) 
Seat 9: Dorex2007 ($5 in chips) 
lukar88dy: posts small blind $0.02
gmitoi: posts big blind $0.05
*** HOLE CARDS ***
Dealt to Dorex2007 [Ad 5s]
Dorex2007: folds 
Beatlebud7: folds 
TTomi18: folds 
pokergon74: calls $0.05
Gomez224: folds 
6tee: folds 
megtorlo2244: folds 
lukar88dy: folds 
gmitoi: checks 
*** FLOP *** [Tc Kc Td]
gmitoi: checks 
pokergon74: checks 
*** TURN *** [Tc Kc Td] [3d]
gmitoi: checks 
pokergon74: bets $0.05
gmitoi: folds 
Uncalled bet ($0.05) returned to pokergon74
pokergon74 collected $0.12 from pot
pokergon74: doesn't show hand 
*** SUMMARY ***
Total pot $0.12 | Rake $0 
Board [Tc Kc Td 3d]
Seat 1: Beatlebud7 folded before Flop (didn't bet)
Seat 2: TTomi18 folded before Flop (didn't bet)
Seat 3: pokergon74 collected ($0.12)
Seat 4: Gomez224 folded before Flop (didn't bet)
Seat 5: 6tee folded before Flop (didn't bet)
Seat 6: megtorlo2244 (button) folded before Flop (didn't bet)
Seat 7: lukar88dy (small blind) folded before Flop
Seat 8: gmitoi (big blind) folded on the Turn
Seat 9: Dorex2007 folded before Flop (didn't bet)



PokerStars Hand #238418794044:  Hold'em No Limit ($0.02/$0.05 USD) - 2022/09/04 14:00:07 PT [2022/09/04 17:00:07 ET]
Table 'Anastasia' 9-max Seat #7 is the button
Seat 1: Beatlebud7 ($7.32 in chips) 
Seat 2: TTomi18 ($7.15 in chips) 
Seat 3: pokergon74 ($6.13 in chips) 
Seat 4: Gomez224 ($2 in chips) 
Seat 5: 6tee ($7.51 in chips) 
Seat 6: megtorlo2244 ($4 in chips) 
Seat 7: lukar88dy ($1.64 in chips) 
Seat 8: gmitoi ($5.92 in chips) 
Seat 9: Dorex2007 ($5 in chips) 
gmitoi: posts small blind $0.02
Dorex2007: posts big blind $0.05
*** HOLE CARDS ***
Dealt to Dorex2007 [7h Tc]
Beatlebud7: folds 
TTomi18: folds 
pokergon74: calls $0.05
Gomez224: folds 
6tee: folds 
megtorlo2244: folds 
lukar88dy: folds 
gmitoi: folds 
Dorex2007: checks 
*** FLOP *** [Qc 3c 8h]
Dorex2007: checks 
pokergon74: checks 
*** TURN *** [Qc 3c 8h] [Jc]
Dorex2007: checks 
pokergon74: bets $0.05
Dorex2007: folds 
Uncalled bet ($0.05) returned to pokergon74
pokergon74 collected $0.12 from pot
pokergon74: doesn't show hand 
*** SUMMARY ***
Total pot $0.12 | Rake $0 
Board [Qc 3c 8h Jc]
Seat 1: Beatlebud7 folded before Flop (didn't bet)
Seat 2: TTomi18 folded before Flop (didn't bet)
Seat 3: pokergon74 collected ($0.12)
Seat 4: Gomez224 folded before Flop (didn't bet)
Seat 5: 6tee folded before Flop (didn't bet)
Seat 6: megtorlo2244 folded before Flop (didn't bet)
Seat 7: lukar88dy (button) folded before Flop (didn't bet)
Seat 8: gmitoi (small blind) folded before Flop
Seat 9: Dorex2007 (big blind) folded on the Turn



PokerStars Hand #238418804452:  Hold'em No Limit ($0.02/$0.05 USD) - 2022/09/04 14:00:41 PT [2022/09/04 17:00:41 ET]
Table 'Anastasia' 9-max Seat #8 is the button
Seat 1: Beatlebud7 ($7.32 in chips) 
Seat 2: TTomi18 ($7.15 in chips) 
Seat 3: pokergon74 ($6.20 in chips) 
Seat 4: Gomez224 ($2 in chips) 
Seat 5: 6tee ($7.51 in chips) 
Seat 6: megtorlo2244 ($4 in chips) 
Seat 7: lukar88dy ($1.64 in chips) 
Seat 8: gmitoi ($5.90 in chips) 
Seat 9: Dorex2007 ($5 in chips) 
Dorex2007: posts small blind $0.02
Beatlebud7: posts big blind $0.05
*** HOLE CARDS ***
Dealt to Dorex2007 [Jc 5h]
TTomi18: folds 
pokergon74: folds 
Gomez224: folds 
6tee: calls $0.05
megtorlo2244: folds 
lukar88dy: raises $0.05 to $0.10
gmitoi: calls $0.10
Dorex2007: folds 
Beatlebud7: folds 
6tee: calls $0.05
*** FLOP *** [6h Th Ks]
6tee: checks 
lukar88dy: bets $0.05
gmitoi: raises $0.23 to $0.28
6tee: calls $0.28
lukar88dy: calls $0.23
*** TURN *** [6h Th Ks] [Ah]
6tee: checks 
lukar88dy: bets $1.26 and is all-in
gmitoi: calls $1.26
6tee: folds 
*** RIVER *** [6h Th Ks Ah] [6s]
*** SHOW DOWN ***
lukar88dy: shows [Js Td] (two pair, Tens and Sixes)
gmitoi: shows [Kc Ad] (two pair, Aces and Kings)
gmitoi collected $3.58 from pot
*** SUMMARY ***
Total pot $3.73 | Rake $0.15 
Board [6h Th Ks Ah 6s]
Seat 1: Beatlebud7 (big blind) folded before Flop
Seat 2: TTomi18 folded before Flop (didn't bet)
Seat 3: pokergon74 folded before Flop (didn't bet)
Seat 4: Gomez224 folded before Flop (didn't bet)
Seat 5: 6tee folded on the Turn
Seat 6: megtorlo2244 folded before Flop (didn't bet)
Seat 7: lukar88dy showed [Js Td] and lost with two pair, Tens and Sixes
Seat 8: gmitoi (button) showed [Kc Ad] and won ($3.58) with two pair, Aces and Kings
Seat 9: Dorex2007 (small blind) folded before Flop



PokerStars Hand #238418836573:  Hold'em No Limit ($0.02/$0.05 USD) - 2022/09/04 14:02:06 PT [2022/09/04 17:02:06 ET]
Table 'Anastasia' 9-max Seat #9 is the button
Seat 1: Beatlebud7 ($7.27 in chips) 
Seat 2: TTomi18 ($7.15 in chips) 
Seat 3: pokergon74 ($6.20 in chips) 
Seat 4: Gomez224 ($2 in chips) 
Seat 5: 6tee ($7.13 in chips) 
Seat 6: megtorlo2244 ($4 in chips) 
Seat 8: gmitoi ($7.84 in chips) 
Seat 9: Dorex2007 ($5 in chips) 
Beatlebud7: posts small blind $0.02
TTomi18: posts big blind $0.05
*** HOLE CARDS ***
Dealt to Dorex2007 [2d 4c]
pokergon74: folds 
Gomez224: folds 
6tee: folds 
megtorlo2244: raises $0.10 to $0.15
gmitoi: folds 
Dorex2007: folds 
Beatlebud7: folds 
TTomi18: calls $0.10
*** FLOP *** [5s Qd 8h]
lukar88dy leaves the table
TTomi18: checks 
megtorlo2244: checks 
*** TURN *** [5s Qd 8h] [7c]
TTomi18: checks 
megtorlo2244: checks 
*** RIVER *** [5s Qd 8h 7c] [7d]
dovdon joins the table at seat #7 
TTomi18: checks 
megtorlo2244: checks 
*** SHOW DOWN ***
TTomi18: shows [Ah 9h] (a pair of Sevens)
megtorlo2244: shows [Js Ac] (a pair of Sevens - Ace+Queen+Jack kicker)
megtorlo2244 collected $0.31 from pot
*** SUMMARY ***
Total pot $0.32 | Rake $0.01 
Board [5s Qd 8h 7c 7d]
Seat 1: Beatlebud7 (small blind) folded before Flop
Seat 2: TTomi18 (big blind) showed [Ah 9h] and lost with a pair of Sevens
Seat 3: pokergon74 folded before Flop (didn't bet)
Seat 4: Gomez224 folded before Flop (didn't bet)
Seat 5: 6tee folded before Flop (didn't bet)
Seat 6: megtorlo2244 showed [Js Ac] and won ($0.31) with a pair of Sevens
Seat 8: gmitoi folded before Flop (didn't bet)
Seat 9: Dorex2007 (button) folded before Flop (didn't bet)



PokerStars Hand #238418855405:  Hold'em No Limit ($0.02/$0.05 USD) - 2022/09/04 14:02:47 PT [2022/09/04 17:02:47 ET]
Table 'Anastasia' 9-max Seat #1 is the button
Seat 1: Beatlebud7 ($7.25 in chips) 
Seat 2: TTomi18 ($7 in chips) 
Seat 3: pokergon74 ($6.20 in chips) 
Seat 4: Gomez224 ($2 in chips) 
Seat 5: 6tee ($7.13 in chips) 
Seat 6: megtorlo2244 ($4.16 in chips) 
Seat 8: gmitoi ($7.84 in chips) 
Seat 9: Dorex2007 ($5 in chips) 
TTomi18: posts small blind $0.02
pokergon74: posts big blind $0.05
dovdon has timed out
dovdon: is sitting out 
*** HOLE CARDS ***
Dealt to Dorex2007 [7d 4d]
Gomez224: folds 
6tee: folds 
megtorlo2244: folds 
gmitoi: raises $0.10 to $0.15
Dorex2007: folds 
Beatlebud7: folds 
TTomi18: folds 
pokergon74: calls $0.10
*** FLOP *** [3s 4s 3d]
pokergon74: checks 
gmitoi: bets $0.20
pokergon74: folds 
Uncalled bet ($0.20) returned to gmitoi
gmitoi collected $0.31 from pot
gmitoi: doesn't show hand 
*** SUMMARY ***
Total pot $0.32 | Rake $0.01 
Board [3s 4s 3d]
Seat 1: Beatlebud7 (button) folded before Flop (didn't bet)
Seat 2: TTomi18 (small blind) folded before Flop
Seat 3: pokergon74 (big blind) folded on the Flop
Seat 4: Gomez224 folded before Flop (didn't bet)
Seat 5: 6tee folded before Flop (didn't bet)
Seat 6: megtorlo2244 folded before Flop (didn't bet)
Seat 8: gmitoi collected ($0.31)
Seat 9: Dorex2007 folded before Flop (didn't bet)



PokerStars Hand #238418873166:  Hold'em No Limit ($0.02/$0.05 USD) - 2022/09/04 14:03:26 PT [2022/09/04 17:03:26 ET]
Table 'Anastasia' 9-max Seat #2 is the button
Seat 1: Beatlebud7 ($7.25 in chips) 
Seat 2: TTomi18 ($6.98 in chips) 
Seat 3: pokergon74 ($6.05 in chips) 
Seat 4: Gomez224 ($2 in chips) 
Seat 5: 6tee ($7.13 in chips) 
Seat 6: megtorlo2244 ($4.16 in chips) 
Seat 8: gmitoi ($8 in chips) 
Seat 9: Dorex2007 ($5 in chips) 
pokergon74: posts small blind $0.02
Gomez224: posts big blind $0.05
*** HOLE CARDS ***
Dealt to Dorex2007 [4h Td]
6tee: folds 
megtorlo2244: folds 
gmitoi: folds 
Dorex2007: folds 
Beatlebud7: calls $0.05
TTomi18: folds 
pokergon74: calls $0.03
Gomez224: checks 
*** FLOP *** [Qd 6d Qs]
pokergon74: checks 
Gomez224: checks 
Beatlebud7: checks 
*** TURN *** [Qd 6d Qs] [Ts]
pokergon74: checks 
Gomez224: bets $0.11
Beatlebud7: folds 
pokergon74: calls $0.11
*** RIVER *** [Qd 6d Qs Ts] [Js]
pokergon74: bets $0.35
Gomez224: calls $0.35
*** SHOW DOWN ***
pokergon74: shows [9c 8c] (a straight, Eight to Queen)
Gomez224: mucks hand 
pokergon74 collected $1.03 from pot
*** SUMMARY ***
Total pot $1.07 | Rake $0.04 
Board [Qd 6d Qs Ts Js]
Seat 1: Beatlebud7 folded on the Turn
Seat 2: TTomi18 (button) folded before Flop (didn't bet)
Seat 3: pokergon74 (small blind) showed [9c 8c] and won ($1.03) with a straight, Eight to Queen
Seat 4: Gomez224 (big blind) mucked [Qc 9s]
Seat 5: 6tee folded before Flop (didn't bet)
Seat 6: megtorlo2244 folded before Flop (didn't bet)
Seat 8: gmitoi folded before Flop (didn't bet)
Seat 9: Dorex2007 folded before Flop (didn't bet)



PokerStars Hand #238418898865:  Hold'em No Limit ($0.02/$0.05 USD) - 2022/09/04 14:04:19 PT [2022/09/04 17:04:19 ET]
Table 'Anastasia' 9-max Seat #3 is the button
Seat 1: Beatlebud7 ($7.20 in chips) 
Seat 2: TTomi18 ($6.98 in chips) 
Seat 3: pokergon74 ($6.57 in chips) 
Seat 4: Gomez224 ($1.49 in chips) 
Seat 5: 6tee ($7.13 in chips) 
Seat 6: megtorlo2244 ($4.16 in chips) 
Seat 8: gmitoi ($8 in chips) 
Seat 9: Dorex2007 ($5 in chips) 
Gomez224: posts small blind $0.02
6tee: posts big blind $0.05
dovdon: sits out 
*** HOLE CARDS ***
Dealt to Dorex2007 [Qc 7c]
megtorlo2244: raises $0.10 to $0.15
gmitoi: folds 
Dorex2007: folds 
Beatlebud7: folds 
TTomi18: folds 
pokergon74: calls $0.15
Gomez224: folds 
6tee: folds 
*** FLOP *** [Qs 3h Jh]
megtorlo2244: bets $0.20
pokergon74: folds 
Uncalled bet ($0.20) returned to megtorlo2244
megtorlo2244 collected $0.35 from pot
megtorlo2244: doesn't show hand 
*** SUMMARY ***
Total pot $0.37 | Rake $0.02 
Board [Qs 3h Jh]
Seat 1: Beatlebud7 folded before Flop (didn't bet)
Seat 2: TTomi18 folded before Flop (didn't bet)
Seat 3: pokergon74 (button) folded on the Flop
Seat 4: Gomez224 (small blind) folded before Flop
Seat 5: 6tee (big blind) folded before Flop
Seat 6: megtorlo2244 collected ($0.35)
Seat 8: gmitoi folded before Flop (didn't bet)
Seat 9: Dorex2007 folded before Flop (didn't bet)



PokerStars Hand #238418915565:  Hold'em No Limit ($0.02/$0.05 USD) - 2022/09/04 14:04:54 PT [2022/09/04 17:04:54 ET]
Table 'Anastasia' 9-max Seat #4 is the button
Seat 1: Beatlebud7 ($7.20 in chips) 
Seat 2: TTomi18 ($6.98 in chips) 
Seat 3: pokergon74 ($6.42 in chips) 
Seat 4: Gomez224 ($1.47 in chips) 
Seat 5: 6tee ($7.08 in chips) 
Seat 6: megtorlo2244 ($4.36 in chips) 
Seat 8: gmitoi ($8 in chips) 
Seat 9: Dorex2007 ($5 in chips) 
6tee: posts small blind $0.02
megtorlo2244: posts big blind $0.05
dovdon: sits out 
*** HOLE CARDS ***
Dealt to Dorex2007 [Ah 7h]
gmitoi: folds 
Dorex2007: raises $0.10 to $0.15
Beatlebud7: folds 
TTomi18: folds 
pokergon74: folds 
Gomez224: folds 
6tee: folds 
megtorlo2244: folds 
Uncalled bet ($0.10) returned to Dorex2007
Dorex2007 collected $0.12 from pot
Dorex2007: doesn't show hand 
*** SUMMARY ***
Total pot $0.12 | Rake $0 
Seat 1: Beatlebud7 folded before Flop (didn't bet)
Seat 2: TTomi18 folded before Flop (didn't bet)
Seat 3: pokergon74 folded before Flop (didn't bet)
Seat 4: Gomez224 (button) folded before Flop (didn't bet)
Seat 5: 6tee (small blind) folded before Flop
Seat 6: megtorlo2244 (big blind) folded before Flop
Seat 8: gmitoi folded before Flop (didn't bet)
Seat 9: Dorex2007 collected ($0.12)



PokerStars Hand #238418924719:  Hold'em No Limit ($0.02/$0.05 USD) - 2022/09/04 14:05:13 PT [2022/09/04 17:05:13 ET]
Table 'Anastasia' 9-max Seat #5 is the button
Seat 1: Beatlebud7 ($7.20 in chips) 
Seat 2: TTomi18 ($6.98 in chips) 
Seat 3: pokergon74 ($6.42 in chips) 
Seat 4: Gomez224 ($2 in chips) 
Seat 5: 6tee ($7.06 in chips) 
Seat 6: megtorlo2244 ($4.31 in chips) 
Seat 7: dovdon ($4 in chips) 
Seat 8: gmitoi ($8 in chips) 
Seat 9: Dorex2007 ($5.07 in chips) 
megtorlo2244: posts small blind $0.02
dovdon: posts big blind $0.05
*** HOLE CARDS ***
Dealt to Dorex2007 [7s 8s]
gmitoi: raises $0.10 to $0.15
Dorex2007: folds 
Beatlebud7: folds 
TTomi18: folds 
pokergon74: calls $0.15
Gomez224: folds 
6tee: folds 
megtorlo2244: folds 
dovdon: raises $0.47 to $0.62
gmitoi: folds 
pokergon74: calls $0.47
*** FLOP *** [Kh 6d 2d]
dovdon: bets $3.38 and is all-in
pokergon74: calls $3.38
*** TURN *** [Kh 6d 2d] [Jh]
*** RIVER *** [Kh 6d 2d Jh] [9c]
*** SHOW DOWN ***
dovdon: shows [Ks Ad] (a pair of Kings)
pokergon74: shows [Qs Kd] (a pair of Kings - lower kicker)
dovdon collected $7.83 from pot
*** SUMMARY ***
Total pot $8.17 | Rake $0.34 
Board [Kh 6d 2d Jh 9c]
Seat 1: Beatlebud7 folded before Flop (didn't bet)
Seat 2: TTomi18 folded before Flop (didn't bet)
Seat 3: pokergon74 showed [Qs Kd] and lost with a pair of Kings
Seat 4: Gomez224 folded before Flop (didn't bet)
Seat 5: 6tee (button) folded before Flop (didn't bet)
Seat 6: megtorlo2244 (small blind) folded before Flop
Seat 7: dovdon (big blind) showed [Ks Ad] and won ($7.83) with a pair of Kings
Seat 8: gmitoi folded before Flop
Seat 9: Dorex2007 folded before Flop (didn't bet)



PokerStars Hand #238418952178:  Hold'em No Limit ($0.02/$0.05 USD) - 2022/09/04 14:06:10 PT [2022/09/04 17:06:10 ET]
Table 'Anastasia' 9-max Seat #6 is the button
Seat 1: Beatlebud7 ($7.20 in chips) 
Seat 2: TTomi18 ($6.98 in chips) 
Seat 3: pokergon74 ($2.42 in chips) 
Seat 4: Gomez224 ($2 in chips) 
Seat 5: 6tee ($7.06 in chips) 
Seat 6: megtorlo2244 ($4.29 in chips) 
Seat 7: dovdon ($7.83 in chips) 
Seat 8: gmitoi ($7.85 in chips) 
Seat 9: Dorex2007 ($5.07 in chips) 
dovdon: posts small blind $0.02
gmitoi: posts big blind $0.05
*** HOLE CARDS ***
Dealt to Dorex2007 [9s 6h]
Dorex2007: folds 
Beatlebud7: folds 
TTomi18: folds 
pokergon74: folds 
Gomez224: folds 
6tee: folds 
megtorlo2244: folds 
dovdon: calls $0.03
gmitoi: raises $0.30 to $0.35
dovdon: calls $0.30
*** FLOP *** [2s Jc 8s]
dovdon: checks 
gmitoi: bets $0.55
dovdon: folds 
Uncalled bet ($0.55) returned to gmitoi
gmitoi collected $0.67 from pot
gmitoi: doesn't show hand 
*** SUMMARY ***
Total pot $0.70 | Rake $0.03 
Board [2s Jc 8s]
Seat 1: Beatlebud7 folded before Flop (didn't bet)
Seat 2: TTomi18 folded before Flop (didn't bet)
Seat 3: pokergon74 folded before Flop (didn't bet)
Seat 4: Gomez224 folded before Flop (didn't bet)
Seat 5: 6tee folded before Flop (didn't bet)
Seat 6: megtorlo2244 (button) folded before Flop (didn't bet)
Seat 7: dovdon (small blind) folded on the Flop
Seat 8: gmitoi (big blind) collected ($0.67)
Seat 9: Dorex2007 folded before Flop (didn't bet)



PokerStars Hand #238418971150:  Hold'em No Limit ($0.02/$0.05 USD) - 2022/09/04 14:06:49 PT [2022/09/04 17:06:49 ET]
Table 'Anastasia' 9-max Seat #7 is the button
Seat 1: Beatlebud7 ($7.20 in chips) 
Seat 2: TTomi18 ($6.98 in chips) 
Seat 3: pokergon74 ($2.42 in chips) 
Seat 4: Gomez224 ($2 in chips) 
Seat 5: 6tee ($7.06 in chips) 
Seat 6: megtorlo2244 ($4.29 in chips) 
Seat 7: dovdon ($7.48 in chips) 
Seat 8: gmitoi ($8.17 in chips) 
Seat 9: Dorex2007 ($5.07 in chips) 
gmitoi: posts small blind $0.02
Dorex2007: posts big blind $0.05
*** HOLE CARDS ***
Dealt to Dorex2007 [6d Ts]
Beatlebud7: folds 
TTomi18: folds 
pokergon74: folds 
Gomez224: folds 
6tee: folds 
megtorlo2244: folds 
dovdon: calls $0.05
gmitoi: folds 
Dorex2007: checks 
*** FLOP *** [Qh 6s Ks]
Dorex2007: checks 
dovdon: bets $0.15
Dorex2007: folds 
Uncalled bet ($0.15) returned to dovdon
dovdon collected $0.12 from pot
dovdon: doesn't show hand 
*** SUMMARY ***
Total pot $0.12 | Rake $0 
Board [Qh 6s Ks]
Seat 1: Beatlebud7 folded before Flop (didn't bet)
Seat 2: TTomi18 folded before Flop (didn't bet)
Seat 3: pokergon74 folded before Flop (didn't bet)
Seat 4: Gomez224 folded before Flop (didn't bet)
Seat 5: 6tee folded before Flop (didn't bet)
Seat 6: megtorlo2244 folded before Flop (didn't bet)
Seat 7: dovdon (button) collected ($0.12)
Seat 8: gmitoi (small blind) folded before Flop
Seat 9: Dorex2007 (big blind) folded on the Flop



PokerStars Hand #238418996086:  Hold'em No Limit ($0.02/$0.05 USD) - 2022/09/04 14:07:42 PT [2022/09/04 17:07:42 ET]
Table 'Anastasia' 9-max Seat #8 is the button
Seat 1: Beatlebud7 ($7.20 in chips) 
Seat 2: TTomi18 ($6.98 in chips) 
Seat 3: pokergon74 ($2.42 in chips) 
Seat 4: Gomez224 ($2 in chips) 
Seat 5: 6tee ($7.06 in chips) 
Seat 6: megtorlo2244 ($4.29 in chips) 
Seat 7: dovdon ($7.55 in chips) 
Seat 8: gmitoi ($8.15 in chips) 
Seat 9: Dorex2007 ($5.02 in chips) 
Dorex2007: posts small blind $0.02
Beatlebud7: posts big blind $0.05
*** HOLE CARDS ***
Dealt to Dorex2007 [9c Kh]
TTomi18: folds 
pokergon74: folds 
Gomez224: folds 
6tee: folds 
megtorlo2244: folds 
dovdon: folds 
gmitoi: folds 
Dorex2007: calls $0.03
Beatlebud7: raises $0.05 to $0.10
Dorex2007: calls $0.05
*** FLOP *** [4d 2h Jh]
Dorex2007: checks 
Beatlebud7: bets $0.19
Dorex2007: folds 
Uncalled bet ($0.19) returned to Beatlebud7
Beatlebud7 collected $0.19 from pot
Beatlebud7: doesn't show hand 
*** SUMMARY ***
Total pot $0.20 | Rake $0.01 
Board [4d 2h Jh]
Seat 1: Beatlebud7 (big blind) collected ($0.19)
Seat 2: TTomi18 folded before Flop (didn't bet)
Seat 3: pokergon74 folded before Flop (didn't bet)
Seat 4: Gomez224 folded before Flop (didn't bet)
Seat 5: 6tee folded before Flop (didn't bet)
Seat 6: megtorlo2244 folded before Flop (didn't bet)
Seat 7: dovdon folded before Flop (didn't bet)
Seat 8: gmitoi (button) folded before Flop (didn't bet)
Seat 9: Dorex2007 (small blind) folded on the Flop



PokerStars Hand #238419014032:  Hold'em No Limit ($0.02/$0.05 USD) - 2022/09/04 14:08:20 PT [2022/09/04 17:08:20 ET]
Table 'Anastasia' 9-max Seat #9 is the button
Seat 1: Beatlebud7 ($7.29 in chips) 
Seat 2: TTomi18 ($6.98 in chips) 
Seat 3: pokergon74 ($2.42 in chips) 
Seat 4: Gomez224 ($2 in chips) 
Seat 5: 6tee ($7.06 in chips) 
Seat 7: dovdon ($7.55 in chips) 
Seat 8: gmitoi ($8.15 in chips) 
Seat 9: Dorex2007 ($5 in chips) 
Beatlebud7: posts small blind $0.02
TTomi18: posts big blind $0.05
*** HOLE CARDS ***
Dealt to Dorex2007 [3h 2d]
pokergon74: calls $0.05
Gomez224: raises $0.15 to $0.20
6tee: folds 
dovdon: folds 
gmitoi: folds 
Dorex2007: folds 
Beatlebud7: folds 
TTomi18: folds 
pokergon74: calls $0.15
*** FLOP *** [Td Qc 7h]
pokergon74: bets $0.05
Gomez224: calls $0.05
*** TURN *** [Td Qc 7h] [5h]
pokergon74: bets $0.15
Gomez224: calls $0.15
*** RIVER *** [Td Qc 7h 5h] [Kh]
pokergon74: bets $0.20
Gomez224: folds 
Uncalled bet ($0.20) returned to pokergon74
pokergon74 collected $0.83 from pot
pokergon74: doesn't show hand 
*** SUMMARY ***
Total pot $0.87 | Rake $0.04 
Board [Td Qc 7h 5h Kh]
Seat 1: Beatlebud7 (small blind) folded before Flop
Seat 2: TTomi18 (big blind) folded before Flop
Seat 3: pokergon74 collected ($0.83)
Seat 4: Gomez224 folded on the River
Seat 5: 6tee folded before Flop (didn't bet)
Seat 7: dovdon folded before Flop (didn't bet)
Seat 8: gmitoi folded before Flop (didn't bet)
Seat 9: Dorex2007 (button) folded before Flop (didn't bet)



PokerStars Hand #238419086923:  Hold'em No Limit ($0.02/$0.05 USD) - 2022/09/04 14:10:52 PT [2022/09/04 17:10:52 ET]
Table 'Anastasia' 9-max Seat #4 is the button
Seat 1: Beatlebud7 ($7.27 in chips) 
Seat 2: TTomi18 ($6.91 in chips) 
Seat 3: pokergon74 ($2.80 in chips) 
Seat 4: Gomez224 ($1.93 in chips) 
Seat 5: 6tee ($7.13 in chips) 
Seat 6: megtorlo2244 ($4.29 in chips) 
Seat 7: dovdon ($7.66 in chips) 
Seat 8: gmitoi ($8.10 in chips) 
Seat 9: Dorex2007 ($5 in chips) 
6tee: posts small blind $0.02
megtorlo2244: posts big blind $0.05
*** HOLE CARDS ***
Dealt to Dorex2007 [6h 4h]
dovdon: calls $0.05
gmitoi: folds 
Dorex2007: folds 
Beatlebud7: folds 
TTomi18: raises $0.17 to $0.22
pokergon74: folds 
Gomez224: folds 
6tee: folds 
megtorlo2244: folds 
dovdon: calls $0.17
*** FLOP *** [2d 8d 6c]
dovdon: checks 
TTomi18: bets $0.25
dovdon: raises $0.25 to $0.50
TTomi18: calls $0.25
*** TURN *** [2d 8d 6c] [As]
dovdon: bets $0.72
TTomi18: folds 
Uncalled bet ($0.72) returned to dovdon
dovdon collected $1.45 from pot
dovdon: doesn't show hand 
*** SUMMARY ***
Total pot $1.51 | Rake $0.06 
Board [2d 8d 6c As]
Seat 1: Beatlebud7 folded before Flop (didn't bet)
Seat 2: TTomi18 folded on the Turn
Seat 3: pokergon74 folded before Flop (didn't bet)
Seat 4: Gomez224 (button) folded before Flop (didn't bet)
Seat 5: 6tee (small blind) folded before Flop
Seat 6: megtorlo2244 (big blind) folded before Flop
Seat 7: dovdon collected ($1.45)
Seat 8: gmitoi folded before Flop (didn't bet)
Seat 9: Dorex2007 folded before Flop (didn't bet)



PokerStars Hand #238419110736:  Hold'em No Limit ($0.02/$0.05 USD) - 2022/09/04 14:11:42 PT [2022/09/04 17:11:42 ET]
Table 'Anastasia' 9-max Seat #5 is the button
Seat 1: Beatlebud7 ($7.27 in chips) 
Seat 2: TTomi18 ($6.19 in chips) 
Seat 3: pokergon74 ($2.80 in chips) 
Seat 4: Gomez224 ($1.93 in chips) 
Seat 5: 6tee ($7.11 in chips) 
Seat 6: megtorlo2244 ($4.24 in chips) 
Seat 8: gmitoi ($8.10 in chips) 
Seat 9: Dorex2007 ($5 in chips) 
megtorlo2244: posts small blind $0.02
dovdon: is sitting out 
gmitoi: posts big blind $0.05
*** HOLE CARDS ***
Dealt to Dorex2007 [8c 7c]
Dorex2007: folds 
Beatlebud7: folds 
TTomi18: folds 
dovdon leaves the table
pokergon74: folds 
Gomez224: folds 
6tee: folds 
megtorlo2244: folds 
Uncalled bet ($0.03) returned to gmitoi
gmitoi collected $0.04 from pot
gmitoi: doesn't show hand 
*** SUMMARY ***
Total pot $0.04 | Rake $0 
Seat 1: Beatlebud7 folded before Flop (didn't bet)
Seat 2: TTomi18 folded before Flop (didn't bet)
Seat 3: pokergon74 folded before Flop (didn't bet)
Seat 4: Gomez224 folded before Flop (didn't bet)
Seat 5: 6tee (button) folded before Flop (didn't bet)
Seat 6: megtorlo2244 (small blind) folded before Flop
Seat 8: gmitoi (big blind) collected ($0.04)
Seat 9: Dorex2007 folded before Flop (didn't bet)



PokerStars Hand #238419123112:  Hold'em No Limit ($0.02/$0.05 USD) - 2022/09/04 14:12:08 PT [2022/09/04 17:12:08 ET]
Table 'Anastasia' 9-max Seat #6 is the button
Seat 1: Beatlebud7 ($7.27 in chips) 
Seat 2: TTomi18 ($6.19 in chips) 
Seat 3: pokergon74 ($2.80 in chips) 
Seat 4: Gomez224 ($1.93 in chips) 
Seat 5: 6tee ($7.11 in chips) 
Seat 6: megtorlo2244 ($4.22 in chips) 
Seat 8: gmitoi ($8.12 in chips) 
Seat 9: Dorex2007 ($5 in chips) 
gmitoi: posts small blind $0.02
Dorex2007: posts big blind $0.05
*** HOLE CARDS ***
Dealt to Dorex2007 [3d Kc]
Gerry Wright joins the table at seat #7 
Beatlebud7: folds 
TTomi18: folds 
pokergon74: folds 
Gomez224: folds 
TTomi18 leaves the table
6tee: folds 
megtorlo2244: raises $0.10 to $0.15
gmitoi: folds 
Dorex2007: folds 
Uncalled bet ($0.10) returned to megtorlo2244
megtorlo2244 collected $0.12 from pot
megtorlo2244: doesn't show hand 
*** SUMMARY ***
Total pot $0.12 | Rake $0 
Seat 1: Beatlebud7 folded before Flop (didn't bet)
Seat 2: TTomi18 folded before Flop (didn't bet)
Seat 3: pokergon74 folded before Flop (didn't bet)
Seat 4: Gomez224 folded before Flop (didn't bet)
Seat 5: 6tee folded before Flop (didn't bet)
Seat 6: megtorlo2244 (button) collected ($0.12)
Seat 8: gmitoi (small blind) folded before Flop
Seat 9: Dorex2007 (big blind) folded before Flop



PokerStars Hand #238419132253:  Hold'em No Limit ($0.02/$0.05 USD) - 2022/09/04 14:12:28 PT [2022/09/04 17:12:28 ET]
Table 'Anastasia' 9-max Seat #8 is the button
Seat 1: Beatlebud7 ($7.27 in chips) 
Seat 3: pokergon74 ($2.80 in chips) 
Seat 4: Gomez224 ($1.93 in chips) 
Seat 5: 6tee ($7.11 in chips) 
Seat 6: megtorlo2244 ($4.29 in chips) 
Seat 8: gmitoi ($8.10 in chips) 
Seat 9: Dorex2007 ($5 in chips) 
Dorex2007: posts small blind $0.02
Beatlebud7: posts big blind $0.05
Gerry Wright: sits out 
*** HOLE CARDS ***
Dealt to Dorex2007 [6s 3d]
pokergon74: folds 
Gomez224: folds 
6tee: folds 
megtorlo2244: folds 
gmitoi: folds 
Dorex2007: folds 
Uncalled bet ($0.03) returned to Beatlebud7
Beatlebud7 collected $0.04 from pot
Beatlebud7: doesn't show hand 
*** SUMMARY ***
Total pot $0.04 | Rake $0 
Seat 1: Beatlebud7 (big blind) collected ($0.04)
Seat 3: pokergon74 folded before Flop (didn't bet)
Seat 4: Gomez224 folded before Flop (didn't bet)
Seat 5: 6tee folded before Flop (didn't bet)
Seat 6: megtorlo2244 folded before Flop (didn't bet)
Seat 8: gmitoi (button) folded before Flop (didn't bet)
Seat 9: Dorex2007 (small blind) folded before Flop



PokerStars Hand #238419137962:  Hold'em No Limit ($0.02/$0.05 USD) - 2022/09/04 14:12:40 PT [2022/09/04 17:12:40 ET]
Table 'Anastasia' 9-max Seat #9 is the button
Seat 1: Beatlebud7 ($7.29 in chips) 
Seat 3: pokergon74 ($2.80 in chips) 
Seat 4: Gomez224 ($1.93 in chips) 
Seat 5: 6tee ($7.11 in chips) 
Seat 6: megtorlo2244 ($4.29 in chips) 
Seat 8: gmitoi ($8.10 in chips) 
Seat 9: Dorex2007 ($5 in chips) 
Beatlebud7: posts small blind $0.02
pokergon74: posts big blind $0.05
Gerry Wright: sits out 
*** HOLE CARDS ***
Dealt to Dorex2007 [Js 8c]
Gomez224: folds 
6tee: folds 
megtorlo2244: folds 
gmitoi: folds 
Dorex2007: folds 
Beatlebud7: raises $0.05 to $0.10
pokergon74: folds 
Uncalled bet ($0.05) returned to Beatlebud7
Beatlebud7 collected $0.10 from pot
Beatlebud7: doesn't show hand 
*** SUMMARY ***
Total pot $0.10 | Rake $0 
Seat 1: Beatlebud7 (small blind) collected ($0.10)
Seat 3: pokergon74 (big blind) folded before Flop
Seat 4: Gomez224 folded before Flop (didn't bet)
Seat 5: 6tee folded before Flop (didn't bet)
Seat 6: megtorlo2244 folded before Flop (didn't bet)
Seat 8: gmitoi folded before Flop (didn't bet)
Seat 9: Dorex2007 (button) folded before Flop (didn't bet)



PokerStars Hand #238419153795:  Hold'em No Limit ($0.02/$0.05 USD) - 2022/09/04 14:13:14 PT [2022/09/04 17:13:14 ET]
Table 'Anastasia' 9-max Seat #1 is the button
Seat 1: Beatlebud7 ($7.34 in chips) 
Seat 3: pokergon74 ($2.75 in chips) 
Seat 4: Gomez224 ($1.93 in chips) 
Seat 5: 6tee ($7.11 in chips) 
Seat 6: megtorlo2244 ($4.29 in chips) 
Seat 8: gmitoi ($8.10 in chips) 
Seat 9: Dorex2007 ($5 in chips) 
pokergon74: posts small blind $0.02
Gomez224: posts big blind $0.05
Gerry Wright: sits out 
*** HOLE CARDS ***
Dealt to Dorex2007 [4d 3c]
6tee: folds 
megtorlo2244: folds 
gmitoi: folds 
Dorex2007: folds 
Beatlebud7: folds 
pokergon74: folds 
Uncalled bet ($0.03) returned to Gomez224
Gomez224 collected $0.04 from pot
Gomez224: doesn't show hand 
*** SUMMARY ***
Total pot $0.04 | Rake $0 
Seat 1: Beatlebud7 (button) folded before Flop (didn't bet)
Seat 3: pokergon74 (small blind) folded before Flop
Seat 4: Gomez224 (big blind) collected ($0.04)
Seat 5: 6tee folded before Flop (didn't bet)
Seat 6: megtorlo2244 folded before Flop (didn't bet)
Seat 8: gmitoi folded before Flop (didn't bet)
Seat 9: Dorex2007 folded before Flop (didn't bet)



PokerStars Hand #238419161366:  Hold'em No Limit ($0.02/$0.05 USD) - 2022/09/04 14:13:30 PT [2022/09/04 17:13:30 ET]
Table 'Anastasia' 9-max Seat #3 is the button
Seat 1: Beatlebud7 ($7.34 in chips) 
Seat 3: pokergon74 ($2.73 in chips) 
Seat 4: Gomez224 ($1.95 in chips) 
Seat 5: 6tee ($7.11 in chips) 
Seat 6: megtorlo2244 ($4.29 in chips) 
Seat 8: gmitoi ($8.10 in chips) 
Seat 9: Dorex2007 ($5 in chips) 
Gomez224: posts small blind $0.02
6tee: posts big blind $0.05
Gerry Wright: sits out 
*** HOLE CARDS ***
Dealt to Dorex2007 [6d 3d]
megtorlo2244: folds 
gmitoi: folds 
Dorex2007: folds 
Beatlebud7: raises $0.05 to $0.10
Hatkevich joins the table at seat #2 
pokergon74: folds 
Gomez224: folds 
6tee: folds 
Uncalled bet ($0.05) returned to Beatlebud7
Beatlebud7 collected $0.12 from pot
Beatlebud7: doesn't show hand 
*** SUMMARY ***
Total pot $0.12 | Rake $0 
Seat 1: Beatlebud7 collected ($0.12)
Seat 3: pokergon74 (button) folded before Flop (didn't bet)
Seat 4: Gomez224 (small blind) folded before Flop
Seat 5: 6tee (big blind) folded before Flop
Seat 6: megtorlo2244 folded before Flop (didn't bet)
Seat 8: gmitoi folded before Flop (didn't bet)
Seat 9: Dorex2007 folded before Flop (didn't bet)



PokerStars Hand #238419181007:  Hold'em No Limit ($0.02/$0.05 USD) - 2022/09/04 14:14:12 PT [2022/09/04 17:14:12 ET]
Table 'Anastasia' 9-max Seat #4 is the button
Seat 1: Beatlebud7 ($7.41 in chips) 
Seat 3: pokergon74 ($2.73 in chips) 
Seat 4: Gomez224 ($1.93 in chips) 
Seat 5: 6tee ($7.06 in chips) 
Seat 6: megtorlo2244 ($4.29 in chips) 
Seat 8: gmitoi ($8.10 in chips) 
Seat 9: Dorex2007 ($5 in chips) 
6tee: posts small blind $0.02
megtorlo2244: posts big blind $0.05
Gerry Wright: sits out 
Hatkevich: sits out 
*** HOLE CARDS ***
Dealt to Dorex2007 [6h Ks]
gmitoi: folds 
Dorex2007: folds 
Beatlebud7: folds 
pokergon74: calls $0.05
Gomez224: folds 
6tee: folds 
megtorlo2244: checks 
*** FLOP *** [8h Qc 5s]
megtorlo2244: checks 
pokergon74: checks 
*** TURN *** [8h Qc 5s] [2s]
megtorlo2244: checks 
pokergon74: checks 
*** RIVER *** [8h Qc 5s 2s] [5d]
megtorlo2244: bets $0.10
pokergon74: calls $0.10
*** SHOW DOWN ***
megtorlo2244: shows [9h 5h] (three of a kind, Fives)
pokergon74: mucks hand 
megtorlo2244 collected $0.31 from pot
*** SUMMARY ***
Total pot $0.32 | Rake $0.01 
Board [8h Qc 5s 2s 5d]
Seat 1: Beatlebud7 folded before Flop (didn't bet)
Seat 3: pokergon74 mucked [8d 7c]
Seat 4: Gomez224 (button) folded before Flop (didn't bet)
Seat 5: 6tee (small blind) folded before Flop
Seat 6: megtorlo2244 (big blind) showed [9h 5h] and won ($0.31) with three of a kind, Fives
Seat 8: gmitoi folded before Flop (didn't bet)
Seat 9: Dorex2007 folded before Flop (didn't bet)



PokerStars Hand #238419202068:  Hold'em No Limit ($0.02/$0.05 USD) - 2022/09/04 14:14:58 PT [2022/09/04 17:14:58 ET]
Table 'Anastasia' 9-max Seat #5 is the button
Seat 1: Beatlebud7 ($7.41 in chips) 
Seat 3: pokergon74 ($2.58 in chips) 
Seat 4: Gomez224 ($1.93 in chips) 
Seat 5: 6tee ($7.04 in chips) 
Seat 6: megtorlo2244 ($4.45 in chips) 
Seat 7: Gerry Wright ($5 in chips) 
Seat 8: gmitoi ($8.10 in chips) 
Seat 9: Dorex2007 ($5 in chips) 
megtorlo2244: posts small blind $0.02
Gerry Wright: posts big blind $0.05
Hatkevich: sits out 
*** HOLE CARDS ***
Dealt to Dorex2007 [3h 4c]
gmitoi: folds 
Dorex2007: folds 
Beatlebud7: folds 
pokergon74: folds 
Gomez224: folds 
6tee: folds 
megtorlo2244: raises $0.10 to $0.15
Gerry Wright: folds 
Uncalled bet ($0.10) returned to megtorlo2244
megtorlo2244 collected $0.10 from pot
megtorlo2244: doesn't show hand 
*** SUMMARY ***
Total pot $0.10 | Rake $0 
Seat 1: Beatlebud7 folded before Flop (didn't bet)
Seat 3: pokergon74 folded before Flop (didn't bet)
Seat 4: Gomez224 folded before Flop (didn't bet)
Seat 5: 6tee (button) folded before Flop (didn't bet)
Seat 6: megtorlo2244 (small blind) collected ($0.10)
Seat 7: Gerry Wright (big blind) folded before Flop
Seat 8: gmitoi folded before Flop (didn't bet)
Seat 9: Dorex2007 folded before Flop (didn't bet)



PokerStars Hand #238419212026:  Hold'em No Limit ($0.02/$0.05 USD) - 2022/09/04 14:15:19 PT [2022/09/04 17:15:19 ET]
Table 'Anastasia' 9-max Seat #6 is the button
Seat 1: Beatlebud7 ($7.41 in chips) 
Seat 3: pokergon74 ($2.58 in chips) 
Seat 4: Gomez224 ($1.93 in chips) 
Seat 5: 6tee ($7.04 in chips) 
Seat 6: megtorlo2244 ($4.50 in chips) 
Seat 7: Gerry Wright ($4.95 in chips) 
Seat 8: gmitoi ($8.10 in chips) 
Seat 9: Dorex2007 ($5 in chips) 
Gerry Wright: posts small blind $0.02
gmitoi: posts big blind $0.05
Hatkevich: sits out 
*** HOLE CARDS ***
Dealt to Dorex2007 [2c Ts]
Dorex2007: folds 
Beatlebud7: folds 
pokergon74: calls $0.05
Gomez224: folds 
6tee: folds 
megtorlo2244: folds 
Gerry Wright: raises $0.10 to $0.15
gmitoi: calls $0.10
pokergon74: calls $0.10
*** FLOP *** [6s 8c 6c]
Gerry Wright: bets $0.20
gmitoi: folds 
pokergon74: calls $0.20
*** TURN *** [6s 8c 6c] [Qh]
Gerry Wright: checks 
pokergon74: checks 
*** RIVER *** [6s 8c 6c Qh] [4d]
Gerry Wright: bets $0.25
pokergon74: raises $0.25 to $0.50
Gerry Wright: calls $0.25
*** SHOW DOWN ***
pokergon74: shows [Ah 6h] (three of a kind, Sixes)
Gerry Wright: mucks hand 
pokergon74 collected $1.77 from pot
*** SUMMARY ***
Total pot $1.85 | Rake $0.08 
Board [6s 8c 6c Qh 4d]
Seat 1: Beatlebud7 folded before Flop (didn't bet)
Seat 3: pokergon74 showed [Ah 6h] and won ($1.77) with three of a kind, Sixes
Seat 4: Gomez224 folded before Flop (didn't bet)
Seat 5: 6tee folded before Flop (didn't bet)
Seat 6: megtorlo2244 (button) folded before Flop (didn't bet)
Seat 7: Gerry Wright (small blind) mucked [5s 5h]
Seat 8: gmitoi (big blind) folded on the Flop
Seat 9: Dorex2007 folded before Flop (didn't bet)



PokerStars Hand #238419244974:  Hold'em No Limit ($0.02/$0.05 USD) - 2022/09/04 14:16:29 PT [2022/09/04 17:16:29 ET]
Table 'Anastasia' 9-max Seat #7 is the button
Seat 1: Beatlebud7 ($7.41 in chips) 
Seat 3: pokergon74 ($3.50 in chips) 
Seat 4: Gomez224 ($1.93 in chips) 
Seat 5: 6tee ($7.04 in chips) 
Seat 6: megtorlo2244 ($4.50 in chips) 
Seat 7: Gerry Wright ($4.10 in chips) 
Seat 8: gmitoi ($7.95 in chips) 
Seat 9: Dorex2007 ($5 in chips) 
gmitoi: posts small blind $0.02
Dorex2007: posts big blind $0.05
Hatkevich: sits out 
*** HOLE CARDS ***
Dealt to Dorex2007 [Jc Th]
Beatlebud7: folds 
pokergon74: calls $0.05
Gomez224: folds 
6tee: calls $0.05
megtorlo2244: folds 
Gerry Wright: folds 
gmitoi: folds 
Dorex2007: checks 
*** FLOP *** [9h Kh 2d]
Dorex2007: checks 
pokergon74: checks 
6tee: checks 
*** TURN *** [9h Kh 2d] [3s]
Dorex2007: checks 
pokergon74: checks 
6tee: checks 
*** RIVER *** [9h Kh 2d 3s] [Js]
Dorex2007: bets $0.11
pokergon74: folds 
6tee: folds 
Uncalled bet ($0.11) returned to Dorex2007
Dorex2007 collected $0.16 from pot
Dorex2007: doesn't show hand 
*** SUMMARY ***
Total pot $0.17 | Rake $0.01 
Board [9h Kh 2d 3s Js]
Seat 1: Beatlebud7 folded before Flop (didn't bet)
Seat 3: pokergon74 folded on the River
Seat 4: Gomez224 folded before Flop (didn't bet)
Seat 5: 6tee folded on the River
Seat 6: megtorlo2244 folded before Flop (didn't bet)
Seat 7: Gerry Wright (button) folded before Flop (didn't bet)
Seat 8: gmitoi (small blind) folded before Flop
Seat 9: Dorex2007 (big blind) collected ($0.16)



PokerStars Hand #238419268421:  Hold'em No Limit ($0.02/$0.05 USD) - 2022/09/04 14:17:20 PT [2022/09/04 17:17:20 ET]
Table 'Anastasia' 9-max Seat #8 is the button
Seat 1: Beatlebud7 ($7.41 in chips) 
Seat 3: pokergon74 ($3.45 in chips) 
Seat 4: Gomez224 ($1.93 in chips) 
Seat 5: 6tee ($6.99 in chips) 
Seat 6: megtorlo2244 ($4.50 in chips) 
Seat 7: Gerry Wright ($4.10 in chips) 
Seat 8: gmitoi ($7.93 in chips) 
Seat 9: Dorex2007 ($5.11 in chips) 
Dorex2007: posts small blind $0.02
Beatlebud7: posts big blind $0.05
Hatkevich: sits out 
*** HOLE CARDS ***
Dealt to Dorex2007 [Td 4h]
pokergon74: folds 
Gomez224: folds 
6tee: folds 
megtorlo2244: folds 
Gerry Wright has timed out
Gerry Wright: folds 
gmitoi: folds 
Dorex2007: folds 
Uncalled bet ($0.03) returned to Beatlebud7
Beatlebud7 collected $0.04 from pot
Beatlebud7: doesn't show hand 
*** SUMMARY ***
Total pot $0.04 | Rake $0 
Seat 1: Beatlebud7 (big blind) collected ($0.04)
Seat 3: pokergon74 folded before Flop (didn't bet)
Seat 4: Gomez224 folded before Flop (didn't bet)
Seat 5: 6tee folded before Flop (didn't bet)
Seat 6: megtorlo2244 folded before Flop (didn't bet)
Seat 7: Gerry Wright folded before Flop (didn't bet)
Seat 8: gmitoi (button) folded before Flop (didn't bet)
Seat 9: Dorex2007 (small blind) folded before Flop



PokerStars Hand #238419280254:  Hold'em No Limit ($0.02/$0.05 USD) - 2022/09/04 14:17:46 PT [2022/09/04 17:17:46 ET]
Table 'Anastasia' 9-max Seat #9 is the button
Seat 1: Beatlebud7 ($7.43 in chips) 
Seat 2: Hatkevich ($5 in chips) 
Seat 3: pokergon74 ($3.45 in chips) 
Seat 4: Gomez224 ($1.93 in chips) 
Seat 5: 6tee ($6.99 in chips) 
Seat 6: megtorlo2244 ($4.50 in chips) 
Seat 8: gmitoi ($7.93 in chips) 
Seat 9: Dorex2007 ($5.09 in chips) 
Beatlebud7: posts small blind $0.02
Hatkevich: posts big blind $0.05
*** HOLE CARDS ***
Dealt to Dorex2007 [Qh 4h]
pokergon74 has timed out
pokergon74: folds 
Gomez224: folds 
6tee: folds 
megtorlo2244: folds 
gmitoi: raises $0.10 to $0.15
Dorex2007: folds 
Beatlebud7: folds 
Hatkevich: folds 
Uncalled bet ($0.10) returned to gmitoi
gmitoi collected $0.12 from pot
gmitoi: doesn't show hand 
*** SUMMARY ***
Total pot $0.12 | Rake $0 
Seat 1: Beatlebud7 (small blind) folded before Flop
Seat 2: Hatkevich (big blind) folded before Flop
Seat 3: pokergon74 folded before Flop (didn't bet)
Seat 4: Gomez224 folded before Flop (didn't bet)
Seat 5: 6tee folded before Flop (didn't bet)
Seat 6: megtorlo2244 folded before Flop (didn't bet)
Seat 8: gmitoi collected ($0.12)
Seat 9: Dorex2007 (button) folded before Flop (didn't bet)



PokerStars Hand #238419291688:  Hold'em No Limit ($0.02/$0.05 USD) - 2022/09/04 14:18:10 PT [2022/09/04 17:18:10 ET]
Table 'Anastasia' 9-max Seat #1 is the button
Seat 1: Beatlebud7 ($7.41 in chips) 
Seat 2: Hatkevich ($5 in chips) 
Seat 5: 6tee ($6.99 in chips) 
Seat 6: megtorlo2244 ($4.50 in chips) 
Seat 7: Gerry Wright ($4.10 in chips) 
Seat 8: gmitoi ($8 in chips) 
Seat 9: Dorex2007 ($5.09 in chips) 
Hatkevich: posts small blind $0.02
Gomez224: is sitting out 
6tee: posts big blind $0.05
*** HOLE CARDS ***
Dealt to Dorex2007 [7d Td]
Gomez224 leaves the table
megtorlo2244: folds 
Gerry Wright: folds 
gmitoi: folds 
Dorex2007: folds 
Beatlebud7: folds 
Hatkevich: raises $0.10 to $0.15
6tee: folds 
Uncalled bet ($0.10) returned to Hatkevich
Hatkevich collected $0.10 from pot
Hatkevich: doesn't show hand 
*** SUMMARY ***
Total pot $0.10 | Rake $0 
Seat 1: Beatlebud7 (button) folded before Flop (didn't bet)
Seat 2: Hatkevich (small blind) collected ($0.10)
Seat 5: 6tee (big blind) folded before Flop
Seat 6: megtorlo2244 folded before Flop (didn't bet)
Seat 7: Gerry Wright folded before Flop (didn't bet)
Seat 8: gmitoi folded before Flop (didn't bet)
Seat 9: Dorex2007 folded before Flop (didn't bet)



PokerStars Hand #238419303945:  Hold'em No Limit ($0.02/$0.05 USD) - 2022/09/04 14:18:36 PT [2022/09/04 17:18:36 ET]
Table 'Anastasia' 9-max Seat #2 is the button
Seat 1: Beatlebud7 ($7.41 in chips) 
Seat 2: Hatkevich ($5.05 in chips) 
Seat 5: 6tee ($6.94 in chips) 
Seat 6: megtorlo2244 ($4.50 in chips) 
Seat 7: Gerry Wright ($4.10 in chips) 
Seat 8: gmitoi ($8 in chips) 
Seat 9: Dorex2007 ($5.09 in chips) 
6tee: posts small blind $0.02
megtorlo2244: posts big blind $0.05
*** HOLE CARDS ***
Dealt to Dorex2007 [8h Jc]
Gerry Wright: calls $0.05
gmitoi: folds 
Dorex2007: folds 
Beatlebud7: folds 
Hatkevich: folds 
Sensei_Wai joins the table at seat #4 
6tee: folds 
megtorlo2244: checks 
*** FLOP *** [9s 7c 3c]
megtorlo2244: checks 
Gerry Wright: checks 
*** TURN *** [9s 7c 3c] [4h]
megtorlo2244: checks 
Gerry Wright: checks 
*** RIVER *** [9s 7c 3c 4h] [Js]
megtorlo2244: bets $0.05
Gerry Wright: calls $0.05
*** SHOW DOWN ***
megtorlo2244: shows [Jd 2h] (a pair of Jacks)
Gerry Wright: mucks hand 
megtorlo2244 collected $0.21 from pot
*** SUMMARY ***
Total pot $0.22 | Rake $0.01 
Board [9s 7c 3c 4h Js]
Seat 1: Beatlebud7 folded before Flop (didn't bet)
Seat 2: Hatkevich (button) folded before Flop (didn't bet)
Seat 5: 6tee (small blind) folded before Flop
Seat 6: megtorlo2244 (big blind) showed [Jd 2h] and won ($0.21) with a pair of Jacks
Seat 7: Gerry Wright mucked [6s Qs]
Seat 8: gmitoi folded before Flop (didn't bet)
Seat 9: Dorex2007 folded before Flop (didn't bet)



PokerStars Hand #238419331643:  Hold'em No Limit ($0.02/$0.05 USD) - 2022/09/04 14:19:37 PT [2022/09/04 17:19:37 ET]
Table 'Anastasia' 9-max Seat #5 is the button
Seat 1: Beatlebud7 ($7.41 in chips) 
Seat 2: Hatkevich ($5.05 in chips) 
Seat 5: 6tee ($6.92 in chips) 
Seat 6: megtorlo2244 ($4.61 in chips) 
Seat 7: Gerry Wright ($4 in chips) 
Seat 8: gmitoi ($8 in chips) 
Seat 9: Dorex2007 ($5.09 in chips) 
megtorlo2244: posts small blind $0.02
Gerry Wright: posts big blind $0.05
pokergon74: sits out 
Sensei_Wai: sits out 
*** HOLE CARDS ***
Dealt to Dorex2007 [8d 5d]
gmitoi: folds 
Dorex2007: folds 
Beatlebud7: folds 
Hatkevich: folds 
6tee: folds 
megtorlo2244: folds 
Uncalled bet ($0.03) returned to Gerry Wright
Gerry Wright collected $0.04 from pot
*** SUMMARY ***
Total pot $0.04 | Rake $0 
Seat 1: Beatlebud7 folded before Flop (didn't bet)
Seat 2: Hatkevich folded before Flop (didn't bet)
Seat 5: 6tee (button) folded before Flop (didn't bet)
Seat 6: megtorlo2244 (small blind) folded before Flop
Seat 7: Gerry Wright (big blind) collected ($0.04)
Seat 8: gmitoi folded before Flop (didn't bet)
Seat 9: Dorex2007 folded before Flop (didn't bet)



PokerStars Hand #238419339282:  Hold'em No Limit ($0.02/$0.05 USD) - 2022/09/04 14:19:53 PT [2022/09/04 17:19:53 ET]
Table 'Anastasia' 9-max Seat #6 is the button
Seat 1: Beatlebud7 ($7.41 in chips) 
Seat 2: Hatkevich ($5.05 in chips) 
Seat 5: 6tee ($6.92 in chips) 
Seat 6: megtorlo2244 ($4.59 in chips) 
Seat 7: Gerry Wright ($4.02 in chips) 
Seat 8: gmitoi ($8 in chips) 
Seat 9: Dorex2007 ($5.09 in chips) 
Gerry Wright: posts small blind $0.02
gmitoi: posts big blind $0.05
pokergon74: sits out 
Sensei_Wai: sits out 
*** HOLE CARDS ***
Dealt to Dorex2007 [6c 3s]
Dorex2007: folds 
Beatlebud7: folds 
Hatkevich: raises $0.07 to $0.12
6tee: folds 
megtorlo2244: calls $0.12
Gerry Wright: folds 
gmitoi: folds 
*** FLOP *** [8c 6h 5h]
Hatkevich: bets $0.10
megtorlo2244: calls $0.10
*** TURN *** [8c 6h 5h] [Qc]
Hatkevich: bets $0.35
megtorlo2244: folds 
Uncalled bet ($0.35) returned to Hatkevich
Hatkevich collected $0.49 from pot
Hatkevich: doesn't show hand 
*** SUMMARY ***
Total pot $0.51 | Rake $0.02 
Board [8c 6h 5h Qc]
Seat 1: Beatlebud7 folded before Flop (didn't bet)
Seat 2: Hatkevich collected ($0.49)
Seat 5: 6tee folded before Flop (didn't bet)
Seat 6: megtorlo2244 (button) folded on the Turn
Seat 7: Gerry Wright (small blind) folded before Flop
Seat 8: gmitoi (big blind) folded before Flop
Seat 9: Dorex2007 folded before Flop (didn't bet)



PokerStars Hand #238419379427:  Hold'em No Limit ($0.02/$0.05 USD) - 2022/09/04 14:21:20 PT [2022/09/04 17:21:20 ET]
Table 'Anastasia' 9-max Seat #7 is the button
Seat 1: Beatlebud7 ($7.41 in chips) 
Seat 2: Hatkevich ($5.32 in chips) 
Seat 5: 6tee ($6.92 in chips) 
Seat 6: megtorlo2244 ($4.37 in chips) 
Seat 7: Gerry Wright ($4 in chips) 
Seat 8: gmitoi ($7.95 in chips) 
Seat 9: Dorex2007 ($5.09 in chips) 
gmitoi: posts small blind $0.02
Dorex2007: posts big blind $0.05
pokergon74: sits out 
Sensei_Wai: sits out 
*** HOLE CARDS ***
Dealt to Dorex2007 [Qc Qd]
Beatlebud7: folds 
Hatkevich: folds 
6tee: folds 
megtorlo2244: folds 
Gerry Wright: calls $0.05
gmitoi: folds 
Dorex2007: raises $0.15 to $0.20
Gerry Wright: calls $0.15
*** FLOP *** [4c 2c 7h]
Dorex2007: bets $0.50
Gerry Wright: folds 
Uncalled bet ($0.50) returned to Dorex2007
Dorex2007 collected $0.40 from pot
Dorex2007: doesn't show hand 
*** SUMMARY ***
Total pot $0.42 | Rake $0.02 
Board [4c 2c 7h]
Seat 1: Beatlebud7 folded before Flop (didn't bet)
Seat 2: Hatkevich folded before Flop (didn't bet)
Seat 5: 6tee folded before Flop (didn't bet)
Seat 6: megtorlo2244 folded before Flop (didn't bet)
Seat 7: Gerry Wright (button) folded on the Flop
Seat 8: gmitoi (small blind) folded before Flop
Seat 9: Dorex2007 (big blind) collected ($0.40)



PokerStars Hand #238419399959:  Hold'em No Limit ($0.02/$0.05 USD) - 2022/09/04 14:22:05 PT [2022/09/04 17:22:05 ET]
Table 'Anastasia' 9-max Seat #8 is the button
Seat 1: Beatlebud7 ($7.41 in chips) 
Seat 2: Hatkevich ($5.32 in chips) 
Seat 5: 6tee ($6.92 in chips) 
Seat 6: megtorlo2244 ($4.37 in chips) 
Seat 7: Gerry Wright ($3.80 in chips) 
Seat 8: gmitoi ($7.93 in chips) 
Seat 9: Dorex2007 ($5.29 in chips) 
Dorex2007: posts small blind $0.02
Beatlebud7: posts big blind $0.05
pokergon74: sits out 
Sensei_Wai: sits out 
*** HOLE CARDS ***
Dealt to Dorex2007 [Qd 5h]
Hatkevich: folds 
6tee: folds 
megtorlo2244: folds 
Gerry Wright: folds 
gmitoi: raises $0.10 to $0.15
Dorex2007: folds 
Beatlebud7: raises $0.10 to $0.25
gmitoi: calls $0.10
*** FLOP *** [8h 7s 2s]
Beatlebud7: checks 
gmitoi: checks 
*** TURN *** [8h 7s 2s] [Qh]
Beatlebud7: checks 
gmitoi: bets $0.25
Gerry Wright leaves the table
Beatlebud7: calls $0.25
*** RIVER *** [8h 7s 2s Qh] [8c]
Beatlebud7: checks 
Dt_Hyde1 joins the table at seat #7 
gmitoi: checks 
*** SHOW DOWN ***
Beatlebud7: shows [Kh Ad] (a pair of Eights)
gmitoi: mucks hand 
Beatlebud7 collected $0.98 from pot
*** SUMMARY ***
Total pot $1.02 | Rake $0.04 
Board [8h 7s 2s Qh 8c]
Seat 1: Beatlebud7 (big blind) showed [Kh Ad] and won ($0.98) with a pair of Eights
Seat 2: Hatkevich folded before Flop (didn't bet)
Seat 5: 6tee folded before Flop (didn't bet)
Seat 6: megtorlo2244 folded before Flop (didn't bet)
Seat 7: Gerry Wright folded before Flop (didn't bet)
Seat 8: gmitoi (button) mucked [Kd Jh]
Seat 9: Dorex2007 (small blind) folded before Flop



PokerStars Hand #238419428639:  Hold'em No Limit ($0.02/$0.05 USD) - 2022/09/04 14:23:07 PT [2022/09/04 17:23:07 ET]
Table 'Anastasia' 9-max Seat #9 is the button
Seat 1: Beatlebud7 ($7.89 in chips) 
Seat 2: Hatkevich ($5.32 in chips) 
Seat 5: 6tee ($6.92 in chips) 
Seat 6: megtorlo2244 ($4.37 in chips) 
Seat 8: gmitoi ($7.43 in chips) 
Seat 9: Dorex2007 ($5.27 in chips) 
Beatlebud7: posts small blind $0.02
Hatkevich: posts big blind $0.05
pokergon74: sits out 
Sensei_Wai: sits out 
Dt_Hyde1: sits out 
*** HOLE CARDS ***
Dealt to Dorex2007 [5h 7c]
6tee: folds 
megtorlo2244: folds 
gmitoi: folds 
Dorex2007: folds 
Beatlebud7: raises $0.05 to $0.10
Hatkevich: calls $0.05
*** FLOP *** [9s 8s Qh]
Beatlebud7: checks 
Hatkevich: bets $0.10
Beatlebud7: calls $0.10
*** TURN *** [9s 8s Qh] [Kh]
Beatlebud7: checks 
Hatkevich: checks 
*** RIVER *** [9s 8s Qh Kh] [7d]
Beatlebud7: bets $0.19
Hatkevich: calls $0.19
*** SHOW DOWN ***
Beatlebud7: shows [Jd Ts] (a straight, Nine to King)
Hatkevich: mucks hand 
Beatlebud7 collected $0.75 from pot
*** SUMMARY ***
Total pot $0.78 | Rake $0.03 
Board [9s 8s Qh Kh 7d]
Seat 1: Beatlebud7 (small blind) showed [Jd Ts] and won ($0.75) with a straight, Nine to King
Seat 2: Hatkevich (big blind) mucked [7s Ad]
Seat 5: 6tee folded before Flop (didn't bet)
Seat 6: megtorlo2244 folded before Flop (didn't bet)
Seat 8: gmitoi folded before Flop (didn't bet)
Seat 9: Dorex2007 (button) folded before Flop (didn't bet)



PokerStars Hand #238419464896:  Hold'em No Limit ($0.02/$0.05 USD) - 2022/09/04 14:24:26 PT [2022/09/04 17:24:26 ET]
Table 'Anastasia' 9-max Seat #1 is the button
Seat 1: Beatlebud7 ($8.25 in chips) 
Seat 2: Hatkevich ($5 in chips) 
Seat 3: pokergon74 ($3.45 in chips) 
Seat 5: 6tee ($6.92 in chips) 
Seat 6: megtorlo2244 ($4.37 in chips) 
Seat 8: gmitoi ($7.43 in chips) 
Seat 9: Dorex2007 ($5.27 in chips) 
Hatkevich: posts small blind $0.02
pokergon74: posts big blind $0.05
Sensei_Wai: sits out 
Dt_Hyde1: sits out 
*** HOLE CARDS ***
Dealt to Dorex2007 [Jh 2h]
6tee: folds 
megtorlo2244: raises $0.10 to $0.15
gmitoi: folds 
Dorex2007: folds 
Beatlebud7: calls $0.15
Hatkevich: folds 
pokergon74: folds 
*** FLOP *** [5d 4d 3h]
megtorlo2244: checks 
Beatlebud7: bets $0.17
megtorlo2244: folds 
Uncalled bet ($0.17) returned to Beatlebud7
Beatlebud7 collected $0.35 from pot
Beatlebud7: doesn't show hand 
*** SUMMARY ***
Total pot $0.37 | Rake $0.02 
Board [5d 4d 3h]
Seat 1: Beatlebud7 (button) collected ($0.35)
Seat 2: Hatkevich (small blind) folded before Flop
Seat 3: pokergon74 (big blind) folded before Flop
Seat 5: 6tee folded before Flop (didn't bet)
Seat 6: megtorlo2244 folded on the Flop
Seat 8: gmitoi folded before Flop (didn't bet)
Seat 9: Dorex2007 folded before Flop (didn't bet)



PokerStars Hand #238419479698:  Hold'em No Limit ($0.02/$0.05 USD) - 2022/09/04 14:24:59 PT [2022/09/04 17:24:59 ET]
Table 'Anastasia' 9-max Seat #2 is the button
Seat 1: Beatlebud7 ($8.45 in chips) 
Seat 2: Hatkevich ($5 in chips) 
Seat 3: pokergon74 ($3.40 in chips) 
Seat 4: Sensei_Wai ($5 in chips) 
Seat 5: 6tee ($6.92 in chips) 
Seat 6: megtorlo2244 ($4.22 in chips) 
Seat 8: gmitoi ($7.43 in chips) 
Seat 9: Dorex2007 ($5.27 in chips) 
pokergon74: posts small blind $0.02
Sensei_Wai: posts big blind $0.05
Dt_Hyde1: sits out 
*** HOLE CARDS ***
Dealt to Dorex2007 [8h 6d]
6tee: folds 
megtorlo2244: folds 
gmitoi: folds 
Dorex2007: folds 
Beatlebud7: folds 
Hatkevich: raises $0.07 to $0.12
pokergon74: folds 
Sensei_Wai: folds 
Uncalled bet ($0.07) returned to Hatkevich
Hatkevich collected $0.12 from pot
Hatkevich: doesn't show hand 
*** SUMMARY ***
Total pot $0.12 | Rake $0 
Seat 1: Beatlebud7 folded before Flop (didn't bet)
Seat 2: Hatkevich (button) collected ($0.12)
Seat 3: pokergon74 (small blind) folded before Flop
Seat 4: Sensei_Wai (big blind) folded before Flop
Seat 5: 6tee folded before Flop (didn't bet)
Seat 6: megtorlo2244 folded before Flop (didn't bet)
Seat 8: gmitoi folded before Flop (didn't bet)
Seat 9: Dorex2007 folded before Flop (didn't bet)



PokerStars Hand #238419487864:  Hold'em No Limit ($0.02/$0.05 USD) - 2022/09/04 14:25:17 PT [2022/09/04 17:25:17 ET]
Table 'Anastasia' 9-max Seat #3 is the button
Seat 1: Beatlebud7 ($8.45 in chips) 
Seat 2: Hatkevich ($5.07 in chips) 
Seat 3: pokergon74 ($3.38 in chips) 
Seat 4: Sensei_Wai ($4.95 in chips) 
Seat 5: 6tee ($6.92 in chips) 
Seat 6: megtorlo2244 ($4.22 in chips) 
Seat 8: gmitoi ($7.43 in chips) 
Seat 9: Dorex2007 ($5.27 in chips) 
Sensei_Wai: posts small blind $0.02
6tee: posts big blind $0.05
Dt_Hyde1: sits out 
*** HOLE CARDS ***
Dealt to Dorex2007 [6c Jh]
megtorlo2244: folds 
gmitoi: folds 
Dorex2007: folds 
Beatlebud7: folds 
Hatkevich: raises $0.07 to $0.12
pokergon74: folds 
Sensei_Wai: folds 
6tee: calls $0.07
*** FLOP *** [2s 8h Ts]
6tee: checks 
Hatkevich: bets $0.14
6tee: calls $0.14
*** TURN *** [2s 8h Ts] [4c]
6tee: checks 
Hatkevich: checks 
*** RIVER *** [2s 8h Ts 4c] [2h]
6tee: bets $0.26
Hatkevich: folds 
Uncalled bet ($0.26) returned to 6tee
6tee collected $0.52 from pot
*** SUMMARY ***
Total pot $0.54 | Rake $0.02 
Board [2s 8h Ts 4c 2h]
Seat 1: Beatlebud7 folded before Flop (didn't bet)
Seat 2: Hatkevich folded on the River
Seat 3: pokergon74 (button) folded before Flop (didn't bet)
Seat 4: Sensei_Wai (small blind) folded before Flop
Seat 5: 6tee (big blind) collected ($0.52)
Seat 6: megtorlo2244 folded before Flop (didn't bet)
Seat 8: gmitoi folded before Flop (didn't bet)
Seat 9: Dorex2007 folded before Flop (didn't bet)



PokerStars Hand #238419501708:  Hold'em No Limit ($0.02/$0.05 USD) - 2022/09/04 14:25:47 PT [2022/09/04 17:25:47 ET]
Table 'Anastasia' 9-max Seat #4 is the button
Seat 1: Beatlebud7 ($8.45 in chips) 
Seat 2: Hatkevich ($5 in chips) 
Seat 3: pokergon74 ($3.38 in chips) 
Seat 4: Sensei_Wai ($4.93 in chips) 
Seat 5: 6tee ($7.18 in chips) 
Seat 6: megtorlo2244 ($4.22 in chips) 
Seat 8: gmitoi ($7.43 in chips) 
Seat 9: Dorex2007 ($5.27 in chips) 
6tee: posts small blind $0.02
megtorlo2244: posts big blind $0.05
Dt_Hyde1: sits out 
*** HOLE CARDS ***
Dealt to Dorex2007 [8h 7d]
gmitoi: folds 
Dorex2007: folds 
Beatlebud7: folds 
Hatkevich: folds 
pokergon74: folds 
Sensei_Wai: folds 
6tee: calls $0.03
megtorlo2244: raises $0.10 to $0.15
6tee: folds 
Uncalled bet ($0.10) returned to megtorlo2244
megtorlo2244 collected $0.10 from pot
megtorlo2244: doesn't show hand 
*** SUMMARY ***
Total pot $0.10 | Rake $0 
Seat 1: Beatlebud7 folded before Flop (didn't bet)
Seat 2: Hatkevich folded before Flop (didn't bet)
Seat 3: pokergon74 folded before Flop (didn't bet)
Seat 4: Sensei_Wai (button) folded before Flop (didn't bet)
Seat 5: 6tee (small blind) folded before Flop
Seat 6: megtorlo2244 (big blind) collected ($0.10)
Seat 8: gmitoi folded before Flop (didn't bet)
Seat 9: Dorex2007 folded before Flop (didn't bet)



PokerStars Hand #238419517297:  Hold'em No Limit ($0.02/$0.05 USD) - 2022/09/04 14:26:22 PT [2022/09/04 17:26:22 ET]
Table 'Anastasia' 9-max Seat #5 is the button
Seat 1: Beatlebud7 ($8.45 in chips) 
Seat 2: Hatkevich ($5 in chips) 
Seat 3: pokergon74 ($3.38 in chips) 
Seat 4: Sensei_Wai ($4.93 in chips) 
Seat 5: 6tee ($7.13 in chips) 
Seat 6: megtorlo2244 ($4.27 in chips) 
Seat 7: Dt_Hyde1 ($5 in chips) 
Seat 8: gmitoi ($7.43 in chips) 
Seat 9: Dorex2007 ($5.27 in chips) 
megtorlo2244: posts small blind $0.02
Dt_Hyde1: posts big blind $0.05
*** HOLE CARDS ***
Dealt to Dorex2007 [8d 9h]
gmitoi: folds 
Dorex2007: folds 
Beatlebud7: folds 
Hatkevich: raises $0.07 to $0.12
pokergon74: calls $0.12
Sensei_Wai: folds 
6tee: folds 
megtorlo2244: raises $0.23 to $0.35
Dt_Hyde1: folds 
Hatkevich: calls $0.23
pokergon74: calls $0.23
*** FLOP *** [Qd 4d 5d]
megtorlo2244: checks 
Hatkevich: bets $0.27
pokergon74: calls $0.27
megtorlo2244: folds 
*** TURN *** [Qd 4d 5d] [Kd]
Hatkevich: bets $0.60
pokergon74: calls $0.60
*** RIVER *** [Qd 4d 5d Kd] [7h]
Hatkevich: bets $2.20
pokergon74: calls $2.16 and is all-in
Uncalled bet ($0.04) returned to Hatkevich
*** SHOW DOWN ***
Hatkevich: shows [Th Ah] (high card Ace)
pokergon74: shows [2d Ac] (a flush, King high)
pokergon74 collected $6.86 from pot
*** SUMMARY ***
Total pot $7.16 | Rake $0.30 
Board [Qd 4d 5d Kd 7h]
Seat 1: Beatlebud7 folded before Flop (didn't bet)
Seat 2: Hatkevich showed [Th Ah] and lost with high card Ace
Seat 3: pokergon74 showed [2d Ac] and won ($6.86) with a flush, King high
Seat 4: Sensei_Wai folded before Flop (didn't bet)
Seat 5: 6tee (button) folded before Flop (didn't bet)
Seat 6: megtorlo2244 (small blind) folded on the Flop
Seat 7: Dt_Hyde1 (big blind) folded before Flop
Seat 8: gmitoi folded before Flop (didn't bet)
Seat 9: Dorex2007 folded before Flop (didn't bet)



PokerStars Hand #238419561254:  Hold'em No Limit ($0.02/$0.05 USD) - 2022/09/04 14:27:59 PT [2022/09/04 17:27:59 ET]
Table 'Anastasia' 9-max Seat #6 is the button
Seat 1: Beatlebud7 ($8.45 in chips) 
Seat 2: Hatkevich ($5 in chips) 
Seat 3: pokergon74 ($6.86 in chips) 
Seat 4: Sensei_Wai ($4.93 in chips) 
Seat 5: 6tee ($7.13 in chips) 
Seat 6: megtorlo2244 ($4 in chips) 
Seat 7: Dt_Hyde1 ($5 in chips) 
Seat 8: gmitoi ($7.43 in chips) 
Seat 9: Dorex2007 ($5.27 in chips) 
Dt_Hyde1: posts small blind $0.02
gmitoi: posts big blind $0.05
*** HOLE CARDS ***
Dealt to Dorex2007 [8h 2c]
Dorex2007: folds 
Beatlebud7: folds 
Hatkevich: raises $0.07 to $0.12
pokergon74: calls $0.12
Sensei_Wai: folds 
6tee: folds 
megtorlo2244: folds 
Dt_Hyde1: folds 
gmitoi: folds 
*** FLOP *** [8s Ks 3h]
Hatkevich: bets $0.10
pokergon74: calls $0.10
*** TURN *** [8s Ks 3h] [Js]
Hatkevich: bets $0.27
pokergon74: calls $0.27
*** RIVER *** [8s Ks 3h Js] [6h]
Hatkevich: bets $1.45
pokergon74: folds 
Uncalled bet ($1.45) returned to Hatkevich
Hatkevich collected $1.01 from pot
Hatkevich: doesn't show hand 
*** SUMMARY ***
Total pot $1.05 | Rake $0.04 
Board [8s Ks 3h Js 6h]
Seat 1: Beatlebud7 folded before Flop (didn't bet)
Seat 2: Hatkevich collected ($1.01)
Seat 3: pokergon74 folded on the River
Seat 4: Sensei_Wai folded before Flop (didn't bet)
Seat 5: 6tee folded before Flop (didn't bet)
Seat 6: megtorlo2244 (button) folded before Flop (didn't bet)
Seat 7: Dt_Hyde1 (small blind) folded before Flop
Seat 8: gmitoi (big blind) folded before Flop
Seat 9: Dorex2007 folded before Flop (didn't bet)



PokerStars Hand #238419585574:  Hold'em No Limit ($0.02/$0.05 USD) - 2022/09/04 14:28:53 PT [2022/09/04 17:28:53 ET]
Table 'Anastasia' 9-max Seat #7 is the button
Seat 1: Beatlebud7 ($8.45 in chips) 
Seat 2: Hatkevich ($5.52 in chips) 
Seat 3: pokergon74 ($6.37 in chips) 
Seat 4: Sensei_Wai ($4.93 in chips) 
Seat 5: 6tee ($7.13 in chips) 
Seat 6: megtorlo2244 ($4 in chips) 
Seat 7: Dt_Hyde1 ($5 in chips) 
Seat 8: gmitoi ($7.38 in chips) 
Seat 9: Dorex2007 ($5.27 in chips) 
gmitoi: posts small blind $0.02
Dorex2007: posts big blind $0.05
*** HOLE CARDS ***
Dealt to Dorex2007 [Ts 5h]
Beatlebud7: folds 
Hatkevich: folds 
pokergon74: calls $0.05
Sensei_Wai: folds 
6tee: folds 
megtorlo2244: folds 
Dt_Hyde1: folds 
gmitoi: calls $0.03
Dorex2007: checks 
*** FLOP *** [Js Kh 9h]
gmitoi: checks 
Dorex2007: checks 
pokergon74: checks 
*** TURN *** [Js Kh 9h] [Qh]
gmitoi: checks 
Dorex2007: bets $0.09
pokergon74: folds 
gmitoi: folds 
Uncalled bet ($0.09) returned to Dorex2007
Dorex2007 collected $0.14 from pot
Dorex2007: doesn't show hand 
*** SUMMARY ***
Total pot $0.15 | Rake $0.01 
Board [Js Kh 9h Qh]
Seat 1: Beatlebud7 folded before Flop (didn't bet)
Seat 2: Hatkevich folded before Flop (didn't bet)
Seat 3: pokergon74 folded on the Turn
Seat 4: Sensei_Wai folded before Flop (didn't bet)
Seat 5: 6tee folded before Flop (didn't bet)
Seat 6: megtorlo2244 folded before Flop (didn't bet)
Seat 7: Dt_Hyde1 (button) folded before Flop (didn't bet)
Seat 8: gmitoi (small blind) folded on the Turn
Seat 9: Dorex2007 (big blind) collected ($0.14)



PokerStars Hand #238419609112:  Hold'em No Limit ($0.02/$0.05 USD) - 2022/09/04 14:29:45 PT [2022/09/04 17:29:45 ET]
Table 'Anastasia' 9-max Seat #8 is the button
Seat 1: Beatlebud7 ($8.45 in chips) 
Seat 2: Hatkevich ($5.52 in chips) 
Seat 3: pokergon74 ($6.32 in chips) 
Seat 4: Sensei_Wai ($4.93 in chips) 
Seat 5: 6tee ($7.13 in chips) 
Seat 6: megtorlo2244 ($4 in chips) 
Seat 7: Dt_Hyde1 ($5 in chips) 
Seat 8: gmitoi ($7.33 in chips) 
Seat 9: Dorex2007 ($5.36 in chips) 
Dorex2007: posts small blind $0.02
Beatlebud7: posts big blind $0.05
*** HOLE CARDS ***
Dealt to Dorex2007 [7c Tc]
Hatkevich: folds 
pokergon74: folds 
Sensei_Wai: folds 
6tee has timed out
6tee: folds 
megtorlo2244: folds 
Dt_Hyde1: folds 
gmitoi: folds 
Dorex2007: folds 
Uncalled bet ($0.03) returned to Beatlebud7
Beatlebud7 collected $0.04 from pot
Beatlebud7: doesn't show hand 
*** SUMMARY ***
Total pot $0.04 | Rake $0 
Seat 1: Beatlebud7 (big blind) collected ($0.04)
Seat 2: Hatkevich folded before Flop (didn't bet)
Seat 3: pokergon74 folded before Flop (didn't bet)
Seat 4: Sensei_Wai folded before Flop (didn't bet)
Seat 5: 6tee folded before Flop (didn't bet)
Seat 6: megtorlo2244 folded before Flop (didn't bet)
Seat 7: Dt_Hyde1 folded before Flop (didn't bet)
Seat 8: gmitoi (button) folded before Flop (didn't bet)
Seat 9: Dorex2007 (small blind) folded before Flop



PokerStars Hand #238419624442:  Hold'em No Limit ($0.02/$0.05 USD) - 2022/09/04 14:30:19 PT [2022/09/04 17:30:19 ET]
Table 'Anastasia' 9-max Seat #9 is the button
Seat 1: Beatlebud7 ($8.47 in chips) 
Seat 2: Hatkevich ($5.52 in chips) 
Seat 3: pokergon74 ($6.32 in chips) 
Seat 4: Sensei_Wai ($4.93 in chips) 
Seat 6: megtorlo2244 ($4 in chips) 
Seat 7: Dt_Hyde1 ($5 in chips) 
Seat 8: gmitoi ($7.33 in chips) 
Seat 9: Dorex2007 ($5.34 in chips) 
Beatlebud7: posts small blind $0.02
Hatkevich: posts big blind $0.05
*** HOLE CARDS ***
Dealt to Dorex2007 [Tc Kd]
pokergon74: folds 
Sensei_Wai: folds 
megtorlo2244: folds 
Dt_Hyde1: folds 
gmitoi: raises $0.10 to $0.15
Dorex2007: folds 
Beatlebud7: raises $0.10 to $0.25
Hatkevich: folds 
gmitoi: calls $0.10
*** FLOP *** [Qh 7d Qc]
Beatlebud7: bets $0.26
gmitoi: folds 
Uncalled bet ($0.26) returned to Beatlebud7
Beatlebud7 collected $0.53 from pot
Beatlebud7: doesn't show hand 
*** SUMMARY ***
Total pot $0.55 | Rake $0.02 
Board [Qh 7d Qc]
Seat 1: Beatlebud7 (small blind) collected ($0.53)
Seat 2: Hatkevich (big blind) folded before Flop
Seat 3: pokergon74 folded before Flop (didn't bet)
Seat 4: Sensei_Wai folded before Flop (didn't bet)
Seat 6: megtorlo2244 folded before Flop (didn't bet)
Seat 7: Dt_Hyde1 folded before Flop (didn't bet)
Seat 8: gmitoi folded on the Flop
Seat 9: Dorex2007 (button) folded before Flop (didn't bet)



PokerStars Hand #238419643888:  Hold'em No Limit ($0.02/$0.05 USD) - 2022/09/04 14:31:02 PT [2022/09/04 17:31:02 ET]
Table 'Anastasia' 9-max Seat #1 is the button
Seat 1: Beatlebud7 ($8.75 in chips) 
Seat 2: Hatkevich ($5.47 in chips) 
Seat 3: pokergon74 ($6.32 in chips) 
Seat 4: Sensei_Wai ($4.93 in chips) 
Seat 6: megtorlo2244 ($4 in chips) 
Seat 7: Dt_Hyde1 ($5 in chips) 
Seat 8: gmitoi ($7.08 in chips) 
Seat 9: Dorex2007 ($5.34 in chips) 
Hatkevich: posts small blind $0.02
pokergon74: posts big blind $0.05
*** HOLE CARDS ***
Dealt to Dorex2007 [6d 2d]
Sensei_Wai: folds 
megtorlo2244: folds 
Dt_Hyde1: folds 
gmitoi: folds 
Dorex2007: folds 
Beatlebud7: folds 
Hatkevich: raises $0.10 to $0.15
pokergon74: calls $0.10
*** FLOP *** [9s 8s Ac]
Hatkevich: bets $0.09
pokergon74: calls $0.09
*** TURN *** [9s 8s Ac] [9c]
Hatkevich: checks 
pokergon74: bets $0.15
Hatkevich: calls $0.15
*** RIVER *** [9s 8s Ac 9c] [8d]
Hatkevich: checks 
pokergon74: bets $0.75
Hatkevich: calls $0.75
*** SHOW DOWN ***
pokergon74: shows [As 8c] (a full house, Eights full of Aces)
Hatkevich: mucks hand 
pokergon74 collected $2.19 from pot
*** SUMMARY ***
Total pot $2.28 | Rake $0.09 
Board [9s 8s Ac 9c 8d]
Seat 1: Beatlebud7 (button) folded before Flop (didn't bet)
Seat 2: Hatkevich (small blind) mucked [7c 8h]
Seat 3: pokergon74 (big blind) showed [As 8c] and won ($2.19) with a full house, Eights full of Aces
Seat 4: Sensei_Wai folded before Flop (didn't bet)
Seat 6: megtorlo2244 folded before Flop (didn't bet)
Seat 7: Dt_Hyde1 folded before Flop (didn't bet)
Seat 8: gmitoi folded before Flop (didn't bet)
Seat 9: Dorex2007 folded before Flop (didn't bet)



PokerStars Hand #238419666080:  Hold'em No Limit ($0.02/$0.05 USD) - 2022/09/04 14:31:51 PT [2022/09/04 17:31:51 ET]
Table 'Anastasia' 9-max Seat #2 is the button
Seat 1: Beatlebud7 ($8.75 in chips) 
Seat 2: Hatkevich ($5 in chips) 
Seat 3: pokergon74 ($7.37 in chips) 
Seat 4: Sensei_Wai ($4.93 in chips) 
Seat 6: megtorlo2244 ($4 in chips) 
Seat 7: Dt_Hyde1 ($5 in chips) 
Seat 8: gmitoi ($7.08 in chips) 
Seat 9: Dorex2007 ($5.34 in chips) 
pokergon74: posts small blind $0.02
Sensei_Wai: posts big blind $0.05
*** HOLE CARDS ***
Dealt to Dorex2007 [9s 7d]
megtorlo2244: folds 
Dt_Hyde1: folds 
gmitoi: folds 
Dorex2007: folds 
Beatlebud7: folds 
Hatkevich: folds 
pokergon74: calls $0.03
Sensei_Wai: checks 
*** FLOP *** [Th Jd As]
pokergon74: checks 
Sensei_Wai: checks 
*** TURN *** [Th Jd As] [5h]
pokergon74: checks 
Sensei_Wai: checks 
*** RIVER *** [Th Jd As 5h] [2h]
pokergon74: checks 
Sensei_Wai: checks 
*** SHOW DOWN ***
pokergon74: shows [4c 7h] (high card Ace)
Sensei_Wai: shows [2d Ks] (a pair of Deuces)
Sensei_Wai collected $0.10 from pot
*** SUMMARY ***
Total pot $0.10 | Rake $0 
Board [Th Jd As 5h 2h]
Seat 1: Beatlebud7 folded before Flop (didn't bet)
Seat 2: Hatkevich (button) folded before Flop (didn't bet)
Seat 3: pokergon74 (small blind) showed [4c 7h] and lost with high card Ace
Seat 4: Sensei_Wai (big blind) showed [2d Ks] and won ($0.10) with a pair of Deuces
Seat 6: megtorlo2244 folded before Flop (didn't bet)
Seat 7: Dt_Hyde1 folded before Flop (didn't bet)
Seat 8: gmitoi folded before Flop (didn't bet)
Seat 9: Dorex2007 folded before Flop (didn't bet)



PokerStars Hand #238419696433:  Hold'em No Limit ($0.02/$0.05 USD) - 2022/09/04 14:32:59 PT [2022/09/04 17:32:59 ET]
Table 'Anastasia' 9-max Seat #3 is the button
Seat 1: Beatlebud7 ($8.75 in chips) 
Seat 2: Hatkevich ($5 in chips) 
Seat 3: pokergon74 ($7.32 in chips) 
Seat 4: Sensei_Wai ($4.98 in chips) 
Seat 6: megtorlo2244 ($4 in chips) 
Seat 7: Dt_Hyde1 ($5 in chips) 
Seat 8: gmitoi ($7.08 in chips) 
Seat 9: Dorex2007 ($5.34 in chips) 
Sensei_Wai: posts small blind $0.02
megtorlo2244: posts big blind $0.05
*** HOLE CARDS ***
Dealt to Dorex2007 [Kh 9c]
Dt_Hyde1: folds 
gmitoi: folds 
Dorex2007: folds 
Beatlebud7: calls $0.05
Hatkevich: folds 
pokergon74: folds 
Sensei_Wai: folds 
megtorlo2244: checks 
*** FLOP *** [Ks 2c 3s]
megtorlo2244: checks 
Beatlebud7: bets $0.12
megtorlo2244: folds 
Uncalled bet ($0.12) returned to Beatlebud7
Beatlebud7 collected $0.12 from pot
Beatlebud7: doesn't show hand 
*** SUMMARY ***
Total pot $0.12 | Rake $0 
Board [Ks 2c 3s]
Seat 1: Beatlebud7 collected ($0.12)
Seat 2: Hatkevich folded before Flop (didn't bet)
Seat 3: pokergon74 (button) folded before Flop (didn't bet)
Seat 4: Sensei_Wai (small blind) folded before Flop
Seat 6: megtorlo2244 (big blind) folded on the Flop
Seat 7: Dt_Hyde1 folded before Flop (didn't bet)
Seat 8: gmitoi folded before Flop (didn't bet)
Seat 9: Dorex2007 folded before Flop (didn't bet)



PokerStars Hand #238419707560:  Hold'em No Limit ($0.02/$0.05 USD) - 2022/09/04 14:33:25 PT [2022/09/04 17:33:25 ET]
Table 'Anastasia' 9-max Seat #4 is the button
Seat 1: Beatlebud7 ($8.82 in chips) 
Seat 2: Hatkevich ($5 in chips) 
Seat 3: pokergon74 ($7.32 in chips) 
Seat 4: Sensei_Wai ($4.96 in chips) 
Seat 6: megtorlo2244 ($4 in chips) 
Seat 7: Dt_Hyde1 ($5 in chips) 
Seat 8: gmitoi ($7.08 in chips) 
Seat 9: Dorex2007 ($5.34 in chips) 
megtorlo2244: posts small blind $0.02
Dt_Hyde1: posts big blind $0.05
*** HOLE CARDS ***
Dealt to Dorex2007 [Qs Th]
gmitoi: folds 
Dorex2007: folds 
Beatlebud7: calls $0.05
Hatkevich: folds 
pokergon74: calls $0.05
Sensei_Wai: folds 
megtorlo2244: folds 
Dt_Hyde1: checks 
*** FLOP *** [5c 8c 7h]
Dt_Hyde1: checks 
Beatlebud7: checks 
pokergon74: bets $0.05
Dt_Hyde1: folds 
Beatlebud7: raises $0.05 to $0.10
pokergon74: calls $0.05
*** TURN *** [5c 8c 7h] [As]
Beatlebud7: checks 
pokergon74: bets $0.05
Beatlebud7: calls $0.05
*** RIVER *** [5c 8c 7h As] [3d]
Beatlebud7: checks 
pokergon74: bets $0.20
Beatlebud7: folds 
Uncalled bet ($0.20) returned to pokergon74
pokergon74 collected $0.45 from pot
pokergon74: doesn't show hand 
*** SUMMARY ***
Total pot $0.47 | Rake $0.02 
Board [5c 8c 7h As 3d]
Seat 1: Beatlebud7 folded on the River
Seat 2: Hatkevich folded before Flop (didn't bet)
Seat 3: pokergon74 collected ($0.45)
Seat 4: Sensei_Wai (button) folded before Flop (didn't bet)
Seat 6: megtorlo2244 (small blind) folded before Flop
Seat 7: Dt_Hyde1 (big blind) folded on the Flop
Seat 8: gmitoi folded before Flop (didn't bet)
Seat 9: Dorex2007 folded before Flop (didn't bet)



PokerStars Hand #238419736360:  Hold'em No Limit ($0.02/$0.05 USD) - 2022/09/04 14:34:29 PT [2022/09/04 17:34:29 ET]
Table 'Anastasia' 9-max Seat #6 is the button
Seat 1: Beatlebud7 ($8.62 in chips) 
Seat 2: Hatkevich ($5 in chips) 
Seat 3: pokergon74 ($7.57 in chips) 
Seat 4: Sensei_Wai ($4.96 in chips) 
Seat 6: megtorlo2244 ($4 in chips) 
Seat 7: Dt_Hyde1 ($5 in chips) 
Seat 8: gmitoi ($7.08 in chips) 
Seat 9: Dorex2007 ($5.34 in chips) 
Dt_Hyde1: posts small blind $0.02
gmitoi: posts big blind $0.05
*** HOLE CARDS ***
Dealt to Dorex2007 [2h Ah]
Dorex2007: calls $0.05
Beatlebud7: folds 
Hatkevich: folds 
pokergon74: calls $0.05
Sensei_Wai: folds 
megtorlo2244: folds 
Dt_Hyde1: folds 
gmitoi: checks 
*** FLOP *** [Ks Tc 4s]
gmitoi: checks 
Dorex2007: checks 
pokergon74: bets $0.05
gmitoi: calls $0.05
Dorex2007: folds 
*** TURN *** [Ks Tc 4s] [Ts]
gmitoi: checks 
pokergon74: bets $0.05
gmitoi: calls $0.05
*** RIVER *** [Ks Tc 4s Ts] [Ac]
gmitoi: bets $0.17
pokergon74: folds 
Uncalled bet ($0.17) returned to gmitoi
gmitoi collected $0.35 from pot
gmitoi: doesn't show hand 
*** SUMMARY ***
Total pot $0.37 | Rake $0.02 
Board [Ks Tc 4s Ts Ac]
Seat 1: Beatlebud7 folded before Flop (didn't bet)
Seat 2: Hatkevich folded before Flop (didn't bet)
Seat 3: pokergon74 folded on the River
Seat 4: Sensei_Wai folded before Flop (didn't bet)
Seat 6: megtorlo2244 (button) folded before Flop (didn't bet)
Seat 7: Dt_Hyde1 (small blind) folded before Flop
Seat 8: gmitoi (big blind) collected ($0.35)
Seat 9: Dorex2007 folded on the Flop



PokerStars Hand #238419769482:  Hold'em No Limit ($0.02/$0.05 USD) - 2022/09/04 14:35:44 PT [2022/09/04 17:35:44 ET]
Table 'Anastasia' 9-max Seat #7 is the button
Seat 1: Beatlebud7 ($8.62 in chips) 
Seat 2: Hatkevich ($5 in chips) 
Seat 3: pokergon74 ($7.42 in chips) 
Seat 4: Sensei_Wai ($4.96 in chips) 
Seat 6: megtorlo2244 ($4 in chips) 
Seat 7: Dt_Hyde1 ($5 in chips) 
Seat 8: gmitoi ($7.28 in chips) 
Seat 9: Dorex2007 ($5.29 in chips) 
gmitoi: posts small blind $0.02
Dorex2007: posts big blind $0.05
*** HOLE CARDS ***
Dealt to Dorex2007 [Jc 4d]
Beatlebud7: folds 
Hatkevich: folds 
pokergon74: calls $0.05
Sensei_Wai: folds 
megtorlo2244: folds 
Dt_Hyde1: folds 
gmitoi: folds 
Dorex2007: checks 
*** FLOP *** [8c 7c Tc]
Dorex2007: checks 
pokergon74: bets $0.05
Dorex2007: calls $0.05
*** TURN *** [8c 7c Tc] [6d]
Dorex2007: checks 
pokergon74: bets $0.05
Dorex2007: calls $0.05
*** RIVER *** [8c 7c Tc 6d] [7h]
Dorex2007: bets $0.15
pokergon74: calls $0.15
*** SHOW DOWN ***
Dorex2007: shows [Jc 4d] (a pair of Sevens)
pokergon74: shows [Th Js] (two pair, Tens and Sevens)
pokergon74 collected $0.59 from pot
*** SUMMARY ***
Total pot $0.62 | Rake $0.03 
Board [8c 7c Tc 6d 7h]
Seat 1: Beatlebud7 folded before Flop (didn't bet)
Seat 2: Hatkevich folded before Flop (didn't bet)
Seat 3: pokergon74 showed [Th Js] and won ($0.59) with two pair, Tens and Sevens
Seat 4: Sensei_Wai folded before Flop (didn't bet)
Seat 6: megtorlo2244 folded before Flop (didn't bet)
Seat 7: Dt_Hyde1 (button) folded before Flop (didn't bet)
Seat 8: gmitoi (small blind) folded before Flop
Seat 9: Dorex2007 (big blind) showed [Jc 4d] and lost with a pair of Sevens



PokerStars Hand #238419789807:  Hold'em No Limit ($0.02/$0.05 USD) - 2022/09/04 14:36:31 PT [2022/09/04 17:36:31 ET]
Table 'Anastasia' 9-max Seat #8 is the button
Seat 1: Beatlebud7 ($8.62 in chips) 
Seat 2: Hatkevich ($5 in chips) 
Seat 3: pokergon74 ($7.71 in chips) 
Seat 4: Sensei_Wai ($4.96 in chips) 
Seat 6: megtorlo2244 ($4 in chips) 
Seat 7: Dt_Hyde1 ($5 in chips) 
Seat 8: gmitoi ($7.26 in chips) 
Seat 9: Dorex2007 ($5 in chips) 
Dorex2007: posts small blind $0.02
Beatlebud7: posts big blind $0.05
*** HOLE CARDS ***
Dealt to Dorex2007 [2s 3d]
Hatkevich: folds 
pokergon74: calls $0.05
Sensei_Wai: raises $0.30 to $0.35
megtorlo2244: folds 
Dt_Hyde1: folds 
gmitoi: calls $0.35
Dorex2007: folds 
Beatlebud7: folds 
pokergon74: folds 
*** FLOP *** [Jh 2h 2c]
Sensei_Wai: bets $0.63
gmitoi: folds 
Uncalled bet ($0.63) returned to Sensei_Wai
Sensei_Wai collected $0.79 from pot
*** SUMMARY ***
Total pot $0.82 | Rake $0.03 
Board [Jh 2h 2c]
Seat 1: Beatlebud7 (big blind) folded before Flop
Seat 2: Hatkevich folded before Flop (didn't bet)
Seat 3: pokergon74 folded before Flop
Seat 4: Sensei_Wai collected ($0.79)
Seat 6: megtorlo2244 folded before Flop (didn't bet)
Seat 7: Dt_Hyde1 folded before Flop (didn't bet)
Seat 8: gmitoi (button) folded on the Flop
Seat 9: Dorex2007 (small blind) folded before Flop



PokerStars Hand #238419811260:  Hold'em No Limit ($0.02/$0.05 USD) - 2022/09/04 14:37:19 PT [2022/09/04 17:37:19 ET]
Table 'Anastasia' 9-max Seat #9 is the button
Seat 1: Beatlebud7 ($8.57 in chips) 
Seat 2: Hatkevich ($5 in chips) 
Seat 3: pokergon74 ($7.66 in chips) 
Seat 4: Sensei_Wai ($5.40 in chips) 
Seat 6: megtorlo2244 ($4 in chips) 
Seat 7: Dt_Hyde1 ($5 in chips) 
Seat 8: gmitoi ($6.91 in chips) 
Seat 9: Dorex2007 ($5 in chips) 
Beatlebud7: posts small blind $0.02
Hatkevich: posts big blind $0.05
*** HOLE CARDS ***
Dealt to Dorex2007 [Js 9c]
pokergon74: folds 
Sensei_Wai: folds 
megtorlo2244: folds 
Dt_Hyde1: raises $0.15 to $0.20
gmitoi: folds 
Dorex2007: folds 
Beatlebud7: raises $0.15 to $0.35
Hatkevich: folds 
Dt_Hyde1: calls $0.15
*** FLOP *** [Td 4s 2c]
Beatlebud7: bets $0.36
Dt_Hyde1: folds 
Uncalled bet ($0.36) returned to Beatlebud7
Beatlebud7 collected $0.72 from pot
Beatlebud7: doesn't show hand 
*** SUMMARY ***
Total pot $0.75 | Rake $0.03 
Board [Td 4s 2c]
Seat 1: Beatlebud7 (small blind) collected ($0.72)
Seat 2: Hatkevich (big blind) folded before Flop
Seat 3: pokergon74 folded before Flop (didn't bet)
Seat 4: Sensei_Wai folded before Flop (didn't bet)
Seat 6: megtorlo2244 folded before Flop (didn't bet)
Seat 7: Dt_Hyde1 folded on the Flop
Seat 8: gmitoi folded before Flop (didn't bet)
Seat 9: Dorex2007 (button) folded before Flop (didn't bet)



PokerStars Hand #238419830570:  Hold'em No Limit ($0.02/$0.05 USD) - 2022/09/04 14:38:03 PT [2022/09/04 17:38:03 ET]
Table 'Anastasia' 9-max Seat #1 is the button
Seat 1: Beatlebud7 ($8.94 in chips) 
Seat 2: Hatkevich ($5 in chips) 
Seat 3: pokergon74 ($7.66 in chips) 
Seat 4: Sensei_Wai ($5.40 in chips) 
Seat 6: megtorlo2244 ($4 in chips) 
Seat 7: Dt_Hyde1 ($5 in chips) 
Seat 8: gmitoi ($6.91 in chips) 
Seat 9: Dorex2007 ($5 in chips) 
Hatkevich: posts small blind $0.02
pokergon74: posts big blind $0.05
*** HOLE CARDS ***
Dealt to Dorex2007 [8c Jc]
Sensei_Wai: raises $0.20 to $0.25
megtorlo2244: folds 
Dt_Hyde1: folds 
gmitoi: folds 
Dorex2007: folds 
Beatlebud7: folds 
Hatkevich: folds 
pokergon74: calls $0.20
*** FLOP *** [Qd 5s Ad]
pokergon74: bets $0.05
Sensei_Wai: calls $0.05
*** TURN *** [Qd 5s Ad] [7s]
pokergon74: bets $0.15
Sensei_Wai: calls $0.15
*** RIVER *** [Qd 5s Ad 7s] [3s]
pokergon74: bets $0.35
Sensei_Wai: calls $0.35
*** SHOW DOWN ***
pokergon74: shows [As 3c] (two pair, Aces and Threes)
Sensei_Wai: mucks hand 
pokergon74 collected $1.55 from pot
*** SUMMARY ***
Total pot $1.62 | Rake $0.07 
Board [Qd 5s Ad 7s 3s]
Seat 1: Beatlebud7 (button) folded before Flop (didn't bet)
Seat 2: Hatkevich (small blind) folded before Flop
Seat 3: pokergon74 (big blind) showed [As 3c] and won ($1.55) with two pair, Aces and Threes
Seat 4: Sensei_Wai mucked [Kh Ks]
Seat 6: megtorlo2244 folded before Flop (didn't bet)
Seat 7: Dt_Hyde1 folded before Flop (didn't bet)
Seat 8: gmitoi folded before Flop (didn't bet)
Seat 9: Dorex2007 folded before Flop (didn't bet)



PokerStars Hand #238419857807:  Hold'em No Limit ($0.02/$0.05 USD) - 2022/09/04 14:39:04 PT [2022/09/04 17:39:04 ET]
Table 'Anastasia' 9-max Seat #2 is the button
Seat 1: Beatlebud7 ($8.94 in chips) 
Seat 2: Hatkevich ($5 in chips) 
Seat 3: pokergon74 ($8.41 in chips) 
Seat 4: Sensei_Wai ($4.60 in chips) 
Seat 6: megtorlo2244 ($4 in chips) 
Seat 7: Dt_Hyde1 ($5 in chips) 
Seat 8: gmitoi ($6.91 in chips) 
Seat 9: Dorex2007 ($5 in chips) 
pokergon74: posts small blind $0.02
Sensei_Wai: posts big blind $0.05
*** HOLE CARDS ***
Dealt to Dorex2007 [2d 5c]
megtorlo2244: folds 
Dt_Hyde1: folds 
gmitoi: folds 
Dorex2007: folds 
Beatlebud7: calls $0.05
Hatkevich: folds 
pokergon74: calls $0.03
Sensei_Wai: checks 
*** FLOP *** [7d Kc Qs]
pokergon74: checks 
Sensei_Wai: checks 
Beatlebud7: bets $0.07
pokergon74: folds 
Sensei_Wai: folds 
Uncalled bet ($0.07) returned to Beatlebud7
Beatlebud7 collected $0.14 from pot
Beatlebud7: doesn't show hand 
*** SUMMARY ***
Total pot $0.15 | Rake $0.01 
Board [7d Kc Qs]
Seat 1: Beatlebud7 collected ($0.14)
Seat 2: Hatkevich (button) folded before Flop (didn't bet)
Seat 3: pokergon74 (small blind) folded on the Flop
Seat 4: Sensei_Wai (big blind) folded on the Flop
Seat 6: megtorlo2244 folded before Flop (didn't bet)
Seat 7: Dt_Hyde1 folded before Flop (didn't bet)
Seat 8: gmitoi folded before Flop (didn't bet)
Seat 9: Dorex2007 folded before Flop (didn't bet)



PokerStars Hand #238419874690:  Hold'em No Limit ($0.02/$0.05 USD) - 2022/09/04 14:39:43 PT [2022/09/04 17:39:43 ET]
Table 'Anastasia' 9-max Seat #3 is the button
Seat 1: Beatlebud7 ($9.03 in chips) 
Seat 2: Hatkevich ($5 in chips) 
Seat 3: pokergon74 ($8.36 in chips) 
Seat 4: Sensei_Wai ($4.55 in chips) 
Seat 6: megtorlo2244 ($4 in chips) 
Seat 7: Dt_Hyde1 ($5 in chips) 
Seat 8: gmitoi ($6.91 in chips) 
Seat 9: Dorex2007 ($5 in chips) 
Sensei_Wai: posts small blind $0.02
megtorlo2244: posts big blind $0.05
*** HOLE CARDS ***
Dealt to Dorex2007 [Kh 5h]
Dt_Hyde1: folds 
gmitoi: raises $0.10 to $0.15
Dorex2007: folds 
Beatlebud7: folds 
Hatkevich: folds 
pokergon74: calls $0.15
Sensei_Wai: calls $0.13
megtorlo2244: folds 
*** FLOP *** [7c Jc 8s]
Sensei_Wai: checks 
gmitoi: checks 
pokergon74: bets $0.05
Sensei_Wai: calls $0.05
gmitoi: calls $0.05
*** TURN *** [7c Jc 8s] [2s]
Sensei_Wai: checks 
gmitoi: checks 
pokergon74: bets $0.05
Sensei_Wai: calls $0.05
gmitoi: folds 
*** RIVER *** [7c Jc 8s 2s] [9d]
Sensei_Wai: bets $0.72
pokergon74: folds 
Uncalled bet ($0.72) returned to Sensei_Wai
Sensei_Wai collected $0.72 from pot
*** SUMMARY ***
Total pot $0.75 | Rake $0.03 
Board [7c Jc 8s 2s 9d]
Seat 1: Beatlebud7 folded before Flop (didn't bet)
Seat 2: Hatkevich folded before Flop (didn't bet)
Seat 3: pokergon74 (button) folded on the River
Seat 4: Sensei_Wai (small blind) collected ($0.72)
Seat 6: megtorlo2244 (big blind) folded before Flop
Seat 7: Dt_Hyde1 folded before Flop (didn't bet)
Seat 8: gmitoi folded on the Turn
Seat 9: Dorex2007 folded before Flop (didn't bet)



PokerStars Hand #238419909367:  Hold'em No Limit ($0.02/$0.05 USD) - 2022/09/04 14:41:03 PT [2022/09/04 17:41:03 ET]
Table 'Anastasia' 9-max Seat #4 is the button
Seat 1: Beatlebud7 ($9.03 in chips) 
Seat 2: Hatkevich ($5 in chips) 
Seat 3: pokergon74 ($8.11 in chips) 
Seat 4: Sensei_Wai ($5.02 in chips) 
Seat 6: megtorlo2244 ($4 in chips) 
Seat 7: Dt_Hyde1 ($5 in chips) 
Seat 8: gmitoi ($6.71 in chips) 
Seat 9: Dorex2007 ($5 in chips) 
megtorlo2244: posts small blind $0.02
Dt_Hyde1: posts big blind $0.05
*** HOLE CARDS ***
Dealt to Dorex2007 [8s Ad]
gmitoi: folds 
Dorex2007: folds 
Beatlebud7: folds 
Hatkevich: raises $0.07 to $0.12
pokergon74: folds 
Sensei_Wai: folds 
megtorlo2244: folds 
Dt_Hyde1: folds 
Uncalled bet ($0.07) returned to Hatkevich
Hatkevich collected $0.12 from pot
Hatkevich: doesn't show hand 
*** SUMMARY ***
Total pot $0.12 | Rake $0 
Seat 1: Beatlebud7 folded before Flop (didn't bet)
Seat 2: Hatkevich collected ($0.12)
Seat 3: pokergon74 folded before Flop (didn't bet)
Seat 4: Sensei_Wai (button) folded before Flop (didn't bet)
Seat 6: megtorlo2244 (small blind) folded before Flop
Seat 7: Dt_Hyde1 (big blind) folded before Flop
Seat 8: gmitoi folded before Flop (didn't bet)
Seat 9: Dorex2007 folded before Flop (didn't bet)



PokerStars Hand #238419915484:  Hold'em No Limit ($0.02/$0.05 USD) - 2022/09/04 14:41:17 PT [2022/09/04 17:41:17 ET]
Table 'Anastasia' 9-max Seat #6 is the button
Seat 1: Beatlebud7 ($9.03 in chips) 
Seat 2: Hatkevich ($5.07 in chips) 
Seat 3: pokergon74 ($8.11 in chips) 
Seat 4: Sensei_Wai ($5.02 in chips) 
Seat 6: megtorlo2244 ($4 in chips) 
Seat 7: Dt_Hyde1 ($5 in chips) 
Seat 8: gmitoi ($6.71 in chips) 
Seat 9: Dorex2007 ($5 in chips) 
Dt_Hyde1: posts small blind $0.02
gmitoi: posts big blind $0.05
*** HOLE CARDS ***
Dealt to Dorex2007 [9c 9d]
Dorex2007: calls $0.05
Beatlebud7: folds 
Hatkevich: folds 
pokergon74: calls $0.05
Sensei_Wai: folds 
megtorlo2244: folds 
Dt_Hyde1: folds 
gmitoi: checks 
*** FLOP *** [5s 2h Qh]
gmitoi: checks 
Dorex2007: checks 
pokergon74: checks 
*** TURN *** [5s 2h Qh] [9h]
gmitoi: checks 
Dorex2007: bets $0.08
pokergon74: calls $0.08
gmitoi: folds 
*** RIVER *** [5s 2h Qh 9h] [Jc]
Dorex2007: bets $0.16
pokergon74: folds 
Uncalled bet ($0.16) returned to Dorex2007
Dorex2007 collected $0.32 from pot
Dorex2007: doesn't show hand 
*** SUMMARY ***
Total pot $0.33 | Rake $0.01 
Board [5s 2h Qh 9h Jc]
Seat 1: Beatlebud7 folded before Flop (didn't bet)
Seat 2: Hatkevich folded before Flop (didn't bet)
Seat 3: pokergon74 folded on the River
Seat 4: Sensei_Wai folded before Flop (didn't bet)
Seat 6: megtorlo2244 (button) folded before Flop (didn't bet)
Seat 7: Dt_Hyde1 (small blind) folded before Flop
Seat 8: gmitoi (big blind) folded on the Turn
Seat 9: Dorex2007 collected ($0.32)



PokerStars Hand #238419942951:  Hold'em No Limit ($0.02/$0.05 USD) - 2022/09/04 14:42:21 PT [2022/09/04 17:42:21 ET]
Table 'Anastasia' 9-max Seat #7 is the button
Seat 1: Beatlebud7 ($9.03 in chips) 
Seat 2: Hatkevich ($5.07 in chips) 
Seat 3: pokergon74 ($7.98 in chips) 
Seat 4: Sensei_Wai ($5.02 in chips) 
Seat 6: megtorlo2244 ($4 in chips) 
Seat 7: Dt_Hyde1 ($5 in chips) 
Seat 8: gmitoi ($6.66 in chips) 
Seat 9: Dorex2007 ($5.19 in chips) 
gmitoi: posts small blind $0.02
Dorex2007: posts big blind $0.05
*** HOLE CARDS ***
Dealt to Dorex2007 [Jh 7d]
Beatlebud7: folds 
Hatkevich: raises $0.07 to $0.12
pokergon74: folds 
Sensei_Wai: folds 
megtorlo2244: folds 
Dt_Hyde1: folds 
gmitoi: calls $0.10
Dorex2007: folds 
*** FLOP *** [2h 5c 4d]
gmitoi: checks 
pokergon74 leaves the table
Hatkevich: bets $0.09
gmitoi: calls $0.09
*** TURN *** [2h 5c 4d] [Ac]
gmitoi: checks 
Hatkevich: bets $0.20
gmitoi: folds 
Uncalled bet ($0.20) returned to Hatkevich
Hatkevich collected $0.45 from pot
Hatkevich: doesn't show hand 
*** SUMMARY ***
Total pot $0.47 | Rake $0.02 
Board [2h 5c 4d Ac]
Seat 1: Beatlebud7 folded before Flop (didn't bet)
Seat 2: Hatkevich collected ($0.45)
Seat 3: pokergon74 folded before Flop (didn't bet)
Seat 4: Sensei_Wai folded before Flop (didn't bet)
Seat 6: megtorlo2244 folded before Flop (didn't bet)
Seat 7: Dt_Hyde1 (button) folded before Flop (didn't bet)
Seat 8: gmitoi (small blind) folded on the Turn
Seat 9: Dorex2007 (big blind) folded before Flop



PokerStars Hand #238419960193:  Hold'em No Limit ($0.02/$0.05 USD) - 2022/09/04 14:43:02 PT [2022/09/04 17:43:02 ET]
Table 'Anastasia' 9-max Seat #8 is the button
Seat 1: Beatlebud7 ($9.03 in chips) 
Seat 2: Hatkevich ($5.31 in chips) 
Seat 4: Sensei_Wai ($5.02 in chips) 
Seat 6: megtorlo2244 ($4 in chips) 
Seat 7: Dt_Hyde1 ($5 in chips) 
Seat 8: gmitoi ($6.45 in chips) 
Seat 9: Dorex2007 ($5.14 in chips) 
Dorex2007: posts small blind $0.02
Beatlebud7: posts big blind $0.05
*** HOLE CARDS ***
Dealt to Dorex2007 [Jd 2c]
Hatkevich: folds 
Sensei_Wai: folds 
megtorlo2244: folds 
Dt_Hyde1: folds 
gmitoi: raises $0.10 to $0.15
Dorex2007: folds 
raika14 joins the table at seat #3 
Beatlebud7: folds 
Uncalled bet ($0.10) returned to gmitoi
gmitoi collected $0.12 from pot
gmitoi: doesn't show hand 
*** SUMMARY ***
Total pot $0.12 | Rake $0 
Seat 1: Beatlebud7 (big blind) folded before Flop
Seat 2: Hatkevich folded before Flop (didn't bet)
Seat 4: Sensei_Wai folded before Flop (didn't bet)
Seat 6: megtorlo2244 folded before Flop (didn't bet)
Seat 7: Dt_Hyde1 folded before Flop (didn't bet)
Seat 8: gmitoi (button) collected ($0.12)
Seat 9: Dorex2007 (small blind) folded before Flop



PokerStars Hand #238419969926:  Hold'em No Limit ($0.02/$0.05 USD) - 2022/09/04 14:43:25 PT [2022/09/04 17:43:25 ET]
Table 'Anastasia' 9-max Seat #9 is the button
Seat 1: Beatlebud7 ($8.98 in chips) 
Seat 2: Hatkevich ($5.31 in chips) 
Seat 4: Sensei_Wai ($5.02 in chips) 
Seat 6: megtorlo2244 ($4 in chips) 
Seat 7: Dt_Hyde1 ($5 in chips) 
Seat 8: gmitoi ($6.52 in chips) 
Seat 9: Dorex2007 ($5.12 in chips) 
Beatlebud7: posts small blind $0.02
Hatkevich: posts big blind $0.05
raika14: sits out 
*** HOLE CARDS ***
Dealt to Dorex2007 [9c 3s]
Sensei_Wai: folds 
megtorlo2244: folds 
Dt_Hyde1: folds 
gmitoi: folds 
Dorex2007: folds 
Beatlebud7: raises $0.05 to $0.10
Hatkevich: raises $0.05 to $0.15
Beatlebud7: calls $0.05
*** FLOP *** [3c 4d Jc]
Beatlebud7: checks 
Hatkevich: bets $0.16
Beatlebud7: folds 
Uncalled bet ($0.16) returned to Hatkevich
Hatkevich collected $0.29 from pot
Hatkevich: doesn't show hand 
*** SUMMARY ***
Total pot $0.30 | Rake $0.01 
Board [3c 4d Jc]
Seat 1: Beatlebud7 (small blind) folded on the Flop
Seat 2: Hatkevich (big blind) collected ($0.29)
Seat 4: Sensei_Wai folded before Flop (didn't bet)
Seat 6: megtorlo2244 folded before Flop (didn't bet)
Seat 7: Dt_Hyde1 folded before Flop (didn't bet)
Seat 8: gmitoi folded before Flop (didn't bet)
Seat 9: Dorex2007 (button) folded before Flop (didn't bet)



PokerStars Hand #238419984075:  Hold'em No Limit ($0.02/$0.05 USD) - 2022/09/04 14:43:58 PT [2022/09/04 17:43:58 ET]
Table 'Anastasia' 9-max Seat #1 is the button
Seat 1: Beatlebud7 ($8.83 in chips) 
Seat 2: Hatkevich ($5.45 in chips) 
Seat 3: raika14 ($5 in chips) 
Seat 4: Sensei_Wai ($5.02 in chips) 
Seat 6: megtorlo2244 ($4 in chips) 
Seat 7: Dt_Hyde1 ($5 in chips) 
Seat 8: gmitoi ($6.52 in chips) 
Seat 9: Dorex2007 ($5.12 in chips) 
Hatkevich: posts small blind $0.02
raika14: posts big blind $0.05
*** HOLE CARDS ***
Dealt to Dorex2007 [Js 4d]
Sensei_Wai: folds 
megtorlo2244: folds 
Dt_Hyde1: folds 
gmitoi: folds 
Dorex2007: folds 
Beatlebud7: folds 
Hatkevich: raises $0.07 to $0.12
raika14: calls $0.07
*** FLOP *** [8s Ah Jd]
Hatkevich: bets $0.07
raika14: raises $0.13 to $0.20
Hatkevich: calls $0.13
*** TURN *** [8s Ah Jd] [8h]
Hatkevich: checks 
raika14: checks 
*** RIVER *** [8s Ah Jd 8h] [5h]
Hatkevich: bets $0.45
raika14: folds 
Uncalled bet ($0.45) returned to Hatkevich
Hatkevich collected $0.61 from pot
Hatkevich: doesn't show hand 
*** SUMMARY ***
Total pot $0.64 | Rake $0.03 
Board [8s Ah Jd 8h 5h]
Seat 1: Beatlebud7 (button) folded before Flop (didn't bet)
Seat 2: Hatkevich (small blind) collected ($0.61)
Seat 3: raika14 (big blind) folded on the River
Seat 4: Sensei_Wai folded before Flop (didn't bet)
Seat 6: megtorlo2244 folded before Flop (didn't bet)
Seat 7: Dt_Hyde1 folded before Flop (didn't bet)
Seat 8: gmitoi folded before Flop (didn't bet)
Seat 9: Dorex2007 folded before Flop (didn't bet)



PokerStars Hand #238420005755:  Hold'em No Limit ($0.02/$0.05 USD) - 2022/09/04 14:44:49 PT [2022/09/04 17:44:49 ET]
Table 'Anastasia' 9-max Seat #2 is the button
Seat 1: Beatlebud7 ($8.83 in chips) 
Seat 2: Hatkevich ($5.74 in chips) 
Seat 3: raika14 ($5 in chips) 
Seat 4: Sensei_Wai ($5.02 in chips) 
Seat 6: megtorlo2244 ($4 in chips) 
Seat 7: Dt_Hyde1 ($5 in chips) 
Seat 8: gmitoi ($6.52 in chips) 
Seat 9: Dorex2007 ($5.12 in chips) 
raika14: posts small blind $0.02
Sensei_Wai: posts big blind $0.05
*** HOLE CARDS ***
Dealt to Dorex2007 [7c Tc]
megtorlo2244: folds 
Dt_Hyde1: folds 
gmitoi: raises $0.10 to $0.15
Dorex2007: folds 
Beatlebud7: folds 
Hatkevich: calls $0.15
raika14: folds 
Sensei_Wai: calls $0.10
*** FLOP *** [Jd 3h 7h]
Sensei_Wai: checks 
gmitoi: checks 
Hatkevich: bets $0.25
Sensei_Wai: folds 
gmitoi: calls $0.25
*** TURN *** [Jd 3h 7h] [9d]
gmitoi: checks 
Hatkevich: bets $0.45
gmitoi: calls $0.45
*** RIVER *** [Jd 3h 7h 9d] [9c]
gmitoi: checks 
Hatkevich: bets $1.25
gmitoi: folds 
Uncalled bet ($1.25) returned to Hatkevich
Hatkevich collected $1.79 from pot
Hatkevich: doesn't show hand 
*** SUMMARY ***
Total pot $1.87 | Rake $0.08 
Board [Jd 3h 7h 9d 9c]
Seat 1: Beatlebud7 folded before Flop (didn't bet)
Seat 2: Hatkevich (button) collected ($1.79)
Seat 3: raika14 (small blind) folded before Flop
Seat 4: Sensei_Wai (big blind) folded on the Flop
Seat 6: megtorlo2244 folded before Flop (didn't bet)
Seat 7: Dt_Hyde1 folded before Flop (didn't bet)
Seat 8: gmitoi folded on the River
Seat 9: Dorex2007 folded before Flop (didn't bet)



PokerStars Hand #238420042062:  Hold'em No Limit ($0.02/$0.05 USD) - 2022/09/04 14:46:14 PT [2022/09/04 17:46:14 ET]
Table 'Anastasia' 9-max Seat #3 is the button
Seat 1: Beatlebud7 ($8.83 in chips) 
Seat 2: Hatkevich ($6.68 in chips) 
Seat 3: raika14 ($5 in chips) 
Seat 4: Sensei_Wai ($4.87 in chips) 
Seat 6: megtorlo2244 ($4 in chips) 
Seat 7: Dt_Hyde1 ($5 in chips) 
Seat 8: gmitoi ($5.67 in chips) 
Seat 9: Dorex2007 ($5.12 in chips) 
Sensei_Wai: posts small blind $0.02
megtorlo2244: posts big blind $0.05
*** HOLE CARDS ***
Dealt to Dorex2007 [Th 4c]
Dt_Hyde1: folds 
gmitoi: folds 
Dorex2007: folds 
Beatlebud7: folds 
Hatkevich: folds 
raika14: raises $0.05 to $0.10
Sensei_Wai: calls $0.08
megtorlo2244: raises $0.30 to $0.40
raika14: folds 
Sensei_Wai: folds 
Uncalled bet ($0.30) returned to megtorlo2244
megtorlo2244 collected $0.30 from pot
megtorlo2244: doesn't show hand 
*** SUMMARY ***
Total pot $0.30 | Rake $0 
Seat 1: Beatlebud7 folded before Flop (didn't bet)
Seat 2: Hatkevich folded before Flop (didn't bet)
Seat 3: raika14 (button) folded before Flop
Seat 4: Sensei_Wai (small blind) folded before Flop
Seat 6: megtorlo2244 (big blind) collected ($0.30)
Seat 7: Dt_Hyde1 folded before Flop (didn't bet)
Seat 8: gmitoi folded before Flop (didn't bet)
Seat 9: Dorex2007 folded before Flop (didn't bet)



PokerStars Hand #238420055692:  Hold'em No Limit ($0.02/$0.05 USD) - 2022/09/04 14:46:46 PT [2022/09/04 17:46:46 ET]
Table 'Anastasia' 9-max Seat #4 is the button
Seat 1: Beatlebud7 ($8.83 in chips) 
Seat 2: Hatkevich ($6.68 in chips) 
Seat 3: raika14 ($5 in chips) 
Seat 4: Sensei_Wai ($4.77 in chips) 
Seat 6: megtorlo2244 ($4.20 in chips) 
Seat 7: Dt_Hyde1 ($5 in chips) 
Seat 8: gmitoi ($5.67 in chips) 
Seat 9: Dorex2007 ($5.12 in chips) 
megtorlo2244: posts small blind $0.02
Dt_Hyde1: posts big blind $0.05
*** HOLE CARDS ***
Dealt to Dorex2007 [8d Qh]
gmitoi: folds 
Dorex2007: folds 
Beatlebud7: folds 
Hatkevich: folds 
raika14: folds 
Sensei_Wai: raises $0.15 to $0.20
megtorlo2244: folds 
Dt_Hyde1: folds 
Uncalled bet ($0.15) returned to Sensei_Wai
Sensei_Wai collected $0.12 from pot
*** SUMMARY ***
Total pot $0.12 | Rake $0 
Seat 1: Beatlebud7 folded before Flop (didn't bet)
Seat 2: Hatkevich folded before Flop (didn't bet)
Seat 3: raika14 folded before Flop (didn't bet)
Seat 4: Sensei_Wai (button) collected ($0.12)
Seat 6: megtorlo2244 (small blind) folded before Flop
Seat 7: Dt_Hyde1 (big blind) folded before Flop
Seat 8: gmitoi folded before Flop (didn't bet)
Seat 9: Dorex2007 folded before Flop (didn't bet)



PokerStars Hand #238420065981:  Hold'em No Limit ($0.02/$0.05 USD) - 2022/09/04 14:47:10 PT [2022/09/04 17:47:10 ET]
Table 'Anastasia' 9-max Seat #6 is the button
Seat 1: Beatlebud7 ($8.83 in chips) 
Seat 2: Hatkevich ($6.68 in chips) 
Seat 3: raika14 ($5 in chips) 
Seat 4: Sensei_Wai ($4.84 in chips) 
Seat 6: megtorlo2244 ($4.18 in chips) 
Seat 7: Dt_Hyde1 ($5 in chips) 
Seat 8: gmitoi ($5.67 in chips) 
Seat 9: Dorex2007 ($5.12 in chips) 
Dt_Hyde1: posts small blind $0.02
gmitoi: posts big blind $0.05
*** HOLE CARDS ***
Dealt to Dorex2007 [4d Td]
Dorex2007: folds 
Beatlebud7: folds 
Hatkevich: folds 
raika14: folds 
Sensei_Wai: folds 
megtorlo2244: folds 
Dt_Hyde1: folds 
Uncalled bet ($0.03) returned to gmitoi
gmitoi collected $0.04 from pot
gmitoi: doesn't show hand 
*** SUMMARY ***
Total pot $0.04 | Rake $0 
Seat 1: Beatlebud7 folded before Flop (didn't bet)
Seat 2: Hatkevich folded before Flop (didn't bet)
Seat 3: raika14 folded before Flop (didn't bet)
Seat 4: Sensei_Wai folded before Flop (didn't bet)
Seat 6: megtorlo2244 (button) folded before Flop (didn't bet)
Seat 7: Dt_Hyde1 (small blind) folded before Flop
Seat 8: gmitoi (big blind) collected ($0.04)
Seat 9: Dorex2007 folded before Flop (didn't bet)



PokerStars Hand #238420074082:  Hold'em No Limit ($0.02/$0.05 USD) - 2022/09/04 14:47:30 PT [2022/09/04 17:47:30 ET]
Table 'Anastasia' 9-max Seat #7 is the button
Seat 1: Beatlebud7 ($8.83 in chips) 
Seat 2: Hatkevich ($6.68 in chips) 
Seat 3: raika14 ($5 in chips) 
Seat 4: Sensei_Wai ($4.84 in chips) 
Seat 6: megtorlo2244 ($4.18 in chips) 
Seat 7: Dt_Hyde1 ($5 in chips) 
Seat 8: gmitoi ($5.69 in chips) 
Seat 9: Dorex2007 ($5.12 in chips) 
gmitoi: posts small blind $0.02
Dorex2007: posts big blind $0.05
*** HOLE CARDS ***
Dealt to Dorex2007 [Ah 3h]
Beatlebud7: folds 
Hatkevich: folds 
raika14: folds 
Sensei_Wai: folds 
megtorlo2244: folds 
Dt_Hyde1: raises $0.15 to $0.20
gmitoi: folds 
Dorex2007: folds 
Uncalled bet ($0.15) returned to Dt_Hyde1
Dt_Hyde1 collected $0.12 from pot
Dt_Hyde1: doesn't show hand 
*** SUMMARY ***
Total pot $0.12 | Rake $0 
Seat 1: Beatlebud7 folded before Flop (didn't bet)
Seat 2: Hatkevich folded before Flop (didn't bet)
Seat 3: raika14 folded before Flop (didn't bet)
Seat 4: Sensei_Wai folded before Flop (didn't bet)
Seat 6: megtorlo2244 folded before Flop (didn't bet)
Seat 7: Dt_Hyde1 (button) collected ($0.12)
Seat 8: gmitoi (small blind) folded before Flop
Seat 9: Dorex2007 (big blind) folded before Flop



PokerStars Hand #238420087391:  Hold'em No Limit ($0.02/$0.05 USD) - 2022/09/04 14:48:01 PT [2022/09/04 17:48:01 ET]
Table 'Anastasia' 9-max Seat #8 is the button
Seat 1: Beatlebud7 ($8.83 in chips) 
Seat 2: Hatkevich ($6.68 in chips) 
Seat 3: raika14 ($5 in chips) 
Seat 4: Sensei_Wai ($4.84 in chips) 
Seat 6: megtorlo2244 ($4.18 in chips) 
Seat 7: Dt_Hyde1 ($5.07 in chips) 
Seat 8: gmitoi ($5.67 in chips) 
Seat 9: Dorex2007 ($5.07 in chips) 
Dorex2007: posts small blind $0.02
Beatlebud7: posts big blind $0.05
*** HOLE CARDS ***
Dealt to Dorex2007 [7s 4d]
Hatkevich: folds 
raika14: folds 
Sensei_Wai: folds 
megtorlo2244: folds 
Dt_Hyde1: folds 
gmitoi: raises $0.10 to $0.15
Dorex2007: folds 
Beatlebud7: folds 
Uncalled bet ($0.10) returned to gmitoi
gmitoi collected $0.12 from pot
gmitoi: doesn't show hand 
*** SUMMARY ***
Total pot $0.12 | Rake $0 
Seat 1: Beatlebud7 (big blind) folded before Flop
Seat 2: Hatkevich folded before Flop (didn't bet)
Seat 3: raika14 folded before Flop (didn't bet)
Seat 4: Sensei_Wai folded before Flop (didn't bet)
Seat 6: megtorlo2244 folded before Flop (didn't bet)
Seat 7: Dt_Hyde1 folded before Flop (didn't bet)
Seat 8: gmitoi (button) collected ($0.12)
Seat 9: Dorex2007 (small blind) folded before Flop



PokerStars Hand #238420094472:  Hold'em No Limit ($0.02/$0.05 USD) - 2022/09/04 14:48:17 PT [2022/09/04 17:48:17 ET]
Table 'Anastasia' 9-max Seat #9 is the button
Seat 1: Beatlebud7 ($8.78 in chips) 
Seat 2: Hatkevich ($6.68 in chips) 
Seat 3: raika14 ($5 in chips) 
Seat 4: Sensei_Wai ($4.84 in chips) 
Seat 6: megtorlo2244 ($4.18 in chips) 
Seat 7: Dt_Hyde1 ($5.07 in chips) 
Seat 8: gmitoi ($5.74 in chips) 
Seat 9: Dorex2007 ($5.05 in chips) 
Beatlebud7: posts small blind $0.02
Hatkevich: posts big blind $0.05
*** HOLE CARDS ***
Dealt to Dorex2007 [2h 6d]
raika14: folds 
Sensei_Wai: folds 
megtorlo2244: folds 
Dt_Hyde1: raises $0.15 to $0.20
gmitoi: folds 
Dorex2007: folds 
Beatlebud7: folds 
Hatkevich: folds 
Uncalled bet ($0.15) returned to Dt_Hyde1
Dt_Hyde1 collected $0.12 from pot
Dt_Hyde1: doesn't show hand 
*** SUMMARY ***
Total pot $0.12 | Rake $0 
Seat 1: Beatlebud7 (small blind) folded before Flop
Seat 2: Hatkevich (big blind) folded before Flop
Seat 3: raika14 folded before Flop (didn't bet)
Seat 4: Sensei_Wai folded before Flop (didn't bet)
Seat 6: megtorlo2244 folded before Flop (didn't bet)
Seat 7: Dt_Hyde1 collected ($0.12)
Seat 8: gmitoi folded before Flop (didn't bet)
Seat 9: Dorex2007 (button) folded before Flop (didn't bet)



PokerStars Hand #238420104837:  Hold'em No Limit ($0.02/$0.05 USD) - 2022/09/04 14:48:42 PT [2022/09/04 17:48:42 ET]
Table 'Anastasia' 9-max Seat #1 is the button
Seat 1: Beatlebud7 ($8.76 in chips) 
Seat 2: Hatkevich ($6.63 in chips) 
Seat 3: raika14 ($5 in chips) 
Seat 4: Sensei_Wai ($4.84 in chips) 
Seat 6: megtorlo2244 ($4.18 in chips) 
Seat 7: Dt_Hyde1 ($5.14 in chips) 
Seat 8: gmitoi ($5.74 in chips) 
Seat 9: Dorex2007 ($5.05 in chips) 
Hatkevich: posts small blind $0.02
raika14: posts big blind $0.05
*** HOLE CARDS ***
Dealt to Dorex2007 [3c 6c]
Sensei_Wai: folds 
megtorlo2244: folds 
Dt_Hyde1: folds 
gmitoi: folds 
Dorex2007: folds 
Beatlebud7: calls $0.05
Hatkevich: folds 
raika14: raises $0.10 to $0.15
Beatlebud7: calls $0.10
*** FLOP *** [Qh Qs 2d]
raika14: checks 
Beatlebud7: bets $0.31
raika14: folds 
Uncalled bet ($0.31) returned to Beatlebud7
Beatlebud7 collected $0.31 from pot
Beatlebud7: doesn't show hand 
*** SUMMARY ***
Total pot $0.32 | Rake $0.01 
Board [Qh Qs 2d]
Seat 1: Beatlebud7 (button) collected ($0.31)
Seat 2: Hatkevich (small blind) folded before Flop
Seat 3: raika14 (big blind) folded on the Flop
Seat 4: Sensei_Wai folded before Flop (didn't bet)
Seat 6: megtorlo2244 folded before Flop (didn't bet)
Seat 7: Dt_Hyde1 folded before Flop (didn't bet)
Seat 8: gmitoi folded before Flop (didn't bet)
Seat 9: Dorex2007 folded before Flop (didn't bet)



PokerStars Hand #238420119380:  Hold'em No Limit ($0.02/$0.05 USD) - 2022/09/04 14:49:17 PT [2022/09/04 17:49:17 ET]
Table 'Anastasia' 9-max Seat #2 is the button
Seat 1: Beatlebud7 ($8.92 in chips) 
Seat 2: Hatkevich ($6.61 in chips) 
Seat 3: raika14 ($5 in chips) 
Seat 4: Sensei_Wai ($4.84 in chips) 
Seat 6: megtorlo2244 ($4.18 in chips) 
Seat 7: Dt_Hyde1 ($5.14 in chips) 
Seat 8: gmitoi ($5.74 in chips) 
Seat 9: Dorex2007 ($5.05 in chips) 
raika14: posts small blind $0.02
Sensei_Wai: posts big blind $0.05
*** HOLE CARDS ***
Dealt to Dorex2007 [3d 7h]
megtorlo2244: folds 
Dt_Hyde1: folds 
gmitoi: folds 
Dorex2007: folds 
Beatlebud7: raises $0.10 to $0.15
gmitoi leaves the table
Keption joins the table at seat #8 
Hatkevich: raises $0.25 to $0.40
raika14: folds 
Sensei_Wai: folds 
Beatlebud7: calls $0.25
*** FLOP *** [3c 6h Qh]
Beatlebud7: checks 
Hatkevich: bets $0.56
Beatlebud7: folds 
Uncalled bet ($0.56) returned to Hatkevich
Hatkevich collected $0.83 from pot
Hatkevich: doesn't show hand 
*** SUMMARY ***
Total pot $0.87 | Rake $0.04 
Board [3c 6h Qh]
Seat 1: Beatlebud7 folded on the Flop
Seat 2: Hatkevich (button) collected ($0.83)
Seat 3: raika14 (small blind) folded before Flop
Seat 4: Sensei_Wai (big blind) folded before Flop
Seat 6: megtorlo2244 folded before Flop (didn't bet)
Seat 7: Dt_Hyde1 folded before Flop (didn't bet)
Seat 8: gmitoi folded before Flop (didn't bet)
Seat 9: Dorex2007 folded before Flop (didn't bet)



PokerStars Hand #238420134254:  Hold'em No Limit ($0.02/$0.05 USD) - 2022/09/04 14:49:52 PT [2022/09/04 17:49:52 ET]
Table 'Anastasia' 9-max Seat #3 is the button
Seat 1: Beatlebud7 ($8.52 in chips) 
Seat 2: Hatkevich ($7.04 in chips) 
Seat 3: raika14 ($5 in chips) 
Seat 4: Sensei_Wai ($4.79 in chips) 
Seat 6: megtorlo2244 ($4.18 in chips) 
Seat 7: Dt_Hyde1 ($5.14 in chips) 
Seat 9: Dorex2007 ($5.05 in chips) 
Sensei_Wai: posts small blind $0.02
megtorlo2244: posts big blind $0.05
Keption: sits out 
*** HOLE CARDS ***
Dealt to Dorex2007 [9s 2d]
Dt_Hyde1: folds 
Dorex2007: folds 
Beatlebud7: raises $0.05 to $0.10
Hatkevich: folds 
raika14: folds 
Sensei_Wai: folds 
megtorlo2244: calls $0.05
*** FLOP *** [Tc Ah 3h]
megtorlo2244: checks 
Beatlebud7: bets $0.21
megtorlo2244: calls $0.21
*** TURN *** [Tc Ah 3h] [6c]
megtorlo2244: checks 
Beatlebud7: bets $0.61
megtorlo2244: folds 
Uncalled bet ($0.61) returned to Beatlebud7
Beatlebud7 collected $0.61 from pot
6tee leaves the table
Beatlebud7: doesn't show hand 
*** SUMMARY ***
Total pot $0.64 | Rake $0.03 
Board [Tc Ah 3h 6c]
Seat 1: Beatlebud7 collected ($0.61)
Seat 2: Hatkevich folded before Flop (didn't bet)
Seat 3: raika14 (button) folded before Flop (didn't bet)
Seat 4: Sensei_Wai (small blind) folded before Flop
Seat 6: megtorlo2244 (big blind) folded on the Turn
Seat 7: Dt_Hyde1 folded before Flop (didn't bet)
Seat 9: Dorex2007 folded before Flop (didn't bet)



PokerStars Hand #238420155222:  Hold'em No Limit ($0.02/$0.05 USD) - 2022/09/04 14:50:43 PT [2022/09/04 17:50:43 ET]
Table 'Anastasia' 9-max Seat #4 is the button
Seat 1: Beatlebud7 ($8.82 in chips) 
Seat 2: Hatkevich ($7.04 in chips) 
Seat 3: raika14 ($5 in chips) 
Seat 4: Sensei_Wai ($4.77 in chips) 
Seat 6: megtorlo2244 ($4 in chips) 
Seat 7: Dt_Hyde1 ($5.14 in chips) 
Seat 9: Dorex2007 ($5.05 in chips) 
megtorlo2244: posts small blind $0.02
Dt_Hyde1: posts big blind $0.05
Keption: sits out 
*** HOLE CARDS ***
Dealt to Dorex2007 [7c 5s]
Dorex2007: folds 
Beatlebud7: folds 
Hatkevich: folds 
raika14: raises $0.10 to $0.15
Sensei_Wai: folds 
megtorlo2244: folds 
Dt_Hyde1: calls $0.10
*** FLOP *** [Kc Ah 8d]
Dt_Hyde1: checks 
raika14: bets $0.22
Dt_Hyde1: folds 
Uncalled bet ($0.22) returned to raika14
raika14 collected $0.31 from pot
raika14: doesn't show hand 
*** SUMMARY ***
Total pot $0.32 | Rake $0.01 
Board [Kc Ah 8d]
Seat 1: Beatlebud7 folded before Flop (didn't bet)
Seat 2: Hatkevich folded before Flop (didn't bet)
Seat 3: raika14 collected ($0.31)
Seat 4: Sensei_Wai (button) folded before Flop (didn't bet)
Seat 6: megtorlo2244 (small blind) folded before Flop
Seat 7: Dt_Hyde1 (big blind) folded on the Flop
Seat 9: Dorex2007 folded before Flop (didn't bet)



PokerStars Hand #238420170029:  Hold'em No Limit ($0.02/$0.05 USD) - 2022/09/04 14:51:19 PT [2022/09/04 17:51:19 ET]
Table 'Anastasia' 9-max Seat #6 is the button
Seat 1: Beatlebud7 ($8.82 in chips) 
Seat 2: Hatkevich ($7.04 in chips) 
Seat 3: raika14 ($5.16 in chips) 
Seat 4: Sensei_Wai ($4.77 in chips) 
Seat 6: megtorlo2244 ($4 in chips) 
Seat 7: Dt_Hyde1 ($5 in chips) 
Seat 8: Keption ($5 in chips) 
Seat 9: Dorex2007 ($5.05 in chips) 
Dt_Hyde1: posts small blind $0.02
Keption: posts big blind $0.05
*** HOLE CARDS ***
Dealt to Dorex2007 [8d 4c]
Dorex2007: folds 
Beatlebud7: folds 
Hatkevich: folds 
raika14: folds 
Sensei_Wai: folds 
megtorlo2244: folds 
MOONSP3LL joins the table at seat #5 
Dt_Hyde1: raises $0.15 to $0.20
Keption: folds 
Uncalled bet ($0.15) returned to Dt_Hyde1
Dt_Hyde1 collected $0.10 from pot
Dt_Hyde1: doesn't show hand 
*** SUMMARY ***
Total pot $0.10 | Rake $0 
Seat 1: Beatlebud7 folded before Flop (didn't bet)
Seat 2: Hatkevich folded before Flop (didn't bet)
Seat 3: raika14 folded before Flop (didn't bet)
Seat 4: Sensei_Wai folded before Flop (didn't bet)
Seat 6: megtorlo2244 (button) folded before Flop (didn't bet)
Seat 7: Dt_Hyde1 (small blind) collected ($0.10)
Seat 8: Keption (big blind) folded before Flop
Seat 9: Dorex2007 folded before Flop (didn't bet)



PokerStars Hand #238420184147:  Hold'em No Limit ($0.02/$0.05 USD) - 2022/09/04 14:51:54 PT [2022/09/04 17:51:54 ET]
Table 'Anastasia' 9-max Seat #7 is the button
Seat 1: Beatlebud7 ($8.82 in chips) 
Seat 2: Hatkevich ($7.04 in chips) 
Seat 3: raika14 ($5.16 in chips) 
Seat 4: Sensei_Wai ($4.77 in chips) 
Seat 6: megtorlo2244 ($4 in chips) 
Seat 7: Dt_Hyde1 ($5.05 in chips) 
Seat 8: Keption ($5 in chips) 
Seat 9: Dorex2007 ($5.05 in chips) 
Keption: posts small blind $0.02
Dorex2007: posts big blind $0.05
MOONSP3LL: sits out 
*** HOLE CARDS ***
Dealt to Dorex2007 [5s 3c]
Beatlebud7: folds 
Hatkevich: folds 
raika14: folds 
Sensei_Wai: folds 
megtorlo2244: folds 
Dt_Hyde1: raises $0.15 to $0.20
Keption: folds 
Dorex2007: folds 
Uncalled bet ($0.15) returned to Dt_Hyde1
Dt_Hyde1 collected $0.12 from pot
Dt_Hyde1: doesn't show hand 
*** SUMMARY ***
Total pot $0.12 | Rake $0 
Seat 1: Beatlebud7 folded before Flop (didn't bet)
Seat 2: Hatkevich folded before Flop (didn't bet)
Seat 3: raika14 folded before Flop (didn't bet)
Seat 4: Sensei_Wai folded before Flop (didn't bet)
Seat 6: megtorlo2244 folded before Flop (didn't bet)
Seat 7: Dt_Hyde1 (button) collected ($0.12)
Seat 8: Keption (small blind) folded before Flop
Seat 9: Dorex2007 (big blind) folded before Flop



PokerStars Hand #238420197099:  Hold'em No Limit ($0.02/$0.05 USD) - 2022/09/04 14:52:25 PT [2022/09/04 17:52:25 ET]
Table 'Anastasia' 9-max Seat #8 is the button
Seat 1: Beatlebud7 ($8.82 in chips) 
Seat 2: Hatkevich ($7.04 in chips) 
Seat 3: raika14 ($5.16 in chips) 
Seat 4: Sensei_Wai ($4.77 in chips) 
Seat 6: megtorlo2244 ($4 in chips) 
Seat 7: Dt_Hyde1 ($5.12 in chips) 
Seat 8: Keption ($5 in chips) 
Seat 9: Dorex2007 ($5 in chips) 
Dorex2007: posts small blind $0.02
Beatlebud7: posts big blind $0.05
MOONSP3LL: sits out 
*** HOLE CARDS ***
Dealt to Dorex2007 [Qh Ad]
Hatkevich: folds 
raika14: folds 
Sensei_Wai: folds 
megtorlo2244: folds 
Dt_Hyde1: raises $0.15 to $0.20
Keption: folds 
Dorex2007: folds 
Beatlebud7: calls $0.15
*** FLOP *** [6d 7s 2c]
Beatlebud7: checks 
Dt_Hyde1: bets $0.24
Beatlebud7: folds 
Uncalled bet ($0.24) returned to Dt_Hyde1
Dt_Hyde1 collected $0.40 from pot
Dt_Hyde1: doesn't show hand 
*** SUMMARY ***
Total pot $0.42 | Rake $0.02 
Board [6d 7s 2c]
Seat 1: Beatlebud7 (big blind) folded on the Flop
Seat 2: Hatkevich folded before Flop (didn't bet)
Seat 3: raika14 folded before Flop (didn't bet)
Seat 4: Sensei_Wai folded before Flop (didn't bet)
Seat 6: megtorlo2244 folded before Flop (didn't bet)
Seat 7: Dt_Hyde1 collected ($0.40)
Seat 8: Keption (button) folded before Flop (didn't bet)
Seat 9: Dorex2007 (small blind) folded before Flop



PokerStars Hand #238420214188:  Hold'em No Limit ($0.02/$0.05 USD) - 2022/09/04 14:53:07 PT [2022/09/04 17:53:07 ET]
Table 'Anastasia' 9-max Seat #9 is the button
Seat 1: Beatlebud7 ($8.62 in chips) 
Seat 2: Hatkevich ($7.04 in chips) 
Seat 3: raika14 ($5.16 in chips) 
Seat 4: Sensei_Wai ($4.77 in chips) 
Seat 6: megtorlo2244 ($4 in chips) 
Seat 7: Dt_Hyde1 ($5.32 in chips) 
Seat 8: Keption ($5 in chips) 
Seat 9: Dorex2007 ($5 in chips) 
Beatlebud7: posts small blind $0.02
Hatkevich: posts big blind $0.05
MOONSP3LL: sits out 
*** HOLE CARDS ***
Dealt to Dorex2007 [8d 4h]
raika14: folds 
Sensei_Wai: folds 
megtorlo2244: folds 
Dt_Hyde1: folds 
Keption: folds 
Dorex2007: folds 
Beatlebud7: raises $0.05 to $0.10
Hatkevich: folds 
Uncalled bet ($0.05) returned to Beatlebud7
Beatlebud7 collected $0.10 from pot
Beatlebud7: doesn't show hand 
*** SUMMARY ***
Total pot $0.10 | Rake $0 
Seat 1: Beatlebud7 (small blind) collected ($0.10)
Seat 2: Hatkevich (big blind) folded before Flop
Seat 3: raika14 folded before Flop (didn't bet)
Seat 4: Sensei_Wai folded before Flop (didn't bet)
Seat 6: megtorlo2244 folded before Flop (didn't bet)
Seat 7: Dt_Hyde1 folded before Flop (didn't bet)
Seat 8: Keption folded before Flop (didn't bet)
Seat 9: Dorex2007 (button) folded before Flop (didn't bet)



PokerStars Hand #238420222086:  Hold'em No Limit ($0.02/$0.05 USD) - 2022/09/04 14:53:26 PT [2022/09/04 17:53:26 ET]
Table 'Anastasia' 9-max Seat #1 is the button
Seat 1: Beatlebud7 ($8.67 in chips) 
Seat 2: Hatkevich ($6.99 in chips) 
Seat 3: raika14 ($5.16 in chips) 
Seat 4: Sensei_Wai ($4.77 in chips) 
Seat 6: megtorlo2244 ($4 in chips) 
Seat 7: Dt_Hyde1 ($5.32 in chips) 
Seat 8: Keption ($5 in chips) 
Seat 9: Dorex2007 ($5 in chips) 
Hatkevich: posts small blind $0.02
raika14: posts big blind $0.05
MOONSP3LL: sits out 
*** HOLE CARDS ***
Dealt to Dorex2007 [Kh 6c]
Sensei_Wai: folds 
megtorlo2244: folds 
Dt_Hyde1: raises $0.15 to $0.20
Keption: folds 
Dorex2007: folds 
Beatlebud7: folds 
Hatkevich: folds 
raika14: folds 
Uncalled bet ($0.15) returned to Dt_Hyde1
Dt_Hyde1 collected $0.12 from pot
Dt_Hyde1: doesn't show hand 
*** SUMMARY ***
Total pot $0.12 | Rake $0 
Seat 1: Beatlebud7 (button) folded before Flop (didn't bet)
Seat 2: Hatkevich (small blind) folded before Flop
Seat 3: raika14 (big blind) folded before Flop
Seat 4: Sensei_Wai folded before Flop (didn't bet)
Seat 6: megtorlo2244 folded before Flop (didn't bet)
Seat 7: Dt_Hyde1 collected ($0.12)
Seat 8: Keption folded before Flop (didn't bet)
Seat 9: Dorex2007 folded before Flop (didn't bet)



PokerStars Hand #238420232032:  Hold'em No Limit ($0.02/$0.05 USD) - 2022/09/04 14:53:51 PT [2022/09/04 17:53:51 ET]
Table 'Anastasia' 9-max Seat #2 is the button
Seat 1: Beatlebud7 ($8.67 in chips) 
Seat 2: Hatkevich ($6.97 in chips) 
Seat 3: raika14 ($5.11 in chips) 
Seat 4: Sensei_Wai ($4.77 in chips) 
Seat 6: megtorlo2244 ($4 in chips) 
Seat 7: Dt_Hyde1 ($5.39 in chips) 
Seat 8: Keption ($5 in chips) 
Seat 9: Dorex2007 ($5 in chips) 
raika14: posts small blind $0.02
Sensei_Wai: posts big blind $0.05
MOONSP3LL: sits out 
*** HOLE CARDS ***
Dealt to Dorex2007 [9c Ah]
megtorlo2244: calls $0.05
Dt_Hyde1: raises $0.20 to $0.25
Keption: folds 
Dorex2007: folds 
Beatlebud7: folds 
Hatkevich: raises $6.72 to $6.97 and is all-in
raika14: folds 
Sensei_Wai: folds 
megtorlo2244: folds 
Dt_Hyde1: folds 
Uncalled bet ($6.72) returned to Hatkevich
Hatkevich collected $0.62 from pot
Hatkevich: doesn't show hand 
*** SUMMARY ***
Total pot $0.62 | Rake $0 
Seat 1: Beatlebud7 folded before Flop (didn't bet)
Seat 2: Hatkevich (button) collected ($0.62)
Seat 3: raika14 (small blind) folded before Flop
Seat 4: Sensei_Wai (big blind) folded before Flop
Seat 6: megtorlo2244 folded before Flop
Seat 7: Dt_Hyde1 folded before Flop
Seat 8: Keption folded before Flop (didn't bet)
Seat 9: Dorex2007 folded before Flop (didn't bet)



PokerStars Hand #238420242227:  Hold'em No Limit ($0.02/$0.05 USD) - 2022/09/04 14:54:16 PT [2022/09/04 17:54:16 ET]
Table 'Anastasia' 9-max Seat #3 is the button
Seat 1: Beatlebud7 ($8.67 in chips) 
Seat 2: Hatkevich ($7.34 in chips) 
Seat 3: raika14 ($5.09 in chips) 
Seat 4: Sensei_Wai ($4.72 in chips) 
Seat 5: MOONSP3LL ($2 in chips) 
Seat 6: megtorlo2244 ($4 in chips) 
Seat 7: Dt_Hyde1 ($5.14 in chips) 
Seat 8: Keption ($5 in chips) 
Seat 9: Dorex2007 ($5 in chips) 
Sensei_Wai: posts small blind $0.02
MOONSP3LL: posts big blind $0.05
*** HOLE CARDS ***
Dealt to Dorex2007 [Kh 8h]
megtorlo2244: folds 
Dt_Hyde1: folds 
Keption: folds 
Dorex2007: folds 
Beatlebud7: folds 
Hatkevich: folds 
raika14: folds 
Sensei_Wai: folds 
Uncalled bet ($0.03) returned to MOONSP3LL
MOONSP3LL collected $0.04 from pot
MOONSP3LL: doesn't show hand 
*** SUMMARY ***
Total pot $0.04 | Rake $0 
Seat 1: Beatlebud7 folded before Flop (didn't bet)
Seat 2: Hatkevich folded before Flop (didn't bet)
Seat 3: raika14 (button) folded before Flop (didn't bet)
Seat 4: Sensei_Wai (small blind) folded before Flop
Seat 5: MOONSP3LL (big blind) collected ($0.04)
Seat 6: megtorlo2244 folded before Flop (didn't bet)
Seat 7: Dt_Hyde1 folded before Flop (didn't bet)
Seat 8: Keption folded before Flop (didn't bet)
Seat 9: Dorex2007 folded before Flop (didn't bet)



PokerStars Hand #238420250088:  Hold'em No Limit ($0.02/$0.05 USD) - 2022/09/04 14:54:35 PT [2022/09/04 17:54:35 ET]
Table 'Anastasia' 9-max Seat #4 is the button
Seat 1: Beatlebud7 ($8.67 in chips) 
Seat 2: Hatkevich ($7.34 in chips) 
Seat 3: raika14 ($5.09 in chips) 
Seat 4: Sensei_Wai ($4.70 in chips) 
Seat 5: MOONSP3LL ($2.02 in chips) 
Seat 6: megtorlo2244 ($4 in chips) 
Seat 7: Dt_Hyde1 ($5.14 in chips) 
Seat 8: Keption ($5 in chips) 
Seat 9: Dorex2007 ($5 in chips) 
MOONSP3LL: posts small blind $0.02
megtorlo2244: posts big blind $0.05
*** HOLE CARDS ***
Dealt to Dorex2007 [3h 8s]
Dt_Hyde1: folds 
Keption: folds 
Dorex2007: folds 
Beatlebud7: folds 
Hatkevich: raises $0.07 to $0.12
raika14: calls $0.12
Sensei_Wai: folds 
MOONSP3LL: folds 
megtorlo2244: folds 
*** FLOP *** [2d 7c Qs]
Hatkevich: bets $0.10
raika14: raises $0.20 to $0.30
Hatkevich: folds 
Uncalled bet ($0.20) returned to raika14
raika14 collected $0.49 from pot
raika14: doesn't show hand 
*** SUMMARY ***
Total pot $0.51 | Rake $0.02 
Board [2d 7c Qs]
Seat 1: Beatlebud7 folded before Flop (didn't bet)
Seat 2: Hatkevich folded on the Flop
Seat 3: raika14 collected ($0.49)
Seat 4: Sensei_Wai (button) folded before Flop (didn't bet)
Seat 5: MOONSP3LL (small blind) folded before Flop
Seat 6: megtorlo2244 (big blind) folded before Flop
Seat 7: Dt_Hyde1 folded before Flop (didn't bet)
Seat 8: Keption folded before Flop (didn't bet)
Seat 9: Dorex2007 folded before Flop (didn't bet)



PokerStars Hand #238420264530:  Hold'em No Limit ($0.02/$0.05 USD) - 2022/09/04 14:55:16 PT [2022/09/04 17:55:16 ET]
Table 'Anastasia' 9-max Seat #5 is the button
Seat 1: Beatlebud7 ($8.67 in chips) 
Seat 2: Hatkevich ($7.12 in chips) 
Seat 3: raika14 ($5.36 in chips) 
Seat 4: Sensei_Wai ($4.70 in chips) 
Seat 5: MOONSP3LL ($2 in chips) 
Seat 6: megtorlo2244 ($4 in chips) 
Seat 7: Dt_Hyde1 ($5.14 in chips) 
Seat 8: Keption ($5 in chips) 
Seat 9: Dorex2007 ($5 in chips) 
megtorlo2244: posts small blind $0.02
Dt_Hyde1: posts big blind $0.05
*** HOLE CARDS ***
Dealt to Dorex2007 [7d 2d]
Keption: folds 
Dorex2007: folds 
Beatlebud7: calls $0.05
Hatkevich: folds 
raika14: folds 
Sensei_Wai: folds 
MOONSP3LL: raises $0.15 to $0.20
megtorlo2244: folds 
Dt_Hyde1: folds 
Beatlebud7: calls $0.15
*** FLOP *** [8d 3s Th]
Beatlebud7: bets $0.22
MOONSP3LL: calls $0.22
*** TURN *** [8d 3s Th] [6h]
Beatlebud7: bets $0.43
MOONSP3LL: calls $0.43
*** RIVER *** [8d 3s Th 6h] [7h]
Beatlebud7: bets $0.85
MOONSP3LL: calls $0.85
*** SHOW DOWN ***
Beatlebud7: shows [8h Kh] (a flush, King high)
MOONSP3LL: mucks hand 
Beatlebud7 collected $3.33 from pot
*** SUMMARY ***
Total pot $3.47 | Rake $0.14 
Board [8d 3s Th 6h 7h]
Seat 1: Beatlebud7 showed [8h Kh] and won ($3.33) with a flush, King high
Seat 2: Hatkevich folded before Flop (didn't bet)
Seat 3: raika14 folded before Flop (didn't bet)
Seat 4: Sensei_Wai folded before Flop (didn't bet)
Seat 5: MOONSP3LL (button) mucked [8s Ac]
Seat 6: megtorlo2244 (small blind) folded before Flop
Seat 7: Dt_Hyde1 (big blind) folded before Flop
Seat 8: Keption folded before Flop (didn't bet)
Seat 9: Dorex2007 folded before Flop (didn't bet)



PokerStars Hand #238420283431:  Hold'em No Limit ($0.02/$0.05 USD) - 2022/09/04 14:56:28 PT [2022/09/04 17:56:28 ET]
Table 'Anastasia' 9-max Seat #6 is the button
Seat 1: Beatlebud7 ($10.30 in chips) 
Seat 2: Hatkevich ($7.12 in chips) 
Seat 3: raika14 ($5.36 in chips) 
Seat 4: Sensei_Wai ($4.70 in chips) 
Seat 5: MOONSP3LL ($0.30 in chips) 
Seat 6: megtorlo2244 ($4 in chips) 
Seat 7: Dt_Hyde1 ($5.09 in chips) 
Seat 8: Keption ($5 in chips) 
Seat 9: Dorex2007 ($5 in chips) 
Dt_Hyde1: posts small blind $0.02
Keption: posts big blind $0.05
*** HOLE CARDS ***
Dealt to Dorex2007 [4h 6c]
Dorex2007: folds 
Beatlebud7: folds 
Hatkevich: folds 
raika14: folds 
Sensei_Wai: folds 
MOONSP3LL: folds 
megtorlo2244: folds 
Dt_Hyde1: raises $0.15 to $0.20
Keption: calls $0.15
*** FLOP *** [As Jd Jc]
Dt_Hyde1: bets $0.23
Keption: calls $0.23
*** TURN *** [As Jd Jc] [Qh]
Dt_Hyde1: bets $0.49
Keption: folds 
Uncalled bet ($0.49) returned to Dt_Hyde1
Dt_Hyde1 collected $0.82 from pot
Dt_Hyde1: doesn't show hand 
*** SUMMARY ***
Total pot $0.86 | Rake $0.04 
Board [As Jd Jc Qh]
Seat 1: Beatlebud7 folded before Flop (didn't bet)
Seat 2: Hatkevich folded before Flop (didn't bet)
Seat 3: raika14 folded before Flop (didn't bet)
Seat 4: Sensei_Wai folded before Flop (didn't bet)
Seat 5: MOONSP3LL folded before Flop (didn't bet)
Seat 6: megtorlo2244 (button) folded before Flop (didn't bet)
Seat 7: Dt_Hyde1 (small blind) collected ($0.82)
Seat 8: Keption (big blind) folded on the Turn
Seat 9: Dorex2007 folded before Flop (didn't bet)



PokerStars Hand #238420301554:  Hold'em No Limit ($0.02/$0.05 USD) - 2022/09/04 14:57:37 PT [2022/09/04 17:57:37 ET]
Table 'Anastasia' 9-max Seat #7 is the button
Seat 1: Beatlebud7 ($10.30 in chips) 
Seat 2: Hatkevich ($7.12 in chips) 
Seat 3: raika14 ($5.36 in chips) 
Seat 4: Sensei_Wai ($4.70 in chips) 
Seat 5: MOONSP3LL ($2 in chips) 
Seat 6: megtorlo2244 ($4 in chips) 
Seat 7: Dt_Hyde1 ($5.48 in chips) 
Seat 8: Keption ($5 in chips) 
Seat 9: Dorex2007 ($5 in chips) 
Keption: posts small blind $0.02
Dorex2007: posts big blind $0.05
*** HOLE CARDS ***
Dealt to Dorex2007 [2s Qc]
Beatlebud7: folds 
Hatkevich: folds 
raika14: folds 
Sensei_Wai: folds 
MOONSP3LL: raises $0.10 to $0.15
megtorlo2244: folds 
Dt_Hyde1: folds 
Keption: folds 
Dorex2007: folds 
Uncalled bet ($0.10) returned to MOONSP3LL
MOONSP3LL collected $0.12 from pot
MOONSP3LL: doesn't show hand 
*** SUMMARY ***
Total pot $0.12 | Rake $0 
Seat 1: Beatlebud7 folded before Flop (didn't bet)
Seat 2: Hatkevich folded before Flop (didn't bet)
Seat 3: raika14 folded before Flop (didn't bet)
Seat 4: Sensei_Wai folded before Flop (didn't bet)
Seat 5: MOONSP3LL collected ($0.12)
Seat 6: megtorlo2244 folded before Flop (didn't bet)
Seat 7: Dt_Hyde1 (button) folded before Flop (didn't bet)
Seat 8: Keption (small blind) folded before Flop
Seat 9: Dorex2007 (big blind) folded before Flop



