PokerStars Hand #238178252803:  Hold'em No Limit ($0.02/$0.05 USD) - 2022/08/23 16:37:20 PT [2022/08/23 19:37:20 ET]
Table 'Antares IV' 9-max Seat #9 is the button
Seat 1: dc972155 ($9.03 in chips) 
Seat 2: Drover98 ($10.07 in chips) 
Seat 3: Stoke_Wizard ($6.48 in chips) 
Seat 4: Roark,John ($6.47 in chips) 
Seat 5: Glayson035 ($1.51 in chips) 
Seat 6: JonSnow124 ($7.06 in chips) 
Seat 7: Dorex2007 ($5 in chips) 
Seat 8: sos fric ($5.44 in chips) 
Seat 9: petiribi ($3.39 in chips) 
dc972155: posts small blind $0.02
Drover98: posts big blind $0.05
Dorex2007: posts big blind $0.05
*** HOLE CARDS ***
Dealt to Dorex2007 [Ts 3c]
Stoke_Wizard: folds 
Roark,John: folds 
Glayson035: calls $0.05
JonSnow124: folds 
Dorex2007: checks 
sos fric: folds 
petiribi: folds 
dc972155: calls $0.03
Drover98: checks 
*** FLOP *** [4s 5c 7d]
dc972155: checks 
Drover98: bets $0.15
Glayson035: folds 
Dorex2007: folds 
dc972155: calls $0.15
*** TURN *** [4s 5c 7d] [4h]
dc972155: checks 
Drover98: bets $0.24
dc972155: calls $0.24
*** RIVER *** [4s 5c 7d 4h] [Th]
dc972155: checks 
Drover98: bets $0.75
dc972155: raises $1.08 to $1.83
Drover98: calls $1.08
*** SHOW DOWN ***
dc972155: shows [6d 3s] (a straight, Three to Seven)
Drover98: shows [7c 7h] (a full house, Sevens full of Fours)
Drover98 collected $4.45 from pot
*** SUMMARY ***
Total pot $4.64 | Rake $0.19 
Board [4s 5c 7d 4h Th]
Seat 1: dc972155 (small blind) showed [6d 3s] and lost with a straight, Three to Seven
Seat 2: Drover98 (big blind) showed [7c 7h] and won ($4.45) with a full house, Sevens full of Fours
Seat 3: Stoke_Wizard folded before Flop (didn't bet)
Seat 4: Roark,John folded before Flop (didn't bet)
Seat 5: Glayson035 folded on the Flop
Seat 6: JonSnow124 folded before Flop (didn't bet)
Seat 7: Dorex2007 folded on the Flop (didn't bet)
Seat 8: sos fric folded before Flop (didn't bet)
Seat 9: petiribi (button) folded before Flop (didn't bet)



PokerStars Hand #238178272662:  Hold'em No Limit ($0.02/$0.05 USD) - 2022/08/23 16:38:36 PT [2022/08/23 19:38:36 ET]
Table 'Antares IV' 9-max Seat #1 is the button
Seat 1: dc972155 ($6.76 in chips) 
Seat 2: Drover98 ($12.25 in chips) 
Seat 3: Stoke_Wizard ($6.48 in chips) 
Seat 4: Roark,John ($6.47 in chips) 
Seat 5: Glayson035 ($1.46 in chips) 
Seat 6: JonSnow124 ($7.06 in chips) 
Seat 7: Dorex2007 ($5 in chips) 
Seat 8: sos fric ($5.44 in chips) 
Seat 9: petiribi ($3.39 in chips) 
Drover98: posts small blind $0.02
Stoke_Wizard: posts big blind $0.05
*** HOLE CARDS ***
Dealt to Dorex2007 [Qh 3s]
Roark,John: folds 
Glayson035: folds 
JonSnow124: folds 
Dorex2007: folds 
sos fric: folds 
petiribi: calls $0.05
dc972155: raises $0.15 to $0.20
Drover98: folds 
Stoke_Wizard: folds 
petiribi: calls $0.15
*** FLOP *** [4s Qc Td]
petiribi: checks 
dc972155: checks 
*** TURN *** [4s Qc Td] [9s]
petiribi: checks 
dc972155: bets $0.30
petiribi: folds 
Uncalled bet ($0.30) returned to dc972155
dc972155 collected $0.45 from pot
dc972155: doesn't show hand 
*** SUMMARY ***
Total pot $0.47 | Rake $0.02 
Board [4s Qc Td 9s]
Seat 1: dc972155 (button) collected ($0.45)
Seat 2: Drover98 (small blind) folded before Flop
Seat 3: Stoke_Wizard (big blind) folded before Flop
Seat 4: Roark,John folded before Flop (didn't bet)
Seat 5: Glayson035 folded before Flop (didn't bet)
Seat 6: JonSnow124 folded before Flop (didn't bet)
Seat 7: Dorex2007 folded before Flop (didn't bet)
Seat 8: sos fric folded before Flop (didn't bet)
Seat 9: petiribi folded on the Turn



PokerStars Hand #238178284157:  Hold'em No Limit ($0.02/$0.05 USD) - 2022/08/23 16:39:20 PT [2022/08/23 19:39:20 ET]
Table 'Antares IV' 9-max Seat #2 is the button
Seat 1: dc972155 ($7.01 in chips) 
Seat 2: Drover98 ($12.23 in chips) 
Seat 3: Stoke_Wizard ($6.43 in chips) 
Seat 4: Roark,John ($6.47 in chips) 
Seat 5: Glayson035 ($1.46 in chips) 
Seat 6: JonSnow124 ($7.06 in chips) 
Seat 7: Dorex2007 ($5 in chips) 
Seat 8: sos fric ($5.44 in chips) 
Seat 9: petiribi ($3.19 in chips) 
Stoke_Wizard: posts small blind $0.02
Roark,John: posts big blind $0.05
*** HOLE CARDS ***
Dealt to Dorex2007 [4d Qs]
Glayson035: folds 
JonSnow124: folds 
Dorex2007: folds 
sos fric: folds 
petiribi: raises $0.15 to $0.20
dc972155: folds 
Drover98: folds 
Stoke_Wizard: folds 
Roark,John: folds 
Uncalled bet ($0.15) returned to petiribi
petiribi collected $0.12 from pot
*** SUMMARY ***
Total pot $0.12 | Rake $0 
Seat 1: dc972155 folded before Flop (didn't bet)
Seat 2: Drover98 (button) folded before Flop (didn't bet)
Seat 3: Stoke_Wizard (small blind) folded before Flop
Seat 4: Roark,John (big blind) folded before Flop
Seat 5: Glayson035 folded before Flop (didn't bet)
Seat 6: JonSnow124 folded before Flop (didn't bet)
Seat 7: Dorex2007 folded before Flop (didn't bet)
Seat 8: sos fric folded before Flop (didn't bet)
Seat 9: petiribi collected ($0.12)



PokerStars Hand #238178289741:  Hold'em No Limit ($0.02/$0.05 USD) - 2022/08/23 16:39:41 PT [2022/08/23 19:39:41 ET]
Table 'Antares IV' 9-max Seat #3 is the button
Seat 1: dc972155 ($7.01 in chips) 
Seat 2: Drover98 ($12.23 in chips) 
Seat 3: Stoke_Wizard ($6.41 in chips) 
Seat 4: Roark,John ($6.42 in chips) 
Seat 5: Glayson035 ($1.46 in chips) 
Seat 6: JonSnow124 ($7.06 in chips) 
Seat 7: Dorex2007 ($5 in chips) 
Seat 8: sos fric ($5.44 in chips) 
Seat 9: petiribi ($3.26 in chips) 
Roark,John: posts small blind $0.02
Glayson035: posts big blind $0.05
*** HOLE CARDS ***
Dealt to Dorex2007 [Ac 8d]
JonSnow124: folds 
Dorex2007: folds 
sos fric: folds 
petiribi: folds 
dc972155: folds 
Drover98: folds 
Stoke_Wizard: raises $0.10 to $0.15
Roark,John: folds 
Glayson035: calls $0.10
*** FLOP *** [4s 5s 4d]
Glayson035: checks 
Stoke_Wizard: bets $0.31
Glayson035: folds 
Uncalled bet ($0.31) returned to Stoke_Wizard
Stoke_Wizard collected $0.31 from pot
*** SUMMARY ***
Total pot $0.32 | Rake $0.01 
Board [4s 5s 4d]
Seat 1: dc972155 folded before Flop (didn't bet)
Seat 2: Drover98 folded before Flop (didn't bet)
Seat 3: Stoke_Wizard (button) collected ($0.31)
Seat 4: Roark,John (small blind) folded before Flop
Seat 5: Glayson035 (big blind) folded on the Flop
Seat 6: JonSnow124 folded before Flop (didn't bet)
Seat 7: Dorex2007 folded before Flop (didn't bet)
Seat 8: sos fric folded before Flop (didn't bet)
Seat 9: petiribi folded before Flop (didn't bet)



PokerStars Hand #238178299090:  Hold'em No Limit ($0.02/$0.05 USD) - 2022/08/23 16:40:17 PT [2022/08/23 19:40:17 ET]
Table 'Antares IV' 9-max Seat #4 is the button
Seat 1: dc972155 ($7.01 in chips) 
Seat 2: Drover98 ($12.23 in chips) 
Seat 3: Stoke_Wizard ($6.57 in chips) 
Seat 4: Roark,John ($6.40 in chips) 
Seat 5: Glayson035 ($1.31 in chips) 
Seat 6: JonSnow124 ($7.06 in chips) 
Seat 7: Dorex2007 ($5 in chips) 
Seat 8: sos fric ($5.44 in chips) 
Seat 9: petiribi ($3.26 in chips) 
Glayson035: posts small blind $0.02
JonSnow124: posts big blind $0.05
*** HOLE CARDS ***
Dealt to Dorex2007 [Qh 4d]
Dorex2007: folds 
sos fric: folds 
petiribi: calls $0.05
dc972155: folds 
Drover98: folds 
Stoke_Wizard: folds 
Roark,John has timed out
Roark,John: folds 
Glayson035: calls $0.03
JonSnow124: checks 
*** FLOP *** [Ad 9h Td]
Glayson035: bets $0.10
JonSnow124: folds 
petiribi: folds 
Uncalled bet ($0.10) returned to Glayson035
Glayson035 collected $0.14 from pot
Glayson035: doesn't show hand 
*** SUMMARY ***
Total pot $0.15 | Rake $0.01 
Board [Ad 9h Td]
Seat 1: dc972155 folded before Flop (didn't bet)
Seat 2: Drover98 folded before Flop (didn't bet)
Seat 3: Stoke_Wizard folded before Flop (didn't bet)
Seat 4: Roark,John (button) folded before Flop (didn't bet)
Seat 5: Glayson035 (small blind) collected ($0.14)
Seat 6: JonSnow124 (big blind) folded on the Flop
Seat 7: Dorex2007 folded before Flop (didn't bet)
Seat 8: sos fric folded before Flop (didn't bet)
Seat 9: petiribi folded on the Flop



PokerStars Hand #238178311257:  Hold'em No Limit ($0.02/$0.05 USD) - 2022/08/23 16:41:04 PT [2022/08/23 19:41:04 ET]
Table 'Antares IV' 9-max Seat #5 is the button
Seat 1: dc972155 ($7.01 in chips) 
Seat 2: Drover98 ($12.23 in chips) 
Seat 3: Stoke_Wizard ($6.57 in chips) 
Seat 4: Roark,John ($6.40 in chips) 
Seat 5: Glayson035 ($1.40 in chips) 
Seat 6: JonSnow124 ($7.01 in chips) 
Seat 7: Dorex2007 ($5 in chips) 
Seat 8: sos fric ($5.44 in chips) 
Seat 9: petiribi ($3.21 in chips) 
JonSnow124: posts small blind $0.02
Dorex2007: posts big blind $0.05
*** HOLE CARDS ***
Dealt to Dorex2007 [5s 5c]
sos fric: raises $0.10 to $0.15
petiribi: folds 
dc972155: calls $0.15
Drover98: folds 
Stoke_Wizard: folds 
Roark,John: folds 
Glayson035: folds 
JonSnow124: folds 
Dorex2007: folds 
*** FLOP *** [7c 2c 6h]
sos fric: bets $0.35
dc972155: calls $0.35
*** TURN *** [7c 2c 6h] [9h]
sos fric: bets $0.75
dc972155: calls $0.75
*** RIVER *** [7c 2c 6h 9h] [Kh]
sos fric: checks 
dc972155: checks 
*** SHOW DOWN ***
sos fric: shows [Jc Jh] (a pair of Jacks)
dc972155: mucks hand 
sos fric collected $2.46 from pot
*** SUMMARY ***
Total pot $2.57 | Rake $0.11 
Board [7c 2c 6h 9h Kh]
Seat 1: dc972155 mucked [8c 8d]
Seat 2: Drover98 folded before Flop (didn't bet)
Seat 3: Stoke_Wizard folded before Flop (didn't bet)
Seat 4: Roark,John folded before Flop (didn't bet)
Seat 5: Glayson035 (button) folded before Flop (didn't bet)
Seat 6: JonSnow124 (small blind) folded before Flop
Seat 7: Dorex2007 (big blind) folded before Flop
Seat 8: sos fric showed [Jc Jh] and won ($2.46) with a pair of Jacks
Seat 9: petiribi folded before Flop (didn't bet)



PokerStars Hand #238178325084:  Hold'em No Limit ($0.02/$0.05 USD) - 2022/08/23 16:41:51 PT [2022/08/23 19:41:51 ET]
Table 'Antares IV' 9-max Seat #6 is the button
Seat 1: dc972155 ($5.76 in chips) 
Seat 2: Drover98 ($12.23 in chips) 
Seat 3: Stoke_Wizard ($6.57 in chips) 
Seat 4: Roark,John ($6.40 in chips) 
Seat 5: Glayson035 ($1.40 in chips) 
Seat 6: JonSnow124 ($6.99 in chips) 
Seat 7: Dorex2007 ($5 in chips) 
Seat 8: sos fric ($6.65 in chips) 
Seat 9: petiribi ($3.21 in chips) 
Dorex2007: posts small blind $0.02
sos fric: posts big blind $0.05
*** HOLE CARDS ***
Dealt to Dorex2007 [Jh 2h]
petiribi: folds 
dc972155: folds 
Drover98: folds 
Stoke_Wizard: folds 
Roark,John: folds 
Glayson035: calls $0.05
JonSnow124: calls $0.05
Dorex2007: folds 
sos fric: checks 
*** FLOP *** [8h Qc 3h]
sos fric: checks 
Glayson035: checks 
JonSnow124: checks 
*** TURN *** [8h Qc 3h] [3d]
sos fric: bets $0.10
Glayson035: folds 
JonSnow124: folds 
Uncalled bet ($0.10) returned to sos fric
sos fric collected $0.16 from pot
sos fric: doesn't show hand 
*** SUMMARY ***
Total pot $0.17 | Rake $0.01 
Board [8h Qc 3h 3d]
Seat 1: dc972155 folded before Flop (didn't bet)
Seat 2: Drover98 folded before Flop (didn't bet)
Seat 3: Stoke_Wizard folded before Flop (didn't bet)
Seat 4: Roark,John folded before Flop (didn't bet)
Seat 5: Glayson035 folded on the Turn
Seat 6: JonSnow124 (button) folded on the Turn
Seat 7: Dorex2007 (small blind) folded before Flop
Seat 8: sos fric (big blind) collected ($0.16)
Seat 9: petiribi folded before Flop (didn't bet)



PokerStars Hand #238178335188:  Hold'em No Limit ($0.02/$0.05 USD) - 2022/08/23 16:42:30 PT [2022/08/23 19:42:30 ET]
Table 'Antares IV' 9-max Seat #7 is the button
Seat 1: dc972155 ($5.76 in chips) 
Seat 2: Drover98 ($12.23 in chips) 
Seat 3: Stoke_Wizard ($6.57 in chips) 
Seat 4: Roark,John ($6.40 in chips) 
Seat 5: Glayson035 ($1.35 in chips) 
Seat 6: JonSnow124 ($6.94 in chips) 
Seat 7: Dorex2007 ($5 in chips) 
Seat 8: sos fric ($6.76 in chips) 
Seat 9: petiribi ($3.21 in chips) 
sos fric: posts small blind $0.02
petiribi: posts big blind $0.05
*** HOLE CARDS ***
Dealt to Dorex2007 [Ad Ah]
dc972155: folds 
Drover98: folds 
Stoke_Wizard: folds 
Roark,John: folds 
Glayson035: calls $0.05
JonSnow124: folds 
Dorex2007: raises $0.10 to $0.15
sos fric: folds 
petiribi: folds 
Glayson035: calls $0.10
*** FLOP *** [8d Kh Ts]
Glayson035: checks 
Dorex2007: bets $0.17
Glayson035: folds 
Uncalled bet ($0.17) returned to Dorex2007
Dorex2007 collected $0.35 from pot
Dorex2007: doesn't show hand 
*** SUMMARY ***
Total pot $0.37 | Rake $0.02 
Board [8d Kh Ts]
Seat 1: dc972155 folded before Flop (didn't bet)
Seat 2: Drover98 folded before Flop (didn't bet)
Seat 3: Stoke_Wizard folded before Flop (didn't bet)
Seat 4: Roark,John folded before Flop (didn't bet)
Seat 5: Glayson035 folded on the Flop
Seat 6: JonSnow124 folded before Flop (didn't bet)
Seat 7: Dorex2007 (button) collected ($0.35)
Seat 8: sos fric (small blind) folded before Flop
Seat 9: petiribi (big blind) folded before Flop



PokerStars Hand #238178347025:  Hold'em No Limit ($0.02/$0.05 USD) - 2022/08/23 16:43:16 PT [2022/08/23 19:43:16 ET]
Table 'Antares IV' 9-max Seat #8 is the button
Seat 1: dc972155 ($5.76 in chips) 
Seat 2: Drover98 ($12.23 in chips) 
Seat 3: Stoke_Wizard ($6.57 in chips) 
Seat 4: Roark,John ($6.40 in chips) 
Seat 5: Glayson035 ($1.20 in chips) 
Seat 6: JonSnow124 ($6.94 in chips) 
Seat 7: Dorex2007 ($5.20 in chips) 
Seat 8: sos fric ($6.74 in chips) 
Seat 9: petiribi ($3.16 in chips) 
petiribi: posts small blind $0.02
dc972155: posts big blind $0.05
*** HOLE CARDS ***
Dealt to Dorex2007 [3c 9s]
Drover98: folds 
Stoke_Wizard: raises $0.10 to $0.15
Roark,John: folds 
Glayson035: calls $0.15
JonSnow124: folds 
Dorex2007: folds 
sos fric: folds 
petiribi: folds 
dc972155: calls $0.10
*** FLOP *** [7d 3s Js]
dc972155: checks 
Stoke_Wizard: checks 
Glayson035: bets $0.45
dc972155: folds 
Stoke_Wizard: folds 
Uncalled bet ($0.45) returned to Glayson035
Glayson035 collected $0.45 from pot
Glayson035: doesn't show hand 
*** SUMMARY ***
Total pot $0.47 | Rake $0.02 
Board [7d 3s Js]
Seat 1: dc972155 (big blind) folded on the Flop
Seat 2: Drover98 folded before Flop (didn't bet)
Seat 3: Stoke_Wizard folded on the Flop
Seat 4: Roark,John folded before Flop (didn't bet)
Seat 5: Glayson035 collected ($0.45)
Seat 6: JonSnow124 folded before Flop (didn't bet)
Seat 7: Dorex2007 folded before Flop (didn't bet)
Seat 8: sos fric (button) folded before Flop (didn't bet)
Seat 9: petiribi (small blind) folded before Flop



PokerStars Hand #238178354931:  Hold'em No Limit ($0.02/$0.05 USD) - 2022/08/23 16:43:47 PT [2022/08/23 19:43:47 ET]
Table 'Antares IV' 9-max Seat #9 is the button
Seat 1: dc972155 ($5.61 in chips) 
Seat 2: Drover98 ($12.23 in chips) 
Seat 3: Stoke_Wizard ($6.42 in chips) 
Seat 4: Roark,John ($6.40 in chips) 
Seat 5: Glayson035 ($1.50 in chips) 
Seat 6: JonSnow124 ($6.94 in chips) 
Seat 7: Dorex2007 ($5.20 in chips) 
Seat 8: sos fric ($6.74 in chips) 
Seat 9: petiribi ($3.14 in chips) 
dc972155: posts small blind $0.02
Drover98: posts big blind $0.05
*** HOLE CARDS ***
Dealt to Dorex2007 [Qs 3h]
Stoke_Wizard: folds 
Roark,John: folds 
Glayson035 has timed out
Glayson035: folds 
JonSnow124: folds 
Dorex2007: folds 
sos fric: folds 
petiribi: folds 
dc972155: calls $0.03
Drover98: checks 
*** FLOP *** [Tc Qc Kh]
dc972155: checks 
Drover98: checks 
*** TURN *** [Tc Qc Kh] [4h]
dc972155: checks 
Drover98: checks 
*** RIVER *** [Tc Qc Kh 4h] [Js]
dc972155: bets $0.08
Drover98: folds 
Uncalled bet ($0.08) returned to dc972155
dc972155 collected $0.10 from pot
dc972155: doesn't show hand 
*** SUMMARY ***
Total pot $0.10 | Rake $0 
Board [Tc Qc Kh 4h Js]
Seat 1: dc972155 (small blind) collected ($0.10)
Seat 2: Drover98 (big blind) folded on the River
Seat 3: Stoke_Wizard folded before Flop (didn't bet)
Seat 4: Roark,John folded before Flop (didn't bet)
Seat 5: Glayson035 folded before Flop (didn't bet)
Seat 6: JonSnow124 folded before Flop (didn't bet)
Seat 7: Dorex2007 folded before Flop (didn't bet)
Seat 8: sos fric folded before Flop (didn't bet)
Seat 9: petiribi (button) folded before Flop (didn't bet)



PokerStars Hand #238178368140:  Hold'em No Limit ($0.02/$0.05 USD) - 2022/08/23 16:44:25 PT [2022/08/23 19:44:25 ET]
Table 'Antares IV' 9-max Seat #1 is the button
Seat 1: dc972155 ($5.66 in chips) 
Seat 2: Drover98 ($12.18 in chips) 
Seat 3: Stoke_Wizard ($6.42 in chips) 
Seat 4: Roark,John ($6.40 in chips) 
Seat 5: Glayson035 ($1.50 in chips) 
Seat 6: JonSnow124 ($6.94 in chips) 
Seat 7: Dorex2007 ($5.20 in chips) 
Seat 8: sos fric ($6.74 in chips) 
Seat 9: petiribi ($3.14 in chips) 
Drover98: posts small blind $0.02
Stoke_Wizard: posts big blind $0.05
*** HOLE CARDS ***
Dealt to Dorex2007 [Th 2d]
Roark,John: folds 
Roark,John leaves the table
Glayson035 has timed out
Glayson035: folds 
JonSnow124: folds 
Dorex2007: folds 
sos fric: folds 
petiribi: folds 
dc972155: raises $0.10 to $0.15
Drover98: folds 
Stoke_Wizard: calls $0.10
*** FLOP *** [9s Jc 4h]
Stoke_Wizard: checks 
dc972155: bets $0.15
s0mega joins the table at seat #4 
Stoke_Wizard: folds 
Uncalled bet ($0.15) returned to dc972155
dc972155 collected $0.31 from pot
dc972155: doesn't show hand 
*** SUMMARY ***
Total pot $0.32 | Rake $0.01 
Board [9s Jc 4h]
Seat 1: dc972155 (button) collected ($0.31)
Seat 2: Drover98 (small blind) folded before Flop
Seat 3: Stoke_Wizard (big blind) folded on the Flop
Seat 4: Roark,John folded before Flop (didn't bet)
Seat 5: Glayson035 folded before Flop (didn't bet)
Seat 6: JonSnow124 folded before Flop (didn't bet)
Seat 7: Dorex2007 folded before Flop (didn't bet)
Seat 8: sos fric folded before Flop (didn't bet)
Seat 9: petiribi folded before Flop (didn't bet)



PokerStars Hand #238178381277:  Hold'em No Limit ($0.02/$0.05 USD) - 2022/08/23 16:45:09 PT [2022/08/23 19:45:09 ET]
Table 'Antares IV' 9-max Seat #2 is the button
Seat 1: dc972155 ($5.82 in chips) 
Seat 2: Drover98 ($12.16 in chips) 
Seat 3: Stoke_Wizard ($6.27 in chips) 
Seat 4: s0mega ($3.50 in chips) 
Seat 5: Glayson035 ($1.50 in chips) 
Seat 6: JonSnow124 ($6.94 in chips) 
Seat 7: Dorex2007 ($5.20 in chips) 
Seat 8: sos fric ($6.74 in chips) 
Seat 9: petiribi ($3.14 in chips) 
Stoke_Wizard: posts small blind $0.02
s0mega: posts big blind $0.05
*** HOLE CARDS ***
Dealt to Dorex2007 [2c Ks]
Glayson035: raises $0.05 to $0.10
JonSnow124: folds 
Dorex2007: folds 
sos fric: folds 
petiribi: folds 
dc972155: folds 
Drover98: folds 
Stoke_Wizard: folds 
s0mega: calls $0.05
*** FLOP *** [8c Ah 3c]
s0mega: checks 
Glayson035: checks 
*** TURN *** [8c Ah 3c] [4d]
s0mega: checks 
Glayson035: checks 
*** RIVER *** [8c Ah 3c 4d] [7s]
s0mega: checks 
Glayson035: checks 
*** SHOW DOWN ***
s0mega: shows [Th 6h] (high card Ace)
Glayson035: shows [Qh Kd] (high card Ace - King kicker)
Glayson035 collected $0.21 from pot
*** SUMMARY ***
Total pot $0.22 | Rake $0.01 
Board [8c Ah 3c 4d 7s]
Seat 1: dc972155 folded before Flop (didn't bet)
Seat 2: Drover98 (button) folded before Flop (didn't bet)
Seat 3: Stoke_Wizard (small blind) folded before Flop
Seat 4: s0mega (big blind) showed [Th 6h] and lost with high card Ace
Seat 5: Glayson035 showed [Qh Kd] and won ($0.21) with high card Ace
Seat 6: JonSnow124 folded before Flop (didn't bet)
Seat 7: Dorex2007 folded before Flop (didn't bet)
Seat 8: sos fric folded before Flop (didn't bet)
Seat 9: petiribi folded before Flop (didn't bet)



PokerStars Hand #238178388077:  Hold'em No Limit ($0.02/$0.05 USD) - 2022/08/23 16:45:36 PT [2022/08/23 19:45:36 ET]
Table 'Antares IV' 9-max Seat #3 is the button
Seat 1: dc972155 ($5.82 in chips) 
Seat 2: Drover98 ($12.16 in chips) 
Seat 3: Stoke_Wizard ($6.25 in chips) 
Seat 4: s0mega ($3.40 in chips) 
Seat 5: Glayson035 ($1.61 in chips) 
Seat 6: JonSnow124 ($6.94 in chips) 
Seat 7: Dorex2007 ($5.20 in chips) 
Seat 8: sos fric ($6.74 in chips) 
Seat 9: petiribi ($3.14 in chips) 
s0mega: posts small blind $0.02
Glayson035: posts big blind $0.05
*** HOLE CARDS ***
Dealt to Dorex2007 [6d 8c]
JonSnow124: calls $0.05
Dorex2007: folds 
sos fric: folds 
petiribi: raises $0.15 to $0.20
dc972155: folds 
Drover98: folds 
Stoke_Wizard: folds 
s0mega: folds 
Glayson035: calls $0.15
JonSnow124: calls $0.15
*** FLOP *** [Kh Qd 4c]
Glayson035: checks 
JonSnow124: checks 
petiribi: checks 
*** TURN *** [Kh Qd 4c] [2h]
Glayson035: bets $0.30
JonSnow124: folds 
petiribi: folds 
Uncalled bet ($0.30) returned to Glayson035
Glayson035 collected $0.59 from pot
Glayson035: doesn't show hand 
*** SUMMARY ***
Total pot $0.62 | Rake $0.03 
Board [Kh Qd 4c 2h]
Seat 1: dc972155 folded before Flop (didn't bet)
Seat 2: Drover98 folded before Flop (didn't bet)
Seat 3: Stoke_Wizard (button) folded before Flop (didn't bet)
Seat 4: s0mega (small blind) folded before Flop
Seat 5: Glayson035 (big blind) collected ($0.59)
Seat 6: JonSnow124 folded on the Turn
Seat 7: Dorex2007 folded before Flop (didn't bet)
Seat 8: sos fric folded before Flop (didn't bet)
Seat 9: petiribi folded on the Turn



PokerStars Hand #238178404591:  Hold'em No Limit ($0.02/$0.05 USD) - 2022/08/23 16:46:41 PT [2022/08/23 19:46:41 ET]
Table 'Antares IV' 9-max Seat #4 is the button
Seat 1: dc972155 ($5.82 in chips) 
Seat 2: Drover98 ($12.16 in chips) 
Seat 3: Stoke_Wizard ($6.25 in chips) 
Seat 4: s0mega ($3.38 in chips) 
Seat 5: Glayson035 ($2 in chips) 
Seat 6: JonSnow124 ($6.74 in chips) 
Seat 7: Dorex2007 ($5.20 in chips) 
Seat 8: sos fric ($6.74 in chips) 
Seat 9: petiribi ($2.94 in chips) 
Glayson035: posts small blind $0.02
JonSnow124: posts big blind $0.05
*** HOLE CARDS ***
Dealt to Dorex2007 [5s 2c]
Dorex2007: folds 
sos fric: folds 
petiribi: folds 
dc972155: raises $0.10 to $0.15
Drover98: folds 
Stoke_Wizard: folds 
s0mega: calls $0.15
Glayson035: folds 
JonSnow124: folds 
*** FLOP *** [4d 4c 9c]
dc972155: checks 
s0mega: checks 
*** TURN *** [4d 4c 9c] [3s]
dc972155: bets $0.23
s0mega: folds 
Uncalled bet ($0.23) returned to dc972155
dc972155 collected $0.35 from pot
dc972155: doesn't show hand 
*** SUMMARY ***
Total pot $0.37 | Rake $0.02 
Board [4d 4c 9c 3s]
Seat 1: dc972155 collected ($0.35)
Seat 2: Drover98 folded before Flop (didn't bet)
Seat 3: Stoke_Wizard folded before Flop (didn't bet)
Seat 4: s0mega (button) folded on the Turn
Seat 5: Glayson035 (small blind) folded before Flop
Seat 6: JonSnow124 (big blind) folded before Flop
Seat 7: Dorex2007 folded before Flop (didn't bet)
Seat 8: sos fric folded before Flop (didn't bet)
Seat 9: petiribi folded before Flop (didn't bet)



PokerStars Hand #238178416487:  Hold'em No Limit ($0.02/$0.05 USD) - 2022/08/23 16:47:28 PT [2022/08/23 19:47:28 ET]
Table 'Antares IV' 9-max Seat #5 is the button
Seat 1: dc972155 ($6.02 in chips) 
Seat 2: Drover98 ($12.16 in chips) 
Seat 3: Stoke_Wizard ($6.25 in chips) 
Seat 4: s0mega ($3.23 in chips) 
Seat 5: Glayson035 ($1.98 in chips) 
Seat 6: JonSnow124 ($6.69 in chips) 
Seat 7: Dorex2007 ($5.20 in chips) 
Seat 8: sos fric ($6.74 in chips) 
Seat 9: petiribi ($2.94 in chips) 
JonSnow124: posts small blind $0.02
Dorex2007: posts big blind $0.05
*** HOLE CARDS ***
Dealt to Dorex2007 [Jd Tc]
sos fric: raises $0.10 to $0.15
petiribi: calls $0.15
dc972155: folds 
Drover98: folds 
Stoke_Wizard: folds 
s0mega has timed out
s0mega: folds 
Glayson035: folds 
JonSnow124: folds 
Dorex2007: folds 
*** FLOP *** [Ac 3d 8c]
sos fric: checks 
petiribi: checks 
*** TURN *** [Ac 3d 8c] [Ad]
sos fric: checks 
petiribi: checks 
*** RIVER *** [Ac 3d 8c Ad] [4c]
sos fric: bets $0.50
petiribi: folds 
Uncalled bet ($0.50) returned to sos fric
sos fric collected $0.35 from pot
sos fric: doesn't show hand 
*** SUMMARY ***
Total pot $0.37 | Rake $0.02 
Board [Ac 3d 8c Ad 4c]
Seat 1: dc972155 folded before Flop (didn't bet)
Seat 2: Drover98 folded before Flop (didn't bet)
Seat 3: Stoke_Wizard folded before Flop (didn't bet)
Seat 4: s0mega folded before Flop (didn't bet)
Seat 5: Glayson035 (button) folded before Flop (didn't bet)
Seat 6: JonSnow124 (small blind) folded before Flop
Seat 7: Dorex2007 (big blind) folded before Flop
Seat 8: sos fric collected ($0.35)
Seat 9: petiribi folded on the River



PokerStars Hand #238178431478:  Hold'em No Limit ($0.02/$0.05 USD) - 2022/08/23 16:48:27 PT [2022/08/23 19:48:27 ET]
Table 'Antares IV' 9-max Seat #6 is the button
Seat 1: dc972155 ($6.02 in chips) 
Seat 2: Drover98 ($12.16 in chips) 
Seat 3: Stoke_Wizard ($6.25 in chips) 
Seat 4: s0mega ($3.23 in chips) 
Seat 5: Glayson035 ($1.98 in chips) 
Seat 6: JonSnow124 ($6.67 in chips) 
Seat 7: Dorex2007 ($5.15 in chips) 
Seat 9: petiribi ($2.79 in chips) 
Dorex2007: posts small blind $0.02
sos fric: is sitting out 
petiribi: posts big blind $0.05
*** HOLE CARDS ***
Dealt to Dorex2007 [6s Qh]
dc972155: folds 
Drover98: folds 
Stoke_Wizard: folds 
sos fric leaves the table
s0mega: raises $0.07 to $0.12
enixblr joins the table at seat #8 
Glayson035: folds 
JonSnow124: folds 
Dorex2007: folds 
petiribi: calls $0.07
*** FLOP *** [Td Th 5c]
petiribi: checks 
s0mega: bets $0.16
petiribi: folds 
Uncalled bet ($0.16) returned to s0mega
s0mega collected $0.25 from pot
s0mega: doesn't show hand 
*** SUMMARY ***
Total pot $0.26 | Rake $0.01 
Board [Td Th 5c]
Seat 1: dc972155 folded before Flop (didn't bet)
Seat 2: Drover98 folded before Flop (didn't bet)
Seat 3: Stoke_Wizard folded before Flop (didn't bet)
Seat 4: s0mega collected ($0.25)
Seat 5: Glayson035 folded before Flop (didn't bet)
Seat 6: JonSnow124 (button) folded before Flop (didn't bet)
Seat 7: Dorex2007 (small blind) folded before Flop
Seat 9: petiribi (big blind) folded on the Flop



PokerStars Hand #238178440107:  Hold'em No Limit ($0.02/$0.05 USD) - 2022/08/23 16:49:00 PT [2022/08/23 19:49:00 ET]
Table 'Antares IV' 9-max Seat #7 is the button
Seat 1: dc972155 ($6.02 in chips) 
Seat 2: Drover98 ($12.16 in chips) 
Seat 3: Stoke_Wizard ($6.25 in chips) 
Seat 4: s0mega ($3.36 in chips) 
Seat 5: Glayson035 ($1.98 in chips) 
Seat 6: JonSnow124 ($6.67 in chips) 
Seat 7: Dorex2007 ($5.13 in chips) 
Seat 9: petiribi ($2.67 in chips) 
petiribi: posts small blind $0.02
dc972155: posts big blind $0.05
*** HOLE CARDS ***
Dealt to Dorex2007 [3s As]
Drover98: raises $0.07 to $0.12
Stoke_Wizard: folds 
s0mega: folds 
Glayson035: folds 
JonSnow124: calls $0.12
Dorex2007: folds 
petiribi: folds 
dc972155: folds 
*** FLOP *** [6d Ah Kd]
Drover98: bets $0.15
JonSnow124: calls $0.15
*** TURN *** [6d Ah Kd] [4h]
Drover98: checks 
JonSnow124: checks 
*** RIVER *** [6d Ah Kd 4h] [5s]
Drover98: checks 
JonSnow124: checks 
*** SHOW DOWN ***
Drover98: shows [Qc Qh] (a pair of Queens)
JonSnow124: shows [Kc Qs] (a pair of Kings)
JonSnow124 collected $0.58 from pot
*** SUMMARY ***
Total pot $0.61 | Rake $0.03 
Board [6d Ah Kd 4h 5s]
Seat 1: dc972155 (big blind) folded before Flop
Seat 2: Drover98 showed [Qc Qh] and lost with a pair of Queens
Seat 3: Stoke_Wizard folded before Flop (didn't bet)
Seat 4: s0mega folded before Flop (didn't bet)
Seat 5: Glayson035 folded before Flop (didn't bet)
Seat 6: JonSnow124 showed [Kc Qs] and won ($0.58) with a pair of Kings
Seat 7: Dorex2007 (button) folded before Flop (didn't bet)
Seat 9: petiribi (small blind) folded before Flop



PokerStars Hand #238178463133:  Hold'em No Limit ($0.02/$0.05 USD) - 2022/08/23 16:50:06 PT [2022/08/23 19:50:06 ET]
Table 'Antares IV' 9-max Seat #9 is the button
Seat 1: dc972155 ($5.97 in chips) 
Seat 2: Drover98 ($11.89 in chips) 
Seat 3: Stoke_Wizard ($6.25 in chips) 
Seat 4: s0mega ($3.36 in chips) 
Seat 5: Glayson035 ($1.98 in chips) 
Seat 6: JonSnow124 ($6.98 in chips) 
Seat 7: Dorex2007 ($5.13 in chips) 
Seat 9: petiribi ($2.65 in chips) 
dc972155: posts small blind $0.02
Drover98: posts big blind $0.05
enixblr: sits out 
*** HOLE CARDS ***
Dealt to Dorex2007 [5d Qc]
Stoke_Wizard: folds 
s0mega: folds 
Glayson035: calls $0.05
JonSnow124: folds 
Dorex2007: folds 
petiribi: folds 
dc972155: calls $0.03
Drover98: checks 
*** FLOP *** [4d 2h Tc]
dc972155: checks 
Drover98: bets $0.11
Glayson035: calls $0.11
dc972155: raises $0.24 to $0.35
Drover98: raises $0.71 to $1.06
Glayson035 is disconnected 
Glayson035 is connected 
Glayson035: folds 
dc972155: folds 
Uncalled bet ($0.71) returned to Drover98
Drover98 collected $0.92 from pot
*** SUMMARY ***
Total pot $0.96 | Rake $0.04 
Board [4d 2h Tc]
Seat 1: dc972155 (small blind) folded on the Flop
Seat 2: Drover98 (big blind) collected ($0.92)
Seat 3: Stoke_Wizard folded before Flop (didn't bet)
Seat 4: s0mega folded before Flop (didn't bet)
Seat 5: Glayson035 folded on the Flop
Seat 6: JonSnow124 folded before Flop (didn't bet)
Seat 7: Dorex2007 folded before Flop (didn't bet)
Seat 9: petiribi (button) folded before Flop (didn't bet)



PokerStars Hand #238178486167:  Hold'em No Limit ($0.02/$0.05 USD) - 2022/08/23 16:51:39 PT [2022/08/23 19:51:39 ET]
Table 'Antares IV' 9-max Seat #1 is the button
Seat 1: dc972155 ($5.57 in chips) 
Seat 2: Drover98 ($12.41 in chips) 
Seat 3: Stoke_Wizard ($6.25 in chips) 
Seat 4: s0mega ($3.36 in chips) 
Seat 5: Glayson035 ($1.82 in chips) 
Seat 6: JonSnow124 ($6.98 in chips) 
Seat 7: Dorex2007 ($5.13 in chips) 
Seat 9: petiribi ($2.65 in chips) 
Drover98: posts small blind $0.02
Stoke_Wizard: posts big blind $0.05
enixblr: sits out 
*** HOLE CARDS ***
Dealt to Dorex2007 [4h 8d]
s0mega: folds 
Glayson035: calls $0.05
JonSnow124: calls $0.05
Dorex2007: folds 
petiribi: calls $0.05
dc972155: raises $0.25 to $0.30
Drover98: folds 
Stoke_Wizard: folds 
Glayson035: calls $0.25
JonSnow124: folds 
petiribi: calls $0.25
*** FLOP *** [Ts 2d 9s]
Stoke_Wizard leaves the table
Glayson035: checks 
petiribi: checks 
dc972155: bets $0.65
Glayson035: folds 
petiribi: folds 
Uncalled bet ($0.65) returned to dc972155
dc972155 collected $0.98 from pot
dc972155: doesn't show hand 
*** SUMMARY ***
Total pot $1.02 | Rake $0.04 
Board [Ts 2d 9s]
Seat 1: dc972155 (button) collected ($0.98)
Seat 2: Drover98 (small blind) folded before Flop
Seat 3: Stoke_Wizard (big blind) folded before Flop
Seat 4: s0mega folded before Flop (didn't bet)
Seat 5: Glayson035 folded on the Flop
Seat 6: JonSnow124 folded before Flop
Seat 7: Dorex2007 folded before Flop (didn't bet)
Seat 9: petiribi folded on the Flop



PokerStars Hand #238178500909:  Hold'em No Limit ($0.02/$0.05 USD) - 2022/08/23 16:52:39 PT [2022/08/23 19:52:39 ET]
Table 'Antares IV' 9-max Seat #2 is the button
Seat 1: dc972155 ($6.25 in chips) 
Seat 2: Drover98 ($12.39 in chips) 
Seat 4: s0mega ($3.36 in chips) 
Seat 5: Glayson035 ($1.52 in chips) 
Seat 6: JonSnow124 ($6.93 in chips) 
Seat 7: Dorex2007 ($5.13 in chips) 
Seat 9: petiribi ($2.35 in chips) 
s0mega: posts small blind $0.02
Glayson035: posts big blind $0.05
enixblr: sits out 
*** HOLE CARDS ***
Dealt to Dorex2007 [7h Jc]
JonSnow124: folds 
Dorex2007: folds 
petiribi: folds 
dc972155: folds 
sos fric joins the table at seat #3 
Drover98: folds 
s0mega: folds 
Uncalled bet ($0.03) returned to Glayson035
Glayson035 collected $0.04 from pot
Glayson035: doesn't show hand 
*** SUMMARY ***
Total pot $0.04 | Rake $0 
Seat 1: dc972155 folded before Flop (didn't bet)
Seat 2: Drover98 (button) folded before Flop (didn't bet)
Seat 4: s0mega (small blind) folded before Flop
Seat 5: Glayson035 (big blind) collected ($0.04)
Seat 6: JonSnow124 folded before Flop (didn't bet)
Seat 7: Dorex2007 folded before Flop (didn't bet)
Seat 9: petiribi folded before Flop (didn't bet)



PokerStars Hand #238178504384:  Hold'em No Limit ($0.02/$0.05 USD) - 2022/08/23 16:52:53 PT [2022/08/23 19:52:53 ET]
Table 'Antares IV' 9-max Seat #4 is the button
Seat 1: dc972155 ($6.25 in chips) 
Seat 2: Drover98 ($12.39 in chips) 
Seat 4: s0mega ($3.34 in chips) 
Seat 5: Glayson035 ($1.54 in chips) 
Seat 6: JonSnow124 ($6.93 in chips) 
Seat 7: Dorex2007 ($5.13 in chips) 
Seat 9: petiribi ($2.35 in chips) 
Glayson035: posts small blind $0.02
JonSnow124: posts big blind $0.05
enixblr: sits out 
sos fric: sits out 
*** HOLE CARDS ***
Dealt to Dorex2007 [Kh 9c]
Dorex2007: folds 
petiribi: calls $0.05
dc972155: folds 
Drover98: folds 
s0mega: raises $0.13 to $0.18
Glayson035: folds 
JonSnow124: folds 
petiribi: calls $0.13
*** FLOP *** [Qc Ah Jc]
petiribi: checks 
s0mega: checks 
*** TURN *** [Qc Ah Jc] [2s]
petiribi: checks 
s0mega: bets $0.20
petiribi: calls $0.20
*** RIVER *** [Qc Ah Jc 2s] [Tc]
petiribi: checks 
s0mega: checks 
*** SHOW DOWN ***
petiribi: shows [5c 6c] (a flush, Queen high)
s0mega: mucks hand 
petiribi collected $0.80 from pot
*** SUMMARY ***
Total pot $0.83 | Rake $0.03 
Board [Qc Ah Jc 2s Tc]
Seat 1: dc972155 folded before Flop (didn't bet)
Seat 2: Drover98 folded before Flop (didn't bet)
Seat 4: s0mega (button) mucked [3d Ad]
Seat 5: Glayson035 (small blind) folded before Flop
Seat 6: JonSnow124 (big blind) folded before Flop
Seat 7: Dorex2007 folded before Flop (didn't bet)
Seat 9: petiribi showed [5c 6c] and won ($0.80) with a flush, Queen high



PokerStars Hand #238178513654:  Hold'em No Limit ($0.02/$0.05 USD) - 2022/08/23 16:53:30 PT [2022/08/23 19:53:30 ET]
Table 'Antares IV' 9-max Seat #5 is the button
Seat 1: dc972155 ($6.25 in chips) 
Seat 2: Drover98 ($12.39 in chips) 
Seat 3: sos fric ($6.94 in chips) 
Seat 4: s0mega ($2.96 in chips) 
Seat 5: Glayson035 ($1.52 in chips) 
Seat 6: JonSnow124 ($6.88 in chips) 
Seat 7: Dorex2007 ($5.13 in chips) 
Seat 9: petiribi ($2.77 in chips) 
JonSnow124: posts small blind $0.02
Dorex2007: posts big blind $0.05
enixblr: sits out 
sos fric: posts big blind $0.05
*** HOLE CARDS ***
Dealt to Dorex2007 [Jc 5h]
petiribi: calls $0.05
dc972155: folds 
Drover98: folds 
sos fric: checks 
s0mega: calls $0.05
Glayson035: folds 
JonSnow124: folds 
Dorex2007: checks 
*** FLOP *** [9s Qs 8d]
Dorex2007: checks 
petiribi: checks 
sos fric: checks 
s0mega: bets $0.10
Dorex2007: calls $0.10
petiribi: folds 
sos fric: calls $0.10
*** TURN *** [9s Qs 8d] [8s]
Dorex2007: checks 
sos fric: checks 
s0mega: checks 
*** RIVER *** [9s Qs 8d 8s] [2s]
Dorex2007: checks 
sos fric: checks 
s0mega: bets $0.24
Dorex2007: folds 
sos fric: folds 
Uncalled bet ($0.24) returned to s0mega
s0mega collected $0.50 from pot
s0mega: doesn't show hand 
*** SUMMARY ***
Total pot $0.52 | Rake $0.02 
Board [9s Qs 8d 8s 2s]
Seat 1: dc972155 folded before Flop (didn't bet)
Seat 2: Drover98 folded before Flop (didn't bet)
Seat 3: sos fric folded on the River
Seat 4: s0mega collected ($0.50)
Seat 5: Glayson035 (button) folded before Flop (didn't bet)
Seat 6: JonSnow124 (small blind) folded before Flop
Seat 7: Dorex2007 (big blind) folded on the River
Seat 9: petiribi folded on the Flop



PokerStars Hand #238178526653:  Hold'em No Limit ($0.02/$0.05 USD) - 2022/08/23 16:54:23 PT [2022/08/23 19:54:23 ET]
Table 'Antares IV' 9-max Seat #6 is the button
Seat 1: dc972155 ($6.25 in chips) 
Seat 2: Drover98 ($12.39 in chips) 
Seat 3: sos fric ($6.79 in chips) 
Seat 4: s0mega ($3.31 in chips) 
Seat 5: Glayson035 ($1.52 in chips) 
Seat 6: JonSnow124 ($6.86 in chips) 
Seat 7: Dorex2007 ($5 in chips) 
Seat 8: enixblr ($5 in chips) 
Seat 9: petiribi ($2.72 in chips) 
Dorex2007: posts small blind $0.02
enixblr: posts big blind $0.05
*** HOLE CARDS ***
Dealt to Dorex2007 [5h 6d]
petiribi: calls $0.05
dc972155: raises $0.15 to $0.20
Drover98: folds 
sos fric: folds 
s0mega: folds 
Glayson035: folds 
JonSnow124: folds 
Dorex2007: folds 
enixblr: calls $0.15
petiribi: folds 
*** FLOP *** [2h 5c Jd]
enixblr: checks 
dc972155: checks 
*** TURN *** [2h 5c Jd] [Td]
enixblr: bets $0.34
dc972155: raises $0.51 to $0.85
enixblr: folds 
Uncalled bet ($0.51) returned to dc972155
dc972155 collected $1.10 from pot
dc972155: doesn't show hand 
*** SUMMARY ***
Total pot $1.15 | Rake $0.05 
Board [2h 5c Jd Td]
Seat 1: dc972155 collected ($1.10)
Seat 2: Drover98 folded before Flop (didn't bet)
Seat 3: sos fric folded before Flop (didn't bet)
Seat 4: s0mega folded before Flop (didn't bet)
Seat 5: Glayson035 folded before Flop (didn't bet)
Seat 6: JonSnow124 (button) folded before Flop (didn't bet)
Seat 7: Dorex2007 (small blind) folded before Flop
Seat 8: enixblr (big blind) folded on the Turn
Seat 9: petiribi folded before Flop



PokerStars Hand #238178544094:  Hold'em No Limit ($0.02/$0.05 USD) - 2022/08/23 16:55:37 PT [2022/08/23 19:55:37 ET]
Table 'Antares IV' 9-max Seat #7 is the button
Seat 1: dc972155 ($6.81 in chips) 
Seat 2: Drover98 ($12.39 in chips) 
Seat 3: sos fric ($6.79 in chips) 
Seat 4: s0mega ($3.31 in chips) 
Seat 5: Glayson035 ($1.52 in chips) 
Seat 6: JonSnow124 ($6.86 in chips) 
Seat 7: Dorex2007 ($5 in chips) 
Seat 8: enixblr ($5 in chips) 
Seat 9: petiribi ($2.67 in chips) 
enixblr: posts small blind $0.02
petiribi: posts big blind $0.05
*** HOLE CARDS ***
Dealt to Dorex2007 [Jc 5s]
dc972155: folds 
Drover98: folds 
sos fric: folds 
s0mega: folds 
Glayson035: folds 
JonSnow124: folds 
Dorex2007: folds 
enixblr: folds 
Uncalled bet ($0.03) returned to petiribi
petiribi collected $0.04 from pot
*** SUMMARY ***
Total pot $0.04 | Rake $0 
Seat 1: dc972155 folded before Flop (didn't bet)
Seat 2: Drover98 folded before Flop (didn't bet)
Seat 3: sos fric folded before Flop (didn't bet)
Seat 4: s0mega folded before Flop (didn't bet)
Seat 5: Glayson035 folded before Flop (didn't bet)
Seat 6: JonSnow124 folded before Flop (didn't bet)
Seat 7: Dorex2007 (button) folded before Flop (didn't bet)
Seat 8: enixblr (small blind) folded before Flop
Seat 9: petiribi (big blind) collected ($0.04)



PokerStars Hand #238178548495:  Hold'em No Limit ($0.02/$0.05 USD) - 2022/08/23 16:55:58 PT [2022/08/23 19:55:58 ET]
Table 'Antares IV' 9-max Seat #9 is the button
Seat 1: dc972155 ($6.81 in chips) 
Seat 2: Drover98 ($12.39 in chips) 
Seat 3: sos fric ($6.79 in chips) 
Seat 4: s0mega ($3.31 in chips) 
Seat 5: Glayson035 ($1.52 in chips) 
Seat 6: JonSnow124 ($6.86 in chips) 
Seat 7: Dorex2007 ($5 in chips) 
Seat 9: petiribi ($2.69 in chips) 
dc972155: posts small blind $0.02
Drover98: posts big blind $0.05
*** HOLE CARDS ***
Dealt to Dorex2007 [7h 6h]
sos fric: folds 
s0mega: folds 
Glayson035: raises $0.05 to $0.10
JonSnow124: folds 
Dorex2007: folds 
petiribi has timed out
petiribi: folds 
dc972155: folds 
Drover98: calls $0.05
*** FLOP *** [3h Ks Qs]
Drover98: checks 
Glayson035: checks 
*** TURN *** [3h Ks Qs] [Ah]
Drover98: checks 
Glayson035: bets $0.25
Drover98: calls $0.25
*** RIVER *** [3h Ks Qs Ah] [Ac]
Drover98: checks 
Glayson035: bets $1.17 and is all-in
Drover98: folds 
Uncalled bet ($1.17) returned to Glayson035
Glayson035 collected $0.69 from pot
Glayson035: doesn't show hand 
*** SUMMARY ***
Total pot $0.72 | Rake $0.03 
Board [3h Ks Qs Ah Ac]
Seat 1: dc972155 (small blind) folded before Flop
Seat 2: Drover98 (big blind) folded on the River
Seat 3: sos fric folded before Flop (didn't bet)
Seat 4: s0mega folded before Flop (didn't bet)
Seat 5: Glayson035 collected ($0.69)
Seat 6: JonSnow124 folded before Flop (didn't bet)
Seat 7: Dorex2007 folded before Flop (didn't bet)
Seat 9: petiribi (button) folded before Flop (didn't bet)



PokerStars Hand #238178558713:  Hold'em No Limit ($0.02/$0.05 USD) - 2022/08/23 16:56:48 PT [2022/08/23 19:56:48 ET]
Table 'Antares IV' 9-max Seat #1 is the button
Seat 1: dc972155 ($6.79 in chips) 
Seat 2: Drover98 ($12.04 in chips) 
Seat 3: sos fric ($6.79 in chips) 
Seat 4: s0mega ($3.31 in chips) 
Seat 5: Glayson035 ($1.86 in chips) 
Seat 6: JonSnow124 ($6.86 in chips) 
Seat 7: Dorex2007 ($5 in chips) 
Drover98: posts small blind $0.02
sos fric: posts big blind $0.05
*** HOLE CARDS ***
Dealt to Dorex2007 [7d 9d]
s0mega: folds 
Glayson035: raises $0.05 to $0.10
JonSnow124: folds 
Dorex2007: folds 
dc972155: calls $0.10
Drover98: folds 
sos fric: folds 
*** FLOP *** [Qs 2s Js]
Glayson035: checks 
dc972155: checks 
*** TURN *** [Qs 2s Js] [3d]
Glayson035: checks 
dc972155: checks 
*** RIVER *** [Qs 2s Js 3d] [8s]
Glayson035: checks 
dc972155: bets $0.20
Glayson035: folds 
Uncalled bet ($0.20) returned to dc972155
dc972155 collected $0.26 from pot
dc972155: doesn't show hand 
*** SUMMARY ***
Total pot $0.27 | Rake $0.01 
Board [Qs 2s Js 3d 8s]
Seat 1: dc972155 (button) collected ($0.26)
Seat 2: Drover98 (small blind) folded before Flop
Seat 3: sos fric (big blind) folded before Flop
Seat 4: s0mega folded before Flop (didn't bet)
Seat 5: Glayson035 folded on the River
Seat 6: JonSnow124 folded before Flop (didn't bet)
Seat 7: Dorex2007 folded before Flop (didn't bet)



PokerStars Hand #238178566110:  Hold'em No Limit ($0.02/$0.05 USD) - 2022/08/23 16:57:24 PT [2022/08/23 19:57:24 ET]
Table 'Antares IV' 9-max Seat #2 is the button
Seat 1: dc972155 ($6.95 in chips) 
Seat 2: Drover98 ($12.02 in chips) 
Seat 3: sos fric ($6.74 in chips) 
Seat 4: s0mega ($3.31 in chips) 
Seat 5: Glayson035 ($1.76 in chips) 
Seat 6: JonSnow124 ($6.86 in chips) 
Seat 7: Dorex2007 ($5 in chips) 
sos fric: posts small blind $0.02
s0mega: posts big blind $0.05
*** HOLE CARDS ***
Dealt to Dorex2007 [4c Td]
Glayson035: folds 
JonSnow124: raises $0.10 to $0.15
Dorex2007: folds 
dc972155: folds 
Drover98: raises $0.31 to $0.46
sos fric: folds 
s0mega: folds 
JonSnow124: folds 
Uncalled bet ($0.31) returned to Drover98
Drover98 collected $0.37 from pot
*** SUMMARY ***
Total pot $0.37 | Rake $0 
Seat 1: dc972155 folded before Flop (didn't bet)
Seat 2: Drover98 (button) collected ($0.37)
Seat 3: sos fric (small blind) folded before Flop
Seat 4: s0mega (big blind) folded before Flop
Seat 5: Glayson035 folded before Flop (didn't bet)
Seat 6: JonSnow124 folded before Flop
Seat 7: Dorex2007 folded before Flop (didn't bet)



PokerStars Hand #238178573513:  Hold'em No Limit ($0.02/$0.05 USD) - 2022/08/23 16:57:49 PT [2022/08/23 19:57:49 ET]
Table 'Antares IV' 9-max Seat #3 is the button
Seat 1: dc972155 ($6.95 in chips) 
Seat 2: Drover98 ($12.24 in chips) 
Seat 3: sos fric ($6.72 in chips) 
Seat 4: s0mega ($3.26 in chips) 
Seat 5: Glayson035 ($1.76 in chips) 
Seat 6: JonSnow124 ($6.71 in chips) 
Seat 7: Dorex2007 ($5 in chips) 
Seat 9: petiribi ($2.69 in chips) 
s0mega: posts small blind $0.02
Glayson035: posts big blind $0.05
*** HOLE CARDS ***
Dealt to Dorex2007 [Ad 7s]
JonSnow124: folds 
Dorex2007: folds 
petiribi: folds 
dc972155: folds 
Drover98: folds 
sos fric: folds 
s0mega: folds 
Uncalled bet ($0.03) returned to Glayson035
Glayson035 collected $0.04 from pot
Glayson035: doesn't show hand 
*** SUMMARY ***
Total pot $0.04 | Rake $0 
Seat 1: dc972155 folded before Flop (didn't bet)
Seat 2: Drover98 folded before Flop (didn't bet)
Seat 3: sos fric (button) folded before Flop (didn't bet)
Seat 4: s0mega (small blind) folded before Flop
Seat 5: Glayson035 (big blind) collected ($0.04)
Seat 6: JonSnow124 folded before Flop (didn't bet)
Seat 7: Dorex2007 folded before Flop (didn't bet)
Seat 9: petiribi folded before Flop (didn't bet)



PokerStars Hand #238178576431:  Hold'em No Limit ($0.02/$0.05 USD) - 2022/08/23 16:58:03 PT [2022/08/23 19:58:03 ET]
Table 'Antares IV' 9-max Seat #4 is the button
Seat 1: dc972155 ($6.95 in chips) 
Seat 2: Drover98 ($12.24 in chips) 
Seat 3: sos fric ($6.72 in chips) 
Seat 4: s0mega ($3.24 in chips) 
Seat 5: Glayson035 ($1.78 in chips) 
Seat 6: JonSnow124 ($6.71 in chips) 
Seat 7: Dorex2007 ($5 in chips) 
Seat 9: petiribi ($2.69 in chips) 
Glayson035: posts small blind $0.02
JonSnow124: posts big blind $0.05
*** HOLE CARDS ***
Dealt to Dorex2007 [3s Kc]
Dorex2007: folds 
petiribi: folds 
dc972155: folds 
Drover98: folds 
sos fric: folds 
s0mega: raises $0.07 to $0.12
Glayson035: folds 
JonSnow124: folds 
Uncalled bet ($0.07) returned to s0mega
s0mega collected $0.12 from pot
s0mega: doesn't show hand 
*** SUMMARY ***
Total pot $0.12 | Rake $0 
Seat 1: dc972155 folded before Flop (didn't bet)
Seat 2: Drover98 folded before Flop (didn't bet)
Seat 3: sos fric folded before Flop (didn't bet)
Seat 4: s0mega (button) collected ($0.12)
Seat 5: Glayson035 (small blind) folded before Flop
Seat 6: JonSnow124 (big blind) folded before Flop
Seat 7: Dorex2007 folded before Flop (didn't bet)
Seat 9: petiribi folded before Flop (didn't bet)



PokerStars Hand #238178580077:  Hold'em No Limit ($0.02/$0.05 USD) - 2022/08/23 16:58:21 PT [2022/08/23 19:58:21 ET]
Table 'Antares IV' 9-max Seat #5 is the button
Seat 1: dc972155 ($6.95 in chips) 
Seat 2: Drover98 ($12.24 in chips) 
Seat 3: sos fric ($6.72 in chips) 
Seat 4: s0mega ($3.31 in chips) 
Seat 5: Glayson035 ($1.76 in chips) 
Seat 6: JonSnow124 ($6.66 in chips) 
Seat 7: Dorex2007 ($5 in chips) 
Seat 9: petiribi ($2.69 in chips) 
JonSnow124: posts small blind $0.02
Dorex2007: posts big blind $0.05
*** HOLE CARDS ***
Dealt to Dorex2007 [7c 8s]
petiribi: folds 
dc972155: folds 
Drover98: folds 
sos fric: folds 
s0mega: folds 
Glayson035: folds 
JonSnow124: folds 
Uncalled bet ($0.03) returned to Dorex2007
Dorex2007 collected $0.04 from pot
Dorex2007: doesn't show hand 
*** SUMMARY ***
Total pot $0.04 | Rake $0 
Seat 1: dc972155 folded before Flop (didn't bet)
Seat 2: Drover98 folded before Flop (didn't bet)
Seat 3: sos fric folded before Flop (didn't bet)
Seat 4: s0mega folded before Flop (didn't bet)
Seat 5: Glayson035 (button) folded before Flop (didn't bet)
Seat 6: JonSnow124 (small blind) folded before Flop
Seat 7: Dorex2007 (big blind) collected ($0.04)
Seat 9: petiribi folded before Flop (didn't bet)



PokerStars Hand #238178582597:  Hold'em No Limit ($0.02/$0.05 USD) - 2022/08/23 16:58:33 PT [2022/08/23 19:58:33 ET]
Table 'Antares IV' 9-max Seat #6 is the button
Seat 1: dc972155 ($6.95 in chips) 
Seat 2: Drover98 ($12.24 in chips) 
Seat 3: sos fric ($6.72 in chips) 
Seat 4: s0mega ($3.31 in chips) 
Seat 5: Glayson035 ($1.76 in chips) 
Seat 6: JonSnow124 ($6.64 in chips) 
Seat 7: Dorex2007 ($5.02 in chips) 
Seat 9: petiribi ($2.69 in chips) 
Dorex2007: posts small blind $0.02
petiribi: posts big blind $0.05
*** HOLE CARDS ***
Dealt to Dorex2007 [5s 7s]
dc972155: folds 
Drover98: folds 
sos fric: raises $0.10 to $0.15
s0mega: folds 
Glayson035: calls $0.15
JonSnow124: folds 
Dorex2007: folds 
petiribi: folds 
*** FLOP *** [Qd 5c 6h]
sos fric: checks 
Glayson035: checks 
*** TURN *** [Qd 5c 6h] [Qs]
sos fric: bets $0.20
Glayson035: folds 
Uncalled bet ($0.20) returned to sos fric
sos fric collected $0.35 from pot
sos fric: doesn't show hand 
*** SUMMARY ***
Total pot $0.37 | Rake $0.02 
Board [Qd 5c 6h Qs]
Seat 1: dc972155 folded before Flop (didn't bet)
Seat 2: Drover98 folded before Flop (didn't bet)
Seat 3: sos fric collected ($0.35)
Seat 4: s0mega folded before Flop (didn't bet)
Seat 5: Glayson035 folded on the Turn
Seat 6: JonSnow124 (button) folded before Flop (didn't bet)
Seat 7: Dorex2007 (small blind) folded before Flop
Seat 9: petiribi (big blind) folded before Flop



PokerStars Hand #238178591493:  Hold'em No Limit ($0.02/$0.05 USD) - 2022/08/23 16:59:17 PT [2022/08/23 19:59:17 ET]
Table 'Antares IV' 9-max Seat #7 is the button
Seat 1: dc972155 ($6.95 in chips) 
Seat 2: Drover98 ($12.24 in chips) 
Seat 3: sos fric ($6.92 in chips) 
Seat 4: s0mega ($3.31 in chips) 
Seat 5: Glayson035 ($1.61 in chips) 
Seat 6: JonSnow124 ($6.64 in chips) 
Seat 7: Dorex2007 ($5 in chips) 
Seat 9: petiribi ($2.64 in chips) 
petiribi: posts small blind $0.02
dc972155: posts big blind $0.05
*** HOLE CARDS ***
Dealt to Dorex2007 [Th 2c]
Drover98: folds 
sos fric: raises $0.10 to $0.15
s0mega: folds 
Glayson035: folds 
JonSnow124: folds 
Dorex2007: folds 
petiribi: folds 
dc972155: folds 
Uncalled bet ($0.10) returned to sos fric
sos fric collected $0.12 from pot
sos fric: doesn't show hand 
*** SUMMARY ***
Total pot $0.12 | Rake $0 
Seat 1: dc972155 (big blind) folded before Flop
Seat 2: Drover98 folded before Flop (didn't bet)
Seat 3: sos fric collected ($0.12)
Seat 4: s0mega folded before Flop (didn't bet)
Seat 5: Glayson035 folded before Flop (didn't bet)
Seat 6: JonSnow124 folded before Flop (didn't bet)
Seat 7: Dorex2007 (button) folded before Flop (didn't bet)
Seat 9: petiribi (small blind) folded before Flop



PokerStars Hand #238178594439:  Hold'em No Limit ($0.02/$0.05 USD) - 2022/08/23 16:59:31 PT [2022/08/23 19:59:31 ET]
Table 'Antares IV' 9-max Seat #9 is the button
Seat 1: dc972155 ($6.90 in chips) 
Seat 2: Drover98 ($12.24 in chips) 
Seat 3: sos fric ($6.99 in chips) 
Seat 4: s0mega ($3.31 in chips) 
Seat 5: Glayson035 ($1.61 in chips) 
Seat 6: JonSnow124 ($6.64 in chips) 
Seat 7: Dorex2007 ($5 in chips) 
Seat 9: petiribi ($2.62 in chips) 
dc972155: posts small blind $0.02
Drover98: posts big blind $0.05
enixblr: sits out 
*** HOLE CARDS ***
Dealt to Dorex2007 [3c Kd]
sos fric: raises $0.10 to $0.15
s0mega: folds 
Glayson035: folds 
JonSnow124: folds 
Dorex2007: folds 
petiribi: folds 
dc972155: folds 
Drover98: folds 
Uncalled bet ($0.10) returned to sos fric
sos fric collected $0.12 from pot
sos fric: doesn't show hand 
*** SUMMARY ***
Total pot $0.12 | Rake $0 
Seat 1: dc972155 (small blind) folded before Flop
Seat 2: Drover98 (big blind) folded before Flop
Seat 3: sos fric collected ($0.12)
Seat 4: s0mega folded before Flop (didn't bet)
Seat 5: Glayson035 folded before Flop (didn't bet)
Seat 6: JonSnow124 folded before Flop (didn't bet)
Seat 7: Dorex2007 folded before Flop (didn't bet)
Seat 9: petiribi (button) folded before Flop (didn't bet)



PokerStars Hand #238178597713:  Hold'em No Limit ($0.02/$0.05 USD) - 2022/08/23 16:59:47 PT [2022/08/23 19:59:47 ET]
Table 'Antares IV' 9-max Seat #1 is the button
Seat 1: dc972155 ($6.88 in chips) 
Seat 2: Drover98 ($12.19 in chips) 
Seat 3: sos fric ($7.06 in chips) 
Seat 4: s0mega ($3.31 in chips) 
Seat 5: Glayson035 ($1.61 in chips) 
Seat 6: JonSnow124 ($6.64 in chips) 
Seat 7: Dorex2007 ($5 in chips) 
Seat 9: petiribi ($2.62 in chips) 
Drover98: posts small blind $0.02
sos fric: posts big blind $0.05
enixblr: sits out 
*** HOLE CARDS ***
Dealt to Dorex2007 [3s 8s]
s0mega: folds 
Glayson035: raises $0.05 to $0.10
JonSnow124: folds 
Dorex2007: folds 
petiribi: folds 
dc972155: folds 
Drover98: calls $0.08
sos fric: folds 
*** FLOP *** [Td 6c Ts]
Drover98: checks 
Glayson035: checks 
*** TURN *** [Td 6c Ts] [As]
Drover98: checks 
Glayson035: checks 
*** RIVER *** [Td 6c Ts As] [9c]
Drover98: checks 
Glayson035: checks 
*** SHOW DOWN ***
Drover98: shows [2d 2c] (two pair, Tens and Deuces)
Glayson035: mucks hand 
Drover98 collected $0.24 from pot
*** SUMMARY ***
Total pot $0.25 | Rake $0.01 
Board [Td 6c Ts As 9c]
Seat 1: dc972155 (button) folded before Flop (didn't bet)
Seat 2: Drover98 (small blind) showed [2d 2c] and won ($0.24) with two pair, Tens and Deuces
Seat 3: sos fric (big blind) folded before Flop
Seat 4: s0mega folded before Flop (didn't bet)
Seat 5: Glayson035 mucked [Js Qd]
Seat 6: JonSnow124 folded before Flop (didn't bet)
Seat 7: Dorex2007 folded before Flop (didn't bet)
Seat 9: petiribi folded before Flop (didn't bet)



PokerStars Hand #238178605680:  Hold'em No Limit ($0.02/$0.05 USD) - 2022/08/23 17:00:26 PT [2022/08/23 20:00:26 ET]
Table 'Antares IV' 9-max Seat #2 is the button
Seat 1: dc972155 ($6.88 in chips) 
Seat 2: Drover98 ($12.33 in chips) 
Seat 3: sos fric ($7.01 in chips) 
Seat 4: s0mega ($3.31 in chips) 
Seat 5: Glayson035 ($1.51 in chips) 
Seat 6: JonSnow124 ($6.64 in chips) 
Seat 7: Dorex2007 ($5 in chips) 
Seat 9: petiribi ($2.62 in chips) 
sos fric: posts small blind $0.02
s0mega: posts big blind $0.05
enixblr: sits out 
*** HOLE CARDS ***
Dealt to Dorex2007 [4s Th]
Glayson035: folds 
JonSnow124: folds 
Dorex2007: folds 
petiribi: folds 
dc972155: folds 
Drover98: raises $0.07 to $0.12
sos fric: folds 
s0mega: calls $0.07
*** FLOP *** [4h Ad 6h]
s0mega: checks 
Drover98: checks 
*** TURN *** [4h Ad 6h] [Kc]
s0mega: checks 
Drover98: checks 
*** RIVER *** [4h Ad 6h Kc] [Kd]
s0mega: checks 
Drover98: checks 
*** SHOW DOWN ***
s0mega: shows [Qc 9d] (a pair of Kings)
Drover98: shows [5s 6s] (two pair, Kings and Sixes)
Drover98 collected $0.25 from pot
*** SUMMARY ***
Total pot $0.26 | Rake $0.01 
Board [4h Ad 6h Kc Kd]
Seat 1: dc972155 folded before Flop (didn't bet)
Seat 2: Drover98 (button) showed [5s 6s] and won ($0.25) with two pair, Kings and Sixes
Seat 3: sos fric (small blind) folded before Flop
Seat 4: s0mega (big blind) showed [Qc 9d] and lost with a pair of Kings
Seat 5: Glayson035 folded before Flop (didn't bet)
Seat 6: JonSnow124 folded before Flop (didn't bet)
Seat 7: Dorex2007 folded before Flop (didn't bet)
Seat 9: petiribi folded before Flop (didn't bet)



PokerStars Hand #238178613102:  Hold'em No Limit ($0.02/$0.05 USD) - 2022/08/23 17:00:59 PT [2022/08/23 20:00:59 ET]
Table 'Antares IV' 9-max Seat #3 is the button
Seat 1: dc972155 ($6.88 in chips) 
Seat 2: Drover98 ($12.46 in chips) 
Seat 3: sos fric ($6.99 in chips) 
Seat 4: s0mega ($3.19 in chips) 
Seat 5: Glayson035 ($1.51 in chips) 
Seat 6: JonSnow124 ($6.64 in chips) 
Seat 7: Dorex2007 ($5 in chips) 
Seat 9: petiribi ($2.62 in chips) 
s0mega: posts small blind $0.02
Glayson035: posts big blind $0.05
enixblr: sits out 
*** HOLE CARDS ***
Dealt to Dorex2007 [6c 9c]
JonSnow124: folds 
Dorex2007: folds 
petiribi: folds 
dc972155: raises $0.10 to $0.15
Drover98: folds 
sos fric: folds 
enixblr leaves the table
s0mega: folds 
Glayson035: folds 
Uncalled bet ($0.10) returned to dc972155
dc972155 collected $0.12 from pot
dc972155: doesn't show hand 
*** SUMMARY ***
Total pot $0.12 | Rake $0 
Seat 1: dc972155 collected ($0.12)
Seat 2: Drover98 folded before Flop (didn't bet)
Seat 3: sos fric (button) folded before Flop (didn't bet)
Seat 4: s0mega (small blind) folded before Flop
Seat 5: Glayson035 (big blind) folded before Flop
Seat 6: JonSnow124 folded before Flop (didn't bet)
Seat 7: Dorex2007 folded before Flop (didn't bet)
Seat 9: petiribi folded before Flop (didn't bet)



PokerStars Hand #238178618561:  Hold'em No Limit ($0.02/$0.05 USD) - 2022/08/23 17:01:22 PT [2022/08/23 20:01:22 ET]
Table 'Antares IV' 9-max Seat #4 is the button
Seat 1: dc972155 ($6.95 in chips) 
Seat 2: Drover98 ($12.46 in chips) 
Seat 3: sos fric ($6.99 in chips) 
Seat 4: s0mega ($3.17 in chips) 
Seat 5: Glayson035 ($1.46 in chips) 
Seat 6: JonSnow124 ($6.64 in chips) 
Seat 7: Dorex2007 ($5 in chips) 
Seat 9: petiribi ($2.62 in chips) 
Glayson035: posts small blind $0.02
JonSnow124: posts big blind $0.05
*** HOLE CARDS ***
Dealt to Dorex2007 [Td 8c]
Dorex2007: folds 
petiribi: folds 
dc972155: folds 
Drover98: folds 
sos fric: folds 
s0mega: raises $0.07 to $0.12
Glayson035: folds 
JonSnow124: folds 
Uncalled bet ($0.07) returned to s0mega
s0mega collected $0.12 from pot
s0mega: doesn't show hand 
*** SUMMARY ***
Total pot $0.12 | Rake $0 
Seat 1: dc972155 folded before Flop (didn't bet)
Seat 2: Drover98 folded before Flop (didn't bet)
Seat 3: sos fric folded before Flop (didn't bet)
Seat 4: s0mega (button) collected ($0.12)
Seat 5: Glayson035 (small blind) folded before Flop
Seat 6: JonSnow124 (big blind) folded before Flop
Seat 7: Dorex2007 folded before Flop (didn't bet)
Seat 9: petiribi folded before Flop (didn't bet)



PokerStars Hand #238178624418:  Hold'em No Limit ($0.02/$0.05 USD) - 2022/08/23 17:01:47 PT [2022/08/23 20:01:47 ET]
Table 'Antares IV' 9-max Seat #5 is the button
Seat 1: dc972155 ($6.95 in chips) 
Seat 2: Drover98 ($12.46 in chips) 
Seat 3: sos fric ($6.99 in chips) 
Seat 4: s0mega ($3.24 in chips) 
Seat 5: Glayson035 ($1.44 in chips) 
Seat 6: JonSnow124 ($6.59 in chips) 
Seat 7: Dorex2007 ($5 in chips) 
Seat 9: petiribi ($2.62 in chips) 
JonSnow124: posts small blind $0.02
Dorex2007: posts big blind $0.05
*** HOLE CARDS ***
Dealt to Dorex2007 [4d 4h]
petiribi: folds 
dc972155: folds 
Drover98: folds 
sos fric: folds 
felipesbo joins the table at seat #8 
s0mega: folds 
Glayson035 has timed out
Glayson035: folds 
JonSnow124: folds 
Uncalled bet ($0.03) returned to Dorex2007
Dorex2007 collected $0.04 from pot
Dorex2007: doesn't show hand 
*** SUMMARY ***
Total pot $0.04 | Rake $0 
Seat 1: dc972155 folded before Flop (didn't bet)
Seat 2: Drover98 folded before Flop (didn't bet)
Seat 3: sos fric folded before Flop (didn't bet)
Seat 4: s0mega folded before Flop (didn't bet)
Seat 5: Glayson035 (button) folded before Flop (didn't bet)
Seat 6: JonSnow124 (small blind) folded before Flop
Seat 7: Dorex2007 (big blind) collected ($0.04)
Seat 9: petiribi folded before Flop (didn't bet)



PokerStars Hand #238178630088:  Hold'em No Limit ($0.02/$0.05 USD) - 2022/08/23 17:02:10 PT [2022/08/23 20:02:10 ET]
Table 'Antares IV' 9-max Seat #6 is the button
Seat 1: dc972155 ($6.95 in chips) 
Seat 2: Drover98 ($12.46 in chips) 
Seat 3: sos fric ($6.99 in chips) 
Seat 4: s0mega ($3.24 in chips) 
Seat 5: Glayson035 ($1.44 in chips) 
Seat 6: JonSnow124 ($6.57 in chips) 
Seat 7: Dorex2007 ($5.02 in chips) 
Seat 8: felipesbo ($5 in chips) 
Seat 9: petiribi ($2.62 in chips) 
Dorex2007: posts small blind $0.02
felipesbo: posts big blind $0.05
*** HOLE CARDS ***
Dealt to Dorex2007 [Tc 7c]
petiribi: folds 
dc972155: folds 
Drover98: folds 
sos fric: raises $0.10 to $0.15
s0mega: calls $0.15
Glayson035: folds 
JonSnow124: calls $0.15
Dorex2007: folds 
felipesbo: folds 
*** FLOP *** [3d 8d 9d]
sos fric: checks 
s0mega: checks 
JonSnow124: checks 
*** TURN *** [3d 8d 9d] [2h]
sos fric: bets $0.30
s0mega: folds 
JonSnow124: calls $0.30
*** RIVER *** [3d 8d 9d 2h] [Kh]
sos fric: checks 
JonSnow124: bets $0.53
sos fric: calls $0.53
*** SHOW DOWN ***
JonSnow124: shows [Ad Qd] (a flush, Ace high)
sos fric: mucks hand 
JonSnow124 collected $2.09 from pot
*** SUMMARY ***
Total pot $2.18 | Rake $0.09 
Board [3d 8d 9d 2h Kh]
Seat 1: dc972155 folded before Flop (didn't bet)
Seat 2: Drover98 folded before Flop (didn't bet)
Seat 3: sos fric mucked [Ah As]
Seat 4: s0mega folded on the Turn
Seat 5: Glayson035 folded before Flop (didn't bet)
Seat 6: JonSnow124 (button) showed [Ad Qd] and won ($2.09) with a flush, Ace high
Seat 7: Dorex2007 (small blind) folded before Flop
Seat 8: felipesbo (big blind) folded before Flop
Seat 9: petiribi folded before Flop (didn't bet)



PokerStars Hand #238178641586:  Hold'em No Limit ($0.02/$0.05 USD) - 2022/08/23 17:02:58 PT [2022/08/23 20:02:58 ET]
Table 'Antares IV' 9-max Seat #7 is the button
Seat 1: dc972155 ($6.95 in chips) 
Seat 2: Drover98 ($12.46 in chips) 
Seat 3: sos fric ($6.01 in chips) 
Seat 4: s0mega ($3.09 in chips) 
Seat 5: Glayson035 ($1.44 in chips) 
Seat 6: JonSnow124 ($7.68 in chips) 
Seat 7: Dorex2007 ($5 in chips) 
Seat 8: felipesbo ($5 in chips) 
Seat 9: petiribi ($2.62 in chips) 
felipesbo: posts small blind $0.02
petiribi: posts big blind $0.05
*** HOLE CARDS ***
Dealt to Dorex2007 [6c Ah]
dc972155: raises $0.10 to $0.15
Drover98: folds 
sos fric: folds 
s0mega: raises $0.29 to $0.44
Glayson035: folds 
JonSnow124: folds 
Dorex2007: folds 
felipesbo: folds 
petiribi: folds 
dc972155: folds 
Uncalled bet ($0.29) returned to s0mega
s0mega collected $0.37 from pot
s0mega: doesn't show hand 
*** SUMMARY ***
Total pot $0.37 | Rake $0 
Seat 1: dc972155 folded before Flop
Seat 2: Drover98 folded before Flop (didn't bet)
Seat 3: sos fric folded before Flop (didn't bet)
Seat 4: s0mega collected ($0.37)
Seat 5: Glayson035 folded before Flop (didn't bet)
Seat 6: JonSnow124 folded before Flop (didn't bet)
Seat 7: Dorex2007 (button) folded before Flop (didn't bet)
Seat 8: felipesbo (small blind) folded before Flop
Seat 9: petiribi (big blind) folded before Flop



PokerStars Hand #238178646211:  Hold'em No Limit ($0.02/$0.05 USD) - 2022/08/23 17:03:17 PT [2022/08/23 20:03:17 ET]
Table 'Antares IV' 9-max Seat #8 is the button
Seat 1: dc972155 ($6.80 in chips) 
Seat 2: Drover98 ($12.46 in chips) 
Seat 3: sos fric ($6.01 in chips) 
Seat 4: s0mega ($3.31 in chips) 
Seat 5: Glayson035 ($1.44 in chips) 
Seat 6: JonSnow124 ($7.68 in chips) 
Seat 7: Dorex2007 ($5 in chips) 
Seat 8: felipesbo ($5 in chips) 
Seat 9: petiribi ($2.57 in chips) 
petiribi: posts small blind $0.02
dc972155: posts big blind $0.05
*** HOLE CARDS ***
Dealt to Dorex2007 [9d 8d]
Drover98: folds 
Drover98 leaves the table
sos fric: folds 
s0mega: folds 
Glayson035: calls $0.05
JonSnow124: raises $0.15 to $0.20
Dorex2007: folds 
felipesbo: folds 
petiribi: folds 
dc972155: folds 
Glayson035: calls $0.15
*** FLOP *** [Jc 2h Ah]
Glayson035: checks 
JonSnow124: bets $0.22
agueropz1 joins the table at seat #2 
Glayson035: folds 
Uncalled bet ($0.22) returned to JonSnow124
JonSnow124 collected $0.45 from pot
JonSnow124: doesn't show hand 
*** SUMMARY ***
Total pot $0.47 | Rake $0.02 
Board [Jc 2h Ah]
Seat 1: dc972155 (big blind) folded before Flop
Seat 2: Drover98 folded before Flop (didn't bet)
Seat 3: sos fric folded before Flop (didn't bet)
Seat 4: s0mega folded before Flop (didn't bet)
Seat 5: Glayson035 folded on the Flop
Seat 6: JonSnow124 collected ($0.45)
Seat 7: Dorex2007 folded before Flop (didn't bet)
Seat 8: felipesbo (button) folded before Flop (didn't bet)
Seat 9: petiribi (small blind) folded before Flop



PokerStars Hand #238178656842:  Hold'em No Limit ($0.02/$0.05 USD) - 2022/08/23 17:04:01 PT [2022/08/23 20:04:01 ET]
Table 'Antares IV' 9-max Seat #9 is the button
Seat 1: dc972155 ($6.75 in chips) 
Seat 2: agueropz1 ($5 in chips) 
Seat 3: sos fric ($6.01 in chips) 
Seat 4: s0mega ($3.31 in chips) 
Seat 5: Glayson035 ($1.24 in chips) 
Seat 6: JonSnow124 ($7.93 in chips) 
Seat 7: Dorex2007 ($5 in chips) 
Seat 8: felipesbo ($5 in chips) 
Seat 9: petiribi ($2.55 in chips) 
dc972155: posts small blind $0.02
agueropz1: posts big blind $0.05
*** HOLE CARDS ***
Dealt to Dorex2007 [Qh Ks]
sos fric: folds 
s0mega: raises $0.07 to $0.12
Glayson035: folds 
JonSnow124: folds 
Dorex2007: calls $0.12
felipesbo: folds 
petiribi: folds 
dc972155: folds 
agueropz1: raises $0.43 to $0.55
s0mega: folds 
Dorex2007: folds 
Uncalled bet ($0.43) returned to agueropz1
agueropz1 collected $0.38 from pot
agueropz1: doesn't show hand 
*** SUMMARY ***
Total pot $0.38 | Rake $0 
Seat 1: dc972155 (small blind) folded before Flop
Seat 2: agueropz1 (big blind) collected ($0.38)
Seat 3: sos fric folded before Flop (didn't bet)
Seat 4: s0mega folded before Flop
Seat 5: Glayson035 folded before Flop (didn't bet)
Seat 6: JonSnow124 folded before Flop (didn't bet)
Seat 7: Dorex2007 folded before Flop
Seat 8: felipesbo folded before Flop (didn't bet)
Seat 9: petiribi (button) folded before Flop (didn't bet)



PokerStars Hand #238178667382:  Hold'em No Limit ($0.02/$0.05 USD) - 2022/08/23 17:04:44 PT [2022/08/23 20:04:44 ET]
Table 'Antares IV' 9-max Seat #1 is the button
Seat 1: dc972155 ($6.73 in chips) 
Seat 2: agueropz1 ($5.26 in chips) 
Seat 3: sos fric ($6.01 in chips) 
Seat 4: s0mega ($3.19 in chips) 
Seat 5: Glayson035 ($1.24 in chips) 
Seat 6: JonSnow124 ($7.93 in chips) 
Seat 7: Dorex2007 ($5 in chips) 
Seat 8: felipesbo ($5 in chips) 
Seat 9: petiribi ($2.55 in chips) 
agueropz1: posts small blind $0.02
sos fric: posts big blind $0.05
*** HOLE CARDS ***
Dealt to Dorex2007 [8d 3s]
s0mega: calls $0.05
Glayson035 has timed out
Glayson035: folds 
JonSnow124: folds 
Dorex2007: folds 
felipesbo: folds 
petiribi: calls $0.05
dc972155: folds 
agueropz1: calls $0.03
sos fric: checks 
*** FLOP *** [Qd Kh 7d]
agueropz1: checks 
sos fric: checks 
s0mega: checks 
petiribi: checks 
*** TURN *** [Qd Kh 7d] [5c]
agueropz1: bets $0.15
sos fric: folds 
s0mega: folds 
petiribi: calls $0.15
*** RIVER *** [Qd Kh 7d 5c] [6d]
agueropz1: checks 
petiribi: checks 
*** SHOW DOWN ***
agueropz1: shows [8s 7h] (a pair of Sevens)
petiribi: mucks hand 
agueropz1 collected $0.48 from pot
*** SUMMARY ***
Total pot $0.50 | Rake $0.02 
Board [Qd Kh 7d 5c 6d]
Seat 1: dc972155 (button) folded before Flop (didn't bet)
Seat 2: agueropz1 (small blind) showed [8s 7h] and won ($0.48) with a pair of Sevens
Seat 3: sos fric (big blind) folded on the Turn
Seat 4: s0mega folded on the Turn
Seat 5: Glayson035 folded before Flop (didn't bet)
Seat 6: JonSnow124 folded before Flop (didn't bet)
Seat 7: Dorex2007 folded before Flop (didn't bet)
Seat 8: felipesbo folded before Flop (didn't bet)
Seat 9: petiribi mucked [Td Jh]



PokerStars Hand #238178688625:  Hold'em No Limit ($0.02/$0.05 USD) - 2022/08/23 17:05:54 PT [2022/08/23 20:05:54 ET]
Table 'Antares IV' 9-max Seat #2 is the button
Seat 1: dc972155 ($6.73 in chips) 
Seat 2: agueropz1 ($5.54 in chips) 
Seat 3: sos fric ($5.96 in chips) 
Seat 4: s0mega ($3.14 in chips) 
Seat 5: Glayson035 ($1.24 in chips) 
Seat 6: JonSnow124 ($7.93 in chips) 
Seat 7: Dorex2007 ($5 in chips) 
Seat 8: felipesbo ($5 in chips) 
Seat 9: petiribi ($2.35 in chips) 
sos fric: posts small blind $0.02
s0mega: posts big blind $0.05
*** HOLE CARDS ***
Dealt to Dorex2007 [7s 2h]
Glayson035: folds 
JonSnow124: folds 
Dorex2007: folds 
felipesbo: folds 
petiribi: raises $0.15 to $0.20
dc972155: folds 
agueropz1: raises $0.15 to $0.35
sos fric: folds 
s0mega: folds 
petiribi: calls $0.15
*** FLOP *** [9h 5h Ad]
petiribi: checks 
agueropz1: bets $0.25
petiribi: folds 
Uncalled bet ($0.25) returned to agueropz1
agueropz1 collected $0.74 from pot
agueropz1: doesn't show hand 
*** SUMMARY ***
Total pot $0.77 | Rake $0.03 
Board [9h 5h Ad]
Seat 1: dc972155 folded before Flop (didn't bet)
Seat 2: agueropz1 (button) collected ($0.74)
Seat 3: sos fric (small blind) folded before Flop
Seat 4: s0mega (big blind) folded before Flop
Seat 5: Glayson035 folded before Flop (didn't bet)
Seat 6: JonSnow124 folded before Flop (didn't bet)
Seat 7: Dorex2007 folded before Flop (didn't bet)
Seat 8: felipesbo folded before Flop (didn't bet)
Seat 9: petiribi folded on the Flop



PokerStars Hand #238178708987:  Hold'em No Limit ($0.02/$0.05 USD) - 2022/08/23 17:06:38 PT [2022/08/23 20:06:38 ET]
Table 'Antares IV' 9-max Seat #3 is the button
Seat 1: dc972155 ($6.73 in chips) 
Seat 2: agueropz1 ($5.93 in chips) 
Seat 3: sos fric ($5.94 in chips) 
Seat 4: s0mega ($3.09 in chips) 
Seat 5: Glayson035 ($1.24 in chips) 
Seat 6: JonSnow124 ($7.93 in chips) 
Seat 7: Dorex2007 ($5 in chips) 
Seat 8: felipesbo ($5 in chips) 
Seat 9: petiribi ($2 in chips) 
s0mega: posts small blind $0.02
Glayson035: posts big blind $0.05
*** HOLE CARDS ***
Dealt to Dorex2007 [9d Qd]
JonSnow124: folds 
Dorex2007: folds 
felipesbo: folds 
petiribi: folds 
dc972155: folds 
agueropz1: raises $0.15 to $0.20
sos fric: folds 
s0mega: folds 
Glayson035: folds 
Uncalled bet ($0.15) returned to agueropz1
agueropz1 collected $0.12 from pot
agueropz1: doesn't show hand 
*** SUMMARY ***
Total pot $0.12 | Rake $0 
Seat 1: dc972155 folded before Flop (didn't bet)
Seat 2: agueropz1 collected ($0.12)
Seat 3: sos fric (button) folded before Flop (didn't bet)
Seat 4: s0mega (small blind) folded before Flop
Seat 5: Glayson035 (big blind) folded before Flop
Seat 6: JonSnow124 folded before Flop (didn't bet)
Seat 7: Dorex2007 folded before Flop (didn't bet)
Seat 8: felipesbo folded before Flop (didn't bet)
Seat 9: petiribi folded before Flop (didn't bet)



PokerStars Hand #238178722406:  Hold'em No Limit ($0.02/$0.05 USD) - 2022/08/23 17:07:04 PT [2022/08/23 20:07:04 ET]
Table 'Antares IV' 9-max Seat #4 is the button
Seat 1: dc972155 ($6.73 in chips) 
Seat 2: agueropz1 ($6 in chips) 
Seat 3: sos fric ($5.94 in chips) 
Seat 4: s0mega ($3.07 in chips) 
Seat 5: Glayson035 ($1.19 in chips) 
Seat 6: JonSnow124 ($7.93 in chips) 
Seat 7: Dorex2007 ($5 in chips) 
Seat 8: felipesbo ($5 in chips) 
Seat 9: petiribi ($2 in chips) 
Glayson035: posts small blind $0.02
JonSnow124: posts big blind $0.05
*** HOLE CARDS ***
Dealt to Dorex2007 [Ad Kc]
Dorex2007: raises $0.10 to $0.15
felipesbo: folds 
petiribi: folds 
petiribi leaves the table
dc972155: folds 
agueropz1: folds 
sos fric: folds 
s0mega: folds 
Glayson035: folds 
JonSnow124: folds 
Uncalled bet ($0.10) returned to Dorex2007
Dorex2007 collected $0.12 from pot
Dorex2007: doesn't show hand 
*** SUMMARY ***
Total pot $0.12 | Rake $0 
Seat 1: dc972155 folded before Flop (didn't bet)
Seat 2: agueropz1 folded before Flop (didn't bet)
Seat 3: sos fric folded before Flop (didn't bet)
Seat 4: s0mega (button) folded before Flop (didn't bet)
Seat 5: Glayson035 (small blind) folded before Flop
Seat 6: JonSnow124 (big blind) folded before Flop
Seat 7: Dorex2007 collected ($0.12)
Seat 8: felipesbo folded before Flop (didn't bet)
Seat 9: petiribi folded before Flop (didn't bet)



PokerStars Hand #238178728459:  Hold'em No Limit ($0.02/$0.05 USD) - 2022/08/23 17:07:29 PT [2022/08/23 20:07:29 ET]
Table 'Antares IV' 9-max Seat #5 is the button
Seat 1: dc972155 ($6.73 in chips) 
Seat 2: agueropz1 ($6 in chips) 
Seat 3: sos fric ($5.94 in chips) 
Seat 4: s0mega ($3.07 in chips) 
Seat 5: Glayson035 ($1.17 in chips) 
Seat 6: JonSnow124 ($7.88 in chips) 
Seat 7: Dorex2007 ($5.07 in chips) 
Seat 8: felipesbo ($5 in chips) 
JonSnow124: posts small blind $0.02
Dorex2007: posts big blind $0.05
*** HOLE CARDS ***
Dealt to Dorex2007 [Ts Th]
felipesbo: folds 
dc972155: folds 
agueropz1: raises $0.10 to $0.15
sos fric: folds 
s0mega: folds 
Glayson035: folds 
JonSnow124: folds 
TheFusa2003 joins the table at seat #9 
Dorex2007: calls $0.10
*** FLOP *** [4c 8s Ks]
Dorex2007: checks 
agueropz1: checks 
*** TURN *** [4c 8s Ks] [4d]
Dorex2007: checks 
agueropz1: bets $0.15
Dorex2007: folds 
Uncalled bet ($0.15) returned to agueropz1
agueropz1 collected $0.31 from pot
agueropz1: doesn't show hand 
*** SUMMARY ***
Total pot $0.32 | Rake $0.01 
Board [4c 8s Ks 4d]
Seat 1: dc972155 folded before Flop (didn't bet)
Seat 2: agueropz1 collected ($0.31)
Seat 3: sos fric folded before Flop (didn't bet)
Seat 4: s0mega folded before Flop (didn't bet)
Seat 5: Glayson035 (button) folded before Flop (didn't bet)
Seat 6: JonSnow124 (small blind) folded before Flop
Seat 7: Dorex2007 (big blind) folded on the Turn
Seat 8: felipesbo folded before Flop (didn't bet)



PokerStars Hand #238178736296:  Hold'em No Limit ($0.02/$0.05 USD) - 2022/08/23 17:08:01 PT [2022/08/23 20:08:01 ET]
Table 'Antares IV' 9-max Seat #6 is the button
Seat 1: dc972155 ($6.73 in chips) 
Seat 2: agueropz1 ($6.16 in chips) 
Seat 3: sos fric ($5.94 in chips) 
Seat 4: s0mega ($3.07 in chips) 
Seat 5: Glayson035 ($1.17 in chips) 
Seat 6: JonSnow124 ($7.86 in chips) 
Seat 7: Dorex2007 ($5 in chips) 
Seat 8: felipesbo ($5 in chips) 
Seat 9: TheFusa2003 ($5 in chips) 
Dorex2007: posts small blind $0.02
felipesbo: posts big blind $0.05
TheFusa2003: posts big blind $0.05
*** HOLE CARDS ***
Dealt to Dorex2007 [2d 5s]
TheFusa2003: checks 
dc972155: folds 
agueropz1: folds 
sos fric: folds 
s0mega: folds 
Glayson035: calls $0.05
JonSnow124: folds 
Dorex2007: folds 
felipesbo: checks 
*** FLOP *** [2s 8c Jd]
felipesbo: checks 
TheFusa2003: bets $0.08
Glayson035: calls $0.08
felipesbo: folds 
*** TURN *** [2s 8c Jd] [Ad]
TheFusa2003: bets $0.16
Glayson035: raises $0.16 to $0.32
TheFusa2003: raises $4.55 to $4.87 and is all-in
Glayson035: calls $0.72 and is all-in
Uncalled bet ($3.83) returned to TheFusa2003
*** RIVER *** [2s 8c Jd Ad] [8d]
*** SHOW DOWN ***
TheFusa2003: shows [Jc 2c] (two pair, Jacks and Eights)
Glayson035: shows [Ac 8s] (a full house, Eights full of Aces)
Glayson035 cashed out the hand for $2.08 | Cash Out Fee $0.02
*** SUMMARY ***
Total pot $2.41 | Rake $0.10 
Board [2s 8c Jd Ad 8d]
Seat 1: dc972155 folded before Flop (didn't bet)
Seat 2: agueropz1 folded before Flop (didn't bet)
Seat 3: sos fric folded before Flop (didn't bet)
Seat 4: s0mega folded before Flop (didn't bet)
Seat 5: Glayson035 showed [Ac 8s] and won ($2.31) with a full house, Eights full of Aces (pot not awarded as player cashed out)
Seat 6: JonSnow124 (button) folded before Flop (didn't bet)
Seat 7: Dorex2007 (small blind) folded before Flop
Seat 8: felipesbo (big blind) folded on the Flop
Seat 9: TheFusa2003 showed [Jc 2c] and lost with two pair, Jacks and Eights



PokerStars Hand #238178753418:  Hold'em No Limit ($0.02/$0.05 USD) - 2022/08/23 17:09:13 PT [2022/08/23 20:09:13 ET]
Table 'Antares IV' 9-max Seat #7 is the button
Seat 1: dc972155 ($6.73 in chips) 
Seat 2: agueropz1 ($6.16 in chips) 
Seat 3: sos fric ($5.94 in chips) 
Seat 4: s0mega ($3.07 in chips) 
Seat 5: Glayson035 ($2.08 in chips) 
Seat 6: JonSnow124 ($7.86 in chips) 
Seat 7: Dorex2007 ($5 in chips) 
Seat 8: felipesbo ($5 in chips) 
Seat 9: TheFusa2003 ($3.83 in chips) 
felipesbo: posts small blind $0.02
TheFusa2003: posts big blind $0.05
*** HOLE CARDS ***
Dealt to Dorex2007 [8d Ah]
dc972155: folds 
agueropz1: folds 
sos fric: folds 
s0mega: folds 
Glayson035: calls $0.05
JonSnow124: raises $0.10 to $0.15
Dorex2007: folds 
felipesbo: folds 
TheFusa2003: folds 
Glayson035: folds 
Uncalled bet ($0.10) returned to JonSnow124
JonSnow124 collected $0.17 from pot
JonSnow124: doesn't show hand 
*** SUMMARY ***
Total pot $0.17 | Rake $0 
Seat 1: dc972155 folded before Flop (didn't bet)
Seat 2: agueropz1 folded before Flop (didn't bet)
Seat 3: sos fric folded before Flop (didn't bet)
Seat 4: s0mega folded before Flop (didn't bet)
Seat 5: Glayson035 folded before Flop
Seat 6: JonSnow124 collected ($0.17)
Seat 7: Dorex2007 (button) folded before Flop (didn't bet)
Seat 8: felipesbo (small blind) folded before Flop
Seat 9: TheFusa2003 (big blind) folded before Flop



PokerStars Hand #238178760613:  Hold'em No Limit ($0.02/$0.05 USD) - 2022/08/23 17:09:43 PT [2022/08/23 20:09:43 ET]
Table 'Antares IV' 9-max Seat #8 is the button
Seat 1: dc972155 ($6.73 in chips) 
Seat 2: agueropz1 ($6.16 in chips) 
Seat 3: sos fric ($5.94 in chips) 
Seat 4: s0mega ($3.07 in chips) 
Seat 5: Glayson035 ($2.03 in chips) 
Seat 6: JonSnow124 ($7.98 in chips) 
Seat 7: Dorex2007 ($5 in chips) 
Seat 8: felipesbo ($5 in chips) 
Seat 9: TheFusa2003 ($5 in chips) 
TheFusa2003: posts small blind $0.02
dc972155: posts big blind $0.05
*** HOLE CARDS ***
Dealt to Dorex2007 [6h Jd]
agueropz1: raises $0.05 to $0.10
sos fric: calls $0.10
s0mega: raises $0.34 to $0.44
Glayson035: folds 
JonSnow124: folds 
Dorex2007: folds 
felipesbo: folds 
TheFusa2003: calls $0.42
dc972155: folds 
agueropz1: calls $0.34
sos fric: folds 
*** FLOP *** [Kd 5s 3h]
TheFusa2003: checks 
agueropz1: bets $0.70
s0mega: folds 
TheFusa2003: folds 
Uncalled bet ($0.70) returned to agueropz1
agueropz1 collected $1.41 from pot
agueropz1: doesn't show hand 
*** SUMMARY ***
Total pot $1.47 | Rake $0.06 
Board [Kd 5s 3h]
Seat 1: dc972155 (big blind) folded before Flop
Seat 2: agueropz1 collected ($1.41)
Seat 3: sos fric folded before Flop
Seat 4: s0mega folded on the Flop
Seat 5: Glayson035 folded before Flop (didn't bet)
Seat 6: JonSnow124 folded before Flop (didn't bet)
Seat 7: Dorex2007 folded before Flop (didn't bet)
Seat 8: felipesbo (button) folded before Flop (didn't bet)
Seat 9: TheFusa2003 (small blind) folded on the Flop



