PokerStars Hand #236293914707:  Hold'em No Limit ($0.01/$0.02 USD) - 2022/05/22 12:45:34 PT [2022/05/22 15:45:34 ET]
Table 'Venus III' 9-max Seat #2 is the button
Seat 2: trente-sept ($0.91 in chips) 
Seat 3: pavel9321 ($0.16 in chips) 
Seat 4: eizeen ($0.90 in chips) 
Seat 5: nofearnofear ($2.81 in chips) 
Seat 6: PQKAsJQKA ($2.14 in chips) 
Seat 7: CoachJinja ($1.76 in chips) 
Seat 8: casis44 ($1.94 in chips) 
Seat 9: Dorex2007 ($2 in chips) 
pavel9321: posts small blind $0.01
eizeen: posts big blind $0.02
Dorex2007: posts big blind $0.02
*** HOLE CARDS ***
Dealt to Dorex2007 [2d Ad]
nofearnofear: folds 
PQKAsJQKA: folds 
CoachJinja: calls $0.02
casis44: calls $0.02
Dorex2007: checks 
trente-sept: folds 
pavel9321: calls $0.01
eizeen: checks 
*** FLOP *** [Qd Td 3c]
pavel9321: checks 
eizeen: checks 
CoachJinja: checks 
casis44: checks 
Dorex2007: bets $0.18
zuzucedric is disconnected 
pavel9321: folds 
eizeen: folds 
CoachJinja: folds 
casis44: folds 
Uncalled bet ($0.18) returned to Dorex2007
Dorex2007 collected $0.10 from pot
Dorex2007: doesn't show hand 
*** SUMMARY ***
Total pot $0.10 | Rake $0 
Board [Qd Td 3c]
Seat 2: trente-sept (button) folded before Flop (didn't bet)
Seat 3: pavel9321 (small blind) folded on the Flop
Seat 4: eizeen (big blind) folded on the Flop
Seat 5: nofearnofear folded before Flop (didn't bet)
Seat 6: PQKAsJQKA folded before Flop (didn't bet)
Seat 7: CoachJinja folded on the Flop
Seat 8: casis44 folded on the Flop
Seat 9: Dorex2007 collected ($0.10)



PokerStars Hand #236293938784:  Hold'em No Limit ($0.01/$0.02 USD) - 2022/05/22 12:46:23 PT [2022/05/22 15:46:23 ET]
Table 'Venus III' 9-max Seat #3 is the button
Seat 2: trente-sept ($0.91 in chips) 
Seat 3: pavel9321 ($0.14 in chips) 
Seat 4: eizeen ($0.88 in chips) 
Seat 5: nofearnofear ($2.81 in chips) 
Seat 6: PQKAsJQKA ($2.14 in chips) 
Seat 7: CoachJinja ($1.74 in chips) 
Seat 8: casis44 ($1.92 in chips) 
Seat 9: Dorex2007 ($2.08 in chips) 
eizeen: posts small blind $0.01
nofearnofear: posts big blind $0.02
*** HOLE CARDS ***
Dealt to Dorex2007 [Kh 4d]
PQKAsJQKA has timed out
PQKAsJQKA: folds 
CoachJinja: folds 
casis44: folds 
Dorex2007: folds 
trente-sept: folds 
pavel9321: raises $0.02 to $0.04
eizeen: folds 
nofearnofear: folds 
Uncalled bet ($0.02) returned to pavel9321
pavel9321 collected $0.05 from pot
pavel9321: doesn't show hand 
*** SUMMARY ***
Total pot $0.05 | Rake $0 
Seat 2: trente-sept folded before Flop (didn't bet)
Seat 3: pavel9321 (button) collected ($0.05)
Seat 4: eizeen (small blind) folded before Flop
Seat 5: nofearnofear (big blind) folded before Flop
Seat 6: PQKAsJQKA folded before Flop (didn't bet)
Seat 7: CoachJinja folded before Flop (didn't bet)
Seat 8: casis44 folded before Flop (didn't bet)
Seat 9: Dorex2007 folded before Flop (didn't bet)



PokerStars Hand #236293956217:  Hold'em No Limit ($0.01/$0.02 USD) - 2022/05/22 12:46:58 PT [2022/05/22 15:46:58 ET]
Table 'Venus III' 9-max Seat #4 is the button
Seat 2: trente-sept ($0.91 in chips) 
Seat 3: pavel9321 ($0.17 in chips) 
Seat 4: eizeen ($0.87 in chips) 
Seat 5: nofearnofear ($2.79 in chips) 
Seat 6: PQKAsJQKA ($2.14 in chips) 
Seat 7: CoachJinja ($1.74 in chips) 
Seat 8: casis44 ($1.92 in chips) 
Seat 9: Dorex2007 ($2.08 in chips) 
nofearnofear: posts small blind $0.01
PQKAsJQKA: posts big blind $0.02
*** HOLE CARDS ***
Dealt to Dorex2007 [Js Kd]
CoachJinja: folds 
casis44: folds 
Dorex2007: raises $0.04 to $0.06
trente-sept: calls $0.06
pavel9321: raises $0.11 to $0.17 and is all-in
eizeen: folds 
nofearnofear: folds 
PQKAsJQKA: folds 
Dorex2007: calls $0.11
trente-sept: calls $0.11
*** FLOP *** [Qh Jh Jd]
Dorex2007: checks 
trente-sept: bets $0.24
Dorex2007: raises $0.54 to $0.78
trente-sept: folds 
Uncalled bet ($0.54) returned to Dorex2007
*** TURN *** [Qh Jh Jd] [4c]
*** RIVER *** [Qh Jh Jd 4c] [Td]
*** SHOW DOWN ***
Dorex2007: shows [Js Kd] (three of a kind, Jacks)
Dorex2007 collected $0.46 from side pot
pavel9321: shows [2d 2s] (two pair, Jacks and Deuces)
Dorex2007 collected $0.52 from main pot
*** SUMMARY ***
Total pot $1.02 Main pot $0.52. Side pot $0.46. | Rake $0.04 
Board [Qh Jh Jd 4c Td]
Seat 2: trente-sept folded on the Flop
Seat 3: pavel9321 showed [2d 2s] and lost with two pair, Jacks and Deuces
Seat 4: eizeen (button) folded before Flop (didn't bet)
Seat 5: nofearnofear (small blind) folded before Flop
Seat 6: PQKAsJQKA (big blind) folded before Flop
Seat 7: CoachJinja folded before Flop (didn't bet)
Seat 8: casis44 folded before Flop (didn't bet)
Seat 9: Dorex2007 showed [Js Kd] and won ($0.98) with three of a kind, Jacks



PokerStars Hand #236293982151:  Hold'em No Limit ($0.01/$0.02 USD) - 2022/05/22 12:47:50 PT [2022/05/22 15:47:50 ET]
Table 'Venus III' 9-max Seat #5 is the button
Seat 2: trente-sept ($0.50 in chips) 
Seat 4: eizeen ($0.87 in chips) 
Seat 5: nofearnofear ($2.78 in chips) 
Seat 6: PQKAsJQKA ($2.12 in chips) 
Seat 7: CoachJinja ($1.74 in chips) 
Seat 8: casis44 ($1.92 in chips) 
Seat 9: Dorex2007 ($2.65 in chips) 
PQKAsJQKA: posts small blind $0.01
CoachJinja: posts big blind $0.02
*** HOLE CARDS ***
Dealt to Dorex2007 [5s Qd]
casis44: folds 
Dorex2007: folds 
trente-sept: folds 
eizeen: folds 
nofearnofear: raises $0.02 to $0.04
PQKAsJQKA: calls $0.03
CoachJinja: calls $0.02
*** FLOP *** [9s 3d Qs]
PQKAsJQKA: bets $0.09
CoachJinja: folds 
nofearnofear is disconnected 
nofearnofear is connected 
nofearnofear: folds 
Uncalled bet ($0.09) returned to PQKAsJQKA
PQKAsJQKA collected $0.12 from pot
PQKAsJQKA: doesn't show hand 
*** SUMMARY ***
Total pot $0.12 | Rake $0 
Board [9s 3d Qs]
Seat 2: trente-sept folded before Flop (didn't bet)
Seat 4: eizeen folded before Flop (didn't bet)
Seat 5: nofearnofear (button) folded on the Flop
Seat 6: PQKAsJQKA (small blind) collected ($0.12)
Seat 7: CoachJinja (big blind) folded on the Flop
Seat 8: casis44 folded before Flop (didn't bet)
Seat 9: Dorex2007 folded before Flop (didn't bet)



PokerStars Hand #236294009823:  Hold'em No Limit ($0.01/$0.02 USD) - 2022/05/22 12:48:46 PT [2022/05/22 15:48:46 ET]
Table 'Venus III' 9-max Seat #6 is the button
Seat 2: trente-sept ($0.50 in chips) 
Seat 4: eizeen ($0.87 in chips) 
Seat 5: nofearnofear ($2.74 in chips) 
Seat 6: PQKAsJQKA ($2.20 in chips) 
Seat 7: CoachJinja ($1.70 in chips) 
Seat 8: casis44 ($1.92 in chips) 
Seat 9: Dorex2007 ($2.65 in chips) 
CoachJinja: posts small blind $0.01
casis44: posts big blind $0.02
*** HOLE CARDS ***
Dealt to Dorex2007 [3s Qd]
pavel9321 leaves the table
Dorex2007: folds 
trente-sept: raises $0.02 to $0.04
eizeen: calls $0.04
nofearnofear: folds 
PQKAsJQKA: folds 
CoachJinja: calls $0.03
casis44: folds 
*** FLOP *** [7s 2h 7d]
CoachJinja: checks 
trente-sept: bets $0.08
eizeen: folds 
CoachJinja: folds 
Uncalled bet ($0.08) returned to trente-sept
trente-sept collected $0.14 from pot
trente-sept: doesn't show hand 
*** SUMMARY ***
Total pot $0.14 | Rake $0 
Board [7s 2h 7d]
Seat 2: trente-sept collected ($0.14)
Seat 4: eizeen folded on the Flop
Seat 5: nofearnofear folded before Flop (didn't bet)
Seat 6: PQKAsJQKA (button) folded before Flop (didn't bet)
Seat 7: CoachJinja (small blind) folded on the Flop
Seat 8: casis44 (big blind) folded before Flop
Seat 9: Dorex2007 folded before Flop (didn't bet)



PokerStars Hand #236294027246:  Hold'em No Limit ($0.01/$0.02 USD) - 2022/05/22 12:49:22 PT [2022/05/22 15:49:22 ET]
Table 'Venus III' 9-max Seat #7 is the button
Seat 2: trente-sept ($0.60 in chips) 
Seat 4: eizeen ($0.83 in chips) 
Seat 5: nofearnofear ($2.74 in chips) 
Seat 6: PQKAsJQKA ($2.20 in chips) 
Seat 7: CoachJinja ($1.66 in chips) 
Seat 8: casis44 ($1.90 in chips) 
Seat 9: Dorex2007 ($2.65 in chips) 
casis44: posts small blind $0.01
Dorex2007: posts big blind $0.02
*** HOLE CARDS ***
Dealt to Dorex2007 [Qh 3s]
trente-sept: folds 
eizeen: folds 
nofearnofear: calls $0.02
PQKAsJQKA: folds 
CoachJinja: calls $0.02
casis44: calls $0.01
Dorex2007: checks 
*** FLOP *** [3c 6c 5d]
casis44: checks 
Dorex2007: checks 
nofearnofear: checks 
CoachJinja: checks 
*** TURN *** [3c 6c 5d] [As]
casis44: checks 
Dorex2007: checks 
nofearnofear: checks 
CoachJinja: checks 
*** RIVER *** [3c 6c 5d As] [9h]
casis44: checks 
Dorex2007: bets $0.08
nofearnofear: folds 
google_8644 joins the table at seat #3 
CoachJinja: calls $0.08
casis44: folds 
*** SHOW DOWN ***
Dorex2007: shows [Qh 3s] (a pair of Threes)
CoachJinja: shows [Ad Kc] (a pair of Aces)
CoachJinja collected $0.23 from pot
*** SUMMARY ***
Total pot $0.24 | Rake $0.01 
Board [3c 6c 5d As 9h]
Seat 2: trente-sept folded before Flop (didn't bet)
Seat 4: eizeen folded before Flop (didn't bet)
Seat 5: nofearnofear folded on the River
Seat 6: PQKAsJQKA folded before Flop (didn't bet)
Seat 7: CoachJinja (button) showed [Ad Kc] and won ($0.23) with a pair of Aces
Seat 8: casis44 (small blind) folded on the River
Seat 9: Dorex2007 (big blind) showed [Qh 3s] and lost with a pair of Threes



PokerStars Hand #236294050877:  Hold'em No Limit ($0.01/$0.02 USD) - 2022/05/22 12:50:10 PT [2022/05/22 15:50:10 ET]
Table 'Venus III' 9-max Seat #8 is the button
Seat 2: trente-sept ($0.60 in chips) 
Seat 4: eizeen ($0.83 in chips) 
Seat 5: nofearnofear ($2.72 in chips) 
Seat 6: PQKAsJQKA ($2.20 in chips) 
Seat 7: CoachJinja ($1.79 in chips) 
Seat 8: casis44 ($1.88 in chips) 
Seat 9: Dorex2007 ($2.55 in chips) 
Dorex2007: posts small blind $0.01
trente-sept: posts big blind $0.02
google_8644: sits out 
*** HOLE CARDS ***
Dealt to Dorex2007 [4d 5c]
eizeen: folds 
nofearnofear: folds 
PQKAsJQKA: folds 
CoachJinja: calls $0.02
casis44: calls $0.02
Dorex2007: calls $0.01
trente-sept: checks 
*** FLOP *** [6h 4h 2s]
Dorex2007: checks 
trente-sept: bets $0.04
CoachJinja: folds 
casis44: calls $0.04
Dorex2007: calls $0.04
*** TURN *** [6h 4h 2s] [6s]
Dorex2007: checks 
trente-sept: bets $0.04
casis44: folds 
Dorex2007: calls $0.04
*** RIVER *** [6h 4h 2s 6s] [2h]
Dorex2007: bets $0.27
trente-sept: folds 
Uncalled bet ($0.27) returned to Dorex2007
Dorex2007 collected $0.27 from pot
Dorex2007: doesn't show hand 
*** SUMMARY ***
Total pot $0.28 | Rake $0.01 
Board [6h 4h 2s 6s 2h]
Seat 2: trente-sept (big blind) folded on the River
Seat 4: eizeen folded before Flop (didn't bet)
Seat 5: nofearnofear folded before Flop (didn't bet)
Seat 6: PQKAsJQKA folded before Flop (didn't bet)
Seat 7: CoachJinja folded on the Flop
Seat 8: casis44 (button) folded on the Turn
Seat 9: Dorex2007 (small blind) collected ($0.27)



PokerStars Hand #236294077234:  Hold'em No Limit ($0.01/$0.02 USD) - 2022/05/22 12:51:04 PT [2022/05/22 15:51:04 ET]
Table 'Venus III' 9-max Seat #9 is the button
Seat 2: trente-sept ($0.50 in chips) 
Seat 3: google_8644 ($0.80 in chips) 
Seat 4: eizeen ($0.83 in chips) 
Seat 5: nofearnofear ($2.72 in chips) 
Seat 6: PQKAsJQKA ($2.20 in chips) 
Seat 7: CoachJinja ($1.77 in chips) 
Seat 8: casis44 ($1.82 in chips) 
Seat 9: Dorex2007 ($2.72 in chips) 
trente-sept: posts small blind $0.01
google_8644: posts big blind $0.02
*** HOLE CARDS ***
Dealt to Dorex2007 [9h Ad]
eizeen: folds 
nofearnofear: raises $0.02 to $0.04
PQKAsJQKA: folds 
CoachJinja: folds 
casis44: calls $0.04
Dorex2007: folds 
trente-sept: folds 
google_8644: folds 
*** FLOP *** [Ah Ac Qs]
nofearnofear: bets $0.11
casis44: folds 
Uncalled bet ($0.11) returned to nofearnofear
nofearnofear collected $0.11 from pot
*** SUMMARY ***
Total pot $0.11 | Rake $0 
Board [Ah Ac Qs]
Seat 2: trente-sept (small blind) folded before Flop
Seat 3: google_8644 (big blind) folded before Flop
Seat 4: eizeen folded before Flop (didn't bet)
Seat 5: nofearnofear collected ($0.11)
Seat 6: PQKAsJQKA folded before Flop (didn't bet)
Seat 7: CoachJinja folded before Flop (didn't bet)
Seat 8: casis44 folded on the Flop
Seat 9: Dorex2007 (button) folded before Flop (didn't bet)



PokerStars Hand #236294091682:  Hold'em No Limit ($0.01/$0.02 USD) - 2022/05/22 12:51:33 PT [2022/05/22 15:51:33 ET]
Table 'Venus III' 9-max Seat #2 is the button
Seat 2: trente-sept ($0.49 in chips) 
Seat 3: google_8644 ($0.78 in chips) 
Seat 4: eizeen ($0.83 in chips) 
Seat 5: nofearnofear ($2.79 in chips) 
Seat 6: PQKAsJQKA ($2.20 in chips) 
Seat 7: CoachJinja ($1.77 in chips) 
Seat 8: casis44 ($1.78 in chips) 
Seat 9: Dorex2007 ($2.72 in chips) 
google_8644: posts small blind $0.01
eizeen: posts big blind $0.02
*** HOLE CARDS ***
Dealt to Dorex2007 [Kc 2h]
nofearnofear: folds 
PQKAsJQKA: folds 
CoachJinja: folds 
casis44: folds 
Dorex2007: folds 
trente-sept: raises $0.04 to $0.06
google_8644: folds 
eizeen: calls $0.04
*** FLOP *** [5s 7d Tc]
eizeen: checks 
trente-sept: bets $0.07
eizeen: folds 
Uncalled bet ($0.07) returned to trente-sept
trente-sept collected $0.13 from pot
trente-sept: doesn't show hand 
*** SUMMARY ***
Total pot $0.13 | Rake $0 
Board [5s 7d Tc]
Seat 2: trente-sept (button) collected ($0.13)
Seat 3: google_8644 (small blind) folded before Flop
Seat 4: eizeen (big blind) folded on the Flop
Seat 5: nofearnofear folded before Flop (didn't bet)
Seat 6: PQKAsJQKA folded before Flop (didn't bet)
Seat 7: CoachJinja folded before Flop (didn't bet)
Seat 8: casis44 folded before Flop (didn't bet)
Seat 9: Dorex2007 folded before Flop (didn't bet)



PokerStars Hand #236294109966:  Hold'em No Limit ($0.01/$0.02 USD) - 2022/05/22 12:52:11 PT [2022/05/22 15:52:11 ET]
Table 'Venus III' 9-max Seat #3 is the button
Seat 2: trente-sept ($0.56 in chips) 
Seat 3: google_8644 ($0.77 in chips) 
Seat 4: eizeen ($0.77 in chips) 
Seat 5: nofearnofear ($2.79 in chips) 
Seat 6: PQKAsJQKA ($2.20 in chips) 
Seat 7: CoachJinja ($1.77 in chips) 
Seat 8: casis44 ($1.78 in chips) 
Seat 9: Dorex2007 ($2.72 in chips) 
eizeen: posts small blind $0.01
nofearnofear: posts big blind $0.02
*** HOLE CARDS ***
Dealt to Dorex2007 [8d 5c]
PQKAsJQKA: folds 
CoachJinja: calls $0.02
casis44: calls $0.02
Dorex2007: folds 
trente-sept: folds 
google_8644: folds 
eizeen: calls $0.01
nofearnofear: checks 
*** FLOP *** [As Ah 3s]
eizeen: checks 
nofearnofear: checks 
CoachJinja: checks 
casis44: checks 
*** TURN *** [As Ah 3s] [3c]
eizeen: bets $0.02
nofearnofear: folds 
CoachJinja: calls $0.02
casis44: folds 
*** RIVER *** [As Ah 3s 3c] [Jc]
eizeen: bets $0.06
CoachJinja: raises $0.46 to $0.52
eizeen: raises $0.21 to $0.73 and is all-in
CoachJinja: calls $0.21
*** SHOW DOWN ***
eizeen: shows [3h 3d] (four of a kind, Threes)
CoachJinja: shows [Jh Ad] (a full house, Aces full of Jacks)
eizeen collected $1.52 from pot
*** SUMMARY ***
Total pot $1.58 | Rake $0.06 
Board [As Ah 3s 3c Jc]
Seat 2: trente-sept folded before Flop (didn't bet)
Seat 3: google_8644 (button) folded before Flop (didn't bet)
Seat 4: eizeen (small blind) showed [3h 3d] and won ($1.52) with four of a kind, Threes
Seat 5: nofearnofear (big blind) folded on the Turn
Seat 6: PQKAsJQKA folded before Flop (didn't bet)
Seat 7: CoachJinja showed [Jh Ad] and lost with a full house, Aces full of Jacks
Seat 8: casis44 folded on the Turn
Seat 9: Dorex2007 folded before Flop (didn't bet)



PokerStars Hand #236294135351:  Hold'em No Limit ($0.01/$0.02 USD) - 2022/05/22 12:53:04 PT [2022/05/22 15:53:04 ET]
Table 'Venus III' 9-max Seat #4 is the button
Seat 2: trente-sept ($0.56 in chips) 
Seat 3: google_8644 ($0.77 in chips) 
Seat 4: eizeen ($1.52 in chips) 
Seat 5: nofearnofear ($2.77 in chips) 
Seat 6: PQKAsJQKA ($2.20 in chips) 
Seat 7: CoachJinja ($1 in chips) 
Seat 8: casis44 ($1.76 in chips) 
Seat 9: Dorex2007 ($2.72 in chips) 
nofearnofear: posts small blind $0.01
PQKAsJQKA: posts big blind $0.02
*** HOLE CARDS ***
Dealt to Dorex2007 [Td 8s]
CoachJinja: folds 
CoachJinja leaves the table
casis44: calls $0.02
Dorex2007: folds 
trente-sept: folds 
google_8644: folds 
eizeen: folds 
nofearnofear: folds 
marcos jo196 joins the table at seat #7 
PQKAsJQKA: checks 
*** FLOP *** [6h 4c Kd]
PQKAsJQKA: checks 
casis44: bets $0.02
PQKAsJQKA: calls $0.02
*** TURN *** [6h 4c Kd] [4d]
PQKAsJQKA: checks 
casis44: bets $0.09
PQKAsJQKA: folds 
Uncalled bet ($0.09) returned to casis44
casis44 collected $0.09 from pot
casis44: doesn't show hand 
*** SUMMARY ***
Total pot $0.09 | Rake $0 
Board [6h 4c Kd 4d]
Seat 2: trente-sept folded before Flop (didn't bet)
Seat 3: google_8644 folded before Flop (didn't bet)
Seat 4: eizeen (button) folded before Flop (didn't bet)
Seat 5: nofearnofear (small blind) folded before Flop
Seat 6: PQKAsJQKA (big blind) folded on the Turn
Seat 7: CoachJinja folded before Flop (didn't bet)
Seat 8: casis44 collected ($0.09)
Seat 9: Dorex2007 folded before Flop (didn't bet)



PokerStars Hand #236294169292:  Hold'em No Limit ($0.01/$0.02 USD) - 2022/05/22 12:53:54 PT [2022/05/22 15:53:54 ET]
Table 'Venus III' 9-max Seat #5 is the button
Seat 2: trente-sept ($0.56 in chips) 
Seat 3: google_8644 ($0.77 in chips) 
Seat 4: eizeen ($1.52 in chips) 
Seat 5: nofearnofear ($2.76 in chips) 
Seat 6: PQKAsJQKA ($2.16 in chips) 
Seat 7: marcos jo196 ($1 in chips) 
Seat 8: casis44 ($1.81 in chips) 
Seat 9: Dorex2007 ($2.72 in chips) 
PQKAsJQKA: posts small blind $0.01
marcos jo196: posts big blind $0.02
*** HOLE CARDS ***
Dealt to Dorex2007 [9d 3h]
casis44: calls $0.02
Dorex2007: folds 
trente-sept: folds 
google_8644: folds 
eizeen: folds 
nofearnofear: folds 
PQKAsJQKA: calls $0.01
marcos jo196: checks 
*** FLOP *** [Qh 4d Kd]
PQKAsJQKA: bets $0.06
marcos jo196: folds 
casis44: folds 
Uncalled bet ($0.06) returned to PQKAsJQKA
PQKAsJQKA collected $0.06 from pot
PQKAsJQKA: doesn't show hand 
*** SUMMARY ***
Total pot $0.06 | Rake $0 
Board [Qh 4d Kd]
Seat 2: trente-sept folded before Flop (didn't bet)
Seat 3: google_8644 folded before Flop (didn't bet)
Seat 4: eizeen folded before Flop (didn't bet)
Seat 5: nofearnofear (button) folded before Flop (didn't bet)
Seat 6: PQKAsJQKA (small blind) collected ($0.06)
Seat 7: marcos jo196 (big blind) folded on the Flop
Seat 8: casis44 folded on the Flop
Seat 9: Dorex2007 folded before Flop (didn't bet)



PokerStars Hand #236294184541:  Hold'em No Limit ($0.01/$0.02 USD) - 2022/05/22 12:54:26 PT [2022/05/22 15:54:26 ET]
Table 'Venus III' 9-max Seat #6 is the button
Seat 2: trente-sept ($0.56 in chips) 
Seat 3: google_8644 ($0.77 in chips) 
Seat 4: eizeen ($1.52 in chips) 
Seat 5: nofearnofear ($2.76 in chips) 
Seat 6: PQKAsJQKA ($2.20 in chips) 
Seat 7: marcos jo196 ($0.98 in chips) 
Seat 8: casis44 ($1.79 in chips) 
Seat 9: Dorex2007 ($2.72 in chips) 
marcos jo196: posts small blind $0.01
casis44: posts big blind $0.02
*** HOLE CARDS ***
Dealt to Dorex2007 [7s 4d]
Dorex2007: folds 
trente-sept: folds 
google_8644: folds 
eizeen: folds 
nofearnofear: folds 
PQKAsJQKA: raises $0.04 to $0.06
marcos jo196: calls $0.05
casis44: folds 
*** FLOP *** [2c 9c 3c]
marcos jo196: checks 
PQKAsJQKA: bets $0.06
marcos jo196: raises $0.86 to $0.92 and is all-in
PQKAsJQKA: folds 
Uncalled bet ($0.86) returned to marcos jo196
marcos jo196 collected $0.25 from pot
marcos jo196: doesn't show hand 
*** SUMMARY ***
Total pot $0.26 | Rake $0.01 
Board [2c 9c 3c]
Seat 2: trente-sept folded before Flop (didn't bet)
Seat 3: google_8644 folded before Flop (didn't bet)
Seat 4: eizeen folded before Flop (didn't bet)
Seat 5: nofearnofear folded before Flop (didn't bet)
Seat 6: PQKAsJQKA (button) folded on the Flop
Seat 7: marcos jo196 (small blind) collected ($0.25)
Seat 8: casis44 (big blind) folded before Flop
Seat 9: Dorex2007 folded before Flop (didn't bet)



PokerStars Hand #236294203276:  Hold'em No Limit ($0.01/$0.02 USD) - 2022/05/22 12:55:05 PT [2022/05/22 15:55:05 ET]
Table 'Venus III' 9-max Seat #7 is the button
Seat 2: trente-sept ($0.56 in chips) 
Seat 3: google_8644 ($0.77 in chips) 
Seat 4: eizeen ($1.52 in chips) 
Seat 5: nofearnofear ($2.76 in chips) 
Seat 6: PQKAsJQKA ($2.08 in chips) 
Seat 7: marcos jo196 ($1.11 in chips) 
Seat 8: casis44 ($1.77 in chips) 
Seat 9: Dorex2007 ($2.72 in chips) 
casis44: posts small blind $0.01
Dorex2007: posts big blind $0.02
*** HOLE CARDS ***
Dealt to Dorex2007 [Ks 5s]
trente-sept: folds 
google_8644: folds 
eizeen: folds 
nofearnofear: calls $0.02
PQKAsJQKA: folds 
marcos jo196: folds 
casis44: calls $0.01
Dorex2007: checks 
*** FLOP *** [5d 3s 9c]
casis44: bets $0.02
Dorex2007: raises $0.10 to $0.12
nofearnofear: folds 
casis44: folds 
Uncalled bet ($0.10) returned to Dorex2007
Dorex2007 collected $0.10 from pot
Dorex2007: doesn't show hand 
*** SUMMARY ***
Total pot $0.10 | Rake $0 
Board [5d 3s 9c]
Seat 2: trente-sept folded before Flop (didn't bet)
Seat 3: google_8644 folded before Flop (didn't bet)
Seat 4: eizeen folded before Flop (didn't bet)
Seat 5: nofearnofear folded on the Flop
Seat 6: PQKAsJQKA folded before Flop (didn't bet)
Seat 7: marcos jo196 (button) folded before Flop (didn't bet)
Seat 8: casis44 (small blind) folded on the Flop
Seat 9: Dorex2007 (big blind) collected ($0.10)



PokerStars Hand #236294213935:  Hold'em No Limit ($0.01/$0.02 USD) - 2022/05/22 12:55:40 PT [2022/05/22 15:55:40 ET]
Table 'Venus III' 9-max Seat #8 is the button
Seat 2: trente-sept ($0.56 in chips) 
Seat 3: google_8644 ($0.77 in chips) 
Seat 4: eizeen ($1.52 in chips) 
Seat 5: nofearnofear ($2.74 in chips) 
Seat 6: PQKAsJQKA ($2.08 in chips) 
Seat 7: marcos jo196 ($1.11 in chips) 
Seat 8: casis44 ($1.73 in chips) 
Seat 9: Dorex2007 ($2.78 in chips) 
Dorex2007: posts small blind $0.01
trente-sept: posts big blind $0.02
*** HOLE CARDS ***
Dealt to Dorex2007 [9h 6s]
google_8644: folds 
eizeen: folds 
nofearnofear: folds 
PQKAsJQKA: folds 
marcos jo196: folds 
casis44: calls $0.02
Dorex2007: folds 
trente-sept: checks 
*** FLOP *** [2s Qs 8s]
trente-sept: checks 
casis44: checks 
*** TURN *** [2s Qs 8s] [Ks]
trente-sept: checks 
casis44: checks 
*** RIVER *** [2s Qs 8s Ks] [9d]
trente-sept: bets $0.04
casis44: calls $0.04
*** SHOW DOWN ***
trente-sept: shows [3c 5h] (high card King)
casis44: shows [Ac Kd] (a pair of Kings)
casis44 collected $0.13 from pot
zuzucedric leaves the table
*** SUMMARY ***
Total pot $0.13 | Rake $0 
Board [2s Qs 8s Ks 9d]
Seat 2: trente-sept (big blind) showed [3c 5h] and lost with high card King
Seat 3: google_8644 folded before Flop (didn't bet)
Seat 4: eizeen folded before Flop (didn't bet)
Seat 5: nofearnofear folded before Flop (didn't bet)
Seat 6: PQKAsJQKA folded before Flop (didn't bet)
Seat 7: marcos jo196 folded before Flop (didn't bet)
Seat 8: casis44 (button) showed [Ac Kd] and won ($0.13) with a pair of Kings
Seat 9: Dorex2007 (small blind) folded before Flop



PokerStars Hand #236294223815:  Hold'em No Limit ($0.01/$0.02 USD) - 2022/05/22 12:56:15 PT [2022/05/22 15:56:15 ET]
Table 'Venus III' 9-max Seat #9 is the button
Seat 2: trente-sept ($0.50 in chips) 
Seat 3: google_8644 ($0.77 in chips) 
Seat 4: eizeen ($1.52 in chips) 
Seat 5: nofearnofear ($2.74 in chips) 
Seat 6: PQKAsJQKA ($2.08 in chips) 
Seat 7: marcos jo196 ($1.11 in chips) 
Seat 8: casis44 ($1.80 in chips) 
Seat 9: Dorex2007 ($2.77 in chips) 
trente-sept: posts small blind $0.01
google_8644: posts big blind $0.02
*** HOLE CARDS ***
Dealt to Dorex2007 [2c 4d]
eizeen: folds 
nofearnofear: folds 
PQKAsJQKA: folds 
marcos jo196: folds 
casis44: calls $0.02
Dorex2007: folds 
trente-sept: folds 
google_8644: raises $0.02 to $0.04
casis44: calls $0.02
*** FLOP *** [Qd Ad Kd]
RSZAM joins the table at seat #1 
google_8644: bets $0.04
casis44: calls $0.04
*** TURN *** [Qd Ad Kd] [2d]
google_8644: checks 
casis44: bets $0.02
google_8644: calls $0.02
*** RIVER *** [Qd Ad Kd 2d] [Js]
google_8644: bets $0.08
casis44: folds 
Uncalled bet ($0.08) returned to google_8644
google_8644 collected $0.20 from pot
google_8644: doesn't show hand 
*** SUMMARY ***
Total pot $0.21 | Rake $0.01 
Board [Qd Ad Kd 2d Js]
Seat 2: trente-sept (small blind) folded before Flop
Seat 3: google_8644 (big blind) collected ($0.20)
Seat 4: eizeen folded before Flop (didn't bet)
Seat 5: nofearnofear folded before Flop (didn't bet)
Seat 6: PQKAsJQKA folded before Flop (didn't bet)
Seat 7: marcos jo196 folded before Flop (didn't bet)
Seat 8: casis44 folded on the River
Seat 9: Dorex2007 (button) folded before Flop (didn't bet)



PokerStars Hand #236294238870:  Hold'em No Limit ($0.01/$0.02 USD) - 2022/05/22 12:57:09 PT [2022/05/22 15:57:09 ET]
Table 'Venus III' 9-max Seat #2 is the button
Seat 1: RSZAM ($0.80 in chips) 
Seat 2: trente-sept ($0.49 in chips) 
Seat 3: google_8644 ($0.87 in chips) 
Seat 4: eizeen ($1.52 in chips) 
Seat 5: nofearnofear ($2.74 in chips) 
Seat 6: PQKAsJQKA ($2.08 in chips) 
Seat 7: marcos jo196 ($1.11 in chips) 
Seat 8: casis44 ($1.70 in chips) 
Seat 9: Dorex2007 ($2.77 in chips) 
google_8644: posts small blind $0.01
eizeen: posts big blind $0.02
RSZAM: posts big blind $0.02
*** HOLE CARDS ***
Dealt to Dorex2007 [Qc Jh]
nofearnofear: folds 
PQKAsJQKA: calls $0.02
marcos jo196: folds 
casis44: folds 
Dorex2007: calls $0.02
RSZAM: checks 
trente-sept: folds 
google_8644: raises $0.04 to $0.06
eizeen: folds 
PQKAsJQKA: calls $0.04
Dorex2007: calls $0.04
RSZAM: folds 
*** FLOP *** [8d 8s Jc]
google_8644: checks 
PQKAsJQKA: bets $0.21
Dorex2007: calls $0.21
google_8644: folds 
*** TURN *** [8d 8s Jc] [Td]
PQKAsJQKA: bets $0.10
Dorex2007: calls $0.10
*** RIVER *** [8d 8s Jc Td] [4s]
PQKAsJQKA: checks 
Dorex2007: bets $0.41
PQKAsJQKA: calls $0.41
*** SHOW DOWN ***
Dorex2007: shows [Qc Jh] (two pair, Jacks and Eights)
PQKAsJQKA: shows [8c 7c] (three of a kind, Eights)
PQKAsJQKA collected $1.60 from pot
*** SUMMARY ***
Total pot $1.66 | Rake $0.06 
Board [8d 8s Jc Td 4s]
Seat 1: RSZAM folded before Flop (didn't bet)
Seat 2: trente-sept (button) folded before Flop (didn't bet)
Seat 3: google_8644 (small blind) folded on the Flop
Seat 4: eizeen (big blind) folded before Flop
Seat 5: nofearnofear folded before Flop (didn't bet)
Seat 6: PQKAsJQKA showed [8c 7c] and won ($1.60) with three of a kind, Eights
Seat 7: marcos jo196 folded before Flop (didn't bet)
Seat 8: casis44 folded before Flop (didn't bet)
Seat 9: Dorex2007 showed [Qc Jh] and lost with two pair, Jacks and Eights



PokerStars Hand #236294259867:  Hold'em No Limit ($0.01/$0.02 USD) - 2022/05/22 12:58:23 PT [2022/05/22 15:58:23 ET]
Table 'Venus III' 9-max Seat #3 is the button
Seat 1: RSZAM ($0.78 in chips) 
Seat 2: trente-sept ($0.49 in chips) 
Seat 3: google_8644 ($0.81 in chips) 
Seat 4: eizeen ($1.50 in chips) 
Seat 5: nofearnofear ($2.74 in chips) 
Seat 6: PQKAsJQKA ($2.90 in chips) 
Seat 7: marcos jo196 ($1.11 in chips) 
Seat 8: casis44 ($1.70 in chips) 
Seat 9: Dorex2007 ($2 in chips) 
eizeen: posts small blind $0.01
nofearnofear: posts big blind $0.02
*** HOLE CARDS ***
Dealt to Dorex2007 [4c 3h]
PQKAsJQKA: folds 
marcos jo196: folds 
casis44: folds 
Dorex2007: folds 
RSZAM: folds 
trente-sept: raises $0.04 to $0.06
PQKAsJQKA leaves the table
google_8644 has timed out
google_8644: folds 
eizeen: folds 
nofearnofear: folds 
Uncalled bet ($0.04) returned to trente-sept
trente-sept collected $0.05 from pot
trente-sept: doesn't show hand 
*** SUMMARY ***
Total pot $0.05 | Rake $0 
Seat 1: RSZAM folded before Flop (didn't bet)
Seat 2: trente-sept collected ($0.05)
Seat 3: google_8644 (button) folded before Flop (didn't bet)
Seat 4: eizeen (small blind) folded before Flop
Seat 5: nofearnofear (big blind) folded before Flop
Seat 6: PQKAsJQKA folded before Flop (didn't bet)
Seat 7: marcos jo196 folded before Flop (didn't bet)
Seat 8: casis44 folded before Flop (didn't bet)
Seat 9: Dorex2007 folded before Flop (didn't bet)



PokerStars Hand #236294271105:  Hold'em No Limit ($0.01/$0.02 USD) - 2022/05/22 12:58:55 PT [2022/05/22 15:58:55 ET]
Table 'Venus III' 9-max Seat #4 is the button
Seat 1: RSZAM ($0.78 in chips) 
Seat 2: trente-sept ($0.52 in chips) 
Seat 3: google_8644 ($0.81 in chips) 
Seat 4: eizeen ($1.49 in chips) 
Seat 5: nofearnofear ($2.72 in chips) 
Seat 7: marcos jo196 ($1.11 in chips) 
Seat 8: casis44 ($1.70 in chips) 
Seat 9: Dorex2007 ($2 in chips) 
nofearnofear: posts small blind $0.01
marcos jo196: posts big blind $0.02
*** HOLE CARDS ***
Dealt to Dorex2007 [9c 4s]
kringo22 joins the table at seat #6 
casis44: folds 
Dorex2007: folds 
RSZAM: folds 
trente-sept: folds 
google_8644: folds 
eizeen: folds 
nofearnofear: folds 
Uncalled bet ($0.01) returned to marcos jo196
marcos jo196 collected $0.02 from pot
marcos jo196: doesn't show hand 
*** SUMMARY ***
Total pot $0.02 | Rake $0 
Seat 1: RSZAM folded before Flop (didn't bet)
Seat 2: trente-sept folded before Flop (didn't bet)
Seat 3: google_8644 folded before Flop (didn't bet)
Seat 4: eizeen (button) folded before Flop (didn't bet)
Seat 5: nofearnofear (small blind) folded before Flop
Seat 7: marcos jo196 (big blind) collected ($0.02)
Seat 8: casis44 folded before Flop (didn't bet)
Seat 9: Dorex2007 folded before Flop (didn't bet)



PokerStars Hand #236294276030:  Hold'em No Limit ($0.01/$0.02 USD) - 2022/05/22 12:59:13 PT [2022/05/22 15:59:13 ET]
Table 'Venus III' 9-max Seat #5 is the button
Seat 1: RSZAM ($0.78 in chips) 
Seat 2: trente-sept ($0.52 in chips) 
Seat 3: google_8644 ($0.81 in chips) 
Seat 4: eizeen ($1.49 in chips) 
Seat 5: nofearnofear ($2.71 in chips) 
Seat 7: marcos jo196 ($1.12 in chips) 
Seat 8: casis44 ($1.70 in chips) 
Seat 9: Dorex2007 ($2 in chips) 
marcos jo196: posts small blind $0.01
casis44: posts big blind $0.02
*** HOLE CARDS ***
Dealt to Dorex2007 [8h 2s]
Dorex2007: folds 
RSZAM: raises $0.04 to $0.06
trente-sept: folds 
google_8644: calls $0.06
eizeen: folds 
nofearnofear: folds 
marcos jo196: folds 
casis44: folds 
*** FLOP *** [7h Ts 5h]
RSZAM: bets $0.07
google_8644: calls $0.07
*** TURN *** [7h Ts 5h] [Ks]
RSZAM: bets $0.14
google_8644: folds 
Uncalled bet ($0.14) returned to RSZAM
RSZAM collected $0.28 from pot
RSZAM: doesn't show hand 
*** SUMMARY ***
Total pot $0.29 | Rake $0.01 
Board [7h Ts 5h Ks]
Seat 1: RSZAM collected ($0.28)
Seat 2: trente-sept folded before Flop (didn't bet)
Seat 3: google_8644 folded on the Turn
Seat 4: eizeen folded before Flop (didn't bet)
Seat 5: nofearnofear (button) folded before Flop (didn't bet)
Seat 7: marcos jo196 (small blind) folded before Flop
Seat 8: casis44 (big blind) folded before Flop
Seat 9: Dorex2007 folded before Flop (didn't bet)



PokerStars Hand #236294292292:  Hold'em No Limit ($0.01/$0.02 USD) - 2022/05/22 13:00:02 PT [2022/05/22 16:00:02 ET]
Table 'Venus III' 9-max Seat #7 is the button
Seat 1: RSZAM ($0.93 in chips) 
Seat 2: trente-sept ($0.52 in chips) 
Seat 3: google_8644 ($0.68 in chips) 
Seat 4: eizeen ($1.49 in chips) 
Seat 5: nofearnofear ($2.71 in chips) 
Seat 7: marcos jo196 ($1.11 in chips) 
Seat 8: casis44 ($1.68 in chips) 
Seat 9: Dorex2007 ($2 in chips) 
casis44: posts small blind $0.01
Dorex2007: posts big blind $0.02
kringo22: sits out 
*** HOLE CARDS ***
Dealt to Dorex2007 [9d Td]
RSZAM: folds 
trente-sept: folds 
google_8644: raises $0.02 to $0.04
eizeen: calls $0.04
nofearnofear: folds 
marcos jo196: folds 
casis44: folds 
Dorex2007: calls $0.02
*** FLOP *** [8d Qd Ah]
Dorex2007: checks 
google_8644: checks 
eizeen: bets $0.06
Dorex2007: calls $0.06
google_8644: folds 
*** TURN *** [8d Qd Ah] [Kh]
Dorex2007: bets $0.16
eizeen: folds 
Uncalled bet ($0.16) returned to Dorex2007
Dorex2007 collected $0.24 from pot
Dorex2007: doesn't show hand 
*** SUMMARY ***
Total pot $0.25 | Rake $0.01 
Board [8d Qd Ah Kh]
Seat 1: RSZAM folded before Flop (didn't bet)
Seat 2: trente-sept folded before Flop (didn't bet)
Seat 3: google_8644 folded on the Flop
Seat 4: eizeen folded on the Turn
Seat 5: nofearnofear folded before Flop (didn't bet)
Seat 7: marcos jo196 (button) folded before Flop (didn't bet)
Seat 8: casis44 (small blind) folded before Flop
Seat 9: Dorex2007 (big blind) collected ($0.24)



PokerStars Hand #236294306121:  Hold'em No Limit ($0.01/$0.02 USD) - 2022/05/22 13:00:46 PT [2022/05/22 16:00:46 ET]
Table 'Venus III' 9-max Seat #8 is the button
Seat 1: RSZAM ($0.93 in chips) 
Seat 2: trente-sept ($0.52 in chips) 
Seat 3: google_8644 ($0.64 in chips) 
Seat 4: eizeen ($1.39 in chips) 
Seat 5: nofearnofear ($2.71 in chips) 
Seat 7: marcos jo196 ($1.11 in chips) 
Seat 8: casis44 ($1.67 in chips) 
Seat 9: Dorex2007 ($2.14 in chips) 
Dorex2007: posts small blind $0.01
RSZAM: posts big blind $0.02
kringo22: sits out 
*** HOLE CARDS ***
Dealt to Dorex2007 [6s 5h]
trente-sept: folds 
google_8644: calls $0.02
eizeen: folds 
nofearnofear: folds 
marcos jo196: calls $0.02
casis44: calls $0.02
Dorex2007: folds 
RSZAM: checks 
*** FLOP *** [Qd 6h 8h]
RSZAM: checks 
google_8644: bets $0.04
marcos jo196: folds 
casis44: calls $0.04
RSZAM: folds 
*** TURN *** [Qd 6h 8h] [7d]
google_8644: checks 
casis44: bets $0.08
google_8644: calls $0.08
*** RIVER *** [Qd 6h 8h 7d] [5d]
google_8644: checks 
casis44: checks 
*** SHOW DOWN ***
google_8644: shows [Jc 9h] (a straight, Five to Nine)
casis44: mucks hand 
google_8644 collected $0.32 from pot
nofearnofear leaves the table
*** SUMMARY ***
Total pot $0.33 | Rake $0.01 
Board [Qd 6h 8h 7d 5d]
Seat 1: RSZAM (big blind) folded on the Flop
Seat 2: trente-sept folded before Flop (didn't bet)
Seat 3: google_8644 showed [Jc 9h] and won ($0.32) with a straight, Five to Nine
Seat 4: eizeen folded before Flop (didn't bet)
Seat 5: nofearnofear folded before Flop (didn't bet)
Seat 7: marcos jo196 folded on the Flop
Seat 8: casis44 (button) mucked [Th Qc]
Seat 9: Dorex2007 (small blind) folded before Flop



PokerStars Hand #236294323931:  Hold'em No Limit ($0.01/$0.02 USD) - 2022/05/22 13:01:36 PT [2022/05/22 16:01:36 ET]
Table 'Venus III' 9-max Seat #9 is the button
Seat 1: RSZAM ($0.91 in chips) 
Seat 2: trente-sept ($0.52 in chips) 
Seat 3: google_8644 ($0.82 in chips) 
Seat 4: eizeen ($1.39 in chips) 
Seat 7: marcos jo196 ($1.09 in chips) 
Seat 8: casis44 ($1.53 in chips) 
Seat 9: Dorex2007 ($2.13 in chips) 
RSZAM: posts small blind $0.01
trente-sept: posts big blind $0.02
kringo22: sits out 
*** HOLE CARDS ***
Dealt to Dorex2007 [Kd 6s]
google_8644: folds 
eizeen: folds 
marcos jo196: folds 
schani11 joins the table at seat #5 
casis44: calls $0.02
Dorex2007: folds 
RSZAM: folds 
trente-sept: checks 
*** FLOP *** [5d Js Kh]
trente-sept: checks 
casis44: checks 
*** TURN *** [5d Js Kh] [8d]
trente-sept: checks 
casis44: checks 
*** RIVER *** [5d Js Kh 8d] [3c]
trente-sept: checks 
casis44: checks 
*** SHOW DOWN ***
trente-sept: shows [4c 6d] (high card King)
casis44: shows [2h 2c] (a pair of Deuces)
casis44 collected $0.05 from pot
*** SUMMARY ***
Total pot $0.05 | Rake $0 
Board [5d Js Kh 8d 3c]
Seat 1: RSZAM (small blind) folded before Flop
Seat 2: trente-sept (big blind) showed [4c 6d] and lost with high card King
Seat 3: google_8644 folded before Flop (didn't bet)
Seat 4: eizeen folded before Flop (didn't bet)
Seat 7: marcos jo196 folded before Flop (didn't bet)
Seat 8: casis44 showed [2h 2c] and won ($0.05) with a pair of Deuces
Seat 9: Dorex2007 (button) folded before Flop (didn't bet)



PokerStars Hand #236294337038:  Hold'em No Limit ($0.01/$0.02 USD) - 2022/05/22 13:02:09 PT [2022/05/22 16:02:09 ET]
Table 'Venus III' 9-max Seat #1 is the button
Seat 1: RSZAM ($0.90 in chips) 
Seat 2: trente-sept ($0.50 in chips) 
Seat 3: google_8644 ($0.82 in chips) 
Seat 4: eizeen ($1.39 in chips) 
Seat 7: marcos jo196 ($1.09 in chips) 
Seat 8: casis44 ($1.56 in chips) 
Seat 9: Dorex2007 ($2.13 in chips) 
trente-sept: posts small blind $0.01
google_8644: posts big blind $0.02
schani11: sits out 
kringo22: sits out 
*** HOLE CARDS ***
Dealt to Dorex2007 [3d 4c]
eizeen: folds 
marcos jo196: calls $0.02
casis44: folds 
Dorex2007: calls $0.02
RSZAM: folds 
trente-sept: folds 
google_8644: checks 
*** FLOP *** [5d Th Jd]
google_8644: bets $0.04
marcos jo196: calls $0.04
Dorex2007: folds 
*** TURN *** [5d Th Jd] [3h]
google_8644: bets $0.08
marcos jo196: calls $0.08
*** RIVER *** [5d Th Jd 3h] [4d]
google_8644: checks 
marcos jo196: bets $0.95 and is all-in
google_8644: folds 
Uncalled bet ($0.95) returned to marcos jo196
marcos jo196 collected $0.30 from pot
marcos jo196: doesn't show hand 
*** SUMMARY ***
Total pot $0.31 | Rake $0.01 
Board [5d Th Jd 3h 4d]
Seat 1: RSZAM (button) folded before Flop (didn't bet)
Seat 2: trente-sept (small blind) folded before Flop
Seat 3: google_8644 (big blind) folded on the River
Seat 4: eizeen folded before Flop (didn't bet)
Seat 7: marcos jo196 collected ($0.30)
Seat 8: casis44 folded before Flop (didn't bet)
Seat 9: Dorex2007 folded on the Flop



PokerStars Hand #236294360731:  Hold'em No Limit ($0.01/$0.02 USD) - 2022/05/22 13:02:58 PT [2022/05/22 16:02:58 ET]
Table 'Venus III' 9-max Seat #2 is the button
Seat 1: RSZAM ($0.90 in chips) 
Seat 2: trente-sept ($0.49 in chips) 
Seat 3: google_8644 ($0.68 in chips) 
Seat 4: eizeen ($1.39 in chips) 
Seat 7: marcos jo196 ($1.25 in chips) 
Seat 8: casis44 ($1.56 in chips) 
Seat 9: Dorex2007 ($2.11 in chips) 
google_8644: posts small blind $0.01
eizeen: posts big blind $0.02
schani11: sits out 
kringo22: sits out 
*** HOLE CARDS ***
Dealt to Dorex2007 [4d 8s]
marcos jo196: folds 
casis44: folds 
Dorex2007: folds 
RSZAM has timed out
RSZAM: folds 
trente-sept: raises $0.04 to $0.06
google_8644: folds 
eizeen: folds 
Uncalled bet ($0.04) returned to trente-sept
trente-sept collected $0.05 from pot
trente-sept: doesn't show hand 
*** SUMMARY ***
Total pot $0.05 | Rake $0 
Seat 1: RSZAM folded before Flop (didn't bet)
Seat 2: trente-sept (button) collected ($0.05)
Seat 3: google_8644 (small blind) folded before Flop
Seat 4: eizeen (big blind) folded before Flop
Seat 7: marcos jo196 folded before Flop (didn't bet)
Seat 8: casis44 folded before Flop (didn't bet)
Seat 9: Dorex2007 folded before Flop (didn't bet)



PokerStars Hand #236294376016:  Hold'em No Limit ($0.01/$0.02 USD) - 2022/05/22 13:03:31 PT [2022/05/22 16:03:31 ET]
Table 'Venus III' 9-max Seat #3 is the button
Seat 1: RSZAM ($0.90 in chips) 
Seat 2: trente-sept ($0.52 in chips) 
Seat 3: google_8644 ($0.67 in chips) 
Seat 4: eizeen ($1.37 in chips) 
Seat 5: schani11 ($1.60 in chips) 
Seat 7: marcos jo196 ($1.25 in chips) 
Seat 8: casis44 ($1.56 in chips) 
Seat 9: Dorex2007 ($2.11 in chips) 
eizeen: posts small blind $0.01
schani11: posts big blind $0.02
kringo22: sits out 
*** HOLE CARDS ***
Dealt to Dorex2007 [Jh 8h]
marcos jo196: calls $0.02
casis44: calls $0.02
Dorex2007: folds 
RSZAM: folds 
trente-sept: folds 
google_8644: raises $0.04 to $0.06
eizeen: calls $0.05
schani11: folds 
marcos jo196: calls $0.04
casis44: calls $0.04
*** FLOP *** [5h 4d 9h]
eizeen: checks 
marcos jo196: checks 
casis44: checks 
google_8644: bets $0.10
eizeen: folds 
marcos jo196: calls $0.10
casis44: folds 
*** TURN *** [5h 4d 9h] [Td]
marcos jo196: checks 
google_8644: bets $0.18
marcos jo196: folds 
Uncalled bet ($0.18) returned to google_8644
google_8644 collected $0.44 from pot
google_8644: doesn't show hand 
*** SUMMARY ***
Total pot $0.46 | Rake $0.02 
Board [5h 4d 9h Td]
Seat 1: RSZAM folded before Flop (didn't bet)
Seat 2: trente-sept folded before Flop (didn't bet)
Seat 3: google_8644 (button) collected ($0.44)
Seat 4: eizeen (small blind) folded on the Flop
Seat 5: schani11 (big blind) folded before Flop
Seat 7: marcos jo196 folded on the Turn
Seat 8: casis44 folded on the Flop
Seat 9: Dorex2007 folded before Flop (didn't bet)



PokerStars Hand #236294397426:  Hold'em No Limit ($0.01/$0.02 USD) - 2022/05/22 13:04:15 PT [2022/05/22 16:04:15 ET]
Table 'Venus III' 9-max Seat #4 is the button
Seat 1: RSZAM ($0.90 in chips) 
Seat 2: trente-sept ($0.52 in chips) 
Seat 3: google_8644 ($0.95 in chips) 
Seat 4: eizeen ($1.31 in chips) 
Seat 5: schani11 ($1.58 in chips) 
Seat 6: kringo22 ($1 in chips) 
Seat 7: marcos jo196 ($1.09 in chips) 
Seat 8: casis44 ($1.50 in chips) 
Seat 9: Dorex2007 ($2.11 in chips) 
schani11: posts small blind $0.01
kringo22: posts big blind $0.02
*** HOLE CARDS ***
Dealt to Dorex2007 [5c Jh]
marcos jo196: folds 
casis44: calls $0.02
Dorex2007: folds 
RSZAM: folds 
trente-sept: folds 
google_8644: folds 
eizeen: raises $0.06 to $0.08
schani11: calls $0.07
kringo22: folds 
casis44: folds 
*** FLOP *** [Qd 6h 7s]
schani11: checks 
eizeen: bets $0.10
schani11: folds 
Uncalled bet ($0.10) returned to eizeen
eizeen collected $0.19 from pot
eizeen: doesn't show hand 
*** SUMMARY ***
Total pot $0.20 | Rake $0.01 
Board [Qd 6h 7s]
Seat 1: RSZAM folded before Flop (didn't bet)
Seat 2: trente-sept folded before Flop (didn't bet)
Seat 3: google_8644 folded before Flop (didn't bet)
Seat 4: eizeen (button) collected ($0.19)
Seat 5: schani11 (small blind) folded on the Flop
Seat 6: kringo22 (big blind) folded before Flop
Seat 7: marcos jo196 folded before Flop (didn't bet)
Seat 8: casis44 folded before Flop
Seat 9: Dorex2007 folded before Flop (didn't bet)



PokerStars Hand #236294419312:  Hold'em No Limit ($0.01/$0.02 USD) - 2022/05/22 13:04:59 PT [2022/05/22 16:04:59 ET]
Table 'Venus III' 9-max Seat #5 is the button
Seat 1: RSZAM ($0.90 in chips) 
Seat 2: trente-sept ($0.52 in chips) 
Seat 3: google_8644 ($0.95 in chips) 
Seat 4: eizeen ($1.42 in chips) 
Seat 5: schani11 ($1.50 in chips) 
Seat 6: kringo22 ($0.98 in chips) 
Seat 7: marcos jo196 ($1.09 in chips) 
Seat 8: casis44 ($1.48 in chips) 
Seat 9: Dorex2007 ($2.11 in chips) 
kringo22: posts small blind $0.01
marcos jo196: posts big blind $0.02
*** HOLE CARDS ***
Dealt to Dorex2007 [6c 6s]
casis44 has timed out
casis44: folds 
Dorex2007: calls $0.02
RSZAM: folds 
trente-sept: folds 
google_8644: calls $0.02
eizeen: raises $0.06 to $0.08
schani11: folds 
kringo22: folds 
marcos jo196: folds 
Dorex2007: folds 
google_8644: folds 
Uncalled bet ($0.06) returned to eizeen
eizeen collected $0.09 from pot
eizeen: doesn't show hand 
*** SUMMARY ***
Total pot $0.09 | Rake $0 
Seat 1: RSZAM folded before Flop (didn't bet)
Seat 2: trente-sept folded before Flop (didn't bet)
Seat 3: google_8644 folded before Flop
Seat 4: eizeen collected ($0.09)
Seat 5: schani11 (button) folded before Flop (didn't bet)
Seat 6: kringo22 (small blind) folded before Flop
Seat 7: marcos jo196 (big blind) folded before Flop
Seat 8: casis44 folded before Flop (didn't bet)
Seat 9: Dorex2007 folded before Flop



PokerStars Hand #236294441478:  Hold'em No Limit ($0.01/$0.02 USD) - 2022/05/22 13:05:44 PT [2022/05/22 16:05:44 ET]
Table 'Venus III' 9-max Seat #6 is the button
Seat 1: RSZAM ($0.90 in chips) 
Seat 2: trente-sept ($0.52 in chips) 
Seat 3: google_8644 ($0.93 in chips) 
Seat 4: eizeen ($1.49 in chips) 
Seat 5: schani11 ($1.50 in chips) 
Seat 6: kringo22 ($0.97 in chips) 
Seat 7: marcos jo196 ($1.07 in chips) 
Seat 8: casis44 ($1.48 in chips) 
Seat 9: Dorex2007 ($2.09 in chips) 
marcos jo196: posts small blind $0.01
casis44: posts big blind $0.02
*** HOLE CARDS ***
Dealt to Dorex2007 [5d 3s]
Dorex2007: folds 
RSZAM has timed out
RSZAM: folds 
trente-sept: folds 
google_8644: calls $0.02
eizeen: raises $0.08 to $0.10
schani11: folds 
kringo22: folds 
marcos jo196: folds 
casis44: calls $0.08
google_8644: folds 
*** FLOP *** [3d 9d 2h]
casis44: checks 
eizeen: checks 
*** TURN *** [3d 9d 2h] [2c]
casis44: bets $0.02
eizeen: raises $0.13 to $0.15
casis44: folds 
Uncalled bet ($0.13) returned to eizeen
eizeen collected $0.26 from pot
eizeen: doesn't show hand 
*** SUMMARY ***
Total pot $0.27 | Rake $0.01 
Board [3d 9d 2h 2c]
Seat 1: RSZAM folded before Flop (didn't bet)
Seat 2: trente-sept folded before Flop (didn't bet)
Seat 3: google_8644 folded before Flop
Seat 4: eizeen collected ($0.26)
Seat 5: schani11 folded before Flop (didn't bet)
Seat 6: kringo22 (button) folded before Flop (didn't bet)
Seat 7: marcos jo196 (small blind) folded before Flop
Seat 8: casis44 (big blind) folded on the Turn
Seat 9: Dorex2007 folded before Flop (didn't bet)



PokerStars Hand #236294470043:  Hold'em No Limit ($0.01/$0.02 USD) - 2022/05/22 13:06:41 PT [2022/05/22 16:06:41 ET]
Table 'Venus III' 9-max Seat #7 is the button
Seat 1: RSZAM ($0.90 in chips) 
Seat 2: trente-sept ($0.52 in chips) 
Seat 3: google_8644 ($0.91 in chips) 
Seat 4: eizeen ($1.63 in chips) 
Seat 5: schani11 ($1.50 in chips) 
Seat 6: kringo22 ($0.97 in chips) 
Seat 7: marcos jo196 ($1.06 in chips) 
Seat 8: casis44 ($1.36 in chips) 
Seat 9: Dorex2007 ($2.09 in chips) 
casis44: posts small blind $0.01
Dorex2007: posts big blind $0.02
*** HOLE CARDS ***
Dealt to Dorex2007 [3d Td]
RSZAM: folds 
trente-sept: raises $0.02 to $0.04
google_8644: folds 
eizeen: calls $0.04
schani11: folds 
kringo22: calls $0.04
marcos jo196: folds 
casis44: folds 
Dorex2007: folds 
*** FLOP *** [8d 7c 4c]
trente-sept: bets $0.04
eizeen: calls $0.04
kringo22: calls $0.04
*** TURN *** [8d 7c 4c] [5d]
trente-sept: bets $0.14
eizeen: raises $0.16 to $0.30
kringo22: folds 
trente-sept: calls $0.16
*** RIVER *** [8d 7c 4c 5d] [3h]
trente-sept: checks 
eizeen: bets $0.42
trente-sept: calls $0.14 and is all-in
Uncalled bet ($0.28) returned to eizeen
*** SHOW DOWN ***
eizeen: shows [9h 6h] (a straight, Five to Nine)
trente-sept: shows [5h 5s] (three of a kind, Fives)
google_8644 is disconnected 
eizeen collected $1.11 from pot
*** SUMMARY ***
Total pot $1.15 | Rake $0.04 
Board [8d 7c 4c 5d 3h]
Seat 1: RSZAM folded before Flop (didn't bet)
Seat 2: trente-sept showed [5h 5s] and lost with three of a kind, Fives
Seat 3: google_8644 folded before Flop (didn't bet)
Seat 4: eizeen showed [9h 6h] and won ($1.11) with a straight, Five to Nine
Seat 5: schani11 folded before Flop (didn't bet)
Seat 6: kringo22 folded on the Turn
Seat 7: marcos jo196 (button) folded before Flop (didn't bet)
Seat 8: casis44 (small blind) folded before Flop
Seat 9: Dorex2007 (big blind) folded before Flop



PokerStars Hand #236294508408:  Hold'em No Limit ($0.01/$0.02 USD) - 2022/05/22 13:07:59 PT [2022/05/22 16:07:59 ET]
Table 'Venus III' 9-max Seat #8 is the button
Seat 1: RSZAM ($0.90 in chips) 
Seat 3: google_8644 ($0.91 in chips) 
Seat 4: eizeen ($2.22 in chips) 
Seat 5: schani11 ($1.50 in chips) 
Seat 6: kringo22 ($0.89 in chips) 
Seat 7: marcos jo196 ($1.06 in chips) 
Seat 8: casis44 ($1.35 in chips) 
Seat 9: Dorex2007 ($2.07 in chips) 
Dorex2007: posts small blind $0.01
RSZAM: posts big blind $0.02
*** HOLE CARDS ***
Dealt to Dorex2007 [9h 2s]
google_8644 is connected 
google_8644: folds 
eizeen: folds 
schani11 has timed out
schani11: folds 
kringo22 said, ":)"
kringo22: folds 
marcos jo196: folds 
casis44: calls $0.02
Dorex2007: folds 
RSZAM: checks 
*** FLOP *** [8c 9c 8d]
trente-sept said, "nice hand"
RSZAM: checks 
casis44: checks 
*** TURN *** [8c 9c 8d] [7h]
RSZAM: checks 
casis44: checks 
*** RIVER *** [8c 9c 8d 7h] [Ad]
RSZAM: checks 
casis44: checks 
*** SHOW DOWN ***
RSZAM: shows [2d 5s] (a pair of Eights)
casis44: shows [3c 3s] (two pair, Eights and Threes)
casis44 collected $0.05 from pot
*** SUMMARY ***
Total pot $0.05 | Rake $0 
Board [8c 9c 8d 7h Ad]
Seat 1: RSZAM (big blind) showed [2d 5s] and lost with a pair of Eights
Seat 3: google_8644 folded before Flop (didn't bet)
Seat 4: eizeen folded before Flop (didn't bet)
Seat 5: schani11 folded before Flop (didn't bet)
Seat 6: kringo22 folded before Flop (didn't bet)
Seat 7: marcos jo196 folded before Flop (didn't bet)
Seat 8: casis44 (button) showed [3c 3s] and won ($0.05) with two pair, Eights and Threes
Seat 9: Dorex2007 (small blind) folded before Flop



PokerStars Hand #236294537616:  Hold'em No Limit ($0.01/$0.02 USD) - 2022/05/22 13:08:38 PT [2022/05/22 16:08:38 ET]
Table 'Venus III' 9-max Seat #9 is the button
Seat 1: RSZAM ($0.88 in chips) 
Seat 2: trente-sept ($2 in chips) 
Seat 3: google_8644 ($0.91 in chips) 
Seat 4: eizeen ($2.22 in chips) 
Seat 6: kringo22 ($0.89 in chips) 
Seat 7: marcos jo196 ($1.06 in chips) 
Seat 8: casis44 ($1.38 in chips) 
Seat 9: Dorex2007 ($2.06 in chips) 
RSZAM: posts small blind $0.01
trente-sept: posts big blind $0.02
*** HOLE CARDS ***
Dealt to Dorex2007 [Ts Kh]
google_8644: raises $0.04 to $0.06
eizeen: folds 
kringo22: folds 
marcos jo196: calls $0.06
casis44: calls $0.06
Dorex2007: folds 
RSZAM: folds 
trente-sept: calls $0.04
*** FLOP *** [Ad Th Ah]
trente-sept: checks 
google_8644: checks 
marcos jo196: checks 
casis44: checks 
*** TURN *** [Ad Th Ah] [7c]
trente-sept: checks 
google_8644: bets $0.06
marcos jo196: folds 
casis44: calls $0.06
trente-sept: folds 
*** RIVER *** [Ad Th Ah 7c] [Qd]
google_8644: bets $0.12
casis44: calls $0.12
*** SHOW DOWN ***
google_8644: shows [Ac Jd] (three of a kind, Aces)
casis44: mucks hand 
google_8644 collected $0.59 from pot
*** SUMMARY ***
Total pot $0.61 | Rake $0.02 
Board [Ad Th Ah 7c Qd]
Seat 1: RSZAM (small blind) folded before Flop
Seat 2: trente-sept (big blind) folded on the Turn
Seat 3: google_8644 showed [Ac Jd] and won ($0.59) with three of a kind, Aces
Seat 4: eizeen folded before Flop (didn't bet)
Seat 6: kringo22 folded before Flop (didn't bet)
Seat 7: marcos jo196 folded on the Turn
Seat 8: casis44 mucked [Kd Ks]
Seat 9: Dorex2007 (button) folded before Flop (didn't bet)



PokerStars Hand #236294567984:  Hold'em No Limit ($0.01/$0.02 USD) - 2022/05/22 13:09:40 PT [2022/05/22 16:09:40 ET]
Table 'Venus III' 9-max Seat #1 is the button
Seat 1: RSZAM ($0.87 in chips) 
Seat 2: trente-sept ($1.94 in chips) 
Seat 3: google_8644 ($1.26 in chips) 
Seat 4: eizeen ($2.22 in chips) 
Seat 5: schani11 ($1.50 in chips) 
Seat 6: kringo22 ($0.89 in chips) 
Seat 7: marcos jo196 ($1 in chips) 
Seat 8: casis44 ($1.14 in chips) 
Seat 9: Dorex2007 ($2.06 in chips) 
trente-sept: posts small blind $0.01
google_8644: posts big blind $0.02
*** HOLE CARDS ***
Dealt to Dorex2007 [2c Jh]
eizeen: folds 
schani11: folds 
kringo22: folds 
marcos jo196: raises $0.05 to $0.07
casis44: calls $0.07
Dorex2007: folds 
RSZAM: folds 
trente-sept: calls $0.06
google_8644: calls $0.05
*** FLOP *** [9s 3h 5s]
trente-sept: checks 
google_8644: bets $0.10
marcos jo196: raises $0.83 to $0.93 and is all-in
casis44: folds 
trente-sept: folds 
google_8644: folds 
Uncalled bet ($0.83) returned to marcos jo196
marcos jo196 collected $0.46 from pot
marcos jo196: doesn't show hand 
*** SUMMARY ***
Total pot $0.48 | Rake $0.02 
Board [9s 3h 5s]
Seat 1: RSZAM (button) folded before Flop (didn't bet)
Seat 2: trente-sept (small blind) folded on the Flop
Seat 3: google_8644 (big blind) folded on the Flop
Seat 4: eizeen folded before Flop (didn't bet)
Seat 5: schani11 folded before Flop (didn't bet)
Seat 6: kringo22 folded before Flop (didn't bet)
Seat 7: marcos jo196 collected ($0.46)
Seat 8: casis44 folded on the Flop
Seat 9: Dorex2007 folded before Flop (didn't bet)



PokerStars Hand #236294587601:  Hold'em No Limit ($0.01/$0.02 USD) - 2022/05/22 13:10:19 PT [2022/05/22 16:10:19 ET]
Table 'Venus III' 9-max Seat #2 is the button
Seat 1: RSZAM ($0.87 in chips) 
Seat 2: trente-sept ($1.87 in chips) 
Seat 3: google_8644 ($1.09 in chips) 
Seat 4: eizeen ($2.22 in chips) 
Seat 5: schani11 ($1.50 in chips) 
Seat 6: kringo22 ($0.89 in chips) 
Seat 7: marcos jo196 ($1.29 in chips) 
Seat 8: casis44 ($1.07 in chips) 
Seat 9: Dorex2007 ($2.06 in chips) 
google_8644: posts small blind $0.01
eizeen: posts big blind $0.02
*** HOLE CARDS ***
Dealt to Dorex2007 [3h Tc]
schani11 has timed out
schani11: folds 
kringo22: raises $0.04 to $0.06
marcos jo196: folds 
casis44: calls $0.06
Dorex2007: folds 
RSZAM: folds 
trente-sept: calls $0.06
google_8644: folds 
eizeen: folds 
*** FLOP *** [9h 8c Ad]
google_8644 leaves the table
kringo22: checks 
casis44: checks 
trente-sept: bets $0.06
kringo22: raises $0.06 to $0.12
casis44: folds 
trente-sept: calls $0.06
*** TURN *** [9h 8c Ad] [4s]
donramon9 joins the table at seat #3 
kringo22: checks 
trente-sept: checks 
*** RIVER *** [9h 8c Ad 4s] [6c]
kringo22: bets $0.20
trente-sept: folds 
Uncalled bet ($0.20) returned to kringo22
kringo22 collected $0.43 from pot
kringo22: doesn't show hand 
*** SUMMARY ***
Total pot $0.45 | Rake $0.02 
Board [9h 8c Ad 4s 6c]
Seat 1: RSZAM folded before Flop (didn't bet)
Seat 2: trente-sept (button) folded on the River
Seat 3: google_8644 (small blind) folded before Flop
Seat 4: eizeen (big blind) folded before Flop
Seat 5: schani11 folded before Flop (didn't bet)
Seat 6: kringo22 collected ($0.43)
Seat 7: marcos jo196 folded before Flop (didn't bet)
Seat 8: casis44 folded on the Flop
Seat 9: Dorex2007 folded before Flop (didn't bet)



PokerStars Hand #236294621814:  Hold'em No Limit ($0.01/$0.02 USD) - 2022/05/22 13:11:29 PT [2022/05/22 16:11:29 ET]
Table 'Venus III' 9-max Seat #4 is the button
Seat 1: RSZAM ($0.87 in chips) 
Seat 2: trente-sept ($1.69 in chips) 
Seat 4: eizeen ($2.20 in chips) 
Seat 5: schani11 ($1.50 in chips) 
Seat 6: kringo22 ($1.14 in chips) 
Seat 7: marcos jo196 ($1.29 in chips) 
Seat 8: casis44 ($1.01 in chips) 
Seat 9: Dorex2007 ($2.06 in chips) 
schani11: posts small blind $0.01
kringo22: posts big blind $0.02
donramon9: sits out 
*** HOLE CARDS ***
Dealt to Dorex2007 [8d 2s]
marcos jo196: folds 
casis44: calls $0.02
Dorex2007: folds 
RSZAM: folds 
trente-sept: folds 
eizeen: folds 
schani11: calls $0.01
kringo22: checks 
*** FLOP *** [6s 6d Ad]
schani11: checks 
kringo22: checks 
casis44: checks 
*** TURN *** [6s 6d Ad] [8s]
schani11: checks 
kringo22: bets $0.06
casis44: folds 
schani11: folds 
Uncalled bet ($0.06) returned to kringo22
kringo22 collected $0.06 from pot
kringo22: doesn't show hand 
*** SUMMARY ***
Total pot $0.06 | Rake $0 
Board [6s 6d Ad 8s]
Seat 1: RSZAM folded before Flop (didn't bet)
Seat 2: trente-sept folded before Flop (didn't bet)
Seat 4: eizeen (button) folded before Flop (didn't bet)
Seat 5: schani11 (small blind) folded on the Turn
Seat 6: kringo22 (big blind) collected ($0.06)
Seat 7: marcos jo196 folded before Flop (didn't bet)
Seat 8: casis44 folded on the Turn
Seat 9: Dorex2007 folded before Flop (didn't bet)



PokerStars Hand #236294640105:  Hold'em No Limit ($0.01/$0.02 USD) - 2022/05/22 13:12:07 PT [2022/05/22 16:12:07 ET]
Table 'Venus III' 9-max Seat #5 is the button
Seat 1: RSZAM ($0.87 in chips) 
Seat 2: trente-sept ($1.69 in chips) 
Seat 4: eizeen ($2.20 in chips) 
Seat 5: schani11 ($1.48 in chips) 
Seat 6: kringo22 ($1.18 in chips) 
Seat 7: marcos jo196 ($1.29 in chips) 
Seat 8: casis44 ($0.99 in chips) 
Seat 9: Dorex2007 ($2.06 in chips) 
kringo22: posts small blind $0.01
marcos jo196: posts big blind $0.02
donramon9: sits out 
*** HOLE CARDS ***
Dealt to Dorex2007 [5s 2h]
casis44: folds 
Dorex2007: folds 
RSZAM: raises $0.04 to $0.06
trente-sept: folds 
eizeen: folds 
schani11: folds 
kringo22: folds 
marcos jo196: folds 
Uncalled bet ($0.04) returned to RSZAM
RSZAM collected $0.05 from pot
RSZAM: doesn't show hand 
*** SUMMARY ***
Total pot $0.05 | Rake $0 
Seat 1: RSZAM collected ($0.05)
Seat 2: trente-sept folded before Flop (didn't bet)
Seat 4: eizeen folded before Flop (didn't bet)
Seat 5: schani11 (button) folded before Flop (didn't bet)
Seat 6: kringo22 (small blind) folded before Flop
Seat 7: marcos jo196 (big blind) folded before Flop
Seat 8: casis44 folded before Flop (didn't bet)
Seat 9: Dorex2007 folded before Flop (didn't bet)



PokerStars Hand #236294657969:  Hold'em No Limit ($0.01/$0.02 USD) - 2022/05/22 13:12:43 PT [2022/05/22 16:12:43 ET]
Table 'Venus III' 9-max Seat #6 is the button
Seat 1: RSZAM ($0.90 in chips) 
Seat 2: trente-sept ($1.69 in chips) 
Seat 4: eizeen ($2.20 in chips) 
Seat 5: schani11 ($1.48 in chips) 
Seat 6: kringo22 ($1.17 in chips) 
Seat 7: marcos jo196 ($1.27 in chips) 
Seat 8: casis44 ($0.99 in chips) 
Seat 9: Dorex2007 ($2.06 in chips) 
marcos jo196: posts small blind $0.01
casis44: posts big blind $0.02
donramon9: sits out 
*** HOLE CARDS ***
Dealt to Dorex2007 [7c Ac]
Dorex2007: folds 
RSZAM: raises $0.04 to $0.06
trente-sept: calls $0.06
eizeen: calls $0.06
schani11: folds 
kringo22: folds 
marcos jo196: folds 
casis44: calls $0.04
*** FLOP *** [Ks Kh 7h]
casis44: checks 
RSZAM: checks 
trente-sept: bets $0.06
eizeen: calls $0.06
casis44: calls $0.06
RSZAM: folds 
*** TURN *** [Ks Kh 7h] [8d]
casis44: checks 
trente-sept: checks 
kringo22 leaves the table
eizeen: bets $0.12
casis44: calls $0.12
trente-sept: folds 
*** RIVER *** [Ks Kh 7h 8d] [9d]
casis44: checks 
eizeen: bets $0.33
casis44: folds 
Uncalled bet ($0.33) returned to eizeen
eizeen collected $0.65 from pot
eizeen: doesn't show hand 
*** SUMMARY ***
Total pot $0.67 | Rake $0.02 
Board [Ks Kh 7h 8d 9d]
Seat 1: RSZAM folded on the Flop
Seat 2: trente-sept folded on the Turn
Seat 4: eizeen collected ($0.65)
Seat 5: schani11 folded before Flop (didn't bet)
Seat 6: kringo22 (button) folded before Flop (didn't bet)
Seat 7: marcos jo196 (small blind) folded before Flop
Seat 8: casis44 (big blind) folded on the River
Seat 9: Dorex2007 folded before Flop (didn't bet)



PokerStars Hand #236294686446:  Hold'em No Limit ($0.01/$0.02 USD) - 2022/05/22 13:13:42 PT [2022/05/22 16:13:42 ET]
Table 'Venus III' 9-max Seat #7 is the button
Seat 1: RSZAM ($0.84 in chips) 
Seat 2: trente-sept ($1.57 in chips) 
Seat 4: eizeen ($2.61 in chips) 
Seat 5: schani11 ($1.48 in chips) 
Seat 7: marcos jo196 ($1.26 in chips) 
Seat 8: casis44 ($0.75 in chips) 
Seat 9: Dorex2007 ($2.06 in chips) 
casis44: posts small blind $0.01
Dorex2007: posts big blind $0.02
donramon9: sits out 
*** HOLE CARDS ***
Dealt to Dorex2007 [6h 4h]
RSZAM: folds 
trente-sept: folds 
eizeen: raises $0.02 to $0.04
schani11: calls $0.04
marcos jo196: folds 
casis44: calls $0.03
Dorex2007: folds 
*** FLOP *** [Ks 5d 6s]
casis44: checks 
eizeen: bets $0.07
schani11: calls $0.07
casis44: folds 
*** TURN *** [Ks 5d 6s] [Qd]
eizeen: checks 
schani11: bets $0.27
eizeen: folds 
Uncalled bet ($0.27) returned to schani11
schani11 collected $0.27 from pot
schani11: doesn't show hand 
*** SUMMARY ***
Total pot $0.28 | Rake $0.01 
Board [Ks 5d 6s Qd]
Seat 1: RSZAM folded before Flop (didn't bet)
Seat 2: trente-sept folded before Flop (didn't bet)
Seat 4: eizeen folded on the Turn
Seat 5: schani11 collected ($0.27)
Seat 7: marcos jo196 (button) folded before Flop (didn't bet)
Seat 8: casis44 (small blind) folded on the Flop
Seat 9: Dorex2007 (big blind) folded before Flop



PokerStars Hand #236294707996:  Hold'em No Limit ($0.01/$0.02 USD) - 2022/05/22 13:14:26 PT [2022/05/22 16:14:26 ET]
Table 'Venus III' 9-max Seat #8 is the button
Seat 1: RSZAM ($0.84 in chips) 
Seat 2: trente-sept ($1.57 in chips) 
Seat 4: eizeen ($2.50 in chips) 
Seat 5: schani11 ($1.64 in chips) 
Seat 7: marcos jo196 ($1.26 in chips) 
Seat 8: casis44 ($0.71 in chips) 
Seat 9: Dorex2007 ($2.04 in chips) 
Dorex2007: posts small blind $0.01
RSZAM: posts big blind $0.02
donramon9: sits out 
*** HOLE CARDS ***
Dealt to Dorex2007 [9s Qd]
trente-sept: folds 
eizeen: raises $0.04 to $0.06
schani11: folds 
marcos jo196: folds 
casis44: folds 
Dorex2007: folds 
RSZAM: folds 
Uncalled bet ($0.04) returned to eizeen
eizeen collected $0.05 from pot
eizeen: doesn't show hand 
*** SUMMARY ***
Total pot $0.05 | Rake $0 
Seat 1: RSZAM (big blind) folded before Flop
Seat 2: trente-sept folded before Flop (didn't bet)
Seat 4: eizeen collected ($0.05)
Seat 5: schani11 folded before Flop (didn't bet)
Seat 7: marcos jo196 folded before Flop (didn't bet)
Seat 8: casis44 (button) folded before Flop (didn't bet)
Seat 9: Dorex2007 (small blind) folded before Flop



PokerStars Hand #236294718361:  Hold'em No Limit ($0.01/$0.02 USD) - 2022/05/22 13:14:48 PT [2022/05/22 16:14:48 ET]
Table 'Venus III' 9-max Seat #9 is the button
Seat 1: RSZAM ($0.82 in chips) 
Seat 2: trente-sept ($1.57 in chips) 
Seat 4: eizeen ($2.53 in chips) 
Seat 5: schani11 ($1.64 in chips) 
Seat 7: marcos jo196 ($1.26 in chips) 
Seat 8: casis44 ($0.71 in chips) 
Seat 9: Dorex2007 ($2.03 in chips) 
RSZAM: posts small blind $0.01
trente-sept: posts big blind $0.02
donramon9: sits out 
*** HOLE CARDS ***
Dealt to Dorex2007 [3s 7c]
eizeen: calls $0.02
schop.ot.14 joins the table at seat #6 
schani11 has timed out
schani11: folds 
marcos jo196: folds 
casis44: calls $0.02
Dorex2007: folds 
RSZAM: calls $0.01
trente-sept: checks 
*** FLOP *** [2s 8d 4c]
RSZAM: checks 
trente-sept: bets $0.08
eizeen: calls $0.08
casis44: folds 
RSZAM: folds 
*** TURN *** [2s 8d 4c] [Qs]
trente-sept: bets $0.08
eizeen: folds 
Uncalled bet ($0.08) returned to trente-sept
trente-sept collected $0.23 from pot
trente-sept: doesn't show hand 
*** SUMMARY ***
Total pot $0.24 | Rake $0.01 
Board [2s 8d 4c Qs]
Seat 1: RSZAM (small blind) folded on the Flop
Seat 2: trente-sept (big blind) collected ($0.23)
Seat 4: eizeen folded on the Turn
Seat 5: schani11 folded before Flop (didn't bet)
Seat 7: marcos jo196 folded before Flop (didn't bet)
Seat 8: casis44 folded on the Flop
Seat 9: Dorex2007 (button) folded before Flop (didn't bet)



PokerStars Hand #236294741525:  Hold'em No Limit ($0.01/$0.02 USD) - 2022/05/22 13:15:34 PT [2022/05/22 16:15:34 ET]
Table 'Venus III' 9-max Seat #1 is the button
Seat 1: RSZAM ($0.80 in chips) 
Seat 2: trente-sept ($1.70 in chips) 
Seat 3: donramon9 ($1.16 in chips) 
Seat 4: eizeen ($2.43 in chips) 
Seat 5: schani11 ($1.64 in chips) 
Seat 6: schop.ot.14 ($2 in chips) 
Seat 7: marcos jo196 ($1.26 in chips) 
Seat 8: casis44 ($0.69 in chips) 
Seat 9: Dorex2007 ($2.03 in chips) 
trente-sept: posts small blind $0.01
donramon9: posts big blind $0.02
schop.ot.14: posts big blind $0.02
*** HOLE CARDS ***
Dealt to Dorex2007 [7d 5d]
eizeen: calls $0.02
schani11 has timed out
schani11: folds 
schop.ot.14: checks 
marcos jo196: calls $0.02
casis44: folds 
Dorex2007: folds 
RSZAM: folds 
trente-sept: folds 
donramon9: checks 
*** FLOP *** [9h 3h 3s]
donramon9: checks 
eizeen: folds 
eizeen leaves the table
schop.ot.14: checks 
marcos jo196: checks 
*** TURN *** [9h 3h 3s] [Qs]
donramon9: bets $0.05
schop.ot.14: raises $0.05 to $0.10
marcos jo196: folds 
donramon9: calls $0.05
*** RIVER *** [9h 3h 3s Qs] [8d]
donramon9: bets $1.04 and is all-in
schop.ot.14: folds 
Uncalled bet ($1.04) returned to donramon9
donramon9 collected $0.28 from pot
*** SUMMARY ***
Total pot $0.29 | Rake $0.01 
Board [9h 3h 3s Qs 8d]
Seat 1: RSZAM (button) folded before Flop (didn't bet)
Seat 2: trente-sept (small blind) folded before Flop
Seat 3: donramon9 (big blind) collected ($0.28)
Seat 4: eizeen folded on the Flop
Seat 5: schani11 folded before Flop (didn't bet)
Seat 6: schop.ot.14 folded on the River
Seat 7: marcos jo196 folded on the Turn
Seat 8: casis44 folded before Flop (didn't bet)
Seat 9: Dorex2007 folded before Flop (didn't bet)



PokerStars Hand #236294773916:  Hold'em No Limit ($0.01/$0.02 USD) - 2022/05/22 13:16:37 PT [2022/05/22 16:16:37 ET]
Table 'Venus III' 9-max Seat #2 is the button
Seat 1: RSZAM ($0.80 in chips) 
Seat 2: trente-sept ($1.69 in chips) 
Seat 3: donramon9 ($1.32 in chips) 
Seat 5: schani11 ($1.64 in chips) 
Seat 6: schop.ot.14 ($1.88 in chips) 
Seat 7: marcos jo196 ($1.24 in chips) 
Seat 8: casis44 ($0.69 in chips) 
Seat 9: Dorex2007 ($2.03 in chips) 
donramon9: posts small blind $0.01
schani11: posts big blind $0.02
*** HOLE CARDS ***
Dealt to Dorex2007 [Ts 4s]
schop.ot.14: folds 
marcos jo196: folds 
casis44: folds 
Dorex2007: folds 
RSZAM: raises $0.04 to $0.06
trente-sept: raises $0.12 to $0.18
donramon9: folds 
schani11: folds 
RSZAM: calls $0.12
*** FLOP *** [2d 9s 5h]
RSZAM: checks 
trente-sept: bets $0.19
RSZAM: calls $0.19
*** TURN *** [2d 9s 5h] [7h]
RSZAM: bets $0.43 and is all-in
trente-sept: folds 
Uncalled bet ($0.43) returned to RSZAM
RSZAM collected $0.74 from pot
RSZAM: doesn't show hand 
*** SUMMARY ***
Total pot $0.77 | Rake $0.03 
Board [2d 9s 5h 7h]
Seat 1: RSZAM collected ($0.74)
Seat 2: trente-sept (button) folded on the Turn
Seat 3: donramon9 (small blind) folded before Flop
Seat 5: schani11 (big blind) folded before Flop
Seat 6: schop.ot.14 folded before Flop (didn't bet)
Seat 7: marcos jo196 folded before Flop (didn't bet)
Seat 8: casis44 folded before Flop (didn't bet)
Seat 9: Dorex2007 folded before Flop (didn't bet)



PokerStars Hand #236294797869:  Hold'em No Limit ($0.01/$0.02 USD) - 2022/05/22 13:17:25 PT [2022/05/22 16:17:25 ET]
Table 'Venus III' 9-max Seat #3 is the button
Seat 1: RSZAM ($1.17 in chips) 
Seat 2: trente-sept ($1.32 in chips) 
Seat 3: donramon9 ($1.31 in chips) 
Seat 5: schani11 ($1.62 in chips) 
Seat 6: schop.ot.14 ($1.88 in chips) 
Seat 7: marcos jo196 ($1.24 in chips) 
Seat 8: casis44 ($0.69 in chips) 
Seat 9: Dorex2007 ($2.03 in chips) 
schani11: posts small blind $0.01
schop.ot.14: posts big blind $0.02
*** HOLE CARDS ***
Dealt to Dorex2007 [Ah 6c]
marcos jo196: folds 
casis44: folds 
Dorex2007: folds 
RSZAM: folds 
trente-sept: folds 
donramon9: folds 
schani11: folds 
Uncalled bet ($0.01) returned to schop.ot.14
schop.ot.14 collected $0.02 from pot
schop.ot.14: doesn't show hand 
*** SUMMARY ***
Total pot $0.02 | Rake $0 
Seat 1: RSZAM folded before Flop (didn't bet)
Seat 2: trente-sept folded before Flop (didn't bet)
Seat 3: donramon9 (button) folded before Flop (didn't bet)
Seat 5: schani11 (small blind) folded before Flop
Seat 6: schop.ot.14 (big blind) collected ($0.02)
Seat 7: marcos jo196 folded before Flop (didn't bet)
Seat 8: casis44 folded before Flop (didn't bet)
Seat 9: Dorex2007 folded before Flop (didn't bet)



PokerStars Hand #236294804412:  Hold'em No Limit ($0.01/$0.02 USD) - 2022/05/22 13:17:39 PT [2022/05/22 16:17:39 ET]
Table 'Venus III' 9-max Seat #5 is the button
Seat 1: RSZAM ($1.17 in chips) 
Seat 2: trente-sept ($1.32 in chips) 
Seat 3: donramon9 ($1.31 in chips) 
Seat 5: schani11 ($1.61 in chips) 
Seat 6: schop.ot.14 ($1.89 in chips) 
Seat 7: marcos jo196 ($1.24 in chips) 
Seat 8: casis44 ($0.69 in chips) 
Seat 9: Dorex2007 ($2.03 in chips) 
schop.ot.14: posts small blind $0.01
marcos jo196: posts big blind $0.02
*** HOLE CARDS ***
Dealt to Dorex2007 [8c 9s]
casis44: folds 
Dorex2007: folds 
RSZAM: folds 
trente-sept: folds 
donramon9: folds 
schani11: calls $0.02
schop.ot.14: calls $0.01
Magic.Owz joins the table at seat #4 
marcos jo196: raises $0.08 to $0.10
schani11: calls $0.08
schop.ot.14: calls $0.08
*** FLOP *** [2d 7c Kh]
schop.ot.14: checks 
marcos jo196: checks 
schani11: bets $0.29
schop.ot.14: folds 
marcos jo196: folds 
Uncalled bet ($0.29) returned to schani11
schani11 collected $0.29 from pot
schani11: doesn't show hand 
*** SUMMARY ***
Total pot $0.30 | Rake $0.01 
Board [2d 7c Kh]
Seat 1: RSZAM folded before Flop (didn't bet)
Seat 2: trente-sept folded before Flop (didn't bet)
Seat 3: donramon9 folded before Flop (didn't bet)
Seat 5: schani11 (button) collected ($0.29)
Seat 6: schop.ot.14 (small blind) folded on the Flop
Seat 7: marcos jo196 (big blind) folded on the Flop
Seat 8: casis44 folded before Flop (didn't bet)
Seat 9: Dorex2007 folded before Flop (didn't bet)



PokerStars Hand #236294821942:  Hold'em No Limit ($0.01/$0.02 USD) - 2022/05/22 13:18:14 PT [2022/05/22 16:18:14 ET]
Table 'Venus III' 9-max Seat #6 is the button
Seat 1: RSZAM ($1.17 in chips) 
Seat 2: trente-sept ($1.32 in chips) 
Seat 3: donramon9 ($1.31 in chips) 
Seat 5: schani11 ($1.80 in chips) 
Seat 6: schop.ot.14 ($1.79 in chips) 
Seat 7: marcos jo196 ($1.14 in chips) 
Seat 8: casis44 ($0.69 in chips) 
Seat 9: Dorex2007 ($2.03 in chips) 
marcos jo196: posts small blind $0.01
casis44: posts big blind $0.02
Magic.Owz: sits out 
*** HOLE CARDS ***
Dealt to Dorex2007 [4h Ah]
Dorex2007: calls $0.02
RSZAM: folds 
trente-sept: folds 
donramon9: folds 
schani11: folds 
schop.ot.14: folds 
marcos jo196: calls $0.01
casis44: checks 
*** FLOP *** [2d 2h Ac]
marcos jo196: checks 
casis44: checks 
Dorex2007: bets $0.06
marcos jo196: folds 
casis44: folds 
Uncalled bet ($0.06) returned to Dorex2007
Dorex2007 collected $0.06 from pot
Dorex2007: doesn't show hand 
*** SUMMARY ***
Total pot $0.06 | Rake $0 
Board [2d 2h Ac]
Seat 1: RSZAM folded before Flop (didn't bet)
Seat 2: trente-sept folded before Flop (didn't bet)
Seat 3: donramon9 folded before Flop (didn't bet)
Seat 5: schani11 folded before Flop (didn't bet)
Seat 6: schop.ot.14 (button) folded before Flop (didn't bet)
Seat 7: marcos jo196 (small blind) folded on the Flop
Seat 8: casis44 (big blind) folded on the Flop
Seat 9: Dorex2007 collected ($0.06)



PokerStars Hand #236294835367:  Hold'em No Limit ($0.01/$0.02 USD) - 2022/05/22 13:18:41 PT [2022/05/22 16:18:41 ET]
Table 'Venus III' 9-max Seat #7 is the button
Seat 1: RSZAM ($1.17 in chips) 
Seat 2: trente-sept ($1.32 in chips) 
Seat 3: donramon9 ($1.31 in chips) 
Seat 5: schani11 ($1.80 in chips) 
Seat 6: schop.ot.14 ($1.79 in chips) 
Seat 7: marcos jo196 ($1.12 in chips) 
Seat 8: casis44 ($0.67 in chips) 
Seat 9: Dorex2007 ($2.07 in chips) 
casis44: posts small blind $0.01
Dorex2007: posts big blind $0.02
Magic.Owz: sits out 
*** HOLE CARDS ***
Dealt to Dorex2007 [7h Jd]
RSZAM: folds 
trente-sept: folds 
donramon9: calls $0.02
schani11: calls $0.02
schop.ot.14: calls $0.02
marcos jo196: folds 
casis44: calls $0.01
Dorex2007: checks 
*** FLOP *** [3d 3c Ad]
casis44: checks 
Dorex2007: checks 
donramon9: checks 
schani11: checks 
schop.ot.14: checks 
*** TURN *** [3d 3c Ad] [6h]
casis44: checks 
Dorex2007: checks 
donramon9: checks 
schani11: checks 
schop.ot.14: checks 
*** RIVER *** [3d 3c Ad 6h] [Qd]
casis44: checks 
Dorex2007: checks 
donramon9: checks 
schani11: checks 
schop.ot.14: checks 
*** SHOW DOWN ***
casis44: shows [Ks 7s] (a pair of Threes)
Dorex2007: mucks hand 
donramon9: shows [4s 4h] (two pair, Fours and Threes)
schani11: mucks hand 
schop.ot.14: mucks hand 
donramon9 collected $0.10 from pot
*** SUMMARY ***
Total pot $0.10 | Rake $0 
Board [3d 3c Ad 6h Qd]
Seat 1: RSZAM folded before Flop (didn't bet)
Seat 2: trente-sept folded before Flop (didn't bet)
Seat 3: donramon9 showed [4s 4h] and won ($0.10) with two pair, Fours and Threes
Seat 5: schani11 mucked [8h 9c]
Seat 6: schop.ot.14 mucked [Jc 7c]
Seat 7: marcos jo196 (button) folded before Flop (didn't bet)
Seat 8: casis44 (small blind) showed [Ks 7s] and lost with a pair of Threes
Seat 9: Dorex2007 (big blind) mucked [7h Jd]



PokerStars Hand #236294864793:  Hold'em No Limit ($0.01/$0.02 USD) - 2022/05/22 13:19:40 PT [2022/05/22 16:19:40 ET]
Table 'Venus III' 9-max Seat #8 is the button
Seat 1: RSZAM ($1.17 in chips) 
Seat 2: trente-sept ($1.32 in chips) 
Seat 3: donramon9 ($1.39 in chips) 
Seat 5: schani11 ($1.78 in chips) 
Seat 6: schop.ot.14 ($1.77 in chips) 
Seat 7: marcos jo196 ($1.12 in chips) 
Seat 8: casis44 ($0.65 in chips) 
Seat 9: Dorex2007 ($2.05 in chips) 
Dorex2007: posts small blind $0.01
RSZAM: posts big blind $0.02
Magic.Owz: sits out 
*** HOLE CARDS ***
Dealt to Dorex2007 [5s 4d]
trente-sept: folds 
donramon9: folds 
schani11: calls $0.02
schop.ot.14: calls $0.02
marcos jo196: folds 
casis44: folds 
Dorex2007: folds 
RSZAM: raises $0.04 to $0.06
schani11: folds 
schop.ot.14: calls $0.04
*** FLOP *** [7h 9c 6d]
RSZAM: bets $0.07
schop.ot.14: raises $0.14 to $0.21
RSZAM: calls $0.14
*** TURN *** [7h 9c 6d] [8s]
RSZAM: bets $0.90 and is all-in
schop.ot.14: calls $0.90
*** RIVER *** [7h 9c 6d 8s] [Qc]
*** SHOW DOWN ***
RSZAM: shows [Qs Ac] (a pair of Queens)
schop.ot.14: shows [6c 7s] (two pair, Sevens and Sixes)
schop.ot.14 collected $2.29 from pot
RSZAM cashed out the hand for $0.21
*** SUMMARY ***
Total pot $2.37 | Rake $0.08 
Board [7h 9c 6d 8s Qc]
Seat 1: RSZAM (big blind) showed [Qs Ac] and lost with a pair of Queens (cashed out).
Seat 2: trente-sept folded before Flop (didn't bet)
Seat 3: donramon9 folded before Flop (didn't bet)
Seat 5: schani11 folded before Flop
Seat 6: schop.ot.14 showed [6c 7s] and won ($2.29) with two pair, Sevens and Sixes
Seat 7: marcos jo196 folded before Flop (didn't bet)
Seat 8: casis44 (button) folded before Flop (didn't bet)
Seat 9: Dorex2007 (small blind) folded before Flop



PokerStars Hand #236294897103:  Hold'em No Limit ($0.01/$0.02 USD) - 2022/05/22 13:20:45 PT [2022/05/22 16:20:45 ET]
Table 'Venus III' 9-max Seat #9 is the button
Seat 1: RSZAM ($0.21 in chips) 
Seat 2: trente-sept ($1.32 in chips) 
Seat 3: donramon9 ($1.39 in chips) 
Seat 5: schani11 ($1.76 in chips) 
Seat 6: schop.ot.14 ($2.89 in chips) 
Seat 7: marcos jo196 ($1.12 in chips) 
Seat 8: casis44 ($0.65 in chips) 
Seat 9: Dorex2007 ($2.04 in chips) 
RSZAM: posts small blind $0.01
trente-sept: posts big blind $0.02
Magic.Owz: sits out 
*** HOLE CARDS ***
Dealt to Dorex2007 [5c 7d]
donramon9: folds 
schani11: folds 
schop.ot.14: raises $0.05 to $0.07
marcos jo196: folds 
casis44: folds 
Dorex2007: folds 
RSZAM: folds 
trente-sept: folds 
Uncalled bet ($0.05) returned to schop.ot.14
schop.ot.14 collected $0.05 from pot
schop.ot.14: doesn't show hand 
*** SUMMARY ***
Total pot $0.05 | Rake $0 
Seat 1: RSZAM (small blind) folded before Flop
Seat 2: trente-sept (big blind) folded before Flop
Seat 3: donramon9 folded before Flop (didn't bet)
Seat 5: schani11 folded before Flop (didn't bet)
Seat 6: schop.ot.14 collected ($0.05)
Seat 7: marcos jo196 folded before Flop (didn't bet)
Seat 8: casis44 folded before Flop (didn't bet)
Seat 9: Dorex2007 (button) folded before Flop (didn't bet)



PokerStars Hand #236294906899:  Hold'em No Limit ($0.01/$0.02 USD) - 2022/05/22 13:21:05 PT [2022/05/22 16:21:05 ET]
Table 'Venus III' 9-max Seat #1 is the button
Seat 1: RSZAM ($0.20 in chips) 
Seat 2: trente-sept ($1.30 in chips) 
Seat 3: donramon9 ($1.39 in chips) 
Seat 5: schani11 ($1.76 in chips) 
Seat 6: schop.ot.14 ($2.92 in chips) 
Seat 7: marcos jo196 ($1.12 in chips) 
Seat 8: casis44 ($0.65 in chips) 
Seat 9: Dorex2007 ($2.04 in chips) 
trente-sept: posts small blind $0.01
donramon9: posts big blind $0.02
Magic.Owz: sits out 
*** HOLE CARDS ***
Dealt to Dorex2007 [4c 3s]
schani11: calls $0.02
schop.ot.14: folds 
marcos jo196: folds 
casis44: folds 
Dorex2007: folds 
RSZAM: raises $0.04 to $0.06
trente-sept: folds 
donramon9: folds 
schani11: calls $0.04
*** FLOP *** [2c 5h 8s]
schani11: checks 
RSZAM: bets $0.14 and is all-in
schani11: folds 
Uncalled bet ($0.14) returned to RSZAM
RSZAM collected $0.14 from pot
RSZAM: doesn't show hand 
*** SUMMARY ***
Total pot $0.15 | Rake $0.01 
Board [2c 5h 8s]
Seat 1: RSZAM (button) collected ($0.14)
Seat 2: trente-sept (small blind) folded before Flop
Seat 3: donramon9 (big blind) folded before Flop
Seat 5: schani11 folded on the Flop
Seat 6: schop.ot.14 folded before Flop (didn't bet)
Seat 7: marcos jo196 folded before Flop (didn't bet)
Seat 8: casis44 folded before Flop (didn't bet)
Seat 9: Dorex2007 folded before Flop (didn't bet)



PokerStars Hand #236294920729:  Hold'em No Limit ($0.01/$0.02 USD) - 2022/05/22 13:21:33 PT [2022/05/22 16:21:33 ET]
Table 'Venus III' 9-max Seat #2 is the button
Seat 1: RSZAM ($0.28 in chips) 
Seat 2: trente-sept ($1.29 in chips) 
Seat 3: donramon9 ($1.37 in chips) 
Seat 4: Magic.Owz ($2 in chips) 
Seat 5: schani11 ($1.70 in chips) 
Seat 6: schop.ot.14 ($2.92 in chips) 
Seat 7: marcos jo196 ($1.12 in chips) 
Seat 8: casis44 ($0.65 in chips) 
Seat 9: Dorex2007 ($2.04 in chips) 
donramon9: posts small blind $0.01
Magic.Owz: posts big blind $0.02
*** HOLE CARDS ***
Dealt to Dorex2007 [3s Qh]
schani11: folds 
schop.ot.14: calls $0.02
marcos jo196: calls $0.02
casis44: calls $0.02
Dorex2007: folds 
RSZAM: folds 
trente-sept: folds 
donramon9: calls $0.01
Magic.Owz: raises $0.16 to $0.18
schop.ot.14: calls $0.16
marcos jo196: raises $0.94 to $1.12 and is all-in
casis44: folds 
donramon9: folds 
Magic.Owz: folds 
schop.ot.14: folds 
Uncalled bet ($0.94) returned to marcos jo196
marcos jo196 collected $0.58 from pot
marcos jo196: doesn't show hand 
*** SUMMARY ***
Total pot $0.58 | Rake $0 
Seat 1: RSZAM folded before Flop (didn't bet)
Seat 2: trente-sept (button) folded before Flop (didn't bet)
Seat 3: donramon9 (small blind) folded before Flop
Seat 4: Magic.Owz (big blind) folded before Flop
Seat 5: schani11 folded before Flop (didn't bet)
Seat 6: schop.ot.14 folded before Flop
Seat 7: marcos jo196 collected ($0.58)
Seat 8: casis44 folded before Flop
Seat 9: Dorex2007 folded before Flop (didn't bet)



PokerStars Hand #236294938317:  Hold'em No Limit ($0.01/$0.02 USD) - 2022/05/22 13:22:07 PT [2022/05/22 16:22:07 ET]
Table 'Venus III' 9-max Seat #3 is the button
Seat 1: RSZAM ($0.28 in chips) 
Seat 2: trente-sept ($1.29 in chips) 
Seat 3: donramon9 ($1.35 in chips) 
Seat 4: Magic.Owz ($1.82 in chips) 
Seat 5: schani11 ($1.70 in chips) 
Seat 6: schop.ot.14 ($2.74 in chips) 
Seat 7: marcos jo196 ($1.52 in chips) 
Seat 8: casis44 ($0.63 in chips) 
Seat 9: Dorex2007 ($2.04 in chips) 
Magic.Owz: posts small blind $0.01
schani11: posts big blind $0.02
*** HOLE CARDS ***
Dealt to Dorex2007 [3d Ah]
schop.ot.14: folds 
marcos jo196: folds 
casis44: calls $0.02
Dorex2007: folds 
RSZAM: folds 
trente-sept: folds 
donramon9: raises $0.07 to $0.09
Magic.Owz: folds 
schani11: folds 
casis44: folds 
Uncalled bet ($0.07) returned to donramon9
donramon9 collected $0.07 from pot
*** SUMMARY ***
Total pot $0.07 | Rake $0 
Seat 1: RSZAM folded before Flop (didn't bet)
Seat 2: trente-sept folded before Flop (didn't bet)
Seat 3: donramon9 (button) collected ($0.07)
Seat 4: Magic.Owz (small blind) folded before Flop
Seat 5: schani11 (big blind) folded before Flop
Seat 6: schop.ot.14 folded before Flop (didn't bet)
Seat 7: marcos jo196 folded before Flop (didn't bet)
Seat 8: casis44 folded before Flop
Seat 9: Dorex2007 folded before Flop (didn't bet)



PokerStars Hand #236294953607:  Hold'em No Limit ($0.01/$0.02 USD) - 2022/05/22 13:22:38 PT [2022/05/22 16:22:38 ET]
Table 'Venus III' 9-max Seat #4 is the button
Seat 1: RSZAM ($0.28 in chips) 
Seat 2: trente-sept ($1.29 in chips) 
Seat 3: donramon9 ($1.40 in chips) 
Seat 4: Magic.Owz ($1.81 in chips) 
Seat 5: schani11 ($1.68 in chips) 
Seat 6: schop.ot.14 ($2.74 in chips) 
Seat 7: marcos jo196 ($1.52 in chips) 
Seat 8: casis44 ($0.61 in chips) 
Seat 9: Dorex2007 ($2.04 in chips) 
schani11: posts small blind $0.01
schop.ot.14: posts big blind $0.02
*** HOLE CARDS ***
Dealt to Dorex2007 [4c 6d]
marcos jo196: calls $0.02
casis44: calls $0.02
Dorex2007: folds 
RSZAM: folds 
trente-sept: folds 
donramon9: folds 
Magic.Owz: calls $0.02
schani11: calls $0.01
schop.ot.14: checks 
*** FLOP *** [8c 9h 4s]
schani11: checks 
schop.ot.14: bets $0.08
marcos jo196: calls $0.08
casis44: folds 
Magic.Owz: folds 
schani11: calls $0.08
*** TURN *** [8c 9h 4s] [4d]
schani11: checks 
schop.ot.14: checks 
marcos jo196: checks 
*** RIVER *** [8c 9h 4s 4d] [5h]
schani11: checks 
schop.ot.14: checks 
marcos jo196: checks 
*** SHOW DOWN ***
schani11: shows [Ad Qs] (a pair of Fours)
schop.ot.14: shows [Kd 9d] (two pair, Nines and Fours)
marcos jo196: mucks hand 
schop.ot.14 collected $0.33 from pot
*** SUMMARY ***
Total pot $0.34 | Rake $0.01 
Board [8c 9h 4s 4d 5h]
Seat 1: RSZAM folded before Flop (didn't bet)
Seat 2: trente-sept folded before Flop (didn't bet)
Seat 3: donramon9 folded before Flop (didn't bet)
Seat 4: Magic.Owz (button) folded on the Flop
Seat 5: schani11 (small blind) showed [Ad Qs] and lost with a pair of Fours
Seat 6: schop.ot.14 (big blind) showed [Kd 9d] and won ($0.33) with two pair, Nines and Fours
Seat 7: marcos jo196 mucked [Kh Qh]
Seat 8: casis44 folded on the Flop
Seat 9: Dorex2007 folded before Flop (didn't bet)



PokerStars Hand #236294975640:  Hold'em No Limit ($0.01/$0.02 USD) - 2022/05/22 13:23:22 PT [2022/05/22 16:23:22 ET]
Table 'Venus III' 9-max Seat #5 is the button
Seat 1: RSZAM ($0.28 in chips) 
Seat 2: trente-sept ($1.29 in chips) 
Seat 3: donramon9 ($1.40 in chips) 
Seat 4: Magic.Owz ($1.79 in chips) 
Seat 5: schani11 ($1.58 in chips) 
Seat 6: schop.ot.14 ($2.97 in chips) 
Seat 7: marcos jo196 ($1.42 in chips) 
Seat 8: casis44 ($0.59 in chips) 
Seat 9: Dorex2007 ($2.04 in chips) 
schop.ot.14: posts small blind $0.01
marcos jo196: posts big blind $0.02
*** HOLE CARDS ***
Dealt to Dorex2007 [9h Kh]
casis44: folds 
Dorex2007: folds 
RSZAM: folds 
trente-sept: folds 
donramon9: folds 
Magic.Owz: folds 
schani11: folds 
schop.ot.14: folds 
Uncalled bet ($0.01) returned to marcos jo196
marcos jo196 collected $0.02 from pot
*** SUMMARY ***
Total pot $0.02 | Rake $0 
Seat 1: RSZAM folded before Flop (didn't bet)
Seat 2: trente-sept folded before Flop (didn't bet)
Seat 3: donramon9 folded before Flop (didn't bet)
Seat 4: Magic.Owz folded before Flop (didn't bet)
Seat 5: schani11 (button) folded before Flop (didn't bet)
Seat 6: schop.ot.14 (small blind) folded before Flop
Seat 7: marcos jo196 (big blind) collected ($0.02)
Seat 8: casis44 folded before Flop (didn't bet)
Seat 9: Dorex2007 folded before Flop (didn't bet)



PokerStars Hand #236294981307:  Hold'em No Limit ($0.01/$0.02 USD) - 2022/05/22 13:23:34 PT [2022/05/22 16:23:34 ET]
Table 'Venus III' 9-max Seat #6 is the button
Seat 1: RSZAM ($0.28 in chips) 
Seat 2: trente-sept ($1.29 in chips) 
Seat 3: donramon9 ($1.40 in chips) 
Seat 4: Magic.Owz ($1.79 in chips) 
Seat 5: schani11 ($1.58 in chips) 
Seat 6: schop.ot.14 ($2.96 in chips) 
Seat 7: marcos jo196 ($1.43 in chips) 
Seat 8: casis44 ($0.59 in chips) 
Seat 9: Dorex2007 ($2.04 in chips) 
marcos jo196: posts small blind $0.01
casis44: posts big blind $0.02
*** HOLE CARDS ***
Dealt to Dorex2007 [Qd 7s]
Dorex2007: folds 
RSZAM: folds 
trente-sept: folds 
donramon9: folds 
Magic.Owz: folds 
schani11 has timed out
schani11: folds 
schop.ot.14: raises $0.04 to $0.06
marcos jo196: calls $0.05
casis44: folds 
*** FLOP *** [Kc Ks 4c]
marcos jo196: checks 
schop.ot.14: bets $0.10
marcos jo196: folds 
Uncalled bet ($0.10) returned to schop.ot.14
schop.ot.14 collected $0.14 from pot
schop.ot.14: doesn't show hand 
*** SUMMARY ***
Total pot $0.14 | Rake $0 
Board [Kc Ks 4c]
Seat 1: RSZAM folded before Flop (didn't bet)
Seat 2: trente-sept folded before Flop (didn't bet)
Seat 3: donramon9 folded before Flop (didn't bet)
Seat 4: Magic.Owz folded before Flop (didn't bet)
Seat 5: schani11 folded before Flop (didn't bet)
Seat 6: schop.ot.14 (button) collected ($0.14)
Seat 7: marcos jo196 (small blind) folded on the Flop
Seat 8: casis44 (big blind) folded before Flop
Seat 9: Dorex2007 folded before Flop (didn't bet)



PokerStars Hand #236294998485:  Hold'em No Limit ($0.01/$0.02 USD) - 2022/05/22 13:24:09 PT [2022/05/22 16:24:09 ET]
Table 'Venus III' 9-max Seat #7 is the button
Seat 1: RSZAM ($0.28 in chips) 
Seat 2: trente-sept ($1.29 in chips) 
Seat 3: donramon9 ($1.40 in chips) 
Seat 4: Magic.Owz ($1.79 in chips) 
Seat 5: schani11 ($1.58 in chips) 
Seat 6: schop.ot.14 ($3.04 in chips) 
Seat 7: marcos jo196 ($1.37 in chips) 
Seat 8: casis44 ($0.57 in chips) 
Seat 9: Dorex2007 ($2.04 in chips) 
casis44: posts small blind $0.01
Dorex2007: posts big blind $0.02
*** HOLE CARDS ***
Dealt to Dorex2007 [Ah 3h]
RSZAM: raises $0.04 to $0.06
trente-sept: folds 
donramon9: folds 
Magic.Owz: folds 
schani11: calls $0.06
schop.ot.14: folds 
marcos jo196: folds 
casis44: calls $0.05
Dorex2007: folds 
*** FLOP *** [Ac 5d 8s]
casis44: checks 
RSZAM: checks 
schani11: checks 
*** TURN *** [Ac 5d 8s] [7s]
casis44: checks 
RSZAM: checks 
schani11: checks 
*** RIVER *** [Ac 5d 8s 7s] [Th]
casis44: checks 
RSZAM: bets $0.10
schani11: folds 
casis44: folds 
Uncalled bet ($0.10) returned to RSZAM
RSZAM collected $0.19 from pot
RSZAM: doesn't show hand 
*** SUMMARY ***
Total pot $0.20 | Rake $0.01 
Board [Ac 5d 8s 7s Th]
Seat 1: RSZAM collected ($0.19)
Seat 2: trente-sept folded before Flop (didn't bet)
Seat 3: donramon9 folded before Flop (didn't bet)
Seat 4: Magic.Owz folded before Flop (didn't bet)
Seat 5: schani11 folded on the River
Seat 6: schop.ot.14 folded before Flop (didn't bet)
Seat 7: marcos jo196 (button) folded before Flop (didn't bet)
Seat 8: casis44 (small blind) folded on the River
Seat 9: Dorex2007 (big blind) folded before Flop



PokerStars Hand #236295040291:  Hold'em No Limit ($0.01/$0.02 USD) - 2022/05/22 13:25:14 PT [2022/05/22 16:25:14 ET]
Table 'Venus III' 9-max Seat #8 is the button
Seat 1: RSZAM ($0.41 in chips) 
Seat 2: trente-sept ($1.29 in chips) 
Seat 3: donramon9 ($1.40 in chips) 
Seat 4: Magic.Owz ($1.79 in chips) 
Seat 5: schani11 ($1.52 in chips) 
Seat 6: schop.ot.14 ($3.04 in chips) 
Seat 7: marcos jo196 ($1.37 in chips) 
Seat 8: casis44 ($0.51 in chips) 
Seat 9: Dorex2007 ($2.02 in chips) 
Dorex2007: posts small blind $0.01
RSZAM: posts big blind $0.02
*** HOLE CARDS ***
Dealt to Dorex2007 [Jh 8s]
trente-sept: folds 
donramon9: folds 
Magic.Owz: folds 
schani11: folds 
schop.ot.14: calls $0.02
marcos jo196: calls $0.02
casis44: calls $0.02
Dorex2007: folds 
RSZAM: checks 
*** FLOP *** [7d 4s Ac]
RSZAM: checks 
schop.ot.14: checks 
marcos jo196: checks 
casis44: checks 
*** TURN *** [7d 4s Ac] [5s]
RSZAM: checks 
schop.ot.14: bets $0.09
marcos jo196: folds 
casis44: folds 
RSZAM: folds 
Uncalled bet ($0.09) returned to schop.ot.14
schop.ot.14 collected $0.09 from pot
schop.ot.14: doesn't show hand 
*** SUMMARY ***
Total pot $0.09 | Rake $0 
Board [7d 4s Ac 5s]
Seat 1: RSZAM (big blind) folded on the Turn
Seat 2: trente-sept folded before Flop (didn't bet)
Seat 3: donramon9 folded before Flop (didn't bet)
Seat 4: Magic.Owz folded before Flop (didn't bet)
Seat 5: schani11 folded before Flop (didn't bet)
Seat 6: schop.ot.14 collected ($0.09)
Seat 7: marcos jo196 folded on the Turn
Seat 8: casis44 (button) folded on the Turn
Seat 9: Dorex2007 (small blind) folded before Flop



PokerStars Hand #236295059312:  Hold'em No Limit ($0.01/$0.02 USD) - 2022/05/22 13:25:53 PT [2022/05/22 16:25:53 ET]
Table 'Venus III' 9-max Seat #9 is the button
Seat 1: RSZAM ($0.39 in chips) 
Seat 2: trente-sept ($1.29 in chips) 
Seat 3: donramon9 ($1.40 in chips) 
Seat 4: Magic.Owz ($1.79 in chips) 
Seat 5: schani11 ($1.52 in chips) 
Seat 6: schop.ot.14 ($3.11 in chips) 
Seat 7: marcos jo196 ($1.35 in chips) 
Seat 8: casis44 ($0.49 in chips) 
Seat 9: Dorex2007 ($2.01 in chips) 
RSZAM: posts small blind $0.01
trente-sept: posts big blind $0.02
*** HOLE CARDS ***
Dealt to Dorex2007 [8c 5d]
donramon9: folds 
Magic.Owz: folds 
schani11: folds 
schop.ot.14: raises $0.05 to $0.07
marcos jo196: calls $0.07
casis44: folds 
Dorex2007: folds 
RSZAM: folds 
trente-sept: folds 
*** FLOP *** [8d 3h Js]
schop.ot.14: bets $0.08
marcos jo196: calls $0.08
*** TURN *** [8d 3h Js] [Ah]
schop.ot.14: bets $0.16
marcos jo196: calls $0.16
*** RIVER *** [8d 3h Js Ah] [Qh]
schop.ot.14: bets $0.31
marcos jo196: raises $0.73 to $1.04 and is all-in
schop.ot.14: calls $0.73
*** SHOW DOWN ***
marcos jo196: shows [9d Th] (a straight, Eight to Queen)
schop.ot.14: shows [Ac Kd] (a pair of Aces)
marcos jo196 collected $2.63 from pot
*** SUMMARY ***
Total pot $2.73 | Rake $0.10 
Board [8d 3h Js Ah Qh]
Seat 1: RSZAM (small blind) folded before Flop
Seat 2: trente-sept (big blind) folded before Flop
Seat 3: donramon9 folded before Flop (didn't bet)
Seat 4: Magic.Owz folded before Flop (didn't bet)
Seat 5: schani11 folded before Flop (didn't bet)
Seat 6: schop.ot.14 showed [Ac Kd] and lost with a pair of Aces
Seat 7: marcos jo196 showed [9d Th] and won ($2.63) with a straight, Eight to Queen
Seat 8: casis44 folded before Flop (didn't bet)
Seat 9: Dorex2007 (button) folded before Flop (didn't bet)



PokerStars Hand #236295091667:  Hold'em No Limit ($0.01/$0.02 USD) - 2022/05/22 13:26:53 PT [2022/05/22 16:26:53 ET]
Table 'Venus III' 9-max Seat #1 is the button
Seat 1: RSZAM ($0.38 in chips) 
Seat 2: trente-sept ($1.27 in chips) 
Seat 3: donramon9 ($1.40 in chips) 
Seat 4: Magic.Owz ($1.79 in chips) 
Seat 5: schani11 ($1.52 in chips) 
Seat 6: schop.ot.14 ($1.76 in chips) 
Seat 7: marcos jo196 ($2.63 in chips) 
Seat 8: casis44 ($0.49 in chips) 
Seat 9: Dorex2007 ($2.01 in chips) 
trente-sept: posts small blind $0.01
donramon9: posts big blind $0.02
*** HOLE CARDS ***
Dealt to Dorex2007 [Ks Qc]
Magic.Owz: folds 
schani11: folds 
schop.ot.14: folds 
marcos jo196: folds 
casis44: calls $0.02
Dorex2007: raises $0.04 to $0.06
RSZAM: folds 
trente-sept: calls $0.05
donramon9: folds 
casis44: calls $0.04
*** FLOP *** [5c 4c Jh]
trente-sept: bets $0.10
casis44: folds 
Dorex2007: folds 
Uncalled bet ($0.10) returned to trente-sept
trente-sept collected $0.19 from pot
trente-sept: doesn't show hand 
*** SUMMARY ***
Total pot $0.20 | Rake $0.01 
Board [5c 4c Jh]
Seat 1: RSZAM (button) folded before Flop (didn't bet)
Seat 2: trente-sept (small blind) collected ($0.19)
Seat 3: donramon9 (big blind) folded before Flop
Seat 4: Magic.Owz folded before Flop (didn't bet)
Seat 5: schani11 folded before Flop (didn't bet)
Seat 6: schop.ot.14 folded before Flop (didn't bet)
Seat 7: marcos jo196 folded before Flop (didn't bet)
Seat 8: casis44 folded on the Flop
Seat 9: Dorex2007 folded on the Flop



PokerStars Hand #236295111690:  Hold'em No Limit ($0.01/$0.02 USD) - 2022/05/22 13:27:34 PT [2022/05/22 16:27:34 ET]
Table 'Venus III' 9-max Seat #2 is the button
Seat 1: RSZAM ($0.38 in chips) 
Seat 2: trente-sept ($1.40 in chips) 
Seat 3: donramon9 ($1.38 in chips) 
Seat 4: Magic.Owz ($1.79 in chips) 
Seat 5: schani11 ($1.52 in chips) 
Seat 6: schop.ot.14 ($1.76 in chips) 
Seat 7: marcos jo196 ($2.63 in chips) 
Seat 8: casis44 ($0.43 in chips) 
Seat 9: Dorex2007 ($2 in chips) 
donramon9: posts small blind $0.01
Magic.Owz: posts big blind $0.02
*** HOLE CARDS ***
Dealt to Dorex2007 [Qs Ts]
schani11 has timed out
schani11: folds 
schop.ot.14 has timed out
schop.ot.14: folds 
marcos jo196: calls $0.02
casis44: calls $0.02
Dorex2007: raises $0.04 to $0.06
RSZAM: calls $0.06
trente-sept: calls $0.06
donramon9: folds 
Magic.Owz: raises $0.38 to $0.44
marcos jo196: folds 
casis44: folds 
Dorex2007: folds 
RSZAM: calls $0.32 and is all-in
trente-sept: folds 
Uncalled bet ($0.06) returned to Magic.Owz
*** FLOP *** [6d 3d 5h]
*** TURN *** [6d 3d 5h] [3s]
*** RIVER *** [6d 3d 5h 3s] [Kc]
*** SHOW DOWN ***
Magic.Owz: shows [Qd Qc] (two pair, Queens and Threes)
RSZAM: shows [Ac Ah] (two pair, Aces and Threes)
RSZAM cashed out the hand for $0.72 | Cash Out Fee $0.01
*** SUMMARY ***
Total pot $0.93 | Rake $0.03 
Board [6d 3d 5h 3s Kc]
Seat 1: RSZAM showed [Ac Ah] and won ($0.90) with two pair, Aces and Threes (pot not awarded as player cashed out)
Seat 2: trente-sept (button) folded before Flop
Seat 3: donramon9 (small blind) folded before Flop
Seat 4: Magic.Owz (big blind) showed [Qd Qc] and lost with two pair, Queens and Threes
Seat 5: schani11 folded before Flop (didn't bet)
Seat 6: schop.ot.14 folded before Flop (didn't bet)
Seat 7: marcos jo196 folded before Flop
Seat 8: casis44 folded before Flop
Seat 9: Dorex2007 folded before Flop



PokerStars Hand #236295142829:  Hold'em No Limit ($0.01/$0.02 USD) - 2022/05/22 13:28:38 PT [2022/05/22 16:28:38 ET]
Table 'Venus III' 9-max Seat #3 is the button
Seat 1: RSZAM ($0.72 in chips) 
Seat 2: trente-sept ($1.34 in chips) 
Seat 3: donramon9 ($1.37 in chips) 
Seat 4: Magic.Owz ($1.41 in chips) 
Seat 5: schani11 ($1.52 in chips) 
Seat 6: schop.ot.14 ($1.76 in chips) 
Seat 7: marcos jo196 ($2.61 in chips) 
Seat 8: casis44 ($0.41 in chips) 
Seat 9: Dorex2007 ($2 in chips) 
Magic.Owz: posts small blind $0.01
schani11: posts big blind $0.02
*** HOLE CARDS ***
Dealt to Dorex2007 [Kc 6h]
schop.ot.14 has timed out
schop.ot.14: folds 
marcos jo196: calls $0.02
casis44: folds 
Dorex2007: folds 
RSZAM: raises $0.04 to $0.06
trente-sept: folds 
donramon9: folds 
Magic.Owz: calls $0.05
schani11: calls $0.04
marcos jo196: calls $0.04
*** FLOP *** [7s Qc 2c]
Magic.Owz: checks 
schani11: checks 
marcos jo196: checks 
RSZAM: bets $0.12
Magic.Owz: folds 
schani11: folds 
marcos jo196: folds 
Uncalled bet ($0.12) returned to RSZAM
RSZAM collected $0.23 from pot
RSZAM: doesn't show hand 
*** SUMMARY ***
Total pot $0.24 | Rake $0.01 
Board [7s Qc 2c]
Seat 1: RSZAM collected ($0.23)
Seat 2: trente-sept folded before Flop (didn't bet)
Seat 3: donramon9 (button) folded before Flop (didn't bet)
Seat 4: Magic.Owz (small blind) folded on the Flop
Seat 5: schani11 (big blind) folded on the Flop
Seat 6: schop.ot.14 folded before Flop (didn't bet)
Seat 7: marcos jo196 folded on the Flop
Seat 8: casis44 folded before Flop (didn't bet)
Seat 9: Dorex2007 folded before Flop (didn't bet)



PokerStars Hand #236295171373:  Hold'em No Limit ($0.01/$0.02 USD) - 2022/05/22 13:29:37 PT [2022/05/22 16:29:37 ET]
Table 'Venus III' 9-max Seat #4 is the button
Seat 1: RSZAM ($0.89 in chips) 
Seat 2: trente-sept ($1.34 in chips) 
Seat 3: donramon9 ($1.37 in chips) 
Seat 4: Magic.Owz ($2 in chips) 
Seat 5: schani11 ($1.46 in chips) 
Seat 6: schop.ot.14 ($1.76 in chips) 
Seat 7: marcos jo196 ($2.55 in chips) 
Seat 8: casis44 ($0.41 in chips) 
Seat 9: Dorex2007 ($2 in chips) 
schani11: posts small blind $0.01
schop.ot.14: posts big blind $0.02
*** HOLE CARDS ***
Dealt to Dorex2007 [Tc Th]
marcos jo196: calls $0.02
casis44: folds 
Dorex2007 has timed out
Dorex2007: folds 
RSZAM: folds 
trente-sept: folds 
donramon9: folds 
Magic.Owz: calls $0.02
schani11: calls $0.01
schop.ot.14: checks 
*** FLOP *** [8c 8h Kc]
schani11: checks 
schop.ot.14: bets $0.08
marcos jo196: folds 
Magic.Owz: calls $0.08
schani11: folds 
*** TURN *** [8c 8h Kc] [3s]
schop.ot.14: checks 
Magic.Owz: bets $0.08
schop.ot.14: folds 
Uncalled bet ($0.08) returned to Magic.Owz
Magic.Owz collected $0.23 from pot
Magic.Owz: doesn't show hand 
*** SUMMARY ***
Total pot $0.24 | Rake $0.01 
Board [8c 8h Kc 3s]
Seat 1: RSZAM folded before Flop (didn't bet)
Seat 2: trente-sept folded before Flop (didn't bet)
Seat 3: donramon9 folded before Flop (didn't bet)
Seat 4: Magic.Owz (button) collected ($0.23)
Seat 5: schani11 (small blind) folded on the Flop
Seat 6: schop.ot.14 (big blind) folded on the Turn
Seat 7: marcos jo196 folded on the Flop
Seat 8: casis44 folded before Flop (didn't bet)
Seat 9: Dorex2007 folded before Flop (didn't bet)



PokerStars Hand #236295210560:  Hold'em No Limit ($0.01/$0.02 USD) - 2022/05/22 13:30:55 PT [2022/05/22 16:30:55 ET]
Table 'Venus III' 9-max Seat #5 is the button
Seat 1: RSZAM ($0.89 in chips) 
Seat 2: trente-sept ($1.34 in chips) 
Seat 3: donramon9 ($1.37 in chips) 
Seat 4: Magic.Owz ($2.13 in chips) 
Seat 5: schani11 ($1.44 in chips) 
Seat 6: schop.ot.14 ($1.66 in chips) 
Seat 7: marcos jo196 ($2.53 in chips) 
Seat 8: casis44 ($0.41 in chips) 
Seat 9: Dorex2007 ($2 in chips) 
schop.ot.14: posts small blind $0.01
marcos jo196: posts big blind $0.02
*** HOLE CARDS ***
Dealt to Dorex2007 [8s Ad]
casis44: folds 
Dorex2007: folds 
RSZAM: raises $0.04 to $0.06
trente-sept: calls $0.06
donramon9: folds 
Magic.Owz: folds 
schani11: folds 
schop.ot.14: folds 
marcos jo196: calls $0.04
*** FLOP *** [6h Jd 8d]
marcos jo196: checks 
RSZAM: checks 
trente-sept: bets $0.08
marcos jo196: calls $0.08
RSZAM: folds 
*** TURN *** [6h Jd 8d] [Kc]
marcos jo196: checks 
trente-sept: checks 
*** RIVER *** [6h Jd 8d Kc] [Qc]
marcos jo196: checks 
trente-sept: bets $0.20
marcos jo196: folds 
Uncalled bet ($0.20) returned to trente-sept
trente-sept collected $0.34 from pot
trente-sept: doesn't show hand 
*** SUMMARY ***
Total pot $0.35 | Rake $0.01 
Board [6h Jd 8d Kc Qc]
Seat 1: RSZAM folded on the Flop
Seat 2: trente-sept collected ($0.34)
Seat 3: donramon9 folded before Flop (didn't bet)
Seat 4: Magic.Owz folded before Flop (didn't bet)
Seat 5: schani11 (button) folded before Flop (didn't bet)
Seat 6: schop.ot.14 (small blind) folded before Flop
Seat 7: marcos jo196 (big blind) folded on the River
Seat 8: casis44 folded before Flop (didn't bet)
Seat 9: Dorex2007 folded before Flop (didn't bet)



PokerStars Hand #236295235821:  Hold'em No Limit ($0.01/$0.02 USD) - 2022/05/22 13:31:45 PT [2022/05/22 16:31:45 ET]
Table 'Venus III' 9-max Seat #7 is the button
Seat 1: RSZAM ($0.83 in chips) 
Seat 2: trente-sept ($1.54 in chips) 
Seat 3: donramon9 ($1.37 in chips) 
Seat 4: Magic.Owz ($2.13 in chips) 
Seat 5: schani11 ($1.44 in chips) 
Seat 7: marcos jo196 ($2.39 in chips) 
Seat 8: casis44 ($0.41 in chips) 
Seat 9: Dorex2007 ($2 in chips) 
casis44: posts small blind $0.01
Dorex2007: posts big blind $0.02
*** HOLE CARDS ***
Dealt to Dorex2007 [8h Qc]
RSZAM has timed out
RSZAM: folds 
trente-sept: raises $0.02 to $0.04
donramon9: folds 
Magic.Owz: folds 
schani11: calls $0.04
marcos jo196: folds 
casis44: calls $0.03
Dorex2007: folds 
*** FLOP *** [4h 8s 2s]
casis44: checks 
trente-sept: checks 
schani11: checks 
*** TURN *** [4h 8s 2s] [6c]
schop.ot.14 is disconnected 
marcos jo196 leaves the table
casis44: checks 
trente-sept: checks 
schani11: checks 
*** RIVER *** [4h 8s 2s 6c] [3s]
casis44: checks 
trente-sept: checks 
schani11: checks 
*** SHOW DOWN ***
casis44: shows [Qd Jc] (high card Queen)
trente-sept: shows [4s Ac] (a pair of Fours)
schani11: mucks hand 
trente-sept collected $0.14 from pot
*** SUMMARY ***
Total pot $0.14 | Rake $0 
Board [4h 8s 2s 6c 3s]
Seat 1: RSZAM folded before Flop (didn't bet)
Seat 2: trente-sept showed [4s Ac] and won ($0.14) with a pair of Fours
Seat 3: donramon9 folded before Flop (didn't bet)
Seat 4: Magic.Owz folded before Flop (didn't bet)
Seat 5: schani11 mucked [7s Kc]
Seat 7: marcos jo196 (button) folded before Flop (didn't bet)
Seat 8: casis44 (small blind) showed [Qd Jc] and lost with high card Queen
Seat 9: Dorex2007 (big blind) folded before Flop



PokerStars Hand #236295263218:  Hold'em No Limit ($0.01/$0.02 USD) - 2022/05/22 13:32:40 PT [2022/05/22 16:32:40 ET]
Table 'Venus III' 9-max Seat #8 is the button
Seat 1: RSZAM ($0.83 in chips) 
Seat 2: trente-sept ($1.64 in chips) 
Seat 3: donramon9 ($1.37 in chips) 
Seat 4: Magic.Owz ($2.13 in chips) 
Seat 5: schani11 ($1.40 in chips) 
Seat 8: casis44 ($0.37 in chips) 
Seat 9: Dorex2007 ($2 in chips) 
Dorex2007: posts small blind $0.01
RSZAM: posts big blind $0.02
*** HOLE CARDS ***
Dealt to Dorex2007 [5c Js]
trente-sept: folds 
donramon9: folds 
Magic.Owz: raises $0.03 to $0.05
Dani_90x joins the table at seat #7 
schani11: calls $0.05
casis44: folds 
Dorex2007: folds 
RSZAM: folds 
*** FLOP *** [7d Kc 6d]
Magic.Owz: checks 
schani11: checks 
*** TURN *** [7d Kc 6d] [6h]
Magic.Owz: bets $0.09
schani11: folds 
Uncalled bet ($0.09) returned to Magic.Owz
Magic.Owz collected $0.13 from pot
Magic.Owz: doesn't show hand 
*** SUMMARY ***
Total pot $0.13 | Rake $0 
Board [7d Kc 6d 6h]
Seat 1: RSZAM (big blind) folded before Flop
Seat 2: trente-sept folded before Flop (didn't bet)
Seat 3: donramon9 folded before Flop (didn't bet)
Seat 4: Magic.Owz collected ($0.13)
Seat 5: schani11 folded on the Turn
Seat 8: casis44 (button) folded before Flop (didn't bet)
Seat 9: Dorex2007 (small blind) folded before Flop



PokerStars Hand #236295275564:  Hold'em No Limit ($0.01/$0.02 USD) - 2022/05/22 13:33:05 PT [2022/05/22 16:33:05 ET]
Table 'Venus III' 9-max Seat #9 is the button
Seat 1: RSZAM ($0.81 in chips) 
Seat 2: trente-sept ($1.64 in chips) 
Seat 3: donramon9 ($1.37 in chips) 
Seat 4: Magic.Owz ($2.21 in chips) 
Seat 5: schani11 ($1.35 in chips) 
Seat 8: casis44 ($0.37 in chips) 
Seat 9: Dorex2007 ($2 in chips) 
RSZAM: posts small blind $0.01
trente-sept: posts big blind $0.02
Dani_90x: sits out 
*** HOLE CARDS ***
Dealt to Dorex2007 [2d Kh]
donramon9: folds 
Magic.Owz: folds 
schani11: folds 
casis44: folds 
Dorex2007: folds 
RSZAM: raises $0.04 to $0.06
trente-sept: calls $0.04
*** FLOP *** [8c As 4h]
RSZAM: bets $0.06
trente-sept: calls $0.06
*** TURN *** [8c As 4h] [8d]
RSZAM: bets $0.12
trente-sept: folds 
Uncalled bet ($0.12) returned to RSZAM
RSZAM collected $0.23 from pot
RSZAM: doesn't show hand 
*** SUMMARY ***
Total pot $0.24 | Rake $0.01 
Board [8c As 4h 8d]
Seat 1: RSZAM (small blind) collected ($0.23)
Seat 2: trente-sept (big blind) folded on the Turn
Seat 3: donramon9 folded before Flop (didn't bet)
Seat 4: Magic.Owz folded before Flop (didn't bet)
Seat 5: schani11 folded before Flop (didn't bet)
Seat 8: casis44 folded before Flop (didn't bet)
Seat 9: Dorex2007 (button) folded before Flop (didn't bet)



PokerStars Hand #236295292602:  Hold'em No Limit ($0.01/$0.02 USD) - 2022/05/22 13:33:38 PT [2022/05/22 16:33:38 ET]
Table 'Venus III' 9-max Seat #1 is the button
Seat 1: RSZAM ($0.92 in chips) 
Seat 2: trente-sept ($1.52 in chips) 
Seat 3: donramon9 ($1.37 in chips) 
Seat 4: Magic.Owz ($2.21 in chips) 
Seat 5: schani11 ($1.35 in chips) 
Seat 8: casis44 ($0.37 in chips) 
Seat 9: Dorex2007 ($2 in chips) 
trente-sept: posts small blind $0.01
donramon9: posts big blind $0.02
Dani_90x: sits out 
*** HOLE CARDS ***
Dealt to Dorex2007 [6s Ac]
Magic.Owz: raises $0.03 to $0.05
schani11: folds 
casis44: calls $0.05
Dorex2007: folds 
RSZAM: folds 
trente-sept: calls $0.04
donramon9: folds 
*** FLOP *** [Th 2s 5c]
trente-sept: checks 
Magic.Owz: checks 
casis44: checks 
*** TURN *** [Th 2s 5c] [Ad]
trente-sept: bets $0.04
Magic.Owz: folds 
casis44: calls $0.04
*** RIVER *** [Th 2s 5c Ad] [2d]
trente-sept: bets $0.06
schop.ot.14 is disconnected 
casis44: folds 
Uncalled bet ($0.06) returned to trente-sept
trente-sept collected $0.24 from pot
trente-sept: doesn't show hand 
*** SUMMARY ***
Total pot $0.25 | Rake $0.01 
Board [Th 2s 5c Ad 2d]
Seat 1: RSZAM (button) folded before Flop (didn't bet)
Seat 2: trente-sept (small blind) collected ($0.24)
Seat 3: donramon9 (big blind) folded before Flop
Seat 4: Magic.Owz folded on the Turn
Seat 5: schani11 folded before Flop (didn't bet)
Seat 8: casis44 folded on the River
Seat 9: Dorex2007 folded before Flop (didn't bet)



PokerStars Hand #236295311627:  Hold'em No Limit ($0.01/$0.02 USD) - 2022/05/22 13:34:16 PT [2022/05/22 16:34:16 ET]
Table 'Venus III' 9-max Seat #2 is the button
Seat 1: RSZAM ($0.92 in chips) 
Seat 2: trente-sept ($1.67 in chips) 
Seat 3: donramon9 ($1.35 in chips) 
Seat 4: Magic.Owz ($2.16 in chips) 
Seat 5: schani11 ($1.35 in chips) 
Seat 8: casis44 ($0.28 in chips) 
Seat 9: Dorex2007 ($2 in chips) 
donramon9: posts small blind $0.01
Magic.Owz: posts big blind $0.02
Dani_90x: sits out 
*** HOLE CARDS ***
Dealt to Dorex2007 [7d Qh]
schani11: calls $0.02
casis44: folds 
Dorex2007: folds 
RSZAM has timed out
RSZAM: folds 
trente-sept: folds 
donramon9: calls $0.01
Magic.Owz: checks 
*** FLOP *** [5s 8h Qs]
donramon9: checks 
Magic.Owz: checks 
schani11: checks 
*** TURN *** [5s 8h Qs] [9c]
donramon9: bets $0.06
Magic.Owz: folds 
schani11: calls $0.06
*** RIVER *** [5s 8h Qs 9c] [7h]
donramon9: bets $1.27 and is all-in
schani11: folds 
Uncalled bet ($1.27) returned to donramon9
donramon9 collected $0.17 from pot
*** SUMMARY ***
Total pot $0.18 | Rake $0.01 
Board [5s 8h Qs 9c 7h]
Seat 1: RSZAM folded before Flop (didn't bet)
Seat 2: trente-sept (button) folded before Flop (didn't bet)
Seat 3: donramon9 (small blind) collected ($0.17)
Seat 4: Magic.Owz (big blind) folded on the Turn
Seat 5: schani11 folded on the River
Seat 8: casis44 folded before Flop (didn't bet)
Seat 9: Dorex2007 folded before Flop (didn't bet)



PokerStars Hand #236295355997:  Hold'em No Limit ($0.01/$0.02 USD) - 2022/05/22 13:35:45 PT [2022/05/22 16:35:45 ET]
Table 'Venus III' 9-max Seat #3 is the button
Seat 1: RSZAM ($0.92 in chips) 
Seat 2: trente-sept ($1.67 in chips) 
Seat 3: donramon9 ($1.44 in chips) 
Seat 4: Magic.Owz ($2.14 in chips) 
Seat 5: schani11 ($1.27 in chips) 
Seat 8: casis44 ($0.28 in chips) 
Seat 9: Dorex2007 ($2 in chips) 
Magic.Owz: posts small blind $0.01
schani11: posts big blind $0.02
Dani_90x: sits out 
*** HOLE CARDS ***
Dealt to Dorex2007 [9c 6d]
casis44: calls $0.02
Dorex2007: folds 
RSZAM: raises $0.04 to $0.06
trente-sept: folds 
donramon9: folds 
Magic.Owz: folds 
schani11: folds 
casis44: folds 
Uncalled bet ($0.04) returned to RSZAM
RSZAM collected $0.07 from pot
RSZAM: doesn't show hand 
*** SUMMARY ***
Total pot $0.07 | Rake $0 
Seat 1: RSZAM collected ($0.07)
Seat 2: trente-sept folded before Flop (didn't bet)
Seat 3: donramon9 (button) folded before Flop (didn't bet)
Seat 4: Magic.Owz (small blind) folded before Flop
Seat 5: schani11 (big blind) folded before Flop
Seat 8: casis44 folded before Flop
Seat 9: Dorex2007 folded before Flop (didn't bet)



PokerStars Hand #236295372654:  Hold'em No Limit ($0.01/$0.02 USD) - 2022/05/22 13:36:19 PT [2022/05/22 16:36:19 ET]
Table 'Venus III' 9-max Seat #4 is the button
Seat 1: RSZAM ($0.97 in chips) 
Seat 2: trente-sept ($1.67 in chips) 
Seat 3: donramon9 ($1.44 in chips) 
Seat 4: Magic.Owz ($2.13 in chips) 
Seat 5: schani11 ($1.25 in chips) 
Seat 7: Dani_90x ($2 in chips) 
Seat 8: casis44 ($0.26 in chips) 
Seat 9: Dorex2007 ($2 in chips) 
schani11: posts small blind $0.01
Dani_90x: posts big blind $0.02
*** HOLE CARDS ***
Dealt to Dorex2007 [Kh Ts]
casis44: folds 
Dorex2007: folds 
RSZAM: folds 
trente-sept: folds 
donramon9: folds 
Magic.Owz: raises $0.04 to $0.06
schani11: calls $0.05
Dani_90x: folds 
*** FLOP *** [5c 2s Ks]
schani11: checks 
Magic.Owz: bets $0.05
schani11: folds 
Uncalled bet ($0.05) returned to Magic.Owz
Magic.Owz collected $0.14 from pot
Magic.Owz: doesn't show hand 
*** SUMMARY ***
Total pot $0.14 | Rake $0 
Board [5c 2s Ks]
Seat 1: RSZAM folded before Flop (didn't bet)
Seat 2: trente-sept folded before Flop (didn't bet)
Seat 3: donramon9 folded before Flop (didn't bet)
Seat 4: Magic.Owz (button) collected ($0.14)
Seat 5: schani11 (small blind) folded on the Flop
Seat 7: Dani_90x (big blind) folded before Flop
Seat 8: casis44 folded before Flop (didn't bet)
Seat 9: Dorex2007 folded before Flop (didn't bet)



PokerStars Hand #236295391754:  Hold'em No Limit ($0.01/$0.02 USD) - 2022/05/22 13:36:58 PT [2022/05/22 16:36:58 ET]
Table 'Venus III' 9-max Seat #5 is the button
Seat 1: RSZAM ($0.97 in chips) 
Seat 2: trente-sept ($1.67 in chips) 
Seat 3: donramon9 ($1.44 in chips) 
Seat 4: Magic.Owz ($2.21 in chips) 
Seat 5: schani11 ($1.19 in chips) 
Seat 7: Dani_90x ($1.98 in chips) 
Seat 8: casis44 ($0.26 in chips) 
Seat 9: Dorex2007 ($2 in chips) 
Dani_90x: posts small blind $0.01
casis44: posts big blind $0.02
*** HOLE CARDS ***
Dealt to Dorex2007 [4s 4c]
Dorex2007: calls $0.02
RSZAM: folds 
trente-sept: raises $0.06 to $0.08
donramon9: folds 
Magic.Owz: folds 
schani11: folds 
Dani_90x: folds 
casis44: folds 
Dorex2007: calls $0.06
*** FLOP *** [3s 5s 8h]
Dorex2007: bets $0.12
trente-sept: calls $0.12
*** TURN *** [3s 5s 8h] [3d]
Dorex2007: bets $0.21
trente-sept: calls $0.21
*** RIVER *** [3s 5s 8h 3d] [8d]
Dorex2007: bets $0.82
trente-sept: calls $0.82
*** SHOW DOWN ***
Dorex2007: shows [4s 4c] (two pair, Eights and Fours)
trente-sept: shows [Jd Js] (two pair, Jacks and Eights)
trente-sept collected $2.40 from pot
*** SUMMARY ***
Total pot $2.49 | Rake $0.09 
Board [3s 5s 8h 3d 8d]
Seat 1: RSZAM folded before Flop (didn't bet)
Seat 2: trente-sept showed [Jd Js] and won ($2.40) with two pair, Jacks and Eights
Seat 3: donramon9 folded before Flop (didn't bet)
Seat 4: Magic.Owz folded before Flop (didn't bet)
Seat 5: schani11 (button) folded before Flop (didn't bet)
Seat 7: Dani_90x (small blind) folded before Flop
Seat 8: casis44 (big blind) folded before Flop
Seat 9: Dorex2007 showed [4s 4c] and lost with two pair, Eights and Fours



PokerStars Hand #236295415817:  Hold'em No Limit ($0.01/$0.02 USD) - 2022/05/22 13:37:47 PT [2022/05/22 16:37:47 ET]
Table 'Venus III' 9-max Seat #7 is the button
Seat 1: RSZAM ($0.97 in chips) 
Seat 2: trente-sept ($2.84 in chips) 
Seat 3: donramon9 ($1.44 in chips) 
Seat 4: Magic.Owz ($2.21 in chips) 
Seat 5: schani11 ($1.19 in chips) 
Seat 7: Dani_90x ($1.97 in chips) 
Seat 8: casis44 ($0.24 in chips) 
Seat 9: Dorex2007 ($2 in chips) 
casis44: posts small blind $0.01
Dorex2007: posts big blind $0.02
*** HOLE CARDS ***
Dealt to Dorex2007 [Ad Ah]
RSZAM: raises $0.04 to $0.06
trente-sept: folds 
donramon9: folds 
Magic.Owz: raises $0.15 to $0.21
schani11: folds 
Dani_90x: folds 
casis44: folds 
Dorex2007: calls $0.19
RSZAM: folds 
*** FLOP *** [Td 9h 7c]
Dorex2007: checks 
Magic.Owz: checks 
*** TURN *** [Td 9h 7c] [Jh]
Dorex2007: bets $0.47
Magic.Owz: folds 
Uncalled bet ($0.47) returned to Dorex2007
Dorex2007 collected $0.47 from pot
Dorex2007: doesn't show hand 
*** SUMMARY ***
Total pot $0.49 | Rake $0.02 
Board [Td 9h 7c Jh]
Seat 1: RSZAM folded before Flop
Seat 2: trente-sept folded before Flop (didn't bet)
Seat 3: donramon9 folded before Flop (didn't bet)
Seat 4: Magic.Owz folded on the Turn
Seat 5: schani11 folded before Flop (didn't bet)
Seat 7: Dani_90x (button) folded before Flop (didn't bet)
Seat 8: casis44 (small blind) folded before Flop
Seat 9: Dorex2007 (big blind) collected ($0.47)



PokerStars Hand #236295437037:  Hold'em No Limit ($0.01/$0.02 USD) - 2022/05/22 13:38:30 PT [2022/05/22 16:38:30 ET]
Table 'Venus III' 9-max Seat #8 is the button
Seat 1: RSZAM ($0.91 in chips) 
Seat 2: trente-sept ($2.84 in chips) 
Seat 3: donramon9 ($1.44 in chips) 
Seat 4: Magic.Owz ($2 in chips) 
Seat 5: schani11 ($1.19 in chips) 
Seat 7: Dani_90x ($1.97 in chips) 
Seat 8: casis44 ($0.23 in chips) 
Seat 9: Dorex2007 ($2.26 in chips) 
Dorex2007: posts small blind $0.01
RSZAM: posts big blind $0.02
*** HOLE CARDS ***
Dealt to Dorex2007 [Kd 6s]
trente-sept: folds 
donramon9: folds 
Magic.Owz: folds 
schani11: folds 
Dani_90x: folds 
casis44: calls $0.02
Dorex2007: calls $0.01
RSZAM: checks 
*** FLOP *** [Kh 3c Jc]
Dorex2007: checks 
RSZAM: bets $0.03
casis44: folds 
trente-sept leaves the table
Dorex2007: raises $0.12 to $0.15
RSZAM: calls $0.12
*** TURN *** [Kh 3c Jc] [Jd]
Dorex2007: checks 
RSZAM: bets $0.18
Dorex2007: folds 
Uncalled bet ($0.18) returned to RSZAM
RSZAM collected $0.35 from pot
RSZAM: doesn't show hand 
*** SUMMARY ***
Total pot $0.36 | Rake $0.01 
Board [Kh 3c Jc Jd]
Seat 1: RSZAM (big blind) collected ($0.35)
Seat 2: trente-sept folded before Flop (didn't bet)
Seat 3: donramon9 folded before Flop (didn't bet)
Seat 4: Magic.Owz folded before Flop (didn't bet)
Seat 5: schani11 folded before Flop (didn't bet)
Seat 7: Dani_90x folded before Flop (didn't bet)
Seat 8: casis44 (button) folded on the Flop
Seat 9: Dorex2007 (small blind) folded on the Turn



PokerStars Hand #236295455107:  Hold'em No Limit ($0.01/$0.02 USD) - 2022/05/22 13:39:07 PT [2022/05/22 16:39:07 ET]
Table 'Venus III' 9-max Seat #9 is the button
Seat 1: RSZAM ($1.09 in chips) 
Seat 3: donramon9 ($1.44 in chips) 
Seat 4: Magic.Owz ($2 in chips) 
Seat 5: schani11 ($1.19 in chips) 
Seat 7: Dani_90x ($1.97 in chips) 
Seat 8: casis44 ($0.21 in chips) 
Seat 9: Dorex2007 ($2.09 in chips) 
RSZAM: posts small blind $0.01
donramon9: posts big blind $0.02
*** HOLE CARDS ***
Dealt to Dorex2007 [Kh 6h]
Magic.Owz: raises $0.04 to $0.06
schani11: folds 
Dani_90x: calls $0.06
casis44: calls $0.06
Dorex2007: calls $0.06
RSZAM: folds 
donramon9: folds 
*** FLOP *** [Kc 8h 9d]
Magic.Owz: checks 
Dani_90x: bets $0.20
casis44: folds 
Dorex2007: calls $0.20
Magic.Owz: folds 
*** TURN *** [Kc 8h 9d] [2d]
Dani_90x: bets $0.56
Dorex2007: calls $0.56
*** RIVER *** [Kc 8h 9d 2d] [Ac]
Dani_90x: checks 
Dorex2007: bets $1.27 and is all-in
betto7375 joins the table at seat #2 
Dani_90x: folds 
Uncalled bet ($1.27) returned to Dorex2007
Dorex2007 collected $1.73 from pot
Dorex2007: doesn't show hand 
*** SUMMARY ***
Total pot $1.79 | Rake $0.06 
Board [Kc 8h 9d 2d Ac]
Seat 1: RSZAM (small blind) folded before Flop
Seat 3: donramon9 (big blind) folded before Flop
Seat 4: Magic.Owz folded on the Flop
Seat 5: schani11 folded before Flop (didn't bet)
Seat 7: Dani_90x folded on the River
Seat 8: casis44 folded on the Flop
Seat 9: Dorex2007 (button) collected ($1.73)



PokerStars Hand #236295491224:  Hold'em No Limit ($0.01/$0.02 USD) - 2022/05/22 13:40:21 PT [2022/05/22 16:40:21 ET]
Table 'Venus III' 9-max Seat #1 is the button
Seat 1: RSZAM ($1.08 in chips) 
Seat 3: donramon9 ($1.42 in chips) 
Seat 4: Magic.Owz ($1.94 in chips) 
Seat 5: schani11 ($1.19 in chips) 
Seat 7: Dani_90x ($1.15 in chips) 
Seat 8: casis44 ($0.15 in chips) 
Seat 9: Dorex2007 ($3 in chips) 
donramon9: posts small blind $0.01
Magic.Owz: posts big blind $0.02
*** HOLE CARDS ***
Dealt to Dorex2007 [8c 9c]
schani11: calls $0.02
Dani_90x: folds 
casis44: folds 
Dorex2007: calls $0.02
RSZAM: folds 
donramon9: folds 
Magic.Owz: raises $0.11 to $0.13
schani11: calls $0.11
Dorex2007: folds 
*** FLOP *** [9h Kh 6d]
Magic.Owz: bets $0.17
schani11: folds 
Uncalled bet ($0.17) returned to Magic.Owz
Magic.Owz collected $0.28 from pot
Magic.Owz: doesn't show hand 
*** SUMMARY ***
Total pot $0.29 | Rake $0.01 
Board [9h Kh 6d]
Seat 1: RSZAM (button) folded before Flop (didn't bet)
Seat 3: donramon9 (small blind) folded before Flop
Seat 4: Magic.Owz (big blind) collected ($0.28)
Seat 5: schani11 folded on the Flop
Seat 7: Dani_90x folded before Flop (didn't bet)
Seat 8: casis44 folded before Flop (didn't bet)
Seat 9: Dorex2007 folded before Flop



PokerStars Hand #236295510536:  Hold'em No Limit ($0.01/$0.02 USD) - 2022/05/22 13:41:00 PT [2022/05/22 16:41:00 ET]
Table 'Venus III' 9-max Seat #3 is the button
Seat 1: RSZAM ($1.08 in chips) 
Seat 2: betto7375 ($1.60 in chips) 
Seat 3: donramon9 ($1.41 in chips) 
Seat 4: Magic.Owz ($2.09 in chips) 
Seat 5: schani11 ($1.06 in chips) 
Seat 7: Dani_90x ($1.15 in chips) 
Seat 8: casis44 ($0.15 in chips) 
Seat 9: Dorex2007 ($2.98 in chips) 
Magic.Owz: posts small blind $0.01
schani11: posts big blind $0.02
betto7375: posts big blind $0.02
*** HOLE CARDS ***
Dealt to Dorex2007 [8h 6h]
Dani_90x: folds 
casis44: calls $0.02
Dorex2007: folds 
RSZAM: folds 
betto7375: checks 
donramon9: folds 
Magic.Owz: folds 
schani11: checks 
*** FLOP *** [Kh 8d Jh]
schani11: checks 
casis44: checks 
betto7375: checks 
*** TURN *** [Kh 8d Jh] [5d]
schani11: checks 
casis44: checks 
betto7375: bets $0.03
schani11: folds 
casis44: calls $0.03
*** RIVER *** [Kh 8d Jh 5d] [8c]
casis44: checks 
betto7375: checks 
*** SHOW DOWN ***
casis44: shows [Ah Td] (a pair of Eights)
betto7375: shows [5s Jd] (two pair, Jacks and Eights)
betto7375 collected $0.13 from pot
*** SUMMARY ***
Total pot $0.13 | Rake $0 
Board [Kh 8d Jh 5d 8c]
Seat 1: RSZAM folded before Flop (didn't bet)
Seat 2: betto7375 showed [5s Jd] and won ($0.13) with two pair, Jacks and Eights
Seat 3: donramon9 (button) folded before Flop (didn't bet)
Seat 4: Magic.Owz (small blind) folded before Flop
Seat 5: schani11 (big blind) folded on the Turn
Seat 7: Dani_90x folded before Flop (didn't bet)
Seat 8: casis44 showed [Ah Td] and lost with a pair of Eights
Seat 9: Dorex2007 folded before Flop (didn't bet)



PokerStars Hand #236295545760:  Hold'em No Limit ($0.01/$0.02 USD) - 2022/05/22 13:42:13 PT [2022/05/22 16:42:13 ET]
Table 'Venus III' 9-max Seat #4 is the button
Seat 1: RSZAM ($1.08 in chips) 
Seat 2: betto7375 ($1.68 in chips) 
Seat 3: donramon9 ($1.41 in chips) 
Seat 4: Magic.Owz ($2.08 in chips) 
Seat 5: schani11 ($1.04 in chips) 
Seat 7: Dani_90x ($1.15 in chips) 
Seat 8: casis44 ($0.10 in chips) 
Seat 9: Dorex2007 ($2.98 in chips) 
schani11: posts small blind $0.01
Dani_90x: posts big blind $0.02
*** HOLE CARDS ***
Dealt to Dorex2007 [6d 2s]
casis44: folds 
Dorex2007: folds 
RSZAM: folds 
betto7375: folds 
donramon9: folds 
Magic.Owz: raises $0.04 to $0.06
schani11: folds 
Dani_90x: folds 
Uncalled bet ($0.04) returned to Magic.Owz
Magic.Owz collected $0.05 from pot
Magic.Owz: doesn't show hand 
*** SUMMARY ***
Total pot $0.05 | Rake $0 
Seat 1: RSZAM folded before Flop (didn't bet)
Seat 2: betto7375 folded before Flop (didn't bet)
Seat 3: donramon9 folded before Flop (didn't bet)
Seat 4: Magic.Owz (button) collected ($0.05)
Seat 5: schani11 (small blind) folded before Flop
Seat 7: Dani_90x (big blind) folded before Flop
Seat 8: casis44 folded before Flop (didn't bet)
Seat 9: Dorex2007 folded before Flop (didn't bet)



PokerStars Hand #236295564581:  Hold'em No Limit ($0.01/$0.02 USD) - 2022/05/22 13:42:52 PT [2022/05/22 16:42:52 ET]
Table 'Venus III' 9-max Seat #5 is the button
Seat 1: RSZAM ($1.08 in chips) 
Seat 2: betto7375 ($1.68 in chips) 
Seat 3: donramon9 ($1.41 in chips) 
Seat 4: Magic.Owz ($2.11 in chips) 
Seat 5: schani11 ($1.03 in chips) 
Seat 7: Dani_90x ($1.13 in chips) 
Seat 8: casis44 ($0.10 in chips) 
Seat 9: Dorex2007 ($2.98 in chips) 
Dani_90x: posts small blind $0.01
casis44: posts big blind $0.02
*** HOLE CARDS ***
Dealt to Dorex2007 [9h 3c]
Dorex2007: folds 
RSZAM: folds 
betto7375: raises $0.02 to $0.04
donramon9: folds 
Magic.Owz: folds 
schani11: folds 
Dani_90x: folds 
casis44: folds 
Uncalled bet ($0.02) returned to betto7375
betto7375 collected $0.05 from pot
betto7375: doesn't show hand 
*** SUMMARY ***
Total pot $0.05 | Rake $0 
Seat 1: RSZAM folded before Flop (didn't bet)
Seat 2: betto7375 collected ($0.05)
Seat 3: donramon9 folded before Flop (didn't bet)
Seat 4: Magic.Owz folded before Flop (didn't bet)
Seat 5: schani11 (button) folded before Flop (didn't bet)
Seat 7: Dani_90x (small blind) folded before Flop
Seat 8: casis44 (big blind) folded before Flop
Seat 9: Dorex2007 folded before Flop (didn't bet)



PokerStars Hand #236295572778:  Hold'em No Limit ($0.01/$0.02 USD) - 2022/05/22 13:43:09 PT [2022/05/22 16:43:09 ET]
Table 'Venus III' 9-max Seat #7 is the button
Seat 1: RSZAM ($1.08 in chips) 
Seat 2: betto7375 ($1.71 in chips) 
Seat 3: donramon9 ($1.41 in chips) 
Seat 4: Magic.Owz ($2.11 in chips) 
Seat 5: schani11 ($1.03 in chips) 
Seat 7: Dani_90x ($1.12 in chips) 
Seat 8: casis44 ($0.08 in chips) 
Seat 9: Dorex2007 ($2.98 in chips) 
casis44: posts small blind $0.01
Dorex2007: posts big blind $0.02
*** HOLE CARDS ***
Dealt to Dorex2007 [9h Ks]
RSZAM: raises $0.04 to $0.06
betto7375: folds 
donramon9: folds 
Magic.Owz: folds 
schani11: folds 
Dani_90x: folds 
casis44: raises $0.02 to $0.08 and is all-in
Dorex2007: folds 
RSZAM: calls $0.02
*** FLOP *** [8h 2c 7d]
*** TURN *** [8h 2c 7d] [7c]
*** RIVER *** [8h 2c 7d 7c] [Kd]
*** SHOW DOWN ***
casis44: shows [Qc 6c] (a pair of Sevens)
RSZAM: shows [Td Ac] (a pair of Sevens - Ace kicker)
RSZAM collected $0.17 from pot
*** SUMMARY ***
Total pot $0.18 | Rake $0.01 
Board [8h 2c 7d 7c Kd]
Seat 1: RSZAM showed [Td Ac] and won ($0.17) with a pair of Sevens
Seat 2: betto7375 folded before Flop (didn't bet)
Seat 3: donramon9 folded before Flop (didn't bet)
Seat 4: Magic.Owz folded before Flop (didn't bet)
Seat 5: schani11 folded before Flop (didn't bet)
Seat 7: Dani_90x (button) folded before Flop (didn't bet)
Seat 8: casis44 (small blind) showed [Qc 6c] and lost with a pair of Sevens
Seat 9: Dorex2007 (big blind) folded before Flop



PokerStars Hand #236295586110:  Hold'em No Limit ($0.01/$0.02 USD) - 2022/05/22 13:43:36 PT [2022/05/22 16:43:36 ET]
Table 'Venus III' 9-max Seat #9 is the button
Seat 1: RSZAM ($1.17 in chips) 
Seat 2: betto7375 ($1.71 in chips) 
Seat 3: donramon9 ($1.41 in chips) 
Seat 4: Magic.Owz ($2.11 in chips) 
Seat 5: schani11 ($1.03 in chips) 
Seat 7: Dani_90x ($1.12 in chips) 
Seat 9: Dorex2007 ($2.96 in chips) 
RSZAM: posts small blind $0.01
betto7375: posts big blind $0.02
*** HOLE CARDS ***
Dealt to Dorex2007 [Qh Ac]
donramon9: folds 
Magic.Owz: folds 
schani11: folds 
Dani_90x: folds 
Dorex2007: raises $0.04 to $0.06
RSZAM: folds 
casis44 leaves the table
betto7375: calls $0.04
*** FLOP *** [6d Kd 4c]
betto7375: checks 
Dorex2007: bets $0.07
betto7375: folds 
Uncalled bet ($0.07) returned to Dorex2007
Dorex2007 collected $0.13 from pot
Dorex2007: doesn't show hand 
*** SUMMARY ***
Total pot $0.13 | Rake $0 
Board [6d Kd 4c]
Seat 1: RSZAM (small blind) folded before Flop
Seat 2: betto7375 (big blind) folded on the Flop
Seat 3: donramon9 folded before Flop (didn't bet)
Seat 4: Magic.Owz folded before Flop (didn't bet)
Seat 5: schani11 folded before Flop (didn't bet)
Seat 7: Dani_90x folded before Flop (didn't bet)
Seat 9: Dorex2007 (button) collected ($0.13)



PokerStars Hand #236295599211:  Hold'em No Limit ($0.01/$0.02 USD) - 2022/05/22 13:44:03 PT [2022/05/22 16:44:03 ET]
Table 'Venus III' 9-max Seat #1 is the button
Seat 1: RSZAM ($1.16 in chips) 
Seat 2: betto7375 ($1.65 in chips) 
Seat 3: donramon9 ($1.41 in chips) 
Seat 4: Magic.Owz ($2.11 in chips) 
Seat 5: schani11 ($1.03 in chips) 
Seat 7: Dani_90x ($1.12 in chips) 
Seat 9: Dorex2007 ($3.03 in chips) 
betto7375: posts small blind $0.01
donramon9: posts big blind $0.02
*** HOLE CARDS ***
Dealt to Dorex2007 [9c 2s]
Magic.Owz: raises $0.04 to $0.06
schop.ot.14 leaves the table
schani11: calls $0.06
Dani_90x: folds 
Dorex2007: folds 
RSZAM: folds 
betto7375: calls $0.05
donramon9: folds 
*** FLOP *** [4d Qd 4s]
betto7375: checks 
Magic.Owz: checks 
schani11: checks 
*** TURN *** [4d Qd 4s] [5h]
betto7375: checks 
krakono22 joins the table at seat #6 
Magic.Owz: checks 
schani11: checks 
*** RIVER *** [4d Qd 4s 5h] [Kc]
betto7375: checks 
Magic.Owz: checks 
schani11: bets $0.19
betto7375: calls $0.19
Magic.Owz: folds 
*** SHOW DOWN ***
schani11: shows [As Kd] (two pair, Kings and Fours)
betto7375: mucks hand 
schani11 collected $0.56 from pot
*** SUMMARY ***
Total pot $0.58 | Rake $0.02 
Board [4d Qd 4s 5h Kc]
Seat 1: RSZAM (button) folded before Flop (didn't bet)
Seat 2: betto7375 (small blind) mucked [Kh Js]
Seat 3: donramon9 (big blind) folded before Flop
Seat 4: Magic.Owz folded on the River
Seat 5: schani11 showed [As Kd] and won ($0.56) with two pair, Kings and Fours
Seat 7: Dani_90x folded before Flop (didn't bet)
Seat 9: Dorex2007 folded before Flop (didn't bet)



PokerStars Hand #236295623954:  Hold'em No Limit ($0.01/$0.02 USD) - 2022/05/22 13:44:55 PT [2022/05/22 16:44:55 ET]
Table 'Venus III' 9-max Seat #2 is the button
Seat 1: RSZAM ($1.16 in chips) 
Seat 2: betto7375 ($1.40 in chips) 
Seat 3: donramon9 ($1.39 in chips) 
Seat 4: Magic.Owz ($2.05 in chips) 
Seat 5: schani11 ($1.34 in chips) 
Seat 6: krakono22 ($1.60 in chips) 
Seat 7: Dani_90x ($1.12 in chips) 
Seat 9: Dorex2007 ($3.03 in chips) 
donramon9: posts small blind $0.01
Magic.Owz: posts big blind $0.02
krakono22: posts big blind $0.02
*** HOLE CARDS ***
Dealt to Dorex2007 [8d 5h]
schani11: folds 
krakono22: raises $0.02 to $0.04
Dani_90x: folds 
Dorex2007: folds 
RSZAM: folds 
betto7375: calls $0.04
donramon9: folds 
Magic.Owz: folds 
*** FLOP *** [2c 3h 8h]
krakono22: bets $0.07
betto7375: calls $0.07
*** TURN *** [2c 3h 8h] [Qs]
19Dima87 joins the table at seat #8 
krakono22: bets $0.16
betto7375: raises $0.16 to $0.32
krakono22: calls $0.16
*** RIVER *** [2c 3h 8h Qs] [Qc]
krakono22: checks 
betto7375: bets $0.86
krakono22: folds 
Uncalled bet ($0.86) returned to betto7375
betto7375 collected $0.86 from pot
betto7375: doesn't show hand 
*** SUMMARY ***
Total pot $0.89 | Rake $0.03 
Board [2c 3h 8h Qs Qc]
Seat 1: RSZAM folded before Flop (didn't bet)
Seat 2: betto7375 (button) collected ($0.86)
Seat 3: donramon9 (small blind) folded before Flop
Seat 4: Magic.Owz (big blind) folded before Flop
Seat 5: schani11 folded before Flop (didn't bet)
Seat 6: krakono22 folded on the River
Seat 7: Dani_90x folded before Flop (didn't bet)
Seat 9: Dorex2007 folded before Flop (didn't bet)



PokerStars Hand #236295647837:  Hold'em No Limit ($0.01/$0.02 USD) - 2022/05/22 13:45:44 PT [2022/05/22 16:45:44 ET]
Table 'Venus III' 9-max Seat #3 is the button
Seat 1: RSZAM ($1.16 in chips) 
Seat 2: betto7375 ($1.83 in chips) 
Seat 3: donramon9 ($1.38 in chips) 
Seat 4: Magic.Owz ($2.03 in chips) 
Seat 5: schani11 ($1.34 in chips) 
Seat 6: krakono22 ($1.34 in chips) 
Seat 7: Dani_90x ($1.12 in chips) 
Seat 9: Dorex2007 ($3.03 in chips) 
Magic.Owz: posts small blind $0.01
schani11: posts big blind $0.02
19Dima87: sits out 
*** HOLE CARDS ***
Dealt to Dorex2007 [Th Qs]
krakono22: folds 
Dani_90x: folds 
Dorex2007: folds 
RSZAM: folds 
betto7375: folds 
donramon9: folds 
Magic.Owz: folds 
Uncalled bet ($0.01) returned to schani11
schani11 collected $0.02 from pot
schani11: doesn't show hand 
*** SUMMARY ***
Total pot $0.02 | Rake $0 
Seat 1: RSZAM folded before Flop (didn't bet)
Seat 2: betto7375 folded before Flop (didn't bet)
Seat 3: donramon9 (button) folded before Flop (didn't bet)
Seat 4: Magic.Owz (small blind) folded before Flop
Seat 5: schani11 (big blind) collected ($0.02)
Seat 6: krakono22 folded before Flop (didn't bet)
Seat 7: Dani_90x folded before Flop (didn't bet)
Seat 9: Dorex2007 folded before Flop (didn't bet)



PokerStars Hand #236295654308:  Hold'em No Limit ($0.01/$0.02 USD) - 2022/05/22 13:45:57 PT [2022/05/22 16:45:57 ET]
Table 'Venus III' 9-max Seat #4 is the button
Seat 1: RSZAM ($1.16 in chips) 
Seat 2: betto7375 ($1.83 in chips) 
Seat 3: donramon9 ($1.38 in chips) 
Seat 4: Magic.Owz ($2.02 in chips) 
Seat 5: schani11 ($1.35 in chips) 
Seat 6: krakono22 ($1.34 in chips) 
Seat 7: Dani_90x ($1.12 in chips) 
Seat 9: Dorex2007 ($3.03 in chips) 
schani11: posts small blind $0.01
krakono22: posts big blind $0.02
19Dima87: sits out 
*** HOLE CARDS ***
Dealt to Dorex2007 [8d 9h]
Dani_90x: folds 
Dorex2007: folds 
RSZAM: folds 
betto7375: calls $0.02
donramon9: folds 
Magic.Owz: folds 
schani11: calls $0.01
krakono22: checks 
*** FLOP *** [Jh 9c 9s]
schani11: bets $0.06
krakono22: folds 
betto7375: folds 
Uncalled bet ($0.06) returned to schani11
schani11 collected $0.06 from pot
schani11: doesn't show hand 
*** SUMMARY ***
Total pot $0.06 | Rake $0 
Board [Jh 9c 9s]
Seat 1: RSZAM folded before Flop (didn't bet)
Seat 2: betto7375 folded on the Flop
Seat 3: donramon9 folded before Flop (didn't bet)
Seat 4: Magic.Owz (button) folded before Flop (didn't bet)
Seat 5: schani11 (small blind) collected ($0.06)
Seat 6: krakono22 (big blind) folded on the Flop
Seat 7: Dani_90x folded before Flop (didn't bet)
Seat 9: Dorex2007 folded before Flop (didn't bet)



PokerStars Hand #236295663828:  Hold'em No Limit ($0.01/$0.02 USD) - 2022/05/22 13:46:16 PT [2022/05/22 16:46:16 ET]
Table 'Venus III' 9-max Seat #5 is the button
Seat 1: RSZAM ($1.16 in chips) 
Seat 2: betto7375 ($1.81 in chips) 
Seat 3: donramon9 ($1.38 in chips) 
Seat 4: Magic.Owz ($2.02 in chips) 
Seat 5: schani11 ($1.39 in chips) 
Seat 6: krakono22 ($1.32 in chips) 
Seat 7: Dani_90x ($1.12 in chips) 
Seat 9: Dorex2007 ($3.03 in chips) 
krakono22: posts small blind $0.01
Dani_90x: posts big blind $0.02
19Dima87: sits out 
*** HOLE CARDS ***
Dealt to Dorex2007 [Qh 2d]
Dorex2007: folds 
RSZAM: folds 
betto7375: calls $0.02
donramon9: folds 
Magic.Owz: folds 
schani11: folds 
krakono22: calls $0.01
Dani_90x: checks 
*** FLOP *** [5c Js Kh]
krakono22: bets $0.02
Dani_90x: raises $0.10 to $0.12
betto7375: calls $0.12
krakono22: folds 
*** TURN *** [5c Js Kh] [Td]
Dani_90x: checks 
betto7375: checks 
*** RIVER *** [5c Js Kh Td] [9h]
Dani_90x: bets $0.06
betto7375: raises $0.22 to $0.28
Dani_90x: folds 
Uncalled bet ($0.22) returned to betto7375
betto7375 collected $0.42 from pot
betto7375: doesn't show hand 
*** SUMMARY ***
Total pot $0.44 | Rake $0.02 
Board [5c Js Kh Td 9h]
Seat 1: RSZAM folded before Flop (didn't bet)
Seat 2: betto7375 collected ($0.42)
Seat 3: donramon9 folded before Flop (didn't bet)
Seat 4: Magic.Owz folded before Flop (didn't bet)
Seat 5: schani11 (button) folded before Flop (didn't bet)
Seat 6: krakono22 (small blind) folded on the Flop
Seat 7: Dani_90x (big blind) folded on the River
Seat 9: Dorex2007 folded before Flop (didn't bet)



PokerStars Hand #236295690679:  Hold'em No Limit ($0.01/$0.02 USD) - 2022/05/22 13:47:12 PT [2022/05/22 16:47:12 ET]
Table 'Venus III' 9-max Seat #6 is the button
Seat 1: RSZAM ($1.16 in chips) 
Seat 2: betto7375 ($2.03 in chips) 
Seat 3: donramon9 ($1.38 in chips) 
Seat 4: Magic.Owz ($2.02 in chips) 
Seat 5: schani11 ($1.39 in chips) 
Seat 6: krakono22 ($1.28 in chips) 
Seat 7: Dani_90x ($0.92 in chips) 
Seat 8: 19Dima87 ($0.80 in chips) 
Seat 9: Dorex2007 ($3.03 in chips) 
Dani_90x: posts small blind $0.01
19Dima87: posts big blind $0.02
*** HOLE CARDS ***
Dealt to Dorex2007 [Ac As]
Dorex2007: raises $0.02 to $0.04
RSZAM: folds 
betto7375: calls $0.04
donramon9: folds 
Magic.Owz: folds 
schani11: calls $0.04
krakono22: calls $0.04
Dani_90x: calls $0.03
19Dima87: calls $0.02
*** FLOP *** [Ks Jd 7c]
Dani_90x: checks 
19Dima87: checks 
Dorex2007: bets $0.23
betto7375: folds 
schani11: folds 
krakono22: folds 
Dani_90x: folds 
19Dima87: folds 
Uncalled bet ($0.23) returned to Dorex2007
Dorex2007 collected $0.23 from pot
Dorex2007: doesn't show hand 
*** SUMMARY ***
Total pot $0.24 | Rake $0.01 
Board [Ks Jd 7c]
Seat 1: RSZAM folded before Flop (didn't bet)
Seat 2: betto7375 folded on the Flop
Seat 3: donramon9 folded before Flop (didn't bet)
Seat 4: Magic.Owz folded before Flop (didn't bet)
Seat 5: schani11 folded on the Flop
Seat 6: krakono22 (button) folded on the Flop
Seat 7: Dani_90x (small blind) folded on the Flop
Seat 8: 19Dima87 (big blind) folded on the Flop
Seat 9: Dorex2007 collected ($0.23)



PokerStars Hand #236295719023:  Hold'em No Limit ($0.01/$0.02 USD) - 2022/05/22 13:48:10 PT [2022/05/22 16:48:10 ET]
Table 'Venus III' 9-max Seat #7 is the button
Seat 1: RSZAM ($1.16 in chips) 
Seat 2: betto7375 ($1.99 in chips) 
Seat 3: donramon9 ($1.38 in chips) 
Seat 4: Magic.Owz ($2.02 in chips) 
Seat 5: schani11 ($1.35 in chips) 
Seat 6: krakono22 ($1.24 in chips) 
Seat 7: Dani_90x ($0.88 in chips) 
Seat 8: 19Dima87 ($0.76 in chips) 
Seat 9: Dorex2007 ($3.22 in chips) 
19Dima87: posts small blind $0.01
Dorex2007: posts big blind $0.02
*** HOLE CARDS ***
Dealt to Dorex2007 [8h 8s]
RSZAM: folds 
betto7375: folds 
donramon9: folds 
Magic.Owz: raises $0.03 to $0.05
RSZAM leaves the table
schani11: calls $0.05
krakono22: folds 
Dani_90x: folds 
19Dima87: calls $0.04
Dorex2007: calls $0.03
*** FLOP *** [Kc 5s 2c]
19Dima87: checks 
X101083X joins the table at seat #1 
Dorex2007: checks 
Magic.Owz: bets $0.06
schani11: raises $0.31 to $0.37
19Dima87: folds 
Dorex2007: folds 
Magic.Owz: raises $1.60 to $1.97 and is all-in
schani11: folds 
Uncalled bet ($1.60) returned to Magic.Owz
Magic.Owz collected $0.91 from pot
Magic.Owz: doesn't show hand 
*** SUMMARY ***
Total pot $0.94 | Rake $0.03 
Board [Kc 5s 2c]
Seat 1: RSZAM folded before Flop (didn't bet)
Seat 2: betto7375 folded before Flop (didn't bet)
Seat 3: donramon9 folded before Flop (didn't bet)
Seat 4: Magic.Owz collected ($0.91)
Seat 5: schani11 folded on the Flop
Seat 6: krakono22 folded before Flop (didn't bet)
Seat 7: Dani_90x (button) folded before Flop (didn't bet)
Seat 8: 19Dima87 (small blind) folded on the Flop
Seat 9: Dorex2007 (big blind) folded on the Flop



PokerStars Hand #236295746030:  Hold'em No Limit ($0.01/$0.02 USD) - 2022/05/22 13:49:06 PT [2022/05/22 16:49:06 ET]
Table 'Venus III' 9-max Seat #8 is the button
Seat 1: X101083X ($2 in chips) 
Seat 2: betto7375 ($1.99 in chips) 
Seat 3: donramon9 ($1.38 in chips) 
Seat 4: Magic.Owz ($2.51 in chips) 
Seat 5: schani11 ($0.93 in chips) 
Seat 6: krakono22 ($1.24 in chips) 
Seat 7: Dani_90x ($0.88 in chips) 
Seat 8: 19Dima87 ($0.71 in chips) 
Seat 9: Dorex2007 ($3.17 in chips) 
Dorex2007: posts small blind $0.01
X101083X: posts big blind $0.02
*** HOLE CARDS ***
Dealt to Dorex2007 [6h 7d]
betto7375: calls $0.02
donramon9: folds 
Magic.Owz: folds 
schani11: folds 
krakono22: folds 
Dani_90x: calls $0.02
19Dima87: folds 
Dorex2007: folds 
X101083X: checks 
*** FLOP *** [Qd 3c 9c]
X101083X: checks 
betto7375: bets $0.07
Dani_90x: folds 
X101083X: calls $0.07
*** TURN *** [Qd 3c 9c] [5d]
X101083X: checks 
betto7375: bets $0.14
X101083X: calls $0.14
*** RIVER *** [Qd 3c 9c 5d] [4h]
X101083X: checks 
betto7375: bets $0.41
X101083X: raises $1.29 to $1.70
betto7375: folds 
Uncalled bet ($1.29) returned to X101083X
X101083X collected $1.25 from pot
*** SUMMARY ***
Total pot $1.31 | Rake $0.06 
Board [Qd 3c 9c 5d 4h]
Seat 1: X101083X (big blind) collected ($1.25)
Seat 2: betto7375 folded on the River
Seat 3: donramon9 folded before Flop (didn't bet)
Seat 4: Magic.Owz folded before Flop (didn't bet)
Seat 5: schani11 folded before Flop (didn't bet)
Seat 6: krakono22 folded before Flop (didn't bet)
Seat 7: Dani_90x folded on the Flop
Seat 8: 19Dima87 (button) folded before Flop (didn't bet)
Seat 9: Dorex2007 (small blind) folded before Flop



PokerStars Hand #236295797866:  Hold'em No Limit ($0.01/$0.02 USD) - 2022/05/22 13:50:50 PT [2022/05/22 16:50:50 ET]
Table 'Venus III' 9-max Seat #9 is the button
Seat 1: X101083X ($2.61 in chips) 
Seat 2: betto7375 ($1.35 in chips) 
Seat 3: donramon9 ($1.38 in chips) 
Seat 4: Magic.Owz ($2.51 in chips) 
Seat 5: schani11 ($0.93 in chips) 
Seat 6: krakono22 ($1.24 in chips) 
Seat 7: Dani_90x ($0.86 in chips) 
Seat 8: 19Dima87 ($0.71 in chips) 
Seat 9: Dorex2007 ($3.16 in chips) 
X101083X: posts small blind $0.01
betto7375: posts big blind $0.02
*** HOLE CARDS ***
Dealt to Dorex2007 [6c Tc]
donramon9: folds 
Magic.Owz: folds 
schani11: calls $0.02
krakono22: raises $0.07 to $0.09
Dani_90x: folds 
19Dima87: raises $0.62 to $0.71 and is all-in
Dorex2007: folds 
X101083X: folds 
betto7375: calls $0.69
schani11: calls $0.69
krakono22: calls $0.62
*** FLOP *** [Th Td As]
betto7375: checks 
schani11: checks 
krakono22: bets $0.53 and is all-in
betto7375: calls $0.53
schani11: calls $0.22 and is all-in
*** TURN *** [Th Td As] [Ah]
*** RIVER *** [Th Td As Ah] [Jc]
*** SHOW DOWN ***
betto7375: shows [8s 9s] (two pair, Aces and Tens)
krakono22: shows [4d 4s] (two pair, Aces and Tens)
krakono22 collected $0.30 from side pot-2 
schani11: shows [8d 7h] (two pair, Aces and Tens)
schani11 collected $0.21 from side pot-1 
krakono22 collected $0.21 from side pot-1 
19Dima87: shows [Kh Ac] (a full house, Aces full of Tens)
19Dima87 collected $2.73 from main pot
betto7375 cashed out the hand for $0.60 | Cash Out Fee $0.01
*** SUMMARY ***
Total pot $4.13 Main pot $2.73. Side pot-1 $0.64. Side pot-2 $0.60. | Rake $0.16 
Board [Th Td As Ah Jc]
Seat 1: X101083X (small blind) folded before Flop
Seat 2: betto7375 (big blind) showed [8s 9s] and won ($0.52) with two pair, Aces and Tens (pot not awarded as player cashed out)
Seat 3: donramon9 folded before Flop (didn't bet)
Seat 4: Magic.Owz folded before Flop (didn't bet)
Seat 5: schani11 showed [8d 7h] and won ($0.21) with two pair, Aces and Tens
Seat 6: krakono22 showed [4d 4s] and won ($0.51) with two pair, Aces and Tens
Seat 7: Dani_90x folded before Flop (didn't bet)
Seat 8: 19Dima87 showed [Kh Ac] and won ($2.73) with a full house, Aces full of Tens
Seat 9: Dorex2007 (button) folded before Flop (didn't bet)



PokerStars Hand #236295834316:  Hold'em No Limit ($0.01/$0.02 USD) - 2022/05/22 13:51:52 PT [2022/05/22 16:51:52 ET]
Table 'Venus III' 9-max Seat #1 is the button
Seat 1: X101083X ($2.60 in chips) 
Seat 2: betto7375 ($0.71 in chips) 
Seat 3: donramon9 ($1.38 in chips) 
Seat 4: Magic.Owz ($2.51 in chips) 
Seat 5: schani11 ($0.21 in chips) 
Seat 6: krakono22 ($0.51 in chips) 
Seat 7: Dani_90x ($0.86 in chips) 
Seat 8: 19Dima87 ($2.73 in chips) 
Seat 9: Dorex2007 ($3.16 in chips) 
betto7375: posts small blind $0.01
donramon9: posts big blind $0.02
*** HOLE CARDS ***
Dealt to Dorex2007 [Kc 5d]
Magic.Owz: folds 
schani11: raises $0.19 to $0.21 and is all-in
krakono22: calls $0.21
Dani_90x: folds 
19Dima87: folds 
Dorex2007: folds 
X101083X: folds 
betto7375: folds 
donramon9: folds 
*** FLOP *** [Kh 6d 4s]
*** TURN *** [Kh 6d 4s] [5c]
*** RIVER *** [Kh 6d 4s 5c] [Qs]
*** SHOW DOWN ***
schani11: shows [3c 3d] (a pair of Threes)
krakono22: shows [8h 9s] (high card King)
schani11 collected $0.43 from pot
*** SUMMARY ***
Total pot $0.45 | Rake $0.02 
Board [Kh 6d 4s 5c Qs]
Seat 1: X101083X (button) folded before Flop (didn't bet)
Seat 2: betto7375 (small blind) folded before Flop
Seat 3: donramon9 (big blind) folded before Flop
Seat 4: Magic.Owz folded before Flop (didn't bet)
Seat 5: schani11 showed [3c 3d] and won ($0.43) with a pair of Threes
Seat 6: krakono22 showed [8h 9s] and lost with high card King
Seat 7: Dani_90x folded before Flop (didn't bet)
Seat 8: 19Dima87 folded before Flop (didn't bet)
Seat 9: Dorex2007 folded before Flop (didn't bet)



PokerStars Hand #236295846639:  Hold'em No Limit ($0.01/$0.02 USD) - 2022/05/22 13:52:17 PT [2022/05/22 16:52:17 ET]
Table 'Venus III' 9-max Seat #2 is the button
Seat 1: X101083X ($2.60 in chips) 
Seat 2: betto7375 ($0.70 in chips) 
Seat 3: donramon9 ($1.36 in chips) 
Seat 4: Magic.Owz ($2.51 in chips) 
Seat 5: schani11 ($0.43 in chips) 
Seat 6: krakono22 ($0.30 in chips) 
Seat 7: Dani_90x ($0.86 in chips) 
Seat 8: 19Dima87 ($2.73 in chips) 
Seat 9: Dorex2007 ($3.16 in chips) 
donramon9: posts small blind $0.01
Magic.Owz: posts big blind $0.02
*** HOLE CARDS ***
Dealt to Dorex2007 [Qs 8d]
schani11: folds 
krakono22: folds 
Dani_90x: folds 
19Dima87: folds 
Dorex2007: folds 
X101083X: folds 
betto7375: folds 
donramon9: raises $0.04 to $0.06
Magic.Owz: folds 
Uncalled bet ($0.04) returned to donramon9
donramon9 collected $0.04 from pot
*** SUMMARY ***
Total pot $0.04 | Rake $0 
Seat 1: X101083X folded before Flop (didn't bet)
Seat 2: betto7375 (button) folded before Flop (didn't bet)
Seat 3: donramon9 (small blind) collected ($0.04)
Seat 4: Magic.Owz (big blind) folded before Flop
Seat 5: schani11 folded before Flop (didn't bet)
Seat 6: krakono22 folded before Flop (didn't bet)
Seat 7: Dani_90x folded before Flop (didn't bet)
Seat 8: 19Dima87 folded before Flop (didn't bet)
Seat 9: Dorex2007 folded before Flop (didn't bet)



PokerStars Hand #236295857259:  Hold'em No Limit ($0.01/$0.02 USD) - 2022/05/22 13:52:39 PT [2022/05/22 16:52:39 ET]
Table 'Venus III' 9-max Seat #3 is the button
Seat 1: X101083X ($2.60 in chips) 
Seat 2: betto7375 ($0.70 in chips) 
Seat 3: donramon9 ($1.38 in chips) 
Seat 4: Magic.Owz ($2.49 in chips) 
Seat 5: schani11 ($0.43 in chips) 
Seat 6: krakono22 ($0.30 in chips) 
Seat 7: Dani_90x ($0.86 in chips) 
Seat 8: 19Dima87 ($2.73 in chips) 
Seat 9: Dorex2007 ($3.16 in chips) 
Magic.Owz: posts small blind $0.01
schani11: posts big blind $0.02
*** HOLE CARDS ***
Dealt to Dorex2007 [Ts 8s]
krakono22: raises $0.02 to $0.04
Dani_90x: folds 
19Dima87: folds 
Dorex2007: folds 
X101083X: folds 
betto7375: calls $0.04
donramon9: folds 
Magic.Owz: folds 
schani11: calls $0.02
*** FLOP *** [Ac Ah 5c]
schani11: checks 
krakono22: checks 
betto7375: checks 
*** TURN *** [Ac Ah 5c] [Qc]
schani11: checks 
krakono22: checks 
betto7375: bets $0.02
schani11: folds 
krakono22: folds 
Uncalled bet ($0.02) returned to betto7375
betto7375 collected $0.13 from pot
betto7375: doesn't show hand 
*** SUMMARY ***
Total pot $0.13 | Rake $0 
Board [Ac Ah 5c Qc]
Seat 1: X101083X folded before Flop (didn't bet)
Seat 2: betto7375 collected ($0.13)
Seat 3: donramon9 (button) folded before Flop (didn't bet)
Seat 4: Magic.Owz (small blind) folded before Flop
Seat 5: schani11 (big blind) folded on the Turn
Seat 6: krakono22 folded on the Turn
Seat 7: Dani_90x folded before Flop (didn't bet)
Seat 8: 19Dima87 folded before Flop (didn't bet)
Seat 9: Dorex2007 folded before Flop (didn't bet)



PokerStars Hand #236295883466:  Hold'em No Limit ($0.01/$0.02 USD) - 2022/05/22 13:53:24 PT [2022/05/22 16:53:24 ET]
Table 'Venus III' 9-max Seat #4 is the button
Seat 2: betto7375 ($0.79 in chips) 
Seat 3: donramon9 ($1.38 in chips) 
Seat 4: Magic.Owz ($2.48 in chips) 
Seat 5: schani11 ($0.39 in chips) 
Seat 6: krakono22 ($0.26 in chips) 
Seat 7: Dani_90x ($0.86 in chips) 
Seat 8: 19Dima87 ($2.73 in chips) 
Seat 9: Dorex2007 ($3.16 in chips) 
schani11: posts small blind $0.01
krakono22: posts big blind $0.02
*** HOLE CARDS ***
Dealt to Dorex2007 [3s 7c]
Dani_90x: folds 
19Dima87: calls $0.02
Dorex2007: folds 
betto7375: calls $0.02
donramon9: folds 
Magic.Owz: folds 
schani11: calls $0.01
krakono22: raises $0.24 to $0.26 and is all-in
19Dima87: folds 
betto7375: folds 
schani11: calls $0.24
*** FLOP *** [8s 7d Ah]
*** TURN *** [8s 7d Ah] [5c]
*** RIVER *** [8s 7d Ah 5c] [2c]
*** SHOW DOWN ***
schani11: shows [4h 4s] (a pair of Fours)
krakono22: shows [Jh Jc] (a pair of Jacks)
krakono22 collected $0.54 from pot
*** SUMMARY ***
Total pot $0.56 | Rake $0.02 
Board [8s 7d Ah 5c 2c]
Seat 2: betto7375 folded before Flop
Seat 3: donramon9 folded before Flop (didn't bet)
Seat 4: Magic.Owz (button) folded before Flop (didn't bet)
Seat 5: schani11 (small blind) showed [4h 4s] and lost with a pair of Fours
Seat 6: krakono22 (big blind) showed [Jh Jc] and won ($0.54) with a pair of Jacks
Seat 7: Dani_90x folded before Flop (didn't bet)
Seat 8: 19Dima87 folded before Flop
Seat 9: Dorex2007 folded before Flop (didn't bet)



PokerStars Hand #236295898122:  Hold'em No Limit ($0.01/$0.02 USD) - 2022/05/22 13:53:54 PT [2022/05/22 16:53:54 ET]
Table 'Venus III' 9-max Seat #5 is the button
Seat 2: betto7375 ($0.77 in chips) 
Seat 3: donramon9 ($1.38 in chips) 
Seat 4: Magic.Owz ($2.48 in chips) 
Seat 5: schani11 ($0.13 in chips) 
Seat 6: krakono22 ($0.54 in chips) 
Seat 7: Dani_90x ($0.86 in chips) 
Seat 8: 19Dima87 ($2.71 in chips) 
Seat 9: Dorex2007 ($3.16 in chips) 
krakono22: posts small blind $0.01
Dani_90x: posts big blind $0.02
*** HOLE CARDS ***
Dealt to Dorex2007 [6d Qc]
19Dima87: calls $0.02
Dorex2007: folds 
betto7375: calls $0.02
donramon9: folds 
Magic.Owz: folds 
schani11: calls $0.02
krakono22: folds 
Dani_90x: checks 
*** FLOP *** [2s Th Jh]
Dani_90x: checks 
19Dima87: checks 
betto7375: checks 
schani11: checks 
*** TURN *** [2s Th Jh] [7d]
Dani_90x: checks 
19Dima87: checks 
betto7375: checks 
schani11: checks 
*** RIVER *** [2s Th Jh 7d] [Js]
Dani_90x: checks 
19Dima87: checks 
betto7375: checks 
schani11: checks 
*** SHOW DOWN ***
Dani_90x: shows [6c 3c] (a pair of Jacks)
19Dima87: shows [Ad 7h] (two pair, Jacks and Sevens)
betto7375: mucks hand 
schani11: mucks hand 
19Dima87 collected $0.09 from pot
*** SUMMARY ***
Total pot $0.09 | Rake $0 
Board [2s Th Jh 7d Js]
Seat 2: betto7375 mucked [5d 5h]
Seat 3: donramon9 folded before Flop (didn't bet)
Seat 4: Magic.Owz folded before Flop (didn't bet)
Seat 5: schani11 (button) mucked [Ks 9c]
Seat 6: krakono22 (small blind) folded before Flop
Seat 7: Dani_90x (big blind) showed [6c 3c] and lost with a pair of Jacks
Seat 8: 19Dima87 showed [Ad 7h] and won ($0.09) with two pair, Jacks and Sevens
Seat 9: Dorex2007 folded before Flop (didn't bet)



PokerStars Hand #236295918820:  Hold'em No Limit ($0.01/$0.02 USD) - 2022/05/22 13:54:38 PT [2022/05/22 16:54:38 ET]
Table 'Venus III' 9-max Seat #6 is the button
Seat 2: betto7375 ($0.75 in chips) 
Seat 3: donramon9 ($1.38 in chips) 
Seat 4: Magic.Owz ($2.48 in chips) 
Seat 5: schani11 ($0.11 in chips) 
Seat 6: krakono22 ($0.53 in chips) 
Seat 7: Dani_90x ($0.84 in chips) 
Seat 8: 19Dima87 ($2.78 in chips) 
Seat 9: Dorex2007 ($3.16 in chips) 
Dani_90x: posts small blind $0.01
19Dima87: posts big blind $0.02
*** HOLE CARDS ***
Dealt to Dorex2007 [7h 6h]
Dorex2007: folds 
betto7375: folds 
donramon9: folds 
Magic.Owz: raises $0.04 to $0.06
schani11: folds 
krakono22: folds 
Dani_90x: folds 
19Dima87: calls $0.04
*** FLOP *** [Jd Js 3c]
19Dima87: bets $0.06
Magic.Owz: raises $0.15 to $0.21
19Dima87: calls $0.15
*** TURN *** [Jd Js 3c] [Kd]
19Dima87: checks 
Magic.Owz: bets $0.35
19Dima87: folds 
Uncalled bet ($0.35) returned to Magic.Owz
Magic.Owz collected $0.53 from pot
Magic.Owz: doesn't show hand 
*** SUMMARY ***
Total pot $0.55 | Rake $0.02 
Board [Jd Js 3c Kd]
Seat 2: betto7375 folded before Flop (didn't bet)
Seat 3: donramon9 folded before Flop (didn't bet)
Seat 4: Magic.Owz collected ($0.53)
Seat 5: schani11 folded before Flop (didn't bet)
Seat 6: krakono22 (button) folded before Flop (didn't bet)
Seat 7: Dani_90x (small blind) folded before Flop
Seat 8: 19Dima87 (big blind) folded on the Turn
Seat 9: Dorex2007 folded before Flop (didn't bet)



PokerStars Hand #236295938471:  Hold'em No Limit ($0.01/$0.02 USD) - 2022/05/22 13:55:26 PT [2022/05/22 16:55:26 ET]
Table 'Venus III' 9-max Seat #7 is the button
Seat 2: betto7375 ($0.75 in chips) 
Seat 3: donramon9 ($1.38 in chips) 
Seat 4: Magic.Owz ($2.74 in chips) 
Seat 5: schani11 ($0.11 in chips) 
Seat 6: krakono22 ($0.53 in chips) 
Seat 7: Dani_90x ($0.83 in chips) 
Seat 8: 19Dima87 ($2.51 in chips) 
Seat 9: Dorex2007 ($3.16 in chips) 
19Dima87: posts small blind $0.01
Dorex2007: posts big blind $0.02
*** HOLE CARDS ***
Dealt to Dorex2007 [Jh Td]
betto7375: calls $0.02
donramon9: folds 
Magic.Owz: folds 
schani11 has timed out
schani11: folds 
krakono22: calls $0.02
Dani_90x: folds 
19Dima87: calls $0.01
Dorex2007: checks 
*** FLOP *** [Jd 5d Ac]
19Dima87: checks 
Dorex2007: checks 
betto7375: checks 
krakono22: bets $0.08
19Dima87: folds 
Dorex2007: folds 
betto7375: folds 
Uncalled bet ($0.08) returned to krakono22
krakono22 collected $0.08 from pot
krakono22: doesn't show hand 
*** SUMMARY ***
Total pot $0.08 | Rake $0 
Board [Jd 5d Ac]
Seat 2: betto7375 folded on the Flop
Seat 3: donramon9 folded before Flop (didn't bet)
Seat 4: Magic.Owz folded before Flop (didn't bet)
Seat 5: schani11 folded before Flop (didn't bet)
Seat 6: krakono22 collected ($0.08)
Seat 7: Dani_90x (button) folded before Flop (didn't bet)
Seat 8: 19Dima87 (small blind) folded on the Flop
Seat 9: Dorex2007 (big blind) folded on the Flop



PokerStars Hand #236295951184:  Hold'em No Limit ($0.01/$0.02 USD) - 2022/05/22 13:56:11 PT [2022/05/22 16:56:11 ET]
Table 'Venus III' 9-max Seat #8 is the button
Seat 2: betto7375 ($0.73 in chips) 
Seat 3: donramon9 ($1.38 in chips) 
Seat 4: Magic.Owz ($2.74 in chips) 
Seat 5: schani11 ($0.11 in chips) 
Seat 6: krakono22 ($0.59 in chips) 
Seat 7: Dani_90x ($0.83 in chips) 
Seat 8: 19Dima87 ($2.49 in chips) 
Seat 9: Dorex2007 ($3.14 in chips) 
Dorex2007: posts small blind $0.01
betto7375: posts big blind $0.02
*** HOLE CARDS ***
Dealt to Dorex2007 [Js 3s]
donramon9: folds 
Magic.Owz: folds 
schani11: folds 
krakono22: folds 
Dani_90x: folds 
19Dima87: folds 
Dorex2007: raises $0.04 to $0.06
betto7375: calls $0.04
*** FLOP *** [9c 2c 3c]
Dorex2007: bets $0.12
betto7375: calls $0.12
*** TURN *** [9c 2c 3c] [Kc]
Dorex2007: checks 
betto7375: bets $0.17
Dorex2007: folds 
Uncalled bet ($0.17) returned to betto7375
betto7375 collected $0.35 from pot
betto7375: doesn't show hand 
*** SUMMARY ***
Total pot $0.36 | Rake $0.01 
Board [9c 2c 3c Kc]
Seat 2: betto7375 (big blind) collected ($0.35)
Seat 3: donramon9 folded before Flop (didn't bet)
Seat 4: Magic.Owz folded before Flop (didn't bet)
Seat 5: schani11 folded before Flop (didn't bet)
Seat 6: krakono22 folded before Flop (didn't bet)
Seat 7: Dani_90x folded before Flop (didn't bet)
Seat 8: 19Dima87 (button) folded before Flop (didn't bet)
Seat 9: Dorex2007 (small blind) folded on the Turn



PokerStars Hand #236295961824:  Hold'em No Limit ($0.01/$0.02 USD) - 2022/05/22 13:56:49 PT [2022/05/22 16:56:49 ET]
Table 'Venus III' 9-max Seat #9 is the button
Seat 2: betto7375 ($0.90 in chips) 
Seat 3: donramon9 ($1.38 in chips) 
Seat 4: Magic.Owz ($2.74 in chips) 
Seat 5: schani11 ($0.11 in chips) 
Seat 6: krakono22 ($0.59 in chips) 
Seat 7: Dani_90x ($0.83 in chips) 
Seat 8: 19Dima87 ($2.49 in chips) 
Seat 9: Dorex2007 ($2.96 in chips) 
betto7375: posts small blind $0.01
donramon9: posts big blind $0.02
*** HOLE CARDS ***
Dealt to Dorex2007 [6h 4h]
Magic.Owz: folds 
Magic.Owz leaves the table
schani11: folds 
krakono22: folds 
Dani_90x: folds 
19Dima87: folds 
Dorex2007: folds 
betto7375: calls $0.01
donramon9: checks 
*** FLOP *** [5h Ts Qd]
betto7375: checks 
donramon9: checks 
*** TURN *** [5h Ts Qd] [As]
betto7375: checks 
donramon9: checks 
*** RIVER *** [5h Ts Qd As] [9h]
betto7375: bets $0.02
donramon9: calls $0.02
*** SHOW DOWN ***
betto7375: shows [6c 2h] (high card Ace)
donramon9: shows [3d Ad] (a pair of Aces)
donramon9 collected $0.08 from pot
*** SUMMARY ***
Total pot $0.08 | Rake $0 
Board [5h Ts Qd As 9h]
Seat 2: betto7375 (small blind) showed [6c 2h] and lost with high card Ace
Seat 3: donramon9 (big blind) showed [3d Ad] and won ($0.08) with a pair of Aces
Seat 4: Magic.Owz folded before Flop (didn't bet)
Seat 5: schani11 folded before Flop (didn't bet)
Seat 6: krakono22 folded before Flop (didn't bet)
Seat 7: Dani_90x folded before Flop (didn't bet)
Seat 8: 19Dima87 folded before Flop (didn't bet)
Seat 9: Dorex2007 (button) folded before Flop (didn't bet)



PokerStars Hand #236295977743:  Hold'em No Limit ($0.01/$0.02 USD) - 2022/05/22 13:57:18 PT [2022/05/22 16:57:18 ET]
Table 'Venus III' 9-max Seat #2 is the button
Seat 2: betto7375 ($0.86 in chips) 
Seat 3: donramon9 ($1.42 in chips) 
Seat 5: schani11 ($0.11 in chips) 
Seat 6: krakono22 ($0.59 in chips) 
Seat 7: Dani_90x ($0.83 in chips) 
Seat 8: 19Dima87 ($2.49 in chips) 
Seat 9: Dorex2007 ($2.96 in chips) 
donramon9: posts small blind $0.01
schani11: posts big blind $0.02
*** HOLE CARDS ***
Dealt to Dorex2007 [Td 2c]
krakono22: calls $0.02
Dani_90x: calls $0.02
19Dima87: calls $0.02
Dorex2007: folds 
betto7375: calls $0.02
donramon9: folds 
schani11: raises $0.09 to $0.11 and is all-in
krakono22: folds 
Dani_90x: raises $0.72 to $0.83 and is all-in
19Dima87: folds 
betto7375: folds 
Uncalled bet ($0.72) returned to Dani_90x
*** FLOP *** [3h 4d 5h]
*** TURN *** [3h 4d 5h] [7h]
*** RIVER *** [3h 4d 5h 7h] [Jd]
*** SHOW DOWN ***
schani11: shows [Kc As] (high card Ace)
Dani_90x: shows [Ac Kh] (high card Ace)
schani11 collected $0.14 from pot
Dani_90x collected $0.14 from pot
*** SUMMARY ***
Total pot $0.29 | Rake $0.01 
Board [3h 4d 5h 7h Jd]
Seat 2: betto7375 (button) folded before Flop
Seat 3: donramon9 (small blind) folded before Flop
Seat 5: schani11 (big blind) showed [Kc As] and won ($0.14) with high card Ace
Seat 6: krakono22 folded before Flop
Seat 7: Dani_90x showed [Ac Kh] and won ($0.14) with high card Ace
Seat 8: 19Dima87 folded before Flop
Seat 9: Dorex2007 folded before Flop (didn't bet)



PokerStars Hand #236295990677:  Hold'em No Limit ($0.01/$0.02 USD) - 2022/05/22 13:58:04 PT [2022/05/22 16:58:04 ET]
Table 'Venus III' 9-max Seat #3 is the button
Seat 2: betto7375 ($0.84 in chips) 
Seat 3: donramon9 ($1.41 in chips) 
Seat 5: schani11 ($0.14 in chips) 
Seat 6: krakono22 ($0.57 in chips) 
Seat 7: Dani_90x ($0.86 in chips) 
Seat 8: 19Dima87 ($2.47 in chips) 
Seat 9: Dorex2007 ($2.96 in chips) 
schani11: posts small blind $0.01
krakono22: posts big blind $0.02
*** HOLE CARDS ***
Dealt to Dorex2007 [Kd 2d]
Dani_90x: calls $0.02
19Dima87: folds 
Dorex2007: folds 
betto7375: folds 
donramon9: folds 
schani11: folds 
krakono22: checks 
*** FLOP *** [2h Jd Qd]
krakono22: bets $0.02
Dani_90x: folds 
Uncalled bet ($0.02) returned to krakono22
krakono22 collected $0.05 from pot
krakono22: doesn't show hand 
*** SUMMARY ***
Total pot $0.05 | Rake $0 
Board [2h Jd Qd]
Seat 2: betto7375 folded before Flop (didn't bet)
Seat 3: donramon9 (button) folded before Flop (didn't bet)
Seat 5: schani11 (small blind) folded before Flop
Seat 6: krakono22 (big blind) collected ($0.05)
Seat 7: Dani_90x folded on the Flop
Seat 8: 19Dima87 folded before Flop (didn't bet)
Seat 9: Dorex2007 folded before Flop (didn't bet)



PokerStars Hand #236295995458:  Hold'em No Limit ($0.01/$0.02 USD) - 2022/05/22 13:58:21 PT [2022/05/22 16:58:21 ET]
Table 'Venus III' 9-max Seat #5 is the button
Seat 2: betto7375 ($0.84 in chips) 
Seat 3: donramon9 ($1.41 in chips) 
Seat 5: schani11 ($0.13 in chips) 
Seat 6: krakono22 ($0.60 in chips) 
Seat 7: Dani_90x ($0.84 in chips) 
Seat 8: 19Dima87 ($2.47 in chips) 
Seat 9: Dorex2007 ($2.96 in chips) 
krakono22: posts small blind $0.01
Dani_90x: posts big blind $0.02
*** HOLE CARDS ***
Dealt to Dorex2007 [8s 5d]
19Dima87: calls $0.02
Dorex2007: folds 
betto7375: calls $0.02
donramon9: folds 
schani11: calls $0.02
krakono22: raises $0.10 to $0.12
Dani_90x: folds 
19Dima87: calls $0.10
betto7375: calls $0.10
schani11: raises $0.01 to $0.13 and is all-in
krakono22: calls $0.01
19Dima87: calls $0.01
betto7375: calls $0.01
*** FLOP *** [Kc Qh 2s]
krakono22: bets $0.06
19Dima87: calls $0.06
betto7375: folds 
*** TURN *** [Kc Qh 2s] [6c]
krakono22: bets $0.06
alex15vlz joins the table at seat #4 
19Dima87: calls $0.06
*** RIVER *** [Kc Qh 2s 6c] [3c]
krakono22: bets $0.06
19Dima87: calls $0.06
*** SHOW DOWN ***
krakono22: shows [Ac Jh] (high card Ace)
19Dima87: shows [Kh 7h] (a pair of Kings)
19Dima87 collected $0.35 from side pot
schani11: shows [Qd Kd] (two pair, Kings and Queens)
schani11 collected $0.52 from main pot
*** SUMMARY ***
Total pot $0.90 Main pot $0.52. Side pot $0.35. | Rake $0.03 
Board [Kc Qh 2s 6c 3c]
Seat 2: betto7375 folded on the Flop
Seat 3: donramon9 folded before Flop (didn't bet)
Seat 5: schani11 (button) showed [Qd Kd] and won ($0.52) with two pair, Kings and Queens
Seat 6: krakono22 (small blind) showed [Ac Jh] and lost with high card Ace
Seat 7: Dani_90x (big blind) folded before Flop
Seat 8: 19Dima87 showed [Kh 7h] and won ($0.35) with a pair of Kings
Seat 9: Dorex2007 folded before Flop (didn't bet)



PokerStars Hand #236296013316:  Hold'em No Limit ($0.01/$0.02 USD) - 2022/05/22 13:59:24 PT [2022/05/22 16:59:24 ET]
Table 'Venus III' 9-max Seat #6 is the button
Seat 2: betto7375 ($0.71 in chips) 
Seat 3: donramon9 ($1.41 in chips) 
Seat 5: schani11 ($0.52 in chips) 
Seat 6: krakono22 ($0.29 in chips) 
Seat 7: Dani_90x ($0.82 in chips) 
Seat 8: 19Dima87 ($2.51 in chips) 
Seat 9: Dorex2007 ($2.96 in chips) 
Dani_90x: posts small blind $0.01
19Dima87: posts big blind $0.02
alex15vlz: sits out 
*** HOLE CARDS ***
Dealt to Dorex2007 [Ts 9d]
Dorex2007: folds 
betto7375: folds 
donramon9: folds 
schani11: folds 
krakono22: raises $0.04 to $0.06
Dani_90x: folds 
19Dima87: calls $0.04
*** FLOP *** [4s Jd 8h]
19Dima87: checks 
krakono22: bets $0.06
19Dima87: calls $0.06
*** TURN *** [4s Jd 8h] [5h]
19Dima87: checks 
krakono22: bets $0.06
19Dima87: calls $0.06
*** RIVER *** [4s Jd 8h 5h] [Kh]
19Dima87: checks 
krakono22: bets $0.06
19Dima87: raises $0.06 to $0.12
krakono22: calls $0.05 and is all-in
Uncalled bet ($0.01) returned to 19Dima87
*** SHOW DOWN ***
19Dima87: shows [9h Th] (a flush, King high)
krakono22: shows [Ks Jc] (two pair, Kings and Jacks)
19Dima87 collected $0.57 from pot
*** SUMMARY ***
Total pot $0.59 | Rake $0.02 
Board [4s Jd 8h 5h Kh]
Seat 2: betto7375 folded before Flop (didn't bet)
Seat 3: donramon9 folded before Flop (didn't bet)
Seat 5: schani11 folded before Flop (didn't bet)
Seat 6: krakono22 (button) showed [Ks Jc] and lost with two pair, Kings and Jacks
Seat 7: Dani_90x (small blind) folded before Flop
Seat 8: 19Dima87 (big blind) showed [9h Th] and won ($0.57) with a flush, King high
Seat 9: Dorex2007 folded before Flop (didn't bet)



PokerStars Hand #236296033173:  Hold'em No Limit ($0.01/$0.02 USD) - 2022/05/22 14:00:33 PT [2022/05/22 17:00:33 ET]
Table 'Venus III' 9-max Seat #7 is the button
Seat 2: betto7375 ($0.71 in chips) 
Seat 3: donramon9 ($1.41 in chips) 
Seat 5: schani11 ($0.52 in chips) 
Seat 7: Dani_90x ($0.81 in chips) 
Seat 8: 19Dima87 ($2.79 in chips) 
Seat 9: Dorex2007 ($2.96 in chips) 
19Dima87: posts small blind $0.01
Dorex2007: posts big blind $0.02
alex15vlz: sits out 
*** HOLE CARDS ***
Dealt to Dorex2007 [Qd Ks]
betto7375: calls $0.02
donramon9: folds 
krakono22 leaves the table
schani11: folds 
Dani_90x: folds 
19Dima87: raises $0.06 to $0.08
Dorex2007: calls $0.06
betto7375: calls $0.06
*** FLOP *** [5s Js 2c]
19Dima87: bets $0.13
Dorex2007: folds 
betto7375: folds 
Uncalled bet ($0.13) returned to 19Dima87
19Dima87 collected $0.23 from pot
19Dima87: doesn't show hand 
*** SUMMARY ***
Total pot $0.24 | Rake $0.01 
Board [5s Js 2c]
Seat 2: betto7375 folded on the Flop
Seat 3: donramon9 folded before Flop (didn't bet)
Seat 5: schani11 folded before Flop (didn't bet)
Seat 7: Dani_90x (button) folded before Flop (didn't bet)
Seat 8: 19Dima87 (small blind) collected ($0.23)
Seat 9: Dorex2007 (big blind) folded on the Flop



PokerStars Hand #236296046003:  Hold'em No Limit ($0.01/$0.02 USD) - 2022/05/22 14:01:12 PT [2022/05/22 17:01:12 ET]
Table 'Venus III' 9-max Seat #8 is the button
Seat 2: betto7375 ($0.63 in chips) 
Seat 3: donramon9 ($1.41 in chips) 
Seat 5: schani11 ($0.52 in chips) 
Seat 7: Dani_90x ($0.81 in chips) 
Seat 8: 19Dima87 ($2.94 in chips) 
Seat 9: Dorex2007 ($2.88 in chips) 
Dorex2007: posts small blind $0.01
betto7375: posts big blind $0.02
alex15vlz: sits out 
*** HOLE CARDS ***
Dealt to Dorex2007 [Ks Jd]
donramon9: folds 
yur4ik777 joins the table at seat #6 
schani11 has timed out
schani11: folds 
Dani_90x: folds 
19Dima87: calls $0.02
Dorex2007: calls $0.01
betto7375: checks 
*** FLOP *** [2c 9c 4c]
Dorex2007: checks 
betto7375: checks 
19Dima87: checks 
*** TURN *** [2c 9c 4c] [Ts]
Dorex2007: checks 
betto7375: bets $0.02
19Dima87: calls $0.02
Dorex2007: folds 
*** RIVER *** [2c 9c 4c Ts] [Kc]
betto7375: checks 
19Dima87: checks 
*** SHOW DOWN ***
betto7375: shows [9d 5d] (a pair of Nines)
19Dima87: mucks hand 
betto7375 collected $0.10 from pot
*** SUMMARY ***
Total pot $0.10 | Rake $0 
Board [2c 9c 4c Ts Kc]
Seat 2: betto7375 (big blind) showed [9d 5d] and won ($0.10) with a pair of Nines
Seat 3: donramon9 folded before Flop (didn't bet)
Seat 5: schani11 folded before Flop (didn't bet)
Seat 7: Dani_90x folded before Flop (didn't bet)
Seat 8: 19Dima87 (button) mucked [4d Ah]
Seat 9: Dorex2007 (small blind) folded on the Turn



PokerStars Hand #236296065427:  Hold'em No Limit ($0.01/$0.02 USD) - 2022/05/22 14:02:02 PT [2022/05/22 17:02:02 ET]
Table 'Venus III' 9-max Seat #9 is the button
Seat 2: betto7375 ($0.69 in chips) 
Seat 3: donramon9 ($1.41 in chips) 
Seat 5: schani11 ($0.52 in chips) 
Seat 7: Dani_90x ($0.81 in chips) 
Seat 8: 19Dima87 ($2.90 in chips) 
Seat 9: Dorex2007 ($2.86 in chips) 
betto7375: posts small blind $0.01
donramon9: posts big blind $0.02
alex15vlz: sits out 
yur4ik777: sits out 
*** HOLE CARDS ***
Dealt to Dorex2007 [5d Kh]
schani11: calls $0.02
Dani_90x: folds 
19Dima87: calls $0.02
Dorex2007: folds 
betto7375: calls $0.01
donramon9: checks 
*** FLOP *** [4c Js Qh]
betto7375: bets $0.02
donramon9: folds 
schani11: calls $0.02
19Dima87: raises $0.07 to $0.09
betto7375: calls $0.07
schani11: calls $0.07
*** TURN *** [4c Js Qh] [Kc]
betto7375: checks 
schani11: bets $0.41 and is all-in
19Dima87: calls $0.41
betto7375: folds 
*** RIVER *** [4c Js Qh Kc] [Kd]
*** SHOW DOWN ***
schani11: shows [Ad Td] (a straight, Ten to Ace)
19Dima87: shows [Jh 4h] (two pair, Kings and Jacks)
schani11 collected $1.13 from pot
19Dima87 cashed out the hand for $0.10
*** SUMMARY ***
Total pot $1.17 | Rake $0.04 
Board [4c Js Qh Kc Kd]
Seat 2: betto7375 (small blind) folded on the Turn
Seat 3: donramon9 (big blind) folded on the Flop
Seat 5: schani11 showed [Ad Td] and won ($1.13) with a straight, Ten to Ace
Seat 7: Dani_90x folded before Flop (didn't bet)
Seat 8: 19Dima87 showed [Jh 4h] and lost with two pair, Kings and Jacks (cashed out).
Seat 9: Dorex2007 (button) folded before Flop (didn't bet)



PokerStars Hand #236296099389:  Hold'em No Limit ($0.01/$0.02 USD) - 2022/05/22 14:03:16 PT [2022/05/22 17:03:16 ET]
Table 'Venus III' 9-max Seat #2 is the button
Seat 2: betto7375 ($0.58 in chips) 
Seat 3: donramon9 ($1.39 in chips) 
Seat 4: alex15vlz ($2 in chips) 
Seat 5: schani11 ($1.13 in chips) 
Seat 7: Dani_90x ($0.81 in chips) 
Seat 8: 19Dima87 ($2.48 in chips) 
Seat 9: Dorex2007 ($2.86 in chips) 
donramon9: posts small blind $0.01
alex15vlz: posts big blind $0.02
yur4ik777: sits out 
*** HOLE CARDS ***
Dealt to Dorex2007 [6s 2h]
schani11: calls $0.02
Dani_90x: folds 
19Dima87: raises $0.02 to $0.04
Dorex2007: folds 
betto7375: folds 
donramon9: calls $0.03
alex15vlz: folds 
schani11: calls $0.02
*** FLOP *** [4h 8c Tc]
donramon9: checks 
schani11: bets $0.14
19Dima87: folds 
donramon9: folds 
Uncalled bet ($0.14) returned to schani11
schani11 collected $0.14 from pot
schani11: doesn't show hand 
*** SUMMARY ***
Total pot $0.14 | Rake $0 
Board [4h 8c Tc]
Seat 2: betto7375 (button) folded before Flop (didn't bet)
Seat 3: donramon9 (small blind) folded on the Flop
Seat 4: alex15vlz (big blind) folded before Flop
Seat 5: schani11 collected ($0.14)
Seat 7: Dani_90x folded before Flop (didn't bet)
Seat 8: 19Dima87 folded on the Flop
Seat 9: Dorex2007 folded before Flop (didn't bet)



PokerStars Hand #236296115920:  Hold'em No Limit ($0.01/$0.02 USD) - 2022/05/22 14:03:51 PT [2022/05/22 17:03:51 ET]
Table 'Venus III' 9-max Seat #3 is the button
Seat 2: betto7375 ($0.58 in chips) 
Seat 3: donramon9 ($1.35 in chips) 
Seat 4: alex15vlz ($2 in chips) 
Seat 5: schani11 ($1.23 in chips) 
Seat 7: Dani_90x ($0.81 in chips) 
Seat 8: 19Dima87 ($2.44 in chips) 
Seat 9: Dorex2007 ($2.86 in chips) 
alex15vlz: posts small blind $0.01
schani11: posts big blind $0.02
yur4ik777: sits out 
*** HOLE CARDS ***
Dealt to Dorex2007 [6s 5s]
Dani_90x: folds 
19Dima87: calls $0.02
Dorex2007: folds 
betto7375: calls $0.02
donramon9: folds 
alex15vlz: folds 
schani11: checks 
*** FLOP *** [As 6d Jd]
schani11: checks 
19Dima87: checks 
betto7375: bets $0.07
schani11: folds 
19Dima87: folds 
Uncalled bet ($0.07) returned to betto7375
betto7375 collected $0.07 from pot
betto7375: doesn't show hand 
*** SUMMARY ***
Total pot $0.07 | Rake $0 
Board [As 6d Jd]
Seat 2: betto7375 collected ($0.07)
Seat 3: donramon9 (button) folded before Flop (didn't bet)
Seat 4: alex15vlz (small blind) folded before Flop
Seat 5: schani11 (big blind) folded on the Flop
Seat 7: Dani_90x folded before Flop (didn't bet)
Seat 8: 19Dima87 folded on the Flop
Seat 9: Dorex2007 folded before Flop (didn't bet)



PokerStars Hand #236296135687:  Hold'em No Limit ($0.01/$0.02 USD) - 2022/05/22 14:04:33 PT [2022/05/22 17:04:33 ET]
Table 'Venus III' 9-max Seat #4 is the button
Seat 2: betto7375 ($0.63 in chips) 
Seat 3: donramon9 ($1.35 in chips) 
Seat 4: alex15vlz ($2 in chips) 
Seat 5: schani11 ($1.21 in chips) 
Seat 6: yur4ik777 ($2 in chips) 
Seat 7: Dani_90x ($0.81 in chips) 
Seat 8: 19Dima87 ($2.42 in chips) 
Seat 9: Dorex2007 ($2.86 in chips) 
schani11: posts small blind $0.01
yur4ik777: posts big blind $0.02
X101083X: sits out 
*** HOLE CARDS ***
Dealt to Dorex2007 [Jc 5s]
Dani_90x: folds 
19Dima87: folds 
Dorex2007: folds 
betto7375: raises $0.02 to $0.04
donramon9: folds 
alex15vlz: folds 
schani11: calls $0.03
yur4ik777: folds 
*** FLOP *** [Ks 4h Jd]
schani11: checks 
betto7375: checks 
*** TURN *** [Ks 4h Jd] [9d]
schani11: checks 
betto7375: checks 
*** RIVER *** [Ks 4h Jd 9d] [9h]
schani11: checks 
betto7375: checks 
*** SHOW DOWN ***
schani11: shows [8d 8h] (two pair, Nines and Eights)
betto7375: mucks hand 
schani11 collected $0.10 from pot
*** SUMMARY ***
Total pot $0.10 | Rake $0 
Board [Ks 4h Jd 9d 9h]
Seat 2: betto7375 mucked [Ad Qs]
Seat 3: donramon9 folded before Flop (didn't bet)
Seat 4: alex15vlz (button) folded before Flop (didn't bet)
Seat 5: schani11 (small blind) showed [8d 8h] and won ($0.10) with two pair, Nines and Eights
Seat 6: yur4ik777 (big blind) folded before Flop
Seat 7: Dani_90x folded before Flop (didn't bet)
Seat 8: 19Dima87 folded before Flop (didn't bet)
Seat 9: Dorex2007 folded before Flop (didn't bet)



PokerStars Hand #236296147784:  Hold'em No Limit ($0.01/$0.02 USD) - 2022/05/22 14:04:58 PT [2022/05/22 17:04:58 ET]
Table 'Venus III' 9-max Seat #5 is the button
Seat 2: betto7375 ($0.59 in chips) 
Seat 3: donramon9 ($1.35 in chips) 
Seat 4: alex15vlz ($2 in chips) 
Seat 5: schani11 ($1.27 in chips) 
Seat 6: yur4ik777 ($1.98 in chips) 
Seat 7: Dani_90x ($0.81 in chips) 
Seat 8: 19Dima87 ($2.42 in chips) 
Seat 9: Dorex2007 ($2.86 in chips) 
yur4ik777: posts small blind $0.01
Dani_90x: posts big blind $0.02
*** HOLE CARDS ***
Dealt to Dorex2007 [Ts 9h]
19Dima87: folds 
Dorex2007: folds 
betto7375: folds 
donramon9: folds 
alex15vlz: folds 
schani11: folds 
yur4ik777: folds 
Uncalled bet ($0.01) returned to Dani_90x
Dani_90x collected $0.02 from pot
Dani_90x: doesn't show hand 
*** SUMMARY ***
Total pot $0.02 | Rake $0 
Seat 2: betto7375 folded before Flop (didn't bet)
Seat 3: donramon9 folded before Flop (didn't bet)
Seat 4: alex15vlz folded before Flop (didn't bet)
Seat 5: schani11 (button) folded before Flop (didn't bet)
Seat 6: yur4ik777 (small blind) folded before Flop
Seat 7: Dani_90x (big blind) collected ($0.02)
Seat 8: 19Dima87 folded before Flop (didn't bet)
Seat 9: Dorex2007 folded before Flop (didn't bet)



PokerStars Hand #236296151686:  Hold'em No Limit ($0.01/$0.02 USD) - 2022/05/22 14:05:06 PT [2022/05/22 17:05:06 ET]
Table 'Venus III' 9-max Seat #6 is the button
Seat 2: betto7375 ($0.59 in chips) 
Seat 3: donramon9 ($1.35 in chips) 
Seat 4: alex15vlz ($2 in chips) 
Seat 5: schani11 ($1.27 in chips) 
Seat 6: yur4ik777 ($1.97 in chips) 
Seat 7: Dani_90x ($0.82 in chips) 
Seat 8: 19Dima87 ($2.42 in chips) 
Seat 9: Dorex2007 ($2.86 in chips) 
Dani_90x: posts small blind $0.01
19Dima87: posts big blind $0.02
*** HOLE CARDS ***
Dealt to Dorex2007 [Th Kd]
Dorex2007: folds 
betto7375: calls $0.02
donramon9: folds 
alex15vlz: folds 
schani11: folds 
yur4ik777: folds 
Dani_90x: calls $0.01
19Dima87: raises $0.06 to $0.08
betto7375: calls $0.06
Dani_90x: folds 
*** FLOP *** [6d Ah 9h]
19Dima87: checks 
betto7375: checks 
*** TURN *** [6d Ah 9h] [5s]
19Dima87: checks 
betto7375: bets $0.08
19Dima87: folds 
Uncalled bet ($0.08) returned to betto7375
betto7375 collected $0.17 from pot
betto7375: doesn't show hand 
*** SUMMARY ***
Total pot $0.18 | Rake $0.01 
Board [6d Ah 9h 5s]
Seat 2: betto7375 collected ($0.17)
Seat 3: donramon9 folded before Flop (didn't bet)
Seat 4: alex15vlz folded before Flop (didn't bet)
Seat 5: schani11 folded before Flop (didn't bet)
Seat 6: yur4ik777 (button) folded before Flop (didn't bet)
Seat 7: Dani_90x (small blind) folded before Flop
Seat 8: 19Dima87 (big blind) folded on the Turn
Seat 9: Dorex2007 folded before Flop (didn't bet)



PokerStars Hand #236296178667:  Hold'em No Limit ($0.01/$0.02 USD) - 2022/05/22 14:06:02 PT [2022/05/22 17:06:02 ET]
Table 'Venus III' 9-max Seat #7 is the button
Seat 2: betto7375 ($0.68 in chips) 
Seat 3: donramon9 ($1.35 in chips) 
Seat 4: alex15vlz ($2 in chips) 
Seat 5: schani11 ($1.27 in chips) 
Seat 6: yur4ik777 ($1.97 in chips) 
Seat 7: Dani_90x ($0.80 in chips) 
Seat 8: 19Dima87 ($2.34 in chips) 
Seat 9: Dorex2007 ($2.86 in chips) 
19Dima87: posts small blind $0.01
Dorex2007: posts big blind $0.02
X101083X: sits out 
*** HOLE CARDS ***
Dealt to Dorex2007 [Qs 4h]
betto7375: raises $0.02 to $0.04
donramon9: raises $0.06 to $0.10
alex15vlz: folds 
schani11: calls $0.10
yur4ik777: calls $0.10
Dani_90x: folds 
19Dima87: folds 
Dorex2007: folds 
betto7375: calls $0.06
*** FLOP *** [5d Th As]
betto7375: checks 
donramon9: bets $0.06
schani11: calls $0.06
yur4ik777: folds 
betto7375: raises $0.52 to $0.58 and is all-in
donramon9: folds 
schani11: calls $0.52
*** TURN *** [5d Th As] [3d]
*** RIVER *** [5d Th As 3d] [5s]
*** SHOW DOWN ***
betto7375: shows [Ac Ts] (two pair, Aces and Tens)
schani11: shows [Ah 9d] (two pair, Aces and Fives)
betto7375 collected $1.59 from pot
*** SUMMARY ***
Total pot $1.65 | Rake $0.06 
Board [5d Th As 3d 5s]
Seat 2: betto7375 showed [Ac Ts] and won ($1.59) with two pair, Aces and Tens
Seat 3: donramon9 folded on the Flop
Seat 4: alex15vlz folded before Flop (didn't bet)
Seat 5: schani11 showed [Ah 9d] and lost with two pair, Aces and Fives
Seat 6: yur4ik777 folded on the Flop
Seat 7: Dani_90x (button) folded before Flop (didn't bet)
Seat 8: 19Dima87 (small blind) folded before Flop
Seat 9: Dorex2007 (big blind) folded before Flop



PokerStars Hand #236296206878:  Hold'em No Limit ($0.01/$0.02 USD) - 2022/05/22 14:07:01 PT [2022/05/22 17:07:01 ET]
Table 'Venus III' 9-max Seat #8 is the button
Seat 1: X101083X ($2.60 in chips) 
Seat 2: betto7375 ($1.59 in chips) 
Seat 3: donramon9 ($1.19 in chips) 
Seat 4: alex15vlz ($2 in chips) 
Seat 5: schani11 ($0.59 in chips) 
Seat 6: yur4ik777 ($1.87 in chips) 
Seat 7: Dani_90x ($0.80 in chips) 
Seat 8: 19Dima87 ($2.33 in chips) 
Seat 9: Dorex2007 ($2.84 in chips) 
Dorex2007: posts small blind $0.01
X101083X: posts big blind $0.02
*** HOLE CARDS ***
Dealt to Dorex2007 [9c Jd]
betto7375: calls $0.02
donramon9: folds 
alex15vlz: folds 
schani11: folds 
yur4ik777: folds 
Dani_90x: folds 
19Dima87: raises $0.07 to $0.09
Dorex2007: folds 
X101083X: folds 
betto7375: calls $0.07
*** FLOP *** [Ts 4h 2c]
betto7375: checks 
19Dima87: bets $0.10
betto7375: folds 
Uncalled bet ($0.10) returned to 19Dima87
19Dima87 collected $0.20 from pot
*** SUMMARY ***
Total pot $0.21 | Rake $0.01 
Board [Ts 4h 2c]
Seat 1: X101083X (big blind) folded before Flop
Seat 2: betto7375 folded on the Flop
Seat 3: donramon9 folded before Flop (didn't bet)
Seat 4: alex15vlz folded before Flop (didn't bet)
Seat 5: schani11 folded before Flop (didn't bet)
Seat 6: yur4ik777 folded before Flop (didn't bet)
Seat 7: Dani_90x folded before Flop (didn't bet)
Seat 8: 19Dima87 (button) collected ($0.20)
Seat 9: Dorex2007 (small blind) folded before Flop



PokerStars Hand #236296225770:  Hold'em No Limit ($0.01/$0.02 USD) - 2022/05/22 14:07:41 PT [2022/05/22 17:07:41 ET]
Table 'Venus III' 9-max Seat #9 is the button
Seat 1: X101083X ($2.58 in chips) 
Seat 2: betto7375 ($1.50 in chips) 
Seat 3: donramon9 ($1.19 in chips) 
Seat 4: alex15vlz ($2 in chips) 
Seat 5: schani11 ($0.59 in chips) 
Seat 6: yur4ik777 ($1.87 in chips) 
Seat 7: Dani_90x ($0.80 in chips) 
Seat 8: 19Dima87 ($2.44 in chips) 
Seat 9: Dorex2007 ($2.83 in chips) 
X101083X: posts small blind $0.01
betto7375: posts big blind $0.02
*** HOLE CARDS ***
Dealt to Dorex2007 [5h Tc]
donramon9: calls $0.02
alex15vlz: folds 
schani11: folds 
yur4ik777: folds 
yur4ik777 leaves the table
Dani_90x: calls $0.02
19Dima87: calls $0.02
Dorex2007: folds 
X101083X: folds 
betto7375: checks 
*** FLOP *** [Jc 6d Qs]
betto7375: checks 
donramon9: checks 
Dani_90x: checks 
19Dima87: checks 
*** TURN *** [Jc 6d Qs] [Ah]
betto7375: checks 
donramon9: checks 
Dani_90x: checks 
19Dima87: bets $0.02
betto7375: folds 
donramon9: folds 
Dani_90x: folds 
Uncalled bet ($0.02) returned to 19Dima87
19Dima87 collected $0.09 from pot
19Dima87: doesn't show hand 
*** SUMMARY ***
Total pot $0.09 | Rake $0 
Board [Jc 6d Qs Ah]
Seat 1: X101083X (small blind) folded before Flop
Seat 2: betto7375 (big blind) folded on the Turn
Seat 3: donramon9 folded on the Turn
Seat 4: alex15vlz folded before Flop (didn't bet)
Seat 5: schani11 folded before Flop (didn't bet)
Seat 6: yur4ik777 folded before Flop (didn't bet)
Seat 7: Dani_90x folded on the Turn
Seat 8: 19Dima87 collected ($0.09)
Seat 9: Dorex2007 (button) folded before Flop (didn't bet)



PokerStars Hand #236296252707:  Hold'em No Limit ($0.01/$0.02 USD) - 2022/05/22 14:08:37 PT [2022/05/22 17:08:37 ET]
Table 'Venus III' 9-max Seat #1 is the button
Seat 1: X101083X ($2.57 in chips) 
Seat 2: betto7375 ($1.48 in chips) 
Seat 3: donramon9 ($1.17 in chips) 
Seat 4: alex15vlz ($2 in chips) 
Seat 5: schani11 ($0.59 in chips) 
Seat 7: Dani_90x ($0.78 in chips) 
Seat 8: 19Dima87 ($2.51 in chips) 
Seat 9: Dorex2007 ($2.83 in chips) 
betto7375: posts small blind $0.01
donramon9: posts big blind $0.02
*** HOLE CARDS ***
Dealt to Dorex2007 [3d 6c]
alex15vlz: folds 
schani11: calls $0.02
Dani_90x: folds 
19Dima87: calls $0.02
Dorex2007: folds 
X101083X: folds 
betto7375: calls $0.01
donramon9: checks 
*** FLOP *** [4c Th Jd]
betto7375: checks 
donramon9: checks 
schani11: checks 
19Dima87: checks 
*** TURN *** [4c Th Jd] [7h]
betto7375: checks 
donramon9: checks 
schani11: checks 
5Oma joins the table at seat #6 
19Dima87: checks 
*** RIVER *** [4c Th Jd 7h] [6d]
betto7375: checks 
donramon9: checks 
schani11: checks 
19Dima87: checks 
*** SHOW DOWN ***
betto7375: shows [8s 3s] (high card Jack)
donramon9: shows [Ad 7c] (a pair of Sevens)
schani11: mucks hand 
19Dima87: mucks hand 
donramon9 collected $0.08 from pot
*** SUMMARY ***
Total pot $0.08 | Rake $0 
Board [4c Th Jd 7h 6d]
Seat 1: X101083X (button) folded before Flop (didn't bet)
Seat 2: betto7375 (small blind) showed [8s 3s] and lost with high card Jack
Seat 3: donramon9 (big blind) showed [Ad 7c] and won ($0.08) with a pair of Sevens
Seat 4: alex15vlz folded before Flop (didn't bet)
Seat 5: schani11 mucked [Kd 8c]
Seat 7: Dani_90x folded before Flop (didn't bet)
Seat 8: 19Dima87 mucked [9s Ah]
Seat 9: Dorex2007 folded before Flop (didn't bet)



PokerStars Hand #236296279372:  Hold'em No Limit ($0.01/$0.02 USD) - 2022/05/22 14:09:34 PT [2022/05/22 17:09:34 ET]
Table 'Venus III' 9-max Seat #2 is the button
Seat 1: X101083X ($2.57 in chips) 
Seat 2: betto7375 ($1.46 in chips) 
Seat 3: donramon9 ($1.23 in chips) 
Seat 4: alex15vlz ($2 in chips) 
Seat 5: schani11 ($0.57 in chips) 
Seat 7: Dani_90x ($0.78 in chips) 
Seat 8: 19Dima87 ($2.49 in chips) 
Seat 9: Dorex2007 ($2.83 in chips) 
donramon9: posts small blind $0.01
alex15vlz: posts big blind $0.02
5Oma: sits out 
*** HOLE CARDS ***
Dealt to Dorex2007 [3s Td]
schani11: calls $0.02
Dani_90x: folds 
19Dima87: raises $0.07 to $0.09
Dorex2007: folds 
X101083X: folds 
betto7375: calls $0.09
donramon9: folds 
alex15vlz: calls $0.07
schani11: calls $0.07
*** FLOP *** [Ac Qd 2s]
alex15vlz: bets $0.18
schani11: folds 
19Dima87: calls $0.18
betto7375: folds 
*** TURN *** [Ac Qd 2s] [Jd]
alex15vlz: checks 
19Dima87: checks 
*** RIVER *** [Ac Qd 2s Jd] [9d]
alex15vlz: checks 
19Dima87: bets $0.35
alex15vlz: folds 
Uncalled bet ($0.35) returned to 19Dima87
19Dima87 collected $0.69 from pot
19Dima87: doesn't show hand 
*** SUMMARY ***
Total pot $0.73 | Rake $0.04 
Board [Ac Qd 2s Jd 9d]
Seat 1: X101083X folded before Flop (didn't bet)
Seat 2: betto7375 (button) folded on the Flop
Seat 3: donramon9 (small blind) folded before Flop
Seat 4: alex15vlz (big blind) folded on the River
Seat 5: schani11 folded on the Flop
Seat 7: Dani_90x folded before Flop (didn't bet)
Seat 8: 19Dima87 collected ($0.69)
Seat 9: Dorex2007 folded before Flop (didn't bet)



PokerStars Hand #236296311972:  Hold'em No Limit ($0.01/$0.02 USD) - 2022/05/22 14:10:44 PT [2022/05/22 17:10:44 ET]
Table 'Venus III' 9-max Seat #3 is the button
Seat 1: X101083X ($2.57 in chips) 
Seat 2: betto7375 ($1.37 in chips) 
Seat 3: donramon9 ($1.22 in chips) 
Seat 4: alex15vlz ($2 in chips) 
Seat 5: schani11 ($0.48 in chips) 
Seat 7: Dani_90x ($0.78 in chips) 
Seat 8: 19Dima87 ($2.91 in chips) 
Seat 9: Dorex2007 ($2.83 in chips) 
alex15vlz: posts small blind $0.01
schani11: posts big blind $0.02
5Oma: sits out 
*** HOLE CARDS ***
Dealt to Dorex2007 [As Ks]
Dani_90x: folds 
19Dima87: folds 
Dorex2007: raises $0.06 to $0.08
X101083X: folds 
betto7375: folds 
donramon9: folds 
alex15vlz: calls $0.07
schani11: folds 
*** FLOP *** [8d 8h 3c]
alex15vlz: checks 
Dorex2007: bets $0.17
alex15vlz: calls $0.17
*** TURN *** [8d 8h 3c] [9s]
alex15vlz: checks 
Dorex2007: checks 
*** RIVER *** [8d 8h 3c 9s] [5s]
alex15vlz: bets $0.13
Dorex2007: raises $0.13 to $0.26
alex15vlz: calls $0.13
*** SHOW DOWN ***
Dorex2007: shows [As Ks] (a pair of Eights)
alex15vlz: shows [9d Kd] (two pair, Nines and Eights)
alex15vlz collected $1 from pot
*** SUMMARY ***
Total pot $1.04 | Rake $0.04 
Board [8d 8h 3c 9s 5s]
Seat 1: X101083X folded before Flop (didn't bet)
Seat 2: betto7375 folded before Flop (didn't bet)
Seat 3: donramon9 (button) folded before Flop (didn't bet)
Seat 4: alex15vlz (small blind) showed [9d Kd] and won ($1) with two pair, Nines and Eights
Seat 5: schani11 (big blind) folded before Flop
Seat 7: Dani_90x folded before Flop (didn't bet)
Seat 8: 19Dima87 folded before Flop (didn't bet)
Seat 9: Dorex2007 showed [As Ks] and lost with a pair of Eights



PokerStars Hand #236296331513:  Hold'em No Limit ($0.01/$0.02 USD) - 2022/05/22 14:11:23 PT [2022/05/22 17:11:23 ET]
Table 'Venus III' 9-max Seat #4 is the button
Seat 1: X101083X ($2.57 in chips) 
Seat 2: betto7375 ($1.37 in chips) 
Seat 3: donramon9 ($1.22 in chips) 
Seat 4: alex15vlz ($2.49 in chips) 
Seat 5: schani11 ($0.46 in chips) 
Seat 6: 5Oma ($0.81 in chips) 
Seat 7: Dani_90x ($0.78 in chips) 
Seat 8: 19Dima87 ($2.91 in chips) 
Seat 9: Dorex2007 ($2.32 in chips) 
schani11: posts small blind $0.01
5Oma: posts big blind $0.02
*** HOLE CARDS ***
Dealt to Dorex2007 [5h 5c]
Dani_90x: folds 
19Dima87: folds 
Dorex2007: raises $0.04 to $0.06
X101083X: folds 
betto7375: calls $0.06
donramon9: raises $1.16 to $1.22 and is all-in
alex15vlz: folds 
schani11: folds 
5Oma: folds 
Dorex2007: folds 
betto7375: folds 
Uncalled bet ($1.16) returned to donramon9
donramon9 collected $0.21 from pot
donramon9: doesn't show hand 
*** SUMMARY ***
Total pot $0.21 | Rake $0 
Seat 1: X101083X folded before Flop (didn't bet)
Seat 2: betto7375 folded before Flop
Seat 3: donramon9 collected ($0.21)
Seat 4: alex15vlz (button) folded before Flop (didn't bet)
Seat 5: schani11 (small blind) folded before Flop
Seat 6: 5Oma (big blind) folded before Flop
Seat 7: Dani_90x folded before Flop (didn't bet)
Seat 8: 19Dima87 folded before Flop (didn't bet)
Seat 9: Dorex2007 folded before Flop



PokerStars Hand #236296349640:  Hold'em No Limit ($0.01/$0.02 USD) - 2022/05/22 14:12:01 PT [2022/05/22 17:12:01 ET]
Table 'Venus III' 9-max Seat #5 is the button
Seat 1: X101083X ($2.57 in chips) 
Seat 2: betto7375 ($1.31 in chips) 
Seat 3: donramon9 ($1.37 in chips) 
Seat 4: alex15vlz ($2.49 in chips) 
Seat 5: schani11 ($0.45 in chips) 
Seat 6: 5Oma ($0.79 in chips) 
Seat 7: Dani_90x ($0.78 in chips) 
Seat 8: 19Dima87 ($2.91 in chips) 
Seat 9: Dorex2007 ($2.26 in chips) 
5Oma: posts small blind $0.01
Dani_90x: posts big blind $0.02
*** HOLE CARDS ***
Dealt to Dorex2007 [Td 4c]
19Dima87: folds 
Dorex2007: folds 
X101083X: folds 
betto7375: calls $0.02
donramon9: calls $0.02
alex15vlz: raises $0.04 to $0.06
schani11: folds 
5Oma: folds 
Dani_90x: folds 
betto7375: calls $0.04
donramon9: folds 
*** FLOP *** [2s Kh Qd]
betto7375: checks 
alex15vlz: bets $0.08
betto7375: calls $0.08
*** TURN *** [2s Kh Qd] [6s]
betto7375: checks 
alex15vlz: bets $0.16
betto7375: calls $0.16
*** RIVER *** [2s Kh Qd 6s] [7d]
betto7375: checks 
alex15vlz: checks 
*** SHOW DOWN ***
betto7375: shows [Qh 9h] (a pair of Queens)
alex15vlz: mucks hand 
betto7375 collected $0.63 from pot
*** SUMMARY ***
Total pot $0.65 | Rake $0.02 
Board [2s Kh Qd 6s 7d]
Seat 1: X101083X folded before Flop (didn't bet)
Seat 2: betto7375 showed [Qh 9h] and won ($0.63) with a pair of Queens
Seat 3: donramon9 folded before Flop
Seat 4: alex15vlz mucked [7s Ts]
Seat 5: schani11 (button) folded before Flop (didn't bet)
Seat 6: 5Oma (small blind) folded before Flop
Seat 7: Dani_90x (big blind) folded before Flop
Seat 8: 19Dima87 folded before Flop (didn't bet)
Seat 9: Dorex2007 folded before Flop (didn't bet)



PokerStars Hand #236296367183:  Hold'em No Limit ($0.01/$0.02 USD) - 2022/05/22 14:12:39 PT [2022/05/22 17:12:39 ET]
Table 'Venus III' 9-max Seat #6 is the button
Seat 1: X101083X ($2.57 in chips) 
Seat 2: betto7375 ($1.64 in chips) 
Seat 3: donramon9 ($1.35 in chips) 
Seat 4: alex15vlz ($2.19 in chips) 
Seat 5: schani11 ($0.45 in chips) 
Seat 6: 5Oma ($0.78 in chips) 
Seat 7: Dani_90x ($0.76 in chips) 
Seat 8: 19Dima87 ($2.91 in chips) 
Seat 9: Dorex2007 ($2.26 in chips) 
Dani_90x: posts small blind $0.01
19Dima87: posts big blind $0.02
*** HOLE CARDS ***
Dealt to Dorex2007 [4d As]
Dorex2007: folds 
X101083X: folds 
betto7375: folds 
betto7375 leaves the table
donramon9: folds 
alex15vlz: raises $0.04 to $0.06
schani11: folds 
5Oma: folds 
Dani_90x: calls $0.05
19Dima87: folds 
*** FLOP *** [6h 6s 7h]
Dani_90x: bets $0.02
alex15vlz: calls $0.02
*** TURN *** [6h 6s 7h] [Ts]
Dani_90x: checks 
alex15vlz: bets $0.09
Dani_90x: folds 
Uncalled bet ($0.09) returned to alex15vlz
alex15vlz collected $0.17 from pot
alex15vlz: doesn't show hand 
*** SUMMARY ***
Total pot $0.18 | Rake $0.01 
Board [6h 6s 7h Ts]
Seat 1: X101083X folded before Flop (didn't bet)
Seat 2: betto7375 folded before Flop (didn't bet)
Seat 3: donramon9 folded before Flop (didn't bet)
Seat 4: alex15vlz collected ($0.17)
Seat 5: schani11 folded before Flop (didn't bet)
Seat 6: 5Oma (button) folded before Flop (didn't bet)
Seat 7: Dani_90x (small blind) folded on the Turn
Seat 8: 19Dima87 (big blind) folded before Flop
Seat 9: Dorex2007 folded before Flop (didn't bet)



