PokerStars Hand #237342286127:  Hold'em No Limit ($0.01/$0.02 USD) - 2022/07/13 14:52:45 PT [2022/07/13 17:52:45 ET]
Table 'Juvisia III' 9-max Seat #6 is the button
Seat 1: pokereule754 ($2.03 in chips) 
Seat 2: dboulay1979 ($2.45 in chips) 
Seat 3: JoacoCu ($2.15 in chips) 
Seat 4: prizrak_162 ($1.10 in chips) 
Seat 5: Dorex2007 ($2 in chips) 
Seat 6: Dudusever ($2.34 in chips) 
Seat 7: ChasesAces21 ($1.97 in chips) 
Seat 8: Leo160886 ($1.55 in chips) 
ChasesAces21: posts small blind $0.01
Leo160886: posts big blind $0.02
Dorex2007: posts big blind $0.02
*** HOLE CARDS ***
Dealt to Dorex2007 [3d 4s]
pokereule754: folds 
dboulay1979: folds 
JoacoCu: folds 
prizrak_162: folds 
Dorex2007: checks 
Dudusever: folds 
ChasesAces21: calls $0.01
Leo160886: checks 
*** FLOP *** [Ts Ks Ah]
ChasesAces21: checks 
Leo160886: checks 
Dorex2007: checks 
*** TURN *** [Ts Ks Ah] [Tc]
ChasesAces21: checks 
Leo160886: checks 
Dorex2007: checks 
*** RIVER *** [Ts Ks Ah Tc] [6h]
ChasesAces21: checks 
Leo160886: checks 
Dorex2007: checks 
*** SHOW DOWN ***
ChasesAces21: shows [6c 7h] (two pair, Tens and Sixes)
Leo160886: mucks hand 
Dorex2007: mucks hand 
ChasesAces21 collected $0.06 from pot
*** SUMMARY ***
Total pot $0.06 | Rake $0 
Board [Ts Ks Ah Tc 6h]
Seat 1: pokereule754 folded before Flop (didn't bet)
Seat 2: dboulay1979 folded before Flop (didn't bet)
Seat 3: JoacoCu folded before Flop (didn't bet)
Seat 4: prizrak_162 folded before Flop (didn't bet)
Seat 5: Dorex2007 mucked [3d 4s]
Seat 6: Dudusever (button) folded before Flop (didn't bet)
Seat 7: ChasesAces21 (small blind) showed [6c 7h] and won ($0.06) with two pair, Tens and Sixes
Seat 8: Leo160886 (big blind) mucked [2d 4c]



PokerStars Hand #237342314002:  Hold'em No Limit ($0.01/$0.02 USD) - 2022/07/13 14:54:09 PT [2022/07/13 17:54:09 ET]
Table 'Juvisia III' 9-max Seat #7 is the button
Seat 1: pokereule754 ($2.03 in chips) 
Seat 2: dboulay1979 ($2.45 in chips) 
Seat 3: JoacoCu ($2.15 in chips) 
Seat 4: prizrak_162 ($1.10 in chips) 
Seat 5: Dorex2007 ($2 in chips) 
Seat 6: Dudusever ($2.34 in chips) 
Seat 7: ChasesAces21 ($2.01 in chips) 
Seat 8: Leo160886 ($1.53 in chips) 
Seat 9: Originalcobs ($5.06 in chips) 
Leo160886: posts small blind $0.01
Originalcobs: posts big blind $0.02
*** HOLE CARDS ***
Dealt to Dorex2007 [3h 4s]
pokereule754: calls $0.02
dboulay1979: calls $0.02
JoacoCu: folds 
prizrak_162: calls $0.02
Dorex2007: folds 
Dudusever: folds 
ChasesAces21: folds 
Leo160886: calls $0.01
Originalcobs: raises $0.02 to $0.04
pokereule754: calls $0.02
dboulay1979: calls $0.02
prizrak_162: calls $0.02
Leo160886: calls $0.02
*** FLOP *** [8h 9h Kc]
Leo160886: checks 
Originalcobs: checks 
pokereule754: checks 
dboulay1979: checks 
prizrak_162: checks 
*** TURN *** [8h 9h Kc] [5s]
Leo160886: checks 
Originalcobs: checks 
pokereule754: checks 
dboulay1979: checks 
prizrak_162: checks 
*** RIVER *** [8h 9h Kc 5s] [9d]
Leo160886: checks 
Originalcobs: checks 
pokereule754: checks 
dboulay1979: checks 
prizrak_162: checks 
*** SHOW DOWN ***
Leo160886: shows [8c 7h] (two pair, Nines and Eights)
Originalcobs: mucks hand 
pokereule754: shows [Js Jc] (two pair, Jacks and Nines)
dboulay1979: mucks hand 
prizrak_162: mucks hand 
pokereule754 collected $0.19 from pot
*** SUMMARY ***
Total pot $0.20 | Rake $0.01 
Board [8h 9h Kc 5s 9d]
Seat 1: pokereule754 showed [Js Jc] and won ($0.19) with two pair, Jacks and Nines
Seat 2: dboulay1979 mucked [Ad 8d]
Seat 3: JoacoCu folded before Flop (didn't bet)
Seat 4: prizrak_162 mucked [Tc Ah]
Seat 5: Dorex2007 folded before Flop (didn't bet)
Seat 6: Dudusever folded before Flop (didn't bet)
Seat 7: ChasesAces21 (button) folded before Flop (didn't bet)
Seat 8: Leo160886 (small blind) showed [8c 7h] and lost with two pair, Nines and Eights
Seat 9: Originalcobs (big blind) mucked [3s Ac]



PokerStars Hand #237342339110:  Hold'em No Limit ($0.01/$0.02 USD) - 2022/07/13 14:55:28 PT [2022/07/13 17:55:28 ET]
Table 'Juvisia III' 9-max Seat #8 is the button
Seat 1: pokereule754 ($2.18 in chips) 
Seat 2: dboulay1979 ($2.41 in chips) 
Seat 3: JoacoCu ($2.15 in chips) 
Seat 4: prizrak_162 ($1.06 in chips) 
Seat 5: Dorex2007 ($2 in chips) 
Seat 6: Dudusever ($2.34 in chips) 
Seat 7: ChasesAces21 ($2.01 in chips) 
Seat 8: Leo160886 ($1.49 in chips) 
Seat 9: Originalcobs ($5.02 in chips) 
Originalcobs: posts small blind $0.01
pokereule754: posts big blind $0.02
*** HOLE CARDS ***
Dealt to Dorex2007 [5s Ah]
dboulay1979: folds 
JoacoCu: folds 
prizrak_162: folds 
Dorex2007: folds 
Dudusever: folds 
ChasesAces21: raises $0.04 to $0.06
Leo160886: folds 
Originalcobs: folds 
pokereule754: folds 
Uncalled bet ($0.04) returned to ChasesAces21
ChasesAces21 collected $0.05 from pot
*** SUMMARY ***
Total pot $0.05 | Rake $0 
Seat 1: pokereule754 (big blind) folded before Flop
Seat 2: dboulay1979 folded before Flop (didn't bet)
Seat 3: JoacoCu folded before Flop (didn't bet)
Seat 4: prizrak_162 folded before Flop (didn't bet)
Seat 5: Dorex2007 folded before Flop (didn't bet)
Seat 6: Dudusever folded before Flop (didn't bet)
Seat 7: ChasesAces21 collected ($0.05)
Seat 8: Leo160886 (button) folded before Flop (didn't bet)
Seat 9: Originalcobs (small blind) folded before Flop



PokerStars Hand #237342344904:  Hold'em No Limit ($0.01/$0.02 USD) - 2022/07/13 14:55:49 PT [2022/07/13 17:55:49 ET]
Table 'Juvisia III' 9-max Seat #9 is the button
Seat 1: pokereule754 ($2.16 in chips) 
Seat 2: dboulay1979 ($2.41 in chips) 
Seat 3: JoacoCu ($2.15 in chips) 
Seat 4: prizrak_162 ($1.06 in chips) 
Seat 5: Dorex2007 ($2 in chips) 
Seat 6: Dudusever ($2.34 in chips) 
Seat 7: ChasesAces21 ($2.04 in chips) 
Seat 8: Leo160886 ($1.49 in chips) 
Seat 9: Originalcobs ($5.01 in chips) 
pokereule754: posts small blind $0.01
dboulay1979: posts big blind $0.02
*** HOLE CARDS ***
Dealt to Dorex2007 [4c 3s]
JoacoCu: folds 
prizrak_162: calls $0.02
Dorex2007: folds 
Dudusever: raises $0.06 to $0.08
ChasesAces21: folds 
Leo160886: folds 
Originalcobs: calls $0.08
pokereule754: folds 
dboulay1979: folds 
prizrak_162: calls $0.06
*** FLOP *** [Jc 3h 8s]
prizrak_162: checks 
Dudusever: checks 
Originalcobs: bets $0.04
prizrak_162: calls $0.04
Dudusever: calls $0.04
*** TURN *** [Jc 3h 8s] [Ad]
prizrak_162: checks 
Dudusever: checks 
Originalcobs: bets $0.08
prizrak_162: calls $0.08
Dudusever: calls $0.08
*** RIVER *** [Jc 3h 8s Ad] [Qh]
prizrak_162: checks 
Dudusever: checks 
Originalcobs: checks 
*** SHOW DOWN ***
prizrak_162: shows [Ah 6h] (a pair of Aces)
Dudusever: shows [9d As] (a pair of Aces - Queen+Jack+Nine kicker)
Originalcobs: mucks hand 
Dudusever collected $0.61 from pot
*** SUMMARY ***
Total pot $0.63 | Rake $0.02 
Board [Jc 3h 8s Ad Qh]
Seat 1: pokereule754 (small blind) folded before Flop
Seat 2: dboulay1979 (big blind) folded before Flop
Seat 3: JoacoCu folded before Flop (didn't bet)
Seat 4: prizrak_162 showed [Ah 6h] and lost with a pair of Aces
Seat 5: Dorex2007 folded before Flop (didn't bet)
Seat 6: Dudusever showed [9d As] and won ($0.61) with a pair of Aces
Seat 7: ChasesAces21 folded before Flop (didn't bet)
Seat 8: Leo160886 folded before Flop (didn't bet)
Seat 9: Originalcobs (button) mucked [Jh Ts]



PokerStars Hand #237342364461:  Hold'em No Limit ($0.01/$0.02 USD) - 2022/07/13 14:57:01 PT [2022/07/13 17:57:01 ET]
Table 'Juvisia III' 9-max Seat #1 is the button
Seat 1: pokereule754 ($2.15 in chips) 
Seat 2: dboulay1979 ($2.39 in chips) 
Seat 3: JoacoCu ($2.15 in chips) 
Seat 4: prizrak_162 ($0.86 in chips) 
Seat 5: Dorex2007 ($2 in chips) 
Seat 6: Dudusever ($2.75 in chips) 
Seat 7: ChasesAces21 ($2.04 in chips) 
Seat 8: Leo160886 ($1.49 in chips) 
Seat 9: Originalcobs ($4.81 in chips) 
dboulay1979: posts small blind $0.01
JoacoCu: posts big blind $0.02
*** HOLE CARDS ***
Dealt to Dorex2007 [4s 6d]
prizrak_162: folds 
Dorex2007: folds 
Dudusever: folds 
ChasesAces21: folds 
Leo160886: calls $0.02
Originalcobs: folds 
pokereule754: folds 
dboulay1979: folds 
JoacoCu: raises $0.08 to $0.10
Leo160886: calls $0.08
*** FLOP *** [4d 2s Qc]
JoacoCu: bets $0.07
Leo160886: folds 
Uncalled bet ($0.07) returned to JoacoCu
JoacoCu collected $0.20 from pot
*** SUMMARY ***
Total pot $0.21 | Rake $0.01 
Board [4d 2s Qc]
Seat 1: pokereule754 (button) folded before Flop (didn't bet)
Seat 2: dboulay1979 (small blind) folded before Flop
Seat 3: JoacoCu (big blind) collected ($0.20)
Seat 4: prizrak_162 folded before Flop (didn't bet)
Seat 5: Dorex2007 folded before Flop (didn't bet)
Seat 6: Dudusever folded before Flop (didn't bet)
Seat 7: ChasesAces21 folded before Flop (didn't bet)
Seat 8: Leo160886 folded on the Flop
Seat 9: Originalcobs folded before Flop (didn't bet)



PokerStars Hand #237342373055:  Hold'em No Limit ($0.01/$0.02 USD) - 2022/07/13 14:57:32 PT [2022/07/13 17:57:32 ET]
Table 'Juvisia III' 9-max Seat #2 is the button
Seat 1: pokereule754 ($2.15 in chips) 
Seat 2: dboulay1979 ($2.38 in chips) 
Seat 3: JoacoCu ($2.25 in chips) 
Seat 4: prizrak_162 ($0.86 in chips) 
Seat 5: Dorex2007 ($2 in chips) 
Seat 6: Dudusever ($2.75 in chips) 
Seat 7: ChasesAces21 ($2.04 in chips) 
Seat 8: Leo160886 ($1.39 in chips) 
Seat 9: Originalcobs ($4.81 in chips) 
JoacoCu: posts small blind $0.01
prizrak_162: posts big blind $0.02
*** HOLE CARDS ***
Dealt to Dorex2007 [6h 5d]
Dorex2007: folds 
Dudusever: folds 
ChasesAces21: raises $0.04 to $0.06
Leo160886: folds 
Originalcobs: folds 
pokereule754: folds 
dboulay1979: folds 
JoacoCu: folds 
prizrak_162: folds 
Uncalled bet ($0.04) returned to ChasesAces21
ChasesAces21 collected $0.05 from pot
*** SUMMARY ***
Total pot $0.05 | Rake $0 
Seat 1: pokereule754 folded before Flop (didn't bet)
Seat 2: dboulay1979 (button) folded before Flop (didn't bet)
Seat 3: JoacoCu (small blind) folded before Flop
Seat 4: prizrak_162 (big blind) folded before Flop
Seat 5: Dorex2007 folded before Flop (didn't bet)
Seat 6: Dudusever folded before Flop (didn't bet)
Seat 7: ChasesAces21 collected ($0.05)
Seat 8: Leo160886 folded before Flop (didn't bet)
Seat 9: Originalcobs folded before Flop (didn't bet)



PokerStars Hand #237342380073:  Hold'em No Limit ($0.01/$0.02 USD) - 2022/07/13 14:57:58 PT [2022/07/13 17:57:58 ET]
Table 'Juvisia III' 9-max Seat #3 is the button
Seat 1: pokereule754 ($2.15 in chips) 
Seat 2: dboulay1979 ($2.38 in chips) 
Seat 3: JoacoCu ($2.24 in chips) 
Seat 4: prizrak_162 ($0.84 in chips) 
Seat 5: Dorex2007 ($2 in chips) 
Seat 6: Dudusever ($2.75 in chips) 
Seat 7: ChasesAces21 ($2.07 in chips) 
Seat 8: Leo160886 ($1.39 in chips) 
Seat 9: Originalcobs ($4.81 in chips) 
prizrak_162: posts small blind $0.01
Dorex2007: posts big blind $0.02
*** HOLE CARDS ***
Dealt to Dorex2007 [Qs Ac]
Dudusever: folds 
ChasesAces21: folds 
Leo160886: folds 
Originalcobs: raises $0.02 to $0.04
pokereule754: calls $0.04
dboulay1979: calls $0.04
JoacoCu: folds 
prizrak_162: calls $0.03
Dorex2007: calls $0.02
*** FLOP *** [9s 3h Jc]
prizrak_162: checks 
Dorex2007: checks 
Originalcobs: checks 
pokereule754: checks 
dboulay1979: checks 
*** TURN *** [9s 3h Jc] [Kh]
prizrak_162: bets $0.04
Dorex2007: folds 
Originalcobs: raises $0.04 to $0.08
pokereule754: folds 
dboulay1979: folds 
prizrak_162: calls $0.04
*** RIVER *** [9s 3h Jc Kh] [7h]
prizrak_162: checks 
Originalcobs: bets $0.18
prizrak_162: raises $0.24 to $0.42
Originalcobs: calls $0.24
*** SHOW DOWN ***
prizrak_162: shows [6h 4h] (a flush, King high)
Originalcobs: mucks hand 
prizrak_162 collected $1.16 from pot
*** SUMMARY ***
Total pot $1.20 | Rake $0.04 
Board [9s 3h Jc Kh 7h]
Seat 1: pokereule754 folded on the Turn
Seat 2: dboulay1979 folded on the Turn
Seat 3: JoacoCu (button) folded before Flop (didn't bet)
Seat 4: prizrak_162 (small blind) showed [6h 4h] and won ($1.16) with a flush, King high
Seat 5: Dorex2007 (big blind) folded on the Turn
Seat 6: Dudusever folded before Flop (didn't bet)
Seat 7: ChasesAces21 folded before Flop (didn't bet)
Seat 8: Leo160886 folded before Flop (didn't bet)
Seat 9: Originalcobs mucked [Th Kd]



PokerStars Hand #237342401081:  Hold'em No Limit ($0.01/$0.02 USD) - 2022/07/13 14:59:16 PT [2022/07/13 17:59:16 ET]
Table 'Juvisia III' 9-max Seat #4 is the button
Seat 1: pokereule754 ($2.11 in chips) 
Seat 2: dboulay1979 ($2.34 in chips) 
Seat 3: JoacoCu ($2.24 in chips) 
Seat 4: prizrak_162 ($1.46 in chips) 
Seat 5: Dorex2007 ($2 in chips) 
Seat 6: Dudusever ($2.75 in chips) 
Seat 7: ChasesAces21 ($2.07 in chips) 
Seat 8: Leo160886 ($1.39 in chips) 
Seat 9: Originalcobs ($4.27 in chips) 
Dorex2007: posts small blind $0.01
Dudusever: posts big blind $0.02
*** HOLE CARDS ***
Dealt to Dorex2007 [Kc Th]
ChasesAces21: folds 
Leo160886: folds 
Originalcobs: calls $0.02
pokereule754: folds 
dboulay1979: calls $0.02
JoacoCu: folds 
prizrak_162: folds 
Dorex2007: calls $0.01
Dudusever: checks 
*** FLOP *** [8d Ks 4d]
Dorex2007: checks 
Dudusever: checks 
Originalcobs: checks 
dboulay1979: checks 
*** TURN *** [8d Ks 4d] [8h]
Dorex2007: bets $0.08
Dudusever: calls $0.08
Originalcobs: folds 
dboulay1979: folds 
*** RIVER *** [8d Ks 4d 8h] [4c]
Dorex2007: checks 
Dudusever: checks 
*** SHOW DOWN ***
Dorex2007: shows [Kc Th] (two pair, Kings and Eights)
Dudusever: mucks hand 
Dorex2007 collected $0.23 from pot
*** SUMMARY ***
Total pot $0.24 | Rake $0.01 
Board [8d Ks 4d 8h 4c]
Seat 1: pokereule754 folded before Flop (didn't bet)
Seat 2: dboulay1979 folded on the Turn
Seat 3: JoacoCu folded before Flop (didn't bet)
Seat 4: prizrak_162 (button) folded before Flop (didn't bet)
Seat 5: Dorex2007 (small blind) showed [Kc Th] and won ($0.23) with two pair, Kings and Eights
Seat 6: Dudusever (big blind) mucked [9d 3d]
Seat 7: ChasesAces21 folded before Flop (didn't bet)
Seat 8: Leo160886 folded before Flop (didn't bet)
Seat 9: Originalcobs folded on the Turn



PokerStars Hand #237342413881:  Hold'em No Limit ($0.01/$0.02 USD) - 2022/07/13 15:00:03 PT [2022/07/13 18:00:03 ET]
Table 'Juvisia III' 9-max Seat #5 is the button
Seat 1: pokereule754 ($2.11 in chips) 
Seat 2: dboulay1979 ($2.32 in chips) 
Seat 3: JoacoCu ($2.24 in chips) 
Seat 4: prizrak_162 ($1.46 in chips) 
Seat 5: Dorex2007 ($2.13 in chips) 
Seat 6: Dudusever ($2.65 in chips) 
Seat 7: ChasesAces21 ($2.07 in chips) 
Seat 8: Leo160886 ($1.39 in chips) 
Seat 9: Originalcobs ($4.25 in chips) 
Dudusever: posts small blind $0.01
ChasesAces21: posts big blind $0.02
*** HOLE CARDS ***
Dealt to Dorex2007 [7c 2d]
Leo160886: folds 
Originalcobs: folds 
pokereule754: folds 
dboulay1979: folds 
JoacoCu: folds 
prizrak_162: folds 
Dorex2007: folds 
Dudusever: folds 
Uncalled bet ($0.01) returned to ChasesAces21
ChasesAces21 collected $0.02 from pot
*** SUMMARY ***
Total pot $0.02 | Rake $0 
Seat 1: pokereule754 folded before Flop (didn't bet)
Seat 2: dboulay1979 folded before Flop (didn't bet)
Seat 3: JoacoCu folded before Flop (didn't bet)
Seat 4: prizrak_162 folded before Flop (didn't bet)
Seat 5: Dorex2007 (button) folded before Flop (didn't bet)
Seat 6: Dudusever (small blind) folded before Flop
Seat 7: ChasesAces21 (big blind) collected ($0.02)
Seat 8: Leo160886 folded before Flop (didn't bet)
Seat 9: Originalcobs folded before Flop (didn't bet)



PokerStars Hand #237342418627:  Hold'em No Limit ($0.01/$0.02 USD) - 2022/07/13 15:00:20 PT [2022/07/13 18:00:20 ET]
Table 'Juvisia III' 9-max Seat #6 is the button
Seat 1: pokereule754 ($2.11 in chips) 
Seat 2: dboulay1979 ($2.32 in chips) 
Seat 3: JoacoCu ($2.24 in chips) 
Seat 4: prizrak_162 ($1.46 in chips) 
Seat 5: Dorex2007 ($2.13 in chips) 
Seat 6: Dudusever ($2.64 in chips) 
Seat 7: ChasesAces21 ($2.08 in chips) 
Seat 8: Leo160886 ($1.39 in chips) 
Seat 9: Originalcobs ($4.25 in chips) 
ChasesAces21: posts small blind $0.01
Leo160886: posts big blind $0.02
*** HOLE CARDS ***
Dealt to Dorex2007 [7c 2h]
Originalcobs: raises $0.02 to $0.04
pokereule754: folds 
dboulay1979: folds 
JoacoCu: calls $0.04
prizrak_162: folds 
Dorex2007: folds 
Dudusever: folds 
ChasesAces21: calls $0.03
Leo160886: folds 
*** FLOP *** [8h Kd Jh]
ChasesAces21: checks 
Originalcobs: bets $0.07
JoacoCu: folds 
ChasesAces21: folds 
Uncalled bet ($0.07) returned to Originalcobs
Originalcobs collected $0.14 from pot
*** SUMMARY ***
Total pot $0.14 | Rake $0 
Board [8h Kd Jh]
Seat 1: pokereule754 folded before Flop (didn't bet)
Seat 2: dboulay1979 folded before Flop (didn't bet)
Seat 3: JoacoCu folded on the Flop
Seat 4: prizrak_162 folded before Flop (didn't bet)
Seat 5: Dorex2007 folded before Flop (didn't bet)
Seat 6: Dudusever (button) folded before Flop (didn't bet)
Seat 7: ChasesAces21 (small blind) folded on the Flop
Seat 8: Leo160886 (big blind) folded before Flop
Seat 9: Originalcobs collected ($0.14)



PokerStars Hand #237342440815:  Hold'em No Limit ($0.01/$0.02 USD) - 2022/07/13 15:01:34 PT [2022/07/13 18:01:34 ET]
Table 'Juvisia III' 9-max Seat #7 is the button
Seat 1: pokereule754 ($2.11 in chips) 
Seat 2: dboulay1979 ($2.32 in chips) 
Seat 3: JoacoCu ($2.20 in chips) 
Seat 4: prizrak_162 ($1.46 in chips) 
Seat 5: Dorex2007 ($2.13 in chips) 
Seat 6: Dudusever ($2.64 in chips) 
Seat 7: ChasesAces21 ($2.04 in chips) 
Seat 8: Leo160886 ($1.37 in chips) 
Seat 9: Originalcobs ($4.35 in chips) 
Leo160886: posts small blind $0.01
Originalcobs: posts big blind $0.02
*** HOLE CARDS ***
Dealt to Dorex2007 [7c As]
pokereule754: calls $0.02
dboulay1979: folds 
JoacoCu: folds 
prizrak_162: folds 
Dorex2007: folds 
Dudusever: folds 
ChasesAces21: raises $0.07 to $0.09
Leo160886: folds 
Originalcobs: folds 
pokereule754: calls $0.07
*** FLOP *** [Td 4c 9h]
pokereule754: checks 
ChasesAces21: bets $0.10
pokereule754: folds 
Uncalled bet ($0.10) returned to ChasesAces21
ChasesAces21 collected $0.20 from pot
*** SUMMARY ***
Total pot $0.21 | Rake $0.01 
Board [Td 4c 9h]
Seat 1: pokereule754 folded on the Flop
Seat 2: dboulay1979 folded before Flop (didn't bet)
Seat 3: JoacoCu folded before Flop (didn't bet)
Seat 4: prizrak_162 folded before Flop (didn't bet)
Seat 5: Dorex2007 folded before Flop (didn't bet)
Seat 6: Dudusever folded before Flop (didn't bet)
Seat 7: ChasesAces21 (button) collected ($0.20)
Seat 8: Leo160886 (small blind) folded before Flop
Seat 9: Originalcobs (big blind) folded before Flop



PokerStars Hand #237342457227:  Hold'em No Limit ($0.01/$0.02 USD) - 2022/07/13 15:02:25 PT [2022/07/13 18:02:25 ET]
Table 'Juvisia III' 9-max Seat #8 is the button
Seat 1: pokereule754 ($2.02 in chips) 
Seat 2: dboulay1979 ($2.32 in chips) 
Seat 3: JoacoCu ($2.20 in chips) 
Seat 4: prizrak_162 ($1.46 in chips) 
Seat 5: Dorex2007 ($2.13 in chips) 
Seat 6: Dudusever ($2.64 in chips) 
Seat 7: ChasesAces21 ($2.15 in chips) 
Seat 8: Leo160886 ($1.36 in chips) 
Seat 9: Originalcobs ($4.33 in chips) 
Originalcobs: posts small blind $0.01
pokereule754: posts big blind $0.02
*** HOLE CARDS ***
Dealt to Dorex2007 [8s Ks]
dboulay1979: folds 
JoacoCu: folds 
prizrak_162: folds 
Dorex2007: folds 
Dudusever: folds 
ChasesAces21: folds 
Leo160886: folds 
Originalcobs: calls $0.01
pokereule754: checks 
*** FLOP *** [9s 9d Jc]
Originalcobs: checks 
pokereule754: checks 
*** TURN *** [9s 9d Jc] [Jh]
Originalcobs: bets $0.02
pokereule754: folds 
Uncalled bet ($0.02) returned to Originalcobs
Originalcobs collected $0.04 from pot
*** SUMMARY ***
Total pot $0.04 | Rake $0 
Board [9s 9d Jc Jh]
Seat 1: pokereule754 (big blind) folded on the Turn
Seat 2: dboulay1979 folded before Flop (didn't bet)
Seat 3: JoacoCu folded before Flop (didn't bet)
Seat 4: prizrak_162 folded before Flop (didn't bet)
Seat 5: Dorex2007 folded before Flop (didn't bet)
Seat 6: Dudusever folded before Flop (didn't bet)
Seat 7: ChasesAces21 folded before Flop (didn't bet)
Seat 8: Leo160886 (button) folded before Flop (didn't bet)
Seat 9: Originalcobs (small blind) collected ($0.04)



PokerStars Hand #237342470686:  Hold'em No Limit ($0.01/$0.02 USD) - 2022/07/13 15:03:06 PT [2022/07/13 18:03:06 ET]
Table 'Juvisia III' 9-max Seat #9 is the button
Seat 1: pokereule754 ($2 in chips) 
Seat 2: dboulay1979 ($2.32 in chips) 
Seat 3: JoacoCu ($2.20 in chips) 
Seat 4: prizrak_162 ($1.46 in chips) 
Seat 5: Dorex2007 ($2.13 in chips) 
Seat 6: Dudusever ($2.64 in chips) 
Seat 7: ChasesAces21 ($2.15 in chips) 
Seat 8: Leo160886 ($1.36 in chips) 
Seat 9: Originalcobs ($4.35 in chips) 
pokereule754: posts small blind $0.01
dboulay1979: posts big blind $0.02
*** HOLE CARDS ***
Dealt to Dorex2007 [Kh 6c]
JoacoCu has timed out
JoacoCu: folds 
prizrak_162: folds 
Dorex2007: folds 
Dudusever: raises $0.04 to $0.06
ChasesAces21: calls $0.06
Leo160886: calls $0.06
Originalcobs: folds 
pokereule754: folds 
dboulay1979: folds 
*** FLOP *** [Kc 8c Ad]
Dudusever: checks 
ChasesAces21: bets $0.08
Leo160886: folds 
Dudusever: calls $0.08
*** TURN *** [Kc 8c Ad] [8h]
Dudusever: checks 
pokereule754 leaves the table
ChasesAces21: bets $0.16
Dudusever: calls $0.16
*** RIVER *** [Kc 8c Ad 8h] [Qs]
Dudusever: checks 
ChasesAces21: checks 
*** SHOW DOWN ***
Dudusever: shows [Ks Kd] (a full house, Kings full of Eights)
ChasesAces21: mucks hand 
Dudusever collected $0.67 from pot
*** SUMMARY ***
Total pot $0.69 | Rake $0.02 
Board [Kc 8c Ad 8h Qs]
Seat 1: pokereule754 (small blind) folded before Flop
Seat 2: dboulay1979 (big blind) folded before Flop
Seat 3: JoacoCu folded before Flop (didn't bet)
Seat 4: prizrak_162 folded before Flop (didn't bet)
Seat 5: Dorex2007 folded before Flop (didn't bet)
Seat 6: Dudusever showed [Ks Kd] and won ($0.67) with a full house, Kings full of Eights
Seat 7: ChasesAces21 mucked [Ac Jc]
Seat 8: Leo160886 folded on the Flop
Seat 9: Originalcobs (button) folded before Flop (didn't bet)



PokerStars Hand #237342488992:  Hold'em No Limit ($0.01/$0.02 USD) - 2022/07/13 15:04:02 PT [2022/07/13 18:04:02 ET]
Table 'Juvisia III' 9-max Seat #2 is the button
Seat 2: dboulay1979 ($2.30 in chips) 
Seat 3: JoacoCu ($2.20 in chips) 
Seat 4: prizrak_162 ($1.46 in chips) 
Seat 5: Dorex2007 ($2.13 in chips) 
Seat 6: Dudusever ($3.01 in chips) 
Seat 7: ChasesAces21 ($1.85 in chips) 
Seat 8: Leo160886 ($1.30 in chips) 
Seat 9: Originalcobs ($4.35 in chips) 
JoacoCu: posts small blind $0.01
prizrak_162: posts big blind $0.02
*** HOLE CARDS ***
Dealt to Dorex2007 [7c Td]
Dorex2007: folds 
Dudusever: raises $0.04 to $0.06
ChasesAces21: calls $0.06
Leo160886: folds 
Originalcobs: folds 
dboulay1979: raises $0.16 to $0.22
JoacoCu: calls $0.21
prizrak_162: folds 
Mordok1991 joins the table at seat #1 
Dudusever: folds 
ChasesAces21: calls $0.16
*** FLOP *** [Qc 2d 4c]
JoacoCu: checks 
ChasesAces21: checks 
dboulay1979: bets $0.35
JoacoCu: calls $0.35
ChasesAces21: folds 
*** TURN *** [Qc 2d 4c] [3h]
JoacoCu: checks 
dboulay1979: checks 
*** RIVER *** [Qc 2d 4c 3h] [7d]
JoacoCu: bets $0.38
dboulay1979: calls $0.38
*** SHOW DOWN ***
JoacoCu: shows [Ad Qd] (a pair of Queens)
dboulay1979: shows [Ac As] (a pair of Aces)
dboulay1979 collected $2.12 from pot
*** SUMMARY ***
Total pot $2.20 | Rake $0.08 
Board [Qc 2d 4c 3h 7d]
Seat 2: dboulay1979 (button) showed [Ac As] and won ($2.12) with a pair of Aces
Seat 3: JoacoCu (small blind) showed [Ad Qd] and lost with a pair of Queens
Seat 4: prizrak_162 (big blind) folded before Flop
Seat 5: Dorex2007 folded before Flop (didn't bet)
Seat 6: Dudusever folded before Flop
Seat 7: ChasesAces21 folded on the Flop
Seat 8: Leo160886 folded before Flop (didn't bet)
Seat 9: Originalcobs folded before Flop (didn't bet)



PokerStars Hand #237342515703:  Hold'em No Limit ($0.01/$0.02 USD) - 2022/07/13 15:05:23 PT [2022/07/13 18:05:23 ET]
Table 'Juvisia III' 9-max Seat #3 is the button
Seat 1: Mordok1991 ($1.60 in chips) 
Seat 2: dboulay1979 ($3.47 in chips) 
Seat 3: JoacoCu ($2 in chips) 
Seat 4: prizrak_162 ($1.44 in chips) 
Seat 5: Dorex2007 ($2.13 in chips) 
Seat 6: Dudusever ($2.95 in chips) 
Seat 7: ChasesAces21 ($1.63 in chips) 
Seat 8: Leo160886 ($1.30 in chips) 
Seat 9: Originalcobs ($4.35 in chips) 
prizrak_162: posts small blind $0.01
Dorex2007: posts big blind $0.02
Mordok1991: posts big blind $0.02
*** HOLE CARDS ***
Dealt to Dorex2007 [2d Td]
Dudusever: folds 
ChasesAces21: folds 
Leo160886: folds 
Originalcobs: raises $0.02 to $0.04
Mordok1991: raises $0.02 to $0.06
dboulay1979: folds 
JoacoCu: folds 
prizrak_162: folds 
Dorex2007: folds 
Originalcobs: calls $0.02
*** FLOP *** [7c 8s 5s]
Originalcobs: bets $0.07
Mordok1991: calls $0.07
*** TURN *** [7c 8s 5s] [6d]
Originalcobs: bets $0.14
Mordok1991: folds 
Uncalled bet ($0.14) returned to Originalcobs
Originalcobs collected $0.28 from pot
*** SUMMARY ***
Total pot $0.29 | Rake $0.01 
Board [7c 8s 5s 6d]
Seat 1: Mordok1991 folded on the Turn
Seat 2: dboulay1979 folded before Flop (didn't bet)
Seat 3: JoacoCu (button) folded before Flop (didn't bet)
Seat 4: prizrak_162 (small blind) folded before Flop
Seat 5: Dorex2007 (big blind) folded before Flop
Seat 6: Dudusever folded before Flop (didn't bet)
Seat 7: ChasesAces21 folded before Flop (didn't bet)
Seat 8: Leo160886 folded before Flop (didn't bet)
Seat 9: Originalcobs collected ($0.28)



PokerStars Hand #237342532530:  Hold'em No Limit ($0.01/$0.02 USD) - 2022/07/13 15:06:14 PT [2022/07/13 18:06:14 ET]
Table 'Juvisia III' 9-max Seat #4 is the button
Seat 1: Mordok1991 ($1.47 in chips) 
Seat 2: dboulay1979 ($3.47 in chips) 
Seat 3: JoacoCu ($2 in chips) 
Seat 4: prizrak_162 ($1.43 in chips) 
Seat 5: Dorex2007 ($2.11 in chips) 
Seat 6: Dudusever ($2.95 in chips) 
Seat 7: ChasesAces21 ($1.63 in chips) 
Seat 8: Leo160886 ($1.30 in chips) 
Seat 9: Originalcobs ($4.50 in chips) 
Dorex2007: posts small blind $0.01
Dudusever: posts big blind $0.02
*** HOLE CARDS ***
Dealt to Dorex2007 [4d As]
ChasesAces21: folds 
Leo160886: folds 
Originalcobs: folds 
Mordok1991: calls $0.02
dboulay1979: raises $0.06 to $0.08
JoacoCu: folds 
prizrak_162: folds 
Dorex2007: folds 
Dudusever: folds 
Mordok1991: calls $0.06
*** FLOP *** [5h 6h 3h]
Mordok1991: checks 
dboulay1979: bets $0.09
Mordok1991: calls $0.09
*** TURN *** [5h 6h 3h] [3d]
Mordok1991: bets $0.10
dboulay1979: folds 
Uncalled bet ($0.10) returned to Mordok1991
Mordok1991 collected $0.36 from pot
*** SUMMARY ***
Total pot $0.37 | Rake $0.01 
Board [5h 6h 3h 3d]
Seat 1: Mordok1991 collected ($0.36)
Seat 2: dboulay1979 folded on the Turn
Seat 3: JoacoCu folded before Flop (didn't bet)
Seat 4: prizrak_162 (button) folded before Flop (didn't bet)
Seat 5: Dorex2007 (small blind) folded before Flop
Seat 6: Dudusever (big blind) folded before Flop
Seat 7: ChasesAces21 folded before Flop (didn't bet)
Seat 8: Leo160886 folded before Flop (didn't bet)
Seat 9: Originalcobs folded before Flop (didn't bet)



PokerStars Hand #237342549249:  Hold'em No Limit ($0.01/$0.02 USD) - 2022/07/13 15:07:05 PT [2022/07/13 18:07:05 ET]
Table 'Juvisia III' 9-max Seat #5 is the button
Seat 1: Mordok1991 ($1.66 in chips) 
Seat 2: dboulay1979 ($3.30 in chips) 
Seat 3: JoacoCu ($2 in chips) 
Seat 4: prizrak_162 ($1.43 in chips) 
Seat 5: Dorex2007 ($2.10 in chips) 
Seat 6: Dudusever ($2.93 in chips) 
Seat 7: ChasesAces21 ($1.63 in chips) 
Seat 8: Leo160886 ($1.30 in chips) 
Seat 9: Originalcobs ($4.50 in chips) 
Dudusever: posts small blind $0.01
ChasesAces21: posts big blind $0.02
*** HOLE CARDS ***
Dealt to Dorex2007 [Kh 9c]
Leo160886: folds 
Originalcobs has timed out
Originalcobs: folds 
Mordok1991: calls $0.02
dboulay1979: calls $0.02
JoacoCu: folds 
prizrak_162: folds 
Dorex2007: folds 
Dudusever: raises $0.08 to $0.10
ChasesAces21: folds 
Mordok1991: calls $0.08
dboulay1979: calls $0.08
*** FLOP *** [Ad Qs 9d]
Dudusever: bets $0.15
Mordok1991: folds 
dboulay1979: folds 
Uncalled bet ($0.15) returned to Dudusever
Dudusever collected $0.31 from pot
*** SUMMARY ***
Total pot $0.32 | Rake $0.01 
Board [Ad Qs 9d]
Seat 1: Mordok1991 folded on the Flop
Seat 2: dboulay1979 folded on the Flop
Seat 3: JoacoCu folded before Flop (didn't bet)
Seat 4: prizrak_162 folded before Flop (didn't bet)
Seat 5: Dorex2007 (button) folded before Flop (didn't bet)
Seat 6: Dudusever (small blind) collected ($0.31)
Seat 7: ChasesAces21 (big blind) folded before Flop
Seat 8: Leo160886 folded before Flop (didn't bet)
Seat 9: Originalcobs folded before Flop (didn't bet)



PokerStars Hand #237342569402:  Hold'em No Limit ($0.01/$0.02 USD) - 2022/07/13 15:08:07 PT [2022/07/13 18:08:07 ET]
Table 'Juvisia III' 9-max Seat #6 is the button
Seat 1: Mordok1991 ($1.56 in chips) 
Seat 2: dboulay1979 ($3.20 in chips) 
Seat 3: JoacoCu ($2 in chips) 
Seat 4: prizrak_162 ($1.43 in chips) 
Seat 5: Dorex2007 ($2.10 in chips) 
Seat 6: Dudusever ($3.14 in chips) 
Seat 7: ChasesAces21 ($1.61 in chips) 
Seat 8: Leo160886 ($1.30 in chips) 
Seat 9: Originalcobs ($4.50 in chips) 
ChasesAces21: posts small blind $0.01
Leo160886: posts big blind $0.02
*** HOLE CARDS ***
Dealt to Dorex2007 [4s Tc]
Originalcobs: raises $0.02 to $0.04
Mordok1991: calls $0.04
dboulay1979: folds 
JoacoCu: folds 
prizrak_162: folds 
Dorex2007: folds 
Dudusever: folds 
ChasesAces21: raises $0.14 to $0.18
Leo160886: folds 
Originalcobs: folds 
Mordok1991: calls $0.14
*** FLOP *** [Ac Ts 2h]
ChasesAces21: bets $0.16
Mordok1991: calls $0.16
*** TURN *** [Ac Ts 2h] [7d]
ChasesAces21: bets $0.29
Mordok1991: folds 
Uncalled bet ($0.29) returned to ChasesAces21
ChasesAces21 collected $0.71 from pot
*** SUMMARY ***
Total pot $0.74 | Rake $0.03 
Board [Ac Ts 2h 7d]
Seat 1: Mordok1991 folded on the Turn
Seat 2: dboulay1979 folded before Flop (didn't bet)
Seat 3: JoacoCu folded before Flop (didn't bet)
Seat 4: prizrak_162 folded before Flop (didn't bet)
Seat 5: Dorex2007 folded before Flop (didn't bet)
Seat 6: Dudusever (button) folded before Flop (didn't bet)
Seat 7: ChasesAces21 (small blind) collected ($0.71)
Seat 8: Leo160886 (big blind) folded before Flop
Seat 9: Originalcobs folded before Flop



PokerStars Hand #237342593831:  Hold'em No Limit ($0.01/$0.02 USD) - 2022/07/13 15:09:22 PT [2022/07/13 18:09:22 ET]
Table 'Juvisia III' 9-max Seat #7 is the button
Seat 1: Mordok1991 ($1.22 in chips) 
Seat 2: dboulay1979 ($3.20 in chips) 
Seat 3: JoacoCu ($2 in chips) 
Seat 4: prizrak_162 ($1.43 in chips) 
Seat 5: Dorex2007 ($2.10 in chips) 
Seat 6: Dudusever ($3.14 in chips) 
Seat 7: ChasesAces21 ($1.98 in chips) 
Seat 9: Originalcobs ($4.46 in chips) 
Leo160886 has timed out
Leo160886: is sitting out 
Originalcobs: posts small blind $0.01
Mordok1991: posts big blind $0.02
*** HOLE CARDS ***
Dealt to Dorex2007 [2s 8c]
dboulay1979: folds 
JoacoCu: folds 
prizrak_162: calls $0.02
Dorex2007: folds 
Dudusever: folds 
ChasesAces21: raises $0.07 to $0.09
Originalcobs: raises $0.07 to $0.16
Mordok1991: calls $0.14
prizrak_162: folds 
ChasesAces21: calls $0.07
*** FLOP *** [5h Ah 4s]
Originalcobs: checks 
Mordok1991: checks 
ChasesAces21: bets $0.14
Originalcobs: calls $0.14
Mordok1991: calls $0.14
*** TURN *** [5h Ah 4s] [4h]
Originalcobs: checks 
Mordok1991: bets $0.10
ChasesAces21: calls $0.10
Originalcobs: calls $0.10
*** RIVER *** [5h Ah 4s 4h] [Kd]
Originalcobs: checks 
Mordok1991: bets $0.82 and is all-in
ChasesAces21: folds 
Originalcobs: folds [Ts Tc]
Uncalled bet ($0.82) returned to Mordok1991
Mordok1991 collected $1.17 from pot
*** SUMMARY ***
Total pot $1.22 | Rake $0.05 
Board [5h Ah 4s 4h Kd]
Seat 1: Mordok1991 (big blind) collected ($1.17)
Seat 2: dboulay1979 folded before Flop (didn't bet)
Seat 3: JoacoCu folded before Flop (didn't bet)
Seat 4: prizrak_162 folded before Flop
Seat 5: Dorex2007 folded before Flop (didn't bet)
Seat 6: Dudusever folded before Flop (didn't bet)
Seat 7: ChasesAces21 (button) folded on the River
Seat 9: Originalcobs (small blind) folded on the River



PokerStars Hand #237342631528:  Hold'em No Limit ($0.01/$0.02 USD) - 2022/07/13 15:11:19 PT [2022/07/13 18:11:19 ET]
Table 'Juvisia III' 9-max Seat #9 is the button
Seat 1: Mordok1991 ($1.99 in chips) 
Seat 2: dboulay1979 ($3.20 in chips) 
Seat 3: JoacoCu ($2 in chips) 
Seat 4: prizrak_162 ($1.41 in chips) 
Seat 5: Dorex2007 ($2.10 in chips) 
Seat 6: Dudusever ($3.14 in chips) 
Seat 7: ChasesAces21 ($1.58 in chips) 
Seat 8: Leo160886 ($1.28 in chips) 
Seat 9: Originalcobs ($4.06 in chips) 
Mordok1991: posts small blind $0.01
dboulay1979: posts big blind $0.02
Leo160886: posts small blind $0.01
*** HOLE CARDS ***
Dealt to Dorex2007 [2s 7d]
JoacoCu: folds 
prizrak_162: folds 
Dorex2007: folds 
Dudusever: raises $0.04 to $0.06
ChasesAces21: folds 
Leo160886: folds 
Originalcobs: calls $0.06
Mordok1991: raises $0.04 to $0.10
dboulay1979: folds 
Dudusever: calls $0.04
Originalcobs: raises $0.04 to $0.14
Mordok1991: calls $0.04
Dudusever: calls $0.04
*** FLOP *** [Th 5s Qd]
Mordok1991: checks 
Dudusever: checks 
Originalcobs: bets $0.24
Mordok1991: folds 
Dudusever: calls $0.24
*** TURN *** [Th 5s Qd] [Ah]
Dudusever: checks 
Originalcobs: bets $0.34
Dudusever: calls $0.34
*** RIVER *** [Th 5s Qd Ah] [8s]
Dudusever: checks 
Mordok1991 is disconnected 
Originalcobs: bets $0.58
Dudusever: folds 
Uncalled bet ($0.58) returned to Originalcobs
Originalcobs collected $1.55 from pot
*** SUMMARY ***
Total pot $1.61 | Rake $0.06 
Board [Th 5s Qd Ah 8s]
Seat 1: Mordok1991 (small blind) folded on the Flop
Seat 2: dboulay1979 (big blind) folded before Flop
Seat 3: JoacoCu folded before Flop (didn't bet)
Seat 4: prizrak_162 folded before Flop (didn't bet)
Seat 5: Dorex2007 folded before Flop (didn't bet)
Seat 6: Dudusever folded on the River
Seat 7: ChasesAces21 folded before Flop (didn't bet)
Seat 8: Leo160886 folded before Flop (didn't bet)
Seat 9: Originalcobs (button) collected ($1.55)



PokerStars Hand #237342664757:  Hold'em No Limit ($0.01/$0.02 USD) - 2022/07/13 15:13:02 PT [2022/07/13 18:13:02 ET]
Table 'Juvisia III' 9-max Seat #1 is the button
Seat 1: Mordok1991 ($1.85 in chips) 
Seat 2: dboulay1979 ($3.18 in chips) 
Seat 3: JoacoCu ($2 in chips) 
Seat 4: prizrak_162 ($1.41 in chips) 
Seat 5: Dorex2007 ($2.10 in chips) 
Seat 6: Dudusever ($2.42 in chips) 
Seat 7: ChasesAces21 ($1.58 in chips) 
Seat 8: Leo160886 ($1.27 in chips) 
Seat 9: Originalcobs ($4.89 in chips) 
dboulay1979: posts small blind $0.01
JoacoCu: posts big blind $0.02
*** HOLE CARDS ***
Dealt to Dorex2007 [2c 9c]
prizrak_162: folds 
Dorex2007: folds 
Dudusever: raises $0.04 to $0.06
ChasesAces21: calls $0.06
Leo160886: folds 
Originalcobs: raises $0.04 to $0.10
Mordok1991: calls $0.10
dboulay1979: folds 
JoacoCu: folds 
Dudusever: calls $0.04
ChasesAces21: calls $0.04
*** FLOP *** [Jd 3c 8d]
Dudusever: checks 
ChasesAces21: checks 
Originalcobs: bets $0.06
Mordok1991: calls $0.06
Dudusever: calls $0.06
ChasesAces21: calls $0.06
*** TURN *** [Jd 3c 8d] [Js]
Dudusever: checks 
ChasesAces21: checks 
Originalcobs: checks 
Mordok1991: checks 
*** RIVER *** [Jd 3c 8d Js] [7s]
Dudusever: bets $0.32
ChasesAces21: folds 
Originalcobs: folds 
Mordok1991: calls $0.32
*** SHOW DOWN ***
Dudusever: shows [5c 5s] (two pair, Jacks and Fives)
Mordok1991: shows [8s Ad] (two pair, Jacks and Eights)
Mordok1991 collected $1.25 from pot
*** SUMMARY ***
Total pot $1.31 | Rake $0.06 
Board [Jd 3c 8d Js 7s]
Seat 1: Mordok1991 (button) showed [8s Ad] and won ($1.25) with two pair, Jacks and Eights
Seat 2: dboulay1979 (small blind) folded before Flop
Seat 3: JoacoCu (big blind) folded before Flop
Seat 4: prizrak_162 folded before Flop (didn't bet)
Seat 5: Dorex2007 folded before Flop (didn't bet)
Seat 6: Dudusever showed [5c 5s] and lost with two pair, Jacks and Fives
Seat 7: ChasesAces21 folded on the River
Seat 8: Leo160886 folded before Flop (didn't bet)
Seat 9: Originalcobs folded on the River



PokerStars Hand #237342689218:  Hold'em No Limit ($0.01/$0.02 USD) - 2022/07/13 15:14:19 PT [2022/07/13 18:14:19 ET]
Table 'Juvisia III' 9-max Seat #2 is the button
Seat 1: Mordok1991 ($2.62 in chips) 
Seat 2: dboulay1979 ($3.17 in chips) 
Seat 3: JoacoCu ($2 in chips) 
Seat 4: prizrak_162 ($1.41 in chips) 
Seat 5: Dorex2007 ($2.10 in chips) 
Seat 6: Dudusever ($1.94 in chips) 
Seat 7: ChasesAces21 ($1.42 in chips) 
Seat 8: Leo160886 ($1.27 in chips) 
Seat 9: Originalcobs ($4.73 in chips) 
JoacoCu: posts small blind $0.01
prizrak_162: posts big blind $0.02
*** HOLE CARDS ***
Dealt to Dorex2007 [4h 7c]
Dorex2007 has timed out
Dorex2007: folds 
Dudusever: folds 
ChasesAces21: folds 
Leo160886: folds 
Originalcobs: folds 
Mordok1991: calls $0.02
dboulay1979: folds 
JoacoCu: folds 
prizrak_162: raises $0.02 to $0.04
Mordok1991: calls $0.02
*** FLOP *** [8c Kd 2s]
prizrak_162: checks 
Mordok1991: bets $0.02
prizrak_162: calls $0.02
*** TURN *** [8c Kd 2s] [4s]
prizrak_162: checks 
Mordok1991: checks 
*** RIVER *** [8c Kd 2s 4s] [8h]
prizrak_162: checks 
Mordok1991: bets $0.02
prizrak_162: calls $0.02
*** SHOW DOWN ***
Mordok1991: shows [3h 2d] (two pair, Eights and Deuces)
prizrak_162: mucks hand 
Mordok1991 collected $0.16 from pot
*** SUMMARY ***
Total pot $0.17 | Rake $0.01 
Board [8c Kd 2s 4s 8h]
Seat 1: Mordok1991 showed [3h 2d] and won ($0.16) with two pair, Eights and Deuces
Seat 2: dboulay1979 (button) folded before Flop (didn't bet)
Seat 3: JoacoCu (small blind) folded before Flop
Seat 4: prizrak_162 (big blind) mucked [Td Ac]
Seat 5: Dorex2007 folded before Flop (didn't bet)
Seat 6: Dudusever folded before Flop (didn't bet)
Seat 7: ChasesAces21 folded before Flop (didn't bet)
Seat 8: Leo160886 folded before Flop (didn't bet)
Seat 9: Originalcobs folded before Flop (didn't bet)



PokerStars Hand #237342714466:  Hold'em No Limit ($0.01/$0.02 USD) - 2022/07/13 15:15:38 PT [2022/07/13 18:15:38 ET]
Table 'Juvisia III' 9-max Seat #3 is the button
Seat 1: Mordok1991 ($2.70 in chips) 
Seat 2: dboulay1979 ($3.17 in chips) 
Seat 3: JoacoCu ($2 in chips) 
Seat 4: prizrak_162 ($1.33 in chips) 
Seat 5: Dorex2007 ($2.10 in chips) 
Seat 6: Dudusever ($1.94 in chips) 
Seat 7: ChasesAces21 ($1.42 in chips) 
Seat 8: Leo160886 ($1.27 in chips) 
Seat 9: Originalcobs ($4.73 in chips) 
prizrak_162: posts small blind $0.01
Dorex2007: posts big blind $0.02
*** HOLE CARDS ***
Dealt to Dorex2007 [Kc 9h]
Dudusever: folds 
ChasesAces21: folds 
Leo160886: folds 
Originalcobs: folds 
Mordok1991: folds 
dboulay1979: folds 
JoacoCu: raises $0.04 to $0.06
prizrak_162: folds 
Dorex2007: folds 
Uncalled bet ($0.04) returned to JoacoCu
JoacoCu collected $0.05 from pot
*** SUMMARY ***
Total pot $0.05 | Rake $0 
Seat 1: Mordok1991 folded before Flop (didn't bet)
Seat 2: dboulay1979 folded before Flop (didn't bet)
Seat 3: JoacoCu (button) collected ($0.05)
Seat 4: prizrak_162 (small blind) folded before Flop
Seat 5: Dorex2007 (big blind) folded before Flop
Seat 6: Dudusever folded before Flop (didn't bet)
Seat 7: ChasesAces21 folded before Flop (didn't bet)
Seat 8: Leo160886 folded before Flop (didn't bet)
Seat 9: Originalcobs folded before Flop (didn't bet)



PokerStars Hand #237342722427:  Hold'em No Limit ($0.01/$0.02 USD) - 2022/07/13 15:16:03 PT [2022/07/13 18:16:03 ET]
Table 'Juvisia III' 9-max Seat #4 is the button
Seat 1: Mordok1991 ($2.70 in chips) 
Seat 2: dboulay1979 ($3.17 in chips) 
Seat 3: JoacoCu ($2.03 in chips) 
Seat 4: prizrak_162 ($1.32 in chips) 
Seat 5: Dorex2007 ($2.08 in chips) 
Seat 6: Dudusever ($1.94 in chips) 
Seat 7: ChasesAces21 ($1.42 in chips) 
Seat 8: Leo160886 ($1.27 in chips) 
Seat 9: Originalcobs ($4.73 in chips) 
Dorex2007: posts small blind $0.01
Dudusever: posts big blind $0.02
*** HOLE CARDS ***
Dealt to Dorex2007 [Kc 2s]
ChasesAces21: raises $0.04 to $0.06
Leo160886: folds 
Originalcobs: folds 
Mordok1991: raises $0.04 to $0.10
dboulay1979: folds 
JoacoCu: folds 
prizrak_162: folds 
Dorex2007: folds 
Dudusever: folds 
ChasesAces21: calls $0.04
*** FLOP *** [Tc Js 7d]
ChasesAces21: checks 
Mordok1991: checks 
*** TURN *** [Tc Js 7d] [Jd]
ChasesAces21: checks 
Mordok1991: checks 
*** RIVER *** [Tc Js 7d Jd] [9d]
ChasesAces21: checks 
Mordok1991: checks 
*** SHOW DOWN ***
ChasesAces21: shows [Ac 4c] (a pair of Jacks)
Mordok1991: shows [4d 5d] (a flush, Jack high)
Mordok1991 collected $0.22 from pot
*** SUMMARY ***
Total pot $0.23 | Rake $0.01 
Board [Tc Js 7d Jd 9d]
Seat 1: Mordok1991 showed [4d 5d] and won ($0.22) with a flush, Jack high
Seat 2: dboulay1979 folded before Flop (didn't bet)
Seat 3: JoacoCu folded before Flop (didn't bet)
Seat 4: prizrak_162 (button) folded before Flop (didn't bet)
Seat 5: Dorex2007 (small blind) folded before Flop
Seat 6: Dudusever (big blind) folded before Flop
Seat 7: ChasesAces21 showed [Ac 4c] and lost with a pair of Jacks
Seat 8: Leo160886 folded before Flop (didn't bet)
Seat 9: Originalcobs folded before Flop (didn't bet)



PokerStars Hand #237342746763:  Hold'em No Limit ($0.01/$0.02 USD) - 2022/07/13 15:17:20 PT [2022/07/13 18:17:20 ET]
Table 'Juvisia III' 9-max Seat #5 is the button
Seat 1: Mordok1991 ($2.82 in chips) 
Seat 2: dboulay1979 ($3.17 in chips) 
Seat 3: JoacoCu ($2.03 in chips) 
Seat 4: prizrak_162 ($1.32 in chips) 
Seat 5: Dorex2007 ($2.07 in chips) 
Seat 6: Dudusever ($1.92 in chips) 
Seat 7: ChasesAces21 ($1.32 in chips) 
Seat 8: Leo160886 ($1.27 in chips) 
Seat 9: Originalcobs ($4.73 in chips) 
Dudusever: posts small blind $0.01
ChasesAces21: posts big blind $0.02
*** HOLE CARDS ***
Dealt to Dorex2007 [As Kc]
Leo160886: calls $0.02
Originalcobs: folds 
Mordok1991: calls $0.02
dboulay1979: folds 
JoacoCu: folds 
prizrak_162: folds 
Dorex2007: raises $0.10 to $0.12
Dudusever: folds 
ChasesAces21: folds 
Leo160886: folds 
Mordok1991: calls $0.10
*** FLOP *** [3h 2s Tc]
Mordok1991: checks 
Dorex2007: bets $0.28
Mordok1991: folds 
Uncalled bet ($0.28) returned to Dorex2007
Dorex2007 collected $0.28 from pot
*** SUMMARY ***
Total pot $0.29 | Rake $0.01 
Board [3h 2s Tc]
Seat 1: Mordok1991 folded on the Flop
Seat 2: dboulay1979 folded before Flop (didn't bet)
Seat 3: JoacoCu folded before Flop (didn't bet)
Seat 4: prizrak_162 folded before Flop (didn't bet)
Seat 5: Dorex2007 (button) collected ($0.28)
Seat 6: Dudusever (small blind) folded before Flop
Seat 7: ChasesAces21 (big blind) folded before Flop
Seat 8: Leo160886 folded before Flop
Seat 9: Originalcobs folded before Flop (didn't bet)



PokerStars Hand #237342761436:  Hold'em No Limit ($0.01/$0.02 USD) - 2022/07/13 15:18:06 PT [2022/07/13 18:18:06 ET]
Table 'Juvisia III' 9-max Seat #6 is the button
Seat 1: Mordok1991 ($2.70 in chips) 
Seat 2: dboulay1979 ($3.17 in chips) 
Seat 3: JoacoCu ($2.03 in chips) 
Seat 4: prizrak_162 ($1.32 in chips) 
Seat 5: Dorex2007 ($2.23 in chips) 
Seat 6: Dudusever ($1.91 in chips) 
Seat 7: ChasesAces21 ($1.30 in chips) 
Seat 8: Leo160886 ($1.25 in chips) 
Seat 9: Originalcobs ($4.73 in chips) 
ChasesAces21: posts small blind $0.01
Leo160886: posts big blind $0.02
*** HOLE CARDS ***
Dealt to Dorex2007 [4s Kc]
ChasesAces21: posts small blind $0.01
Leo160886: posts big blind $0.02
Dealt to Dorex2007 [4s Kc] [4s Kc]
Originalcobs: folds 
Mordok1991: raises $0.06 to $0.10
dboulay1979: folds 
JoacoCu: folds 
prizrak_162: calls $0.10
Dorex2007 is disconnected 
Dorex2007 is connected 
Dorex2007: folds 
Dudusever: calls $0.10
ChasesAces21: calls $0.09
Leo160886: folds 
*** FLOP *** [4h 9d 5h]
ChasesAces21: bets $0.12
Mordok1991: calls $0.12
prizrak_162: folds 
Dudusever: calls $0.12
*** TURN *** [4h 9d 5h] [Ac]
ChasesAces21: bets $0.29
Mordok1991: folds 
Dudusever: calls $0.29
*** RIVER *** [4h 9d 5h Ac] [2h]
ChasesAces21: checks 
Dudusever: checks 
*** SHOW DOWN ***
ChasesAces21: shows [9c 9h] (three of a kind, Nines)
Dudusever: mucks hand 
ChasesAces21 collected $1.31 from pot
*** SUMMARY ***
Total pot $1.36 | Rake $0.05 
Board [4h 9d 5h Ac 2h]
Seat 1: Mordok1991 folded on the Turn
Seat 2: dboulay1979 folded before Flop (didn't bet)
Seat 3: JoacoCu folded before Flop (didn't bet)
Seat 4: prizrak_162 folded on the Flop
Seat 5: Dorex2007 folded before Flop (didn't bet)
Seat 6: Dudusever (button) mucked [Ts Td]
Seat 7: ChasesAces21 (small blind) showed [9c 9h] and won ($1.31) with three of a kind, Nines
Seat 8: Leo160886 (big blind) folded before Flop
Seat 9: Originalcobs folded before Flop (didn't bet)



PokerStars Hand #237342784954:  Hold'em No Limit ($0.01/$0.02 USD) - 2022/07/13 15:19:21 PT [2022/07/13 18:19:21 ET]
Table 'Juvisia III' 9-max Seat #7 is the button
Seat 1: Mordok1991 ($2.48 in chips) 
Seat 2: dboulay1979 ($3.17 in chips) 
Seat 3: JoacoCu ($2.03 in chips) 
Seat 4: prizrak_162 ($1.22 in chips) 
Seat 5: Dorex2007 ($2.23 in chips) 
Seat 6: Dudusever ($1.40 in chips) 
Seat 7: ChasesAces21 ($2.10 in chips) 
Seat 8: Leo160886 ($1.23 in chips) 
Seat 9: Originalcobs ($4.73 in chips) 
Leo160886: posts small blind $0.01
Originalcobs: posts big blind $0.02
*** HOLE CARDS ***
Dealt to Dorex2007 [3c Kc]
Mordok1991: folds 
dboulay1979: folds 
JoacoCu: raises $0.02 to $0.04
prizrak_162: folds 
Dorex2007: folds 
Dudusever: folds 
ChasesAces21: folds 
Leo160886: folds 
Mordok1991 is disconnected 
Originalcobs: raises $0.02 to $0.06
JoacoCu: calls $0.02
*** FLOP *** [Jd 6c Ah]
Originalcobs: checks 
JoacoCu: checks 
*** TURN *** [Jd 6c Ah] [Qs]
Originalcobs: checks 
JoacoCu: bets $0.06
Originalcobs: calls $0.06
*** RIVER *** [Jd 6c Ah Qs] [8d]
Originalcobs: bets $0.12
JoacoCu: calls $0.12
*** SHOW DOWN ***
Originalcobs: shows [8h Ks] (a pair of Eights)
JoacoCu: shows [6d Ad] (two pair, Aces and Sixes)
JoacoCu collected $0.47 from pot
*** SUMMARY ***
Total pot $0.49 | Rake $0.02 
Board [Jd 6c Ah Qs 8d]
Seat 1: Mordok1991 folded before Flop (didn't bet)
Seat 2: dboulay1979 folded before Flop (didn't bet)
Seat 3: JoacoCu showed [6d Ad] and won ($0.47) with two pair, Aces and Sixes
Seat 4: prizrak_162 folded before Flop (didn't bet)
Seat 5: Dorex2007 folded before Flop (didn't bet)
Seat 6: Dudusever folded before Flop (didn't bet)
Seat 7: ChasesAces21 (button) folded before Flop (didn't bet)
Seat 8: Leo160886 (small blind) folded before Flop
Seat 9: Originalcobs (big blind) showed [8h Ks] and lost with a pair of Eights



PokerStars Hand #237342803251:  Hold'em No Limit ($0.01/$0.02 USD) - 2022/07/13 15:20:19 PT [2022/07/13 18:20:19 ET]
Table 'Juvisia III' 9-max Seat #8 is the button
Seat 1: Mordok1991 ($2.48 in chips) 
Seat 2: dboulay1979 ($3.17 in chips) 
Seat 3: JoacoCu ($2.26 in chips) 
Seat 4: prizrak_162 ($1.22 in chips) 
Seat 5: Dorex2007 ($2.23 in chips) 
Seat 6: Dudusever ($1.40 in chips) 
Seat 7: ChasesAces21 ($2.10 in chips) 
Seat 8: Leo160886 ($1.22 in chips) 
Seat 9: Originalcobs ($4.49 in chips) 
Originalcobs: posts small blind $0.01
Mordok1991: posts big blind $0.02
*** HOLE CARDS ***
Dealt to Dorex2007 [9s Ks]
dboulay1979: folds 
JoacoCu: folds 
prizrak_162: raises $0.06 to $0.08
Dorex2007: folds 
Dudusever: folds 
ChasesAces21: calls $0.08
Leo160886: folds 
Originalcobs: folds 
Mordok1991: calls $0.06
*** FLOP *** [8c Kd Ad]
Originalcobs leaves the table
Mordok1991: checks 
bispo7 joins the table at seat #9 
prizrak_162: checks 
ChasesAces21: checks 
*** TURN *** [8c Kd Ad] [Ac]
Mordok1991: checks 
prizrak_162: checks 
ChasesAces21: checks 
*** RIVER *** [8c Kd Ad Ac] [3h]
Mordok1991: checks 
prizrak_162: checks 
ChasesAces21: checks 
*** SHOW DOWN ***
Mordok1991: shows [6d Th] (a pair of Aces)
prizrak_162: shows [Tc Ts] (two pair, Aces and Tens)
ChasesAces21: shows [Jd Jc] (two pair, Aces and Jacks)
ChasesAces21 collected $0.24 from pot
*** SUMMARY ***
Total pot $0.25 | Rake $0.01 
Board [8c Kd Ad Ac 3h]
Seat 1: Mordok1991 (big blind) showed [6d Th] and lost with a pair of Aces
Seat 2: dboulay1979 folded before Flop (didn't bet)
Seat 3: JoacoCu folded before Flop (didn't bet)
Seat 4: prizrak_162 showed [Tc Ts] and lost with two pair, Aces and Tens
Seat 5: Dorex2007 folded before Flop (didn't bet)
Seat 6: Dudusever folded before Flop (didn't bet)
Seat 7: ChasesAces21 showed [Jd Jc] and won ($0.24) with two pair, Aces and Jacks
Seat 8: Leo160886 (button) folded before Flop (didn't bet)
Seat 9: Originalcobs (small blind) folded before Flop



PokerStars Hand #237342830747:  Hold'em No Limit ($0.01/$0.02 USD) - 2022/07/13 15:21:33 PT [2022/07/13 18:21:33 ET]
Table 'Juvisia III' 9-max Seat #1 is the button
Seat 1: Mordok1991 ($2.40 in chips) 
Seat 2: dboulay1979 ($3.17 in chips) 
Seat 3: JoacoCu ($2.26 in chips) 
Seat 4: prizrak_162 ($1.14 in chips) 
Seat 5: Dorex2007 ($2.23 in chips) 
Seat 6: Dudusever ($2 in chips) 
Seat 7: ChasesAces21 ($2.26 in chips) 
Seat 8: Leo160886 ($1.22 in chips) 
dboulay1979: posts small blind $0.01
JoacoCu: posts big blind $0.02
bispo7: sits out 
*** HOLE CARDS ***
Dealt to Dorex2007 [9d 8d]
prizrak_162: raises $0.06 to $0.08
Dorex2007: folds 
Dudusever: folds 
ChasesAces21: folds 
Leo160886: folds 
Mordok1991: calls $0.08
dboulay1979: folds 
JoacoCu: calls $0.06
*** FLOP *** [5c Kc 9h]
JoacoCu: checks 
prizrak_162: checks 
Mordok1991: checks 
*** TURN *** [5c Kc 9h] [5d]
JoacoCu: bets $0.06
prizrak_162: calls $0.06
Mordok1991: folds 
*** RIVER *** [5c Kc 9h 5d] [7s]
JoacoCu: checks 
prizrak_162: checks 
*** SHOW DOWN ***
JoacoCu: shows [3d 3c] (two pair, Fives and Threes)
prizrak_162: mucks hand 
JoacoCu collected $0.36 from pot
*** SUMMARY ***
Total pot $0.37 | Rake $0.01 
Board [5c Kc 9h 5d 7s]
Seat 1: Mordok1991 (button) folded on the Turn
Seat 2: dboulay1979 (small blind) folded before Flop
Seat 3: JoacoCu (big blind) showed [3d 3c] and won ($0.36) with two pair, Fives and Threes
Seat 4: prizrak_162 mucked [Ah 8h]
Seat 5: Dorex2007 folded before Flop (didn't bet)
Seat 6: Dudusever folded before Flop (didn't bet)
Seat 7: ChasesAces21 folded before Flop (didn't bet)
Seat 8: Leo160886 folded before Flop (didn't bet)



PokerStars Hand #237342849068:  Hold'em No Limit ($0.01/$0.02 USD) - 2022/07/13 15:22:31 PT [2022/07/13 18:22:31 ET]
Table 'Juvisia III' 9-max Seat #2 is the button
Seat 1: Mordok1991 ($2.32 in chips) 
Seat 2: dboulay1979 ($3.16 in chips) 
Seat 3: JoacoCu ($2.48 in chips) 
Seat 4: prizrak_162 ($1 in chips) 
Seat 5: Dorex2007 ($2.23 in chips) 
Seat 6: Dudusever ($2 in chips) 
Seat 7: ChasesAces21 ($2.26 in chips) 
Seat 8: Leo160886 ($1.22 in chips) 
JoacoCu: posts small blind $0.01
prizrak_162: posts big blind $0.02
bispo7: sits out 
*** HOLE CARDS ***
Dealt to Dorex2007 [Ks Tc]
Dorex2007: folds 
Dudusever: folds 
ChasesAces21: folds 
Leo160886: folds 
Mordok1991: calls $0.02
dboulay1979: folds 
JoacoCu: calls $0.01
prizrak_162: checks 
*** FLOP *** [6c Qc 3c]
JoacoCu: checks 
prizrak_162: checks 
Mordok1991: bets $0.02
JoacoCu: calls $0.02
prizrak_162: folds 
*** TURN *** [6c Qc 3c] [Kc]
JoacoCu: checks 
Mordok1991: bets $0.20
JoacoCu: folds 
Uncalled bet ($0.20) returned to Mordok1991
Mordok1991 collected $0.10 from pot
*** SUMMARY ***
Total pot $0.10 | Rake $0 
Board [6c Qc 3c Kc]
Seat 1: Mordok1991 collected ($0.10)
Seat 2: dboulay1979 (button) folded before Flop (didn't bet)
Seat 3: JoacoCu (small blind) folded on the Turn
Seat 4: prizrak_162 (big blind) folded on the Flop
Seat 5: Dorex2007 folded before Flop (didn't bet)
Seat 6: Dudusever folded before Flop (didn't bet)
Seat 7: ChasesAces21 folded before Flop (didn't bet)
Seat 8: Leo160886 folded before Flop (didn't bet)



PokerStars Hand #237342867297:  Hold'em No Limit ($0.01/$0.02 USD) - 2022/07/13 15:23:30 PT [2022/07/13 18:23:30 ET]
Table 'Juvisia III' 9-max Seat #3 is the button
Seat 1: Mordok1991 ($2.38 in chips) 
Seat 2: dboulay1979 ($3.16 in chips) 
Seat 3: JoacoCu ($2.44 in chips) 
Seat 4: prizrak_162 ($0.98 in chips) 
Seat 5: Dorex2007 ($2.23 in chips) 
Seat 6: Dudusever ($2 in chips) 
Seat 7: ChasesAces21 ($2.26 in chips) 
Seat 8: Leo160886 ($1.22 in chips) 
prizrak_162: posts small blind $0.01
Dorex2007: posts big blind $0.02
bispo7: sits out 
*** HOLE CARDS ***
Dealt to Dorex2007 [Jc Kd]
Dudusever has timed out
Dudusever: folds 
ChasesAces21 has timed out
ChasesAces21: folds 
Leo160886: folds 
Mordok1991: raises $0.02 to $0.04
dboulay1979: folds 
JoacoCu: folds 
prizrak_162: folds 
Dorex2007: calls $0.02
*** FLOP *** [Ts Kc Qc]
Dorex2007: bets $0.09
Mordok1991: calls $0.09
*** TURN *** [Ts Kc Qc] [5c]
Dorex2007: bets $0.13
Mordok1991: folds 
Uncalled bet ($0.13) returned to Dorex2007
Dorex2007 collected $0.26 from pot
*** SUMMARY ***
Total pot $0.27 | Rake $0.01 
Board [Ts Kc Qc 5c]
Seat 1: Mordok1991 folded on the Turn
Seat 2: dboulay1979 folded before Flop (didn't bet)
Seat 3: JoacoCu (button) folded before Flop (didn't bet)
Seat 4: prizrak_162 (small blind) folded before Flop
Seat 5: Dorex2007 (big blind) collected ($0.26)
Seat 6: Dudusever folded before Flop (didn't bet)
Seat 7: ChasesAces21 folded before Flop (didn't bet)
Seat 8: Leo160886 folded before Flop (didn't bet)



PokerStars Hand #237342886696:  Hold'em No Limit ($0.01/$0.02 USD) - 2022/07/13 15:24:32 PT [2022/07/13 18:24:32 ET]
Table 'Juvisia III' 9-max Seat #4 is the button
Seat 1: Mordok1991 ($2.25 in chips) 
Seat 2: dboulay1979 ($3.16 in chips) 
Seat 3: JoacoCu ($2.44 in chips) 
Seat 4: prizrak_162 ($0.97 in chips) 
Seat 5: Dorex2007 ($2.36 in chips) 
Seat 6: Dudusever ($2 in chips) 
Seat 7: ChasesAces21 ($2.26 in chips) 
Seat 8: Leo160886 ($1.22 in chips) 
Dorex2007: posts small blind $0.01
Dudusever: posts big blind $0.02
bispo7: sits out 
*** HOLE CARDS ***
Dealt to Dorex2007 [3h Ks]
ChasesAces21 has timed out
ChasesAces21: folds 
Leo160886: calls $0.02
Mordok1991: raises $0.02 to $0.04
dboulay1979: calls $0.04
JoacoCu: folds 
prizrak_162: folds 
Dorex2007: folds 
Dudusever: folds 
Leo160886: calls $0.02
*** FLOP *** [9h As Td]
Leo160886: checks 
ChasesAces21 is disconnected 
Mordok1991: bets $0.06
dboulay1979: folds 
Leo160886: calls $0.06
*** TURN *** [9h As Td] [Jd]
Leo160886: checks 
Mordok1991: bets $2.15 and is all-in
Leo160886: folds 
Uncalled bet ($2.15) returned to Mordok1991
Mordok1991 collected $0.26 from pot
*** SUMMARY ***
Total pot $0.27 | Rake $0.01 
Board [9h As Td Jd]
Seat 1: Mordok1991 collected ($0.26)
Seat 2: dboulay1979 folded on the Flop
Seat 3: JoacoCu folded before Flop (didn't bet)
Seat 4: prizrak_162 (button) folded before Flop (didn't bet)
Seat 5: Dorex2007 (small blind) folded before Flop
Seat 6: Dudusever (big blind) folded before Flop
Seat 7: ChasesAces21 folded before Flop (didn't bet)
Seat 8: Leo160886 folded on the Turn



PokerStars Hand #237342913339:  Hold'em No Limit ($0.01/$0.02 USD) - 2022/07/13 15:25:58 PT [2022/07/13 18:25:58 ET]
Table 'Juvisia III' 9-max Seat #5 is the button
Seat 1: Mordok1991 ($2.41 in chips) 
Seat 2: dboulay1979 ($3.12 in chips) 
Seat 3: JoacoCu ($2.44 in chips) 
Seat 4: prizrak_162 ($0.97 in chips) 
Seat 5: Dorex2007 ($2.35 in chips) 
Seat 6: Dudusever ($1.98 in chips) 
Seat 7: ChasesAces21 ($2.26 in chips) 
Seat 8: Leo160886 ($1.12 in chips) 
Dudusever: posts small blind $0.01
ChasesAces21: posts big blind $0.02
bispo7: sits out 
*** HOLE CARDS ***
Dealt to Dorex2007 [Qs Ah]
Leo160886: folds 
Mordok1991: raises $0.02 to $0.04
dboulay1979: folds 
JoacoCu: folds 
prizrak_162: folds 
Dorex2007: calls $0.04
Dudusever: calls $0.03
ChasesAces21: folds 
*** FLOP *** [2c As Kc]
Dudusever: checks 
Mordok1991: bets $0.02
Dorex2007: raises $0.10 to $0.12
Dudusever: calls $0.12
Mordok1991: calls $0.10
*** TURN *** [2c As Kc] [6c]
Dudusever: checks 
Mordok1991: checks 
Dorex2007: checks 
*** RIVER *** [2c As Kc 6c] [2h]
Dudusever: checks 
Mordok1991: checks 
Dorex2007: checks 
*** SHOW DOWN ***
Dudusever: shows [Jh Kd] (two pair, Kings and Deuces)
Mordok1991: mucks hand 
Dorex2007: shows [Qs Ah] (two pair, Aces and Deuces)
Dorex2007 collected $0.48 from pot
*** SUMMARY ***
Total pot $0.50 | Rake $0.02 
Board [2c As Kc 6c 2h]
Seat 1: Mordok1991 mucked [Jd 8h]
Seat 2: dboulay1979 folded before Flop (didn't bet)
Seat 3: JoacoCu folded before Flop (didn't bet)
Seat 4: prizrak_162 folded before Flop (didn't bet)
Seat 5: Dorex2007 (button) showed [Qs Ah] and won ($0.48) with two pair, Aces and Deuces
Seat 6: Dudusever (small blind) showed [Jh Kd] and lost with two pair, Kings and Deuces
Seat 7: ChasesAces21 (big blind) folded before Flop
Seat 8: Leo160886 folded before Flop (didn't bet)



PokerStars Hand #237342934803:  Hold'em No Limit ($0.01/$0.02 USD) - 2022/07/13 15:27:08 PT [2022/07/13 18:27:08 ET]
Table 'Juvisia III' 9-max Seat #6 is the button
Seat 1: Mordok1991 ($2.25 in chips) 
Seat 2: dboulay1979 ($3.12 in chips) 
Seat 3: JoacoCu ($2.44 in chips) 
Seat 4: prizrak_162 ($0.97 in chips) 
Seat 5: Dorex2007 ($2.67 in chips) 
Seat 6: Dudusever ($1.82 in chips) 
Seat 7: ChasesAces21 ($2.24 in chips) 
Seat 8: Leo160886 ($1.12 in chips) 
ChasesAces21: posts small blind $0.01
Leo160886: posts big blind $0.02
bispo7: sits out 
*** HOLE CARDS ***
Dealt to Dorex2007 [4d 9s]
Mordok1991 has timed out
Mordok1991: folds 
Mordok1991 is disconnected 
dboulay1979: raises $0.04 to $0.06
JoacoCu: folds 
prizrak_162: folds 
Dorex2007: folds 
Dudusever: folds 
ChasesAces21: calls $0.05
Leo160886: folds 
*** FLOP *** [Th 8d Qd]
ChasesAces21 is connected 
ChasesAces21: checks 
dboulay1979: checks 
*** TURN *** [Th 8d Qd] [Jh]
ChasesAces21: bets $0.09
dboulay1979: calls $0.09
*** RIVER *** [Th 8d Qd Jh] [7c]
ChasesAces21: bets $0.14
dboulay1979: calls $0.14
*** SHOW DOWN ***
ChasesAces21: shows [Ad 9d] (a straight, Eight to Queen)
dboulay1979: mucks hand 
ChasesAces21 collected $0.58 from pot
*** SUMMARY ***
Total pot $0.60 | Rake $0.02 
Board [Th 8d Qd Jh 7c]
Seat 1: Mordok1991 folded before Flop (didn't bet)
Seat 2: dboulay1979 mucked [Js Qs]
Seat 3: JoacoCu folded before Flop (didn't bet)
Seat 4: prizrak_162 folded before Flop (didn't bet)
Seat 5: Dorex2007 folded before Flop (didn't bet)
Seat 6: Dudusever (button) folded before Flop (didn't bet)
Seat 7: ChasesAces21 (small blind) showed [Ad 9d] and won ($0.58) with a straight, Eight to Queen
Seat 8: Leo160886 (big blind) folded before Flop



PokerStars Hand #237342956982:  Hold'em No Limit ($0.01/$0.02 USD) - 2022/07/13 15:28:05 PT [2022/07/13 18:28:05 ET]
Table 'Juvisia III' 9-max Seat #7 is the button
Seat 2: dboulay1979 ($2.83 in chips) 
Seat 3: JoacoCu ($2.44 in chips) 
Seat 4: prizrak_162 ($0.97 in chips) 
Seat 5: Dorex2007 ($2.67 in chips) 
Seat 6: Dudusever ($1.82 in chips) 
Seat 7: ChasesAces21 ($2.53 in chips) 
Seat 8: Leo160886 ($1.10 in chips) 
Seat 9: bispo7 ($0.80 in chips) 
Leo160886: posts small blind $0.01
bispo7: posts big blind $0.02
*** HOLE CARDS ***
Dealt to Dorex2007 [2h Jh]
dboulay1979: folds 
JoacoCu: folds 
prizrak_162: folds 
Dorex2007: folds 
Dudusever: folds 
ChasesAces21: raises $0.04 to $0.06
Leo160886: folds 
bispo7: raises $0.16 to $0.22
ChasesAces21: folds 
Uncalled bet ($0.16) returned to bispo7
bispo7 collected $0.13 from pot
*** SUMMARY ***
Total pot $0.13 | Rake $0 
Seat 2: dboulay1979 folded before Flop (didn't bet)
Seat 3: JoacoCu folded before Flop (didn't bet)
Seat 4: prizrak_162 folded before Flop (didn't bet)
Seat 5: Dorex2007 folded before Flop (didn't bet)
Seat 6: Dudusever folded before Flop (didn't bet)
Seat 7: ChasesAces21 (button) folded before Flop
Seat 8: Leo160886 (small blind) folded before Flop
Seat 9: bispo7 (big blind) collected ($0.13)



PokerStars Hand #237342967208:  Hold'em No Limit ($0.01/$0.02 USD) - 2022/07/13 15:28:38 PT [2022/07/13 18:28:38 ET]
Table 'Juvisia III' 9-max Seat #8 is the button
Seat 2: dboulay1979 ($2.83 in chips) 
Seat 3: JoacoCu ($2.44 in chips) 
Seat 4: prizrak_162 ($0.97 in chips) 
Seat 5: Dorex2007 ($2.67 in chips) 
Seat 6: Dudusever ($1.82 in chips) 
Seat 7: ChasesAces21 ($2.47 in chips) 
Seat 8: Leo160886 ($1.09 in chips) 
Seat 9: bispo7 ($0.87 in chips) 
bispo7: posts small blind $0.01
dboulay1979: posts big blind $0.02
*** HOLE CARDS ***
Dealt to Dorex2007 [9c 2c]
JoacoCu: folds 
prizrak_162: folds 
Dorex2007: folds 
Dudusever: calls $0.02
ChasesAces21: folds 
Leo160886: folds 
bispo7: calls $0.01
dboulay1979: checks 
*** FLOP *** [4h 7d 2h]
bispo7: checks 
dboulay1979: checks 
Dudusever: bets $0.08
bispo7: folds 
dboulay1979: folds 
Uncalled bet ($0.08) returned to Dudusever
Dudusever collected $0.06 from pot
*** SUMMARY ***
Total pot $0.06 | Rake $0 
Board [4h 7d 2h]
Seat 2: dboulay1979 (big blind) folded on the Flop
Seat 3: JoacoCu folded before Flop (didn't bet)
Seat 4: prizrak_162 folded before Flop (didn't bet)
Seat 5: Dorex2007 folded before Flop (didn't bet)
Seat 6: Dudusever collected ($0.06)
Seat 7: ChasesAces21 folded before Flop (didn't bet)
Seat 8: Leo160886 (button) folded before Flop (didn't bet)
Seat 9: bispo7 (small blind) folded on the Flop



PokerStars Hand #237342983156:  Hold'em No Limit ($0.01/$0.02 USD) - 2022/07/13 15:29:30 PT [2022/07/13 18:29:30 ET]
Table 'Juvisia III' 9-max Seat #9 is the button
Seat 2: dboulay1979 ($2.81 in chips) 
Seat 3: JoacoCu ($2.44 in chips) 
Seat 4: prizrak_162 ($0.97 in chips) 
Seat 5: Dorex2007 ($2.67 in chips) 
Seat 6: Dudusever ($1.86 in chips) 
Seat 7: ChasesAces21 ($2.47 in chips) 
Seat 8: Leo160886 ($1.09 in chips) 
Seat 9: bispo7 ($0.85 in chips) 
dboulay1979: posts small blind $0.01
JoacoCu: posts big blind $0.02
*** HOLE CARDS ***
Dealt to Dorex2007 [Kd 7h]
prizrak_162: folds 
Dorex2007: folds 
Dudusever: folds 
ChasesAces21: raises $0.04 to $0.06
Leo160886: folds 
bispo7: folds 
dboulay1979: folds 
JoacoCu: folds 
Uncalled bet ($0.04) returned to ChasesAces21
ChasesAces21 collected $0.05 from pot
*** SUMMARY ***
Total pot $0.05 | Rake $0 
Seat 2: dboulay1979 (small blind) folded before Flop
Seat 3: JoacoCu (big blind) folded before Flop
Seat 4: prizrak_162 folded before Flop (didn't bet)
Seat 5: Dorex2007 folded before Flop (didn't bet)
Seat 6: Dudusever folded before Flop (didn't bet)
Seat 7: ChasesAces21 collected ($0.05)
Seat 8: Leo160886 folded before Flop (didn't bet)
Seat 9: bispo7 (button) folded before Flop (didn't bet)



PokerStars Hand #237342995445:  Hold'em No Limit ($0.01/$0.02 USD) - 2022/07/13 15:30:10 PT [2022/07/13 18:30:10 ET]
Table 'Juvisia III' 9-max Seat #2 is the button
Seat 2: dboulay1979 ($2.80 in chips) 
Seat 3: JoacoCu ($2.42 in chips) 
Seat 4: prizrak_162 ($0.97 in chips) 
Seat 5: Dorex2007 ($2.67 in chips) 
Seat 6: Dudusever ($1.86 in chips) 
Seat 7: ChasesAces21 ($2.50 in chips) 
Seat 8: Leo160886 ($1.09 in chips) 
Seat 9: bispo7 ($0.85 in chips) 
JoacoCu: posts small blind $0.01
prizrak_162: posts big blind $0.02
*** HOLE CARDS ***
Dealt to Dorex2007 [Ts Kc]
Dorex2007: calls $0.02
Dudusever: raises $0.06 to $0.08
ChasesAces21: folds 
Leo160886: folds 
bispo7: raises $0.21 to $0.29
dboulay1979: folds 
JoacoCu: folds 
prizrak_162: folds 
Dorex2007: folds 
Dudusever: folds 
Uncalled bet ($0.21) returned to bispo7
bispo7 collected $0.21 from pot
*** SUMMARY ***
Total pot $0.21 | Rake $0 
Seat 2: dboulay1979 (button) folded before Flop (didn't bet)
Seat 3: JoacoCu (small blind) folded before Flop
Seat 4: prizrak_162 (big blind) folded before Flop
Seat 5: Dorex2007 folded before Flop
Seat 6: Dudusever folded before Flop
Seat 7: ChasesAces21 folded before Flop (didn't bet)
Seat 8: Leo160886 folded before Flop (didn't bet)
Seat 9: bispo7 collected ($0.21)



PokerStars Hand #237343007353:  Hold'em No Limit ($0.01/$0.02 USD) - 2022/07/13 15:30:48 PT [2022/07/13 18:30:48 ET]
Table 'Juvisia III' 9-max Seat #3 is the button
Seat 1: Mordok1991 ($2.25 in chips) 
Seat 2: dboulay1979 ($2.80 in chips) 
Seat 3: JoacoCu ($2.41 in chips) 
Seat 4: prizrak_162 ($0.95 in chips) 
Seat 5: Dorex2007 ($2.65 in chips) 
Seat 6: Dudusever ($1.78 in chips) 
Seat 7: ChasesAces21 ($2.50 in chips) 
Seat 8: Leo160886 ($1.09 in chips) 
Seat 9: bispo7 ($0.98 in chips) 
prizrak_162: posts small blind $0.01
Dorex2007: posts big blind $0.02
Mordok1991: posts small & big blinds $0.03
*** HOLE CARDS ***
Dealt to Dorex2007 [4d Jh]
Dudusever: folds 
ChasesAces21: folds 
Leo160886: folds 
bispo7: folds 
Mordok1991: raises $0.02 to $0.04
dboulay1979: folds 
JoacoCu: folds 
prizrak_162: folds 
Dorex2007: folds 
Uncalled bet ($0.02) returned to Mordok1991
Mordok1991 collected $0.06 from pot
*** SUMMARY ***
Total pot $0.06 | Rake $0 
Seat 1: Mordok1991 collected ($0.06)
Seat 2: dboulay1979 folded before Flop (didn't bet)
Seat 3: JoacoCu (button) folded before Flop (didn't bet)
Seat 4: prizrak_162 (small blind) folded before Flop
Seat 5: Dorex2007 (big blind) folded before Flop
Seat 6: Dudusever folded before Flop (didn't bet)
Seat 7: ChasesAces21 folded before Flop (didn't bet)
Seat 8: Leo160886 folded before Flop (didn't bet)
Seat 9: bispo7 folded before Flop (didn't bet)



PokerStars Hand #237343015435:  Hold'em No Limit ($0.01/$0.02 USD) - 2022/07/13 15:31:13 PT [2022/07/13 18:31:13 ET]
Table 'Juvisia III' 9-max Seat #4 is the button
Seat 1: Mordok1991 ($2.28 in chips) 
Seat 2: dboulay1979 ($2.80 in chips) 
Seat 3: JoacoCu ($2.41 in chips) 
Seat 4: prizrak_162 ($0.94 in chips) 
Seat 5: Dorex2007 ($2.63 in chips) 
Seat 6: Dudusever ($1.78 in chips) 
Seat 7: ChasesAces21 ($2.50 in chips) 
Seat 8: Leo160886 ($1.09 in chips) 
Seat 9: bispo7 ($0.98 in chips) 
Dorex2007: posts small blind $0.01
Dudusever: posts big blind $0.02
*** HOLE CARDS ***
Dealt to Dorex2007 [Qc 4h]
ChasesAces21: folds 
Leo160886: folds 
ChasesAces21 leaves the table
bispo7: raises $0.06 to $0.08
Mordok1991: raises $0.06 to $0.14
dboulay1979: folds 
JoacoCu: folds 
prizrak_162: folds 
Dorex2007: folds 
Dudusever: folds 
bispo7: calls $0.06
*** FLOP *** [5s Jh 6d]
bispo7: checks 
0kDen joins the table at seat #7 
Mordok1991: bets $0.10
bispo7: raises $0.20 to $0.30
Mordok1991: calls $0.20
*** TURN *** [5s Jh 6d] [7s]
bispo7: bets $0.54 and is all-in
Mordok1991: calls $0.54
*** RIVER *** [5s Jh 6d 7s] [Ts]
*** SHOW DOWN ***
bispo7: shows [Jd Ad] (a pair of Jacks)
Mordok1991: shows [4s Js] (a flush, Jack high)
Mordok1991 collected $1.90 from pot
*** SUMMARY ***
Total pot $1.99 | Rake $0.09 
Board [5s Jh 6d 7s Ts]
Seat 1: Mordok1991 showed [4s Js] and won ($1.90) with a flush, Jack high
Seat 2: dboulay1979 folded before Flop (didn't bet)
Seat 3: JoacoCu folded before Flop (didn't bet)
Seat 4: prizrak_162 (button) folded before Flop (didn't bet)
Seat 5: Dorex2007 (small blind) folded before Flop
Seat 6: Dudusever (big blind) folded before Flop
Seat 7: ChasesAces21 folded before Flop (didn't bet)
Seat 8: Leo160886 folded before Flop (didn't bet)
Seat 9: bispo7 showed [Jd Ad] and lost with a pair of Jacks



PokerStars Hand #237343037827:  Hold'em No Limit ($0.01/$0.02 USD) - 2022/07/13 15:32:25 PT [2022/07/13 18:32:25 ET]
Table 'Juvisia III' 9-max Seat #5 is the button
Seat 1: Mordok1991 ($3.20 in chips) 
Seat 2: dboulay1979 ($2.80 in chips) 
Seat 3: JoacoCu ($2.41 in chips) 
Seat 4: prizrak_162 ($0.94 in chips) 
Seat 5: Dorex2007 ($2.62 in chips) 
Seat 6: Dudusever ($1.76 in chips) 
Seat 7: 0kDen ($0.80 in chips) 
Seat 8: Leo160886 ($1.09 in chips) 
Seat 9: bispo7 ($0.80 in chips) 
Dudusever: posts small blind $0.01
0kDen: posts big blind $0.02
*** HOLE CARDS ***
Dealt to Dorex2007 [Th 9s]
Leo160886: folds 
bispo7: folds 
Mordok1991: raises $0.08 to $0.10
dboulay1979: folds 
JoacoCu: folds 
prizrak_162: folds 
Dorex2007: folds 
Dudusever: calls $0.09
0kDen: calls $0.08
*** FLOP *** [7h 8s 7s]
Dudusever: checks 
0kDen: checks 
Mordok1991: checks 
*** TURN *** [7h 8s 7s] [5d]
Dudusever: checks 
0kDen: checks 
Mordok1991: checks 
*** RIVER *** [7h 8s 7s 5d] [Kh]
Dudusever: checks 
0kDen: checks 
Mordok1991: bets $0.20
Dudusever: folds 
0kDen: calls $0.20
*** SHOW DOWN ***
Mordok1991: shows [Kd Td] (two pair, Kings and Sevens)
0kDen: mucks hand 
Mordok1991 collected $0.68 from pot
*** SUMMARY ***
Total pot $0.70 | Rake $0.02 
Board [7h 8s 7s 5d Kh]
Seat 1: Mordok1991 showed [Kd Td] and won ($0.68) with two pair, Kings and Sevens
Seat 2: dboulay1979 folded before Flop (didn't bet)
Seat 3: JoacoCu folded before Flop (didn't bet)
Seat 4: prizrak_162 folded before Flop (didn't bet)
Seat 5: Dorex2007 (button) folded before Flop (didn't bet)
Seat 6: Dudusever (small blind) folded on the River
Seat 7: 0kDen (big blind) mucked [2c 2s]
Seat 8: Leo160886 folded before Flop (didn't bet)
Seat 9: bispo7 folded before Flop (didn't bet)



PokerStars Hand #237343058341:  Hold'em No Limit ($0.01/$0.02 USD) - 2022/07/13 15:33:29 PT [2022/07/13 18:33:29 ET]
Table 'Juvisia III' 9-max Seat #6 is the button
Seat 1: Mordok1991 ($3.58 in chips) 
Seat 2: dboulay1979 ($2.80 in chips) 
Seat 3: JoacoCu ($2.41 in chips) 
Seat 4: prizrak_162 ($0.94 in chips) 
Seat 5: Dorex2007 ($2.62 in chips) 
Seat 6: Dudusever ($1.66 in chips) 
Seat 7: 0kDen ($0.50 in chips) 
Seat 8: Leo160886 ($1.09 in chips) 
Seat 9: bispo7 ($0.80 in chips) 
0kDen: posts small blind $0.01
Leo160886: posts big blind $0.02
*** HOLE CARDS ***
Dealt to Dorex2007 [Ah Jd]
bispo7: folds 
Mordok1991: raises $0.02 to $0.04
dboulay1979: folds 
JoacoCu: folds 
prizrak_162: folds 
Dorex2007: calls $0.04
Dudusever: folds 
0kDen: raises $0.02 to $0.06
Leo160886: folds 
Mordok1991: raises $0.02 to $0.08
Dorex2007: calls $0.04
0kDen: calls $0.02
*** FLOP *** [Qs 2d Tc]
0kDen: checks 
Mordok1991: checks 
Dorex2007: bets $0.12
0kDen: folds 
Mordok1991: folds 
Uncalled bet ($0.12) returned to Dorex2007
Dorex2007 collected $0.25 from pot
*** SUMMARY ***
Total pot $0.26 | Rake $0.01 
Board [Qs 2d Tc]
Seat 1: Mordok1991 folded on the Flop
Seat 2: dboulay1979 folded before Flop (didn't bet)
Seat 3: JoacoCu folded before Flop (didn't bet)
Seat 4: prizrak_162 folded before Flop (didn't bet)
Seat 5: Dorex2007 collected ($0.25)
Seat 6: Dudusever (button) folded before Flop (didn't bet)
Seat 7: 0kDen (small blind) folded on the Flop
Seat 8: Leo160886 (big blind) folded before Flop
Seat 9: bispo7 folded before Flop (didn't bet)



PokerStars Hand #237343074047:  Hold'em No Limit ($0.01/$0.02 USD) - 2022/07/13 15:34:19 PT [2022/07/13 18:34:19 ET]
Table 'Juvisia III' 9-max Seat #7 is the button
Seat 1: Mordok1991 ($3.50 in chips) 
Seat 2: dboulay1979 ($2.80 in chips) 
Seat 3: JoacoCu ($2.41 in chips) 
Seat 4: prizrak_162 ($0.94 in chips) 
Seat 5: Dorex2007 ($2.79 in chips) 
Seat 6: Dudusever ($1.66 in chips) 
Seat 7: 0kDen ($0.42 in chips) 
Seat 8: Leo160886 ($1.07 in chips) 
Seat 9: bispo7 ($0.80 in chips) 
Leo160886: posts small blind $0.01
bispo7: posts big blind $0.02
*** HOLE CARDS ***
Dealt to Dorex2007 [9s Ah]
Mordok1991: raises $0.18 to $0.20
dboulay1979: folds 
JoacoCu: folds 
prizrak_162: folds 
Dorex2007: folds 
Dudusever: calls $0.20
0kDen: folds 
Leo160886: folds 
bispo7: folds 
*** FLOP *** [Kd 2s 5d]
Mordok1991: bets $0.10
Dudusever: calls $0.10
*** TURN *** [Kd 2s 5d] [Ks]
Mordok1991: bets $0.20
Dudusever: calls $0.20
*** RIVER *** [Kd 2s 5d Ks] [Jc]
Mordok1991: bets $1.16
Dudusever: folds 
Uncalled bet ($1.16) returned to Mordok1991
Mordok1991 collected $0.98 from pot
*** SUMMARY ***
Total pot $1.03 | Rake $0.05 
Board [Kd 2s 5d Ks Jc]
Seat 1: Mordok1991 collected ($0.98)
Seat 2: dboulay1979 folded before Flop (didn't bet)
Seat 3: JoacoCu folded before Flop (didn't bet)
Seat 4: prizrak_162 folded before Flop (didn't bet)
Seat 5: Dorex2007 folded before Flop (didn't bet)
Seat 6: Dudusever folded on the River
Seat 7: 0kDen (button) folded before Flop (didn't bet)
Seat 8: Leo160886 (small blind) folded before Flop
Seat 9: bispo7 (big blind) folded before Flop



PokerStars Hand #237343117977:  Hold'em No Limit ($0.01/$0.02 USD) - 2022/07/13 15:35:54 PT [2022/07/13 18:35:54 ET]
Table 'Juvisia III' 9-max Seat #8 is the button
Seat 1: Mordok1991 ($3.98 in chips) 
Seat 2: dboulay1979 ($2.80 in chips) 
Seat 3: JoacoCu ($2.41 in chips) 
Seat 4: prizrak_162 ($0.94 in chips) 
Seat 5: Dorex2007 ($2.79 in chips) 
Seat 6: Dudusever ($1.16 in chips) 
Seat 7: 0kDen ($0.42 in chips) 
Seat 8: Leo160886 ($1.06 in chips) 
Seat 9: bispo7 ($0.78 in chips) 
bispo7: posts small blind $0.01
Mordok1991: posts big blind $0.02
*** HOLE CARDS ***
Dealt to Dorex2007 [6d As]
dboulay1979: folds 
JoacoCu: folds 
prizrak_162: folds 
Dorex2007: folds 
Dudusever: folds 
0kDen: raises $0.02 to $0.04
Leo160886: folds 
bispo7: folds 
Mordok1991: calls $0.02
*** FLOP *** [5h Qc 8c]
Mordok1991: checks 
0kDen: checks 
*** TURN *** [5h Qc 8c] [Ac]
Mordok1991: checks 
0kDen: bets $0.04
Mordok1991: calls $0.04
*** RIVER *** [5h Qc 8c Ac] [2s]
Mordok1991: checks 
0kDen: bets $0.16
Mordok1991: folds 
Uncalled bet ($0.16) returned to 0kDen
0kDen collected $0.16 from pot
*** SUMMARY ***
Total pot $0.17 | Rake $0.01 
Board [5h Qc 8c Ac 2s]
Seat 1: Mordok1991 (big blind) folded on the River
Seat 2: dboulay1979 folded before Flop (didn't bet)
Seat 3: JoacoCu folded before Flop (didn't bet)
Seat 4: prizrak_162 folded before Flop (didn't bet)
Seat 5: Dorex2007 folded before Flop (didn't bet)
Seat 6: Dudusever folded before Flop (didn't bet)
Seat 7: 0kDen collected ($0.16)
Seat 8: Leo160886 (button) folded before Flop (didn't bet)
Seat 9: bispo7 (small blind) folded before Flop



PokerStars Hand #237343134796:  Hold'em No Limit ($0.01/$0.02 USD) - 2022/07/13 15:36:47 PT [2022/07/13 18:36:47 ET]
Table 'Juvisia III' 9-max Seat #9 is the button
Seat 1: Mordok1991 ($3.90 in chips) 
Seat 2: dboulay1979 ($2.80 in chips) 
Seat 3: JoacoCu ($2.41 in chips) 
Seat 4: prizrak_162 ($0.94 in chips) 
Seat 5: Dorex2007 ($2.79 in chips) 
Seat 6: Dudusever ($1.96 in chips) 
Seat 7: 0kDen ($0.50 in chips) 
Seat 8: Leo160886 ($1.06 in chips) 
Seat 9: bispo7 ($0.77 in chips) 
Mordok1991: posts small blind $0.01
dboulay1979: posts big blind $0.02
*** HOLE CARDS ***
Dealt to Dorex2007 [4c 6s]
JoacoCu: folds 
prizrak_162: calls $0.02
Dorex2007: folds 
Dudusever: calls $0.02
0kDen: calls $0.02
Leo160886: folds 
bispo7: folds 
Mordok1991: calls $0.01
dboulay1979: checks 
*** FLOP *** [9s Qc 5d]
Mordok1991: bets $0.10
dboulay1979: folds 
prizrak_162: folds 
Dudusever: folds 
0kDen: folds 
Uncalled bet ($0.10) returned to Mordok1991
Mordok1991 collected $0.10 from pot
*** SUMMARY ***
Total pot $0.10 | Rake $0 
Board [9s Qc 5d]
Seat 1: Mordok1991 (small blind) collected ($0.10)
Seat 2: dboulay1979 (big blind) folded on the Flop
Seat 3: JoacoCu folded before Flop (didn't bet)
Seat 4: prizrak_162 folded on the Flop
Seat 5: Dorex2007 folded before Flop (didn't bet)
Seat 6: Dudusever folded on the Flop
Seat 7: 0kDen folded on the Flop
Seat 8: Leo160886 folded before Flop (didn't bet)
Seat 9: bispo7 (button) folded before Flop (didn't bet)



PokerStars Hand #237343150548:  Hold'em No Limit ($0.01/$0.02 USD) - 2022/07/13 15:37:38 PT [2022/07/13 18:37:38 ET]
Table 'Juvisia III' 9-max Seat #1 is the button
Seat 1: Mordok1991 ($3.98 in chips) 
Seat 2: dboulay1979 ($2.78 in chips) 
Seat 3: JoacoCu ($2.41 in chips) 
Seat 4: prizrak_162 ($0.92 in chips) 
Seat 5: Dorex2007 ($2.79 in chips) 
Seat 6: Dudusever ($1.94 in chips) 
Seat 7: 0kDen ($0.48 in chips) 
Seat 8: Leo160886 ($1.06 in chips) 
Seat 9: bispo7 ($0.77 in chips) 
dboulay1979: posts small blind $0.01
JoacoCu: posts big blind $0.02
*** HOLE CARDS ***
Dealt to Dorex2007 [Ac 9d]
prizrak_162: folds 
Dorex2007: folds 
Dudusever: folds 
0kDen: folds 
Leo160886: folds 
bispo7: folds 
Mordok1991: raises $0.02 to $0.04
dboulay1979: folds 
JoacoCu: folds 
Uncalled bet ($0.02) returned to Mordok1991
Mordok1991 collected $0.05 from pot
*** SUMMARY ***
Total pot $0.05 | Rake $0 
Seat 1: Mordok1991 (button) collected ($0.05)
Seat 2: dboulay1979 (small blind) folded before Flop
Seat 3: JoacoCu (big blind) folded before Flop
Seat 4: prizrak_162 folded before Flop (didn't bet)
Seat 5: Dorex2007 folded before Flop (didn't bet)
Seat 6: Dudusever folded before Flop (didn't bet)
Seat 7: 0kDen folded before Flop (didn't bet)
Seat 8: Leo160886 folded before Flop (didn't bet)
Seat 9: bispo7 folded before Flop (didn't bet)



PokerStars Hand #237343162468:  Hold'em No Limit ($0.01/$0.02 USD) - 2022/07/13 15:38:17 PT [2022/07/13 18:38:17 ET]
Table 'Juvisia III' 9-max Seat #2 is the button
Seat 1: Mordok1991 ($4.01 in chips) 
Seat 2: dboulay1979 ($2.77 in chips) 
Seat 3: JoacoCu ($2.39 in chips) 
Seat 4: prizrak_162 ($0.92 in chips) 
Seat 5: Dorex2007 ($2.79 in chips) 
Seat 6: Dudusever ($1.94 in chips) 
Seat 7: 0kDen ($0.48 in chips) 
Seat 8: Leo160886 ($1.06 in chips) 
Seat 9: bispo7 ($0.77 in chips) 
JoacoCu: posts small blind $0.01
prizrak_162: posts big blind $0.02
*** HOLE CARDS ***
Dealt to Dorex2007 [6h Kc]
Mordok1991 is disconnected 
Dorex2007 has timed out
Dorex2007: folds 
Dudusever: folds 
0kDen: raises $0.05 to $0.07
Leo160886: folds 
bispo7: folds 
Mordok1991 has timed out while disconnected
Mordok1991: folds 
dboulay1979: calls $0.07
JoacoCu: folds 
prizrak_162: folds 
*** FLOP *** [Kd 5h 6c]
0kDen: bets $0.08
dboulay1979: folds 
Uncalled bet ($0.08) returned to 0kDen
0kDen collected $0.16 from pot
*** SUMMARY ***
Total pot $0.17 | Rake $0.01 
Board [Kd 5h 6c]
Seat 1: Mordok1991 folded before Flop (didn't bet)
Seat 2: dboulay1979 (button) folded on the Flop
Seat 3: JoacoCu (small blind) folded before Flop
Seat 4: prizrak_162 (big blind) folded before Flop
Seat 5: Dorex2007 folded before Flop (didn't bet)
Seat 6: Dudusever folded before Flop (didn't bet)
Seat 7: 0kDen collected ($0.16)
Seat 8: Leo160886 folded before Flop (didn't bet)
Seat 9: bispo7 folded before Flop (didn't bet)



PokerStars Hand #237343177439:  Hold'em No Limit ($0.01/$0.02 USD) - 2022/07/13 15:39:06 PT [2022/07/13 18:39:06 ET]
Table 'Juvisia III' 9-max Seat #3 is the button
Seat 2: dboulay1979 ($2.70 in chips) 
Seat 3: JoacoCu ($2.38 in chips) 
Seat 4: prizrak_162 ($0.90 in chips) 
Seat 5: Dorex2007 ($2.79 in chips) 
Seat 6: Dudusever ($1.94 in chips) 
Seat 7: 0kDen ($0.57 in chips) 
Seat 8: Leo160886 ($1.06 in chips) 
Seat 9: bispo7 ($0.77 in chips) 
prizrak_162: posts small blind $0.01
Dorex2007: posts big blind $0.02
*** HOLE CARDS ***
Dealt to Dorex2007 [Td 2s]
Dudusever has timed out
Dudusever: folds 
0kDen: raises $0.05 to $0.07
Leo160886: folds 
bispo7: folds 
dboulay1979: folds 
JoacoCu: calls $0.07
prizrak_162: folds 
Dorex2007: folds 
*** FLOP *** [Kh 8c Tc]
0kDen: bets $0.06
JoacoCu: folds 
Uncalled bet ($0.06) returned to 0kDen
0kDen collected $0.16 from pot
*** SUMMARY ***
Total pot $0.17 | Rake $0.01 
Board [Kh 8c Tc]
Seat 2: dboulay1979 folded before Flop (didn't bet)
Seat 3: JoacoCu (button) folded on the Flop
Seat 4: prizrak_162 (small blind) folded before Flop
Seat 5: Dorex2007 (big blind) folded before Flop
Seat 6: Dudusever folded before Flop (didn't bet)
Seat 7: 0kDen collected ($0.16)
Seat 8: Leo160886 folded before Flop (didn't bet)
Seat 9: bispo7 folded before Flop (didn't bet)



PokerStars Hand #237343187971:  Hold'em No Limit ($0.01/$0.02 USD) - 2022/07/13 15:39:40 PT [2022/07/13 18:39:40 ET]
Table 'Juvisia III' 9-max Seat #4 is the button
Seat 2: dboulay1979 ($2.70 in chips) 
Seat 3: JoacoCu ($2.31 in chips) 
Seat 4: prizrak_162 ($0.89 in chips) 
Seat 5: Dorex2007 ($2.77 in chips) 
Seat 6: Dudusever ($1.94 in chips) 
Seat 7: 0kDen ($0.66 in chips) 
Seat 8: Leo160886 ($1.06 in chips) 
Seat 9: bispo7 ($0.77 in chips) 
Dorex2007: posts small blind $0.01
Dudusever: posts big blind $0.02
*** HOLE CARDS ***
Dealt to Dorex2007 [9c 2s]
0kDen: calls $0.02
Leo160886: folds 
bispo7: folds 
dboulay1979: folds 
JoacoCu: folds 
prizrak_162: raises $0.07 to $0.09
Dorex2007: folds 
Dudusever: calls $0.07
0kDen: folds 
*** FLOP *** [8d Jd 3c]
Dudusever: bets $0.10
prizrak_162: calls $0.10
*** TURN *** [8d Jd 3c] [6d]
Dudusever: bets $0.20
prizrak_162: calls $0.20
*** RIVER *** [8d Jd 3c 6d] [2c]
Dudusever: bets $0.39
prizrak_162: raises $0.11 to $0.50 and is all-in
Dudusever: calls $0.11
*** SHOW DOWN ***
prizrak_162: shows [Qd Ac] (high card Ace)
Dudusever: shows [Kd Jh] (a pair of Jacks)
Dudusever collected $1.75 from pot
*** SUMMARY ***
Total pot $1.81 | Rake $0.06 
Board [8d Jd 3c 6d 2c]
Seat 2: dboulay1979 folded before Flop (didn't bet)
Seat 3: JoacoCu folded before Flop (didn't bet)
Seat 4: prizrak_162 (button) showed [Qd Ac] and lost with high card Ace
Seat 5: Dorex2007 (small blind) folded before Flop
Seat 6: Dudusever (big blind) showed [Kd Jh] and won ($1.75) with a pair of Jacks
Seat 7: 0kDen folded before Flop
Seat 8: Leo160886 folded before Flop (didn't bet)
Seat 9: bispo7 folded before Flop (didn't bet)



PokerStars Hand #237343206872:  Hold'em No Limit ($0.01/$0.02 USD) - 2022/07/13 15:40:42 PT [2022/07/13 18:40:42 ET]
Table 'Juvisia III' 9-max Seat #5 is the button
Seat 2: dboulay1979 ($2.70 in chips) 
Seat 3: JoacoCu ($2.31 in chips) 
Seat 5: Dorex2007 ($2.76 in chips) 
Seat 6: Dudusever ($2.80 in chips) 
Seat 7: 0kDen ($0.64 in chips) 
Seat 8: Leo160886 ($1.06 in chips) 
Seat 9: bispo7 ($0.77 in chips) 
Dudusever: posts small blind $0.01
0kDen: posts big blind $0.02
*** HOLE CARDS ***
Dealt to Dorex2007 [2s 5c]
Leo160886: folds 
bispo7: folds 
dboulay1979: folds 
JoacoCu: folds 
Dorex2007: folds 
Dudusever: folds 
Uncalled bet ($0.01) returned to 0kDen
0kDen collected $0.02 from pot
*** SUMMARY ***
Total pot $0.02 | Rake $0 
Seat 2: dboulay1979 folded before Flop (didn't bet)
Seat 3: JoacoCu folded before Flop (didn't bet)
Seat 5: Dorex2007 (button) folded before Flop (didn't bet)
Seat 6: Dudusever (small blind) folded before Flop
Seat 7: 0kDen (big blind) collected ($0.02)
Seat 8: Leo160886 folded before Flop (didn't bet)
Seat 9: bispo7 folded before Flop (didn't bet)



PokerStars Hand #237343211170:  Hold'em No Limit ($0.01/$0.02 USD) - 2022/07/13 15:40:55 PT [2022/07/13 18:40:55 ET]
Table 'Juvisia III' 9-max Seat #6 is the button
Seat 2: dboulay1979 ($2.70 in chips) 
Seat 3: JoacoCu ($2.31 in chips) 
Seat 4: prizrak_162 ($0.80 in chips) 
Seat 5: Dorex2007 ($2.76 in chips) 
Seat 6: Dudusever ($2.79 in chips) 
Seat 7: 0kDen ($0.65 in chips) 
Seat 8: Leo160886 ($1.06 in chips) 
Seat 9: bispo7 ($0.77 in chips) 
0kDen: posts small blind $0.01
Leo160886: posts big blind $0.02
*** HOLE CARDS ***
Dealt to Dorex2007 [Td 4h]
bispo7: folds 
dboulay1979: folds 
JoacoCu: raises $0.06 to $0.08
prizrak_162: folds 
prizrak_162 leaves the table
Dorex2007: folds 
Dudusever: folds 
0kDen: calls $0.07
Leo160886: calls $0.06
*** FLOP *** [5c 4c Jd]
0kDen: bets $0.11
Leo160886: calls $0.11
JoacoCu: raises $0.35 to $0.46
0kDen: raises $0.11 to $0.57 and is all-in
Leo160886: raises $0.41 to $0.98 and is all-in
JoacoCu: calls $0.52
*** TURN *** [5c 4c Jd] [Qd]
*** RIVER *** [5c 4c Jd Qd] [2s]
*** SHOW DOWN ***
Leo160886: shows [5h 5s] (three of a kind, Fives)
JoacoCu: shows [Kh Kd] (a pair of Kings)
Leo160886 collected $0.79 from side pot
0kDen: shows [Js Kc] (a pair of Jacks)
Leo160886 collected $1.88 from main pot
*** SUMMARY ***
Total pot $2.77 Main pot $1.88. Side pot $0.79. | Rake $0.10 
Board [5c 4c Jd Qd 2s]
Seat 2: dboulay1979 folded before Flop (didn't bet)
Seat 3: JoacoCu showed [Kh Kd] and lost with a pair of Kings
Seat 4: prizrak_162 folded before Flop (didn't bet)
Seat 5: Dorex2007 folded before Flop (didn't bet)
Seat 6: Dudusever (button) folded before Flop (didn't bet)
Seat 7: 0kDen (small blind) showed [Js Kc] and lost with a pair of Jacks
Seat 8: Leo160886 (big blind) showed [5h 5s] and won ($2.67) with three of a kind, Fives
Seat 9: bispo7 folded before Flop (didn't bet)



PokerStars Hand #237343240826:  Hold'em No Limit ($0.01/$0.02 USD) - 2022/07/13 15:42:32 PT [2022/07/13 18:42:32 ET]
Table 'Juvisia III' 9-max Seat #8 is the button
Seat 2: dboulay1979 ($2.70 in chips) 
Seat 3: JoacoCu ($2 in chips) 
Seat 5: Dorex2007 ($2.76 in chips) 
Seat 6: Dudusever ($2.79 in chips) 
Seat 8: Leo160886 ($2.67 in chips) 
Seat 9: bispo7 ($0.77 in chips) 
bispo7: posts small blind $0.01
dboulay1979: posts big blind $0.02
*** HOLE CARDS ***
Dealt to Dorex2007 [3c Qc]
JoacoCu: folds 
0kDen leaves the table
Dorex2007: folds 
Dudusever: folds 
Leo160886: folds 
Leo160886 leaves the table
LucasM1313 joins the table at seat #4 
bispo7: folds 
Uncalled bet ($0.01) returned to dboulay1979
dboulay1979 collected $0.02 from pot
*** SUMMARY ***
Total pot $0.02 | Rake $0 
Seat 2: dboulay1979 (big blind) collected ($0.02)
Seat 3: JoacoCu folded before Flop (didn't bet)
Seat 5: Dorex2007 folded before Flop (didn't bet)
Seat 6: Dudusever folded before Flop (didn't bet)
Seat 8: Leo160886 (button) folded before Flop (didn't bet)
Seat 9: bispo7 (small blind) folded before Flop



PokerStars Hand #237343244364:  Hold'em No Limit ($0.01/$0.02 USD) - 2022/07/13 15:42:44 PT [2022/07/13 18:42:44 ET]
Table 'Juvisia III' 9-max Seat #9 is the button
Seat 2: dboulay1979 ($2.71 in chips) 
Seat 3: JoacoCu ($2 in chips) 
Seat 5: Dorex2007 ($2.76 in chips) 
Seat 6: Dudusever ($2.79 in chips) 
Seat 9: bispo7 ($0.76 in chips) 
dboulay1979: posts small blind $0.01
JoacoCu: posts big blind $0.02
LucasM1313: sits out 
*** HOLE CARDS ***
Dealt to Dorex2007 [Qd 8s]
Dorex2007: folds 
Dudusever: folds 
bispo7: folds 
dboulay1979: raises $0.04 to $0.06
JoacoCu: folds 
Uncalled bet ($0.04) returned to dboulay1979
dboulay1979 collected $0.04 from pot
*** SUMMARY ***
Total pot $0.04 | Rake $0 
Seat 2: dboulay1979 (small blind) collected ($0.04)
Seat 3: JoacoCu (big blind) folded before Flop
Seat 5: Dorex2007 folded before Flop (didn't bet)
Seat 6: Dudusever folded before Flop (didn't bet)
Seat 9: bispo7 (button) folded before Flop (didn't bet)



PokerStars Hand #237343250063:  Hold'em No Limit ($0.01/$0.02 USD) - 2022/07/13 15:43:03 PT [2022/07/13 18:43:03 ET]
Table 'Juvisia III' 9-max Seat #2 is the button
Seat 2: dboulay1979 ($2.73 in chips) 
Seat 3: JoacoCu ($2 in chips) 
Seat 4: LucasM1313 ($1.60 in chips) 
Seat 5: Dorex2007 ($2.76 in chips) 
Seat 6: Dudusever ($2.79 in chips) 
Seat 9: bispo7 ($0.76 in chips) 
JoacoCu: posts small blind $0.01
LucasM1313: posts big blind $0.02
*** HOLE CARDS ***
Dealt to Dorex2007 [Ac Ah]
Dorex2007: raises $0.04 to $0.06
Dudusever: folds 
bispo7: folds 
dboulay1979: folds 
JoacoCu: folds 
LucasM1313: folds 
Uncalled bet ($0.04) returned to Dorex2007
Dorex2007 collected $0.05 from pot
*** SUMMARY ***
Total pot $0.05 | Rake $0 
Seat 2: dboulay1979 (button) folded before Flop (didn't bet)
Seat 3: JoacoCu (small blind) folded before Flop
Seat 4: LucasM1313 (big blind) folded before Flop
Seat 5: Dorex2007 collected ($0.05)
Seat 6: Dudusever folded before Flop (didn't bet)
Seat 9: bispo7 folded before Flop (didn't bet)



PokerStars Hand #237343255605:  Hold'em No Limit ($0.01/$0.02 USD) - 2022/07/13 15:43:21 PT [2022/07/13 18:43:21 ET]
Table 'Juvisia III' 9-max Seat #3 is the button
Seat 2: dboulay1979 ($2.73 in chips) 
Seat 3: JoacoCu ($2 in chips) 
Seat 4: LucasM1313 ($1.58 in chips) 
Seat 5: Dorex2007 ($2.79 in chips) 
Seat 6: Dudusever ($2.79 in chips) 
Seat 9: bispo7 ($0.76 in chips) 
LucasM1313: posts small blind $0.01
Dorex2007: posts big blind $0.02
*** HOLE CARDS ***
Dealt to Dorex2007 [Ts Ah]
Dudusever: folds 
bispo7: folds 
dboulay1979: folds 
JoacoCu: raises $0.02 to $0.04
LucasM1313: calls $0.03
Dorex2007: calls $0.02
*** FLOP *** [Jh 8c 2c]
LucasM1313: bets $0.03
Dorex2007: folds 
JoacoCu: folds 
Uncalled bet ($0.03) returned to LucasM1313
LucasM1313 collected $0.12 from pot
*** SUMMARY ***
Total pot $0.12 | Rake $0 
Board [Jh 8c 2c]
Seat 2: dboulay1979 folded before Flop (didn't bet)
Seat 3: JoacoCu (button) folded on the Flop
Seat 4: LucasM1313 (small blind) collected ($0.12)
Seat 5: Dorex2007 (big blind) folded on the Flop
Seat 6: Dudusever folded before Flop (didn't bet)
Seat 9: bispo7 folded before Flop (didn't bet)



