PokerStars Hand #237878985715:  Hold'em No Limit ($0.02/$0.05 USD) - 2022/08/08 21:00:52 PT [2022/08/09 0:00:52 ET]
Table 'Parsifal II' 9-max Seat #2 is the button
Seat 1: Andresinho46 ($5 in chips) 
Seat 2: LeoMorais82 ($6.14 in chips) 
Seat 3: enixblr ($9.15 in chips) 
Seat 4: seven578 ($4.60 in chips) 
Seat 5: geniuss ($5.82 in chips) 
Seat 6: Dorex2007 ($7.15 in chips) 
Seat 8: Medator ($7.26 in chips) 
Seat 9: Manuelito180 ($2.30 in chips) 
enixblr: posts small blind $0.02
seven578: posts big blind $0.05
*** HOLE CARDS ***
Dealt to Dorex2007 [5h Ah]
geniuss: folds 
Dorex2007: folds 
Medator: calls $0.05
Manuelito180: raises $0.10 to $0.15
Andresinho46: folds 
LeoMorais82: folds 
enixblr: folds 
seven578: calls $0.10
Medator: calls $0.10
*** FLOP *** [2c 7h 7s]
seven578: checks 
Medator: checks 
Manuelito180: bets $0.22
seven578: folds 
Medator: calls $0.22
*** TURN *** [2c 7h 7s] [Kd]
Medator: checks 
Manuelito180: bets $0.43
Medator: calls $0.43
*** RIVER *** [2c 7h 7s Kd] [Th]
Medator: bets $0.85
Manuelito180: calls $0.85
*** SHOW DOWN ***
Medator: shows [9h 7d] (three of a kind, Sevens)
Manuelito180: mucks hand 
Medator collected $3.33 from pot
*** SUMMARY ***
Total pot $3.47 | Rake $0.14 
Board [2c 7h 7s Kd Th]
Seat 1: Andresinho46 folded before Flop (didn't bet)
Seat 2: LeoMorais82 (button) folded before Flop (didn't bet)
Seat 3: enixblr (small blind) folded before Flop
Seat 4: seven578 (big blind) folded on the Flop
Seat 5: geniuss folded before Flop (didn't bet)
Seat 6: Dorex2007 folded before Flop (didn't bet)
Seat 8: Medator showed [9h 7d] and won ($3.33) with three of a kind, Sevens
Seat 9: Manuelito180 mucked [Tc 8c]



PokerStars Hand #237878994464:  Hold'em No Limit ($0.02/$0.05 USD) - 2022/08/08 21:02:00 PT [2022/08/09 0:02:00 ET]
Table 'Parsifal II' 9-max Seat #3 is the button
Seat 1: Andresinho46 ($5 in chips) 
Seat 2: LeoMorais82 ($6.14 in chips) 
Seat 3: enixblr ($9.13 in chips) 
Seat 4: seven578 ($4.45 in chips) 
Seat 5: geniuss ($5.82 in chips) 
Seat 6: Dorex2007 ($7.15 in chips) 
Seat 8: Medator ($8.94 in chips) 
Seat 9: Manuelito180 ($3.35 in chips) 
seven578: posts small blind $0.02
geniuss: posts big blind $0.05
*** HOLE CARDS ***
Dealt to Dorex2007 [Ac 4h]
Dorex2007: folds 
Medator: calls $0.05
Manuelito180: folds 
Andresinho46: folds 
Manuelito180 leaves the table
LeoMorais82: folds 
enixblr: folds 
seven578: calls $0.03
geniuss: checks 
*** FLOP *** [2h 6d 4d]
seven578: checks 
geniuss: checks 
Medator: bets $0.07
seven578: folds 
geniuss: folds 
Uncalled bet ($0.07) returned to Medator
Medator collected $0.14 from pot
*** SUMMARY ***
Total pot $0.15 | Rake $0.01 
Board [2h 6d 4d]
Seat 1: Andresinho46 folded before Flop (didn't bet)
Seat 2: LeoMorais82 folded before Flop (didn't bet)
Seat 3: enixblr (button) folded before Flop (didn't bet)
Seat 4: seven578 (small blind) folded on the Flop
Seat 5: geniuss (big blind) folded on the Flop
Seat 6: Dorex2007 folded before Flop (didn't bet)
Seat 8: Medator collected ($0.14)
Seat 9: Manuelito180 folded before Flop (didn't bet)



PokerStars Hand #237879001358:  Hold'em No Limit ($0.02/$0.05 USD) - 2022/08/08 21:02:54 PT [2022/08/09 0:02:54 ET]
Table 'Parsifal II' 9-max Seat #4 is the button
Seat 1: Andresinho46 ($5 in chips) 
Seat 2: LeoMorais82 ($6.14 in chips) 
Seat 3: enixblr ($9.13 in chips) 
Seat 4: seven578 ($4.40 in chips) 
Seat 5: geniuss ($5.77 in chips) 
Seat 6: Dorex2007 ($7.15 in chips) 
Seat 8: Medator ($9.03 in chips) 
geniuss: posts small blind $0.02
Dorex2007: posts big blind $0.05
okure-okure2: sits out 
*** HOLE CARDS ***
Dealt to Dorex2007 [Kd 4s]
Medator: calls $0.05
Andresinho46: folds 
LeoMorais82: folds 
enixblr: folds 
seven578: raises $0.10 to $0.15
geniuss: folds 
Dorex2007: folds 
Medator: calls $0.10
*** FLOP *** [7d 3h Kh]
Medator: checks 
seven578: checks 
*** TURN *** [7d 3h Kh] [Qh]
Medator: checks 
Nori130 joins the table at seat #9 
seven578: checks 
*** RIVER *** [7d 3h Kh Qh] [Tc]
Medator: checks 
seven578: checks 
*** SHOW DOWN ***
Medator: shows [8d Ah] (high card Ace)
seven578: shows [Ac 9h] (high card Ace - King+Queen+Ten+Nine kicker)
seven578 collected $0.35 from pot
*** SUMMARY ***
Total pot $0.37 | Rake $0.02 
Board [7d 3h Kh Qh Tc]
Seat 1: Andresinho46 folded before Flop (didn't bet)
Seat 2: LeoMorais82 folded before Flop (didn't bet)
Seat 3: enixblr folded before Flop (didn't bet)
Seat 4: seven578 (button) showed [Ac 9h] and won ($0.35) with high card Ace
Seat 5: geniuss (small blind) folded before Flop
Seat 6: Dorex2007 (big blind) folded before Flop
Seat 8: Medator showed [8d Ah] and lost with high card Ace



PokerStars Hand #237879006411:  Hold'em No Limit ($0.02/$0.05 USD) - 2022/08/08 21:03:32 PT [2022/08/09 0:03:32 ET]
Table 'Parsifal II' 9-max Seat #5 is the button
Seat 1: Andresinho46 ($5 in chips) 
Seat 2: LeoMorais82 ($6.14 in chips) 
Seat 3: enixblr ($9.13 in chips) 
Seat 4: seven578 ($4.60 in chips) 
Seat 5: geniuss ($5.75 in chips) 
Seat 6: Dorex2007 ($7.10 in chips) 
Seat 7: okure-okure2 ($2.97 in chips) 
Seat 8: Medator ($8.88 in chips) 
Dorex2007: posts small blind $0.02
okure-okure2: posts big blind $0.05
Nori130: sits out 
*** HOLE CARDS ***
Dealt to Dorex2007 [9h 3h]
Medator: calls $0.05
Andresinho46: folds 
LeoMorais82: raises $0.10 to $0.15
enixblr: folds 
seven578: folds 
geniuss: folds 
Dorex2007: folds 
okure-okure2: folds 
Medator: calls $0.10
*** FLOP *** [Jc 6h 6d]
Medator: checks 
LeoMorais82: bets $0.17
Medator: folds 
Uncalled bet ($0.17) returned to LeoMorais82
LeoMorais82 collected $0.35 from pot
*** SUMMARY ***
Total pot $0.37 | Rake $0.02 
Board [Jc 6h 6d]
Seat 1: Andresinho46 folded before Flop (didn't bet)
Seat 2: LeoMorais82 collected ($0.35)
Seat 3: enixblr folded before Flop (didn't bet)
Seat 4: seven578 folded before Flop (didn't bet)
Seat 5: geniuss (button) folded before Flop (didn't bet)
Seat 6: Dorex2007 (small blind) folded before Flop
Seat 7: okure-okure2 (big blind) folded before Flop
Seat 8: Medator folded on the Flop



PokerStars Hand #237879013670:  Hold'em No Limit ($0.02/$0.05 USD) - 2022/08/08 21:04:08 PT [2022/08/09 0:04:08 ET]
Table 'Parsifal II' 9-max Seat #6 is the button
Seat 1: Andresinho46 ($5 in chips) 
Seat 2: LeoMorais82 ($6.34 in chips) 
Seat 3: enixblr ($9.13 in chips) 
Seat 4: seven578 ($4.60 in chips) 
Seat 5: geniuss ($5.75 in chips) 
Seat 6: Dorex2007 ($7.08 in chips) 
Seat 7: okure-okure2 ($2.92 in chips) 
Seat 8: Medator ($8.73 in chips) 
okure-okure2: posts small blind $0.02
Medator: posts big blind $0.05
Nori130: sits out 
*** HOLE CARDS ***
Dealt to Dorex2007 [3d 4c]
Andresinho46: folds 
LeoMorais82: folds 
enixblr: folds 
seven578: folds 
geniuss: folds 
Dorex2007: folds 
LeoMorais82 leaves the table
okure-okure2: raises $0.09 to $0.14
Medator: calls $0.09
*** FLOP *** [As 7s 5d]
okure-okure2: bets $0.13
Medator: folds 
Uncalled bet ($0.13) returned to okure-okure2
okure-okure2 collected $0.27 from pot
okure-okure2: doesn't show hand 
*** SUMMARY ***
Total pot $0.28 | Rake $0.01 
Board [As 7s 5d]
Seat 1: Andresinho46 folded before Flop (didn't bet)
Seat 2: LeoMorais82 folded before Flop (didn't bet)
Seat 3: enixblr folded before Flop (didn't bet)
Seat 4: seven578 folded before Flop (didn't bet)
Seat 5: geniuss folded before Flop (didn't bet)
Seat 6: Dorex2007 (button) folded before Flop (didn't bet)
Seat 7: okure-okure2 (small blind) collected ($0.27)
Seat 8: Medator (big blind) folded on the Flop



PokerStars Hand #237879017362:  Hold'em No Limit ($0.02/$0.05 USD) - 2022/08/08 21:04:37 PT [2022/08/09 0:04:37 ET]
Table 'Parsifal II' 9-max Seat #7 is the button
Seat 1: Andresinho46 ($5 in chips) 
Seat 3: enixblr ($9.13 in chips) 
Seat 4: seven578 ($4.60 in chips) 
Seat 5: geniuss ($5.75 in chips) 
Seat 6: Dorex2007 ($7.08 in chips) 
Seat 7: okure-okure2 ($3.05 in chips) 
Seat 8: Medator ($8.59 in chips) 
Seat 9: Nori130 ($5 in chips) 
Medator: posts small blind $0.02
Nori130: posts big blind $0.05
*** HOLE CARDS ***
Dealt to Dorex2007 [Qs 9c]
Andresinho46: folds 
enixblr: folds 
seven578: folds 
geniuss: folds 
Dorex2007: folds 
okure-okure2: raises $0.07 to $0.12
Medator: folds 
Nori130: calls $0.07
*** FLOP *** [4h Kd 3s]
Nori130: checks 
okure-okure2: bets $0.12
Nori130: calls $0.12
*** TURN *** [4h Kd 3s] [Jd]
Nori130: checks 
okure-okure2: bets $0.24
Nori130: calls $0.24
*** RIVER *** [4h Kd 3s Jd] [Qd]
Nori130: checks 
okure-okure2: bets $0.47
Nori130: calls $0.47
*** SHOW DOWN ***
okure-okure2: shows [2s Kh] (a pair of Kings)
Nori130: shows [Th Kc] (a pair of Kings - Queen+Jack+Ten kicker)
Nori130 collected $1.84 from pot
*** SUMMARY ***
Total pot $1.92 | Rake $0.08 
Board [4h Kd 3s Jd Qd]
Seat 1: Andresinho46 folded before Flop (didn't bet)
Seat 3: enixblr folded before Flop (didn't bet)
Seat 4: seven578 folded before Flop (didn't bet)
Seat 5: geniuss folded before Flop (didn't bet)
Seat 6: Dorex2007 folded before Flop (didn't bet)
Seat 7: okure-okure2 (button) showed [2s Kh] and lost with a pair of Kings
Seat 8: Medator (small blind) folded before Flop
Seat 9: Nori130 (big blind) showed [Th Kc] and won ($1.84) with a pair of Kings



PokerStars Hand #237879022598:  Hold'em No Limit ($0.02/$0.05 USD) - 2022/08/08 21:05:17 PT [2022/08/09 0:05:17 ET]
Table 'Parsifal II' 9-max Seat #8 is the button
Seat 1: Andresinho46 ($5 in chips) 
Seat 3: enixblr ($9.13 in chips) 
Seat 4: seven578 ($4.60 in chips) 
Seat 5: geniuss ($5.75 in chips) 
Seat 6: Dorex2007 ($7.08 in chips) 
Seat 7: okure-okure2 ($2.10 in chips) 
Seat 8: Medator ($8.57 in chips) 
Seat 9: Nori130 ($5.89 in chips) 
Nori130: posts small blind $0.02
Andresinho46: posts big blind $0.05
*** HOLE CARDS ***
Dealt to Dorex2007 [2s Ad]
enixblr: folds 
seven578: calls $0.05
geniuss: folds 
Dorex2007: folds 
okure-okure2: folds 
Medator: folds 
Nori130: calls $0.03
Andresinho46: checks 
*** FLOP *** [3d 2d Qh]
Nori130: checks 
Andresinho46: checks 
seven578: bets $0.14
Nori130: folds 
Andresinho46: folds 
Uncalled bet ($0.14) returned to seven578
seven578 collected $0.14 from pot
*** SUMMARY ***
Total pot $0.15 | Rake $0.01 
Board [3d 2d Qh]
Seat 1: Andresinho46 (big blind) folded on the Flop
Seat 3: enixblr folded before Flop (didn't bet)
Seat 4: seven578 collected ($0.14)
Seat 5: geniuss folded before Flop (didn't bet)
Seat 6: Dorex2007 folded before Flop (didn't bet)
Seat 7: okure-okure2 folded before Flop (didn't bet)
Seat 8: Medator (button) folded before Flop (didn't bet)
Seat 9: Nori130 (small blind) folded on the Flop



PokerStars Hand #237879028293:  Hold'em No Limit ($0.02/$0.05 USD) - 2022/08/08 21:06:02 PT [2022/08/09 0:06:02 ET]
Table 'Parsifal II' 9-max Seat #9 is the button
Seat 1: Andresinho46 ($5 in chips) 
Seat 3: enixblr ($9.13 in chips) 
Seat 4: seven578 ($4.69 in chips) 
Seat 5: geniuss ($5.75 in chips) 
Seat 6: Dorex2007 ($7.08 in chips) 
Seat 7: okure-okure2 ($2.10 in chips) 
Seat 8: Medator ($8.57 in chips) 
Seat 9: Nori130 ($5.84 in chips) 
Andresinho46: posts small blind $0.02
enixblr: posts big blind $0.05
*** HOLE CARDS ***
Dealt to Dorex2007 [5d Ah]
seven578: folds 
geniuss: folds 
Dorex2007: folds 
okure-okure2: folds 
Medator: calls $0.05
Nori130: folds 
Andresinho46: raises $0.15 to $0.20
enixblr: folds 
Medator: calls $0.15
*** FLOP *** [Kd 6h 7c]
Andresinho46: bets $0.22
Medator: calls $0.22
*** TURN *** [Kd 6h 7c] [3s]
Andresinho46: checks 
Medator: checks 
*** RIVER *** [Kd 6h 7c 3s] [4h]
Andresinho46: bets $0.57
Medator: calls $0.57
*** SHOW DOWN ***
Andresinho46: shows [4d 4s] (three of a kind, Fours)
Medator: mucks hand 
Andresinho46 collected $1.95 from pot
*** SUMMARY ***
Total pot $2.03 | Rake $0.08 
Board [Kd 6h 7c 3s 4h]
Seat 1: Andresinho46 (small blind) showed [4d 4s] and won ($1.95) with three of a kind, Fours
Seat 3: enixblr (big blind) folded before Flop
Seat 4: seven578 folded before Flop (didn't bet)
Seat 5: geniuss folded before Flop (didn't bet)
Seat 6: Dorex2007 folded before Flop (didn't bet)
Seat 7: okure-okure2 folded before Flop (didn't bet)
Seat 8: Medator mucked [6s 8c]
Seat 9: Nori130 (button) folded before Flop (didn't bet)



PokerStars Hand #237879034757:  Hold'em No Limit ($0.02/$0.05 USD) - 2022/08/08 21:06:52 PT [2022/08/09 0:06:52 ET]
Table 'Parsifal II' 9-max Seat #1 is the button
Seat 1: Andresinho46 ($5.96 in chips) 
Seat 3: enixblr ($9.08 in chips) 
Seat 4: seven578 ($4.69 in chips) 
Seat 5: geniuss ($5.75 in chips) 
Seat 6: Dorex2007 ($7.08 in chips) 
Seat 7: okure-okure2 ($2.10 in chips) 
Seat 8: Medator ($7.58 in chips) 
Seat 9: Nori130 ($5.84 in chips) 
enixblr: posts small blind $0.02
seven578: posts big blind $0.05
*** HOLE CARDS ***
Dealt to Dorex2007 [7s 3s]
geniuss: folds 
Dorex2007: folds 
okure-okure2: folds 
Medator: calls $0.05
Nori130: folds 
Andresinho46: folds 
enixblr: folds 
seven578: checks 
*** FLOP *** [8c 4h Kh]
seven578: checks 
Medator: checks 
*** TURN *** [8c 4h Kh] [Jd]
seven578: checks 
Medator: checks 
*** RIVER *** [8c 4h Kh Jd] [3d]
seven578: checks 
Medator: checks 
*** SHOW DOWN ***
seven578: shows [2d 7h] (high card King)
Medator: shows [As 4c] (a pair of Fours)
Medator collected $0.12 from pot
*** SUMMARY ***
Total pot $0.12 | Rake $0 
Board [8c 4h Kh Jd 3d]
Seat 1: Andresinho46 (button) folded before Flop (didn't bet)
Seat 3: enixblr (small blind) folded before Flop
Seat 4: seven578 (big blind) showed [2d 7h] and lost with high card King
Seat 5: geniuss folded before Flop (didn't bet)
Seat 6: Dorex2007 folded before Flop (didn't bet)
Seat 7: okure-okure2 folded before Flop (didn't bet)
Seat 8: Medator showed [As 4c] and won ($0.12) with a pair of Fours
Seat 9: Nori130 folded before Flop (didn't bet)



PokerStars Hand #237879039964:  Hold'em No Limit ($0.02/$0.05 USD) - 2022/08/08 21:07:32 PT [2022/08/09 0:07:32 ET]
Table 'Parsifal II' 9-max Seat #3 is the button
Seat 1: Andresinho46 ($5.96 in chips) 
Seat 3: enixblr ($9.06 in chips) 
Seat 4: seven578 ($4.64 in chips) 
Seat 5: geniuss ($5.75 in chips) 
Seat 6: Dorex2007 ($7.08 in chips) 
Seat 7: okure-okure2 ($2.10 in chips) 
Seat 8: Medator ($7.65 in chips) 
Seat 9: Nori130 ($5.84 in chips) 
seven578: posts small blind $0.02
geniuss: posts big blind $0.05
*** HOLE CARDS ***
Dealt to Dorex2007 [7h 5s]
Dorex2007: folds 
okure-okure2: folds 
Medator: calls $0.05
Nori130: folds 
Andresinho46: folds 
enixblr: folds 
seven578: raises $0.10 to $0.15
geniuss: folds 
Medator: calls $0.10
*** FLOP *** [6d 9d As]
seven578: bets $0.17
Medator: calls $0.17
*** TURN *** [6d 9d As] [Qh]
seven578: bets $0.66
LuckyManCF67 joins the table at seat #2 
Medator: folds 
Uncalled bet ($0.66) returned to seven578
seven578 collected $0.66 from pot
*** SUMMARY ***
Total pot $0.69 | Rake $0.03 
Board [6d 9d As Qh]
Seat 1: Andresinho46 folded before Flop (didn't bet)
Seat 3: enixblr (button) folded before Flop (didn't bet)
Seat 4: seven578 (small blind) collected ($0.66)
Seat 5: geniuss (big blind) folded before Flop
Seat 6: Dorex2007 folded before Flop (didn't bet)
Seat 7: okure-okure2 folded before Flop (didn't bet)
Seat 8: Medator folded on the Turn
Seat 9: Nori130 folded before Flop (didn't bet)



PokerStars Hand #237879047571:  Hold'em No Limit ($0.02/$0.05 USD) - 2022/08/08 21:08:31 PT [2022/08/09 0:08:31 ET]
Table 'Parsifal II' 9-max Seat #4 is the button
Seat 1: Andresinho46 ($5.96 in chips) 
Seat 3: enixblr ($9.06 in chips) 
Seat 4: seven578 ($4.98 in chips) 
Seat 5: geniuss ($5.70 in chips) 
Seat 6: Dorex2007 ($7.08 in chips) 
Seat 7: okure-okure2 ($2.10 in chips) 
Seat 8: Medator ($7.33 in chips) 
Seat 9: Nori130 ($5.84 in chips) 
geniuss: posts small blind $0.02
Dorex2007: posts big blind $0.05
LuckyManCF67: sits out 
*** HOLE CARDS ***
Dealt to Dorex2007 [2d Ts]
okure-okure2: folds 
Medator: raises $0.12 to $0.17
Nori130: calls $0.17
Andresinho46: folds 
enixblr: folds 
seven578: folds 
geniuss: folds 
Dorex2007: folds 
*** FLOP *** [As Ad 8s]
Medator: checks 
Nori130: bets $0.19
Medator: calls $0.19
*** TURN *** [As Ad 8s] [4h]
Medator: checks 
Nori130: checks 
*** RIVER *** [As Ad 8s 4h] [4s]
Medator: checks 
Nori130: checks 
*** SHOW DOWN ***
Medator: shows [6h 6d] (two pair, Aces and Sixes)
Nori130: mucks hand 
Medator collected $0.76 from pot
*** SUMMARY ***
Total pot $0.79 | Rake $0.03 
Board [As Ad 8s 4h 4s]
Seat 1: Andresinho46 folded before Flop (didn't bet)
Seat 3: enixblr folded before Flop (didn't bet)
Seat 4: seven578 (button) folded before Flop (didn't bet)
Seat 5: geniuss (small blind) folded before Flop
Seat 6: Dorex2007 (big blind) folded before Flop
Seat 7: okure-okure2 folded before Flop (didn't bet)
Seat 8: Medator showed [6h 6d] and won ($0.76) with two pair, Aces and Sixes
Seat 9: Nori130 mucked [5s 5c]



PokerStars Hand #237879053486:  Hold'em No Limit ($0.02/$0.05 USD) - 2022/08/08 21:09:18 PT [2022/08/09 0:09:18 ET]
Table 'Parsifal II' 9-max Seat #5 is the button
Seat 1: Andresinho46 ($5.96 in chips) 
Seat 2: LuckyManCF67 ($4 in chips) 
Seat 3: enixblr ($9.06 in chips) 
Seat 4: seven578 ($4.98 in chips) 
Seat 5: geniuss ($5.68 in chips) 
Seat 6: Dorex2007 ($7.03 in chips) 
Seat 7: okure-okure2 ($2.10 in chips) 
Seat 8: Medator ($7.73 in chips) 
Seat 9: Nori130 ($5.48 in chips) 
Dorex2007: posts small blind $0.02
okure-okure2: posts big blind $0.05
LuckyManCF67: posts big blind $0.05
*** HOLE CARDS ***
Dealt to Dorex2007 [Tc 2h]
Medator: calls $0.05
Nori130: folds 
Andresinho46: raises $0.15 to $0.20
LuckyManCF67: calls $0.15
enixblr: folds 
seven578: calls $0.20
geniuss: folds 
Dorex2007: folds 
okure-okure2: folds 
Medator: calls $0.15
*** FLOP *** [Qd Jc Ac]
Medator: checks 
Andresinho46: checks 
LuckyManCF67: checks 
seven578: bets $0.83
Medator: calls $0.83
Andresinho46: folds 
LuckyManCF67: calls $0.83
*** TURN *** [Qd Jc Ac] [5s]
Medator: checks 
LuckyManCF67: checks 
seven578: bets $3.22
Medator: calls $3.22
LuckyManCF67: folds 
*** RIVER *** [Qd Jc Ac 5s] [8s]
Medator: checks 
seven578: bets $0.73 and is all-in
Medator: calls $0.73
*** SHOW DOWN ***
seven578: shows [Jh Qs] (two pair, Queens and Jacks)
Medator: shows [7s As] (a pair of Aces)
seven578 collected $10.79 from pot
*** SUMMARY ***
Total pot $11.26 | Rake $0.47 
Board [Qd Jc Ac 5s 8s]
Seat 1: Andresinho46 folded on the Flop
Seat 2: LuckyManCF67 folded on the Turn
Seat 3: enixblr folded before Flop (didn't bet)
Seat 4: seven578 showed [Jh Qs] and won ($10.79) with two pair, Queens and Jacks
Seat 5: geniuss (button) folded before Flop (didn't bet)
Seat 6: Dorex2007 (small blind) folded before Flop
Seat 7: okure-okure2 (big blind) folded before Flop
Seat 8: Medator showed [7s As] and lost with a pair of Aces
Seat 9: Nori130 folded before Flop (didn't bet)



PokerStars Hand #237879062530:  Hold'em No Limit ($0.02/$0.05 USD) - 2022/08/08 21:10:30 PT [2022/08/09 0:10:30 ET]
Table 'Parsifal II' 9-max Seat #6 is the button
Seat 1: Andresinho46 ($5.76 in chips) 
Seat 2: LuckyManCF67 ($2.97 in chips) 
Seat 3: enixblr ($9.06 in chips) 
Seat 4: seven578 ($10.79 in chips) 
Seat 5: geniuss ($5.68 in chips) 
Seat 6: Dorex2007 ($7.01 in chips) 
Seat 7: okure-okure2 ($2.05 in chips) 
Seat 8: Medator ($2.75 in chips) 
Seat 9: Nori130 ($5.48 in chips) 
okure-okure2: posts small blind $0.02
Medator: posts big blind $0.05
*** HOLE CARDS ***
Dealt to Dorex2007 [Kc As]
Nori130: raises $0.10 to $0.15
Andresinho46: folds 
LuckyManCF67: calls $0.15
enixblr: folds 
seven578: folds 
geniuss: folds 
Dorex2007: calls $0.15
okure-okure2: folds 
Medator: folds 
*** FLOP *** [Jh Qs Th]
Nori130: bets $0.30
LuckyManCF67: folds 
Dorex2007: raises $6.56 to $6.86 and is all-in
Nori130: calls $5.03 and is all-in
Uncalled bet ($1.53) returned to Dorex2007
*** TURN *** [Jh Qs Th] [5h]
*** RIVER *** [Jh Qs Th 5h] [8h]
*** SHOW DOWN ***
Nori130: shows [Jd Td] (two pair, Jacks and Tens)
Dorex2007: shows [Kc As] (a straight, Ten to Ace)
Dorex2007 cashed out the hand for $8.70 | Cash Out Fee $0.09
*** SUMMARY ***
Total pot $11.18 | Rake $0.46 
Board [Jh Qs Th 5h 8h]
Seat 1: Andresinho46 folded before Flop (didn't bet)
Seat 2: LuckyManCF67 folded on the Flop
Seat 3: enixblr folded before Flop (didn't bet)
Seat 4: seven578 folded before Flop (didn't bet)
Seat 5: geniuss folded before Flop (didn't bet)
Seat 6: Dorex2007 (button) showed [Kc As] and won ($10.72) with a straight, Ten to Ace (pot not awarded as player cashed out)
Seat 7: okure-okure2 (small blind) folded before Flop
Seat 8: Medator (big blind) folded before Flop
Seat 9: Nori130 showed [Jd Td] and lost with two pair, Jacks and Tens



PokerStars Hand #237879069634:  Hold'em No Limit ($0.02/$0.05 USD) - 2022/08/08 21:11:26 PT [2022/08/09 0:11:26 ET]
Table 'Parsifal II' 9-max Seat #7 is the button
Seat 1: Andresinho46 ($5.76 in chips) 
Seat 2: LuckyManCF67 ($2.82 in chips) 
Seat 3: enixblr ($9.06 in chips) 
Seat 4: seven578 ($10.79 in chips) 
Seat 5: geniuss ($5.68 in chips) 
Seat 6: Dorex2007 ($10.23 in chips) 
Seat 7: okure-okure2 ($2.03 in chips) 
Seat 8: Medator ($2.70 in chips) 
Seat 9: Nori130 ($5 in chips) 
Medator: posts small blind $0.02
Nori130: posts big blind $0.05
*** HOLE CARDS ***
Dealt to Dorex2007 [4c 3h]
Andresinho46: folds 
LuckyManCF67: raises $0.05 to $0.10
enixblr: folds 
seven578: folds 
geniuss: folds 
Dorex2007: folds 
okure-okure2: folds 
Medator: folds 
Nori130: calls $0.05
*** FLOP *** [7d Qd 7s]
Nori130: checks 
LuckyManCF67: bets $0.10
Nori130: calls $0.10
*** TURN *** [7d Qd 7s] [Jc]
Nori130: checks 
LuckyManCF67: bets $0.20
Nori130: folds 
Uncalled bet ($0.20) returned to LuckyManCF67
LuckyManCF67 collected $0.40 from pot
*** SUMMARY ***
Total pot $0.42 | Rake $0.02 
Board [7d Qd 7s Jc]
Seat 1: Andresinho46 folded before Flop (didn't bet)
Seat 2: LuckyManCF67 collected ($0.40)
Seat 3: enixblr folded before Flop (didn't bet)
Seat 4: seven578 folded before Flop (didn't bet)
Seat 5: geniuss folded before Flop (didn't bet)
Seat 6: Dorex2007 folded before Flop (didn't bet)
Seat 7: okure-okure2 (button) folded before Flop (didn't bet)
Seat 8: Medator (small blind) folded before Flop
Seat 9: Nori130 (big blind) folded on the Turn



PokerStars Hand #237879074786:  Hold'em No Limit ($0.02/$0.05 USD) - 2022/08/08 21:12:07 PT [2022/08/09 0:12:07 ET]
Table 'Parsifal II' 9-max Seat #8 is the button
Seat 2: LuckyManCF67 ($3.02 in chips) 
Seat 3: enixblr ($9.06 in chips) 
Seat 4: seven578 ($10.79 in chips) 
Seat 5: geniuss ($5.68 in chips) 
Seat 6: Dorex2007 ($10.23 in chips) 
Seat 7: okure-okure2 ($2.03 in chips) 
Seat 8: Medator ($2.68 in chips) 
Seat 9: Nori130 ($5 in chips) 
Nori130: posts small blind $0.02
Andresinho46: is sitting out 
LuckyManCF67: posts big blind $0.05
*** HOLE CARDS ***
Dealt to Dorex2007 [Td 8h]
enixblr: raises $0.07 to $0.12
seven578: folds 
geniuss: folds 
Andresinho46 leaves the table
Dorex2007: folds 
okure-okure2: folds 
Medator: calls $0.12
Nori130: folds 
LuckyManCF67: calls $0.07
*** FLOP *** [9h 3d Qs]
LuckyManCF67: checks 
enixblr: checks 
Medator: checks 
*** TURN *** [9h 3d Qs] [Tc]
LuckyManCF67: checks 
enixblr: checks 
Medator: checks 
*** RIVER *** [9h 3d Qs Tc] [8s]
LuckyManCF67: checks 
RtheBohnet joins the table at seat #1 
enixblr: bets $0.27
Medator: folds 
LuckyManCF67: folds 
Uncalled bet ($0.27) returned to enixblr
enixblr collected $0.36 from pot
enixblr: doesn't show hand 
*** SUMMARY ***
Total pot $0.38 | Rake $0.02 
Board [9h 3d Qs Tc 8s]
Seat 2: LuckyManCF67 (big blind) folded on the River
Seat 3: enixblr collected ($0.36)
Seat 4: seven578 folded before Flop (didn't bet)
Seat 5: geniuss folded before Flop (didn't bet)
Seat 6: Dorex2007 folded before Flop (didn't bet)
Seat 7: okure-okure2 folded before Flop (didn't bet)
Seat 8: Medator (button) folded on the River
Seat 9: Nori130 (small blind) folded before Flop



PokerStars Hand #237879083142:  Hold'em No Limit ($0.02/$0.05 USD) - 2022/08/08 21:13:13 PT [2022/08/09 0:13:13 ET]
Table 'Parsifal II' 9-max Seat #9 is the button
Seat 2: LuckyManCF67 ($2.90 in chips) 
Seat 3: enixblr ($9.30 in chips) 
Seat 4: seven578 ($10.79 in chips) 
Seat 5: geniuss ($5.68 in chips) 
Seat 6: Dorex2007 ($10.23 in chips) 
Seat 7: okure-okure2 ($2.03 in chips) 
Seat 8: Medator ($2.56 in chips) 
Seat 9: Nori130 ($5 in chips) 
LuckyManCF67: posts small blind $0.02
enixblr: posts big blind $0.05
*** HOLE CARDS ***
Dealt to Dorex2007 [8h 5d]
seven578: folds 
geniuss: calls $0.05
Dorex2007: folds 
okure-okure2: folds 
Medator: calls $0.05
seven578 leaves the table
Nori130: folds 
LuckyManCF67: calls $0.03
enixblr: checks 
*** FLOP *** [2c 8d Qc]
LuckyManCF67: checks 
enixblr: bets $0.13
geniuss: calls $0.13
Medator: folds 
LuckyManCF67: calls $0.13
*** TURN *** [2c 8d Qc] [Ks]
LuckyManCF67: checks 
enixblr: checks 
geniuss: bets $0.41
LuckyManCF67: calls $0.41
enixblr: folds 
*** RIVER *** [2c 8d Qc Ks] [6d]
LuckyManCF67: checks 
geniuss: bets $5.09 and is all-in
LuckyManCF67: folds 
Uncalled bet ($5.09) returned to geniuss
geniuss collected $1.35 from pot
*** SUMMARY ***
Total pot $1.41 | Rake $0.06 
Board [2c 8d Qc Ks 6d]
Seat 2: LuckyManCF67 (small blind) folded on the River
Seat 3: enixblr (big blind) folded on the Turn
Seat 4: seven578 folded before Flop (didn't bet)
Seat 5: geniuss collected ($1.35)
Seat 6: Dorex2007 folded before Flop (didn't bet)
Seat 7: okure-okure2 folded before Flop (didn't bet)
Seat 8: Medator folded on the Flop
Seat 9: Nori130 (button) folded before Flop (didn't bet)



PokerStars Hand #237879094390:  Hold'em No Limit ($0.02/$0.05 USD) - 2022/08/08 21:14:42 PT [2022/08/09 0:14:42 ET]
Table 'Parsifal II' 9-max Seat #2 is the button
Seat 1: RtheBohnet ($5 in chips) 
Seat 2: LuckyManCF67 ($2.31 in chips) 
Seat 3: enixblr ($9.12 in chips) 
Seat 5: geniuss ($6.44 in chips) 
Seat 6: Dorex2007 ($10.23 in chips) 
Seat 7: okure-okure2 ($2.03 in chips) 
Seat 8: Medator ($2.51 in chips) 
Seat 9: Nori130 ($5 in chips) 
enixblr: posts small blind $0.02
geniuss: posts big blind $0.05
RtheBohnet: posts big blind $0.05
*** HOLE CARDS ***
Dealt to Dorex2007 [9s 9h]
Dorex2007 has timed out
Dorex2007: folds 
okure-okure2: folds 
Medator: folds 
Nori130: folds 
RtheBohnet: checks 
LuckyManCF67: calls $0.05
enixblr: folds 
geniuss: checks 
*** FLOP *** [2h Td Qh]
geniuss: checks 
enixblr leaves the table
RtheBohnet: bets $0.08
LuckyManCF67: calls $0.08
geniuss: folds 
*** TURN *** [2h Td Qh] [3h]
RtheBohnet: bets $0.15
LuckyManCF67: calls $0.15
*** RIVER *** [2h Td Qh 3h] [4c]
RtheBohnet: checks 
LuckyManCF67: checks 
*** SHOW DOWN ***
RtheBohnet: shows [Js 2d] (a pair of Deuces)
LuckyManCF67: shows [8d Qs] (a pair of Queens)
LuckyManCF67 collected $0.60 from pot
*** SUMMARY ***
Total pot $0.63 | Rake $0.03 
Board [2h Td Qh 3h 4c]
Seat 1: RtheBohnet showed [Js 2d] and lost with a pair of Deuces
Seat 2: LuckyManCF67 (button) showed [8d Qs] and won ($0.60) with a pair of Queens
Seat 3: enixblr (small blind) folded before Flop
Seat 5: geniuss (big blind) folded on the Flop
Seat 6: Dorex2007 folded before Flop (didn't bet)
Seat 7: okure-okure2 folded before Flop (didn't bet)
Seat 8: Medator folded before Flop (didn't bet)
Seat 9: Nori130 folded before Flop (didn't bet)



PokerStars Hand #237879106699:  Hold'em No Limit ($0.02/$0.05 USD) - 2022/08/08 21:16:20 PT [2022/08/09 0:16:20 ET]
Table 'Parsifal II' 9-max Seat #5 is the button
Seat 1: RtheBohnet ($4.72 in chips) 
Seat 2: LuckyManCF67 ($2.63 in chips) 
Seat 5: geniuss ($6.39 in chips) 
Seat 6: Dorex2007 ($10.23 in chips) 
Seat 7: okure-okure2 ($2.03 in chips) 
Seat 8: Medator ($2.51 in chips) 
Seat 9: Nori130 ($5 in chips) 
Dorex2007: posts small blind $0.02
okure-okure2: posts big blind $0.05
*** HOLE CARDS ***
Dealt to Dorex2007 [8h Kd]
Medator: folds 
Nori130: raises $0.10 to $0.15
RtheBohnet: folds 
LuckyManCF67: folds 
geniuss: folds 
Dorex2007: folds 
okure-okure2: raises $0.41 to $0.56
Nori130: folds 
Uncalled bet ($0.41) returned to okure-okure2
okure-okure2 collected $0.32 from pot
okure-okure2: doesn't show hand 
*** SUMMARY ***
Total pot $0.32 | Rake $0 
Seat 1: RtheBohnet folded before Flop (didn't bet)
Seat 2: LuckyManCF67 folded before Flop (didn't bet)
Seat 5: geniuss (button) folded before Flop (didn't bet)
Seat 6: Dorex2007 (small blind) folded before Flop
Seat 7: okure-okure2 (big blind) collected ($0.32)
Seat 8: Medator folded before Flop (didn't bet)
Seat 9: Nori130 folded before Flop



PokerStars Hand #237879110801:  Hold'em No Limit ($0.02/$0.05 USD) - 2022/08/08 21:16:53 PT [2022/08/09 0:16:53 ET]
Table 'Parsifal II' 9-max Seat #6 is the button
Seat 1: RtheBohnet ($4.72 in chips) 
Seat 2: LuckyManCF67 ($2.63 in chips) 
Seat 5: geniuss ($6.39 in chips) 
Seat 6: Dorex2007 ($10.21 in chips) 
Seat 7: okure-okure2 ($2.20 in chips) 
Seat 8: Medator ($2.51 in chips) 
Seat 9: Nori130 ($5 in chips) 
okure-okure2: posts small blind $0.02
Medator: posts big blind $0.05
*** HOLE CARDS ***
Dealt to Dorex2007 [5s Kh]
Nori130: folds 
RtheBohnet: raises $0.05 to $0.10
LuckyManCF67: folds 
geniuss: folds 
Dorex2007: folds 
okure-okure2: folds 
Medator: calls $0.05
*** FLOP *** [Ad 3c 2d]
Medator: checks 
RtheBohnet: bets $0.10
Medator: calls $0.10
*** TURN *** [Ad 3c 2d] [5c]
Medator: checks 
RtheBohnet: bets $0.20
Medator: calls $0.20
*** RIVER *** [Ad 3c 2d 5c] [Kd]
Medator: checks 
RtheBohnet: checks 
*** SHOW DOWN ***
Medator: shows [6s Ac] (a pair of Aces)
RtheBohnet: mucks hand 
Medator collected $0.79 from pot
*** SUMMARY ***
Total pot $0.82 | Rake $0.03 
Board [Ad 3c 2d 5c Kd]
Seat 1: RtheBohnet mucked [7d 7c]
Seat 2: LuckyManCF67 folded before Flop (didn't bet)
Seat 5: geniuss folded before Flop (didn't bet)
Seat 6: Dorex2007 (button) folded before Flop (didn't bet)
Seat 7: okure-okure2 (small blind) folded before Flop
Seat 8: Medator (big blind) showed [6s Ac] and won ($0.79) with a pair of Aces
Seat 9: Nori130 folded before Flop (didn't bet)



PokerStars Hand #237879115408:  Hold'em No Limit ($0.02/$0.05 USD) - 2022/08/08 21:17:30 PT [2022/08/09 0:17:30 ET]
Table 'Parsifal II' 9-max Seat #7 is the button
Seat 1: RtheBohnet ($4.32 in chips) 
Seat 2: LuckyManCF67 ($2.63 in chips) 
Seat 5: geniuss ($6.39 in chips) 
Seat 6: Dorex2007 ($10.21 in chips) 
Seat 7: okure-okure2 ($2.18 in chips) 
Seat 8: Medator ($2.90 in chips) 
Seat 9: Nori130 ($5 in chips) 
Medator: posts small blind $0.02
Nori130: posts big blind $0.05
*** HOLE CARDS ***
Dealt to Dorex2007 [Qc 9s]
RtheBohnet: folds 
LuckyManCF67: folds 
Toby14280 joins the table at seat #4 
geniuss: folds 
Dorex2007: folds 
okure-okure2: folds 
Medator: calls $0.03
Nori130: raises $0.15 to $0.20
Medator: calls $0.15
*** FLOP *** [Ks Qh 8s]
Medator: checks 
Nori130: checks 
*** TURN *** [Ks Qh 8s] [Ac]
Medator: checks 
Nori130: bets $0.19
Medator: folds 
Uncalled bet ($0.19) returned to Nori130
Nori130 collected $0.38 from pot
Nori130: doesn't show hand 
*** SUMMARY ***
Total pot $0.40 | Rake $0.02 
Board [Ks Qh 8s Ac]
Seat 1: RtheBohnet folded before Flop (didn't bet)
Seat 2: LuckyManCF67 folded before Flop (didn't bet)
Seat 5: geniuss folded before Flop (didn't bet)
Seat 6: Dorex2007 folded before Flop (didn't bet)
Seat 7: okure-okure2 (button) folded before Flop (didn't bet)
Seat 8: Medator (small blind) folded on the Turn
Seat 9: Nori130 (big blind) collected ($0.38)



PokerStars Hand #237879122477:  Hold'em No Limit ($0.02/$0.05 USD) - 2022/08/08 21:18:27 PT [2022/08/09 0:18:27 ET]
Table 'Parsifal II' 9-max Seat #8 is the button
Seat 1: RtheBohnet ($4.32 in chips) 
Seat 2: LuckyManCF67 ($2.63 in chips) 
Seat 4: Toby14280 ($5 in chips) 
Seat 5: geniuss ($6.39 in chips) 
Seat 6: Dorex2007 ($10.21 in chips) 
Seat 7: okure-okure2 ($2.18 in chips) 
Seat 8: Medator ($2.70 in chips) 
Seat 9: Nori130 ($5.18 in chips) 
Nori130: posts small blind $0.02
RtheBohnet: posts big blind $0.05
Toby14280: posts big blind $0.05
*** HOLE CARDS ***
Dealt to Dorex2007 [6c 8c]
LuckyManCF67: folds 
Toby14280: checks 
geniuss: folds 
Dorex2007: folds 
okure-okure2: folds 
Medator: calls $0.05
Nori130: raises $0.20 to $0.25
RtheBohnet: folds 
Toby14280: folds 
Medator: calls $0.20
*** FLOP *** [Ah 4s Jc]
Nori130: bets $0.29
Medator: calls $0.29
*** TURN *** [Ah 4s Jc] [Qc]
Nori130: bets $0.75
Medator: calls $0.75
*** RIVER *** [Ah 4s Jc Qc] [Ks]
Nori130: checks 
Medator: checks 
*** SHOW DOWN ***
Nori130: shows [Js Qh] (two pair, Queens and Jacks)
Medator: mucks hand 
Nori130 collected $2.57 from pot
*** SUMMARY ***
Total pot $2.68 | Rake $0.11 
Board [Ah 4s Jc Qc Ks]
Seat 1: RtheBohnet (big blind) folded before Flop
Seat 2: LuckyManCF67 folded before Flop (didn't bet)
Seat 4: Toby14280 folded before Flop (didn't bet)
Seat 5: geniuss folded before Flop (didn't bet)
Seat 6: Dorex2007 folded before Flop (didn't bet)
Seat 7: okure-okure2 folded before Flop (didn't bet)
Seat 8: Medator (button) mucked [4h 5h]
Seat 9: Nori130 (small blind) showed [Js Qh] and won ($2.57) with two pair, Queens and Jacks



PokerStars Hand #237879134765:  Hold'em No Limit ($0.02/$0.05 USD) - 2022/08/08 21:19:31 PT [2022/08/09 0:19:31 ET]
Table 'Parsifal II' 9-max Seat #9 is the button
Seat 1: RtheBohnet ($4.27 in chips) 
Seat 2: LuckyManCF67 ($2.63 in chips) 
Seat 4: Toby14280 ($4.95 in chips) 
Seat 5: geniuss ($6.39 in chips) 
Seat 6: Dorex2007 ($10.21 in chips) 
Seat 7: okure-okure2 ($2.18 in chips) 
Seat 8: Medator ($1.41 in chips) 
Seat 9: Nori130 ($6.46 in chips) 
RtheBohnet: posts small blind $0.02
LuckyManCF67: posts big blind $0.05
*** HOLE CARDS ***
Dealt to Dorex2007 [9d 3h]
Toby14280: folds 
geniuss: folds 
Dorex2007: folds 
okure-okure2: folds 
Medator: calls $0.05
Nori130: folds 
RtheBohnet: folds 
LuckyManCF67: checks 
*** FLOP *** [Td 6d 3d]
LuckyManCF67: bets $0.05
Medator: calls $0.05
*** TURN *** [Td 6d 3d] [Qs]
LuckyManCF67: bets $0.10
Medator: calls $0.10
*** RIVER *** [Td 6d 3d Qs] [7d]
LuckyManCF67: bets $0.10
Medator: calls $0.10
*** SHOW DOWN ***
LuckyManCF67: shows [7h Ad] (a flush, Ace high)
Medator: mucks hand 
LuckyManCF67 collected $0.59 from pot
*** SUMMARY ***
Total pot $0.62 | Rake $0.03 
Board [Td 6d 3d Qs 7d]
Seat 1: RtheBohnet (small blind) folded before Flop
Seat 2: LuckyManCF67 (big blind) showed [7h Ad] and won ($0.59) with a flush, Ace high
Seat 4: Toby14280 folded before Flop (didn't bet)
Seat 5: geniuss folded before Flop (didn't bet)
Seat 6: Dorex2007 folded before Flop (didn't bet)
Seat 7: okure-okure2 folded before Flop (didn't bet)
Seat 8: Medator mucked [Th 7c]
Seat 9: Nori130 (button) folded before Flop (didn't bet)



PokerStars Hand #237879140978:  Hold'em No Limit ($0.02/$0.05 USD) - 2022/08/08 21:20:21 PT [2022/08/09 0:20:21 ET]
Table 'Parsifal II' 9-max Seat #1 is the button
Seat 1: RtheBohnet ($4.25 in chips) 
Seat 2: LuckyManCF67 ($2.92 in chips) 
Seat 4: Toby14280 ($4.95 in chips) 
Seat 5: geniuss ($6.39 in chips) 
Seat 6: Dorex2007 ($10.21 in chips) 
Seat 7: okure-okure2 ($2.18 in chips) 
Seat 8: Medator ($1.11 in chips) 
Seat 9: Nori130 ($6.46 in chips) 
LuckyManCF67: posts small blind $0.02
Toby14280: posts big blind $0.05
*** HOLE CARDS ***
Dealt to Dorex2007 [Js 9c]
geniuss: folds 
Dorex2007: folds 
okure-okure2: folds 
Medator: calls $0.05
Nori130: folds 
RtheBohnet: folds 
LuckyManCF67: raises $0.05 to $0.10
Toby14280: calls $0.05
Medator: calls $0.05
*** FLOP *** [Qd Tc 4s]
LuckyManCF67: bets $0.15
Toby14280: raises $0.20 to $0.35
Medator: folds 
LuckyManCF67: calls $0.20
*** TURN *** [Qd Tc 4s] [5s]
LuckyManCF67: checks 
Toby14280: checks 
*** RIVER *** [Qd Tc 4s 5s] [8c]
LuckyManCF67: checks 
Dávid 006 joins the table at seat #3 
Toby14280: bets $0.35
LuckyManCF67: calls $0.35
*** SHOW DOWN ***
Toby14280: shows [Ts Ah] (a pair of Tens)
LuckyManCF67: mucks hand 
Toby14280 collected $1.63 from pot
*** SUMMARY ***
Total pot $1.70 | Rake $0.07 
Board [Qd Tc 4s 5s 8c]
Seat 1: RtheBohnet (button) folded before Flop (didn't bet)
Seat 2: LuckyManCF67 (small blind) mucked [Jh Td]
Seat 4: Toby14280 (big blind) showed [Ts Ah] and won ($1.63) with a pair of Tens
Seat 5: geniuss folded before Flop (didn't bet)
Seat 6: Dorex2007 folded before Flop (didn't bet)
Seat 7: okure-okure2 folded before Flop (didn't bet)
Seat 8: Medator folded on the Flop
Seat 9: Nori130 folded before Flop (didn't bet)



PokerStars Hand #237879155975:  Hold'em No Limit ($0.02/$0.05 USD) - 2022/08/08 21:21:42 PT [2022/08/09 0:21:42 ET]
Table 'Parsifal II' 9-max Seat #2 is the button
Seat 1: RtheBohnet ($4.25 in chips) 
Seat 2: LuckyManCF67 ($2.12 in chips) 
Seat 4: Toby14280 ($5.78 in chips) 
Seat 5: geniuss ($6.39 in chips) 
Seat 6: Dorex2007 ($10.21 in chips) 
Seat 7: okure-okure2 ($2.18 in chips) 
Seat 8: Medator ($1.01 in chips) 
Seat 9: Nori130 ($6.46 in chips) 
Toby14280: posts small blind $0.02
geniuss: posts big blind $0.05
*** HOLE CARDS ***
Dealt to Dorex2007 [2s 3d]
Dorex2007: folds 
okure-okure2: folds 
Medator: folds 
Nori130: folds 
RtheBohnet: folds 
LuckyManCF67: folds 
Toby14280: folds 
Uncalled bet ($0.03) returned to geniuss
geniuss collected $0.04 from pot
*** SUMMARY ***
Total pot $0.04 | Rake $0 
Seat 1: RtheBohnet folded before Flop (didn't bet)
Seat 2: LuckyManCF67 (button) folded before Flop (didn't bet)
Seat 4: Toby14280 (small blind) folded before Flop
Seat 5: geniuss (big blind) collected ($0.04)
Seat 6: Dorex2007 folded before Flop (didn't bet)
Seat 7: okure-okure2 folded before Flop (didn't bet)
Seat 8: Medator folded before Flop (didn't bet)
Seat 9: Nori130 folded before Flop (didn't bet)



PokerStars Hand #237879157562:  Hold'em No Limit ($0.02/$0.05 USD) - 2022/08/08 21:21:54 PT [2022/08/09 0:21:54 ET]
Table 'Parsifal II' 9-max Seat #4 is the button
Seat 1: RtheBohnet ($4.25 in chips) 
Seat 2: LuckyManCF67 ($2.12 in chips) 
Seat 4: Toby14280 ($5.76 in chips) 
Seat 5: geniuss ($6.41 in chips) 
Seat 6: Dorex2007 ($10.21 in chips) 
Seat 7: okure-okure2 ($2.18 in chips) 
Seat 8: Medator ($1.01 in chips) 
Seat 9: Nori130 ($6.46 in chips) 
geniuss: posts small blind $0.02
Dorex2007: posts big blind $0.05
Dávid 006: sits out 
*** HOLE CARDS ***
Dealt to Dorex2007 [Jh Ts]
okure-okure2: folds 
Medator: folds 
Nori130: folds 
RtheBohnet: folds 
LuckyManCF67: folds 
Toby14280: calls $0.05
geniuss: folds 
Dorex2007: checks 
*** FLOP *** [Ad 5d Qs]
Dorex2007: checks 
Toby14280: bets $0.06
Dorex2007: calls $0.06
*** TURN *** [Ad 5d Qs] [3s]
Dorex2007: checks 
Toby14280: bets $0.21
Dorex2007: calls $0.21
*** RIVER *** [Ad 5d Qs 3s] [6c]
Dorex2007: checks 
Toby14280: checks 
*** SHOW DOWN ***
Dorex2007: shows [Jh Ts] (high card Ace)
Toby14280: mucks hand 
Dorex2007 collected $0.63 from pot
*** SUMMARY ***
Total pot $0.66 | Rake $0.03 
Board [Ad 5d Qs 3s 6c]
Seat 1: RtheBohnet folded before Flop (didn't bet)
Seat 2: LuckyManCF67 folded before Flop (didn't bet)
Seat 4: Toby14280 (button) mucked [9s 7s]
Seat 5: geniuss (small blind) folded before Flop
Seat 6: Dorex2007 (big blind) showed [Jh Ts] and won ($0.63) with high card Ace
Seat 7: okure-okure2 folded before Flop (didn't bet)
Seat 8: Medator folded before Flop (didn't bet)
Seat 9: Nori130 folded before Flop (didn't bet)



PokerStars Hand #237879166400:  Hold'em No Limit ($0.02/$0.05 USD) - 2022/08/08 21:23:05 PT [2022/08/09 0:23:05 ET]
Table 'Parsifal II' 9-max Seat #5 is the button
Seat 1: RtheBohnet ($4.25 in chips) 
Seat 2: LuckyManCF67 ($2.12 in chips) 
Seat 4: Toby14280 ($5.44 in chips) 
Seat 5: geniuss ($6.39 in chips) 
Seat 6: Dorex2007 ($10.52 in chips) 
Seat 7: okure-okure2 ($2.18 in chips) 
Seat 8: Medator ($1.01 in chips) 
Seat 9: Nori130 ($6.46 in chips) 
Dorex2007: posts small blind $0.02
okure-okure2: posts big blind $0.05
Dávid 006: sits out 
*** HOLE CARDS ***
Dealt to Dorex2007 [Js Jc]
Medator: calls $0.05
Nori130: folds 
RtheBohnet: raises $0.05 to $0.10
LuckyManCF67: folds 
Toby14280: folds 
geniuss: folds 
Dorex2007: calls $0.08
okure-okure2: folds 
Medator: calls $0.05
*** FLOP *** [7d 7c 2d]
Dorex2007: bets $0.23
Medator: folds 
RtheBohnet: folds 
Uncalled bet ($0.23) returned to Dorex2007
Dorex2007 collected $0.34 from pot
Dorex2007: doesn't show hand 
*** SUMMARY ***
Total pot $0.35 | Rake $0.01 
Board [7d 7c 2d]
Seat 1: RtheBohnet folded on the Flop
Seat 2: LuckyManCF67 folded before Flop (didn't bet)
Seat 4: Toby14280 folded before Flop (didn't bet)
Seat 5: geniuss (button) folded before Flop (didn't bet)
Seat 6: Dorex2007 (small blind) collected ($0.34)
Seat 7: okure-okure2 (big blind) folded before Flop
Seat 8: Medator folded on the Flop
Seat 9: Nori130 folded before Flop (didn't bet)



PokerStars Hand #237879171836:  Hold'em No Limit ($0.02/$0.05 USD) - 2022/08/08 21:23:49 PT [2022/08/09 0:23:49 ET]
Table 'Parsifal II' 9-max Seat #6 is the button
Seat 1: RtheBohnet ($4.15 in chips) 
Seat 2: LuckyManCF67 ($2.12 in chips) 
Seat 4: Toby14280 ($5.44 in chips) 
Seat 5: geniuss ($6.39 in chips) 
Seat 6: Dorex2007 ($10.76 in chips) 
Seat 7: okure-okure2 ($2.13 in chips) 
Seat 8: Medator ($0.91 in chips) 
Seat 9: Nori130 ($6.46 in chips) 
okure-okure2: posts small blind $0.02
Medator: posts big blind $0.05
Dávid 006: sits out 
*** HOLE CARDS ***
Dealt to Dorex2007 [Td Ah]
Nori130: folds 
RtheBohnet: folds 
LuckyManCF67: folds 
Toby14280: folds 
geniuss: folds 
Dorex2007: raises $0.10 to $0.15
okure-okure2: folds 
Medator: folds 
Uncalled bet ($0.10) returned to Dorex2007
Dorex2007 collected $0.12 from pot
Dorex2007: doesn't show hand 
*** SUMMARY ***
Total pot $0.12 | Rake $0 
Seat 1: RtheBohnet folded before Flop (didn't bet)
Seat 2: LuckyManCF67 folded before Flop (didn't bet)
Seat 4: Toby14280 folded before Flop (didn't bet)
Seat 5: geniuss folded before Flop (didn't bet)
Seat 6: Dorex2007 (button) collected ($0.12)
Seat 7: okure-okure2 (small blind) folded before Flop
Seat 8: Medator (big blind) folded before Flop
Seat 9: Nori130 folded before Flop (didn't bet)



PokerStars Hand #237879174521:  Hold'em No Limit ($0.02/$0.05 USD) - 2022/08/08 21:24:10 PT [2022/08/09 0:24:10 ET]
Table 'Parsifal II' 9-max Seat #7 is the button
Seat 1: RtheBohnet ($4.15 in chips) 
Seat 2: LuckyManCF67 ($2.12 in chips) 
Seat 4: Toby14280 ($5.44 in chips) 
Seat 5: geniuss ($6.39 in chips) 
Seat 6: Dorex2007 ($10.83 in chips) 
Seat 7: okure-okure2 ($2.11 in chips) 
Seat 8: Medator ($0.86 in chips) 
Seat 9: Nori130 ($6.46 in chips) 
Medator: posts small blind $0.02
Nori130: posts big blind $0.05
Dávid 006: sits out 
*** HOLE CARDS ***
Dealt to Dorex2007 [6d 7s]
RtheBohnet: folds 
Dávid 006 leaves the table
LuckyManCF67: calls $0.05
Toby14280: calls $0.05
geniuss: folds 
Dorex2007: folds 
okure-okure2: folds 
Medator: calls $0.03
Nori130: checks 
*** FLOP *** [Tc Kc Ah]
Medator: checks 
Nori130: checks 
LuckyManCF67: checks 
Toby14280: checks 
*** TURN *** [Tc Kc Ah] [4s]
Medator: checks 
Nori130: checks 
LuckyManCF67: checks 
Toby14280: checks 
*** RIVER *** [Tc Kc Ah 4s] [9c]
Eky5758 joins the table at seat #3 
Medator: checks 
Nori130: checks 
LuckyManCF67: bets $0.10
Toby14280: folds 
Medator: calls $0.10
Nori130: folds 
*** SHOW DOWN ***
LuckyManCF67: shows [Ad 5s] (a pair of Aces)
Medator: mucks hand 
LuckyManCF67 collected $0.38 from pot
*** SUMMARY ***
Total pot $0.40 | Rake $0.02 
Board [Tc Kc Ah 4s 9c]
Seat 1: RtheBohnet folded before Flop (didn't bet)
Seat 2: LuckyManCF67 showed [Ad 5s] and won ($0.38) with a pair of Aces
Seat 4: Toby14280 folded on the River
Seat 5: geniuss folded before Flop (didn't bet)
Seat 6: Dorex2007 folded before Flop (didn't bet)
Seat 7: okure-okure2 (button) folded before Flop (didn't bet)
Seat 8: Medator (small blind) mucked [3h Ks]
Seat 9: Nori130 (big blind) folded on the River



PokerStars Hand #237879183103:  Hold'em No Limit ($0.02/$0.05 USD) - 2022/08/08 21:25:19 PT [2022/08/09 0:25:19 ET]
Table 'Parsifal II' 9-max Seat #8 is the button
Seat 1: RtheBohnet ($4.15 in chips) 
Seat 2: LuckyManCF67 ($2.35 in chips) 
Seat 3: Eky5758 ($2 in chips) 
Seat 4: Toby14280 ($5.39 in chips) 
Seat 5: geniuss ($6.39 in chips) 
Seat 6: Dorex2007 ($10.83 in chips) 
Seat 7: okure-okure2 ($2.11 in chips) 
Seat 8: Medator ($0.71 in chips) 
Seat 9: Nori130 ($6.41 in chips) 
Nori130: posts small blind $0.02
RtheBohnet: posts big blind $0.05
Eky5758: posts big blind $0.05
*** HOLE CARDS ***
Dealt to Dorex2007 [Kc 2d]
LuckyManCF67 has timed out
LuckyManCF67: folds 
Eky5758: checks 
Toby14280: calls $0.05
geniuss: folds 
Dorex2007: folds 
okure-okure2: folds 
Medator: raises $0.66 to $0.71 and is all-in
Nori130: folds 
RtheBohnet: calls $0.66
Eky5758: folds 
Toby14280: folds 
*** FLOP *** [2s Jc Td]
*** TURN *** [2s Jc Td] [2h]
*** RIVER *** [2s Jc Td 2h] [Ks]
*** SHOW DOWN ***
RtheBohnet: shows [Qh Qd] (two pair, Queens and Deuces)
Medator: shows [4c Ac] (a pair of Deuces)
RtheBohnet collected $1.48 from pot
*** SUMMARY ***
Total pot $1.54 | Rake $0.06 
Board [2s Jc Td 2h Ks]
Seat 1: RtheBohnet (big blind) showed [Qh Qd] and won ($1.48) with two pair, Queens and Deuces
Seat 2: LuckyManCF67 folded before Flop (didn't bet)
Seat 3: Eky5758 folded before Flop (didn't bet)
Seat 4: Toby14280 folded before Flop
Seat 5: geniuss folded before Flop (didn't bet)
Seat 6: Dorex2007 folded before Flop (didn't bet)
Seat 7: okure-okure2 folded before Flop (didn't bet)
Seat 8: Medator (button) showed [4c Ac] and lost with a pair of Deuces
Seat 9: Nori130 (small blind) folded before Flop



PokerStars Hand #237879190154:  Hold'em No Limit ($0.02/$0.05 USD) - 2022/08/08 21:26:15 PT [2022/08/09 0:26:15 ET]
Table 'Parsifal II' 9-max Seat #9 is the button
Seat 1: RtheBohnet ($4.92 in chips) 
Seat 2: LuckyManCF67 ($2.35 in chips) 
Seat 3: Eky5758 ($1.95 in chips) 
Seat 4: Toby14280 ($5.34 in chips) 
Seat 5: geniuss ($6.39 in chips) 
Seat 6: Dorex2007 ($10.83 in chips) 
Seat 7: okure-okure2 ($2.11 in chips) 
Seat 9: Nori130 ($6.39 in chips) 
RtheBohnet: posts small blind $0.02
LuckyManCF67: posts big blind $0.05
*** HOLE CARDS ***
Dealt to Dorex2007 [Qs 8s]
Eky5758: folds 
Toby14280: folds 
geniuss: folds 
Dorex2007: folds 
okure-okure2: raises $0.09 to $0.14
Nori130: folds 
RtheBohnet: folds 
Medator leaves the table
LuckyManCF67: folds 
Uncalled bet ($0.09) returned to okure-okure2
okure-okure2 collected $0.12 from pot
okure-okure2: doesn't show hand 
*** SUMMARY ***
Total pot $0.12 | Rake $0 
Seat 1: RtheBohnet (small blind) folded before Flop
Seat 2: LuckyManCF67 (big blind) folded before Flop
Seat 3: Eky5758 folded before Flop (didn't bet)
Seat 4: Toby14280 folded before Flop (didn't bet)
Seat 5: geniuss folded before Flop (didn't bet)
Seat 6: Dorex2007 folded before Flop (didn't bet)
Seat 7: okure-okure2 collected ($0.12)
Seat 9: Nori130 (button) folded before Flop (didn't bet)



PokerStars Hand #237879192757:  Hold'em No Limit ($0.02/$0.05 USD) - 2022/08/08 21:26:37 PT [2022/08/09 0:26:37 ET]
Table 'Parsifal II' 9-max Seat #1 is the button
Seat 1: RtheBohnet ($4.90 in chips) 
Seat 2: LuckyManCF67 ($2.30 in chips) 
Seat 3: Eky5758 ($1.95 in chips) 
Seat 4: Toby14280 ($5.34 in chips) 
Seat 5: geniuss ($6.39 in chips) 
Seat 6: Dorex2007 ($10.83 in chips) 
Seat 7: okure-okure2 ($2.18 in chips) 
Seat 9: Nori130 ($6.39 in chips) 
LuckyManCF67: posts small blind $0.02
Eky5758: posts big blind $0.05
*** HOLE CARDS ***
Dealt to Dorex2007 [4d Jc]
Toby14280: folds 
geniuss: folds 
Dorex2007: folds 
okure-okure2: folds 
Nori130: folds 
RtheBohnet: raises $0.05 to $0.10
LuckyManCF67: folds 
Eky5758: calls $0.05
*** FLOP *** [8c 3c 9s]
Eky5758: checks 
RtheBohnet: bets $0.10
Eky5758: folds 
Uncalled bet ($0.10) returned to RtheBohnet
RtheBohnet collected $0.21 from pot
*** SUMMARY ***
Total pot $0.22 | Rake $0.01 
Board [8c 3c 9s]
Seat 1: RtheBohnet (button) collected ($0.21)
Seat 2: LuckyManCF67 (small blind) folded before Flop
Seat 3: Eky5758 (big blind) folded on the Flop
Seat 4: Toby14280 folded before Flop (didn't bet)
Seat 5: geniuss folded before Flop (didn't bet)
Seat 6: Dorex2007 folded before Flop (didn't bet)
Seat 7: okure-okure2 folded before Flop (didn't bet)
Seat 9: Nori130 folded before Flop (didn't bet)



PokerStars Hand #237879196840:  Hold'em No Limit ($0.02/$0.05 USD) - 2022/08/08 21:27:10 PT [2022/08/09 0:27:10 ET]
Table 'Parsifal II' 9-max Seat #2 is the button
Seat 1: RtheBohnet ($5.01 in chips) 
Seat 2: LuckyManCF67 ($2.28 in chips) 
Seat 3: Eky5758 ($1.85 in chips) 
Seat 4: Toby14280 ($5.34 in chips) 
Seat 5: geniuss ($6.39 in chips) 
Seat 6: Dorex2007 ($10.83 in chips) 
Seat 7: okure-okure2 ($2.18 in chips) 
Seat 9: Nori130 ($6.39 in chips) 
Eky5758: posts small blind $0.02
Toby14280: posts big blind $0.05
*** HOLE CARDS ***
Dealt to Dorex2007 [3h Ad]
geniuss: folds 
Dorex2007: folds 
okure-okure2: raises $0.09 to $0.14
Nori130: folds 
RtheBohnet: folds 
LuckyManCF67: folds 
Eky5758: folds 
Toby14280: calls $0.09
*** FLOP *** [6s 7c Ah]
Toby14280: checks 
okure-okure2: bets $0.14
Toby14280: raises $0.24 to $0.38
okure-okure2: folds 
Uncalled bet ($0.24) returned to Toby14280
Toby14280 collected $0.56 from pot
*** SUMMARY ***
Total pot $0.58 | Rake $0.02 
Board [6s 7c Ah]
Seat 1: RtheBohnet folded before Flop (didn't bet)
Seat 2: LuckyManCF67 (button) folded before Flop (didn't bet)
Seat 3: Eky5758 (small blind) folded before Flop
Seat 4: Toby14280 (big blind) collected ($0.56)
Seat 5: geniuss folded before Flop (didn't bet)
Seat 6: Dorex2007 folded before Flop (didn't bet)
Seat 7: okure-okure2 folded on the Flop
Seat 9: Nori130 folded before Flop (didn't bet)



PokerStars Hand #237879203106:  Hold'em No Limit ($0.02/$0.05 USD) - 2022/08/08 21:28:01 PT [2022/08/09 0:28:01 ET]
Table 'Parsifal II' 9-max Seat #3 is the button
Seat 1: RtheBohnet ($5.01 in chips) 
Seat 2: LuckyManCF67 ($2.28 in chips) 
Seat 3: Eky5758 ($1.83 in chips) 
Seat 4: Toby14280 ($5.62 in chips) 
Seat 5: geniuss ($6.39 in chips) 
Seat 6: Dorex2007 ($10.83 in chips) 
Seat 7: okure-okure2 ($1.90 in chips) 
Seat 9: Nori130 ($6.39 in chips) 
Toby14280: posts small blind $0.02
geniuss: posts big blind $0.05
*** HOLE CARDS ***
Dealt to Dorex2007 [Js 6h]
Dorex2007: folds 
okure-okure2: folds 
Nori130: folds 
RtheBohnet: folds 
LuckyManCF67: folds 
Eky5758: raises $0.15 to $0.20
Toby14280: raises $0.45 to $0.65
geniuss: folds 
Eky5758: raises $0.45 to $1.10
Toby14280: raises $4.52 to $5.62 and is all-in
Eky5758: calls $0.73 and is all-in
Uncalled bet ($3.79) returned to Toby14280
*** FLOP *** [Jd 3d Td]
*** TURN *** [Jd 3d Td] [Tc]
*** RIVER *** [Jd 3d Td Tc] [5d]
*** SHOW DOWN ***
Toby14280: shows [Qh Ac] (a pair of Tens)
Eky5758: shows [Ks Kc] (two pair, Kings and Tens)
Eky5758 collected $3.56 from pot
*** SUMMARY ***
Total pot $3.71 | Rake $0.15 
Board [Jd 3d Td Tc 5d]
Seat 1: RtheBohnet folded before Flop (didn't bet)
Seat 2: LuckyManCF67 folded before Flop (didn't bet)
Seat 3: Eky5758 (button) showed [Ks Kc] and won ($3.56) with two pair, Kings and Tens
Seat 4: Toby14280 (small blind) showed [Qh Ac] and lost with a pair of Tens
Seat 5: geniuss (big blind) folded before Flop
Seat 6: Dorex2007 folded before Flop (didn't bet)
Seat 7: okure-okure2 folded before Flop (didn't bet)
Seat 9: Nori130 folded before Flop (didn't bet)



PokerStars Hand #237879207616:  Hold'em No Limit ($0.02/$0.05 USD) - 2022/08/08 21:28:39 PT [2022/08/09 0:28:39 ET]
Table 'Parsifal II' 9-max Seat #4 is the button
Seat 1: RtheBohnet ($5.01 in chips) 
Seat 2: LuckyManCF67 ($2.28 in chips) 
Seat 3: Eky5758 ($3.56 in chips) 
Seat 4: Toby14280 ($3.79 in chips) 
Seat 5: geniuss ($6.34 in chips) 
Seat 6: Dorex2007 ($10.83 in chips) 
Seat 7: okure-okure2 ($1.90 in chips) 
Seat 9: Nori130 ($6.39 in chips) 
geniuss: posts small blind $0.02
Dorex2007: posts big blind $0.05
*** HOLE CARDS ***
Dealt to Dorex2007 [Qd 6s]
okure-okure2: folds 
Nori130: raises $0.10 to $0.15
RtheBohnet: folds 
LuckyManCF67: folds 
Eky5758: folds 
Toby14280: folds 
geniuss: folds 
Dorex2007: folds 
Uncalled bet ($0.10) returned to Nori130
Nori130 collected $0.12 from pot
Nori130: doesn't show hand 
*** SUMMARY ***
Total pot $0.12 | Rake $0 
Seat 1: RtheBohnet folded before Flop (didn't bet)
Seat 2: LuckyManCF67 folded before Flop (didn't bet)
Seat 3: Eky5758 folded before Flop (didn't bet)
Seat 4: Toby14280 (button) folded before Flop (didn't bet)
Seat 5: geniuss (small blind) folded before Flop
Seat 6: Dorex2007 (big blind) folded before Flop
Seat 7: okure-okure2 folded before Flop (didn't bet)
Seat 9: Nori130 collected ($0.12)



PokerStars Hand #237879209944:  Hold'em No Limit ($0.02/$0.05 USD) - 2022/08/08 21:28:58 PT [2022/08/09 0:28:58 ET]
Table 'Parsifal II' 9-max Seat #5 is the button
Seat 1: RtheBohnet ($5.01 in chips) 
Seat 2: LuckyManCF67 ($2.28 in chips) 
Seat 3: Eky5758 ($3.56 in chips) 
Seat 4: Toby14280 ($5 in chips) 
Seat 5: geniuss ($6.32 in chips) 
Seat 6: Dorex2007 ($10.78 in chips) 
Seat 7: okure-okure2 ($1.90 in chips) 
Seat 9: Nori130 ($6.46 in chips) 
Dorex2007: posts small blind $0.02
okure-okure2: posts big blind $0.05
*** HOLE CARDS ***
Dealt to Dorex2007 [7c 4d]
Nori130: folds 
RtheBohnet: folds 
LuckyManCF67: folds 
Eky5758: folds 
Toby14280: folds 
geniuss: folds 
Dorex2007: folds 
Uncalled bet ($0.03) returned to okure-okure2
okure-okure2 collected $0.04 from pot
okure-okure2: doesn't show hand 
*** SUMMARY ***
Total pot $0.04 | Rake $0 
Seat 1: RtheBohnet folded before Flop (didn't bet)
Seat 2: LuckyManCF67 folded before Flop (didn't bet)
Seat 3: Eky5758 folded before Flop (didn't bet)
Seat 4: Toby14280 folded before Flop (didn't bet)
Seat 5: geniuss (button) folded before Flop (didn't bet)
Seat 6: Dorex2007 (small blind) folded before Flop
Seat 7: okure-okure2 (big blind) collected ($0.04)
Seat 9: Nori130 folded before Flop (didn't bet)



PokerStars Hand #237879213081:  Hold'em No Limit ($0.02/$0.05 USD) - 2022/08/08 21:29:24 PT [2022/08/09 0:29:24 ET]
Table 'Parsifal II' 9-max Seat #6 is the button
Seat 1: RtheBohnet ($5.01 in chips) 
Seat 2: LuckyManCF67 ($2.28 in chips) 
Seat 3: Eky5758 ($3.56 in chips) 
Seat 4: Toby14280 ($5 in chips) 
Seat 5: geniuss ($6.32 in chips) 
Seat 6: Dorex2007 ($10.76 in chips) 
Seat 7: okure-okure2 ($1.92 in chips) 
okure-okure2: posts small blind $0.02
RtheBohnet: posts big blind $0.05
*** HOLE CARDS ***
Dealt to Dorex2007 [9s 7c]
LuckyManCF67: raises $0.05 to $0.10
Eky5758: folds 
Toby14280: folds 
geniuss: folds 
Dorex2007: folds 
okure-okure2: calls $0.08
RtheBohnet: folds 
*** FLOP *** [Jh Qd 6h]
okure-okure2: checks 
LuckyManCF67: bets $0.12
okure-okure2: raises $0.18 to $0.30
LuckyManCF67: calls $0.18
*** TURN *** [Jh Qd 6h] [4d]
okure-okure2: bets $0.81
LuckyManCF67: calls $0.81
*** RIVER *** [Jh Qd 6h 4d] [5s]
okure-okure2: bets $0.71 and is all-in
LuckyManCF67: calls $0.71
*** SHOW DOWN ***
okure-okure2: shows [Qc Jc] (two pair, Queens and Jacks)
LuckyManCF67: shows [8s 8c] (a pair of Eights)
okure-okure2 collected $3.73 from pot
*** SUMMARY ***
Total pot $3.89 | Rake $0.16 
Board [Jh Qd 6h 4d 5s]
Seat 1: RtheBohnet (big blind) folded before Flop
Seat 2: LuckyManCF67 showed [8s 8c] and lost with a pair of Eights
Seat 3: Eky5758 folded before Flop (didn't bet)
Seat 4: Toby14280 folded before Flop (didn't bet)
Seat 5: geniuss folded before Flop (didn't bet)
Seat 6: Dorex2007 (button) folded before Flop (didn't bet)
Seat 7: okure-okure2 (small blind) showed [Qc Jc] and won ($3.73) with two pair, Queens and Jacks



PokerStars Hand #237879222082:  Hold'em No Limit ($0.02/$0.05 USD) - 2022/08/08 21:30:41 PT [2022/08/09 0:30:41 ET]
Table 'Parsifal II' 9-max Seat #7 is the button
Seat 1: RtheBohnet ($4.96 in chips) 
Seat 2: LuckyManCF67 ($0.36 in chips) 
Seat 3: Eky5758 ($3.56 in chips) 
Seat 4: Toby14280 ($5 in chips) 
Seat 5: geniuss ($6.32 in chips) 
Seat 6: Dorex2007 ($10.76 in chips) 
Seat 7: okure-okure2 ($3.73 in chips) 
RtheBohnet: posts small blind $0.02
LuckyManCF67: posts big blind $0.05
*** HOLE CARDS ***
Dealt to Dorex2007 [7c 6d]
Eky5758: folds 
Toby14280: folds 
geniuss: folds 
Dorex2007: folds 
Eky5758 leaves the table
okure-okure2: raises $0.07 to $0.12
RtheBohnet: folds 
LuckyManCF67: calls $0.07
*** FLOP *** [Qh 9d 6c]
LuckyManCF67: checks 
okure-okure2: checks 
*** TURN *** [Qh 9d 6c] [4s]
LuckyManCF67: checks 
okure-okure2: checks 
*** RIVER *** [Qh 9d 6c 4s] [8c]
LuckyManCF67: bets $0.24 and is all-in
okure-okure2: calls $0.24
*** SHOW DOWN ***
LuckyManCF67: shows [7d 3c] (high card Queen)
okure-okure2: shows [Ts Ah] (high card Ace)
okure-okure2 collected $0.71 from pot
*** SUMMARY ***
Total pot $0.74 | Rake $0.03 
Board [Qh 9d 6c 4s 8c]
Seat 1: RtheBohnet (small blind) folded before Flop
Seat 2: LuckyManCF67 (big blind) showed [7d 3c] and lost with high card Queen
Seat 3: Eky5758 folded before Flop (didn't bet)
Seat 4: Toby14280 folded before Flop (didn't bet)
Seat 5: geniuss folded before Flop (didn't bet)
Seat 6: Dorex2007 folded before Flop (didn't bet)
Seat 7: okure-okure2 (button) showed [Ts Ah] and won ($0.71) with high card Ace



PokerStars Hand #237879228836:  Hold'em No Limit ($0.02/$0.05 USD) - 2022/08/08 21:31:38 PT [2022/08/09 0:31:38 ET]
Table 'Parsifal II' 9-max Seat #1 is the button
Seat 1: RtheBohnet ($4.94 in chips) 
Seat 4: Toby14280 ($5 in chips) 
Seat 5: geniuss ($6.32 in chips) 
Seat 6: Dorex2007 ($10.76 in chips) 
Seat 7: okure-okure2 ($4.08 in chips) 
Toby14280: posts small blind $0.02
geniuss: posts big blind $0.05
*** HOLE CARDS ***
Dealt to Dorex2007 [Ah 7d]
Dorex2007: folds 
okure-okure2: raises $0.07 to $0.12
RtheBohnet: folds 
LuckyManCF67 leaves the table
Toby14280: raises $0.29 to $0.41
geniuss: folds 
okure-okure2: folds 
Uncalled bet ($0.29) returned to Toby14280
Toby14280 collected $0.29 from pot
*** SUMMARY ***
Total pot $0.29 | Rake $0 
Seat 1: RtheBohnet (button) folded before Flop (didn't bet)
Seat 4: Toby14280 (small blind) collected ($0.29)
Seat 5: geniuss (big blind) folded before Flop
Seat 6: Dorex2007 folded before Flop (didn't bet)
Seat 7: okure-okure2 folded before Flop



PokerStars Hand #237879233184:  Hold'em No Limit ($0.02/$0.05 USD) - 2022/08/08 21:32:14 PT [2022/08/09 0:32:14 ET]
Table 'Parsifal II' 9-max Seat #4 is the button
Seat 1: RtheBohnet ($4.94 in chips) 
Seat 4: Toby14280 ($5.17 in chips) 
Seat 5: geniuss ($6.27 in chips) 
Seat 6: Dorex2007 ($10.76 in chips) 
Seat 7: okure-okure2 ($3.96 in chips) 
geniuss: posts small blind $0.02
Dorex2007: posts big blind $0.05
*** HOLE CARDS ***
Dealt to Dorex2007 [Js 9s]
okure-okure2: folds 
RtheBohnet: raises $0.05 to $0.10
Toby14280: raises $0.20 to $0.30
geniuss: folds 
Dorex2007: folds 
RtheBohnet: folds 
Uncalled bet ($0.20) returned to Toby14280
Toby14280 collected $0.27 from pot
*** SUMMARY ***
Total pot $0.27 | Rake $0 
Seat 1: RtheBohnet folded before Flop
Seat 4: Toby14280 (button) collected ($0.27)
Seat 5: geniuss (small blind) folded before Flop
Seat 6: Dorex2007 (big blind) folded before Flop
Seat 7: okure-okure2 folded before Flop (didn't bet)



PokerStars Hand #237879235129:  Hold'em No Limit ($0.02/$0.05 USD) - 2022/08/08 21:32:30 PT [2022/08/09 0:32:30 ET]
Table 'Parsifal II' 9-max Seat #5 is the button
Seat 1: RtheBohnet ($4.84 in chips) 
Seat 4: Toby14280 ($5.34 in chips) 
Seat 5: geniuss ($6.25 in chips) 
Seat 6: Dorex2007 ($10.71 in chips) 
Seat 7: okure-okure2 ($3.96 in chips) 
Dorex2007: posts small blind $0.02
okure-okure2: posts big blind $0.05
*** HOLE CARDS ***
Dealt to Dorex2007 [4c Kh]
RtheBohnet: folds 
Toby14280: folds 
geniuss: raises $0.07 to $0.12
Dorex2007: folds 
okure-okure2: calls $0.07
*** FLOP *** [8c 5d 4d]
okure-okure2: checks 
geniuss: checks 
*** TURN *** [8c 5d 4d] [5s]
okure-okure2: checks 
geniuss: checks 
*** RIVER *** [8c 5d 4d 5s] [Qh]
okure-okure2: bets $0.25
RtheBohnet leaves the table
geniuss: folds 
Uncalled bet ($0.25) returned to okure-okure2
okure-okure2 collected $0.25 from pot
okure-okure2: doesn't show hand 
*** SUMMARY ***
Total pot $0.26 | Rake $0.01 
Board [8c 5d 4d 5s Qh]
Seat 1: RtheBohnet folded before Flop (didn't bet)
Seat 4: Toby14280 folded before Flop (didn't bet)
Seat 5: geniuss (button) folded on the River
Seat 6: Dorex2007 (small blind) folded before Flop
Seat 7: okure-okure2 (big blind) collected ($0.25)



PokerStars Hand #237879242019:  Hold'em No Limit ($0.02/$0.05 USD) - 2022/08/08 21:33:28 PT [2022/08/09 0:33:28 ET]
Table 'Parsifal II' 9-max Seat #6 is the button
Seat 4: Toby14280 ($5.34 in chips) 
Seat 5: geniuss ($6.13 in chips) 
Seat 6: Dorex2007 ($10.69 in chips) 
Seat 7: okure-okure2 ($4.09 in chips) 
Seat 9: Nori130 ($6.46 in chips) 
okure-okure2: posts small blind $0.02
Nori130: posts big blind $0.05
*** HOLE CARDS ***
Dealt to Dorex2007 [4s 8c]
Toby14280: calls $0.05
geniuss: folds 
Dorex2007: folds 
okure-okure2: calls $0.03
Nori130: checks 
*** FLOP *** [3h Ks Ac]
okure-okure2: checks 
Nori130: bets $0.07
Toby14280: folds 
okure-okure2: folds 
Uncalled bet ($0.07) returned to Nori130
Nori130 collected $0.14 from pot
Nori130: doesn't show hand 
*** SUMMARY ***
Total pot $0.15 | Rake $0.01 
Board [3h Ks Ac]
Seat 4: Toby14280 folded on the Flop
Seat 5: geniuss folded before Flop (didn't bet)
Seat 6: Dorex2007 (button) folded before Flop (didn't bet)
Seat 7: okure-okure2 (small blind) folded on the Flop
Seat 9: Nori130 (big blind) collected ($0.14)



PokerStars Hand #237879246151:  Hold'em No Limit ($0.02/$0.05 USD) - 2022/08/08 21:34:03 PT [2022/08/09 0:34:03 ET]
Table 'Parsifal II' 9-max Seat #7 is the button
Seat 4: Toby14280 ($5.29 in chips) 
Seat 5: geniuss ($6.13 in chips) 
Seat 6: Dorex2007 ($10.69 in chips) 
Seat 7: okure-okure2 ($4.04 in chips) 
Seat 9: Nori130 ($6.55 in chips) 
Nori130: posts small blind $0.02
Toby14280: posts big blind $0.05
*** HOLE CARDS ***
Dealt to Dorex2007 [6s Ks]
geniuss: folds 
Dorex2007: folds 
okure-okure2: folds 
Nori130: folds 
Uncalled bet ($0.03) returned to Toby14280
Toby14280 collected $0.04 from pot
*** SUMMARY ***
Total pot $0.04 | Rake $0 
Seat 4: Toby14280 (big blind) collected ($0.04)
Seat 5: geniuss folded before Flop (didn't bet)
Seat 6: Dorex2007 folded before Flop (didn't bet)
Seat 7: okure-okure2 (button) folded before Flop (didn't bet)
Seat 9: Nori130 (small blind) folded before Flop



PokerStars Hand #237879248742:  Hold'em No Limit ($0.02/$0.05 USD) - 2022/08/08 21:34:24 PT [2022/08/09 0:34:24 ET]
Table 'Parsifal II' 9-max Seat #9 is the button
Seat 4: Toby14280 ($5.31 in chips) 
Seat 5: geniuss ($6.13 in chips) 
Seat 6: Dorex2007 ($10.69 in chips) 
Seat 7: okure-okure2 ($4.04 in chips) 
Seat 9: Nori130 ($6.53 in chips) 
Toby14280: posts small blind $0.02
geniuss: posts big blind $0.05
*** HOLE CARDS ***
Dealt to Dorex2007 [Ah Qc]
Dorex2007: raises $0.10 to $0.15
okure-okure2: folds 
Nori130: calls $0.15
Toby14280: folds 
geniuss: calls $0.10
*** FLOP *** [3d 8d 7h]
geniuss: bets $0.05
Dorex2007: calls $0.05
Nori130: calls $0.05
*** TURN *** [3d 8d 7h] [5c]
geniuss: checks 
Dorex2007: checks 
Nori130: checks 
*** RIVER *** [3d 8d 7h 5c] [Qd]
geniuss: bets $0.42
Dorex2007: folds 
Nori130: folds 
Uncalled bet ($0.42) returned to geniuss
geniuss collected $0.59 from pot
*** SUMMARY ***
Total pot $0.62 | Rake $0.03 
Board [3d 8d 7h 5c Qd]
Seat 4: Toby14280 (small blind) folded before Flop
Seat 5: geniuss (big blind) collected ($0.59)
Seat 6: Dorex2007 folded on the River
Seat 7: okure-okure2 folded before Flop (didn't bet)
Seat 9: Nori130 (button) folded on the River



PokerStars Hand #237880291954:  Hold'em No Limit ($0.02/$0.05 USD) - 2022/08/09 0:11:04 PT [2022/08/09 3:11:04 ET]
Table 'Parsifal II' 9-max Seat #6 is the button
Seat 1: shakadevirgo90 ($3.80 in chips) 
Seat 3: Andresinho46 ($10.55 in chips) 
Seat 4: peschr ($4.79 in chips) 
Seat 5: Dorex2007 ($5 in chips) 
Seat 6: AizenLT ($2.13 in chips) 
Seat 7: twk7 ($5.11 in chips) 
Seat 8: STBlues24fan ($3.81 in chips) 
Seat 9: losmerca ($2.18 in chips) 
twk7: posts small blind $0.02
STBlues24fan: posts big blind $0.05
skudray123: sits out 
Dorex2007: posts big blind $0.05
*** HOLE CARDS ***
Dealt to Dorex2007 [Qd 6c]
losmerca: folds 
shakadevirgo90: folds 
Andresinho46: folds 
peschr: folds 
Dorex2007: checks 
AizenLT: raises $2.08 to $2.13 and is all-in
twk7: folds 
STBlues24fan: folds 
Dorex2007: folds 
Uncalled bet ($2.08) returned to AizenLT
AizenLT collected $0.17 from pot
AizenLT: doesn't show hand 
*** SUMMARY ***
Total pot $0.17 | Rake $0 
Seat 1: shakadevirgo90 folded before Flop (didn't bet)
Seat 3: Andresinho46 folded before Flop (didn't bet)
Seat 4: peschr folded before Flop (didn't bet)
Seat 5: Dorex2007 folded before Flop (didn't bet)
Seat 6: AizenLT (button) collected ($0.17)
Seat 7: twk7 (small blind) folded before Flop
Seat 8: STBlues24fan (big blind) folded before Flop
Seat 9: losmerca folded before Flop (didn't bet)



PokerStars Hand #237880294409:  Hold'em No Limit ($0.02/$0.05 USD) - 2022/08/09 0:11:27 PT [2022/08/09 3:11:27 ET]
Table 'Parsifal II' 9-max Seat #7 is the button
Seat 1: shakadevirgo90 ($3.80 in chips) 
Seat 3: Andresinho46 ($10.55 in chips) 
Seat 4: peschr ($4.79 in chips) 
Seat 5: Dorex2007 ($5 in chips) 
Seat 6: AizenLT ($2.25 in chips) 
Seat 7: twk7 ($5.09 in chips) 
Seat 8: STBlues24fan ($3.76 in chips) 
Seat 9: losmerca ($2.18 in chips) 
STBlues24fan: posts small blind $0.02
losmerca: posts big blind $0.05
skudray123: sits out 
*** HOLE CARDS ***
Dealt to Dorex2007 [9d 4c]
shakadevirgo90: folds 
Andresinho46: folds 
peschr: folds 
Dorex2007: folds 
AizenLT: calls $0.05
twk7: folds 
STBlues24fan: folds 
losmerca: checks 
*** FLOP *** [3d 2c Qh]
losmerca: checks 
AizenLT: checks 
*** TURN *** [3d 2c Qh] [4d]
losmerca: checks 
AizenLT: checks 
*** RIVER *** [3d 2c Qh 4d] [8s]
losmerca: checks 
AizenLT: checks 
*** SHOW DOWN ***
losmerca: shows [Jh 9s] (high card Queen)
AizenLT: mucks hand 
losmerca collected $0.12 from pot
*** SUMMARY ***
Total pot $0.12 | Rake $0 
Board [3d 2c Qh 4d 8s]
Seat 1: shakadevirgo90 folded before Flop (didn't bet)
Seat 3: Andresinho46 folded before Flop (didn't bet)
Seat 4: peschr folded before Flop (didn't bet)
Seat 5: Dorex2007 folded before Flop (didn't bet)
Seat 6: AizenLT mucked [Jd 7h]
Seat 7: twk7 (button) folded before Flop (didn't bet)
Seat 8: STBlues24fan (small blind) folded before Flop
Seat 9: losmerca (big blind) showed [Jh 9s] and won ($0.12) with high card Queen



PokerStars Hand #237880297764:  Hold'em No Limit ($0.02/$0.05 USD) - 2022/08/09 0:11:58 PT [2022/08/09 3:11:58 ET]
Table 'Parsifal II' 9-max Seat #8 is the button
Seat 1: shakadevirgo90 ($3.80 in chips) 
Seat 3: Andresinho46 ($10.55 in chips) 
Seat 4: peschr ($4.79 in chips) 
Seat 5: Dorex2007 ($5 in chips) 
Seat 6: AizenLT ($2.20 in chips) 
Seat 7: twk7 ($5.09 in chips) 
Seat 8: STBlues24fan ($3.74 in chips) 
Seat 9: losmerca ($2.25 in chips) 
losmerca: posts small blind $0.02
shakadevirgo90: posts big blind $0.05
skudray123: sits out 
*** HOLE CARDS ***
Dealt to Dorex2007 [Ac Td]
Andresinho46: folds 
peschr: calls $0.05
Dorex2007: folds 
AizenLT: folds 
twk7: folds 
STBlues24fan: calls $0.05
losmerca: folds 
shakadevirgo90: checks 
*** FLOP *** [5h Ks 7s]
shakadevirgo90: checks 
peschr: bets $0.11
STBlues24fan: folds 
shakadevirgo90: folds 
Uncalled bet ($0.11) returned to peschr
peschr collected $0.16 from pot
peschr: doesn't show hand 
*** SUMMARY ***
Total pot $0.17 | Rake $0.01 
Board [5h Ks 7s]
Seat 1: shakadevirgo90 (big blind) folded on the Flop
Seat 3: Andresinho46 folded before Flop (didn't bet)
Seat 4: peschr collected ($0.16)
Seat 5: Dorex2007 folded before Flop (didn't bet)
Seat 6: AizenLT folded before Flop (didn't bet)
Seat 7: twk7 folded before Flop (didn't bet)
Seat 8: STBlues24fan (button) folded on the Flop
Seat 9: losmerca (small blind) folded before Flop



PokerStars Hand #237880301448:  Hold'em No Limit ($0.02/$0.05 USD) - 2022/08/09 0:12:32 PT [2022/08/09 3:12:32 ET]
Table 'Parsifal II' 9-max Seat #9 is the button
Seat 1: shakadevirgo90 ($3.75 in chips) 
Seat 2: skudray123 ($4.94 in chips) 
Seat 3: Andresinho46 ($10.55 in chips) 
Seat 4: peschr ($4.90 in chips) 
Seat 5: Dorex2007 ($5 in chips) 
Seat 6: AizenLT ($2.20 in chips) 
Seat 7: twk7 ($5.09 in chips) 
Seat 8: STBlues24fan ($3.69 in chips) 
Seat 9: losmerca ($2.23 in chips) 
shakadevirgo90: posts small blind $0.02
skudray123: posts big blind $0.05
*** HOLE CARDS ***
Dealt to Dorex2007 [Jc 8h]
Andresinho46: folds 
peschr: folds 
Dorex2007: folds 
AizenLT: folds 
twk7: folds 
STBlues24fan: calls $0.05
losmerca: raises $2.18 to $2.23 and is all-in
shakadevirgo90: folds 
skudray123: folds 
STBlues24fan: folds 
Uncalled bet ($2.18) returned to losmerca
losmerca collected $0.17 from pot
losmerca: doesn't show hand 
*** SUMMARY ***
Total pot $0.17 | Rake $0 
Seat 1: shakadevirgo90 (small blind) folded before Flop
Seat 2: skudray123 (big blind) folded before Flop
Seat 3: Andresinho46 folded before Flop (didn't bet)
Seat 4: peschr folded before Flop (didn't bet)
Seat 5: Dorex2007 folded before Flop (didn't bet)
Seat 6: AizenLT folded before Flop (didn't bet)
Seat 7: twk7 folded before Flop (didn't bet)
Seat 8: STBlues24fan folded before Flop
Seat 9: losmerca (button) collected ($0.17)



PokerStars Hand #237880304217:  Hold'em No Limit ($0.02/$0.05 USD) - 2022/08/09 0:12:57 PT [2022/08/09 3:12:57 ET]
Table 'Parsifal II' 9-max Seat #1 is the button
Seat 1: shakadevirgo90 ($3.73 in chips) 
Seat 2: skudray123 ($4.89 in chips) 
Seat 3: Andresinho46 ($10.55 in chips) 
Seat 4: peschr ($4.90 in chips) 
Seat 5: Dorex2007 ($5 in chips) 
Seat 6: AizenLT ($2.20 in chips) 
Seat 7: twk7 ($5.09 in chips) 
Seat 8: STBlues24fan ($3.64 in chips) 
Seat 9: losmerca ($2.35 in chips) 
skudray123: posts small blind $0.02
Andresinho46: posts big blind $0.05
*** HOLE CARDS ***
Dealt to Dorex2007 [6h 8h]
peschr: folds 
Dorex2007: folds 
AizenLT: folds 
twk7: folds 
STBlues24fan: calls $0.05
losmerca: folds 
shakadevirgo90: folds 
skudray123: folds 
Andresinho46: checks 
*** FLOP *** [Qs 6s 9h]
Andresinho46: checks 
STBlues24fan: checks 
*** TURN *** [Qs 6s 9h] [Js]
Andresinho46: checks 
STBlues24fan: bets $0.10
Andresinho46: folds 
Uncalled bet ($0.10) returned to STBlues24fan
STBlues24fan collected $0.12 from pot
STBlues24fan: doesn't show hand 
*** SUMMARY ***
Total pot $0.12 | Rake $0 
Board [Qs 6s 9h Js]
Seat 1: shakadevirgo90 (button) folded before Flop (didn't bet)
Seat 2: skudray123 (small blind) folded before Flop
Seat 3: Andresinho46 (big blind) folded on the Turn
Seat 4: peschr folded before Flop (didn't bet)
Seat 5: Dorex2007 folded before Flop (didn't bet)
Seat 6: AizenLT folded before Flop (didn't bet)
Seat 7: twk7 folded before Flop (didn't bet)
Seat 8: STBlues24fan collected ($0.12)
Seat 9: losmerca folded before Flop (didn't bet)



PokerStars Hand #237880309030:  Hold'em No Limit ($0.02/$0.05 USD) - 2022/08/09 0:13:41 PT [2022/08/09 3:13:41 ET]
Table 'Parsifal II' 9-max Seat #2 is the button
Seat 1: shakadevirgo90 ($3.73 in chips) 
Seat 2: skudray123 ($4.87 in chips) 
Seat 3: Andresinho46 ($10.50 in chips) 
Seat 4: peschr ($4.90 in chips) 
Seat 5: Dorex2007 ($5 in chips) 
Seat 6: AizenLT ($2.20 in chips) 
Seat 7: twk7 ($5.09 in chips) 
Seat 8: STBlues24fan ($3.71 in chips) 
Seat 9: losmerca ($2.35 in chips) 
Andresinho46: posts small blind $0.02
peschr: posts big blind $0.05
*** HOLE CARDS ***
Dealt to Dorex2007 [Td Ah]
Dorex2007: calls $0.05
AizenLT: folds 
twk7: folds 
STBlues24fan: folds 
losmerca: calls $0.05
shakadevirgo90: raises $0.05 to $0.10
skudray123: folds 
Andresinho46: folds 
peschr: folds 
Dorex2007: calls $0.05
losmerca: calls $0.05
*** FLOP *** [4d 9s 4s]
Dorex2007: checks 
losmerca: checks 
shakadevirgo90: checks 
*** TURN *** [4d 9s 4s] [2s]
Dorex2007: checks 
losmerca: checks 
shakadevirgo90: checks 
*** RIVER *** [4d 9s 4s 2s] [3s]
Dorex2007: checks 
losmerca: bets $0.53
shakadevirgo90: folds 
Dorex2007: folds 
Uncalled bet ($0.53) returned to losmerca
losmerca collected $0.35 from pot
losmerca: doesn't show hand 
*** SUMMARY ***
Total pot $0.37 | Rake $0.02 
Board [4d 9s 4s 2s 3s]
Seat 1: shakadevirgo90 folded on the River
Seat 2: skudray123 (button) folded before Flop (didn't bet)
Seat 3: Andresinho46 (small blind) folded before Flop
Seat 4: peschr (big blind) folded before Flop
Seat 5: Dorex2007 folded on the River
Seat 6: AizenLT folded before Flop (didn't bet)
Seat 7: twk7 folded before Flop (didn't bet)
Seat 8: STBlues24fan folded before Flop (didn't bet)
Seat 9: losmerca collected ($0.35)



PokerStars Hand #237880315400:  Hold'em No Limit ($0.02/$0.05 USD) - 2022/08/09 0:14:40 PT [2022/08/09 3:14:40 ET]
Table 'Parsifal II' 9-max Seat #3 is the button
Seat 1: shakadevirgo90 ($3.63 in chips) 
Seat 2: skudray123 ($4.87 in chips) 
Seat 3: Andresinho46 ($10.48 in chips) 
Seat 4: peschr ($4.85 in chips) 
Seat 5: Dorex2007 ($5 in chips) 
Seat 6: AizenLT ($2.20 in chips) 
Seat 7: twk7 ($5.09 in chips) 
Seat 8: STBlues24fan ($3.71 in chips) 
Seat 9: losmerca ($2.60 in chips) 
peschr: posts small blind $0.02
Dorex2007: posts big blind $0.05
*** HOLE CARDS ***
Dealt to Dorex2007 [3s 4s]
AizenLT: folds 
twk7: raises $0.10 to $0.15
STBlues24fan: folds 
losmerca: folds 
shakadevirgo90: folds 
skudray123: folds 
Andresinho46: folds 
peschr: folds 
Dorex2007: folds 
Uncalled bet ($0.10) returned to twk7
twk7 collected $0.12 from pot
*** SUMMARY ***
Total pot $0.12 | Rake $0 
Seat 1: shakadevirgo90 folded before Flop (didn't bet)
Seat 2: skudray123 folded before Flop (didn't bet)
Seat 3: Andresinho46 (button) folded before Flop (didn't bet)
Seat 4: peschr (small blind) folded before Flop
Seat 5: Dorex2007 (big blind) folded before Flop
Seat 6: AizenLT folded before Flop (didn't bet)
Seat 7: twk7 collected ($0.12)
Seat 8: STBlues24fan folded before Flop (didn't bet)
Seat 9: losmerca folded before Flop (didn't bet)



PokerStars Hand #237880317932:  Hold'em No Limit ($0.02/$0.05 USD) - 2022/08/09 0:15:04 PT [2022/08/09 3:15:04 ET]
Table 'Parsifal II' 9-max Seat #4 is the button
Seat 1: shakadevirgo90 ($3.63 in chips) 
Seat 2: skudray123 ($4.87 in chips) 
Seat 3: Andresinho46 ($10.48 in chips) 
Seat 4: peschr ($4.83 in chips) 
Seat 5: Dorex2007 ($5 in chips) 
Seat 6: AizenLT ($2.20 in chips) 
Seat 7: twk7 ($5.16 in chips) 
Seat 8: STBlues24fan ($3.71 in chips) 
Seat 9: losmerca ($2.60 in chips) 
Dorex2007: posts small blind $0.02
AizenLT: posts big blind $0.05
*** HOLE CARDS ***
Dealt to Dorex2007 [3c Qc]
twk7: folds 
STBlues24fan: folds 
losmerca: raises $0.12 to $0.17
shakadevirgo90: folds 
skudray123: folds 
Andresinho46: folds 
peschr: folds 
Dorex2007: folds 
AizenLT: calls $0.12
*** FLOP *** [Jh 3h 2d]
AizenLT: bets $0.10
losmerca: raises $0.88 to $0.98
AizenLT: folds 
Uncalled bet ($0.88) returned to losmerca
losmerca collected $0.54 from pot
losmerca: doesn't show hand 
*** SUMMARY ***
Total pot $0.56 | Rake $0.02 
Board [Jh 3h 2d]
Seat 1: shakadevirgo90 folded before Flop (didn't bet)
Seat 2: skudray123 folded before Flop (didn't bet)
Seat 3: Andresinho46 folded before Flop (didn't bet)
Seat 4: peschr (button) folded before Flop (didn't bet)
Seat 5: Dorex2007 (small blind) folded before Flop
Seat 6: AizenLT (big blind) folded on the Flop
Seat 7: twk7 folded before Flop (didn't bet)
Seat 8: STBlues24fan folded before Flop (didn't bet)
Seat 9: losmerca collected ($0.54)



PokerStars Hand #237880321670:  Hold'em No Limit ($0.02/$0.05 USD) - 2022/08/09 0:15:39 PT [2022/08/09 3:15:39 ET]
Table 'Parsifal II' 9-max Seat #5 is the button
Seat 1: shakadevirgo90 ($3.63 in chips) 
Seat 2: skudray123 ($4.87 in chips) 
Seat 3: Andresinho46 ($10.48 in chips) 
Seat 4: peschr ($4.83 in chips) 
Seat 5: Dorex2007 ($5 in chips) 
Seat 6: AizenLT ($1.93 in chips) 
Seat 7: twk7 ($5.16 in chips) 
Seat 8: STBlues24fan ($3.71 in chips) 
Seat 9: losmerca ($2.87 in chips) 
AizenLT: posts small blind $0.02
twk7: posts big blind $0.05
*** HOLE CARDS ***
Dealt to Dorex2007 [Jh 3s]
STBlues24fan: folds 
losmerca: folds 
shakadevirgo90: raises $0.05 to $0.10
skudray123: raises $0.05 to $0.15
Andresinho46: folds 
peschr: folds 
Dorex2007: folds 
AizenLT: calls $0.13
twk7: folds 
shakadevirgo90: calls $0.05
*** FLOP *** [9s 6d 5h]
AizenLT: checks 
shakadevirgo90: bets $0.20
skudray123: folds 
AizenLT: raises $1.58 to $1.78 and is all-in
shakadevirgo90: calls $1.58
*** TURN *** [9s 6d 5h] [4s]
*** RIVER *** [9s 6d 5h 4s] [3h]
*** SHOW DOWN ***
AizenLT: shows [Ks Kd] (a pair of Kings)
shakadevirgo90: shows [9d Ad] (a pair of Nines)
AizenLT collected $3.89 from pot
*** SUMMARY ***
Total pot $4.06 | Rake $0.17 
Board [9s 6d 5h 4s 3h]
Seat 1: shakadevirgo90 showed [9d Ad] and lost with a pair of Nines
Seat 2: skudray123 folded on the Flop
Seat 3: Andresinho46 folded before Flop (didn't bet)
Seat 4: peschr folded before Flop (didn't bet)
Seat 5: Dorex2007 (button) folded before Flop (didn't bet)
Seat 6: AizenLT (small blind) showed [Ks Kd] and won ($3.89) with a pair of Kings
Seat 7: twk7 (big blind) folded before Flop
Seat 8: STBlues24fan folded before Flop (didn't bet)
Seat 9: losmerca folded before Flop (didn't bet)



PokerStars Hand #237880330378:  Hold'em No Limit ($0.02/$0.05 USD) - 2022/08/09 0:16:56 PT [2022/08/09 3:16:56 ET]
Table 'Parsifal II' 9-max Seat #6 is the button
Seat 1: shakadevirgo90 ($1.70 in chips) 
Seat 2: skudray123 ($4.72 in chips) 
Seat 3: Andresinho46 ($10.48 in chips) 
Seat 4: peschr ($4.83 in chips) 
Seat 5: Dorex2007 ($5 in chips) 
Seat 6: AizenLT ($3.89 in chips) 
Seat 7: twk7 ($5.11 in chips) 
Seat 8: STBlues24fan ($3.71 in chips) 
Seat 9: losmerca ($2.87 in chips) 
twk7: posts small blind $0.02
STBlues24fan: posts big blind $0.05
*** HOLE CARDS ***
Dealt to Dorex2007 [Kc 7d]
losmerca: folds 
shakadevirgo90: raises $0.05 to $0.10
skudray123: folds 
Andresinho46: folds 
peschr: folds 
Dorex2007: folds 
AizenLT: calls $0.10
twk7: folds 
STBlues24fan: calls $0.05
*** FLOP *** [Qs Qc 3c]
STBlues24fan: checks 
shakadevirgo90: checks 
AizenLT: checks 
*** TURN *** [Qs Qc 3c] [Js]
STBlues24fan: checks 
shakadevirgo90: checks 
AizenLT: checks 
*** RIVER *** [Qs Qc 3c Js] [Jc]
STBlues24fan: checks 
shakadevirgo90: bets $0.09
AizenLT: calls $0.09
STBlues24fan: folds 
*** SHOW DOWN ***
shakadevirgo90: shows [As 9d] (two pair, Queens and Jacks)
AizenLT: shows [6s Ad] (two pair, Queens and Jacks)
shakadevirgo90 collected $0.24 from pot
AizenLT collected $0.24 from pot
*** SUMMARY ***
Total pot $0.50 | Rake $0.02 
Board [Qs Qc 3c Js Jc]
Seat 1: shakadevirgo90 showed [As 9d] and won ($0.24) with two pair, Queens and Jacks
Seat 2: skudray123 folded before Flop (didn't bet)
Seat 3: Andresinho46 folded before Flop (didn't bet)
Seat 4: peschr folded before Flop (didn't bet)
Seat 5: Dorex2007 folded before Flop (didn't bet)
Seat 6: AizenLT (button) showed [6s Ad] and won ($0.24) with two pair, Queens and Jacks
Seat 7: twk7 (small blind) folded before Flop
Seat 8: STBlues24fan (big blind) folded on the River
Seat 9: losmerca folded before Flop (didn't bet)



PokerStars Hand #237880336053:  Hold'em No Limit ($0.02/$0.05 USD) - 2022/08/09 0:17:48 PT [2022/08/09 3:17:48 ET]
Table 'Parsifal II' 9-max Seat #7 is the button
Seat 1: shakadevirgo90 ($1.75 in chips) 
Seat 2: skudray123 ($4.72 in chips) 
Seat 3: Andresinho46 ($10.48 in chips) 
Seat 4: peschr ($4.83 in chips) 
Seat 5: Dorex2007 ($5 in chips) 
Seat 6: AizenLT ($3.94 in chips) 
Seat 7: twk7 ($5.09 in chips) 
Seat 8: STBlues24fan ($3.61 in chips) 
Seat 9: losmerca ($2.87 in chips) 
STBlues24fan: posts small blind $0.02
losmerca: posts big blind $0.05
*** HOLE CARDS ***
Dealt to Dorex2007 [Ad Jh]
shakadevirgo90: folds 
skudray123: folds 
Andresinho46: raises $0.10 to $0.15
peschr: folds 
Dorex2007: calls $0.15
AizenLT: folds 
twk7: folds 
STBlues24fan: folds 
losmerca: folds 
*** FLOP *** [8s 5s Qc]
Andresinho46: checks 
Dorex2007: checks 
*** TURN *** [8s 5s Qc] [Qh]
Andresinho46: checks 
Dorex2007: checks 
*** RIVER *** [8s 5s Qc Qh] [Qd]
Andresinho46: checks 
Dorex2007: checks 
*** SHOW DOWN ***
Andresinho46: shows [As 4s] (three of a kind, Queens)
Dorex2007: shows [Ad Jh] (three of a kind, Queens - Ace+Jack kicker)
Dorex2007 collected $0.35 from pot
*** SUMMARY ***
Total pot $0.37 | Rake $0.02 
Board [8s 5s Qc Qh Qd]
Seat 1: shakadevirgo90 folded before Flop (didn't bet)
Seat 2: skudray123 folded before Flop (didn't bet)
Seat 3: Andresinho46 showed [As 4s] and lost with three of a kind, Queens
Seat 4: peschr folded before Flop (didn't bet)
Seat 5: Dorex2007 showed [Ad Jh] and won ($0.35) with three of a kind, Queens
Seat 6: AizenLT folded before Flop (didn't bet)
Seat 7: twk7 (button) folded before Flop (didn't bet)
Seat 8: STBlues24fan (small blind) folded before Flop
Seat 9: losmerca (big blind) folded before Flop



PokerStars Hand #237880341288:  Hold'em No Limit ($0.02/$0.05 USD) - 2022/08/09 0:18:35 PT [2022/08/09 3:18:35 ET]
Table 'Parsifal II' 9-max Seat #8 is the button
Seat 1: shakadevirgo90 ($1.75 in chips) 
Seat 2: skudray123 ($4.72 in chips) 
Seat 3: Andresinho46 ($10.33 in chips) 
Seat 4: peschr ($4.83 in chips) 
Seat 5: Dorex2007 ($5.20 in chips) 
Seat 6: AizenLT ($3.94 in chips) 
Seat 7: twk7 ($5.09 in chips) 
Seat 8: STBlues24fan ($3.59 in chips) 
Seat 9: losmerca ($2.82 in chips) 
losmerca: posts small blind $0.02
shakadevirgo90: posts big blind $0.05
*** HOLE CARDS ***
Dealt to Dorex2007 [Qd 6c]
skudray123: folds 
Andresinho46: folds 
peschr: folds 
Dorex2007: folds 
skudray123 leaves the table
AizenLT: raises $0.95 to $1
twk7: raises $4.09 to $5.09 and is all-in
STBlues24fan: folds 
losmerca: folds 
shakadevirgo90: folds 
Helwii joins the table at seat #2 
AizenLT: folds 
Uncalled bet ($4.09) returned to twk7
twk7 collected $2.07 from pot
*** SUMMARY ***
Total pot $2.07 | Rake $0 
Seat 1: shakadevirgo90 (big blind) folded before Flop
Seat 2: skudray123 folded before Flop (didn't bet)
Seat 3: Andresinho46 folded before Flop (didn't bet)
Seat 4: peschr folded before Flop (didn't bet)
Seat 5: Dorex2007 folded before Flop (didn't bet)
Seat 6: AizenLT folded before Flop
Seat 7: twk7 collected ($2.07)
Seat 8: STBlues24fan (button) folded before Flop (didn't bet)
Seat 9: losmerca (small blind) folded before Flop



PokerStars Hand #237880345602:  Hold'em No Limit ($0.02/$0.05 USD) - 2022/08/09 0:19:14 PT [2022/08/09 3:19:14 ET]
Table 'Parsifal II' 9-max Seat #9 is the button
Seat 1: shakadevirgo90 ($5 in chips) 
Seat 2: Helwii ($5 in chips) 
Seat 3: Andresinho46 ($10.33 in chips) 
Seat 4: peschr ($4.83 in chips) 
Seat 5: Dorex2007 ($5.20 in chips) 
Seat 6: AizenLT ($2.94 in chips) 
Seat 7: twk7 ($6.16 in chips) 
Seat 8: STBlues24fan ($3.59 in chips) 
Seat 9: losmerca ($2.80 in chips) 
shakadevirgo90: posts small blind $0.02
Helwii: posts big blind $0.05
*** HOLE CARDS ***
Dealt to Dorex2007 [7h Tc]
Andresinho46: folds 
peschr: folds 
Dorex2007: folds 
AizenLT: folds 
twk7: raises $0.10 to $0.15
AizenLT leaves the table
STBlues24fan: folds 
losmerca: calls $0.15
shakadevirgo90: folds 
Helwii: calls $0.10
*** FLOP *** [4s Ac 5h]
Helwii: checks 
twk7: checks 
iguiguana joins the table at seat #6 
losmerca: bets $0.41
Helwii: folds 
twk7: folds 
Uncalled bet ($0.41) returned to losmerca
losmerca collected $0.45 from pot
losmerca: doesn't show hand 
*** SUMMARY ***
Total pot $0.47 | Rake $0.02 
Board [4s Ac 5h]
Seat 1: shakadevirgo90 (small blind) folded before Flop
Seat 2: Helwii (big blind) folded on the Flop
Seat 3: Andresinho46 folded before Flop (didn't bet)
Seat 4: peschr folded before Flop (didn't bet)
Seat 5: Dorex2007 folded before Flop (didn't bet)
Seat 6: AizenLT folded before Flop (didn't bet)
Seat 7: twk7 folded on the Flop
Seat 8: STBlues24fan folded before Flop (didn't bet)
Seat 9: losmerca (button) collected ($0.45)



PokerStars Hand #237880349464:  Hold'em No Limit ($0.02/$0.05 USD) - 2022/08/09 0:19:49 PT [2022/08/09 3:19:49 ET]
Table 'Parsifal II' 9-max Seat #1 is the button
Seat 1: shakadevirgo90 ($4.98 in chips) 
Seat 2: Helwii ($5 in chips) 
Seat 3: Andresinho46 ($10.33 in chips) 
Seat 4: peschr ($4.83 in chips) 
Seat 5: Dorex2007 ($5.20 in chips) 
Seat 7: twk7 ($6.01 in chips) 
Seat 8: STBlues24fan ($3.59 in chips) 
Seat 9: losmerca ($3.10 in chips) 
Helwii: posts small blind $0.02
Andresinho46: posts big blind $0.05
iguiguana: sits out 
*** HOLE CARDS ***
Dealt to Dorex2007 [6c 3h]
peschr: folds 
Dorex2007: folds 
twk7: folds 
STBlues24fan: folds 
losmerca: folds 
shakadevirgo90: folds 
Helwii: folds 
Uncalled bet ($0.03) returned to Andresinho46
Andresinho46 collected $0.04 from pot
Andresinho46: doesn't show hand 
*** SUMMARY ***
Total pot $0.04 | Rake $0 
Seat 1: shakadevirgo90 (button) folded before Flop (didn't bet)
Seat 2: Helwii (small blind) folded before Flop
Seat 3: Andresinho46 (big blind) collected ($0.04)
Seat 4: peschr folded before Flop (didn't bet)
Seat 5: Dorex2007 folded before Flop (didn't bet)
Seat 7: twk7 folded before Flop (didn't bet)
Seat 8: STBlues24fan folded before Flop (didn't bet)
Seat 9: losmerca folded before Flop (didn't bet)



PokerStars Hand #237880350887:  Hold'em No Limit ($0.02/$0.05 USD) - 2022/08/09 0:20:02 PT [2022/08/09 3:20:02 ET]
Table 'Parsifal II' 9-max Seat #2 is the button
Seat 1: shakadevirgo90 ($4.98 in chips) 
Seat 2: Helwii ($5 in chips) 
Seat 3: Andresinho46 ($10.35 in chips) 
Seat 4: peschr ($4.83 in chips) 
Seat 5: Dorex2007 ($5.20 in chips) 
Seat 7: twk7 ($6.01 in chips) 
Seat 8: STBlues24fan ($3.59 in chips) 
Seat 9: losmerca ($3.10 in chips) 
Andresinho46: posts small blind $0.02
peschr: posts big blind $0.05
iguiguana: sits out 
*** HOLE CARDS ***
Dealt to Dorex2007 [3c As]
Dorex2007: folds 
twk7: raises $0.10 to $0.15
STBlues24fan: folds 
losmerca: calls $0.15
shakadevirgo90: folds 
Helwii: folds 
Andresinho46: raises $0.35 to $0.50
peschr: folds 
twk7: folds 
losmerca: raises $2.60 to $3.10 and is all-in
Andresinho46: calls $2.60
*** FLOP *** [2d 9d 8d]
*** TURN *** [2d 9d 8d] [9c]
*** RIVER *** [2d 9d 8d 9c] [5s]
*** SHOW DOWN ***
Andresinho46: shows [Qh Qd] (two pair, Queens and Nines)
losmerca: shows [Ah Js] (a pair of Nines)
Andresinho46 cashed out the hand for $4.33 | Cash Out Fee $0.04
*** SUMMARY ***
Total pot $6.40 | Rake $0.27 
Board [2d 9d 8d 9c 5s]
Seat 1: shakadevirgo90 folded before Flop (didn't bet)
Seat 2: Helwii (button) folded before Flop (didn't bet)
Seat 3: Andresinho46 (small blind) showed [Qh Qd] and won ($6.13) with two pair, Queens and Nines (pot not awarded as player cashed out)
Seat 4: peschr (big blind) folded before Flop
Seat 5: Dorex2007 folded before Flop (didn't bet)
Seat 7: twk7 folded before Flop
Seat 8: STBlues24fan folded before Flop (didn't bet)
Seat 9: losmerca showed [Ah Js] and lost with a pair of Nines



PokerStars Hand #237880354663:  Hold'em No Limit ($0.02/$0.05 USD) - 2022/08/09 0:20:36 PT [2022/08/09 3:20:36 ET]
Table 'Parsifal II' 9-max Seat #3 is the button
Seat 1: shakadevirgo90 ($4.98 in chips) 
Seat 2: Helwii ($5 in chips) 
Seat 3: Andresinho46 ($11.58 in chips) 
Seat 4: peschr ($4.78 in chips) 
Seat 5: Dorex2007 ($5.20 in chips) 
Seat 7: twk7 ($5.86 in chips) 
Seat 8: STBlues24fan ($3.59 in chips) 
Seat 9: losmerca ($2 in chips) 
peschr: posts small blind $0.02
Dorex2007: posts big blind $0.05
iguiguana: sits out 
*** HOLE CARDS ***
Dealt to Dorex2007 [Jh 7s]
twk7: folds 
STBlues24fan: folds 
losmerca: folds 
shakadevirgo90: raises $0.10 to $0.15
Helwii: folds 
Andresinho46: folds 
peschr: folds 
Dorex2007: folds 
Uncalled bet ($0.10) returned to shakadevirgo90
shakadevirgo90 collected $0.12 from pot
shakadevirgo90: doesn't show hand 
*** SUMMARY ***
Total pot $0.12 | Rake $0 
Seat 1: shakadevirgo90 collected ($0.12)
Seat 2: Helwii folded before Flop (didn't bet)
Seat 3: Andresinho46 (button) folded before Flop (didn't bet)
Seat 4: peschr (small blind) folded before Flop
Seat 5: Dorex2007 (big blind) folded before Flop
Seat 7: twk7 folded before Flop (didn't bet)
Seat 8: STBlues24fan folded before Flop (didn't bet)
Seat 9: losmerca folded before Flop (didn't bet)



PokerStars Hand #237880356680:  Hold'em No Limit ($0.02/$0.05 USD) - 2022/08/09 0:20:54 PT [2022/08/09 3:20:54 ET]
Table 'Parsifal II' 9-max Seat #4 is the button
Seat 1: shakadevirgo90 ($5.05 in chips) 
Seat 2: Helwii ($5 in chips) 
Seat 3: Andresinho46 ($11.58 in chips) 
Seat 4: peschr ($4.76 in chips) 
Seat 5: Dorex2007 ($5.15 in chips) 
Seat 6: iguiguana ($5 in chips) 
Seat 7: twk7 ($5.86 in chips) 
Seat 8: STBlues24fan ($3.59 in chips) 
Seat 9: losmerca ($2 in chips) 
Dorex2007: posts small blind $0.02
iguiguana: posts big blind $0.05
*** HOLE CARDS ***
Dealt to Dorex2007 [4s 3h]
twk7: folds 
STBlues24fan: folds 
losmerca: raises $0.10 to $0.15
shakadevirgo90: folds 
Helwii: folds 
Andresinho46: calls $0.15
peschr: calls $0.15
Dorex2007: folds 
iguiguana: folds 
*** FLOP *** [2s 9c Tc]
losmerca: bets $0.75
Andresinho46: folds 
peschr: folds 
Uncalled bet ($0.75) returned to losmerca
losmerca collected $0.50 from pot
losmerca: doesn't show hand 
*** SUMMARY ***
Total pot $0.52 | Rake $0.02 
Board [2s 9c Tc]
Seat 1: shakadevirgo90 folded before Flop (didn't bet)
Seat 2: Helwii folded before Flop (didn't bet)
Seat 3: Andresinho46 folded on the Flop
Seat 4: peschr (button) folded on the Flop
Seat 5: Dorex2007 (small blind) folded before Flop
Seat 6: iguiguana (big blind) folded before Flop
Seat 7: twk7 folded before Flop (didn't bet)
Seat 8: STBlues24fan folded before Flop (didn't bet)
Seat 9: losmerca collected ($0.50)



PokerStars Hand #237880359988:  Hold'em No Limit ($0.02/$0.05 USD) - 2022/08/09 0:21:24 PT [2022/08/09 3:21:24 ET]
Table 'Parsifal II' 9-max Seat #5 is the button
Seat 1: shakadevirgo90 ($5.05 in chips) 
Seat 2: Helwii ($5 in chips) 
Seat 3: Andresinho46 ($11.43 in chips) 
Seat 4: peschr ($4.61 in chips) 
Seat 5: Dorex2007 ($5.13 in chips) 
Seat 6: iguiguana ($4.95 in chips) 
Seat 7: twk7 ($5.86 in chips) 
Seat 8: STBlues24fan ($3.59 in chips) 
Seat 9: losmerca ($2.35 in chips) 
iguiguana: posts small blind $0.02
twk7: posts big blind $0.05
*** HOLE CARDS ***
Dealt to Dorex2007 [4c 2d]
STBlues24fan: folds 
losmerca: raises $0.10 to $0.15
shakadevirgo90: folds 
Helwii: folds 
Andresinho46: folds 
peschr: folds 
Dorex2007: folds 
iguiguana: folds 
twk7: raises $0.40 to $0.55
losmerca: calls $0.40
*** FLOP *** [6h 7h 4d]
twk7: bets $1.75
losmerca: raises $0.05 to $1.80 and is all-in
twk7: calls $0.05
*** TURN *** [6h 7h 4d] [9h]
*** RIVER *** [6h 7h 4d 9h] [2h]
*** SHOW DOWN ***
twk7: shows [Kd Kc] (a pair of Kings)
losmerca: shows [Js As] (high card Ace)
twk7 collected $4.52 from pot
*** SUMMARY ***
Total pot $4.72 | Rake $0.20 
Board [6h 7h 4d 9h 2h]
Seat 1: shakadevirgo90 folded before Flop (didn't bet)
Seat 2: Helwii folded before Flop (didn't bet)
Seat 3: Andresinho46 folded before Flop (didn't bet)
Seat 4: peschr folded before Flop (didn't bet)
Seat 5: Dorex2007 (button) folded before Flop (didn't bet)
Seat 6: iguiguana (small blind) folded before Flop
Seat 7: twk7 (big blind) showed [Kd Kc] and won ($4.52) with a pair of Kings
Seat 8: STBlues24fan folded before Flop (didn't bet)
Seat 9: losmerca showed [Js As] and lost with high card Ace



PokerStars Hand #237880364328:  Hold'em No Limit ($0.02/$0.05 USD) - 2022/08/09 0:22:03 PT [2022/08/09 3:22:03 ET]
Table 'Parsifal II' 9-max Seat #6 is the button
Seat 1: shakadevirgo90 ($5.05 in chips) 
Seat 2: Helwii ($5 in chips) 
Seat 3: Andresinho46 ($11.43 in chips) 
Seat 4: peschr ($4.61 in chips) 
Seat 5: Dorex2007 ($5.13 in chips) 
Seat 6: iguiguana ($4.93 in chips) 
Seat 7: twk7 ($8.03 in chips) 
Seat 8: STBlues24fan ($3.59 in chips) 
twk7: posts small blind $0.02
STBlues24fan: posts big blind $0.05
*** HOLE CARDS ***
Dealt to Dorex2007 [4d 7c]
shakadevirgo90: folds 
Helwii: folds 
Andresinho46: folds 
peschr: folds 
losmerca leaves the table
Dorex2007: folds 
iguiguana: folds 
serjor2 joins the table at seat #9 
twk7: raises $0.07 to $0.12
STBlues24fan: calls $0.07
*** FLOP *** [7h 6c 3s]
twk7: checks 
STBlues24fan: checks 
*** TURN *** [7h 6c 3s] [8s]
twk7: checks 
STBlues24fan: bets $0.05
twk7: folds 
Uncalled bet ($0.05) returned to STBlues24fan
STBlues24fan collected $0.23 from pot
STBlues24fan: doesn't show hand 
*** SUMMARY ***
Total pot $0.24 | Rake $0.01 
Board [7h 6c 3s 8s]
Seat 1: shakadevirgo90 folded before Flop (didn't bet)
Seat 2: Helwii folded before Flop (didn't bet)
Seat 3: Andresinho46 folded before Flop (didn't bet)
Seat 4: peschr folded before Flop (didn't bet)
Seat 5: Dorex2007 folded before Flop (didn't bet)
Seat 6: iguiguana (button) folded before Flop (didn't bet)
Seat 7: twk7 (small blind) folded on the Turn
Seat 8: STBlues24fan (big blind) collected ($0.23)



PokerStars Hand #237880368031:  Hold'em No Limit ($0.02/$0.05 USD) - 2022/08/09 0:22:37 PT [2022/08/09 3:22:37 ET]
Table 'Parsifal II' 9-max Seat #7 is the button
Seat 1: shakadevirgo90 ($5.05 in chips) 
Seat 2: Helwii ($5 in chips) 
Seat 3: Andresinho46 ($11.43 in chips) 
Seat 4: peschr ($4.61 in chips) 
Seat 5: Dorex2007 ($5.13 in chips) 
Seat 6: iguiguana ($4.93 in chips) 
Seat 7: twk7 ($7.91 in chips) 
Seat 8: STBlues24fan ($3.70 in chips) 
Seat 9: serjor2 ($2 in chips) 
STBlues24fan: posts small blind $0.02
serjor2: posts big blind $0.05
*** HOLE CARDS ***
Dealt to Dorex2007 [5h 4c]
shakadevirgo90: raises $0.05 to $0.10
Helwii: folds 
Andresinho46: folds 
peschr: folds 
Dorex2007: folds 
iguiguana: folds 
twk7: folds 
STBlues24fan: folds 
serjor2: folds 
Uncalled bet ($0.05) returned to shakadevirgo90
shakadevirgo90 collected $0.12 from pot
shakadevirgo90: doesn't show hand 
*** SUMMARY ***
Total pot $0.12 | Rake $0 
Seat 1: shakadevirgo90 collected ($0.12)
Seat 2: Helwii folded before Flop (didn't bet)
Seat 3: Andresinho46 folded before Flop (didn't bet)
Seat 4: peschr folded before Flop (didn't bet)
Seat 5: Dorex2007 folded before Flop (didn't bet)
Seat 6: iguiguana folded before Flop (didn't bet)
Seat 7: twk7 (button) folded before Flop (didn't bet)
Seat 8: STBlues24fan (small blind) folded before Flop
Seat 9: serjor2 (big blind) folded before Flop



PokerStars Hand #237880370482:  Hold'em No Limit ($0.02/$0.05 USD) - 2022/08/09 0:22:57 PT [2022/08/09 3:22:57 ET]
Table 'Parsifal II' 9-max Seat #8 is the button
Seat 1: shakadevirgo90 ($5.12 in chips) 
Seat 2: Helwii ($5 in chips) 
Seat 3: Andresinho46 ($11.43 in chips) 
Seat 4: peschr ($4.61 in chips) 
Seat 5: Dorex2007 ($5.13 in chips) 
Seat 6: iguiguana ($4.93 in chips) 
Seat 7: twk7 ($7.91 in chips) 
Seat 8: STBlues24fan ($3.68 in chips) 
Seat 9: serjor2 ($1.95 in chips) 
serjor2: posts small blind $0.02
shakadevirgo90: posts big blind $0.05
*** HOLE CARDS ***
Dealt to Dorex2007 [Jc 8c]
Helwii: folds 
Andresinho46: folds 
peschr: folds 
Dorex2007: folds 
iguiguana: raises $0.10 to $0.15
twk7: folds 
STBlues24fan: folds 
serjor2: folds 
shakadevirgo90: folds 
Uncalled bet ($0.10) returned to iguiguana
iguiguana collected $0.12 from pot
*** SUMMARY ***
Total pot $0.12 | Rake $0 
Seat 1: shakadevirgo90 (big blind) folded before Flop
Seat 2: Helwii folded before Flop (didn't bet)
Seat 3: Andresinho46 folded before Flop (didn't bet)
Seat 4: peschr folded before Flop (didn't bet)
Seat 5: Dorex2007 folded before Flop (didn't bet)
Seat 6: iguiguana collected ($0.12)
Seat 7: twk7 folded before Flop (didn't bet)
Seat 8: STBlues24fan (button) folded before Flop (didn't bet)
Seat 9: serjor2 (small blind) folded before Flop



PokerStars Hand #237880373922:  Hold'em No Limit ($0.02/$0.05 USD) - 2022/08/09 0:23:29 PT [2022/08/09 3:23:29 ET]
Table 'Parsifal II' 9-max Seat #9 is the button
Seat 1: shakadevirgo90 ($5.07 in chips) 
Seat 2: Helwii ($5 in chips) 
Seat 3: Andresinho46 ($11.43 in chips) 
Seat 4: peschr ($4.61 in chips) 
Seat 5: Dorex2007 ($5.13 in chips) 
Seat 6: iguiguana ($5 in chips) 
Seat 7: twk7 ($7.91 in chips) 
Seat 8: STBlues24fan ($3.68 in chips) 
Seat 9: serjor2 ($1.93 in chips) 
shakadevirgo90: posts small blind $0.02
Helwii: posts big blind $0.05
*** HOLE CARDS ***
Dealt to Dorex2007 [Qc 8h]
Andresinho46: folds 
peschr: calls $0.05
Dorex2007: folds 
iguiguana: raises $0.10 to $0.15
twk7: folds 
STBlues24fan: folds 
serjor2: folds 
shakadevirgo90: folds 
Helwii: folds 
peschr: folds 
Uncalled bet ($0.10) returned to iguiguana
iguiguana collected $0.17 from pot
*** SUMMARY ***
Total pot $0.17 | Rake $0 
Seat 1: shakadevirgo90 (small blind) folded before Flop
Seat 2: Helwii (big blind) folded before Flop
Seat 3: Andresinho46 folded before Flop (didn't bet)
Seat 4: peschr folded before Flop
Seat 5: Dorex2007 folded before Flop (didn't bet)
Seat 6: iguiguana collected ($0.17)
Seat 7: twk7 folded before Flop (didn't bet)
Seat 8: STBlues24fan folded before Flop (didn't bet)
Seat 9: serjor2 (button) folded before Flop (didn't bet)



PokerStars Hand #237880376550:  Hold'em No Limit ($0.02/$0.05 USD) - 2022/08/09 0:23:52 PT [2022/08/09 3:23:52 ET]
Table 'Parsifal II' 9-max Seat #1 is the button
Seat 1: shakadevirgo90 ($5.05 in chips) 
Seat 2: Helwii ($5 in chips) 
Seat 3: Andresinho46 ($11.43 in chips) 
Seat 4: peschr ($4.56 in chips) 
Seat 5: Dorex2007 ($5.13 in chips) 
Seat 6: iguiguana ($5.12 in chips) 
Seat 7: twk7 ($7.91 in chips) 
Seat 8: STBlues24fan ($3.68 in chips) 
Seat 9: serjor2 ($1.93 in chips) 
Helwii: posts small blind $0.02
Andresinho46: posts big blind $0.05
*** HOLE CARDS ***
Dealt to Dorex2007 [6d Th]
peschr: folds 
Dorex2007: folds 
iguiguana: folds 
twk7: folds 
STBlues24fan: folds 
serjor2: folds 
shakadevirgo90: folds 
Helwii: folds 
Uncalled bet ($0.03) returned to Andresinho46
Andresinho46 collected $0.04 from pot
Andresinho46: doesn't show hand 
*** SUMMARY ***
Total pot $0.04 | Rake $0 
Seat 1: shakadevirgo90 (button) folded before Flop (didn't bet)
Seat 2: Helwii (small blind) folded before Flop
Seat 3: Andresinho46 (big blind) collected ($0.04)
Seat 4: peschr folded before Flop (didn't bet)
Seat 5: Dorex2007 folded before Flop (didn't bet)
Seat 6: iguiguana folded before Flop (didn't bet)
Seat 7: twk7 folded before Flop (didn't bet)
Seat 8: STBlues24fan folded before Flop (didn't bet)
Seat 9: serjor2 folded before Flop (didn't bet)



PokerStars Hand #237880378660:  Hold'em No Limit ($0.02/$0.05 USD) - 2022/08/09 0:24:11 PT [2022/08/09 3:24:11 ET]
Table 'Parsifal II' 9-max Seat #2 is the button
Seat 1: shakadevirgo90 ($5.05 in chips) 
Seat 2: Helwii ($5 in chips) 
Seat 3: Andresinho46 ($11.45 in chips) 
Seat 4: peschr ($4.56 in chips) 
Seat 5: Dorex2007 ($5.13 in chips) 
Seat 6: iguiguana ($5.12 in chips) 
Seat 7: twk7 ($7.91 in chips) 
Seat 8: STBlues24fan ($3.68 in chips) 
Seat 9: serjor2 ($1.93 in chips) 
Andresinho46: posts small blind $0.02
peschr: posts big blind $0.05
*** HOLE CARDS ***
Dealt to Dorex2007 [Jh Tc]
Dorex2007: folds 
iguiguana: folds 
twk7: folds 
STBlues24fan: calls $0.05
serjor2: folds 
shakadevirgo90: folds 
Helwii: raises $0.10 to $0.15
Andresinho46: folds 
peschr: folds 
STBlues24fan: calls $0.10
*** FLOP *** [2s Qh 8h]
STBlues24fan: checks 
Helwii: checks 
*** TURN *** [2s Qh 8h] [9s]
STBlues24fan: bets $0.17
Helwii: raises $0.37 to $0.54
STBlues24fan: calls $0.37
*** RIVER *** [2s Qh 8h 9s] [Kc]
STBlues24fan: checks 
Helwii: bets $1
STBlues24fan: calls $1
*** SHOW DOWN ***
Helwii: shows [Js Ts] (a straight, Nine to King)
STBlues24fan: mucks hand 
Helwii collected $3.31 from pot
*** SUMMARY ***
Total pot $3.45 | Rake $0.14 
Board [2s Qh 8h 9s Kc]
Seat 1: shakadevirgo90 folded before Flop (didn't bet)
Seat 2: Helwii (button) showed [Js Ts] and won ($3.31) with a straight, Nine to King
Seat 3: Andresinho46 (small blind) folded before Flop
Seat 4: peschr (big blind) folded before Flop
Seat 5: Dorex2007 folded before Flop (didn't bet)
Seat 6: iguiguana folded before Flop (didn't bet)
Seat 7: twk7 folded before Flop (didn't bet)
Seat 8: STBlues24fan mucked [Ks Qd]
Seat 9: serjor2 folded before Flop (didn't bet)



PokerStars Hand #237880401304:  Hold'em No Limit ($0.02/$0.05 USD) - 2022/08/09 0:25:25 PT [2022/08/09 3:25:25 ET]
Table 'Parsifal II' 9-max Seat #3 is the button
Seat 1: shakadevirgo90 ($5.05 in chips) 
Seat 2: Helwii ($6.62 in chips) 
Seat 3: Andresinho46 ($11.43 in chips) 
Seat 4: peschr ($4.51 in chips) 
Seat 5: Dorex2007 ($5.13 in chips) 
Seat 6: iguiguana ($5.12 in chips) 
Seat 7: twk7 ($7.91 in chips) 
Seat 8: STBlues24fan ($1.99 in chips) 
Seat 9: serjor2 ($1.93 in chips) 
peschr: posts small blind $0.02
Dorex2007: posts big blind $0.05
*** HOLE CARDS ***
Dealt to Dorex2007 [Ts Ac]
iguiguana: folds 
twk7: folds 
STBlues24fan: folds 
serjor2: folds 
shakadevirgo90: folds 
Helwii: folds 
Andresinho46: raises $0.06 to $0.11
peschr: calls $0.09
Dorex2007: calls $0.06
*** FLOP *** [8s 2d 6d]
peschr: bets $0.21
Dorex2007: folds 
Andresinho46: folds 
Uncalled bet ($0.21) returned to peschr
peschr collected $0.32 from pot
peschr: doesn't show hand 
*** SUMMARY ***
Total pot $0.33 | Rake $0.01 
Board [8s 2d 6d]
Seat 1: shakadevirgo90 folded before Flop (didn't bet)
Seat 2: Helwii folded before Flop (didn't bet)
Seat 3: Andresinho46 (button) folded on the Flop
Seat 4: peschr (small blind) collected ($0.32)
Seat 5: Dorex2007 (big blind) folded on the Flop
Seat 6: iguiguana folded before Flop (didn't bet)
Seat 7: twk7 folded before Flop (didn't bet)
Seat 8: STBlues24fan folded before Flop (didn't bet)
Seat 9: serjor2 folded before Flop (didn't bet)



PokerStars Hand #237880406614:  Hold'em No Limit ($0.02/$0.05 USD) - 2022/08/09 0:26:13 PT [2022/08/09 3:26:13 ET]
Table 'Parsifal II' 9-max Seat #4 is the button
Seat 1: shakadevirgo90 ($5.05 in chips) 
Seat 2: Helwii ($6.62 in chips) 
Seat 3: Andresinho46 ($11.32 in chips) 
Seat 4: peschr ($4.72 in chips) 
Seat 5: Dorex2007 ($5.02 in chips) 
Seat 6: iguiguana ($5.12 in chips) 
Seat 7: twk7 ($7.91 in chips) 
Seat 8: STBlues24fan ($1.99 in chips) 
Seat 9: serjor2 ($1.93 in chips) 
Dorex2007: posts small blind $0.02
iguiguana: posts big blind $0.05
*** HOLE CARDS ***
Dealt to Dorex2007 [Qd 8c]
twk7: folds 
STBlues24fan: raises $0.10 to $0.15
serjor2: folds 
shakadevirgo90: folds 
Helwii: calls $0.15
Andresinho46: folds 
peschr: folds 
Dorex2007: folds 
iguiguana: folds 
*** FLOP *** [Ad Jh Td]
STBlues24fan: bets $0.17
Helwii: folds 
Uncalled bet ($0.17) returned to STBlues24fan
STBlues24fan collected $0.35 from pot
STBlues24fan: doesn't show hand 
*** SUMMARY ***
Total pot $0.37 | Rake $0.02 
Board [Ad Jh Td]
Seat 1: shakadevirgo90 folded before Flop (didn't bet)
Seat 2: Helwii folded on the Flop
Seat 3: Andresinho46 folded before Flop (didn't bet)
Seat 4: peschr (button) folded before Flop (didn't bet)
Seat 5: Dorex2007 (small blind) folded before Flop
Seat 6: iguiguana (big blind) folded before Flop
Seat 7: twk7 folded before Flop (didn't bet)
Seat 8: STBlues24fan collected ($0.35)
Seat 9: serjor2 folded before Flop (didn't bet)



PokerStars Hand #237880409972:  Hold'em No Limit ($0.02/$0.05 USD) - 2022/08/09 0:26:42 PT [2022/08/09 3:26:42 ET]
Table 'Parsifal II' 9-max Seat #5 is the button
Seat 1: shakadevirgo90 ($5.05 in chips) 
Seat 2: Helwii ($6.47 in chips) 
Seat 3: Andresinho46 ($11.32 in chips) 
Seat 4: peschr ($4.72 in chips) 
Seat 5: Dorex2007 ($5 in chips) 
Seat 6: iguiguana ($5.07 in chips) 
Seat 7: twk7 ($7.91 in chips) 
Seat 8: STBlues24fan ($2.19 in chips) 
Seat 9: serjor2 ($1.93 in chips) 
iguiguana: posts small blind $0.02
twk7: posts big blind $0.05
*** HOLE CARDS ***
Dealt to Dorex2007 [9s 6d]
STBlues24fan: raises $0.10 to $0.15
serjor2: folds 
shakadevirgo90: folds 
Helwii: folds 
Andresinho46: folds 
peschr: folds 
Dorex2007: folds 
iguiguana: folds 
twk7: raises $0.30 to $0.45
STBlues24fan: calls $0.30
*** FLOP *** [Qd 7s 8s]
twk7: checks 
STBlues24fan: bets $0.45
twk7: folds 
Uncalled bet ($0.45) returned to STBlues24fan
STBlues24fan collected $0.88 from pot
STBlues24fan: doesn't show hand 
*** SUMMARY ***
Total pot $0.92 | Rake $0.04 
Board [Qd 7s 8s]
Seat 1: shakadevirgo90 folded before Flop (didn't bet)
Seat 2: Helwii folded before Flop (didn't bet)
Seat 3: Andresinho46 folded before Flop (didn't bet)
Seat 4: peschr folded before Flop (didn't bet)
Seat 5: Dorex2007 (button) folded before Flop (didn't bet)
Seat 6: iguiguana (small blind) folded before Flop
Seat 7: twk7 (big blind) folded on the Flop
Seat 8: STBlues24fan collected ($0.88)
Seat 9: serjor2 folded before Flop (didn't bet)



PokerStars Hand #237880414051:  Hold'em No Limit ($0.02/$0.05 USD) - 2022/08/09 0:27:19 PT [2022/08/09 3:27:19 ET]
Table 'Parsifal II' 9-max Seat #6 is the button
Seat 1: shakadevirgo90 ($5.05 in chips) 
Seat 2: Helwii ($6.47 in chips) 
Seat 3: Andresinho46 ($11.32 in chips) 
Seat 4: peschr ($4.72 in chips) 
Seat 5: Dorex2007 ($5 in chips) 
Seat 6: iguiguana ($5.05 in chips) 
Seat 7: twk7 ($7.46 in chips) 
Seat 8: STBlues24fan ($2.62 in chips) 
Seat 9: serjor2 ($1.93 in chips) 
twk7: posts small blind $0.02
STBlues24fan: posts big blind $0.05
*** HOLE CARDS ***
Dealt to Dorex2007 [Qd 2h]
serjor2: folds 
shakadevirgo90: folds 
Helwii: folds 
Andresinho46: folds 
peschr: folds 
Dorex2007: folds 
iguiguana: folds 
twk7: folds 
Uncalled bet ($0.03) returned to STBlues24fan
STBlues24fan collected $0.04 from pot
STBlues24fan: doesn't show hand 
*** SUMMARY ***
Total pot $0.04 | Rake $0 
Seat 1: shakadevirgo90 folded before Flop (didn't bet)
Seat 2: Helwii folded before Flop (didn't bet)
Seat 3: Andresinho46 folded before Flop (didn't bet)
Seat 4: peschr folded before Flop (didn't bet)
Seat 5: Dorex2007 folded before Flop (didn't bet)
Seat 6: iguiguana (button) folded before Flop (didn't bet)
Seat 7: twk7 (small blind) folded before Flop
Seat 8: STBlues24fan (big blind) collected ($0.04)
Seat 9: serjor2 folded before Flop (didn't bet)



PokerStars Hand #237880415518:  Hold'em No Limit ($0.02/$0.05 USD) - 2022/08/09 0:27:32 PT [2022/08/09 3:27:32 ET]
Table 'Parsifal II' 9-max Seat #7 is the button
Seat 1: shakadevirgo90 ($5.05 in chips) 
Seat 2: Helwii ($6.47 in chips) 
Seat 3: Andresinho46 ($11.32 in chips) 
Seat 4: peschr ($4.72 in chips) 
Seat 5: Dorex2007 ($5 in chips) 
Seat 6: iguiguana ($5.05 in chips) 
Seat 7: twk7 ($7.44 in chips) 
Seat 8: STBlues24fan ($2.64 in chips) 
Seat 9: serjor2 ($1.93 in chips) 
STBlues24fan: posts small blind $0.02
serjor2: posts big blind $0.05
*** HOLE CARDS ***
Dealt to Dorex2007 [3s 5d]
shakadevirgo90: folds 
Helwii: folds 
Andresinho46: folds 
peschr: folds 
Dorex2007: folds 
iguiguana: folds 
twk7: folds 
STBlues24fan: raises $0.10 to $0.15
serjor2: raises $0.30 to $0.45
STBlues24fan: calls $0.30
*** FLOP *** [9c 8c Kd]
STBlues24fan: checks 
serjor2: bets $0.43
STBlues24fan: folds 
Uncalled bet ($0.43) returned to serjor2
serjor2 collected $0.86 from pot
*** SUMMARY ***
Total pot $0.90 | Rake $0.04 
Board [9c 8c Kd]
Seat 1: shakadevirgo90 folded before Flop (didn't bet)
Seat 2: Helwii folded before Flop (didn't bet)
Seat 3: Andresinho46 folded before Flop (didn't bet)
Seat 4: peschr folded before Flop (didn't bet)
Seat 5: Dorex2007 folded before Flop (didn't bet)
Seat 6: iguiguana folded before Flop (didn't bet)
Seat 7: twk7 (button) folded before Flop (didn't bet)
Seat 8: STBlues24fan (small blind) folded on the Flop
Seat 9: serjor2 (big blind) collected ($0.86)



PokerStars Hand #237880421318:  Hold'em No Limit ($0.02/$0.05 USD) - 2022/08/09 0:28:22 PT [2022/08/09 3:28:22 ET]
Table 'Parsifal II' 9-max Seat #8 is the button
Seat 1: shakadevirgo90 ($5.05 in chips) 
Seat 2: Helwii ($6.47 in chips) 
Seat 3: Andresinho46 ($11.32 in chips) 
Seat 4: peschr ($4.72 in chips) 
Seat 5: Dorex2007 ($5 in chips) 
Seat 6: iguiguana ($5.05 in chips) 
Seat 7: twk7 ($7.44 in chips) 
Seat 8: STBlues24fan ($2.19 in chips) 
Seat 9: serjor2 ($2.34 in chips) 
serjor2: posts small blind $0.02
shakadevirgo90: posts big blind $0.05
*** HOLE CARDS ***
Dealt to Dorex2007 [3h Ad]
Helwii: folds 
Andresinho46: folds 
peschr: folds 
Dorex2007: folds 
iguiguana: folds 
twk7: folds 
STBlues24fan: folds 
serjor2: calls $0.03
shakadevirgo90: checks 
*** FLOP *** [9c 2s 2h]
serjor2: checks 
shakadevirgo90: bets $0.07
serjor2: folds 
Uncalled bet ($0.07) returned to shakadevirgo90
shakadevirgo90 collected $0.10 from pot
shakadevirgo90: doesn't show hand 
*** SUMMARY ***
Total pot $0.10 | Rake $0 
Board [9c 2s 2h]
Seat 1: shakadevirgo90 (big blind) collected ($0.10)
Seat 2: Helwii folded before Flop (didn't bet)
Seat 3: Andresinho46 folded before Flop (didn't bet)
Seat 4: peschr folded before Flop (didn't bet)
Seat 5: Dorex2007 folded before Flop (didn't bet)
Seat 6: iguiguana folded before Flop (didn't bet)
Seat 7: twk7 folded before Flop (didn't bet)
Seat 8: STBlues24fan (button) folded before Flop (didn't bet)
Seat 9: serjor2 (small blind) folded on the Flop



PokerStars Hand #237880424721:  Hold'em No Limit ($0.02/$0.05 USD) - 2022/08/09 0:28:52 PT [2022/08/09 3:28:52 ET]
Table 'Parsifal II' 9-max Seat #9 is the button
Seat 1: shakadevirgo90 ($5.10 in chips) 
Seat 2: Helwii ($6.47 in chips) 
Seat 3: Andresinho46 ($11.32 in chips) 
Seat 4: peschr ($4.72 in chips) 
Seat 5: Dorex2007 ($5 in chips) 
Seat 6: iguiguana ($5.05 in chips) 
Seat 7: twk7 ($7.44 in chips) 
Seat 8: STBlues24fan ($2.19 in chips) 
Seat 9: serjor2 ($2.29 in chips) 
shakadevirgo90: posts small blind $0.02
Helwii: posts big blind $0.05
*** HOLE CARDS ***
Dealt to Dorex2007 [6s 6d]
Andresinho46: folds 
peschr: folds 
Dorex2007: raises $0.10 to $0.15
iguiguana: folds 
twk7: folds 
STBlues24fan: calls $0.15
serjor2: folds 
shakadevirgo90: folds 
Helwii: folds 
*** FLOP *** [Qs Js 7d]
Dorex2007: checks 
STBlues24fan: checks 
*** TURN *** [Qs Js 7d] [Tc]
Dorex2007: checks 
STBlues24fan: checks 
*** RIVER *** [Qs Js 7d Tc] [Kc]
Dorex2007: checks 
STBlues24fan: bets $0.40
Dorex2007: folds 
Uncalled bet ($0.40) returned to STBlues24fan
STBlues24fan collected $0.35 from pot
STBlues24fan: doesn't show hand 
*** SUMMARY ***
Total pot $0.37 | Rake $0.02 
Board [Qs Js 7d Tc Kc]
Seat 1: shakadevirgo90 (small blind) folded before Flop
Seat 2: Helwii (big blind) folded before Flop
Seat 3: Andresinho46 folded before Flop (didn't bet)
Seat 4: peschr folded before Flop (didn't bet)
Seat 5: Dorex2007 folded on the River
Seat 6: iguiguana folded before Flop (didn't bet)
Seat 7: twk7 folded before Flop (didn't bet)
Seat 8: STBlues24fan collected ($0.35)
Seat 9: serjor2 (button) folded before Flop (didn't bet)



PokerStars Hand #237880430891:  Hold'em No Limit ($0.02/$0.05 USD) - 2022/08/09 0:29:46 PT [2022/08/09 3:29:46 ET]
Table 'Parsifal II' 9-max Seat #1 is the button
Seat 1: shakadevirgo90 ($5.08 in chips) 
Seat 2: Helwii ($6.42 in chips) 
Seat 3: Andresinho46 ($11.32 in chips) 
Seat 4: peschr ($4.72 in chips) 
Seat 5: Dorex2007 ($5 in chips) 
Seat 6: iguiguana ($5.05 in chips) 
Seat 7: twk7 ($7.44 in chips) 
Seat 8: STBlues24fan ($2.39 in chips) 
Seat 9: serjor2 ($2.29 in chips) 
Helwii: posts small blind $0.02
Andresinho46: posts big blind $0.05
*** HOLE CARDS ***
Dealt to Dorex2007 [5d 7s]
peschr: folds 
Dorex2007: folds 
iguiguana: folds 
twk7: raises $0.10 to $0.15
STBlues24fan: calls $0.15
serjor2: calls $0.15
shakadevirgo90: folds 
Helwii: calls $0.13
Andresinho46: calls $0.10
*** FLOP *** [9c Ah 7h]
Helwii: checks 
Andresinho46: checks 
twk7: bets $0.60
STBlues24fan: folds 
serjor2: folds 
Helwii: folds 
Andresinho46: calls $0.60
*** TURN *** [9c Ah 7h] [Qd]
Andresinho46: checks 
twk7: bets $1.65
Andresinho46: folds 
Uncalled bet ($1.65) returned to twk7
twk7 collected $1.87 from pot
*** SUMMARY ***
Total pot $1.95 | Rake $0.08 
Board [9c Ah 7h Qd]
Seat 1: shakadevirgo90 (button) folded before Flop (didn't bet)
Seat 2: Helwii (small blind) folded on the Flop
Seat 3: Andresinho46 (big blind) folded on the Turn
Seat 4: peschr folded before Flop (didn't bet)
Seat 5: Dorex2007 folded before Flop (didn't bet)
Seat 6: iguiguana folded before Flop (didn't bet)
Seat 7: twk7 collected ($1.87)
Seat 8: STBlues24fan folded on the Flop
Seat 9: serjor2 folded on the Flop



PokerStars Hand #237880436340:  Hold'em No Limit ($0.02/$0.05 USD) - 2022/08/09 0:30:34 PT [2022/08/09 3:30:34 ET]
Table 'Parsifal II' 9-max Seat #2 is the button
Seat 1: shakadevirgo90 ($5.08 in chips) 
Seat 2: Helwii ($6.27 in chips) 
Seat 3: Andresinho46 ($10.57 in chips) 
Seat 4: peschr ($4.72 in chips) 
Seat 5: Dorex2007 ($5 in chips) 
Seat 6: iguiguana ($5.05 in chips) 
Seat 7: twk7 ($8.56 in chips) 
Seat 8: STBlues24fan ($2.24 in chips) 
Seat 9: serjor2 ($2.14 in chips) 
Andresinho46: posts small blind $0.02
peschr: posts big blind $0.05
*** HOLE CARDS ***
Dealt to Dorex2007 [2d Ks]
Dorex2007: folds 
iguiguana: raises $0.05 to $0.10
twk7: folds 
STBlues24fan: folds 
serjor2: folds 
shakadevirgo90: folds 
Helwii: folds 
Andresinho46: folds 
STBlues24fan leaves the table
peschr: folds 
Uncalled bet ($0.05) returned to iguiguana
iguiguana collected $0.12 from pot
*** SUMMARY ***
Total pot $0.12 | Rake $0 
Seat 1: shakadevirgo90 folded before Flop (didn't bet)
Seat 2: Helwii (button) folded before Flop (didn't bet)
Seat 3: Andresinho46 (small blind) folded before Flop
Seat 4: peschr (big blind) folded before Flop
Seat 5: Dorex2007 folded before Flop (didn't bet)
Seat 6: iguiguana collected ($0.12)
Seat 7: twk7 folded before Flop (didn't bet)
Seat 8: STBlues24fan folded before Flop (didn't bet)
Seat 9: serjor2 folded before Flop (didn't bet)



PokerStars Hand #237880438477:  Hold'em No Limit ($0.02/$0.05 USD) - 2022/08/09 0:30:53 PT [2022/08/09 3:30:53 ET]
Table 'Parsifal II' 9-max Seat #3 is the button
Seat 1: shakadevirgo90 ($5.08 in chips) 
Seat 2: Helwii ($6.27 in chips) 
Seat 3: Andresinho46 ($10.55 in chips) 
Seat 4: peschr ($4.67 in chips) 
Seat 5: Dorex2007 ($5 in chips) 
Seat 6: iguiguana ($5.12 in chips) 
Seat 7: twk7 ($8.56 in chips) 
Seat 9: serjor2 ($2.14 in chips) 
peschr: posts small blind $0.02
Dorex2007: posts big blind $0.05
*** HOLE CARDS ***
Dealt to Dorex2007 [6h 2h]
iguiguana: folds 
twk7: folds 
serjor2: folds 
shakadevirgo90: raises $0.05 to $0.10
Helwii: folds 
Andresinho46: folds 
peschr: folds 
Dorex2007: folds 
Uncalled bet ($0.05) returned to shakadevirgo90
shakadevirgo90 collected $0.12 from pot
shakadevirgo90: doesn't show hand 
*** SUMMARY ***
Total pot $0.12 | Rake $0 
Seat 1: shakadevirgo90 collected ($0.12)
Seat 2: Helwii folded before Flop (didn't bet)
Seat 3: Andresinho46 (button) folded before Flop (didn't bet)
Seat 4: peschr (small blind) folded before Flop
Seat 5: Dorex2007 (big blind) folded before Flop
Seat 6: iguiguana folded before Flop (didn't bet)
Seat 7: twk7 folded before Flop (didn't bet)
Seat 9: serjor2 folded before Flop (didn't bet)



PokerStars Hand #237880440011:  Hold'em No Limit ($0.02/$0.05 USD) - 2022/08/09 0:31:06 PT [2022/08/09 3:31:06 ET]
Table 'Parsifal II' 9-max Seat #4 is the button
Seat 1: shakadevirgo90 ($5.15 in chips) 
Seat 2: Helwii ($6.27 in chips) 
Seat 3: Andresinho46 ($10.55 in chips) 
Seat 4: peschr ($4.65 in chips) 
Seat 5: Dorex2007 ($5 in chips) 
Seat 6: iguiguana ($5.12 in chips) 
Seat 7: twk7 ($8.56 in chips) 
Seat 9: serjor2 ($2.14 in chips) 
Dorex2007: posts small blind $0.02
iguiguana: posts big blind $0.05
*** HOLE CARDS ***
Dealt to Dorex2007 [Kh 3c]
twk7: folds 
twk7 leaves the table
serjor2: folds 
shakadevirgo90: raises $0.05 to $0.10
Helwii: folds 
Andresinho46: folds 
peschr: folds 
Dorex2007: folds 
iguiguana: calls $0.05
*** FLOP *** [Tc As 4h]
iguiguana: checks 
shakadevirgo90: checks 
*** TURN *** [Tc As 4h] [2s]
iguiguana: bets $0.10
shakadevirgo90: raises $0.15 to $0.25
iguiguana: calls $0.15
*** RIVER *** [Tc As 4h 2s] [Th]
iguiguana: checks 
shakadevirgo90: bets $0.50
iguiguana: folds 
Uncalled bet ($0.50) returned to shakadevirgo90
shakadevirgo90 collected $0.69 from pot
shakadevirgo90: doesn't show hand 
*** SUMMARY ***
Total pot $0.72 | Rake $0.03 
Board [Tc As 4h 2s Th]
Seat 1: shakadevirgo90 collected ($0.69)
Seat 2: Helwii folded before Flop (didn't bet)
Seat 3: Andresinho46 folded before Flop (didn't bet)
Seat 4: peschr (button) folded before Flop (didn't bet)
Seat 5: Dorex2007 (small blind) folded before Flop
Seat 6: iguiguana (big blind) folded on the River
Seat 7: twk7 folded before Flop (didn't bet)
Seat 9: serjor2 folded before Flop (didn't bet)



PokerStars Hand #237880446303:  Hold'em No Limit ($0.02/$0.05 USD) - 2022/08/09 0:32:01 PT [2022/08/09 3:32:01 ET]
Table 'Parsifal II' 9-max Seat #5 is the button
Seat 1: shakadevirgo90 ($5.49 in chips) 
Seat 2: Helwii ($6.27 in chips) 
Seat 3: Andresinho46 ($10.55 in chips) 
Seat 4: peschr ($4.65 in chips) 
Seat 5: Dorex2007 ($5 in chips) 
Seat 6: iguiguana ($4.77 in chips) 
Seat 9: serjor2 ($2.14 in chips) 
iguiguana: posts small blind $0.02
serjor2: posts big blind $0.05
*** HOLE CARDS ***
Dealt to Dorex2007 [Td Ks]
shakadevirgo90: raises $0.05 to $0.10
Helwii: folds 
Andresinho46: folds 
peschr: calls $0.10
Dorex2007: folds 
iguiguana: calls $0.08
serjor2: calls $0.05
*** FLOP *** [6s 5h 7c]
iguiguana: checks 
serjor2: checks 
shakadevirgo90: checks 
peschr: bets $0.38
iguiguana: raises $0.38 to $0.76
serjor2: calls $0.76
shakadevirgo90: folds 
peschr: calls $0.38
*** TURN *** [6s 5h 7c] [Ah]
iguiguana: bets $1.28
serjor2: calls $1.28 and is all-in
peschr: folds 
*** RIVER *** [6s 5h 7c Ah] [Jh]
*** SHOW DOWN ***
iguiguana: shows [8s 9h] (a straight, Five to Nine)
serjor2: shows [3c 4s] (a straight, Three to Seven)
iguiguana collected $5.02 from pot
*** SUMMARY ***
Total pot $5.24 | Rake $0.22 
Board [6s 5h 7c Ah Jh]
Seat 1: shakadevirgo90 folded on the Flop
Seat 2: Helwii folded before Flop (didn't bet)
Seat 3: Andresinho46 folded before Flop (didn't bet)
Seat 4: peschr folded on the Turn
Seat 5: Dorex2007 (button) folded before Flop (didn't bet)
Seat 6: iguiguana (small blind) showed [8s 9h] and won ($5.02) with a straight, Five to Nine
Seat 9: serjor2 (big blind) showed [3c 4s] and lost with a straight, Three to Seven



PokerStars Hand #237880453570:  Hold'em No Limit ($0.02/$0.05 USD) - 2022/08/09 0:33:06 PT [2022/08/09 3:33:06 ET]
Table 'Parsifal II' 9-max Seat #6 is the button
Seat 1: shakadevirgo90 ($5.39 in chips) 
Seat 2: Helwii ($6.27 in chips) 
Seat 3: Andresinho46 ($10.55 in chips) 
Seat 4: peschr ($3.79 in chips) 
Seat 5: Dorex2007 ($5 in chips) 
Seat 6: iguiguana ($7.65 in chips) 
shakadevirgo90: posts small blind $0.02
Helwii: posts big blind $0.05
*** HOLE CARDS ***
Dealt to Dorex2007 [Kh Th]
Andresinho46: folds 
peschr: folds 
serjor2 leaves the table
Dorex2007: calls $0.05
iguiguana: raises $0.05 to $0.10
shakadevirgo90: calls $0.08
Helwii: folds 
Dorex2007: calls $0.05
*** FLOP *** [Tc 9d Jc]
shakadevirgo90: checks 
Dorex2007: bets $0.34
iguiguana: calls $0.34
shakadevirgo90: calls $0.34
*** TURN *** [Tc 9d Jc] [6c]
shakadevirgo90: checks 
Dorex2007: bets $0.65
iguiguana: calls $0.65
shakadevirgo90: calls $0.65
*** RIVER *** [Tc 9d Jc 6c] [6s]
shakadevirgo90: checks 
Dorex2007: checks 
iguiguana: checks 
*** SHOW DOWN ***
shakadevirgo90: shows [Kd Qd] (a straight, Nine to King)
Dorex2007: mucks hand 
iguiguana: mucks hand 
shakadevirgo90 collected $3.18 from pot
*** SUMMARY ***
Total pot $3.32 | Rake $0.14 
Board [Tc 9d Jc 6c 6s]
Seat 1: shakadevirgo90 (small blind) showed [Kd Qd] and won ($3.18) with a straight, Nine to King
Seat 2: Helwii (big blind) folded before Flop
Seat 3: Andresinho46 folded before Flop (didn't bet)
Seat 4: peschr folded before Flop (didn't bet)
Seat 5: Dorex2007 mucked [Kh Th]
Seat 6: iguiguana (button) mucked [Ad Qh]



PokerStars Hand #237880461310:  Hold'em No Limit ($0.02/$0.05 USD) - 2022/08/09 0:34:15 PT [2022/08/09 3:34:15 ET]
Table 'Parsifal II' 9-max Seat #1 is the button
Seat 1: shakadevirgo90 ($7.48 in chips) 
Seat 2: Helwii ($6.22 in chips) 
Seat 3: Andresinho46 ($10.55 in chips) 
Seat 4: peschr ($3.79 in chips) 
Seat 5: Dorex2007 ($5 in chips) 
Seat 6: iguiguana ($6.56 in chips) 
Helwii: posts small blind $0.02
Andresinho46: posts big blind $0.05
*** HOLE CARDS ***
Dealt to Dorex2007 [Td Th]
peschr: folds 
Dorex2007: calls $0.05
iguiguana: folds 
shakadevirgo90: folds 
Helwii: folds 
Andresinho46: checks 
*** FLOP *** [9d Kh 5h]
Andresinho46: checks 
Dorex2007: checks 
*** TURN *** [9d Kh 5h] [2s]
Andresinho46: checks 
Dorex2007: checks 
*** RIVER *** [9d Kh 5h 2s] [3c]
Andresinho46: checks 
Dorex2007: checks 
*** SHOW DOWN ***
Andresinho46: shows [5d 7h] (a pair of Fives)
Dorex2007: shows [Td Th] (a pair of Tens)
Dorex2007 collected $0.12 from pot
*** SUMMARY ***
Total pot $0.12 | Rake $0 
Board [9d Kh 5h 2s 3c]
Seat 1: shakadevirgo90 (button) folded before Flop (didn't bet)
Seat 2: Helwii (small blind) folded before Flop
Seat 3: Andresinho46 (big blind) showed [5d 7h] and lost with a pair of Fives
Seat 4: peschr folded before Flop (didn't bet)
Seat 5: Dorex2007 showed [Td Th] and won ($0.12) with a pair of Tens
Seat 6: iguiguana folded before Flop (didn't bet)



PokerStars Hand #237880465111:  Hold'em No Limit ($0.02/$0.05 USD) - 2022/08/09 0:34:48 PT [2022/08/09 3:34:48 ET]
Table 'Parsifal II' 9-max Seat #2 is the button
Seat 1: shakadevirgo90 ($7.48 in chips) 
Seat 2: Helwii ($6.20 in chips) 
Seat 3: Andresinho46 ($10.50 in chips) 
Seat 5: Dorex2007 ($5.07 in chips) 
Seat 6: iguiguana ($6.56 in chips) 
Andresinho46: posts small blind $0.02
peschr: is sitting out 
Dorex2007: posts big blind $0.05
*** HOLE CARDS ***
Dealt to Dorex2007 [Kd 9d]
iguiguana: raises $0.05 to $0.10
shakadevirgo90: folds 
Helwii: folds 
Andresinho46: folds 
Dorex2007: calls $0.05
*** FLOP *** [9s 4h Js]
Helwii leaves the table
Dorex2007: bets $0.21
peschr leaves the table
iguiguana: folds 
Uncalled bet ($0.21) returned to Dorex2007
Dorex2007 collected $0.21 from pot
Dorex2007: doesn't show hand 
*** SUMMARY ***
Total pot $0.22 | Rake $0.01 
Board [9s 4h Js]
Seat 1: shakadevirgo90 folded before Flop (didn't bet)
Seat 2: Helwii (button) folded before Flop (didn't bet)
Seat 3: Andresinho46 (small blind) folded before Flop
Seat 5: Dorex2007 (big blind) collected ($0.21)
Seat 6: iguiguana folded on the Flop



PokerStars Hand #237880467527:  Hold'em No Limit ($0.02/$0.05 USD) - 2022/08/09 0:35:10 PT [2022/08/09 3:35:10 ET]
Table 'Parsifal II' 9-max Seat #3 is the button
Seat 1: shakadevirgo90 ($7.48 in chips) 
Seat 3: Andresinho46 ($10.48 in chips) 
Seat 5: Dorex2007 ($5.18 in chips) 
Seat 6: iguiguana ($6.46 in chips) 
Dorex2007: posts small blind $0.02
iguiguana: posts big blind $0.05
*** HOLE CARDS ***
Dealt to Dorex2007 [3d 3h]
shakadevirgo90: folds 
Andresinho46: folds 
Dorex2007: calls $0.03
iguiguana: checks 
*** FLOP *** [Ah 5c 8c]
Dorex2007: checks 
iguiguana: bets $0.10
Dorex2007: folds 
Uncalled bet ($0.10) returned to iguiguana
iguiguana collected $0.10 from pot
*** SUMMARY ***
Total pot $0.10 | Rake $0 
Board [Ah 5c 8c]
Seat 1: shakadevirgo90 folded before Flop (didn't bet)
Seat 3: Andresinho46 (button) folded before Flop (didn't bet)
Seat 5: Dorex2007 (small blind) folded on the Flop
Seat 6: iguiguana (big blind) collected ($0.10)



