PokerStars Hand #237796962197:  Hold'em No Limit ($0.02/$0.05 USD) - 2022/08/04 21:00:22 PT [2022/08/05 0:00:22 ET]
Table 'Hus' 9-max Seat #4 is the button
Seat 1: AGVsmarT ($9.92 in chips) 
Seat 2: Dorex2007 ($5 in chips) 
Seat 3: Pennie72 ($4.43 in chips) 
Seat 4: supersevens ($4.57 in chips) 
Seat 5: KidBananan ($5.96 in chips) 
Seat 6: Lagosha ($5 in chips) 
Seat 7: abobora71 ($8.26 in chips) 
Seat 8: simantiras ($5.30 in chips) 
Seat 9: Count Mole ($5.24 in chips) 
KidBananan: posts small blind $0.02
Lagosha: posts big blind $0.05
*** HOLE CARDS ***
Dealt to Dorex2007 [Jc 7s]
abobora71: calls $0.05
simantiras: calls $0.05
Count Mole: folds 
AGVsmarT: folds 
Dorex2007: folds 
Pennie72: folds 
supersevens: raises $0.22 to $0.27
KidBananan: folds 
Lagosha: folds 
abobora71: folds 
simantiras: folds 
Uncalled bet ($0.22) returned to supersevens
supersevens collected $0.22 from pot
supersevens: doesn't show hand 
*** SUMMARY ***
Total pot $0.22 | Rake $0 
Seat 1: AGVsmarT folded before Flop (didn't bet)
Seat 2: Dorex2007 folded before Flop (didn't bet)
Seat 3: Pennie72 folded before Flop (didn't bet)
Seat 4: supersevens (button) collected ($0.22)
Seat 5: KidBananan (small blind) folded before Flop
Seat 6: Lagosha (big blind) folded before Flop
Seat 7: abobora71 folded before Flop
Seat 8: simantiras folded before Flop
Seat 9: Count Mole folded before Flop (didn't bet)



PokerStars Hand #237796966745:  Hold'em No Limit ($0.02/$0.05 USD) - 2022/08/04 21:00:58 PT [2022/08/05 0:00:58 ET]
Table 'Hus' 9-max Seat #5 is the button
Seat 1: AGVsmarT ($9.92 in chips) 
Seat 2: Dorex2007 ($5 in chips) 
Seat 3: Pennie72 ($4.43 in chips) 
Seat 4: supersevens ($4.74 in chips) 
Seat 5: KidBananan ($5.94 in chips) 
Seat 6: Lagosha ($5 in chips) 
Seat 7: abobora71 ($8.21 in chips) 
Seat 8: simantiras ($5.25 in chips) 
Seat 9: Count Mole ($5.24 in chips) 
Lagosha: posts small blind $0.02
abobora71: posts big blind $0.05
*** HOLE CARDS ***
Dealt to Dorex2007 [As Td]
simantiras: folds 
Count Mole: folds 
AGVsmarT: folds 
Dorex2007: folds 
Pennie72: folds 
supersevens: folds 
KidBananan: folds 
Lagosha: folds 
Uncalled bet ($0.03) returned to abobora71
abobora71 collected $0.04 from pot
*** SUMMARY ***
Total pot $0.04 | Rake $0 
Seat 1: AGVsmarT folded before Flop (didn't bet)
Seat 2: Dorex2007 folded before Flop (didn't bet)
Seat 3: Pennie72 folded before Flop (didn't bet)
Seat 4: supersevens folded before Flop (didn't bet)
Seat 5: KidBananan (button) folded before Flop (didn't bet)
Seat 6: Lagosha (small blind) folded before Flop
Seat 7: abobora71 (big blind) collected ($0.04)
Seat 8: simantiras folded before Flop (didn't bet)
Seat 9: Count Mole folded before Flop (didn't bet)



PokerStars Hand #237796969401:  Hold'em No Limit ($0.02/$0.05 USD) - 2022/08/04 21:01:19 PT [2022/08/05 0:01:19 ET]
Table 'Hus' 9-max Seat #6 is the button
Seat 1: AGVsmarT ($9.92 in chips) 
Seat 2: Dorex2007 ($5 in chips) 
Seat 3: Pennie72 ($4.43 in chips) 
Seat 4: supersevens ($4.74 in chips) 
Seat 5: KidBananan ($5.94 in chips) 
Seat 6: Lagosha ($5 in chips) 
Seat 7: abobora71 ($8.23 in chips) 
Seat 8: simantiras ($5.25 in chips) 
Seat 9: Count Mole ($5.24 in chips) 
abobora71: posts small blind $0.02
simantiras: posts big blind $0.05
*** HOLE CARDS ***
Dealt to Dorex2007 [3h 6c]
Count Mole: folds 
AGVsmarT: folds 
Dorex2007: folds 
Pennie72: raises $0.05 to $0.10
supersevens: calls $0.10
KidBananan: folds 
Lagosha: folds 
abobora71: folds 
simantiras: folds 
*** FLOP *** [9c 5s 9s]
Pennie72: bets $0.13
supersevens: folds 
Uncalled bet ($0.13) returned to Pennie72
Pennie72 collected $0.26 from pot
Pennie72: doesn't show hand 
*** SUMMARY ***
Total pot $0.27 | Rake $0.01 
Board [9c 5s 9s]
Seat 1: AGVsmarT folded before Flop (didn't bet)
Seat 2: Dorex2007 folded before Flop (didn't bet)
Seat 3: Pennie72 collected ($0.26)
Seat 4: supersevens folded on the Flop
Seat 5: KidBananan folded before Flop (didn't bet)
Seat 6: Lagosha (button) folded before Flop (didn't bet)
Seat 7: abobora71 (small blind) folded before Flop
Seat 8: simantiras (big blind) folded before Flop
Seat 9: Count Mole folded before Flop (didn't bet)



PokerStars Hand #237796974014:  Hold'em No Limit ($0.02/$0.05 USD) - 2022/08/04 21:01:54 PT [2022/08/05 0:01:54 ET]
Table 'Hus' 9-max Seat #7 is the button
Seat 1: AGVsmarT ($9.92 in chips) 
Seat 2: Dorex2007 ($5 in chips) 
Seat 3: Pennie72 ($4.59 in chips) 
Seat 4: supersevens ($4.64 in chips) 
Seat 5: KidBananan ($5.94 in chips) 
Seat 6: Lagosha ($5 in chips) 
Seat 7: abobora71 ($8.21 in chips) 
Seat 8: simantiras ($5.20 in chips) 
simantiras: posts small blind $0.02
Count Mole: is sitting out 
AGVsmarT: posts big blind $0.05
*** HOLE CARDS ***
Dealt to Dorex2007 [Qs Ah]
Dorex2007: raises $0.15 to $0.20
Pennie72: folds 
supersevens: folds 
KidBananan: folds 
Lagosha: folds 
abobora71: folds 
Count Mole leaves the table
simantiras: folds 
AGVsmarT: calls $0.15
*** FLOP *** [2s 4d 5d]
AGVsmarT: checks 
Dorex2007: checks 
*** TURN *** [2s 4d 5d] [As]
AGVsmarT: checks 
Dorex2007: bets $0.40
AGVsmarT: folds 
Uncalled bet ($0.40) returned to Dorex2007
Dorex2007 collected $0.40 from pot
Dorex2007: doesn't show hand 
*** SUMMARY ***
Total pot $0.42 | Rake $0.02 
Board [2s 4d 5d As]
Seat 1: AGVsmarT (big blind) folded on the Turn
Seat 2: Dorex2007 collected ($0.40)
Seat 3: Pennie72 folded before Flop (didn't bet)
Seat 4: supersevens folded before Flop (didn't bet)
Seat 5: KidBananan folded before Flop (didn't bet)
Seat 6: Lagosha folded before Flop (didn't bet)
Seat 7: abobora71 (button) folded before Flop (didn't bet)
Seat 8: simantiras (small blind) folded before Flop



PokerStars Hand #237796981979:  Hold'em No Limit ($0.02/$0.05 USD) - 2022/08/04 21:02:54 PT [2022/08/05 0:02:54 ET]
Table 'Hus' 9-max Seat #8 is the button
Seat 1: AGVsmarT ($9.72 in chips) 
Seat 2: Dorex2007 ($5.20 in chips) 
Seat 3: Pennie72 ($4.59 in chips) 
Seat 4: supersevens ($4.64 in chips) 
Seat 5: KidBananan ($5.94 in chips) 
Seat 6: Lagosha ($5 in chips) 
Seat 7: abobora71 ($8.21 in chips) 
Seat 8: simantiras ($5.18 in chips) 
AGVsmarT: posts small blind $0.02
Dorex2007: posts big blind $0.05
*** HOLE CARDS ***
Dealt to Dorex2007 [3d 7d]
Pennie72: folds 
supersevens: folds 
KidBananan: folds 
Lagosha: folds 
abobora71: folds 
simantiras: raises $0.05 to $0.10
AGVsmarT: calls $0.08
Dorex2007: folds 
*** FLOP *** [2c Ac 2s]
AGVsmarT: bets $0.24
simantiras: folds 
Uncalled bet ($0.24) returned to AGVsmarT
AGVsmarT collected $0.24 from pot
*** SUMMARY ***
Total pot $0.25 | Rake $0.01 
Board [2c Ac 2s]
Seat 1: AGVsmarT (small blind) collected ($0.24)
Seat 2: Dorex2007 (big blind) folded before Flop
Seat 3: Pennie72 folded before Flop (didn't bet)
Seat 4: supersevens folded before Flop (didn't bet)
Seat 5: KidBananan folded before Flop (didn't bet)
Seat 6: Lagosha folded before Flop (didn't bet)
Seat 7: abobora71 folded before Flop (didn't bet)
Seat 8: simantiras (button) folded on the Flop



PokerStars Hand #237796986521:  Hold'em No Limit ($0.02/$0.05 USD) - 2022/08/04 21:03:29 PT [2022/08/05 0:03:29 ET]
Table 'Hus' 9-max Seat #1 is the button
Seat 1: AGVsmarT ($9.86 in chips) 
Seat 2: Dorex2007 ($5.15 in chips) 
Seat 3: Pennie72 ($4.59 in chips) 
Seat 4: supersevens ($4.64 in chips) 
Seat 5: KidBananan ($5.94 in chips) 
Seat 6: Lagosha ($5 in chips) 
Seat 7: abobora71 ($8.21 in chips) 
Seat 8: simantiras ($5.08 in chips) 
Dorex2007: posts small blind $0.02
Pennie72: posts big blind $0.05
*** HOLE CARDS ***
Dealt to Dorex2007 [7c 2d]
supersevens: folds 
KidBananan: folds 
Lagosha: folds 
abobora71: calls $0.05
simantiras: folds 
AGVsmarT: folds 
Dorex2007: folds 
Pennie72: checks 
*** FLOP *** [2c 7s 5d]
Pennie72: checks 
abobora71: checks 
*** TURN *** [2c 7s 5d] [Td]
Pennie72: checks 
abobora71: checks 
*** RIVER *** [2c 7s 5d Td] [9d]
Pennie72: checks 
abobora71: checks 
*** SHOW DOWN ***
Pennie72: shows [8d Qc] (high card Queen)
abobora71: shows [As 6s] (high card Ace)
abobora71 collected $0.12 from pot
*** SUMMARY ***
Total pot $0.12 | Rake $0 
Board [2c 7s 5d Td 9d]
Seat 1: AGVsmarT (button) folded before Flop (didn't bet)
Seat 2: Dorex2007 (small blind) folded before Flop
Seat 3: Pennie72 (big blind) showed [8d Qc] and lost with high card Queen
Seat 4: supersevens folded before Flop (didn't bet)
Seat 5: KidBananan folded before Flop (didn't bet)
Seat 6: Lagosha folded before Flop (didn't bet)
Seat 7: abobora71 showed [As 6s] and won ($0.12) with high card Ace
Seat 8: simantiras folded before Flop (didn't bet)



PokerStars Hand #237796995275:  Hold'em No Limit ($0.02/$0.05 USD) - 2022/08/04 21:04:34 PT [2022/08/05 0:04:34 ET]
Table 'Hus' 9-max Seat #2 is the button
Seat 1: AGVsmarT ($9.86 in chips) 
Seat 2: Dorex2007 ($5.13 in chips) 
Seat 3: Pennie72 ($4.54 in chips) 
Seat 4: supersevens ($4.64 in chips) 
Seat 5: KidBananan ($5.94 in chips) 
Seat 6: Lagosha ($5 in chips) 
Seat 7: abobora71 ($8.28 in chips) 
Seat 8: simantiras ($5.08 in chips) 
Pennie72: posts small blind $0.02
supersevens: posts big blind $0.05
*** HOLE CARDS ***
Dealt to Dorex2007 [Kd Kc]
KidBananan: raises $0.10 to $0.15
Lagosha: folds 
abobora71: folds 
simantiras: folds 
AGVsmarT: folds 
Dorex2007: raises $4.98 to $5.13 and is all-in
Tuxtaxunov joins the table at seat #9 
Pennie72: folds 
supersevens: folds 
KidBananan: folds 
Uncalled bet ($4.98) returned to Dorex2007
Dorex2007 collected $0.37 from pot
Dorex2007: doesn't show hand 
*** SUMMARY ***
Total pot $0.37 | Rake $0 
Seat 1: AGVsmarT folded before Flop (didn't bet)
Seat 2: Dorex2007 (button) collected ($0.37)
Seat 3: Pennie72 (small blind) folded before Flop
Seat 4: supersevens (big blind) folded before Flop
Seat 5: KidBananan folded before Flop
Seat 6: Lagosha folded before Flop (didn't bet)
Seat 7: abobora71 folded before Flop (didn't bet)
Seat 8: simantiras folded before Flop (didn't bet)



PokerStars Hand #237796998564:  Hold'em No Limit ($0.02/$0.05 USD) - 2022/08/04 21:04:59 PT [2022/08/05 0:04:59 ET]
Table 'Hus' 9-max Seat #3 is the button
Seat 1: AGVsmarT ($9.86 in chips) 
Seat 2: Dorex2007 ($5.35 in chips) 
Seat 3: Pennie72 ($4.52 in chips) 
Seat 4: supersevens ($4.59 in chips) 
Seat 5: KidBananan ($5.79 in chips) 
Seat 6: Lagosha ($5 in chips) 
Seat 7: abobora71 ($8.28 in chips) 
Seat 8: simantiras ($5.08 in chips) 
supersevens: posts small blind $0.02
KidBananan: posts big blind $0.05
Tuxtaxunov: sits out 
*** HOLE CARDS ***
Dealt to Dorex2007 [3s Qh]
Lagosha: folds 
abobora71: folds 
simantiras: raises $0.10 to $0.15
AGVsmarT: folds 
Dorex2007: folds 
Pennie72: folds 
supersevens: folds 
KidBananan: folds 
Uncalled bet ($0.10) returned to simantiras
simantiras collected $0.12 from pot
simantiras: doesn't show hand 
*** SUMMARY ***
Total pot $0.12 | Rake $0 
Seat 1: AGVsmarT folded before Flop (didn't bet)
Seat 2: Dorex2007 folded before Flop (didn't bet)
Seat 3: Pennie72 (button) folded before Flop (didn't bet)
Seat 4: supersevens (small blind) folded before Flop
Seat 5: KidBananan (big blind) folded before Flop
Seat 6: Lagosha folded before Flop (didn't bet)
Seat 7: abobora71 folded before Flop (didn't bet)
Seat 8: simantiras collected ($0.12)



PokerStars Hand #237797001358:  Hold'em No Limit ($0.02/$0.05 USD) - 2022/08/04 21:05:20 PT [2022/08/05 0:05:20 ET]
Table 'Hus' 9-max Seat #4 is the button
Seat 1: AGVsmarT ($9.86 in chips) 
Seat 2: Dorex2007 ($5.35 in chips) 
Seat 3: Pennie72 ($4.52 in chips) 
Seat 4: supersevens ($4.57 in chips) 
Seat 5: KidBananan ($5.74 in chips) 
Seat 7: abobora71 ($8.28 in chips) 
Seat 8: simantiras ($5.15 in chips) 
KidBananan: posts small blind $0.02
Lagosha: is sitting out 
abobora71: posts big blind $0.05
Tuxtaxunov: sits out 
*** HOLE CARDS ***
Dealt to Dorex2007 [8d 9c]
simantiras: raises $0.05 to $0.10
Lagosha leaves the table
AGVsmarT: calls $0.10
Dorex2007: folds 
Pennie72: folds 
supersevens: folds 
KidBananan: folds 
abobora71: calls $0.05
*** FLOP *** [2c Jc 7h]
abobora71: checks 
simantiras: checks 
AGVsmarT: bets $0.15
abobora71: folds 
simantiras: calls $0.15
*** TURN *** [2c Jc 7h] [4h]
simantiras: checks 
AGVsmarT: checks 
*** RIVER *** [2c Jc 7h 4h] [Qc]
ernosering joins the table at seat #6 
simantiras: bets $0.59
AGVsmarT: folds 
Uncalled bet ($0.59) returned to simantiras
simantiras collected $0.59 from pot
simantiras: doesn't show hand 
*** SUMMARY ***
Total pot $0.62 | Rake $0.03 
Board [2c Jc 7h 4h Qc]
Seat 1: AGVsmarT folded on the River
Seat 2: Dorex2007 folded before Flop (didn't bet)
Seat 3: Pennie72 folded before Flop (didn't bet)
Seat 4: supersevens (button) folded before Flop (didn't bet)
Seat 5: KidBananan (small blind) folded before Flop
Seat 7: abobora71 (big blind) folded on the Flop
Seat 8: simantiras collected ($0.59)



PokerStars Hand #237797008581:  Hold'em No Limit ($0.02/$0.05 USD) - 2022/08/04 21:06:14 PT [2022/08/05 0:06:14 ET]
Table 'Hus' 9-max Seat #5 is the button
Seat 1: AGVsmarT ($9.61 in chips) 
Seat 2: Dorex2007 ($5.35 in chips) 
Seat 3: Pennie72 ($4.52 in chips) 
Seat 4: supersevens ($4.57 in chips) 
Seat 5: KidBananan ($5.72 in chips) 
Seat 7: abobora71 ($8.18 in chips) 
Seat 8: simantiras ($5.49 in chips) 
abobora71: posts small blind $0.02
simantiras: posts big blind $0.05
Tuxtaxunov: sits out 
*** HOLE CARDS ***
Dealt to Dorex2007 [2d Ad]
AGVsmarT: folds 
Dorex2007: folds 
Pennie72: folds 
supersevens has timed out
supersevens: folds 
KidBananan: folds 
abobora71: folds 
Uncalled bet ($0.03) returned to simantiras
simantiras collected $0.04 from pot
simantiras: doesn't show hand 
*** SUMMARY ***
Total pot $0.04 | Rake $0 
Seat 1: AGVsmarT folded before Flop (didn't bet)
Seat 2: Dorex2007 folded before Flop (didn't bet)
Seat 3: Pennie72 folded before Flop (didn't bet)
Seat 4: supersevens folded before Flop (didn't bet)
Seat 5: KidBananan (button) folded before Flop (didn't bet)
Seat 7: abobora71 (small blind) folded before Flop
Seat 8: simantiras (big blind) collected ($0.04)



PokerStars Hand #237797012485:  Hold'em No Limit ($0.02/$0.05 USD) - 2022/08/04 21:06:43 PT [2022/08/05 0:06:43 ET]
Table 'Hus' 9-max Seat #7 is the button
Seat 1: AGVsmarT ($9.61 in chips) 
Seat 2: Dorex2007 ($5.35 in chips) 
Seat 3: Pennie72 ($4.52 in chips) 
Seat 4: supersevens ($4.57 in chips) 
Seat 5: KidBananan ($5.72 in chips) 
Seat 7: abobora71 ($8.16 in chips) 
Seat 8: simantiras ($5.51 in chips) 
Seat 9: Tuxtaxunov ($3.05 in chips) 
simantiras: posts small blind $0.02
Tuxtaxunov: posts big blind $0.05
ernosering: sits out 
*** HOLE CARDS ***
Dealt to Dorex2007 [6s Ad]
AGVsmarT: calls $0.05
Dorex2007 has timed out
Dorex2007: folds 
Pennie72: calls $0.05
supersevens: folds 
KidBananan: folds 
abobora71: folds 
simantiras: folds 
Tuxtaxunov: checks 
*** FLOP *** [2s 8d As]
Tuxtaxunov: bets $0.08
AGVsmarT: folds 
Pennie72: folds 
Uncalled bet ($0.08) returned to Tuxtaxunov
Tuxtaxunov collected $0.16 from pot
*** SUMMARY ***
Total pot $0.17 | Rake $0.01 
Board [2s 8d As]
Seat 1: AGVsmarT folded on the Flop
Seat 2: Dorex2007 folded before Flop (didn't bet)
Seat 3: Pennie72 folded on the Flop
Seat 4: supersevens folded before Flop (didn't bet)
Seat 5: KidBananan folded before Flop (didn't bet)
Seat 7: abobora71 (button) folded before Flop (didn't bet)
Seat 8: simantiras (small blind) folded before Flop
Seat 9: Tuxtaxunov (big blind) collected ($0.16)



PokerStars Hand #237797018719:  Hold'em No Limit ($0.02/$0.05 USD) - 2022/08/04 21:07:30 PT [2022/08/05 0:07:30 ET]
Table 'Hus' 9-max Seat #8 is the button
Seat 1: AGVsmarT ($9.56 in chips) 
Seat 2: Dorex2007 ($5.35 in chips) 
Seat 3: Pennie72 ($4.47 in chips) 
Seat 4: supersevens ($4.57 in chips) 
Seat 5: KidBananan ($5.72 in chips) 
Seat 6: ernosering ($4 in chips) 
Seat 7: abobora71 ($8.16 in chips) 
Seat 8: simantiras ($5.49 in chips) 
Seat 9: Tuxtaxunov ($3.16 in chips) 
Tuxtaxunov: posts small blind $0.02
AGVsmarT: posts big blind $0.05
ernosering: posts big blind $0.05
*** HOLE CARDS ***
Dealt to Dorex2007 [Jd 4s]
Dorex2007: folds 
Pennie72: folds 
supersevens: folds 
KidBananan: folds 
ernosering: raises $0.10 to $0.15
abobora71: folds 
simantiras: folds 
Tuxtaxunov: folds 
AGVsmarT: folds 
Uncalled bet ($0.10) returned to ernosering
ernosering collected $0.12 from pot
ernosering: doesn't show hand 
*** SUMMARY ***
Total pot $0.12 | Rake $0 
Seat 1: AGVsmarT (big blind) folded before Flop
Seat 2: Dorex2007 folded before Flop (didn't bet)
Seat 3: Pennie72 folded before Flop (didn't bet)
Seat 4: supersevens folded before Flop (didn't bet)
Seat 5: KidBananan folded before Flop (didn't bet)
Seat 6: ernosering collected ($0.12)
Seat 7: abobora71 folded before Flop (didn't bet)
Seat 8: simantiras (button) folded before Flop (didn't bet)
Seat 9: Tuxtaxunov (small blind) folded before Flop



PokerStars Hand #237797022622:  Hold'em No Limit ($0.02/$0.05 USD) - 2022/08/04 21:08:00 PT [2022/08/05 0:08:00 ET]
Table 'Hus' 9-max Seat #9 is the button
Seat 1: AGVsmarT ($9.51 in chips) 
Seat 2: Dorex2007 ($5.35 in chips) 
Seat 3: Pennie72 ($4.47 in chips) 
Seat 4: supersevens ($4.57 in chips) 
Seat 5: KidBananan ($5.72 in chips) 
Seat 6: ernosering ($4.07 in chips) 
Seat 7: abobora71 ($8.16 in chips) 
Seat 8: simantiras ($5.49 in chips) 
Seat 9: Tuxtaxunov ($3.14 in chips) 
AGVsmarT: posts small blind $0.02
Dorex2007: posts big blind $0.05
*** HOLE CARDS ***
Dealt to Dorex2007 [Td 5d]
Pennie72: folds 
supersevens has timed out
supersevens: folds 
KidBananan: folds 
ernosering: folds 
abobora71: folds 
simantiras: folds 
supersevens leaves the table
Tuxtaxunov: raises $0.10 to $0.15
AGVsmarT: folds 
Dorex2007: folds 
Uncalled bet ($0.10) returned to Tuxtaxunov
Tuxtaxunov collected $0.12 from pot
*** SUMMARY ***
Total pot $0.12 | Rake $0 
Seat 1: AGVsmarT (small blind) folded before Flop
Seat 2: Dorex2007 (big blind) folded before Flop
Seat 3: Pennie72 folded before Flop (didn't bet)
Seat 4: supersevens folded before Flop (didn't bet)
Seat 5: KidBananan folded before Flop (didn't bet)
Seat 6: ernosering folded before Flop (didn't bet)
Seat 7: abobora71 folded before Flop (didn't bet)
Seat 8: simantiras folded before Flop (didn't bet)
Seat 9: Tuxtaxunov (button) collected ($0.12)



PokerStars Hand #237797026152:  Hold'em No Limit ($0.02/$0.05 USD) - 2022/08/04 21:08:26 PT [2022/08/05 0:08:26 ET]
Table 'Hus' 9-max Seat #1 is the button
Seat 1: AGVsmarT ($9.49 in chips) 
Seat 2: Dorex2007 ($5.30 in chips) 
Seat 3: Pennie72 ($4.47 in chips) 
Seat 5: KidBananan ($5.72 in chips) 
Seat 6: ernosering ($4.07 in chips) 
Seat 7: abobora71 ($8.16 in chips) 
Seat 8: simantiras ($5.49 in chips) 
Seat 9: Tuxtaxunov ($3.21 in chips) 
Dorex2007: posts small blind $0.02
Pennie72: posts big blind $0.05
*** HOLE CARDS ***
Dealt to Dorex2007 [Kc 7h]
KidBananan: folds 
ernosering: folds 
abobora71: folds 
simantiras: folds 
Tuxtaxunov: folds 
AGVsmarT: raises $0.12 to $0.17
Dorex2007: folds 
Pennie72: folds 
Uncalled bet ($0.12) returned to AGVsmarT
AGVsmarT collected $0.12 from pot
*** SUMMARY ***
Total pot $0.12 | Rake $0 
Seat 1: AGVsmarT (button) collected ($0.12)
Seat 2: Dorex2007 (small blind) folded before Flop
Seat 3: Pennie72 (big blind) folded before Flop
Seat 5: KidBananan folded before Flop (didn't bet)
Seat 6: ernosering folded before Flop (didn't bet)
Seat 7: abobora71 folded before Flop (didn't bet)
Seat 8: simantiras folded before Flop (didn't bet)
Seat 9: Tuxtaxunov folded before Flop (didn't bet)



PokerStars Hand #237797028362:  Hold'em No Limit ($0.02/$0.05 USD) - 2022/08/04 21:08:43 PT [2022/08/05 0:08:43 ET]
Table 'Hus' 9-max Seat #2 is the button
Seat 1: AGVsmarT ($9.56 in chips) 
Seat 2: Dorex2007 ($5.28 in chips) 
Seat 3: Pennie72 ($4.42 in chips) 
Seat 5: KidBananan ($5.72 in chips) 
Seat 6: ernosering ($4.07 in chips) 
Seat 7: abobora71 ($8.16 in chips) 
Seat 8: simantiras ($5.49 in chips) 
Seat 9: Tuxtaxunov ($3.21 in chips) 
Pennie72: posts small blind $0.02
KidBananan: posts big blind $0.05
*** HOLE CARDS ***
Dealt to Dorex2007 [5s Th]
ernosering: folds 
abobora71: folds 
simantiras: folds 
Tuxtaxunov: folds 
AGVsmarT: calls $0.05
Dorex2007: folds 
Pennie72: folds 
KidBananan: checks 
*** FLOP *** [7d Ad Ah]
KidBananan: checks 
AGVsmarT: bets $0.05
KidBananan: folds 
Uncalled bet ($0.05) returned to AGVsmarT
AGVsmarT collected $0.12 from pot
*** SUMMARY ***
Total pot $0.12 | Rake $0 
Board [7d Ad Ah]
Seat 1: AGVsmarT collected ($0.12)
Seat 2: Dorex2007 (button) folded before Flop (didn't bet)
Seat 3: Pennie72 (small blind) folded before Flop
Seat 5: KidBananan (big blind) folded on the Flop
Seat 6: ernosering folded before Flop (didn't bet)
Seat 7: abobora71 folded before Flop (didn't bet)
Seat 8: simantiras folded before Flop (didn't bet)
Seat 9: Tuxtaxunov folded before Flop (didn't bet)



PokerStars Hand #237797032482:  Hold'em No Limit ($0.02/$0.05 USD) - 2022/08/04 21:09:14 PT [2022/08/05 0:09:14 ET]
Table 'Hus' 9-max Seat #3 is the button
Seat 1: AGVsmarT ($9.63 in chips) 
Seat 2: Dorex2007 ($5.28 in chips) 
Seat 3: Pennie72 ($4.40 in chips) 
Seat 5: KidBananan ($5.67 in chips) 
Seat 6: ernosering ($4.07 in chips) 
Seat 7: abobora71 ($8.16 in chips) 
Seat 8: simantiras ($5.49 in chips) 
Seat 9: Tuxtaxunov ($3.21 in chips) 
KidBananan: posts small blind $0.02
ernosering: posts big blind $0.05
*** HOLE CARDS ***
Dealt to Dorex2007 [2d 7d]
abobora71: calls $0.05
simantiras: folds 
Tuxtaxunov: calls $0.05
AGVsmarT: folds 
Dorex2007: folds 
Pennie72: folds 
KidBananan: folds 
ernosering: checks 
*** FLOP *** [Kd Ts 9s]
QUE-SE-FUNDA joins the table at seat #4 
ernosering: bets $0.08
abobora71: folds 
Tuxtaxunov: calls $0.08
*** TURN *** [Kd Ts 9s] [Jh]
ernosering: bets $0.32
Tuxtaxunov: calls $0.32
*** RIVER *** [Kd Ts 9s Jh] [8d]
ernosering: checks 
Tuxtaxunov: bets $0.51
ernosering: calls $0.51
*** SHOW DOWN ***
Tuxtaxunov: shows [As 9h] (a pair of Nines)
ernosering: shows [Js Ah] (a pair of Jacks)
ernosering collected $1.91 from pot
*** SUMMARY ***
Total pot $1.99 | Rake $0.08 
Board [Kd Ts 9s Jh 8d]
Seat 1: AGVsmarT folded before Flop (didn't bet)
Seat 2: Dorex2007 folded before Flop (didn't bet)
Seat 3: Pennie72 (button) folded before Flop (didn't bet)
Seat 5: KidBananan (small blind) folded before Flop
Seat 6: ernosering (big blind) showed [Js Ah] and won ($1.91) with a pair of Jacks
Seat 7: abobora71 folded on the Flop
Seat 8: simantiras folded before Flop (didn't bet)
Seat 9: Tuxtaxunov showed [As 9h] and lost with a pair of Nines



PokerStars Hand #237797042995:  Hold'em No Limit ($0.02/$0.05 USD) - 2022/08/04 21:10:34 PT [2022/08/05 0:10:34 ET]
Table 'Hus' 9-max Seat #5 is the button
Seat 1: AGVsmarT ($9.63 in chips) 
Seat 2: Dorex2007 ($5.28 in chips) 
Seat 3: Pennie72 ($4.40 in chips) 
Seat 5: KidBananan ($5.65 in chips) 
Seat 6: ernosering ($5.02 in chips) 
Seat 7: abobora71 ($8.11 in chips) 
Seat 8: simantiras ($5.49 in chips) 
Seat 9: Tuxtaxunov ($2.25 in chips) 
ernosering: posts small blind $0.02
abobora71: posts big blind $0.05
QUE-SE-FUNDA: sits out 
*** HOLE CARDS ***
Dealt to Dorex2007 [5c Ac]
simantiras: folds 
Tuxtaxunov: raises $0.10 to $0.15
AGVsmarT: folds 
Dorex2007: calls $0.15
Pennie72: folds 
KidBananan: folds 
ernosering: raises $0.10 to $0.25
abobora71: folds 
Tuxtaxunov: calls $0.10
Dorex2007: calls $0.10
*** FLOP *** [2c 5d 9c]
ernosering: checks 
Tuxtaxunov: checks 
Dorex2007: bets $5.03 and is all-in
ernosering: folds 
Tuxtaxunov: folds 
Uncalled bet ($5.03) returned to Dorex2007
Dorex2007 collected $0.77 from pot
Dorex2007: doesn't show hand 
*** SUMMARY ***
Total pot $0.80 | Rake $0.03 
Board [2c 5d 9c]
Seat 1: AGVsmarT folded before Flop (didn't bet)
Seat 2: Dorex2007 collected ($0.77)
Seat 3: Pennie72 folded before Flop (didn't bet)
Seat 5: KidBananan (button) folded before Flop (didn't bet)
Seat 6: ernosering (small blind) folded on the Flop
Seat 7: abobora71 (big blind) folded before Flop
Seat 8: simantiras folded before Flop (didn't bet)
Seat 9: Tuxtaxunov folded on the Flop



PokerStars Hand #237797051658:  Hold'em No Limit ($0.02/$0.05 USD) - 2022/08/04 21:11:38 PT [2022/08/05 0:11:38 ET]
Table 'Hus' 9-max Seat #6 is the button
Seat 1: AGVsmarT ($9.63 in chips) 
Seat 2: Dorex2007 ($5.80 in chips) 
Seat 3: Pennie72 ($4.40 in chips) 
Seat 5: KidBananan ($5.65 in chips) 
Seat 6: ernosering ($4.77 in chips) 
Seat 7: abobora71 ($8.06 in chips) 
Seat 8: simantiras ($5.49 in chips) 
Seat 9: Tuxtaxunov ($2 in chips) 
abobora71: posts small blind $0.02
simantiras: posts big blind $0.05
QUE-SE-FUNDA: sits out 
*** HOLE CARDS ***
Dealt to Dorex2007 [8c Ad]
Tuxtaxunov: folds 
Tuxtaxunov leaves the table
AGVsmarT: folds 
Dorex2007: folds 
Pennie72: folds 
KidBananan: folds 
ernosering: folds 
abobora71: folds 
Uncalled bet ($0.03) returned to simantiras
simantiras collected $0.04 from pot
simantiras: doesn't show hand 
*** SUMMARY ***
Total pot $0.04 | Rake $0 
Seat 1: AGVsmarT folded before Flop (didn't bet)
Seat 2: Dorex2007 folded before Flop (didn't bet)
Seat 3: Pennie72 folded before Flop (didn't bet)
Seat 5: KidBananan folded before Flop (didn't bet)
Seat 6: ernosering (button) folded before Flop (didn't bet)
Seat 7: abobora71 (small blind) folded before Flop
Seat 8: simantiras (big blind) collected ($0.04)
Seat 9: Tuxtaxunov folded before Flop (didn't bet)



PokerStars Hand #237797054368:  Hold'em No Limit ($0.02/$0.05 USD) - 2022/08/04 21:12:00 PT [2022/08/05 0:12:00 ET]
Table 'Hus' 9-max Seat #7 is the button
Seat 1: AGVsmarT ($9.63 in chips) 
Seat 2: Dorex2007 ($5.80 in chips) 
Seat 3: Pennie72 ($4.40 in chips) 
Seat 5: KidBananan ($5.65 in chips) 
Seat 6: ernosering ($4.77 in chips) 
Seat 7: abobora71 ($8.04 in chips) 
Seat 8: simantiras ($5.51 in chips) 
simantiras: posts small blind $0.02
AGVsmarT: posts big blind $0.05
QUE-SE-FUNDA: sits out 
*** HOLE CARDS ***
Dealt to Dorex2007 [7c Ad]
Dorex2007: folds 
Templar85 joins the table at seat #9 
Pennie72: folds 
KidBananan: folds 
ernosering: folds 
abobora71: folds 
simantiras: folds 
Uncalled bet ($0.03) returned to AGVsmarT
AGVsmarT collected $0.04 from pot
*** SUMMARY ***
Total pot $0.04 | Rake $0 
Seat 1: AGVsmarT (big blind) collected ($0.04)
Seat 2: Dorex2007 folded before Flop (didn't bet)
Seat 3: Pennie72 folded before Flop (didn't bet)
Seat 5: KidBananan folded before Flop (didn't bet)
Seat 6: ernosering folded before Flop (didn't bet)
Seat 7: abobora71 (button) folded before Flop (didn't bet)
Seat 8: simantiras (small blind) folded before Flop



PokerStars Hand #237797057857:  Hold'em No Limit ($0.02/$0.05 USD) - 2022/08/04 21:12:26 PT [2022/08/05 0:12:26 ET]
Table 'Hus' 9-max Seat #8 is the button
Seat 1: AGVsmarT ($9.65 in chips) 
Seat 2: Dorex2007 ($5.80 in chips) 
Seat 3: Pennie72 ($4.40 in chips) 
Seat 5: KidBananan ($5.65 in chips) 
Seat 6: ernosering ($4.77 in chips) 
Seat 7: abobora71 ($8.04 in chips) 
Seat 8: simantiras ($5.49 in chips) 
AGVsmarT: posts small blind $0.02
Dorex2007: posts big blind $0.05
QUE-SE-FUNDA: sits out 
*** HOLE CARDS ***
Dealt to Dorex2007 [7d 4c]
Pennie72 has timed out
Pennie72: folds 
KidBananan: folds 
ernosering: raises $0.10 to $0.15
abobora71: folds 
simantiras: folds 
AGVsmarT: folds 
Dorex2007: folds 
Uncalled bet ($0.10) returned to ernosering
ernosering collected $0.12 from pot
ernosering: doesn't show hand 
*** SUMMARY ***
Total pot $0.12 | Rake $0 
Seat 1: AGVsmarT (small blind) folded before Flop
Seat 2: Dorex2007 (big blind) folded before Flop
Seat 3: Pennie72 folded before Flop (didn't bet)
Seat 5: KidBananan folded before Flop (didn't bet)
Seat 6: ernosering collected ($0.12)
Seat 7: abobora71 folded before Flop (didn't bet)
Seat 8: simantiras (button) folded before Flop (didn't bet)



PokerStars Hand #237797062128:  Hold'em No Limit ($0.02/$0.05 USD) - 2022/08/04 21:12:59 PT [2022/08/05 0:12:59 ET]
Table 'Hus' 9-max Seat #1 is the button
Seat 1: AGVsmarT ($9.63 in chips) 
Seat 2: Dorex2007 ($5.75 in chips) 
Seat 3: Pennie72 ($4.40 in chips) 
Seat 5: KidBananan ($5.65 in chips) 
Seat 6: ernosering ($4.84 in chips) 
Seat 7: abobora71 ($8.04 in chips) 
Seat 8: simantiras ($5.49 in chips) 
Dorex2007: posts small blind $0.02
Pennie72: posts big blind $0.05
QUE-SE-FUNDA: sits out 
*** HOLE CARDS ***
Dealt to Dorex2007 [9c 6c]
KidBananan: folds 
ernosering: folds 
abobora71: folds 
simantiras: raises $0.10 to $0.15
AGVsmarT: folds 
Dorex2007: folds 
Pennie72: folds 
Uncalled bet ($0.10) returned to simantiras
simantiras collected $0.12 from pot
simantiras: doesn't show hand 
*** SUMMARY ***
Total pot $0.12 | Rake $0 
Seat 1: AGVsmarT (button) folded before Flop (didn't bet)
Seat 2: Dorex2007 (small blind) folded before Flop
Seat 3: Pennie72 (big blind) folded before Flop
Seat 5: KidBananan folded before Flop (didn't bet)
Seat 6: ernosering folded before Flop (didn't bet)
Seat 7: abobora71 folded before Flop (didn't bet)
Seat 8: simantiras collected ($0.12)



PokerStars Hand #237797064992:  Hold'em No Limit ($0.02/$0.05 USD) - 2022/08/04 21:13:21 PT [2022/08/05 0:13:21 ET]
Table 'Hus' 9-max Seat #2 is the button
Seat 1: AGVsmarT ($9.63 in chips) 
Seat 2: Dorex2007 ($5.73 in chips) 
Seat 3: Pennie72 ($4.35 in chips) 
Seat 4: QUE-SE-FUNDA ($5 in chips) 
Seat 5: KidBananan ($5.65 in chips) 
Seat 6: ernosering ($4.84 in chips) 
Seat 7: abobora71 ($8.04 in chips) 
Seat 8: simantiras ($5.56 in chips) 
Pennie72: posts small blind $0.02
QUE-SE-FUNDA: posts big blind $0.05
*** HOLE CARDS ***
Dealt to Dorex2007 [4d Jh]
KidBananan: folds 
ernosering: folds 
abobora71: folds 
simantiras: folds 
AGVsmarT: folds 
AGVsmarT leaves the table
Dorex2007: folds 
Pennie72: folds 
Uncalled bet ($0.03) returned to QUE-SE-FUNDA
QUE-SE-FUNDA collected $0.04 from pot
QUE-SE-FUNDA: doesn't show hand 
*** SUMMARY ***
Total pot $0.04 | Rake $0 
Seat 1: AGVsmarT folded before Flop (didn't bet)
Seat 2: Dorex2007 (button) folded before Flop (didn't bet)
Seat 3: Pennie72 (small blind) folded before Flop
Seat 4: QUE-SE-FUNDA (big blind) collected ($0.04)
Seat 5: KidBananan folded before Flop (didn't bet)
Seat 6: ernosering folded before Flop (didn't bet)
Seat 7: abobora71 folded before Flop (didn't bet)
Seat 8: simantiras folded before Flop (didn't bet)



PokerStars Hand #237797068995:  Hold'em No Limit ($0.02/$0.05 USD) - 2022/08/04 21:13:51 PT [2022/08/05 0:13:51 ET]
Table 'Hus' 9-max Seat #3 is the button
Seat 2: Dorex2007 ($5.73 in chips) 
Seat 3: Pennie72 ($4.33 in chips) 
Seat 4: QUE-SE-FUNDA ($5.02 in chips) 
Seat 5: KidBananan ($5.65 in chips) 
Seat 6: ernosering ($4.84 in chips) 
Seat 7: abobora71 ($8.04 in chips) 
Seat 8: simantiras ($5.56 in chips) 
QUE-SE-FUNDA: posts small blind $0.02
KidBananan: posts big blind $0.05
*** HOLE CARDS ***
Dealt to Dorex2007 [2s Qd]
ernosering: folds 
abobora71: folds 
simantiras: raises $0.10 to $0.15
Dorex2007: folds 
Pennie72: folds 
QUE-SE-FUNDA: folds 
KidBananan: folds 
Uncalled bet ($0.10) returned to simantiras
simantiras collected $0.12 from pot
simantiras: doesn't show hand 
*** SUMMARY ***
Total pot $0.12 | Rake $0 
Seat 2: Dorex2007 folded before Flop (didn't bet)
Seat 3: Pennie72 (button) folded before Flop (didn't bet)
Seat 4: QUE-SE-FUNDA (small blind) folded before Flop
Seat 5: KidBananan (big blind) folded before Flop
Seat 6: ernosering folded before Flop (didn't bet)
Seat 7: abobora71 folded before Flop (didn't bet)
Seat 8: simantiras collected ($0.12)



PokerStars Hand #237797071538:  Hold'em No Limit ($0.02/$0.05 USD) - 2022/08/04 21:14:11 PT [2022/08/05 0:14:11 ET]
Table 'Hus' 9-max Seat #4 is the button
Seat 2: Dorex2007 ($5.73 in chips) 
Seat 3: Pennie72 ($4.33 in chips) 
Seat 4: QUE-SE-FUNDA ($5 in chips) 
Seat 5: KidBananan ($5.60 in chips) 
Seat 6: ernosering ($4.84 in chips) 
Seat 7: abobora71 ($8.04 in chips) 
Seat 8: simantiras ($5.63 in chips) 
KidBananan: posts small blind $0.02
ernosering: posts big blind $0.05
Templar85: sits out 
*** HOLE CARDS ***
Dealt to Dorex2007 [2h 7d]
abobora71: calls $0.05
simantiras: folds 
Dorex2007: folds 
Pennie72: folds 
QUE-SE-FUNDA: folds 
KidBananan: folds 
ernosering: checks 
*** FLOP *** [3c 5s 6c]
ernosering: checks 
abobora71: checks 
*** TURN *** [3c 5s 6c] [9s]
ernosering: checks 
abobora71: checks 
*** RIVER *** [3c 5s 6c 9s] [6d]
ernosering: checks 
abobora71: checks 
*** SHOW DOWN ***
ernosering: shows [Td 4c] (a pair of Sixes)
abobora71: shows [As Ts] (a pair of Sixes - Ace kicker)
abobora71 collected $0.12 from pot
*** SUMMARY ***
Total pot $0.12 | Rake $0 
Board [3c 5s 6c 9s 6d]
Seat 2: Dorex2007 folded before Flop (didn't bet)
Seat 3: Pennie72 folded before Flop (didn't bet)
Seat 4: QUE-SE-FUNDA (button) folded before Flop (didn't bet)
Seat 5: KidBananan (small blind) folded before Flop
Seat 6: ernosering (big blind) showed [Td 4c] and lost with a pair of Sixes
Seat 7: abobora71 showed [As Ts] and won ($0.12) with a pair of Sixes
Seat 8: simantiras folded before Flop (didn't bet)



PokerStars Hand #237797077696:  Hold'em No Limit ($0.02/$0.05 USD) - 2022/08/04 21:14:58 PT [2022/08/05 0:14:58 ET]
Table 'Hus' 9-max Seat #5 is the button
Seat 2: Dorex2007 ($5.73 in chips) 
Seat 3: Pennie72 ($4.33 in chips) 
Seat 4: QUE-SE-FUNDA ($5 in chips) 
Seat 5: KidBananan ($5.58 in chips) 
Seat 6: ernosering ($4.79 in chips) 
Seat 7: abobora71 ($8.11 in chips) 
Seat 8: simantiras ($5.63 in chips) 
ernosering: posts small blind $0.02
abobora71: posts big blind $0.05
Templar85: sits out 
*** HOLE CARDS ***
Dealt to Dorex2007 [Qd 4s]
simantiras: folds 
Dorex2007: folds 
Pennie72: folds 
QUE-SE-FUNDA: folds 
KidBananan: folds 
ernosering: folds 
Uncalled bet ($0.03) returned to abobora71
abobora71 collected $0.04 from pot
*** SUMMARY ***
Total pot $0.04 | Rake $0 
Seat 2: Dorex2007 folded before Flop (didn't bet)
Seat 3: Pennie72 folded before Flop (didn't bet)
Seat 4: QUE-SE-FUNDA folded before Flop (didn't bet)
Seat 5: KidBananan (button) folded before Flop (didn't bet)
Seat 6: ernosering (small blind) folded before Flop
Seat 7: abobora71 (big blind) collected ($0.04)
Seat 8: simantiras folded before Flop (didn't bet)



PokerStars Hand #237797080408:  Hold'em No Limit ($0.02/$0.05 USD) - 2022/08/04 21:15:19 PT [2022/08/05 0:15:19 ET]
Table 'Hus' 9-max Seat #6 is the button
Seat 2: Dorex2007 ($5.73 in chips) 
Seat 3: Pennie72 ($4.33 in chips) 
Seat 4: QUE-SE-FUNDA ($5 in chips) 
Seat 5: KidBananan ($5.58 in chips) 
Seat 6: ernosering ($4.77 in chips) 
Seat 7: abobora71 ($8.13 in chips) 
Seat 8: simantiras ($5.63 in chips) 
abobora71: posts small blind $0.02
simantiras: posts big blind $0.05
Templar85: sits out 
*** HOLE CARDS ***
Dealt to Dorex2007 [6h 6s]
Dorex2007: raises $0.10 to $0.15
Pennie72: folds 
QUE-SE-FUNDA: folds 
KidBananan: folds 
ernosering: raises $0.10 to $0.25
abobora71: folds 
simantiras: folds 
Dorex2007: calls $0.10
*** FLOP *** [Ts 8c Jc]
Dorex2007: checks 
ernosering: bets $0.45
Dorex2007: folds 
Uncalled bet ($0.45) returned to ernosering
ernosering collected $0.55 from pot
ernosering: doesn't show hand 
*** SUMMARY ***
Total pot $0.57 | Rake $0.02 
Board [Ts 8c Jc]
Seat 2: Dorex2007 folded on the Flop
Seat 3: Pennie72 folded before Flop (didn't bet)
Seat 4: QUE-SE-FUNDA folded before Flop (didn't bet)
Seat 5: KidBananan folded before Flop (didn't bet)
Seat 6: ernosering (button) collected ($0.55)
Seat 7: abobora71 (small blind) folded before Flop
Seat 8: simantiras (big blind) folded before Flop



PokerStars Hand #237797090508:  Hold'em No Limit ($0.02/$0.05 USD) - 2022/08/04 21:16:05 PT [2022/08/05 0:16:05 ET]
Table 'Hus' 9-max Seat #7 is the button
Seat 2: Dorex2007 ($5.48 in chips) 
Seat 3: Pennie72 ($4.33 in chips) 
Seat 4: QUE-SE-FUNDA ($5 in chips) 
Seat 5: KidBananan ($5.58 in chips) 
Seat 6: ernosering ($5.07 in chips) 
Seat 7: abobora71 ($8.11 in chips) 
Seat 8: simantiras ($5.58 in chips) 
Seat 9: Templar85 ($5 in chips) 
simantiras: posts small blind $0.02
Templar85: posts big blind $0.05
*** HOLE CARDS ***
Dealt to Dorex2007 [4h 4c]
Dorex2007 has timed out
Dorex2007: folds 
Pennie72: folds 
QUE-SE-FUNDA: folds 
KidBananan: folds 
ernosering: raises $0.10 to $0.15
abobora71: folds 
simantiras: raises $0.35 to $0.50
Templar85: folds 
ernosering: calls $0.35
*** FLOP *** [Qd 9c 2d]
simantiras: bets $1.01
ernosering: folds 
Uncalled bet ($1.01) returned to simantiras
simantiras collected $1.01 from pot
simantiras: doesn't show hand 
*** SUMMARY ***
Total pot $1.05 | Rake $0.04 
Board [Qd 9c 2d]
Seat 2: Dorex2007 folded before Flop (didn't bet)
Seat 3: Pennie72 folded before Flop (didn't bet)
Seat 4: QUE-SE-FUNDA folded before Flop (didn't bet)
Seat 5: KidBananan folded before Flop (didn't bet)
Seat 6: ernosering folded on the Flop
Seat 7: abobora71 (button) folded before Flop (didn't bet)
Seat 8: simantiras (small blind) collected ($1.01)
Seat 9: Templar85 (big blind) folded before Flop



PokerStars Hand #237797098852:  Hold'em No Limit ($0.02/$0.05 USD) - 2022/08/04 21:17:09 PT [2022/08/05 0:17:09 ET]
Table 'Hus' 9-max Seat #8 is the button
Seat 2: Dorex2007 ($5.48 in chips) 
Seat 3: Pennie72 ($4.33 in chips) 
Seat 4: QUE-SE-FUNDA ($5 in chips) 
Seat 5: KidBananan ($5.58 in chips) 
Seat 6: ernosering ($4.57 in chips) 
Seat 7: abobora71 ($8.11 in chips) 
Seat 8: simantiras ($6.09 in chips) 
Seat 9: Templar85 ($5 in chips) 
Templar85: posts small blind $0.02
Dorex2007: posts big blind $0.05
*** HOLE CARDS ***
Dealt to Dorex2007 [Th Ts]
Pennie72 has timed out
Pennie72: folds 
QUE-SE-FUNDA: folds 
KidBananan: folds 
ernosering: folds 
abobora71: folds 
simantiras: raises $0.10 to $0.15
Templar85: folds 
Dorex2007: calls $0.10
*** FLOP *** [Jc Ad 9s]
Dorex2007: checks 
simantiras: bets $0.15
Dorex2007: calls $0.15
*** TURN *** [Jc Ad 9s] [4h]
Dorex2007: checks 
MaxxPower63 joins the table at seat #1 
simantiras: checks 
*** RIVER *** [Jc Ad 9s 4h] [2s]
Dorex2007: bets $0.29
simantiras: calls $0.29
*** SHOW DOWN ***
Dorex2007: shows [Th Ts] (a pair of Tens)
simantiras: shows [As 6d] (a pair of Aces)
simantiras collected $1.15 from pot
*** SUMMARY ***
Total pot $1.20 | Rake $0.05 
Board [Jc Ad 9s 4h 2s]
Seat 2: Dorex2007 (big blind) showed [Th Ts] and lost with a pair of Tens
Seat 3: Pennie72 folded before Flop (didn't bet)
Seat 4: QUE-SE-FUNDA folded before Flop (didn't bet)
Seat 5: KidBananan folded before Flop (didn't bet)
Seat 6: ernosering folded before Flop (didn't bet)
Seat 7: abobora71 folded before Flop (didn't bet)
Seat 8: simantiras (button) showed [As 6d] and won ($1.15) with a pair of Aces
Seat 9: Templar85 (small blind) folded before Flop



PokerStars Hand #237797105539:  Hold'em No Limit ($0.02/$0.05 USD) - 2022/08/04 21:18:00 PT [2022/08/05 0:18:00 ET]
Table 'Hus' 9-max Seat #9 is the button
Seat 2: Dorex2007 ($5 in chips) 
Seat 3: Pennie72 ($4.33 in chips) 
Seat 4: QUE-SE-FUNDA ($5 in chips) 
Seat 5: KidBananan ($5.58 in chips) 
Seat 6: ernosering ($4.57 in chips) 
Seat 7: abobora71 ($8.11 in chips) 
Seat 8: simantiras ($6.65 in chips) 
Seat 9: Templar85 ($5 in chips) 
Dorex2007: posts small blind $0.02
Pennie72: posts big blind $0.05
*** HOLE CARDS ***
Dealt to Dorex2007 [Tc Qh]
QUE-SE-FUNDA: folds 
KidBananan: folds 
ernosering: folds 
abobora71: folds 
simantiras: raises $0.10 to $0.15
Templar85: raises $0.37 to $0.52
Dorex2007: folds 
Pennie72: folds 
simantiras: folds 
Uncalled bet ($0.37) returned to Templar85
Templar85 collected $0.37 from pot
Templar85: doesn't show hand 
*** SUMMARY ***
Total pot $0.37 | Rake $0 
Seat 2: Dorex2007 (small blind) folded before Flop
Seat 3: Pennie72 (big blind) folded before Flop
Seat 4: QUE-SE-FUNDA folded before Flop (didn't bet)
Seat 5: KidBananan folded before Flop (didn't bet)
Seat 6: ernosering folded before Flop (didn't bet)
Seat 7: abobora71 folded before Flop (didn't bet)
Seat 8: simantiras folded before Flop
Seat 9: Templar85 (button) collected ($0.37)



PokerStars Hand #237797108368:  Hold'em No Limit ($0.02/$0.05 USD) - 2022/08/04 21:18:22 PT [2022/08/05 0:18:22 ET]
Table 'Hus' 9-max Seat #2 is the button
Seat 1: MaxxPower63 ($2 in chips) 
Seat 2: Dorex2007 ($5 in chips) 
Seat 3: Pennie72 ($4.28 in chips) 
Seat 4: QUE-SE-FUNDA ($5 in chips) 
Seat 5: KidBananan ($5.58 in chips) 
Seat 6: ernosering ($4.57 in chips) 
Seat 7: abobora71 ($8.11 in chips) 
Seat 8: simantiras ($6.50 in chips) 
Seat 9: Templar85 ($5.22 in chips) 
Pennie72: posts small blind $0.02
QUE-SE-FUNDA: posts big blind $0.05
MaxxPower63: posts big blind $0.05
*** HOLE CARDS ***
Dealt to Dorex2007 [Jd 6d]
KidBananan: folds 
ernosering: folds 
abobora71: folds 
simantiras: folds 
Templar85: folds 
MaxxPower63: checks 
Dorex2007: folds 
Pennie72: folds 
QUE-SE-FUNDA: checks 
*** FLOP *** [5d 5c Ac]
QUE-SE-FUNDA: checks 
MaxxPower63: checks 
*** TURN *** [5d 5c Ac] [Kc]
QUE-SE-FUNDA: checks 
MaxxPower63: checks 
*** RIVER *** [5d 5c Ac Kc] [9h]
QUE-SE-FUNDA: checks 
MaxxPower63: checks 
*** SHOW DOWN ***
QUE-SE-FUNDA: shows [Qd 6s] (a pair of Fives)
MaxxPower63: shows [3c 5h] (three of a kind, Fives)
MaxxPower63 collected $0.12 from pot
*** SUMMARY ***
Total pot $0.12 | Rake $0 
Board [5d 5c Ac Kc 9h]
Seat 1: MaxxPower63 showed [3c 5h] and won ($0.12) with three of a kind, Fives
Seat 2: Dorex2007 (button) folded before Flop (didn't bet)
Seat 3: Pennie72 (small blind) folded before Flop
Seat 4: QUE-SE-FUNDA (big blind) showed [Qd 6s] and lost with a pair of Fives
Seat 5: KidBananan folded before Flop (didn't bet)
Seat 6: ernosering folded before Flop (didn't bet)
Seat 7: abobora71 folded before Flop (didn't bet)
Seat 8: simantiras folded before Flop (didn't bet)
Seat 9: Templar85 folded before Flop (didn't bet)



PokerStars Hand #237797113635:  Hold'em No Limit ($0.02/$0.05 USD) - 2022/08/04 21:19:02 PT [2022/08/05 0:19:02 ET]
Table 'Hus' 9-max Seat #3 is the button
Seat 1: MaxxPower63 ($2.07 in chips) 
Seat 2: Dorex2007 ($5 in chips) 
Seat 3: Pennie72 ($4.26 in chips) 
Seat 4: QUE-SE-FUNDA ($4.95 in chips) 
Seat 5: KidBananan ($5.58 in chips) 
Seat 6: ernosering ($4.57 in chips) 
Seat 7: abobora71 ($8.11 in chips) 
Seat 8: simantiras ($6.50 in chips) 
Seat 9: Templar85 ($5.22 in chips) 
QUE-SE-FUNDA: posts small blind $0.02
KidBananan: posts big blind $0.05
*** HOLE CARDS ***
Dealt to Dorex2007 [7c 6s]
ernosering: folds 
abobora71: folds 
simantiras: folds 
Templar85: folds 
MaxxPower63: folds 
Dorex2007: folds 
Pennie72: folds 
QUE-SE-FUNDA: folds 
Uncalled bet ($0.03) returned to KidBananan
KidBananan collected $0.04 from pot
KidBananan: doesn't show hand 
*** SUMMARY ***
Total pot $0.04 | Rake $0 
Seat 1: MaxxPower63 folded before Flop (didn't bet)
Seat 2: Dorex2007 folded before Flop (didn't bet)
Seat 3: Pennie72 (button) folded before Flop (didn't bet)
Seat 4: QUE-SE-FUNDA (small blind) folded before Flop
Seat 5: KidBananan (big blind) collected ($0.04)
Seat 6: ernosering folded before Flop (didn't bet)
Seat 7: abobora71 folded before Flop (didn't bet)
Seat 8: simantiras folded before Flop (didn't bet)
Seat 9: Templar85 folded before Flop (didn't bet)



PokerStars Hand #237797116746:  Hold'em No Limit ($0.02/$0.05 USD) - 2022/08/04 21:19:24 PT [2022/08/05 0:19:24 ET]
Table 'Hus' 9-max Seat #4 is the button
Seat 1: MaxxPower63 ($2.07 in chips) 
Seat 2: Dorex2007 ($5 in chips) 
Seat 3: Pennie72 ($4.26 in chips) 
Seat 4: QUE-SE-FUNDA ($4.93 in chips) 
Seat 5: KidBananan ($5.60 in chips) 
Seat 6: ernosering ($4.57 in chips) 
Seat 7: abobora71 ($8.11 in chips) 
Seat 8: simantiras ($6.50 in chips) 
Seat 9: Templar85 ($5.22 in chips) 
KidBananan: posts small blind $0.02
ernosering: posts big blind $0.05
*** HOLE CARDS ***
Dealt to Dorex2007 [7c Ts]
abobora71: folds 
simantiras: folds 
Templar85: folds 
MaxxPower63: folds 
Dorex2007: folds 
Pennie72: folds 
QUE-SE-FUNDA: folds 
KidBananan: raises $0.10 to $0.15
ernosering: calls $0.10
*** FLOP *** [5s 7d As]
KidBananan: bets $0.10
ernosering: raises $0.25 to $0.35
KidBananan: folds 
Uncalled bet ($0.25) returned to ernosering
ernosering collected $0.48 from pot
ernosering: doesn't show hand 
*** SUMMARY ***
Total pot $0.50 | Rake $0.02 
Board [5s 7d As]
Seat 1: MaxxPower63 folded before Flop (didn't bet)
Seat 2: Dorex2007 folded before Flop (didn't bet)
Seat 3: Pennie72 folded before Flop (didn't bet)
Seat 4: QUE-SE-FUNDA (button) folded before Flop (didn't bet)
Seat 5: KidBananan (small blind) folded on the Flop
Seat 6: ernosering (big blind) collected ($0.48)
Seat 7: abobora71 folded before Flop (didn't bet)
Seat 8: simantiras folded before Flop (didn't bet)
Seat 9: Templar85 folded before Flop (didn't bet)



PokerStars Hand #237797125720:  Hold'em No Limit ($0.02/$0.05 USD) - 2022/08/04 21:20:34 PT [2022/08/05 0:20:34 ET]
Table 'Hus' 9-max Seat #5 is the button
Seat 1: MaxxPower63 ($2.07 in chips) 
Seat 2: Dorex2007 ($5 in chips) 
Seat 3: Pennie72 ($4.26 in chips) 
Seat 4: QUE-SE-FUNDA ($4.93 in chips) 
Seat 5: KidBananan ($5.35 in chips) 
Seat 6: ernosering ($4.80 in chips) 
Seat 7: abobora71 ($8.11 in chips) 
Seat 8: simantiras ($6.50 in chips) 
Seat 9: Templar85 ($5.22 in chips) 
ernosering: posts small blind $0.02
abobora71: posts big blind $0.05
*** HOLE CARDS ***
Dealt to Dorex2007 [Jh 7s]
simantiras: folds 
Templar85: folds 
MaxxPower63: folds 
Dorex2007 has timed out
Dorex2007: folds 
Pennie72: folds 
QUE-SE-FUNDA: folds 
KidBananan: raises $0.07 to $0.12
ernosering: raises $0.07 to $0.19
abobora71: folds 
KidBananan: calls $0.07
*** FLOP *** [2h 5s 6s]
ernosering: bets $0.20
KidBananan: folds 
Uncalled bet ($0.20) returned to ernosering
ernosering collected $0.41 from pot
ernosering: doesn't show hand 
*** SUMMARY ***
Total pot $0.43 | Rake $0.02 
Board [2h 5s 6s]
Seat 1: MaxxPower63 folded before Flop (didn't bet)
Seat 2: Dorex2007 folded before Flop (didn't bet)
Seat 3: Pennie72 folded before Flop (didn't bet)
Seat 4: QUE-SE-FUNDA folded before Flop (didn't bet)
Seat 5: KidBananan (button) folded on the Flop
Seat 6: ernosering (small blind) collected ($0.41)
Seat 7: abobora71 (big blind) folded before Flop
Seat 8: simantiras folded before Flop (didn't bet)
Seat 9: Templar85 folded before Flop (didn't bet)



PokerStars Hand #237797132729:  Hold'em No Limit ($0.02/$0.05 USD) - 2022/08/04 21:21:27 PT [2022/08/05 0:21:27 ET]
Table 'Hus' 9-max Seat #6 is the button
Seat 1: MaxxPower63 ($2.07 in chips) 
Seat 2: Dorex2007 ($5 in chips) 
Seat 3: Pennie72 ($4.26 in chips) 
Seat 4: QUE-SE-FUNDA ($4.93 in chips) 
Seat 5: KidBananan ($5.16 in chips) 
Seat 6: ernosering ($5.02 in chips) 
Seat 7: abobora71 ($8.06 in chips) 
Seat 8: simantiras ($6.50 in chips) 
Seat 9: Templar85 ($5.22 in chips) 
abobora71: posts small blind $0.02
simantiras: posts big blind $0.05
*** HOLE CARDS ***
Dealt to Dorex2007 [6c Ks]
Templar85: folds 
MaxxPower63: folds 
Dorex2007: folds 
Pennie72: folds 
QUE-SE-FUNDA: folds 
KidBananan: folds 
ernosering: folds 
abobora71: calls $0.03
simantiras: checks 
*** FLOP *** [Js Kh Tc]
abobora71: checks 
simantiras: checks 
*** TURN *** [Js Kh Tc] [8c]
abobora71: checks 
simantiras: checks 
*** RIVER *** [Js Kh Tc 8c] [4d]
abobora71: checks 
simantiras: checks 
*** SHOW DOWN ***
abobora71: shows [7d Ad] (high card Ace)
simantiras: shows [Ts 2d] (a pair of Tens)
simantiras collected $0.10 from pot
*** SUMMARY ***
Total pot $0.10 | Rake $0 
Board [Js Kh Tc 8c 4d]
Seat 1: MaxxPower63 folded before Flop (didn't bet)
Seat 2: Dorex2007 folded before Flop (didn't bet)
Seat 3: Pennie72 folded before Flop (didn't bet)
Seat 4: QUE-SE-FUNDA folded before Flop (didn't bet)
Seat 5: KidBananan folded before Flop (didn't bet)
Seat 6: ernosering (button) folded before Flop (didn't bet)
Seat 7: abobora71 (small blind) showed [7d Ad] and lost with high card Ace
Seat 8: simantiras (big blind) showed [Ts 2d] and won ($0.10) with a pair of Tens
Seat 9: Templar85 folded before Flop (didn't bet)



PokerStars Hand #237797137355:  Hold'em No Limit ($0.02/$0.05 USD) - 2022/08/04 21:22:02 PT [2022/08/05 0:22:02 ET]
Table 'Hus' 9-max Seat #8 is the button
Seat 1: MaxxPower63 ($2.07 in chips) 
Seat 2: Dorex2007 ($5 in chips) 
Seat 3: Pennie72 ($4.26 in chips) 
Seat 4: QUE-SE-FUNDA ($4.93 in chips) 
Seat 5: KidBananan ($5.16 in chips) 
Seat 6: ernosering ($5.02 in chips) 
Seat 8: simantiras ($6.55 in chips) 
Seat 9: Templar85 ($5.22 in chips) 
Templar85: posts small blind $0.02
MaxxPower63: posts big blind $0.05
*** HOLE CARDS ***
Dealt to Dorex2007 [7s 7d]
Dorex2007: calls $0.05
Pennie72: folds 
QUE-SE-FUNDA: folds 
KidBananan: folds 
ernosering: raises $0.10 to $0.15
simantiras: folds 
Templar85: folds 
MaxxPower63: folds 
Dorex2007: calls $0.10
*** FLOP *** [3d 2c Js]
Dorex2007: bets $0.23
ernosering: calls $0.23
*** TURN *** [3d 2c Js] [9s]
Dorex2007: bets $0.40
ernosering: folds 
Uncalled bet ($0.40) returned to Dorex2007
Dorex2007 collected $0.80 from pot
Dorex2007: doesn't show hand 
*** SUMMARY ***
Total pot $0.83 | Rake $0.03 
Board [3d 2c Js 9s]
Seat 1: MaxxPower63 (big blind) folded before Flop
Seat 2: Dorex2007 collected ($0.80)
Seat 3: Pennie72 folded before Flop (didn't bet)
Seat 4: QUE-SE-FUNDA folded before Flop (didn't bet)
Seat 5: KidBananan folded before Flop (didn't bet)
Seat 6: ernosering folded on the Turn
Seat 8: simantiras (button) folded before Flop (didn't bet)
Seat 9: Templar85 (small blind) folded before Flop



PokerStars Hand #237797144771:  Hold'em No Limit ($0.02/$0.05 USD) - 2022/08/04 21:22:59 PT [2022/08/05 0:22:59 ET]
Table 'Hus' 9-max Seat #9 is the button
Seat 1: MaxxPower63 ($2.02 in chips) 
Seat 2: Dorex2007 ($5.42 in chips) 
Seat 3: Pennie72 ($4.26 in chips) 
Seat 4: QUE-SE-FUNDA ($4.93 in chips) 
Seat 5: KidBananan ($5.16 in chips) 
Seat 6: ernosering ($4.64 in chips) 
Seat 8: simantiras ($6.55 in chips) 
Seat 9: Templar85 ($5.20 in chips) 
MaxxPower63: posts small blind $0.02
Dorex2007: posts big blind $0.05
*** HOLE CARDS ***
Dealt to Dorex2007 [3s 6d]
Pennie72: folds 
QUE-SE-FUNDA: folds 
KidBananan: folds 
ernosering: raises $0.10 to $0.15
simantiras: folds 
Templar85: folds 
MaxxPower63: folds 
Dorex2007: folds 
Uncalled bet ($0.10) returned to ernosering
ernosering collected $0.12 from pot
ernosering: doesn't show hand 
*** SUMMARY ***
Total pot $0.12 | Rake $0 
Seat 1: MaxxPower63 (small blind) folded before Flop
Seat 2: Dorex2007 (big blind) folded before Flop
Seat 3: Pennie72 folded before Flop (didn't bet)
Seat 4: QUE-SE-FUNDA folded before Flop (didn't bet)
Seat 5: KidBananan folded before Flop (didn't bet)
Seat 6: ernosering collected ($0.12)
Seat 8: simantiras folded before Flop (didn't bet)
Seat 9: Templar85 (button) folded before Flop (didn't bet)



PokerStars Hand #237797148702:  Hold'em No Limit ($0.02/$0.05 USD) - 2022/08/04 21:23:30 PT [2022/08/05 0:23:30 ET]
Table 'Hus' 9-max Seat #1 is the button
Seat 1: MaxxPower63 ($2 in chips) 
Seat 2: Dorex2007 ($5.37 in chips) 
Seat 3: Pennie72 ($4.26 in chips) 
Seat 4: QUE-SE-FUNDA ($4.93 in chips) 
Seat 5: KidBananan ($5.16 in chips) 
Seat 6: ernosering ($4.71 in chips) 
Seat 7: abobora71 ($8.01 in chips) 
Seat 8: simantiras ($6.55 in chips) 
Seat 9: Templar85 ($5.20 in chips) 
Dorex2007: posts small blind $0.02
Pennie72: posts big blind $0.05
*** HOLE CARDS ***
Dealt to Dorex2007 [3h Kc]
QUE-SE-FUNDA: folds 
KidBananan: folds 
ernosering: folds 
abobora71: folds 
simantiras: folds 
Templar85: folds 
MaxxPower63: folds 
Dorex2007: folds 
Uncalled bet ($0.03) returned to Pennie72
Pennie72 collected $0.04 from pot
Pennie72: doesn't show hand 
*** SUMMARY ***
Total pot $0.04 | Rake $0 
Seat 1: MaxxPower63 (button) folded before Flop (didn't bet)
Seat 2: Dorex2007 (small blind) folded before Flop
Seat 3: Pennie72 (big blind) collected ($0.04)
Seat 4: QUE-SE-FUNDA folded before Flop (didn't bet)
Seat 5: KidBananan folded before Flop (didn't bet)
Seat 6: ernosering folded before Flop (didn't bet)
Seat 7: abobora71 folded before Flop (didn't bet)
Seat 8: simantiras folded before Flop (didn't bet)
Seat 9: Templar85 folded before Flop (didn't bet)



PokerStars Hand #237797150726:  Hold'em No Limit ($0.02/$0.05 USD) - 2022/08/04 21:23:46 PT [2022/08/05 0:23:46 ET]
Table 'Hus' 9-max Seat #2 is the button
Seat 1: MaxxPower63 ($2 in chips) 
Seat 2: Dorex2007 ($5.35 in chips) 
Seat 3: Pennie72 ($4.28 in chips) 
Seat 4: QUE-SE-FUNDA ($4.93 in chips) 
Seat 5: KidBananan ($5.16 in chips) 
Seat 6: ernosering ($4.71 in chips) 
Seat 7: abobora71 ($8.01 in chips) 
Seat 8: simantiras ($6.55 in chips) 
Seat 9: Templar85 ($5.20 in chips) 
Pennie72: posts small blind $0.02
QUE-SE-FUNDA: posts big blind $0.05
*** HOLE CARDS ***
Dealt to Dorex2007 [2c 2s]
KidBananan: folds 
ernosering: folds 
abobora71: folds 
simantiras: folds 
Templar85: raises $0.07 to $0.12
MaxxPower63: folds 
Dorex2007: calls $0.12
Pennie72: folds 
QUE-SE-FUNDA: calls $0.07
*** FLOP *** [5d Kd Ad]
QUE-SE-FUNDA: checks 
Templar85: bets $0.18
Dorex2007: folds 
QUE-SE-FUNDA: folds 
Uncalled bet ($0.18) returned to Templar85
Templar85 collected $0.36 from pot
Templar85: doesn't show hand 
*** SUMMARY ***
Total pot $0.38 | Rake $0.02 
Board [5d Kd Ad]
Seat 1: MaxxPower63 folded before Flop (didn't bet)
Seat 2: Dorex2007 (button) folded on the Flop
Seat 3: Pennie72 (small blind) folded before Flop
Seat 4: QUE-SE-FUNDA (big blind) folded on the Flop
Seat 5: KidBananan folded before Flop (didn't bet)
Seat 6: ernosering folded before Flop (didn't bet)
Seat 7: abobora71 folded before Flop (didn't bet)
Seat 8: simantiras folded before Flop (didn't bet)
Seat 9: Templar85 collected ($0.36)



PokerStars Hand #237797155597:  Hold'em No Limit ($0.02/$0.05 USD) - 2022/08/04 21:24:24 PT [2022/08/05 0:24:24 ET]
Table 'Hus' 9-max Seat #3 is the button
Seat 1: MaxxPower63 ($2 in chips) 
Seat 2: Dorex2007 ($5.23 in chips) 
Seat 3: Pennie72 ($4.26 in chips) 
Seat 4: QUE-SE-FUNDA ($4.81 in chips) 
Seat 5: KidBananan ($5.16 in chips) 
Seat 6: ernosering ($4.71 in chips) 
Seat 7: abobora71 ($8.01 in chips) 
Seat 8: simantiras ($6.55 in chips) 
Seat 9: Templar85 ($5.44 in chips) 
QUE-SE-FUNDA: posts small blind $0.02
KidBananan: posts big blind $0.05
*** HOLE CARDS ***
Dealt to Dorex2007 [5s 6s]
ernosering: raises $0.10 to $0.15
abobora71: folds 
simantiras: folds 
Templar85: folds 
MaxxPower63: folds 
Dorex2007: folds 
Pennie72: calls $0.15
QUE-SE-FUNDA: folds 
KidBananan: folds 
*** FLOP *** [Tc 4h Kc]
ernosering: bets $0.20
Pennie72: calls $0.20
*** TURN *** [Tc 4h Kc] [9s]
ernosering: checks 
Pennie72: bets $0.37
ernosering: calls $0.37
*** RIVER *** [Tc 4h Kc 9s] [6h]
ernosering: checks 
Pennie72: bets $1
ernosering: calls $1
*** SHOW DOWN ***
Pennie72: shows [Qc Jc] (a straight, Nine to King)
ernosering: mucks hand 
Pennie72 collected $3.36 from pot
*** SUMMARY ***
Total pot $3.51 | Rake $0.15 
Board [Tc 4h Kc 9s 6h]
Seat 1: MaxxPower63 folded before Flop (didn't bet)
Seat 2: Dorex2007 folded before Flop (didn't bet)
Seat 3: Pennie72 (button) showed [Qc Jc] and won ($3.36) with a straight, Nine to King
Seat 4: QUE-SE-FUNDA (small blind) folded before Flop
Seat 5: KidBananan (big blind) folded before Flop
Seat 6: ernosering mucked [Td Jd]
Seat 7: abobora71 folded before Flop (didn't bet)
Seat 8: simantiras folded before Flop (didn't bet)
Seat 9: Templar85 folded before Flop (didn't bet)



PokerStars Hand #237797167984:  Hold'em No Limit ($0.02/$0.05 USD) - 2022/08/04 21:26:01 PT [2022/08/05 0:26:01 ET]
Table 'Hus' 9-max Seat #4 is the button
Seat 1: MaxxPower63 ($2 in chips) 
Seat 2: Dorex2007 ($5.23 in chips) 
Seat 3: Pennie72 ($5.90 in chips) 
Seat 4: QUE-SE-FUNDA ($4.79 in chips) 
Seat 5: KidBananan ($5.11 in chips) 
Seat 6: ernosering ($2.99 in chips) 
Seat 7: abobora71 ($8.01 in chips) 
Seat 8: simantiras ($6.55 in chips) 
Seat 9: Templar85 ($5.44 in chips) 
KidBananan: posts small blind $0.02
ernosering: posts big blind $0.05
*** HOLE CARDS ***
Dealt to Dorex2007 [Qs 5d]
abobora71: folds 
simantiras: folds 
Templar85: folds 
MaxxPower63: folds 
Dorex2007: folds 
Pennie72: folds 
QUE-SE-FUNDA: folds 
KidBananan: raises $0.10 to $0.15
ernosering: folds 
Uncalled bet ($0.10) returned to KidBananan
KidBananan collected $0.10 from pot
KidBananan: doesn't show hand 
*** SUMMARY ***
Total pot $0.10 | Rake $0 
Seat 1: MaxxPower63 folded before Flop (didn't bet)
Seat 2: Dorex2007 folded before Flop (didn't bet)
Seat 3: Pennie72 folded before Flop (didn't bet)
Seat 4: QUE-SE-FUNDA (button) folded before Flop (didn't bet)
Seat 5: KidBananan (small blind) collected ($0.10)
Seat 6: ernosering (big blind) folded before Flop
Seat 7: abobora71 folded before Flop (didn't bet)
Seat 8: simantiras folded before Flop (didn't bet)
Seat 9: Templar85 folded before Flop (didn't bet)



PokerStars Hand #237797170433:  Hold'em No Limit ($0.02/$0.05 USD) - 2022/08/04 21:26:21 PT [2022/08/05 0:26:21 ET]
Table 'Hus' 9-max Seat #5 is the button
Seat 1: MaxxPower63 ($2 in chips) 
Seat 2: Dorex2007 ($5.23 in chips) 
Seat 3: Pennie72 ($5.90 in chips) 
Seat 4: QUE-SE-FUNDA ($4.79 in chips) 
Seat 5: KidBananan ($5.16 in chips) 
Seat 6: ernosering ($2.94 in chips) 
Seat 7: abobora71 ($8.01 in chips) 
Seat 8: simantiras ($6.55 in chips) 
Seat 9: Templar85 ($5.44 in chips) 
ernosering: posts small blind $0.02
abobora71: posts big blind $0.05
*** HOLE CARDS ***
Dealt to Dorex2007 [5h 9c]
simantiras: folds 
Templar85: folds 
MaxxPower63: folds 
Dorex2007: folds 
Pennie72: folds 
QUE-SE-FUNDA: raises $0.10 to $0.15
KidBananan: folds 
ernosering: folds 
abobora71: folds 
Uncalled bet ($0.10) returned to QUE-SE-FUNDA
QUE-SE-FUNDA collected $0.12 from pot
QUE-SE-FUNDA: doesn't show hand 
*** SUMMARY ***
Total pot $0.12 | Rake $0 
Seat 1: MaxxPower63 folded before Flop (didn't bet)
Seat 2: Dorex2007 folded before Flop (didn't bet)
Seat 3: Pennie72 folded before Flop (didn't bet)
Seat 4: QUE-SE-FUNDA collected ($0.12)
Seat 5: KidBananan (button) folded before Flop (didn't bet)
Seat 6: ernosering (small blind) folded before Flop
Seat 7: abobora71 (big blind) folded before Flop
Seat 8: simantiras folded before Flop (didn't bet)
Seat 9: Templar85 folded before Flop (didn't bet)



PokerStars Hand #237797173276:  Hold'em No Limit ($0.02/$0.05 USD) - 2022/08/04 21:26:43 PT [2022/08/05 0:26:43 ET]
Table 'Hus' 9-max Seat #6 is the button
Seat 1: MaxxPower63 ($2 in chips) 
Seat 2: Dorex2007 ($5.23 in chips) 
Seat 3: Pennie72 ($5.90 in chips) 
Seat 4: QUE-SE-FUNDA ($4.86 in chips) 
Seat 5: KidBananan ($5.16 in chips) 
Seat 6: ernosering ($2.92 in chips) 
Seat 7: abobora71 ($7.96 in chips) 
Seat 8: simantiras ($6.55 in chips) 
Seat 9: Templar85 ($5.44 in chips) 
abobora71: posts small blind $0.02
simantiras: posts big blind $0.05
*** HOLE CARDS ***
Dealt to Dorex2007 [Th Jc]
Templar85: folds 
MaxxPower63: raises $0.05 to $0.10
Dorex2007: folds 
Pennie72: folds 
QUE-SE-FUNDA: folds 
KidBananan: folds 
ernosering: folds 
abobora71: folds 
simantiras: folds 
Uncalled bet ($0.05) returned to MaxxPower63
MaxxPower63 collected $0.12 from pot
MaxxPower63: doesn't show hand 
*** SUMMARY ***
Total pot $0.12 | Rake $0 
Seat 1: MaxxPower63 collected ($0.12)
Seat 2: Dorex2007 folded before Flop (didn't bet)
Seat 3: Pennie72 folded before Flop (didn't bet)
Seat 4: QUE-SE-FUNDA folded before Flop (didn't bet)
Seat 5: KidBananan folded before Flop (didn't bet)
Seat 6: ernosering (button) folded before Flop (didn't bet)
Seat 7: abobora71 (small blind) folded before Flop
Seat 8: simantiras (big blind) folded before Flop
Seat 9: Templar85 folded before Flop (didn't bet)



PokerStars Hand #237797176075:  Hold'em No Limit ($0.02/$0.05 USD) - 2022/08/04 21:27:05 PT [2022/08/05 0:27:05 ET]
Table 'Hus' 9-max Seat #7 is the button
Seat 1: MaxxPower63 ($2.07 in chips) 
Seat 2: Dorex2007 ($5.23 in chips) 
Seat 3: Pennie72 ($5.90 in chips) 
Seat 4: QUE-SE-FUNDA ($4.86 in chips) 
Seat 5: KidBananan ($5.16 in chips) 
Seat 6: ernosering ($2.92 in chips) 
Seat 7: abobora71 ($7.94 in chips) 
Seat 8: simantiras ($6.50 in chips) 
Seat 9: Templar85 ($5.44 in chips) 
simantiras: posts small blind $0.02
Templar85: posts big blind $0.05
*** HOLE CARDS ***
Dealt to Dorex2007 [Ts As]
MaxxPower63: folds 
Dorex2007: raises $0.15 to $0.20
Pennie72: folds 
QUE-SE-FUNDA: folds 
KidBananan: calls $0.20
ernosering: folds 
abobora71: folds 
simantiras: folds 
Templar85: folds 
*** FLOP *** [Td Ac Tc]
Dorex2007: checks 
KidBananan: checks 
*** TURN *** [Td Ac Tc] [9c]
Dorex2007: checks 
KidBananan: checks 
*** RIVER *** [Td Ac Tc 9c] [7d]
Dorex2007: bets $0.22
KidBananan: folds 
Uncalled bet ($0.22) returned to Dorex2007
Dorex2007 collected $0.45 from pot
Dorex2007: doesn't show hand 
*** SUMMARY ***
Total pot $0.47 | Rake $0.02 
Board [Td Ac Tc 9c 7d]
Seat 1: MaxxPower63 folded before Flop (didn't bet)
Seat 2: Dorex2007 collected ($0.45)
Seat 3: Pennie72 folded before Flop (didn't bet)
Seat 4: QUE-SE-FUNDA folded before Flop (didn't bet)
Seat 5: KidBananan folded on the River
Seat 6: ernosering folded before Flop (didn't bet)
Seat 7: abobora71 (button) folded before Flop (didn't bet)
Seat 8: simantiras (small blind) folded before Flop
Seat 9: Templar85 (big blind) folded before Flop



PokerStars Hand #237797182766:  Hold'em No Limit ($0.02/$0.05 USD) - 2022/08/04 21:27:57 PT [2022/08/05 0:27:57 ET]
Table 'Hus' 9-max Seat #8 is the button
Seat 1: MaxxPower63 ($2.07 in chips) 
Seat 2: Dorex2007 ($5.48 in chips) 
Seat 3: Pennie72 ($5.90 in chips) 
Seat 4: QUE-SE-FUNDA ($4.86 in chips) 
Seat 5: KidBananan ($5 in chips) 
Seat 6: ernosering ($2.92 in chips) 
Seat 7: abobora71 ($7.94 in chips) 
Seat 8: simantiras ($6.48 in chips) 
Seat 9: Templar85 ($5.39 in chips) 
Templar85: posts small blind $0.02
MaxxPower63: posts big blind $0.05
*** HOLE CARDS ***
Dealt to Dorex2007 [8d Qh]
Dorex2007: folds 
Pennie72: folds 
QUE-SE-FUNDA: folds 
KidBananan: folds 
ernosering: calls $0.05
abobora71: calls $0.05
simantiras: calls $0.05
Templar85: raises $0.25 to $0.30
MaxxPower63: folds 
ernosering: folds 
abobora71: folds 
simantiras: folds 
Uncalled bet ($0.25) returned to Templar85
Templar85 collected $0.25 from pot
Templar85: doesn't show hand 
*** SUMMARY ***
Total pot $0.25 | Rake $0 
Seat 1: MaxxPower63 (big blind) folded before Flop
Seat 2: Dorex2007 folded before Flop (didn't bet)
Seat 3: Pennie72 folded before Flop (didn't bet)
Seat 4: QUE-SE-FUNDA folded before Flop (didn't bet)
Seat 5: KidBananan folded before Flop (didn't bet)
Seat 6: ernosering folded before Flop
Seat 7: abobora71 folded before Flop
Seat 8: simantiras (button) folded before Flop
Seat 9: Templar85 (small blind) collected ($0.25)



PokerStars Hand #237797188149:  Hold'em No Limit ($0.02/$0.05 USD) - 2022/08/04 21:28:38 PT [2022/08/05 0:28:38 ET]
Table 'Hus' 9-max Seat #9 is the button
Seat 1: MaxxPower63 ($2.02 in chips) 
Seat 2: Dorex2007 ($5.48 in chips) 
Seat 3: Pennie72 ($5.90 in chips) 
Seat 4: QUE-SE-FUNDA ($4.86 in chips) 
Seat 5: KidBananan ($5 in chips) 
Seat 6: ernosering ($2.87 in chips) 
Seat 7: abobora71 ($7.89 in chips) 
Seat 8: simantiras ($6.43 in chips) 
Seat 9: Templar85 ($5.59 in chips) 
MaxxPower63: posts small blind $0.02
Dorex2007: posts big blind $0.05
*** HOLE CARDS ***
Dealt to Dorex2007 [2s Jh]
Pennie72: folds 
QUE-SE-FUNDA: folds 
KidBananan: folds 
ernosering: folds 
abobora71: folds 
simantiras: raises $0.10 to $0.15
Templar85: folds 
MaxxPower63: folds 
Dorex2007: folds 
Uncalled bet ($0.10) returned to simantiras
simantiras collected $0.12 from pot
simantiras: doesn't show hand 
*** SUMMARY ***
Total pot $0.12 | Rake $0 
Seat 1: MaxxPower63 (small blind) folded before Flop
Seat 2: Dorex2007 (big blind) folded before Flop
Seat 3: Pennie72 folded before Flop (didn't bet)
Seat 4: QUE-SE-FUNDA folded before Flop (didn't bet)
Seat 5: KidBananan folded before Flop (didn't bet)
Seat 6: ernosering folded before Flop (didn't bet)
Seat 7: abobora71 folded before Flop (didn't bet)
Seat 8: simantiras collected ($0.12)
Seat 9: Templar85 (button) folded before Flop (didn't bet)



PokerStars Hand #237797190197:  Hold'em No Limit ($0.02/$0.05 USD) - 2022/08/04 21:28:54 PT [2022/08/05 0:28:54 ET]
Table 'Hus' 9-max Seat #1 is the button
Seat 1: MaxxPower63 ($2 in chips) 
Seat 2: Dorex2007 ($5.43 in chips) 
Seat 3: Pennie72 ($5.90 in chips) 
Seat 4: QUE-SE-FUNDA ($4.86 in chips) 
Seat 5: KidBananan ($5 in chips) 
Seat 6: ernosering ($2.87 in chips) 
Seat 7: abobora71 ($7.89 in chips) 
Seat 8: simantiras ($6.50 in chips) 
Seat 9: Templar85 ($5.59 in chips) 
Dorex2007: posts small blind $0.02
Pennie72: posts big blind $0.05
*** HOLE CARDS ***
Dealt to Dorex2007 [9h Tc]
QUE-SE-FUNDA: folds 
KidBananan: folds 
ernosering: raises $0.10 to $0.15
abobora71: folds 
simantiras: calls $0.15
Templar85: folds 
MaxxPower63: folds 
Dorex2007: folds 
Pennie72: folds 
*** FLOP *** [8s 3c 3d]
ernosering: checks 
simantiras: checks 
*** TURN *** [8s 3c 3d] [7c]
ernosering: bets $0.17
simantiras: folds 
Uncalled bet ($0.17) returned to ernosering
ernosering collected $0.35 from pot
ernosering: doesn't show hand 
*** SUMMARY ***
Total pot $0.37 | Rake $0.02 
Board [8s 3c 3d 7c]
Seat 1: MaxxPower63 (button) folded before Flop (didn't bet)
Seat 2: Dorex2007 (small blind) folded before Flop
Seat 3: Pennie72 (big blind) folded before Flop
Seat 4: QUE-SE-FUNDA folded before Flop (didn't bet)
Seat 5: KidBananan folded before Flop (didn't bet)
Seat 6: ernosering collected ($0.35)
Seat 7: abobora71 folded before Flop (didn't bet)
Seat 8: simantiras folded on the Turn
Seat 9: Templar85 folded before Flop (didn't bet)



PokerStars Hand #237797204843:  Hold'em No Limit ($0.02/$0.05 USD) - 2022/08/04 21:29:34 PT [2022/08/05 0:29:34 ET]
Table 'Hus' 9-max Seat #2 is the button
Seat 1: MaxxPower63 ($2 in chips) 
Seat 2: Dorex2007 ($5.41 in chips) 
Seat 3: Pennie72 ($5.85 in chips) 
Seat 4: QUE-SE-FUNDA ($4.86 in chips) 
Seat 5: KidBananan ($5 in chips) 
Seat 6: ernosering ($3.07 in chips) 
Seat 7: abobora71 ($7.89 in chips) 
Seat 8: simantiras ($6.35 in chips) 
Seat 9: Templar85 ($5.59 in chips) 
Pennie72: posts small blind $0.02
QUE-SE-FUNDA: posts big blind $0.05
*** HOLE CARDS ***
Dealt to Dorex2007 [Qh Jc]
KidBananan: folds 
ernosering: folds 
abobora71: folds 
simantiras: folds 
Templar85: folds 
MaxxPower63: folds 
Dorex2007: folds 
Pennie72: folds 
Uncalled bet ($0.03) returned to QUE-SE-FUNDA
QUE-SE-FUNDA collected $0.04 from pot
QUE-SE-FUNDA: doesn't show hand 
*** SUMMARY ***
Total pot $0.04 | Rake $0 
Seat 1: MaxxPower63 folded before Flop (didn't bet)
Seat 2: Dorex2007 (button) folded before Flop (didn't bet)
Seat 3: Pennie72 (small blind) folded before Flop
Seat 4: QUE-SE-FUNDA (big blind) collected ($0.04)
Seat 5: KidBananan folded before Flop (didn't bet)
Seat 6: ernosering folded before Flop (didn't bet)
Seat 7: abobora71 folded before Flop (didn't bet)
Seat 8: simantiras folded before Flop (didn't bet)
Seat 9: Templar85 folded before Flop (didn't bet)



PokerStars Hand #237797207313:  Hold'em No Limit ($0.02/$0.05 USD) - 2022/08/04 21:29:53 PT [2022/08/05 0:29:53 ET]
Table 'Hus' 9-max Seat #3 is the button
Seat 1: MaxxPower63 ($2 in chips) 
Seat 2: Dorex2007 ($5.41 in chips) 
Seat 3: Pennie72 ($5.83 in chips) 
Seat 4: QUE-SE-FUNDA ($4.88 in chips) 
Seat 5: KidBananan ($5 in chips) 
Seat 6: ernosering ($3.07 in chips) 
Seat 7: abobora71 ($7.89 in chips) 
Seat 8: simantiras ($6.35 in chips) 
Seat 9: Templar85 ($5.59 in chips) 
QUE-SE-FUNDA: posts small blind $0.02
KidBananan: posts big blind $0.05
*** HOLE CARDS ***
Dealt to Dorex2007 [5c Qh]
ernosering: folds 
abobora71: folds 
simantiras: folds 
Templar85: folds 
MaxxPower63: folds 
Dorex2007: folds 
Pennie72: folds 
QUE-SE-FUNDA: raises $0.10 to $0.15
KidBananan: calls $0.10
*** FLOP *** [Jd 8c 2h]
QUE-SE-FUNDA: bets $0.20
KidBananan: calls $0.20
*** TURN *** [Jd 8c 2h] [2c]
QUE-SE-FUNDA: bets $0.37
KidBananan: folds 
Uncalled bet ($0.37) returned to QUE-SE-FUNDA
QUE-SE-FUNDA collected $0.67 from pot
QUE-SE-FUNDA: doesn't show hand 
*** SUMMARY ***
Total pot $0.70 | Rake $0.03 
Board [Jd 8c 2h 2c]
Seat 1: MaxxPower63 folded before Flop (didn't bet)
Seat 2: Dorex2007 folded before Flop (didn't bet)
Seat 3: Pennie72 (button) folded before Flop (didn't bet)
Seat 4: QUE-SE-FUNDA (small blind) collected ($0.67)
Seat 5: KidBananan (big blind) folded on the Turn
Seat 6: ernosering folded before Flop (didn't bet)
Seat 7: abobora71 folded before Flop (didn't bet)
Seat 8: simantiras folded before Flop (didn't bet)
Seat 9: Templar85 folded before Flop (didn't bet)



PokerStars Hand #237797212704:  Hold'em No Limit ($0.02/$0.05 USD) - 2022/08/04 21:30:35 PT [2022/08/05 0:30:35 ET]
Table 'Hus' 9-max Seat #4 is the button
Seat 1: MaxxPower63 ($2 in chips) 
Seat 2: Dorex2007 ($5.41 in chips) 
Seat 3: Pennie72 ($5.83 in chips) 
Seat 4: QUE-SE-FUNDA ($5.20 in chips) 
Seat 5: KidBananan ($5 in chips) 
Seat 6: ernosering ($3.07 in chips) 
Seat 7: abobora71 ($7.89 in chips) 
Seat 8: simantiras ($6.35 in chips) 
Seat 9: Templar85 ($5.59 in chips) 
KidBananan: posts small blind $0.02
ernosering: posts big blind $0.05
*** HOLE CARDS ***
Dealt to Dorex2007 [7c 5s]
abobora71: folds 
simantiras: folds 
Templar85: folds 
MaxxPower63: folds 
Dorex2007: folds 
Pennie72: folds 
QUE-SE-FUNDA: folds 
KidBananan: raises $0.10 to $0.15
ernosering: calls $0.10
*** FLOP *** [Kh 8c Qs]
KidBananan: bets $0.15
ernosering: calls $0.15
*** TURN *** [Kh 8c Qs] [Jh]
KidBananan: bets $0.25
ernosering: folds 
Uncalled bet ($0.25) returned to KidBananan
KidBananan collected $0.58 from pot
KidBananan: doesn't show hand 
*** SUMMARY ***
Total pot $0.60 | Rake $0.02 
Board [Kh 8c Qs Jh]
Seat 1: MaxxPower63 folded before Flop (didn't bet)
Seat 2: Dorex2007 folded before Flop (didn't bet)
Seat 3: Pennie72 folded before Flop (didn't bet)
Seat 4: QUE-SE-FUNDA (button) folded before Flop (didn't bet)
Seat 5: KidBananan (small blind) collected ($0.58)
Seat 6: ernosering (big blind) folded on the Turn
Seat 7: abobora71 folded before Flop (didn't bet)
Seat 8: simantiras folded before Flop (didn't bet)
Seat 9: Templar85 folded before Flop (didn't bet)



PokerStars Hand #237797219779:  Hold'em No Limit ($0.02/$0.05 USD) - 2022/08/04 21:31:30 PT [2022/08/05 0:31:30 ET]
Table 'Hus' 9-max Seat #5 is the button
Seat 1: MaxxPower63 ($2 in chips) 
Seat 2: Dorex2007 ($5.41 in chips) 
Seat 3: Pennie72 ($5.83 in chips) 
Seat 4: QUE-SE-FUNDA ($5.20 in chips) 
Seat 5: KidBananan ($5.28 in chips) 
Seat 6: ernosering ($2.77 in chips) 
Seat 7: abobora71 ($7.89 in chips) 
Seat 8: simantiras ($6.35 in chips) 
Seat 9: Templar85 ($5.59 in chips) 
ernosering: posts small blind $0.02
abobora71: posts big blind $0.05
*** HOLE CARDS ***
Dealt to Dorex2007 [2d Th]
simantiras: folds 
Templar85: folds 
MaxxPower63: raises $0.10 to $0.15
Dorex2007: folds 
Pennie72: folds 
QUE-SE-FUNDA: folds 
KidBananan: folds 
ernosering: folds 
abobora71: folds 
Uncalled bet ($0.10) returned to MaxxPower63
MaxxPower63 collected $0.12 from pot
MaxxPower63: doesn't show hand 
*** SUMMARY ***
Total pot $0.12 | Rake $0 
Seat 1: MaxxPower63 collected ($0.12)
Seat 2: Dorex2007 folded before Flop (didn't bet)
Seat 3: Pennie72 folded before Flop (didn't bet)
Seat 4: QUE-SE-FUNDA folded before Flop (didn't bet)
Seat 5: KidBananan (button) folded before Flop (didn't bet)
Seat 6: ernosering (small blind) folded before Flop
Seat 7: abobora71 (big blind) folded before Flop
Seat 8: simantiras folded before Flop (didn't bet)
Seat 9: Templar85 folded before Flop (didn't bet)



PokerStars Hand #237797223616:  Hold'em No Limit ($0.02/$0.05 USD) - 2022/08/04 21:32:00 PT [2022/08/05 0:32:00 ET]
Table 'Hus' 9-max Seat #6 is the button
Seat 1: MaxxPower63 ($2.07 in chips) 
Seat 2: Dorex2007 ($5.41 in chips) 
Seat 3: Pennie72 ($5.83 in chips) 
Seat 4: QUE-SE-FUNDA ($5.20 in chips) 
Seat 5: KidBananan ($5.28 in chips) 
Seat 6: ernosering ($2.75 in chips) 
Seat 7: abobora71 ($7.84 in chips) 
Seat 8: simantiras ($6.35 in chips) 
Seat 9: Templar85 ($5.59 in chips) 
abobora71: posts small blind $0.02
simantiras: posts big blind $0.05
*** HOLE CARDS ***
Dealt to Dorex2007 [Jd Jc]
Templar85: folds 
MaxxPower63: folds 
Dorex2007: raises $0.15 to $0.20
Pennie72: folds 
QUE-SE-FUNDA: folds 
KidBananan: folds 
ernosering: folds 
abobora71: folds 
simantiras: calls $0.15
*** FLOP *** [9s Tc Qc]
simantiras: checks 
Dorex2007: bets $0.27
simantiras: folds 
Uncalled bet ($0.27) returned to Dorex2007
Dorex2007 collected $0.40 from pot
Dorex2007: doesn't show hand 
*** SUMMARY ***
Total pot $0.42 | Rake $0.02 
Board [9s Tc Qc]
Seat 1: MaxxPower63 folded before Flop (didn't bet)
Seat 2: Dorex2007 collected ($0.40)
Seat 3: Pennie72 folded before Flop (didn't bet)
Seat 4: QUE-SE-FUNDA folded before Flop (didn't bet)
Seat 5: KidBananan folded before Flop (didn't bet)
Seat 6: ernosering (button) folded before Flop (didn't bet)
Seat 7: abobora71 (small blind) folded before Flop
Seat 8: simantiras (big blind) folded on the Flop
Seat 9: Templar85 folded before Flop (didn't bet)



PokerStars Hand #237797229107:  Hold'em No Limit ($0.02/$0.05 USD) - 2022/08/04 21:32:43 PT [2022/08/05 0:32:43 ET]
Table 'Hus' 9-max Seat #7 is the button
Seat 1: MaxxPower63 ($2.07 in chips) 
Seat 2: Dorex2007 ($5.61 in chips) 
Seat 3: Pennie72 ($5.83 in chips) 
Seat 4: QUE-SE-FUNDA ($5.20 in chips) 
Seat 5: KidBananan ($5.28 in chips) 
Seat 6: ernosering ($2.75 in chips) 
Seat 7: abobora71 ($7.82 in chips) 
Seat 9: Templar85 ($5.59 in chips) 
Templar85: posts small blind $0.02
MaxxPower63: posts big blind $0.05
*** HOLE CARDS ***
Dealt to Dorex2007 [Qc 6s]
Dorex2007: folds 
Pennie72: folds 
QUE-SE-FUNDA: folds 
KidBananan: folds 
Pennie72 leaves the table
ernosering: folds 
abobora71: folds 
Templar85: raises $0.10 to $0.15
MaxxPower63: folds 
Uncalled bet ($0.10) returned to Templar85
Templar85 collected $0.10 from pot
Templar85: doesn't show hand 
*** SUMMARY ***
Total pot $0.10 | Rake $0 
Seat 1: MaxxPower63 (big blind) folded before Flop
Seat 2: Dorex2007 folded before Flop (didn't bet)
Seat 3: Pennie72 folded before Flop (didn't bet)
Seat 4: QUE-SE-FUNDA folded before Flop (didn't bet)
Seat 5: KidBananan folded before Flop (didn't bet)
Seat 6: ernosering folded before Flop (didn't bet)
Seat 7: abobora71 (button) folded before Flop (didn't bet)
Seat 9: Templar85 (small blind) collected ($0.10)



PokerStars Hand #237797231514:  Hold'em No Limit ($0.02/$0.05 USD) - 2022/08/04 21:33:02 PT [2022/08/05 0:33:02 ET]
Table 'Hus' 9-max Seat #9 is the button
Seat 1: MaxxPower63 ($2.02 in chips) 
Seat 2: Dorex2007 ($5.61 in chips) 
Seat 4: QUE-SE-FUNDA ($5.20 in chips) 
Seat 5: KidBananan ($5.28 in chips) 
Seat 6: ernosering ($2.75 in chips) 
Seat 7: abobora71 ($7.82 in chips) 
Seat 9: Templar85 ($5.64 in chips) 
MaxxPower63: posts small blind $0.02
Dorex2007: posts big blind $0.05
*** HOLE CARDS ***
Dealt to Dorex2007 [Kc 8d]
QUE-SE-FUNDA: folds 
KidBananan: folds 
ernosering: raises $0.10 to $0.15
abobora71: folds 
Templar85: folds 
MaxxPower63: calls $0.13
Dorex2007: folds 
*** FLOP *** [6h Jd 9s]
simantiras leaves the table
MaxxPower63: bets $0.17
ernosering: folds 
Uncalled bet ($0.17) returned to MaxxPower63
MaxxPower63 collected $0.34 from pot
MaxxPower63: doesn't show hand 
*** SUMMARY ***
Total pot $0.35 | Rake $0.01 
Board [6h Jd 9s]
Seat 1: MaxxPower63 (small blind) collected ($0.34)
Seat 2: Dorex2007 (big blind) folded before Flop
Seat 4: QUE-SE-FUNDA folded before Flop (didn't bet)
Seat 5: KidBananan folded before Flop (didn't bet)
Seat 6: ernosering folded on the Flop
Seat 7: abobora71 folded before Flop (didn't bet)
Seat 9: Templar85 (button) folded before Flop (didn't bet)



PokerStars Hand #237797236392:  Hold'em No Limit ($0.02/$0.05 USD) - 2022/08/04 21:33:40 PT [2022/08/05 0:33:40 ET]
Table 'Hus' 9-max Seat #1 is the button
Seat 1: MaxxPower63 ($2.21 in chips) 
Seat 2: Dorex2007 ($5.56 in chips) 
Seat 4: QUE-SE-FUNDA ($5.20 in chips) 
Seat 5: KidBananan ($5.28 in chips) 
Seat 6: ernosering ($2.60 in chips) 
Seat 7: abobora71 ($7.82 in chips) 
Seat 9: Templar85 ($5.64 in chips) 
Dorex2007: posts small blind $0.02
QUE-SE-FUNDA: posts big blind $0.05
*** HOLE CARDS ***
Dealt to Dorex2007 [6s As]
KidBananan: folds 
ernosering: folds 
abobora71: folds 
Templar85: folds 
MaxxPower63: calls $0.05
Dorex2007: folds 
QUE-SE-FUNDA: checks 
*** FLOP *** [Ah 4h 9c]
QUE-SE-FUNDA: checks 
MaxxPower63: bets $0.10
QUE-SE-FUNDA: folds 
Uncalled bet ($0.10) returned to MaxxPower63
MaxxPower63 collected $0.12 from pot
MaxxPower63: doesn't show hand 
*** SUMMARY ***
Total pot $0.12 | Rake $0 
Board [Ah 4h 9c]
Seat 1: MaxxPower63 (button) collected ($0.12)
Seat 2: Dorex2007 (small blind) folded before Flop
Seat 4: QUE-SE-FUNDA (big blind) folded on the Flop
Seat 5: KidBananan folded before Flop (didn't bet)
Seat 6: ernosering folded before Flop (didn't bet)
Seat 7: abobora71 folded before Flop (didn't bet)
Seat 9: Templar85 folded before Flop (didn't bet)



PokerStars Hand #237797241953:  Hold'em No Limit ($0.02/$0.05 USD) - 2022/08/04 21:34:24 PT [2022/08/05 0:34:24 ET]
Table 'Hus' 9-max Seat #2 is the button
Seat 1: MaxxPower63 ($2.28 in chips) 
Seat 2: Dorex2007 ($5.54 in chips) 
Seat 4: QUE-SE-FUNDA ($5.15 in chips) 
Seat 5: KidBananan ($5.28 in chips) 
Seat 6: ernosering ($2.60 in chips) 
Seat 7: abobora71 ($7.82 in chips) 
Seat 9: Templar85 ($5.64 in chips) 
QUE-SE-FUNDA: posts small blind $0.02
KidBananan: posts big blind $0.05
*** HOLE CARDS ***
Dealt to Dorex2007 [Jd Ks]
ernosering: folds 
abobora71: folds 
Templar85: folds 
MaxxPower63: folds 
Dorex2007: raises $0.10 to $0.15
QUE-SE-FUNDA: calls $0.13
KidBananan: raises $0.50 to $0.65
Dorex2007: folds 
QUE-SE-FUNDA: calls $0.50
*** FLOP *** [5s Js 4s]
QUE-SE-FUNDA: checks 
KidBananan: bets $0.60
QUE-SE-FUNDA: folds 
Uncalled bet ($0.60) returned to KidBananan
KidBananan collected $1.39 from pot
KidBananan: doesn't show hand 
*** SUMMARY ***
Total pot $1.45 | Rake $0.06 
Board [5s Js 4s]
Seat 1: MaxxPower63 folded before Flop (didn't bet)
Seat 2: Dorex2007 (button) folded before Flop
Seat 4: QUE-SE-FUNDA (small blind) folded on the Flop
Seat 5: KidBananan (big blind) collected ($1.39)
Seat 6: ernosering folded before Flop (didn't bet)
Seat 7: abobora71 folded before Flop (didn't bet)
Seat 9: Templar85 folded before Flop (didn't bet)



PokerStars Hand #237797247408:  Hold'em No Limit ($0.02/$0.05 USD) - 2022/08/04 21:35:07 PT [2022/08/05 0:35:07 ET]
Table 'Hus' 9-max Seat #4 is the button
Seat 1: MaxxPower63 ($2.28 in chips) 
Seat 2: Dorex2007 ($5.39 in chips) 
Seat 4: QUE-SE-FUNDA ($4.50 in chips) 
Seat 5: KidBananan ($6.02 in chips) 
Seat 6: ernosering ($2.60 in chips) 
Seat 7: abobora71 ($7.82 in chips) 
Seat 9: Templar85 ($5.64 in chips) 
KidBananan: posts small blind $0.02
ernosering: posts big blind $0.05
*** HOLE CARDS ***
Dealt to Dorex2007 [Qs Ad]
abobora71: folds 
Templar85: folds 
MaxxPower63: folds 
Dorex2007: raises $0.10 to $0.15
QUE-SE-FUNDA: folds 
QUE-SE-FUNDA leaves the table
KidBananan: calls $0.13
ernosering: folds 
*** FLOP *** [2h Ac Ah]
KidBananan: checks 
Dorex2007: bets $0.17
KidBananan: folds 
Uncalled bet ($0.17) returned to Dorex2007
Dorex2007 collected $0.34 from pot
Dorex2007: doesn't show hand 
*** SUMMARY ***
Total pot $0.35 | Rake $0.01 
Board [2h Ac Ah]
Seat 1: MaxxPower63 folded before Flop (didn't bet)
Seat 2: Dorex2007 collected ($0.34)
Seat 4: QUE-SE-FUNDA (button) folded before Flop (didn't bet)
Seat 5: KidBananan (small blind) folded on the Flop
Seat 6: ernosering (big blind) folded before Flop
Seat 7: abobora71 folded before Flop (didn't bet)
Seat 9: Templar85 folded before Flop (didn't bet)



PokerStars Hand #237797251776:  Hold'em No Limit ($0.02/$0.05 USD) - 2022/08/04 21:35:42 PT [2022/08/05 0:35:42 ET]
Table 'Hus' 9-max Seat #5 is the button
Seat 1: MaxxPower63 ($2.28 in chips) 
Seat 2: Dorex2007 ($5.58 in chips) 
Seat 5: KidBananan ($5.87 in chips) 
Seat 6: ernosering ($2.55 in chips) 
Seat 7: abobora71 ($7.82 in chips) 
Seat 9: Templar85 ($5.64 in chips) 
ernosering: posts small blind $0.02
abobora71: posts big blind $0.05
*** HOLE CARDS ***
Dealt to Dorex2007 [6c Qd]
Templar85: folds 
MaxxPower63: raises $0.10 to $0.15
Dorex2007: folds 
KidBananan: folds 
ernosering: folds 
abobora71: folds 
Uncalled bet ($0.10) returned to MaxxPower63
MaxxPower63 collected $0.12 from pot
MaxxPower63: doesn't show hand 
*** SUMMARY ***
Total pot $0.12 | Rake $0 
Seat 1: MaxxPower63 collected ($0.12)
Seat 2: Dorex2007 folded before Flop (didn't bet)
Seat 5: KidBananan (button) folded before Flop (didn't bet)
Seat 6: ernosering (small blind) folded before Flop
Seat 7: abobora71 (big blind) folded before Flop
Seat 9: Templar85 folded before Flop (didn't bet)



PokerStars Hand #237797253326:  Hold'em No Limit ($0.02/$0.05 USD) - 2022/08/04 21:35:53 PT [2022/08/05 0:35:53 ET]
Table 'Hus' 9-max Seat #6 is the button
Seat 1: MaxxPower63 ($2.35 in chips) 
Seat 2: Dorex2007 ($5.58 in chips) 
Seat 5: KidBananan ($5.87 in chips) 
Seat 6: ernosering ($2.53 in chips) 
Seat 9: Templar85 ($5.64 in chips) 
Templar85: posts small blind $0.02
MaxxPower63: posts big blind $0.05
*** HOLE CARDS ***
Dealt to Dorex2007 [8s Jc]
Dorex2007: folds 
KidBananan: folds 
ernosering: raises $0.05 to $0.10
Templar85: folds 
MaxxPower63: calls $0.05
*** FLOP *** [2s 8d 7s]
MaxxPower63: bets $0.21
ernosering: calls $0.21
*** TURN *** [2s 8d 7s] [Ks]
MaxxPower63: checks 
ernosering: checks 
*** RIVER *** [2s 8d 7s Ks] [5s]
MaxxPower63: checks 
ernosering: checks 
*** SHOW DOWN ***
MaxxPower63: shows [9c 9h] (a pair of Nines)
ernosering: shows [Jh Ts] (a flush, King high)
ernosering collected $0.61 from pot
*** SUMMARY ***
Total pot $0.64 | Rake $0.03 
Board [2s 8d 7s Ks 5s]
Seat 1: MaxxPower63 (big blind) showed [9c 9h] and lost with a pair of Nines
Seat 2: Dorex2007 folded before Flop (didn't bet)
Seat 5: KidBananan folded before Flop (didn't bet)
Seat 6: ernosering (button) showed [Jh Ts] and won ($0.61) with a flush, King high
Seat 9: Templar85 (small blind) folded before Flop



PokerStars Hand #237797262002:  Hold'em No Limit ($0.02/$0.05 USD) - 2022/08/04 21:37:01 PT [2022/08/05 0:37:01 ET]
Table 'Hus' 9-max Seat #9 is the button
Seat 1: MaxxPower63 ($2.04 in chips) 
Seat 2: Dorex2007 ($5.58 in chips) 
Seat 5: KidBananan ($5.87 in chips) 
Seat 6: ernosering ($2.83 in chips) 
Seat 9: Templar85 ($5.62 in chips) 
MaxxPower63: posts small blind $0.02
Dorex2007: posts big blind $0.05
abobora71: sits out 
*** HOLE CARDS ***
Dealt to Dorex2007 [2c 3d]
KidBananan: folds 
ernosering: folds 
Templar85: folds 
MaxxPower63: calls $0.03
Dorex2007: checks 
*** FLOP *** [Jh 2d 9h]
MaxxPower63: bets $0.05
Dorex2007: folds 
Uncalled bet ($0.05) returned to MaxxPower63
MaxxPower63 collected $0.10 from pot
MaxxPower63: doesn't show hand 
*** SUMMARY ***
Total pot $0.10 | Rake $0 
Board [Jh 2d 9h]
Seat 1: MaxxPower63 (small blind) collected ($0.10)
Seat 2: Dorex2007 (big blind) folded on the Flop
Seat 5: KidBananan folded before Flop (didn't bet)
Seat 6: ernosering folded before Flop (didn't bet)
Seat 9: Templar85 (button) folded before Flop (didn't bet)



PokerStars Hand #237797264666:  Hold'em No Limit ($0.02/$0.05 USD) - 2022/08/04 21:37:21 PT [2022/08/05 0:37:21 ET]
Table 'Hus' 9-max Seat #1 is the button
Seat 1: MaxxPower63 ($2.09 in chips) 
Seat 2: Dorex2007 ($5.53 in chips) 
Seat 6: ernosering ($2.83 in chips) 
Seat 9: Templar85 ($5.62 in chips) 
Dorex2007: posts small blind $0.02
KidBananan: is sitting out 
ernosering: posts big blind $0.05
abobora71: sits out 
*** HOLE CARDS ***
Dealt to Dorex2007 [6s Kd]
Templar85: raises $0.12 to $0.17
MaxxPower63: folds 
KidBananan leaves the table
Dorex2007: folds 
ernosering: calls $0.12
*** FLOP *** [8s 9c 5c]
ernosering: checks 
Templar85: bets $0.17
ernosering: folds 
Uncalled bet ($0.17) returned to Templar85
Templar85 collected $0.35 from pot
Templar85: doesn't show hand 
*** SUMMARY ***
Total pot $0.36 | Rake $0.01 
Board [8s 9c 5c]
Seat 1: MaxxPower63 (button) folded before Flop (didn't bet)
Seat 2: Dorex2007 (small blind) folded before Flop
Seat 6: ernosering (big blind) folded on the Flop
Seat 9: Templar85 collected ($0.35)



PokerStars Hand #237797274895:  Hold'em No Limit ($0.02/$0.05 USD) - 2022/08/04 21:38:18 PT [2022/08/05 0:38:18 ET]
Table 'Hus' 9-max Seat #2 is the button
Seat 1: MaxxPower63 ($2.09 in chips) 
Seat 2: Dorex2007 ($5.51 in chips) 
Seat 6: ernosering ($2.66 in chips) 
Seat 7: abobora71 ($7.77 in chips) 
Seat 9: Templar85 ($5.80 in chips) 
ernosering: posts small blind $0.02
abobora71: posts big blind $0.05
*** HOLE CARDS ***
Dealt to Dorex2007 [Qc Qh]
Templar85: raises $0.10 to $0.15
MaxxPower63: calls $0.15
Dorex2007: raises $0.35 to $0.50
ernosering: folds 
abobora71: folds 
Templar85: folds 
MaxxPower63: folds 
Uncalled bet ($0.35) returned to Dorex2007
Dorex2007 collected $0.52 from pot
Dorex2007: doesn't show hand 
*** SUMMARY ***
Total pot $0.52 | Rake $0 
Seat 1: MaxxPower63 folded before Flop
Seat 2: Dorex2007 (button) collected ($0.52)
Seat 6: ernosering (small blind) folded before Flop
Seat 7: abobora71 (big blind) folded before Flop
Seat 9: Templar85 folded before Flop



PokerStars Hand #237797279126:  Hold'em No Limit ($0.02/$0.05 USD) - 2022/08/04 21:38:51 PT [2022/08/05 0:38:51 ET]
Table 'Hus' 9-max Seat #6 is the button
Seat 1: MaxxPower63 ($1.94 in chips) 
Seat 2: Dorex2007 ($5.88 in chips) 
Seat 6: ernosering ($2.64 in chips) 
Seat 7: abobora71 ($7.72 in chips) 
Seat 9: Templar85 ($5.65 in chips) 
abobora71: posts small blind $0.02
Templar85: posts big blind $0.05
*** HOLE CARDS ***
Dealt to Dorex2007 [6c Jh]
MaxxPower63: folds 
Dorex2007: folds 
ernosering: folds 
abobora71: calls $0.03
Templar85: checks 
*** FLOP *** [7s 5s 3h]
abobora71: checks 
Templar85: bets $0.07
abobora71: folds 
Uncalled bet ($0.07) returned to Templar85
Templar85 collected $0.10 from pot
Templar85: doesn't show hand 
*** SUMMARY ***
Total pot $0.10 | Rake $0 
Board [7s 5s 3h]
Seat 1: MaxxPower63 folded before Flop (didn't bet)
Seat 2: Dorex2007 folded before Flop (didn't bet)
Seat 6: ernosering (button) folded before Flop (didn't bet)
Seat 7: abobora71 (small blind) folded on the Flop
Seat 9: Templar85 (big blind) collected ($0.10)



PokerStars Hand #237797282023:  Hold'em No Limit ($0.02/$0.05 USD) - 2022/08/04 21:39:14 PT [2022/08/05 0:39:14 ET]
Table 'Hus' 9-max Seat #9 is the button
Seat 1: MaxxPower63 ($1.94 in chips) 
Seat 2: Dorex2007 ($5.88 in chips) 
Seat 6: ernosering ($2.64 in chips) 
Seat 9: Templar85 ($5.70 in chips) 
MaxxPower63: posts small blind $0.02
Dorex2007: posts big blind $0.05
*** HOLE CARDS ***
Dealt to Dorex2007 [6c Qd]
ernosering: folds 
Templar85: raises $0.07 to $0.12
MaxxPower63: calls $0.10
Dorex2007: folds 
*** FLOP *** [Qc Jh 7h]
MaxxPower63: checks 
Templar85: bets $0.14
MaxxPower63: folds 
Uncalled bet ($0.14) returned to Templar85
Templar85 collected $0.28 from pot
Templar85: doesn't show hand 
*** SUMMARY ***
Total pot $0.29 | Rake $0.01 
Board [Qc Jh 7h]
Seat 1: MaxxPower63 (small blind) folded on the Flop
Seat 2: Dorex2007 (big blind) folded before Flop
Seat 6: ernosering folded before Flop (didn't bet)
Seat 9: Templar85 (button) collected ($0.28)



PokerStars Hand #237797285384:  Hold'em No Limit ($0.02/$0.05 USD) - 2022/08/04 21:39:40 PT [2022/08/05 0:39:40 ET]
Table 'Hus' 9-max Seat #1 is the button
Seat 1: MaxxPower63 ($1.82 in chips) 
Seat 2: Dorex2007 ($5.83 in chips) 
Seat 6: ernosering ($2.64 in chips) 
Seat 9: Templar85 ($5.86 in chips) 
Dorex2007: posts small blind $0.02
ernosering: posts big blind $0.05
*** HOLE CARDS ***
Dealt to Dorex2007 [Qd 6d]
Templar85: raises $0.07 to $0.12
MaxxPower63: folds 
Dorex2007: folds 
ernosering: calls $0.07
*** FLOP *** [2d 2s 5c]
ernosering: checks 
Templar85: bets $0.12
ernosering: calls $0.12
*** TURN *** [2d 2s 5c] [3h]
ernosering: checks 
Templar85: checks 
*** RIVER *** [2d 2s 5c 3h] [5h]
ernosering: bets $0.24
Templar85: calls $0.24
*** SHOW DOWN ***
ernosering: shows [Ts Ks] (two pair, Fives and Deuces)
Templar85: shows [Jh Ad] (two pair, Fives and Deuces - Ace kicker)
Templar85 collected $0.94 from pot
*** SUMMARY ***
Total pot $0.98 | Rake $0.04 
Board [2d 2s 5c 3h 5h]
Seat 1: MaxxPower63 (button) folded before Flop (didn't bet)
Seat 2: Dorex2007 (small blind) folded before Flop
Seat 6: ernosering (big blind) showed [Ts Ks] and lost with two pair, Fives and Deuces
Seat 9: Templar85 showed [Jh Ad] and won ($0.94) with two pair, Fives and Deuces



PokerStars Hand #237797292597:  Hold'em No Limit ($0.02/$0.05 USD) - 2022/08/04 21:40:37 PT [2022/08/05 0:40:37 ET]
Table 'Hus' 9-max Seat #2 is the button
Seat 1: MaxxPower63 ($1.82 in chips) 
Seat 2: Dorex2007 ($5.81 in chips) 
Seat 6: ernosering ($2.16 in chips) 
Seat 9: Templar85 ($6.32 in chips) 
ernosering: posts small blind $0.02
Templar85: posts big blind $0.05
*** HOLE CARDS ***
Dealt to Dorex2007 [3c Jc]
MaxxPower63: folds 
Dorex2007: folds 
ernosering: folds 
Uncalled bet ($0.03) returned to Templar85
Templar85 collected $0.04 from pot
Templar85: doesn't show hand 
*** SUMMARY ***
Total pot $0.04 | Rake $0 
Seat 1: MaxxPower63 folded before Flop (didn't bet)
Seat 2: Dorex2007 (button) folded before Flop (didn't bet)
Seat 6: ernosering (small blind) folded before Flop
Seat 9: Templar85 (big blind) collected ($0.04)



PokerStars Hand #237797294008:  Hold'em No Limit ($0.02/$0.05 USD) - 2022/08/04 21:40:48 PT [2022/08/05 0:40:48 ET]
Table 'Hus' 9-max Seat #6 is the button
Seat 1: MaxxPower63 ($1.82 in chips) 
Seat 2: Dorex2007 ($5.81 in chips) 
Seat 6: ernosering ($2.14 in chips) 
Seat 9: Templar85 ($6.34 in chips) 
Templar85: posts small blind $0.02
MaxxPower63: posts big blind $0.05
*** HOLE CARDS ***
Dealt to Dorex2007 [Kh 5c]
Dorex2007: folds 
ernosering: folds 
Templar85: folds 
Uncalled bet ($0.03) returned to MaxxPower63
MaxxPower63 collected $0.04 from pot
MaxxPower63: doesn't show hand 
*** SUMMARY ***
Total pot $0.04 | Rake $0 
Seat 1: MaxxPower63 (big blind) collected ($0.04)
Seat 2: Dorex2007 folded before Flop (didn't bet)
Seat 6: ernosering (button) folded before Flop (didn't bet)
Seat 9: Templar85 (small blind) folded before Flop



