PokerStars Hand #237957325928:  Hold'em No Limit ($0.05/$0.10 USD) - 2022/08/12 19:41:28 PT [2022/08/12 22:41:28 ET]
Table 'Azmidiske II' 9-max Seat #6 is the button
Seat 1: seven578 ($8.60 in chips) 
Seat 2: Goya159 ($5.59 in chips) 
Seat 3: ekidona ($6.69 in chips) 
Seat 4: Pablota1986 ($10 in chips) 
Seat 5: Dorex2007 ($10 in chips) 
Seat 6: lladnar1130 ($11.24 in chips) 
Seat 7: kampoker52 ($12.81 in chips) 
Seat 8: Wallin280 ($10.59 in chips) 
kampoker52: posts small blind $0.05
Wallin280: posts big blind $0.10
Dorex2007: posts big blind $0.10
*** HOLE CARDS ***
Dealt to Dorex2007 [4s Ks]
seven578: folds 
Goya159: calls $0.10
ekidona: folds 
Pablota1986: folds 
Dorex2007: checks 
lladnar1130: calls $0.10
kampoker52: raises $0.20 to $0.30
Wallin280: calls $0.20
Goya159: calls $0.20
Dorex2007: calls $0.20
lladnar1130: calls $0.20
*** FLOP *** [Th 7d Td]
kampoker52: checks 
Wallin280: checks 
Goya159: checks 
Dorex2007: checks 
lladnar1130: bets $0.50
kampoker52: calls $0.50
Wallin280: folds 
Goya159: folds 
Dorex2007: folds 
*** TURN *** [Th 7d Td] [Qd]
kampoker52: checks 
lladnar1130: checks 
*** RIVER *** [Th 7d Td Qd] [8d]
kampoker52: checks 
lladnar1130: bets $2.03
kampoker52: folds 
Uncalled bet ($2.03) returned to lladnar1130
lladnar1130 collected $2.39 from pot
lladnar1130: doesn't show hand 
*** SUMMARY ***
Total pot $2.50 | Rake $0.11 
Board [Th 7d Td Qd 8d]
Seat 1: seven578 folded before Flop (didn't bet)
Seat 2: Goya159 folded on the Flop
Seat 3: ekidona folded before Flop (didn't bet)
Seat 4: Pablota1986 folded before Flop (didn't bet)
Seat 5: Dorex2007 folded on the Flop
Seat 6: lladnar1130 (button) collected ($2.39)
Seat 7: kampoker52 (small blind) folded on the River
Seat 8: Wallin280 (big blind) folded on the Flop



PokerStars Hand #237957339321:  Hold'em No Limit ($0.05/$0.10 USD) - 2022/08/12 19:42:42 PT [2022/08/12 22:42:42 ET]
Table 'Azmidiske II' 9-max Seat #7 is the button
Seat 1: seven578 ($8.60 in chips) 
Seat 2: Goya159 ($5.29 in chips) 
Seat 3: ekidona ($6.69 in chips) 
Seat 4: Pablota1986 ($10 in chips) 
Seat 5: Dorex2007 ($10 in chips) 
Seat 6: lladnar1130 ($12.83 in chips) 
Seat 7: kampoker52 ($12.01 in chips) 
Seat 8: Wallin280 ($10.29 in chips) 
Seat 9: endeudado ($10.76 in chips) 
Wallin280: posts small blind $0.05
endeudado: posts big blind $0.10
*** HOLE CARDS ***
Dealt to Dorex2007 [7c As]
seven578: folds 
Goya159: folds 
ekidona: raises $0.20 to $0.30
Pablota1986: folds 
Dorex2007: folds 
lladnar1130: folds 
kampoker52: calls $0.30
Wallin280: calls $0.25
endeudado: folds 
*** FLOP *** [6h 3d 5d]
Wallin280: checks 
ekidona: checks 
kampoker52: checks 
*** TURN *** [6h 3d 5d] [6d]
Wallin280: checks 
ekidona: checks 
kampoker52: bets $0.96
Wallin280: folds 
ekidona: folds 
Uncalled bet ($0.96) returned to kampoker52
kampoker52 collected $0.96 from pot
*** SUMMARY ***
Total pot $1 | Rake $0.04 
Board [6h 3d 5d 6d]
Seat 1: seven578 folded before Flop (didn't bet)
Seat 2: Goya159 folded before Flop (didn't bet)
Seat 3: ekidona folded on the Turn
Seat 4: Pablota1986 folded before Flop (didn't bet)
Seat 5: Dorex2007 folded before Flop (didn't bet)
Seat 6: lladnar1130 folded before Flop (didn't bet)
Seat 7: kampoker52 (button) collected ($0.96)
Seat 8: Wallin280 (small blind) folded on the Turn
Seat 9: endeudado (big blind) folded before Flop



PokerStars Hand #237957361644:  Hold'em No Limit ($0.05/$0.10 USD) - 2022/08/12 19:43:33 PT [2022/08/12 22:43:33 ET]
Table 'Azmidiske II' 9-max Seat #8 is the button
Seat 1: seven578 ($8.60 in chips) 
Seat 2: Goya159 ($5.29 in chips) 
Seat 3: ekidona ($6.39 in chips) 
Seat 4: Pablota1986 ($10 in chips) 
Seat 5: Dorex2007 ($10 in chips) 
Seat 6: lladnar1130 ($12.83 in chips) 
Seat 7: kampoker52 ($12.67 in chips) 
Seat 8: Wallin280 ($9.99 in chips) 
Seat 9: endeudado ($10.66 in chips) 
endeudado: posts small blind $0.05
seven578: posts big blind $0.10
*** HOLE CARDS ***
Dealt to Dorex2007 [9c 7d]
Goya159: calls $0.10
ekidona: folds 
Pablota1986: folds 
Dorex2007: folds 
lladnar1130: folds 
kampoker52: calls $0.10
Wallin280: folds 
endeudado: folds 
seven578: raises $0.20 to $0.30
Goya159: calls $0.20
kampoker52: calls $0.20
*** FLOP *** [3s 5c As]
seven578: checks 
Goya159: checks 
kampoker52: checks 
*** TURN *** [3s 5c As] [6h]
seven578: checks 
Goya159: checks 
kampoker52: checks 
*** RIVER *** [3s 5c As 6h] [3h]
seven578: checks 
Goya159: checks 
kampoker52: checks 
*** SHOW DOWN ***
seven578: shows [Tc Qh] (a pair of Threes)
Goya159: shows [Kc Jh] (a pair of Threes - Ace+King kicker)
kampoker52: mucks hand 
Goya159 collected $0.91 from pot
*** SUMMARY ***
Total pot $0.95 | Rake $0.04 
Board [3s 5c As 6h 3h]
Seat 1: seven578 (big blind) showed [Tc Qh] and lost with a pair of Threes
Seat 2: Goya159 showed [Kc Jh] and won ($0.91) with a pair of Threes
Seat 3: ekidona folded before Flop (didn't bet)
Seat 4: Pablota1986 folded before Flop (didn't bet)
Seat 5: Dorex2007 folded before Flop (didn't bet)
Seat 6: lladnar1130 folded before Flop (didn't bet)
Seat 7: kampoker52 mucked [Qd 8h]
Seat 8: Wallin280 (button) folded before Flop (didn't bet)
Seat 9: endeudado (small blind) folded before Flop



PokerStars Hand #237957373369:  Hold'em No Limit ($0.05/$0.10 USD) - 2022/08/12 19:44:40 PT [2022/08/12 22:44:40 ET]
Table 'Azmidiske II' 9-max Seat #9 is the button
Seat 1: seven578 ($8.30 in chips) 
Seat 2: Goya159 ($5.90 in chips) 
Seat 3: ekidona ($6.39 in chips) 
Seat 4: Pablota1986 ($10 in chips) 
Seat 5: Dorex2007 ($10 in chips) 
Seat 6: lladnar1130 ($12.83 in chips) 
Seat 7: kampoker52 ($12.37 in chips) 
Seat 8: Wallin280 ($9.99 in chips) 
Seat 9: endeudado ($10.61 in chips) 
seven578: posts small blind $0.05
Goya159: posts big blind $0.10
*** HOLE CARDS ***
Dealt to Dorex2007 [3h Kh]
ekidona: folds 
Pablota1986: folds 
Dorex2007: folds 
lladnar1130: folds 
kampoker52: folds 
Wallin280: raises $0.25 to $0.35
endeudado: folds 
seven578: folds 
Goya159: calls $0.25
*** FLOP *** [5h 3c 6c]
Goya159: checks 
Wallin280: bets $0.36
Goya159: calls $0.36
*** TURN *** [5h 3c 6c] [8c]
Goya159: checks 
Wallin280: checks 
*** RIVER *** [5h 3c 6c 8c] [Qh]
Goya159: checks 
Wallin280: checks 
*** SHOW DOWN ***
Goya159: shows [7s Ah] (high card Ace)
Wallin280: shows [Ad 3d] (a pair of Threes)
Wallin280 collected $1.40 from pot
*** SUMMARY ***
Total pot $1.47 | Rake $0.07 
Board [5h 3c 6c 8c Qh]
Seat 1: seven578 (small blind) folded before Flop
Seat 2: Goya159 (big blind) showed [7s Ah] and lost with high card Ace
Seat 3: ekidona folded before Flop (didn't bet)
Seat 4: Pablota1986 folded before Flop (didn't bet)
Seat 5: Dorex2007 folded before Flop (didn't bet)
Seat 6: lladnar1130 folded before Flop (didn't bet)
Seat 7: kampoker52 folded before Flop (didn't bet)
Seat 8: Wallin280 showed [Ad 3d] and won ($1.40) with a pair of Threes
Seat 9: endeudado (button) folded before Flop (didn't bet)



PokerStars Hand #237957380816:  Hold'em No Limit ($0.05/$0.10 USD) - 2022/08/12 19:45:22 PT [2022/08/12 22:45:22 ET]
Table 'Azmidiske II' 9-max Seat #1 is the button
Seat 1: seven578 ($8.25 in chips) 
Seat 2: Goya159 ($5.19 in chips) 
Seat 3: ekidona ($6.39 in chips) 
Seat 4: Pablota1986 ($10 in chips) 
Seat 5: Dorex2007 ($10 in chips) 
Seat 6: lladnar1130 ($12.83 in chips) 
Seat 7: kampoker52 ($12.37 in chips) 
Seat 8: Wallin280 ($10.68 in chips) 
Seat 9: endeudado ($10.61 in chips) 
Goya159: posts small blind $0.05
ekidona: posts big blind $0.10
*** HOLE CARDS ***
Dealt to Dorex2007 [6h 6c]
Pablota1986: folds 
Dorex2007: calls $0.10
lladnar1130: folds 
kampoker52: folds 
Wallin280: folds 
endeudado: folds 
seven578: calls $0.10
Goya159: calls $0.05
ekidona: checks 
*** FLOP *** [8c Kh 9h]
Goya159: checks 
ekidona: checks 
Dorex2007: checks 
seven578: bets $0.10
Goya159: folds 
ekidona: folds 
Dorex2007: calls $0.10
*** TURN *** [8c Kh 9h] [9s]
Dorex2007: bets $0.38
seven578: raises $0.38 to $0.76
Dorex2007: calls $0.38
*** RIVER *** [8c Kh 9h 9s] [Kc]
Dorex2007: checks 
seven578: bets $1.01
Dorex2007: folds 
Uncalled bet ($1.01) returned to seven578
seven578 collected $2.02 from pot
*** SUMMARY ***
Total pot $2.12 | Rake $0.10 
Board [8c Kh 9h 9s Kc]
Seat 1: seven578 (button) collected ($2.02)
Seat 2: Goya159 (small blind) folded on the Flop
Seat 3: ekidona (big blind) folded on the Flop
Seat 4: Pablota1986 folded before Flop (didn't bet)
Seat 5: Dorex2007 folded on the River
Seat 6: lladnar1130 folded before Flop (didn't bet)
Seat 7: kampoker52 folded before Flop (didn't bet)
Seat 8: Wallin280 folded before Flop (didn't bet)
Seat 9: endeudado folded before Flop (didn't bet)



PokerStars Hand #237957397431:  Hold'em No Limit ($0.05/$0.10 USD) - 2022/08/12 19:46:56 PT [2022/08/12 22:46:56 ET]
Table 'Azmidiske II' 9-max Seat #2 is the button
Seat 1: seven578 ($9.31 in chips) 
Seat 2: Goya159 ($5.09 in chips) 
Seat 3: ekidona ($6.29 in chips) 
Seat 4: Pablota1986 ($10 in chips) 
Seat 5: Dorex2007 ($10 in chips) 
Seat 6: lladnar1130 ($12.83 in chips) 
Seat 7: kampoker52 ($12.37 in chips) 
Seat 8: Wallin280 ($10.68 in chips) 
Seat 9: endeudado ($10.61 in chips) 
ekidona: posts small blind $0.05
Pablota1986: posts big blind $0.10
*** HOLE CARDS ***
Dealt to Dorex2007 [Ts 8h]
Dorex2007: folds 
lladnar1130: folds 
kampoker52: folds 
Wallin280: raises $0.25 to $0.35
endeudado: folds 
seven578: calls $0.35
Goya159: folds 
ekidona: folds 
Pablota1986: calls $0.25
*** FLOP *** [6d 5h 2s]
Pablota1986: checks 
Wallin280: checks 
seven578: bets $1.05
Pablota1986: folds 
Wallin280: folds 
Uncalled bet ($1.05) returned to seven578
seven578 collected $1.05 from pot
*** SUMMARY ***
Total pot $1.10 | Rake $0.05 
Board [6d 5h 2s]
Seat 1: seven578 collected ($1.05)
Seat 2: Goya159 (button) folded before Flop (didn't bet)
Seat 3: ekidona (small blind) folded before Flop
Seat 4: Pablota1986 (big blind) folded on the Flop
Seat 5: Dorex2007 folded before Flop (didn't bet)
Seat 6: lladnar1130 folded before Flop (didn't bet)
Seat 7: kampoker52 folded before Flop (didn't bet)
Seat 8: Wallin280 folded on the Flop
Seat 9: endeudado folded before Flop (didn't bet)



PokerStars Hand #237957407913:  Hold'em No Limit ($0.05/$0.10 USD) - 2022/08/12 19:47:55 PT [2022/08/12 22:47:55 ET]
Table 'Azmidiske II' 9-max Seat #3 is the button
Seat 1: seven578 ($10.01 in chips) 
Seat 2: Goya159 ($5.09 in chips) 
Seat 3: ekidona ($6.24 in chips) 
Seat 4: Pablota1986 ($10 in chips) 
Seat 5: Dorex2007 ($10 in chips) 
Seat 6: lladnar1130 ($12.83 in chips) 
Seat 7: kampoker52 ($12.37 in chips) 
Seat 8: Wallin280 ($10.33 in chips) 
Seat 9: endeudado ($10.61 in chips) 
Pablota1986: posts small blind $0.05
Dorex2007: posts big blind $0.10
*** HOLE CARDS ***
Dealt to Dorex2007 [Kc 7c]
lladnar1130: folds 
kampoker52: raises $0.10 to $0.20
Wallin280: folds 
endeudado: folds 
seven578: folds 
Goya159: calls $0.20
ekidona: folds 
Pablota1986: folds 
Dorex2007: calls $0.10
*** FLOP *** [Qs 8s 9s]
Dorex2007: checks 
kampoker52: bets $0.62
Goya159: raises $4.27 to $4.89 and is all-in
Dorex2007: folds 
kampoker52: folds 
Uncalled bet ($4.27) returned to Goya159
Goya159 collected $1.80 from pot
*** SUMMARY ***
Total pot $1.89 | Rake $0.09 
Board [Qs 8s 9s]
Seat 1: seven578 folded before Flop (didn't bet)
Seat 2: Goya159 collected ($1.80)
Seat 3: ekidona (button) folded before Flop (didn't bet)
Seat 4: Pablota1986 (small blind) folded before Flop
Seat 5: Dorex2007 (big blind) folded on the Flop
Seat 6: lladnar1130 folded before Flop (didn't bet)
Seat 7: kampoker52 folded on the Flop
Seat 8: Wallin280 folded before Flop (didn't bet)
Seat 9: endeudado folded before Flop (didn't bet)



PokerStars Hand #237957415165:  Hold'em No Limit ($0.05/$0.10 USD) - 2022/08/12 19:48:37 PT [2022/08/12 22:48:37 ET]
Table 'Azmidiske II' 9-max Seat #4 is the button
Seat 1: seven578 ($10.01 in chips) 
Seat 2: Goya159 ($6.07 in chips) 
Seat 3: ekidona ($6.24 in chips) 
Seat 4: Pablota1986 ($10 in chips) 
Seat 5: Dorex2007 ($10 in chips) 
Seat 6: lladnar1130 ($12.83 in chips) 
Seat 7: kampoker52 ($11.55 in chips) 
Seat 8: Wallin280 ($10.33 in chips) 
Seat 9: endeudado ($10.61 in chips) 
Dorex2007: posts small blind $0.05
lladnar1130: posts big blind $0.10
*** HOLE CARDS ***
Dealt to Dorex2007 [7s Qh]
kampoker52: folds 
Wallin280: calls $0.10
endeudado: folds 
seven578: folds 
Goya159: calls $0.10
ekidona: folds 
Pablota1986: calls $0.10
Dorex2007: folds 
lladnar1130: checks 
*** FLOP *** [5c 6c As]
lladnar1130: bets $0.25
Wallin280: folds 
Goya159: folds 
Pablota1986: raises $0.93 to $1.18
lladnar1130: folds 
Uncalled bet ($0.93) returned to Pablota1986
Pablota1986 collected $0.91 from pot
Pablota1986: doesn't show hand 
*** SUMMARY ***
Total pot $0.95 | Rake $0.04 
Board [5c 6c As]
Seat 1: seven578 folded before Flop (didn't bet)
Seat 2: Goya159 folded on the Flop
Seat 3: ekidona folded before Flop (didn't bet)
Seat 4: Pablota1986 (button) collected ($0.91)
Seat 5: Dorex2007 (small blind) folded before Flop
Seat 6: lladnar1130 (big blind) folded on the Flop
Seat 7: kampoker52 folded before Flop (didn't bet)
Seat 8: Wallin280 folded on the Flop
Seat 9: endeudado folded before Flop (didn't bet)



PokerStars Hand #237957425844:  Hold'em No Limit ($0.05/$0.10 USD) - 2022/08/12 19:49:38 PT [2022/08/12 22:49:38 ET]
Table 'Azmidiske II' 9-max Seat #5 is the button
Seat 1: seven578 ($10.01 in chips) 
Seat 2: Goya159 ($5.97 in chips) 
Seat 3: ekidona ($6.24 in chips) 
Seat 4: Pablota1986 ($10.56 in chips) 
Seat 5: Dorex2007 ($10 in chips) 
Seat 6: lladnar1130 ($12.48 in chips) 
Seat 7: kampoker52 ($11.55 in chips) 
Seat 8: Wallin280 ($10.23 in chips) 
Seat 9: endeudado ($10.61 in chips) 
lladnar1130: posts small blind $0.05
kampoker52: posts big blind $0.10
*** HOLE CARDS ***
Dealt to Dorex2007 [Qs 3c]
Wallin280: calls $0.10
endeudado: folds 
seven578: folds 
Goya159: calls $0.10
ekidona: folds 
Pablota1986: folds 
Dorex2007: folds 
lladnar1130: calls $0.05
kampoker52: checks 
*** FLOP *** [Ac Kc 5s]
lladnar1130: checks 
kampoker52: checks 
Wallin280: checks 
Goya159: checks 
*** TURN *** [Ac Kc 5s] [7c]
lladnar1130: checks 
kampoker52: checks 
Wallin280: checks 
Goya159: checks 
*** RIVER *** [Ac Kc 5s 7c] [2c]
lladnar1130: checks 
kampoker52: checks 
Wallin280: checks 
Goya159: checks 
*** SHOW DOWN ***
lladnar1130: shows [9s Js] (high card Ace)
kampoker52: shows [6c 5d] (a flush, Ace high)
Wallin280: mucks hand 
Goya159: mucks hand 
kampoker52 collected $0.38 from pot
*** SUMMARY ***
Total pot $0.40 | Rake $0.02 
Board [Ac Kc 5s 7c 2c]
Seat 1: seven578 folded before Flop (didn't bet)
Seat 2: Goya159 mucked [Ks Jd]
Seat 3: ekidona folded before Flop (didn't bet)
Seat 4: Pablota1986 folded before Flop (didn't bet)
Seat 5: Dorex2007 (button) folded before Flop (didn't bet)
Seat 6: lladnar1130 (small blind) showed [9s Js] and lost with high card Ace
Seat 7: kampoker52 (big blind) showed [6c 5d] and won ($0.38) with a flush, Ace high
Seat 8: Wallin280 mucked [Kh 9h]
Seat 9: endeudado folded before Flop (didn't bet)



PokerStars Hand #237957434173:  Hold'em No Limit ($0.05/$0.10 USD) - 2022/08/12 19:50:26 PT [2022/08/12 22:50:26 ET]
Table 'Azmidiske II' 9-max Seat #6 is the button
Seat 1: seven578 ($10.01 in chips) 
Seat 2: Goya159 ($5.87 in chips) 
Seat 3: ekidona ($6.24 in chips) 
Seat 4: Pablota1986 ($10.56 in chips) 
Seat 5: Dorex2007 ($10 in chips) 
Seat 6: lladnar1130 ($12.38 in chips) 
Seat 7: kampoker52 ($11.83 in chips) 
Seat 8: Wallin280 ($10.13 in chips) 
Seat 9: endeudado ($10.61 in chips) 
kampoker52: posts small blind $0.05
Wallin280: posts big blind $0.10
*** HOLE CARDS ***
Dealt to Dorex2007 [5s 9s]
endeudado: folds 
seven578: folds 
Goya159: folds 
ekidona: folds 
Pablota1986: folds 
Dorex2007: folds 
lladnar1130: folds 
kampoker52: raises $0.20 to $0.30
Wallin280: folds 
Uncalled bet ($0.20) returned to kampoker52
kampoker52 collected $0.20 from pot
*** SUMMARY ***
Total pot $0.20 | Rake $0 
Seat 1: seven578 folded before Flop (didn't bet)
Seat 2: Goya159 folded before Flop (didn't bet)
Seat 3: ekidona folded before Flop (didn't bet)
Seat 4: Pablota1986 folded before Flop (didn't bet)
Seat 5: Dorex2007 folded before Flop (didn't bet)
Seat 6: lladnar1130 (button) folded before Flop (didn't bet)
Seat 7: kampoker52 (small blind) collected ($0.20)
Seat 8: Wallin280 (big blind) folded before Flop
Seat 9: endeudado folded before Flop (didn't bet)



PokerStars Hand #237957441187:  Hold'em No Limit ($0.05/$0.10 USD) - 2022/08/12 19:51:06 PT [2022/08/12 22:51:06 ET]
Table 'Azmidiske II' 9-max Seat #7 is the button
Seat 1: seven578 ($10.01 in chips) 
Seat 2: Goya159 ($5.87 in chips) 
Seat 3: ekidona ($6.24 in chips) 
Seat 4: Pablota1986 ($10.56 in chips) 
Seat 5: Dorex2007 ($10 in chips) 
Seat 6: lladnar1130 ($12.38 in chips) 
Seat 7: kampoker52 ($11.93 in chips) 
Seat 8: Wallin280 ($10.03 in chips) 
Seat 9: endeudado ($10.61 in chips) 
Wallin280: posts small blind $0.05
endeudado: posts big blind $0.10
*** HOLE CARDS ***
Dealt to Dorex2007 [Jd Qc]
seven578: folds 
Goya159: folds 
ekidona: folds 
Pablota1986: raises $0.15 to $0.25
Dorex2007: folds 
lladnar1130: calls $0.25
kampoker52: raises $0.90 to $1.15
Wallin280: folds 
endeudado: folds 
Pablota1986: folds 
lladnar1130: folds 
Uncalled bet ($0.90) returned to kampoker52
kampoker52 collected $0.90 from pot
*** SUMMARY ***
Total pot $0.90 | Rake $0 
Seat 1: seven578 folded before Flop (didn't bet)
Seat 2: Goya159 folded before Flop (didn't bet)
Seat 3: ekidona folded before Flop (didn't bet)
Seat 4: Pablota1986 folded before Flop
Seat 5: Dorex2007 folded before Flop (didn't bet)
Seat 6: lladnar1130 folded before Flop
Seat 7: kampoker52 (button) collected ($0.90)
Seat 8: Wallin280 (small blind) folded before Flop
Seat 9: endeudado (big blind) folded before Flop



PokerStars Hand #237957453976:  Hold'em No Limit ($0.05/$0.10 USD) - 2022/08/12 19:51:48 PT [2022/08/12 22:51:48 ET]
Table 'Azmidiske II' 9-max Seat #8 is the button
Seat 1: seven578 ($10.01 in chips) 
Seat 2: Goya159 ($5.87 in chips) 
Seat 3: ekidona ($6.24 in chips) 
Seat 4: Pablota1986 ($10.31 in chips) 
Seat 5: Dorex2007 ($10 in chips) 
Seat 6: lladnar1130 ($12.13 in chips) 
Seat 7: kampoker52 ($12.58 in chips) 
Seat 8: Wallin280 ($9.98 in chips) 
Seat 9: endeudado ($10.51 in chips) 
endeudado: posts small blind $0.05
seven578: posts big blind $0.10
*** HOLE CARDS ***
Dealt to Dorex2007 [7s Qc]
Goya159: folds 
ekidona: folds 
Pablota1986: folds 
Dorex2007: folds 
lladnar1130: folds 
kampoker52: folds 
Wallin280: calls $0.10
endeudado: folds 
seven578: checks 
*** FLOP *** [8h 5d 5s]
seven578: checks 
Wallin280: checks 
*** TURN *** [8h 5d 5s] [3s]
seven578: checks 
Wallin280: checks 
*** RIVER *** [8h 5d 5s 3s] [3d]
seven578: checks 
Wallin280: checks 
*** SHOW DOWN ***
seven578: shows [As 2c] (two pair, Fives and Threes)
Wallin280: mucks hand 
seven578 collected $0.24 from pot
*** SUMMARY ***
Total pot $0.25 | Rake $0.01 
Board [8h 5d 5s 3s 3d]
Seat 1: seven578 (big blind) showed [As 2c] and won ($0.24) with two pair, Fives and Threes
Seat 2: Goya159 folded before Flop (didn't bet)
Seat 3: ekidona folded before Flop (didn't bet)
Seat 4: Pablota1986 folded before Flop (didn't bet)
Seat 5: Dorex2007 folded before Flop (didn't bet)
Seat 6: lladnar1130 folded before Flop (didn't bet)
Seat 7: kampoker52 folded before Flop (didn't bet)
Seat 8: Wallin280 (button) mucked [Qh 7h]
Seat 9: endeudado (small blind) folded before Flop



PokerStars Hand #237957460718:  Hold'em No Limit ($0.05/$0.10 USD) - 2022/08/12 19:52:26 PT [2022/08/12 22:52:26 ET]
Table 'Azmidiske II' 9-max Seat #9 is the button
Seat 1: seven578 ($10.15 in chips) 
Seat 2: Goya159 ($5.87 in chips) 
Seat 3: ekidona ($6.24 in chips) 
Seat 4: Pablota1986 ($10.31 in chips) 
Seat 5: Dorex2007 ($10 in chips) 
Seat 6: lladnar1130 ($12.13 in chips) 
Seat 7: kampoker52 ($12.58 in chips) 
Seat 8: Wallin280 ($9.88 in chips) 
Seat 9: endeudado ($10.46 in chips) 
seven578: posts small blind $0.05
Goya159: posts big blind $0.10
*** HOLE CARDS ***
Dealt to Dorex2007 [6c 7d]
ekidona: folds 
Pablota1986: folds 
Dorex2007: folds 
lladnar1130: folds 
kampoker52: raises $0.20 to $0.30
Wallin280: calls $0.30
endeudado: folds 
seven578: folds 
Goya159: calls $0.20
*** FLOP *** [2d 6h 8c]
Goya159: checks 
kampoker52: checks 
Wallin280: checks 
*** TURN *** [2d 6h 8c] [5h]
Goya159: checks 
kampoker52: checks 
Wallin280: bets $0.45
Goya159: folds 
kampoker52: folds 
Uncalled bet ($0.45) returned to Wallin280
Wallin280 collected $0.91 from pot
Wallin280: doesn't show hand 
*** SUMMARY ***
Total pot $0.95 | Rake $0.04 
Board [2d 6h 8c 5h]
Seat 1: seven578 (small blind) folded before Flop
Seat 2: Goya159 (big blind) folded on the Turn
Seat 3: ekidona folded before Flop (didn't bet)
Seat 4: Pablota1986 folded before Flop (didn't bet)
Seat 5: Dorex2007 folded before Flop (didn't bet)
Seat 6: lladnar1130 folded before Flop (didn't bet)
Seat 7: kampoker52 folded on the Turn
Seat 8: Wallin280 collected ($0.91)
Seat 9: endeudado (button) folded before Flop (didn't bet)



PokerStars Hand #237957467107:  Hold'em No Limit ($0.05/$0.10 USD) - 2022/08/12 19:53:03 PT [2022/08/12 22:53:03 ET]
Table 'Azmidiske II' 9-max Seat #1 is the button
Seat 1: seven578 ($10.10 in chips) 
Seat 2: Goya159 ($5.57 in chips) 
Seat 3: ekidona ($6.24 in chips) 
Seat 4: Pablota1986 ($10.31 in chips) 
Seat 5: Dorex2007 ($10 in chips) 
Seat 6: lladnar1130 ($12.13 in chips) 
Seat 7: kampoker52 ($12.28 in chips) 
Seat 8: Wallin280 ($10.49 in chips) 
Seat 9: endeudado ($10.46 in chips) 
Goya159: posts small blind $0.05
ekidona: posts big blind $0.10
*** HOLE CARDS ***
Dealt to Dorex2007 [6h 8c]
Pablota1986: raises $0.15 to $0.25
Dorex2007: folds 
lladnar1130: folds 
kampoker52: folds 
Wallin280: folds 
endeudado: folds 
seven578: folds 
Goya159: folds 
ekidona: folds 
Uncalled bet ($0.15) returned to Pablota1986
Pablota1986 collected $0.25 from pot
Pablota1986: doesn't show hand 
*** SUMMARY ***
Total pot $0.25 | Rake $0 
Seat 1: seven578 (button) folded before Flop (didn't bet)
Seat 2: Goya159 (small blind) folded before Flop
Seat 3: ekidona (big blind) folded before Flop
Seat 4: Pablota1986 collected ($0.25)
Seat 5: Dorex2007 folded before Flop (didn't bet)
Seat 6: lladnar1130 folded before Flop (didn't bet)
Seat 7: kampoker52 folded before Flop (didn't bet)
Seat 8: Wallin280 folded before Flop (didn't bet)
Seat 9: endeudado folded before Flop (didn't bet)



PokerStars Hand #237957470974:  Hold'em No Limit ($0.05/$0.10 USD) - 2022/08/12 19:53:26 PT [2022/08/12 22:53:26 ET]
Table 'Azmidiske II' 9-max Seat #2 is the button
Seat 1: seven578 ($10.10 in chips) 
Seat 2: Goya159 ($5.52 in chips) 
Seat 3: ekidona ($6.14 in chips) 
Seat 5: Dorex2007 ($10 in chips) 
Seat 6: lladnar1130 ($12.13 in chips) 
Seat 7: kampoker52 ($12.28 in chips) 
Seat 9: endeudado ($10.46 in chips) 
ekidona: posts small blind $0.05
Pablota1986: is sitting out 
Dorex2007: posts big blind $0.10
*** HOLE CARDS ***
Dealt to Dorex2007 [4h 4c]
lladnar1130: folds 
kampoker52: raises $0.10 to $0.20
endeudado: folds 
seven578: calls $0.20
Goya159: folds 
ekidona: folds 
Dorex2007: calls $0.10
*** FLOP *** [6h Jc 9h]
Pablota1986 leaves the table
Dorex2007: checks 
kampoker52: bets $0.62
seven578: folds 
Dorex2007: folds 
Uncalled bet ($0.62) returned to kampoker52
kampoker52 collected $0.62 from pot
*** SUMMARY ***
Total pot $0.65 | Rake $0.03 
Board [6h Jc 9h]
Seat 1: seven578 folded on the Flop
Seat 2: Goya159 (button) folded before Flop (didn't bet)
Seat 3: ekidona (small blind) folded before Flop
Seat 5: Dorex2007 (big blind) folded on the Flop
Seat 6: lladnar1130 folded before Flop (didn't bet)
Seat 7: kampoker52 collected ($0.62)
Seat 9: endeudado folded before Flop (didn't bet)



PokerStars Hand #237957477168:  Hold'em No Limit ($0.05/$0.10 USD) - 2022/08/12 19:54:02 PT [2022/08/12 22:54:02 ET]
Table 'Azmidiske II' 9-max Seat #3 is the button
Seat 1: seven578 ($9.90 in chips) 
Seat 2: Goya159 ($5.52 in chips) 
Seat 3: ekidona ($6.09 in chips) 
Seat 5: Dorex2007 ($10 in chips) 
Seat 6: lladnar1130 ($12.13 in chips) 
Seat 7: kampoker52 ($12.70 in chips) 
Seat 9: endeudado ($10.46 in chips) 
Dorex2007: posts small blind $0.05
lladnar1130: posts big blind $0.10
*** HOLE CARDS ***
Dealt to Dorex2007 [9d 6h]
kampoker52: folds 
endeudado: folds 
seven578: folds 
Goya159: calls $0.10
ekidona: raises $0.20 to $0.30
Dorex2007: folds 
lladnar1130: folds 
Goya159: calls $0.20
*** FLOP *** [Ad 8s Td]
Goya159: checks 
ekidona: bets $0.36
Goya159: calls $0.36
*** TURN *** [Ad 8s Td] [6d]
Goya159: checks 
ekidona: checks 
*** RIVER *** [Ad 8s Td 6d] [Qh]
Goya159: checks 
juninho13713 joins the table at seat #4 
ekidona: bets $0.46
Goya159: folds 
Uncalled bet ($0.46) returned to ekidona
ekidona collected $1.40 from pot
*** SUMMARY ***
Total pot $1.47 | Rake $0.07 
Board [Ad 8s Td 6d Qh]
Seat 1: seven578 folded before Flop (didn't bet)
Seat 2: Goya159 folded on the River
Seat 3: ekidona (button) collected ($1.40)
Seat 5: Dorex2007 (small blind) folded before Flop
Seat 6: lladnar1130 (big blind) folded before Flop
Seat 7: kampoker52 folded before Flop (didn't bet)
Seat 9: endeudado folded before Flop (didn't bet)



PokerStars Hand #237957486064:  Hold'em No Limit ($0.05/$0.10 USD) - 2022/08/12 19:54:55 PT [2022/08/12 22:54:55 ET]
Table 'Azmidiske II' 9-max Seat #5 is the button
Seat 1: seven578 ($9.90 in chips) 
Seat 2: Goya159 ($4.86 in chips) 
Seat 3: ekidona ($6.83 in chips) 
Seat 5: Dorex2007 ($10 in chips) 
Seat 6: lladnar1130 ($12.03 in chips) 
Seat 7: kampoker52 ($12.70 in chips) 
Seat 9: endeudado ($10.46 in chips) 
lladnar1130: posts small blind $0.05
kampoker52: posts big blind $0.10
juninho13713: sits out 
*** HOLE CARDS ***
Dealt to Dorex2007 [Qd 2s]
endeudado: folds 
seven578: calls $0.10
Goya159: folds 
ekidona: folds 
Dorex2007: folds 
Goya159 leaves the table
lladnar1130: folds 
kampoker52: raises $0.25 to $0.35
seven578: calls $0.25
*** FLOP *** [7d 4h 3s]
kampoker52: checks 
seven578: bets $0.72
kampoker52: calls $0.72
*** TURN *** [7d 4h 3s] [6h]
kampoker52: checks 
seven578: bets $1.04
kampoker52: folds 
Uncalled bet ($1.04) returned to seven578
seven578 collected $2.09 from pot
*** SUMMARY ***
Total pot $2.19 | Rake $0.10 
Board [7d 4h 3s 6h]
Seat 1: seven578 collected ($2.09)
Seat 2: Goya159 folded before Flop (didn't bet)
Seat 3: ekidona folded before Flop (didn't bet)
Seat 5: Dorex2007 (button) folded before Flop (didn't bet)
Seat 6: lladnar1130 (small blind) folded before Flop
Seat 7: kampoker52 (big blind) folded on the Turn
Seat 9: endeudado folded before Flop (didn't bet)



PokerStars Hand #237957493346:  Hold'em No Limit ($0.05/$0.10 USD) - 2022/08/12 19:55:44 PT [2022/08/12 22:55:44 ET]
Table 'Azmidiske II' 9-max Seat #6 is the button
Seat 1: seven578 ($10.92 in chips) 
Seat 3: ekidona ($6.83 in chips) 
Seat 4: juninho13713 ($10 in chips) 
Seat 5: Dorex2007 ($10 in chips) 
Seat 6: lladnar1130 ($11.98 in chips) 
Seat 7: kampoker52 ($11.63 in chips) 
Seat 9: endeudado ($10.46 in chips) 
kampoker52: posts small blind $0.05
endeudado: posts big blind $0.10
juninho13713: posts big blind $0.10
*** HOLE CARDS ***
Dealt to Dorex2007 [Qc Ks]
seven578: folds 
ekidona: folds 
juninho13713: checks 
Dorex2007: raises $0.30 to $0.40
lladnar1130: folds 
kampoker52: calls $0.35
endeudado: raises $1.20 to $1.60
juninho13713: folds 
Dorex2007: folds 
kampoker52: folds 
Uncalled bet ($1.20) returned to endeudado
endeudado collected $1.30 from pot
endeudado: doesn't show hand 
*** SUMMARY ***
Total pot $1.30 | Rake $0 
Seat 1: seven578 folded before Flop (didn't bet)
Seat 3: ekidona folded before Flop (didn't bet)
Seat 4: juninho13713 folded before Flop (didn't bet)
Seat 5: Dorex2007 folded before Flop
Seat 6: lladnar1130 (button) folded before Flop (didn't bet)
Seat 7: kampoker52 (small blind) folded before Flop
Seat 9: endeudado (big blind) collected ($1.30)



PokerStars Hand #237957499063:  Hold'em No Limit ($0.05/$0.10 USD) - 2022/08/12 19:56:25 PT [2022/08/12 22:56:25 ET]
Table 'Azmidiske II' 9-max Seat #7 is the button
Seat 1: seven578 ($10.92 in chips) 
Seat 3: ekidona ($6.83 in chips) 
Seat 4: juninho13713 ($9.90 in chips) 
Seat 5: Dorex2007 ($10 in chips) 
Seat 6: lladnar1130 ($11.98 in chips) 
Seat 7: kampoker52 ($11.23 in chips) 
Seat 9: endeudado ($11.36 in chips) 
endeudado: posts small blind $0.05
seven578: posts big blind $0.10
*** HOLE CARDS ***
Dealt to Dorex2007 [5h 6c]
ekidona: folds 
juninho13713: raises $0.20 to $0.30
Dorex2007: folds 
lladnar1130: folds 
kampoker52: folds 
endeudado: folds 
SYROJA joins the table at seat #2 
seven578: folds 
Uncalled bet ($0.20) returned to juninho13713
juninho13713 collected $0.25 from pot
juninho13713: doesn't show hand 
*** SUMMARY ***
Total pot $0.25 | Rake $0 
Seat 1: seven578 (big blind) folded before Flop
Seat 3: ekidona folded before Flop (didn't bet)
Seat 4: juninho13713 collected ($0.25)
Seat 5: Dorex2007 folded before Flop (didn't bet)
Seat 6: lladnar1130 folded before Flop (didn't bet)
Seat 7: kampoker52 (button) folded before Flop (didn't bet)
Seat 9: endeudado (small blind) folded before Flop



PokerStars Hand #237957501566:  Hold'em No Limit ($0.05/$0.10 USD) - 2022/08/12 19:56:43 PT [2022/08/12 22:56:43 ET]
Table 'Azmidiske II' 9-max Seat #9 is the button
Seat 1: seven578 ($10.82 in chips) 
Seat 2: SYROJA ($10 in chips) 
Seat 3: ekidona ($6.83 in chips) 
Seat 4: juninho13713 ($10.05 in chips) 
Seat 5: Dorex2007 ($10 in chips) 
Seat 6: lladnar1130 ($11.98 in chips) 
Seat 7: kampoker52 ($11.23 in chips) 
Seat 9: endeudado ($11.31 in chips) 
seven578: posts small blind $0.05
SYROJA: posts big blind $0.10
*** HOLE CARDS ***
Dealt to Dorex2007 [Qc 4h]
ekidona: folds 
juninho13713: folds 
Dorex2007: folds 
lladnar1130: folds 
kampoker52: folds 
endeudado: raises $0.15 to $0.25
seven578: folds 
SYROJA: folds 
Uncalled bet ($0.15) returned to endeudado
endeudado collected $0.25 from pot
endeudado: doesn't show hand 
*** SUMMARY ***
Total pot $0.25 | Rake $0 
Seat 1: seven578 (small blind) folded before Flop
Seat 2: SYROJA (big blind) folded before Flop
Seat 3: ekidona folded before Flop (didn't bet)
Seat 4: juninho13713 folded before Flop (didn't bet)
Seat 5: Dorex2007 folded before Flop (didn't bet)
Seat 6: lladnar1130 folded before Flop (didn't bet)
Seat 7: kampoker52 folded before Flop (didn't bet)
Seat 9: endeudado (button) collected ($0.25)



PokerStars Hand #237957504935:  Hold'em No Limit ($0.05/$0.10 USD) - 2022/08/12 19:57:07 PT [2022/08/12 22:57:07 ET]
Table 'Azmidiske II' 9-max Seat #1 is the button
Seat 1: seven578 ($10.77 in chips) 
Seat 2: SYROJA ($10 in chips) 
Seat 3: ekidona ($6.83 in chips) 
Seat 4: juninho13713 ($10.05 in chips) 
Seat 5: Dorex2007 ($10 in chips) 
Seat 6: lladnar1130 ($11.98 in chips) 
Seat 7: kampoker52 ($11.23 in chips) 
Seat 9: endeudado ($11.46 in chips) 
SYROJA: posts small blind $0.05
ekidona: posts big blind $0.10
*** HOLE CARDS ***
Dealt to Dorex2007 [4s 3c]
juninho13713: folds 
Dorex2007: folds 
lladnar1130: raises $0.20 to $0.30
kampoker52: folds 
endeudado: raises $0.80 to $1.10
seven578: folds 
SYROJA: folds 
ekidona: folds 
lladnar1130: raises $2.40 to $3.50
endeudado: folds 
Uncalled bet ($2.40) returned to lladnar1130
lladnar1130 collected $2.35 from pot
lladnar1130: doesn't show hand 
*** SUMMARY ***
Total pot $2.35 | Rake $0 
Seat 1: seven578 (button) folded before Flop (didn't bet)
Seat 2: SYROJA (small blind) folded before Flop
Seat 3: ekidona (big blind) folded before Flop
Seat 4: juninho13713 folded before Flop (didn't bet)
Seat 5: Dorex2007 folded before Flop (didn't bet)
Seat 6: lladnar1130 collected ($2.35)
Seat 7: kampoker52 folded before Flop (didn't bet)
Seat 9: endeudado folded before Flop



PokerStars Hand #237957521781:  Hold'em No Limit ($0.05/$0.10 USD) - 2022/08/12 19:57:57 PT [2022/08/12 22:57:57 ET]
Table 'Azmidiske II' 9-max Seat #2 is the button
Seat 1: seven578 ($10.77 in chips) 
Seat 2: SYROJA ($10 in chips) 
Seat 3: ekidona ($6.73 in chips) 
Seat 4: juninho13713 ($10.05 in chips) 
Seat 5: Dorex2007 ($10 in chips) 
Seat 6: lladnar1130 ($13.23 in chips) 
Seat 7: kampoker52 ($11.23 in chips) 
Seat 9: endeudado ($10.36 in chips) 
ekidona: posts small blind $0.05
juninho13713: posts big blind $0.10
*** HOLE CARDS ***
Dealt to Dorex2007 [5c Qs]
Dorex2007: folds 
lladnar1130: folds 
kampoker52: folds 
endeudado: folds 
seven578: folds 
SYROJA: folds 
ekidona: raises $0.12 to $0.22
juninho13713: raises $0.12 to $0.34
ekidona: calls $0.12
*** FLOP *** [Jh 9s 9h]
ekidona: checks 
juninho13713: bets $0.40
ekidona: calls $0.40
*** TURN *** [Jh 9s 9h] [Jd]
ekidona: checks 
juninho13713: bets $0.90
ekidona: raises $0.90 to $1.80
juninho13713: folds 
Uncalled bet ($0.90) returned to ekidona
ekidona collected $3.13 from pot
*** SUMMARY ***
Total pot $3.28 | Rake $0.15 
Board [Jh 9s 9h Jd]
Seat 1: seven578 folded before Flop (didn't bet)
Seat 2: SYROJA (button) folded before Flop (didn't bet)
Seat 3: ekidona (small blind) collected ($3.13)
Seat 4: juninho13713 (big blind) folded on the Turn
Seat 5: Dorex2007 folded before Flop (didn't bet)
Seat 6: lladnar1130 folded before Flop (didn't bet)
Seat 7: kampoker52 folded before Flop (didn't bet)
Seat 9: endeudado folded before Flop (didn't bet)



PokerStars Hand #237957531688:  Hold'em No Limit ($0.05/$0.10 USD) - 2022/08/12 19:59:08 PT [2022/08/12 22:59:08 ET]
Table 'Azmidiske II' 9-max Seat #3 is the button
Seat 1: seven578 ($10.77 in chips) 
Seat 2: SYROJA ($10 in chips) 
Seat 3: ekidona ($8.22 in chips) 
Seat 4: juninho13713 ($8.41 in chips) 
Seat 5: Dorex2007 ($10 in chips) 
Seat 6: lladnar1130 ($13.23 in chips) 
Seat 7: kampoker52 ($11.23 in chips) 
Seat 9: endeudado ($10.36 in chips) 
juninho13713: posts small blind $0.05
Dorex2007: posts big blind $0.10
*** HOLE CARDS ***
Dealt to Dorex2007 [Kh 9c]
lladnar1130: folds 
kampoker52: raises $0.10 to $0.20
endeudado: folds 
seven578: folds 
SYROJA: folds 
ekidona: folds 
juninho13713: folds 
Dorex2007: calls $0.10
*** FLOP *** [Kc 5h Js]
Dorex2007: checks 
kampoker52: bets $0.43
Dorex2007: raises $1.29 to $1.72
kampoker52: folds 
Uncalled bet ($1.29) returned to Dorex2007
Dorex2007 collected $1.25 from pot
Dorex2007: doesn't show hand 
*** SUMMARY ***
Total pot $1.31 | Rake $0.06 
Board [Kc 5h Js]
Seat 1: seven578 folded before Flop (didn't bet)
Seat 2: SYROJA folded before Flop (didn't bet)
Seat 3: ekidona (button) folded before Flop (didn't bet)
Seat 4: juninho13713 (small blind) folded before Flop
Seat 5: Dorex2007 (big blind) collected ($1.25)
Seat 6: lladnar1130 folded before Flop (didn't bet)
Seat 7: kampoker52 folded on the Flop
Seat 9: endeudado folded before Flop (didn't bet)



PokerStars Hand #237957535177:  Hold'em No Limit ($0.05/$0.10 USD) - 2022/08/12 19:59:33 PT [2022/08/12 22:59:33 ET]
Table 'Azmidiske II' 9-max Seat #4 is the button
Seat 1: seven578 ($10.77 in chips) 
Seat 2: SYROJA ($10 in chips) 
Seat 3: ekidona ($8.22 in chips) 
Seat 4: juninho13713 ($8.36 in chips) 
Seat 5: Dorex2007 ($10.62 in chips) 
Seat 6: lladnar1130 ($13.23 in chips) 
Seat 7: kampoker52 ($10.60 in chips) 
Seat 8: Wallin280 ($10.49 in chips) 
Seat 9: endeudado ($10.36 in chips) 
Dorex2007: posts small blind $0.05
lladnar1130: posts big blind $0.10
Wallin280: posts small & big blinds $0.15
*** HOLE CARDS ***
Dealt to Dorex2007 [5s 6s]
kampoker52: folds 
Wallin280: checks 
endeudado: folds 
seven578: raises $0.20 to $0.30
SYROJA: folds 
ekidona: folds 
juninho13713: folds 
Dorex2007: folds 
lladnar1130: folds 
Wallin280: folds 
Uncalled bet ($0.20) returned to seven578
seven578 collected $0.40 from pot
*** SUMMARY ***
Total pot $0.40 | Rake $0 
Seat 1: seven578 collected ($0.40)
Seat 2: SYROJA folded before Flop (didn't bet)
Seat 3: ekidona folded before Flop (didn't bet)
Seat 4: juninho13713 (button) folded before Flop (didn't bet)
Seat 5: Dorex2007 (small blind) folded before Flop
Seat 6: lladnar1130 (big blind) folded before Flop
Seat 7: kampoker52 folded before Flop (didn't bet)
Seat 8: Wallin280 folded before Flop (didn't bet)
Seat 9: endeudado folded before Flop (didn't bet)



PokerStars Hand #237957538799:  Hold'em No Limit ($0.05/$0.10 USD) - 2022/08/12 19:59:59 PT [2022/08/12 22:59:59 ET]
Table 'Azmidiske II' 9-max Seat #5 is the button
Seat 1: seven578 ($11.07 in chips) 
Seat 2: SYROJA ($10 in chips) 
Seat 3: ekidona ($8.22 in chips) 
Seat 4: juninho13713 ($8.36 in chips) 
Seat 5: Dorex2007 ($10.57 in chips) 
Seat 6: lladnar1130 ($13.13 in chips) 
Seat 7: kampoker52 ($10.60 in chips) 
Seat 8: Wallin280 ($10.34 in chips) 
Seat 9: endeudado ($10.36 in chips) 
lladnar1130: posts small blind $0.05
kampoker52: posts big blind $0.10
*** HOLE CARDS ***
Dealt to Dorex2007 [4d Ad]
Wallin280: folds 
endeudado: folds 
seven578: folds 
SYROJA: folds 
ekidona: folds 
juninho13713: raises $0.20 to $0.30
Dorex2007: calls $0.30
lladnar1130: folds 
kampoker52: folds 
*** FLOP *** [5h Ah Th]
juninho13713: bets $0.50
Dorex2007: folds 
Uncalled bet ($0.50) returned to juninho13713
juninho13713 collected $0.72 from pot
juninho13713: doesn't show hand 
*** SUMMARY ***
Total pot $0.75 | Rake $0.03 
Board [5h Ah Th]
Seat 1: seven578 folded before Flop (didn't bet)
Seat 2: SYROJA folded before Flop (didn't bet)
Seat 3: ekidona folded before Flop (didn't bet)
Seat 4: juninho13713 collected ($0.72)
Seat 5: Dorex2007 (button) folded on the Flop
Seat 6: lladnar1130 (small blind) folded before Flop
Seat 7: kampoker52 (big blind) folded before Flop
Seat 8: Wallin280 folded before Flop (didn't bet)
Seat 9: endeudado folded before Flop (didn't bet)



PokerStars Hand #237957545308:  Hold'em No Limit ($0.05/$0.10 USD) - 2022/08/12 20:00:43 PT [2022/08/12 23:00:43 ET]
Table 'Azmidiske II' 9-max Seat #6 is the button
Seat 1: seven578 ($11.07 in chips) 
Seat 2: SYROJA ($10 in chips) 
Seat 3: ekidona ($8.22 in chips) 
Seat 4: juninho13713 ($8.78 in chips) 
Seat 5: Dorex2007 ($10.27 in chips) 
Seat 6: lladnar1130 ($13.08 in chips) 
Seat 7: kampoker52 ($10.50 in chips) 
Seat 8: Wallin280 ($10.34 in chips) 
Seat 9: endeudado ($10.36 in chips) 
kampoker52: posts small blind $0.05
Wallin280: posts big blind $0.10
*** HOLE CARDS ***
Dealt to Dorex2007 [7s 8c]
endeudado: folds 
seven578: raises $0.20 to $0.30
SYROJA: folds 
ekidona: folds 
juninho13713: folds 
Dorex2007: folds 
lladnar1130: calls $0.30
kampoker52: calls $0.25
Wallin280: calls $0.20
*** FLOP *** [Qs 4c Qh]
kampoker52: checks 
Wallin280: checks 
seven578: bets $1.15
lladnar1130: folds 
kampoker52: folds 
Wallin280: folds 
Uncalled bet ($1.15) returned to seven578
seven578 collected $1.15 from pot
*** SUMMARY ***
Total pot $1.20 | Rake $0.05 
Board [Qs 4c Qh]
Seat 1: seven578 collected ($1.15)
Seat 2: SYROJA folded before Flop (didn't bet)
Seat 3: ekidona folded before Flop (didn't bet)
Seat 4: juninho13713 folded before Flop (didn't bet)
Seat 5: Dorex2007 folded before Flop (didn't bet)
Seat 6: lladnar1130 (button) folded on the Flop
Seat 7: kampoker52 (small blind) folded on the Flop
Seat 8: Wallin280 (big blind) folded on the Flop
Seat 9: endeudado folded before Flop (didn't bet)



PokerStars Hand #237957552127:  Hold'em No Limit ($0.05/$0.10 USD) - 2022/08/12 20:01:26 PT [2022/08/12 23:01:26 ET]
Table 'Azmidiske II' 9-max Seat #7 is the button
Seat 1: seven578 ($11.92 in chips) 
Seat 2: SYROJA ($10 in chips) 
Seat 3: ekidona ($8.22 in chips) 
Seat 4: juninho13713 ($8.78 in chips) 
Seat 5: Dorex2007 ($10.27 in chips) 
Seat 6: lladnar1130 ($12.78 in chips) 
Seat 7: kampoker52 ($10.20 in chips) 
Seat 8: Wallin280 ($10.04 in chips) 
Seat 9: endeudado ($10.36 in chips) 
Wallin280: posts small blind $0.05
endeudado: posts big blind $0.10
*** HOLE CARDS ***
Dealt to Dorex2007 [9d 2s]
seven578: folds 
SYROJA: folds 
ekidona: folds 
juninho13713: folds 
Dorex2007: folds 
lladnar1130: raises $0.13 to $0.23
kampoker52: calls $0.23
Wallin280: calls $0.18
endeudado: raises $1.27 to $1.50
lladnar1130: folds 
kampoker52: calls $1.27
Wallin280: folds 
*** FLOP *** [4c 9s Kc]
endeudado: checks 
kampoker52: checks 
*** TURN *** [4c 9s Kc] [5s]
endeudado: bets $2.15
kampoker52: calls $2.15
*** RIVER *** [4c 9s Kc 5s] [3s]
endeudado: checks 
kampoker52: checks 
*** SHOW DOWN ***
endeudado: shows [Td Th] (a pair of Tens)
kampoker52: mucks hand 
endeudado collected $7.41 from pot
*** SUMMARY ***
Total pot $7.76 | Rake $0.35 
Board [4c 9s Kc 5s 3s]
Seat 1: seven578 folded before Flop (didn't bet)
Seat 2: SYROJA folded before Flop (didn't bet)
Seat 3: ekidona folded before Flop (didn't bet)
Seat 4: juninho13713 folded before Flop (didn't bet)
Seat 5: Dorex2007 folded before Flop (didn't bet)
Seat 6: lladnar1130 folded before Flop
Seat 7: kampoker52 (button) mucked [7c 7h]
Seat 8: Wallin280 (small blind) folded before Flop
Seat 9: endeudado (big blind) showed [Td Th] and won ($7.41) with a pair of Tens



PokerStars Hand #237957566417:  Hold'em No Limit ($0.05/$0.10 USD) - 2022/08/12 20:02:53 PT [2022/08/12 23:02:53 ET]
Table 'Azmidiske II' 9-max Seat #8 is the button
Seat 1: seven578 ($11.92 in chips) 
Seat 2: SYROJA ($10 in chips) 
Seat 3: ekidona ($8.22 in chips) 
Seat 4: juninho13713 ($8.78 in chips) 
Seat 5: Dorex2007 ($10.27 in chips) 
Seat 6: lladnar1130 ($12.55 in chips) 
Seat 7: kampoker52 ($6.55 in chips) 
Seat 8: Wallin280 ($9.81 in chips) 
Seat 9: endeudado ($14.12 in chips) 
endeudado: posts small blind $0.05
seven578: posts big blind $0.10
*** HOLE CARDS ***
Dealt to Dorex2007 [Js Jd]
SYROJA: folds 
ekidona: folds 
juninho13713: folds 
Dorex2007: raises $0.30 to $0.40
lladnar1130: folds 
kampoker52: calls $0.40
Wallin280: folds 
endeudado: folds 
seven578: folds 
*** FLOP *** [8s 3d 3h]
Dorex2007: bets $0.45
kampoker52: calls $0.45
*** TURN *** [8s 3d 3h] [2d]
Dorex2007: bets $9.42 and is all-in
kampoker52: folds 
Uncalled bet ($9.42) returned to Dorex2007
Dorex2007 collected $1.77 from pot
Dorex2007: doesn't show hand 
*** SUMMARY ***
Total pot $1.85 | Rake $0.08 
Board [8s 3d 3h 2d]
Seat 1: seven578 (big blind) folded before Flop
Seat 2: SYROJA folded before Flop (didn't bet)
Seat 3: ekidona folded before Flop (didn't bet)
Seat 4: juninho13713 folded before Flop (didn't bet)
Seat 5: Dorex2007 collected ($1.77)
Seat 6: lladnar1130 folded before Flop (didn't bet)
Seat 7: kampoker52 folded on the Turn
Seat 8: Wallin280 (button) folded before Flop (didn't bet)
Seat 9: endeudado (small blind) folded before Flop



PokerStars Hand #237957572582:  Hold'em No Limit ($0.05/$0.10 USD) - 2022/08/12 20:03:30 PT [2022/08/12 23:03:30 ET]
Table 'Azmidiske II' 9-max Seat #9 is the button
Seat 1: seven578 ($11.82 in chips) 
Seat 2: SYROJA ($10 in chips) 
Seat 3: ekidona ($8.22 in chips) 
Seat 4: juninho13713 ($8.78 in chips) 
Seat 5: Dorex2007 ($11.19 in chips) 
Seat 6: lladnar1130 ($12.55 in chips) 
Seat 7: kampoker52 ($5.70 in chips) 
Seat 8: Wallin280 ($9.81 in chips) 
Seat 9: endeudado ($14.07 in chips) 
seven578: posts small blind $0.05
SYROJA: posts big blind $0.10
*** HOLE CARDS ***
Dealt to Dorex2007 [8s 4h]
ekidona: folds 
juninho13713: folds 
Dorex2007: folds 
lladnar1130: folds 
kampoker52: calls $0.10
Wallin280: folds 
endeudado: folds 
seven578: raises $0.20 to $0.30
SYROJA: folds 
kampoker52: calls $0.20
*** FLOP *** [4c 2h Kh]
seven578: checks 
kampoker52: bets $0.67
seven578: folds 
Uncalled bet ($0.67) returned to kampoker52
kampoker52 collected $0.67 from pot
*** SUMMARY ***
Total pot $0.70 | Rake $0.03 
Board [4c 2h Kh]
Seat 1: seven578 (small blind) folded on the Flop
Seat 2: SYROJA (big blind) folded before Flop
Seat 3: ekidona folded before Flop (didn't bet)
Seat 4: juninho13713 folded before Flop (didn't bet)
Seat 5: Dorex2007 folded before Flop (didn't bet)
Seat 6: lladnar1130 folded before Flop (didn't bet)
Seat 7: kampoker52 collected ($0.67)
Seat 8: Wallin280 folded before Flop (didn't bet)
Seat 9: endeudado (button) folded before Flop (didn't bet)



PokerStars Hand #237957580590:  Hold'em No Limit ($0.05/$0.10 USD) - 2022/08/12 20:04:19 PT [2022/08/12 23:04:19 ET]
Table 'Azmidiske II' 9-max Seat #1 is the button
Seat 1: seven578 ($11.52 in chips) 
Seat 2: SYROJA ($10 in chips) 
Seat 3: ekidona ($8.22 in chips) 
Seat 4: juninho13713 ($8.78 in chips) 
Seat 5: Dorex2007 ($11.19 in chips) 
Seat 6: lladnar1130 ($12.55 in chips) 
Seat 7: kampoker52 ($6.07 in chips) 
Seat 8: Wallin280 ($9.81 in chips) 
Seat 9: endeudado ($14.07 in chips) 
SYROJA: posts small blind $0.05
ekidona: posts big blind $0.10
*** HOLE CARDS ***
Dealt to Dorex2007 [2c 3s]
juninho13713: folds 
Dorex2007: folds 
lladnar1130: folds 
kampoker52: folds 
Wallin280: folds 
endeudado: raises $0.20 to $0.30
seven578: folds 
SYROJA: folds 
ekidona: raises $0.90 to $1.20
endeudado: folds 
Uncalled bet ($0.90) returned to ekidona
ekidona collected $0.65 from pot
*** SUMMARY ***
Total pot $0.65 | Rake $0 
Seat 1: seven578 (button) folded before Flop (didn't bet)
Seat 2: SYROJA (small blind) folded before Flop
Seat 3: ekidona (big blind) collected ($0.65)
Seat 4: juninho13713 folded before Flop (didn't bet)
Seat 5: Dorex2007 folded before Flop (didn't bet)
Seat 6: lladnar1130 folded before Flop (didn't bet)
Seat 7: kampoker52 folded before Flop (didn't bet)
Seat 8: Wallin280 folded before Flop (didn't bet)
Seat 9: endeudado folded before Flop



PokerStars Hand #237957593433:  Hold'em No Limit ($0.05/$0.10 USD) - 2022/08/12 20:04:49 PT [2022/08/12 23:04:49 ET]
Table 'Azmidiske II' 9-max Seat #2 is the button
Seat 1: seven578 ($11.52 in chips) 
Seat 2: SYROJA ($10 in chips) 
Seat 3: ekidona ($8.57 in chips) 
Seat 4: juninho13713 ($8.78 in chips) 
Seat 5: Dorex2007 ($11.19 in chips) 
Seat 6: lladnar1130 ($12.55 in chips) 
Seat 7: kampoker52 ($6.07 in chips) 
Seat 8: Wallin280 ($9.81 in chips) 
Seat 9: endeudado ($13.77 in chips) 
ekidona: posts small blind $0.05
juninho13713: posts big blind $0.10
*** HOLE CARDS ***
Dealt to Dorex2007 [As 8s]
Dorex2007: raises $0.10 to $0.20
lladnar1130: folds 
kampoker52: calls $0.20
Wallin280: folds 
endeudado: folds 
seven578: calls $0.20
SYROJA: folds 
ekidona: folds 
juninho13713: folds 
*** FLOP *** [7h Qd 3h]
Dorex2007: checks 
kampoker52: checks 
seven578: bets $0.20
Dorex2007: folds 
kampoker52: calls $0.20
*** TURN *** [7h Qd 3h] [Qs]
kampoker52: checks 
seven578: bets $0.55
kampoker52: calls $0.55
*** RIVER *** [7h Qd 3h Qs] [2h]
kampoker52: checks 
seven578: bets $1.07
kampoker52: folds 
Uncalled bet ($1.07) returned to seven578
seven578 collected $2.15 from pot
*** SUMMARY ***
Total pot $2.25 | Rake $0.10 
Board [7h Qd 3h Qs 2h]
Seat 1: seven578 collected ($2.15)
Seat 2: SYROJA (button) folded before Flop (didn't bet)
Seat 3: ekidona (small blind) folded before Flop
Seat 4: juninho13713 (big blind) folded before Flop
Seat 5: Dorex2007 folded on the Flop
Seat 6: lladnar1130 folded before Flop (didn't bet)
Seat 7: kampoker52 folded on the River
Seat 8: Wallin280 folded before Flop (didn't bet)
Seat 9: endeudado folded before Flop (didn't bet)



PokerStars Hand #237957604707:  Hold'em No Limit ($0.05/$0.10 USD) - 2022/08/12 20:05:56 PT [2022/08/12 23:05:56 ET]
Table 'Azmidiske II' 9-max Seat #3 is the button
Seat 1: seven578 ($12.72 in chips) 
Seat 2: SYROJA ($10 in chips) 
Seat 3: ekidona ($8.52 in chips) 
Seat 4: juninho13713 ($8.68 in chips) 
Seat 5: Dorex2007 ($10.99 in chips) 
Seat 6: lladnar1130 ($12.55 in chips) 
Seat 7: kampoker52 ($5.12 in chips) 
Seat 8: Wallin280 ($9.81 in chips) 
juninho13713: posts small blind $0.05
Dorex2007: posts big blind $0.10
*** HOLE CARDS ***
Dealt to Dorex2007 [7d 3c]
lladnar1130: folds 
kampoker52: raises $0.25 to $0.35
Wallin280: folds 
seven578: folds 
SYROJA: folds 
ekidona: folds 
juninho13713: folds 
Dorex2007: folds 
Uncalled bet ($0.25) returned to kampoker52
kampoker52 collected $0.25 from pot
*** SUMMARY ***
Total pot $0.25 | Rake $0 
Seat 1: seven578 folded before Flop (didn't bet)
Seat 2: SYROJA folded before Flop (didn't bet)
Seat 3: ekidona (button) folded before Flop (didn't bet)
Seat 4: juninho13713 (small blind) folded before Flop
Seat 5: Dorex2007 (big blind) folded before Flop
Seat 6: lladnar1130 folded before Flop (didn't bet)
Seat 7: kampoker52 collected ($0.25)
Seat 8: Wallin280 folded before Flop (didn't bet)



PokerStars Hand #237957606958:  Hold'em No Limit ($0.05/$0.10 USD) - 2022/08/12 20:06:10 PT [2022/08/12 23:06:10 ET]
Table 'Azmidiske II' 9-max Seat #4 is the button
Seat 1: seven578 ($12.72 in chips) 
Seat 2: SYROJA ($10 in chips) 
Seat 3: ekidona ($8.52 in chips) 
Seat 4: juninho13713 ($8.63 in chips) 
Seat 5: Dorex2007 ($10.89 in chips) 
Seat 6: lladnar1130 ($12.55 in chips) 
Seat 7: kampoker52 ($5.27 in chips) 
Seat 8: Wallin280 ($9.81 in chips) 
Seat 9: endeudado ($13.77 in chips) 
Dorex2007: posts small blind $0.05
lladnar1130: posts big blind $0.10
*** HOLE CARDS ***
Dealt to Dorex2007 [2s 3c]
kampoker52: calls $0.10
Wallin280: folds 
endeudado: folds 
seven578: folds 
SYROJA: folds 
ekidona: folds 
juninho13713: raises $0.30 to $0.40
Dorex2007: folds 
lladnar1130: calls $0.30
kampoker52: calls $0.30
*** FLOP *** [9c 2h As]
lladnar1130: checks 
kampoker52: checks 
juninho13713: bets $0.59
lladnar1130: calls $0.59
kampoker52: folds 
*** TURN *** [9c 2h As] [Tc]
lladnar1130: checks 
juninho13713: bets $1.40
lladnar1130: folds 
Uncalled bet ($1.40) returned to juninho13713
juninho13713 collected $2.32 from pot
juninho13713: doesn't show hand 
*** SUMMARY ***
Total pot $2.43 | Rake $0.11 
Board [9c 2h As Tc]
Seat 1: seven578 folded before Flop (didn't bet)
Seat 2: SYROJA folded before Flop (didn't bet)
Seat 3: ekidona folded before Flop (didn't bet)
Seat 4: juninho13713 (button) collected ($2.32)
Seat 5: Dorex2007 (small blind) folded before Flop
Seat 6: lladnar1130 (big blind) folded on the Turn
Seat 7: kampoker52 folded on the Flop
Seat 8: Wallin280 folded before Flop (didn't bet)
Seat 9: endeudado folded before Flop (didn't bet)



PokerStars Hand #237957619100:  Hold'em No Limit ($0.05/$0.10 USD) - 2022/08/12 20:07:22 PT [2022/08/12 23:07:22 ET]
Table 'Azmidiske II' 9-max Seat #5 is the button
Seat 1: seven578 ($12.72 in chips) 
Seat 2: SYROJA ($10 in chips) 
Seat 3: ekidona ($8.52 in chips) 
Seat 4: juninho13713 ($9.96 in chips) 
Seat 5: Dorex2007 ($10.84 in chips) 
Seat 6: lladnar1130 ($11.56 in chips) 
Seat 7: kampoker52 ($10 in chips) 
Seat 8: Wallin280 ($9.81 in chips) 
Seat 9: endeudado ($13.77 in chips) 
lladnar1130: posts small blind $0.05
kampoker52: posts big blind $0.10
*** HOLE CARDS ***
Dealt to Dorex2007 [9d 8s]
Wallin280: folds 
endeudado: folds 
seven578: folds 
SYROJA: folds 
ekidona: folds 
juninho13713: raises $0.20 to $0.30
Dorex2007: folds 
lladnar1130: raises $0.80 to $1.10
kampoker52: folds 
juninho13713: calls $0.80
*** FLOP *** [2d 6s Js]
lladnar1130: bets $1.25
juninho13713: raises $1.25 to $2.50
lladnar1130: calls $1.25
*** TURN *** [2d 6s Js] [Qd]
lladnar1130: checks 
juninho13713: bets $3.48
lladnar1130: raises $4.48 to $7.96 and is all-in
juninho13713: folds 
Uncalled bet ($4.48) returned to lladnar1130
lladnar1130 collected $13.62 from pot
lladnar1130: doesn't show hand 
*** SUMMARY ***
Total pot $14.26 | Rake $0.64 
Board [2d 6s Js Qd]
Seat 1: seven578 folded before Flop (didn't bet)
Seat 2: SYROJA folded before Flop (didn't bet)
Seat 3: ekidona folded before Flop (didn't bet)
Seat 4: juninho13713 folded on the Turn
Seat 5: Dorex2007 (button) folded before Flop (didn't bet)
Seat 6: lladnar1130 (small blind) collected ($13.62)
Seat 7: kampoker52 (big blind) folded before Flop
Seat 8: Wallin280 folded before Flop (didn't bet)
Seat 9: endeudado folded before Flop (didn't bet)



PokerStars Hand #237957630383:  Hold'em No Limit ($0.05/$0.10 USD) - 2022/08/12 20:08:30 PT [2022/08/12 23:08:30 ET]
Table 'Azmidiske II' 9-max Seat #6 is the button
Seat 1: seven578 ($12.72 in chips) 
Seat 2: SYROJA ($10 in chips) 
Seat 3: ekidona ($8.52 in chips) 
Seat 4: juninho13713 ($2.88 in chips) 
Seat 5: Dorex2007 ($10.84 in chips) 
Seat 6: lladnar1130 ($18.10 in chips) 
Seat 7: kampoker52 ($9.90 in chips) 
Seat 8: Wallin280 ($9.81 in chips) 
Seat 9: endeudado ($13.77 in chips) 
kampoker52: posts small blind $0.05
Wallin280: posts big blind $0.10
*** HOLE CARDS ***
Dealt to Dorex2007 [5d Td]
endeudado: folds 
seven578: folds 
SYROJA: folds 
ekidona: folds 
juninho13713: folds 
Dorex2007: folds 
lladnar1130: folds 
kampoker52: raises $0.10 to $0.20
Wallin280: folds 
Uncalled bet ($0.10) returned to kampoker52
kampoker52 collected $0.20 from pot
*** SUMMARY ***
Total pot $0.20 | Rake $0 
Seat 1: seven578 folded before Flop (didn't bet)
Seat 2: SYROJA folded before Flop (didn't bet)
Seat 3: ekidona folded before Flop (didn't bet)
Seat 4: juninho13713 folded before Flop (didn't bet)
Seat 5: Dorex2007 folded before Flop (didn't bet)
Seat 6: lladnar1130 (button) folded before Flop (didn't bet)
Seat 7: kampoker52 (small blind) collected ($0.20)
Seat 8: Wallin280 (big blind) folded before Flop
Seat 9: endeudado folded before Flop (didn't bet)



PokerStars Hand #237957633884:  Hold'em No Limit ($0.05/$0.10 USD) - 2022/08/12 20:08:51 PT [2022/08/12 23:08:51 ET]
Table 'Azmidiske II' 9-max Seat #7 is the button
Seat 1: seven578 ($12.72 in chips) 
Seat 2: SYROJA ($10 in chips) 
Seat 3: ekidona ($8.52 in chips) 
Seat 4: juninho13713 ($10 in chips) 
Seat 5: Dorex2007 ($10.84 in chips) 
Seat 6: lladnar1130 ($18.10 in chips) 
Seat 7: kampoker52 ($10 in chips) 
Seat 8: Wallin280 ($9.71 in chips) 
Seat 9: endeudado ($13.77 in chips) 
Wallin280: posts small blind $0.05
endeudado: posts big blind $0.10
*** HOLE CARDS ***
Dealt to Dorex2007 [Kc 7d]
seven578: folds 
SYROJA: folds 
ekidona: folds 
juninho13713: folds 
Dorex2007: folds 
lladnar1130: raises $0.13 to $0.23
kampoker52: folds 
Wallin280: folds 
endeudado: folds 
Uncalled bet ($0.13) returned to lladnar1130
lladnar1130 collected $0.25 from pot
lladnar1130: doesn't show hand 
*** SUMMARY ***
Total pot $0.25 | Rake $0 
Seat 1: seven578 folded before Flop (didn't bet)
Seat 2: SYROJA folded before Flop (didn't bet)
Seat 3: ekidona folded before Flop (didn't bet)
Seat 4: juninho13713 folded before Flop (didn't bet)
Seat 5: Dorex2007 folded before Flop (didn't bet)
Seat 6: lladnar1130 collected ($0.25)
Seat 7: kampoker52 (button) folded before Flop (didn't bet)
Seat 8: Wallin280 (small blind) folded before Flop
Seat 9: endeudado (big blind) folded before Flop



PokerStars Hand #237957637319:  Hold'em No Limit ($0.05/$0.10 USD) - 2022/08/12 20:09:12 PT [2022/08/12 23:09:12 ET]
Table 'Azmidiske II' 9-max Seat #8 is the button
Seat 1: seven578 ($12.72 in chips) 
Seat 2: SYROJA ($10 in chips) 
Seat 3: ekidona ($8.52 in chips) 
Seat 4: juninho13713 ($10 in chips) 
Seat 5: Dorex2007 ($10.84 in chips) 
Seat 6: lladnar1130 ($18.25 in chips) 
Seat 7: kampoker52 ($10 in chips) 
Seat 8: Wallin280 ($9.66 in chips) 
Seat 9: endeudado ($13.67 in chips) 
endeudado: posts small blind $0.05
seven578: posts big blind $0.10
*** HOLE CARDS ***
Dealt to Dorex2007 [Ks Qs]
SYROJA: raises $0.20 to $0.30
ekidona: folds 
juninho13713: folds 
Dorex2007: raises $0.50 to $0.80
lladnar1130: folds 
kampoker52: folds 
Wallin280: folds 
endeudado: folds 
seven578: folds 
SYROJA: calls $0.50
*** FLOP *** [7s 7c Jd]
SYROJA: checks 
Dorex2007: bets $0.83
SYROJA: folds 
Uncalled bet ($0.83) returned to Dorex2007
Dorex2007 collected $1.67 from pot
Dorex2007: doesn't show hand 
*** SUMMARY ***
Total pot $1.75 | Rake $0.08 
Board [7s 7c Jd]
Seat 1: seven578 (big blind) folded before Flop
Seat 2: SYROJA folded on the Flop
Seat 3: ekidona folded before Flop (didn't bet)
Seat 4: juninho13713 folded before Flop (didn't bet)
Seat 5: Dorex2007 collected ($1.67)
Seat 6: lladnar1130 folded before Flop (didn't bet)
Seat 7: kampoker52 folded before Flop (didn't bet)
Seat 8: Wallin280 (button) folded before Flop (didn't bet)
Seat 9: endeudado (small blind) folded before Flop



PokerStars Hand #237957645915:  Hold'em No Limit ($0.05/$0.10 USD) - 2022/08/12 20:10:04 PT [2022/08/12 23:10:04 ET]
Table 'Azmidiske II' 9-max Seat #9 is the button
Seat 1: seven578 ($12.62 in chips) 
Seat 2: SYROJA ($10 in chips) 
Seat 3: ekidona ($8.52 in chips) 
Seat 4: juninho13713 ($10 in chips) 
Seat 5: Dorex2007 ($11.71 in chips) 
Seat 6: lladnar1130 ($18.25 in chips) 
Seat 7: kampoker52 ($10 in chips) 
Seat 8: Wallin280 ($9.66 in chips) 
Seat 9: endeudado ($13.62 in chips) 
seven578: posts small blind $0.05
SYROJA: posts big blind $0.10
*** HOLE CARDS ***
Dealt to Dorex2007 [4d 7d]
ekidona: folds 
juninho13713: folds 
Dorex2007: folds 
lladnar1130: folds 
kampoker52: raises $0.10 to $0.20
Wallin280: folds 
endeudado: folds 
seven578: folds 
SYROJA: calls $0.10
*** FLOP *** [Ad 2h 8h]
SYROJA: checks 
kampoker52: bets $0.43
SYROJA: folds 
Uncalled bet ($0.43) returned to kampoker52
kampoker52 collected $0.43 from pot
*** SUMMARY ***
Total pot $0.45 | Rake $0.02 
Board [Ad 2h 8h]
Seat 1: seven578 (small blind) folded before Flop
Seat 2: SYROJA (big blind) folded on the Flop
Seat 3: ekidona folded before Flop (didn't bet)
Seat 4: juninho13713 folded before Flop (didn't bet)
Seat 5: Dorex2007 folded before Flop (didn't bet)
Seat 6: lladnar1130 folded before Flop (didn't bet)
Seat 7: kampoker52 collected ($0.43)
Seat 8: Wallin280 folded before Flop (didn't bet)
Seat 9: endeudado (button) folded before Flop (didn't bet)



PokerStars Hand #237957651491:  Hold'em No Limit ($0.05/$0.10 USD) - 2022/08/12 20:10:39 PT [2022/08/12 23:10:39 ET]
Table 'Azmidiske II' 9-max Seat #1 is the button
Seat 1: seven578 ($12.57 in chips) 
Seat 2: SYROJA ($10 in chips) 
Seat 3: ekidona ($8.52 in chips) 
Seat 4: juninho13713 ($10 in chips) 
Seat 5: Dorex2007 ($11.71 in chips) 
Seat 6: lladnar1130 ($18.25 in chips) 
Seat 7: kampoker52 ($10.23 in chips) 
Seat 8: Wallin280 ($9.66 in chips) 
Seat 9: endeudado ($13.62 in chips) 
SYROJA: posts small blind $0.05
ekidona: posts big blind $0.10
*** HOLE CARDS ***
Dealt to Dorex2007 [Ad 6h]
juninho13713: folds 
Dorex2007: folds 
lladnar1130: folds 
kampoker52: calls $0.10
Wallin280: folds 
endeudado: folds 
seven578: folds 
SYROJA: folds 
ekidona: checks 
*** FLOP *** [As 3c Qd]
ekidona: checks 
kampoker52: checks 
*** TURN *** [As 3c Qd] [4s]
ekidona: checks 
kampoker52: checks 
*** RIVER *** [As 3c Qd 4s] [Kd]
ekidona: checks 
kampoker52: bets $0.10
ekidona: folds 
Uncalled bet ($0.10) returned to kampoker52
kampoker52 collected $0.24 from pot
*** SUMMARY ***
Total pot $0.25 | Rake $0.01 
Board [As 3c Qd 4s Kd]
Seat 1: seven578 (button) folded before Flop (didn't bet)
Seat 2: SYROJA (small blind) folded before Flop
Seat 3: ekidona (big blind) folded on the River
Seat 4: juninho13713 folded before Flop (didn't bet)
Seat 5: Dorex2007 folded before Flop (didn't bet)
Seat 6: lladnar1130 folded before Flop (didn't bet)
Seat 7: kampoker52 collected ($0.24)
Seat 8: Wallin280 folded before Flop (didn't bet)
Seat 9: endeudado folded before Flop (didn't bet)



PokerStars Hand #237957656719:  Hold'em No Limit ($0.05/$0.10 USD) - 2022/08/12 20:11:11 PT [2022/08/12 23:11:11 ET]
Table 'Azmidiske II' 9-max Seat #2 is the button
Seat 1: seven578 ($12.57 in chips) 
Seat 2: SYROJA ($10 in chips) 
Seat 3: ekidona ($8.42 in chips) 
Seat 4: juninho13713 ($10 in chips) 
Seat 5: Dorex2007 ($11.71 in chips) 
Seat 6: lladnar1130 ($18.25 in chips) 
Seat 7: kampoker52 ($10.37 in chips) 
Seat 8: Wallin280 ($9.66 in chips) 
Seat 9: endeudado ($13.62 in chips) 
ekidona: posts small blind $0.05
juninho13713: posts big blind $0.10
*** HOLE CARDS ***
Dealt to Dorex2007 [Jc Th]
Dorex2007: folds 
lladnar1130: folds 
kampoker52: folds 
Wallin280: folds 
endeudado: folds 
seven578: folds 
SYROJA: folds 
ekidona: folds 
Uncalled bet ($0.05) returned to juninho13713
juninho13713 collected $0.10 from pot
juninho13713: doesn't show hand 
*** SUMMARY ***
Total pot $0.10 | Rake $0 
Seat 1: seven578 folded before Flop (didn't bet)
Seat 2: SYROJA (button) folded before Flop (didn't bet)
Seat 3: ekidona (small blind) folded before Flop
Seat 4: juninho13713 (big blind) collected ($0.10)
Seat 5: Dorex2007 folded before Flop (didn't bet)
Seat 6: lladnar1130 folded before Flop (didn't bet)
Seat 7: kampoker52 folded before Flop (didn't bet)
Seat 8: Wallin280 folded before Flop (didn't bet)
Seat 9: endeudado folded before Flop (didn't bet)



PokerStars Hand #237957659084:  Hold'em No Limit ($0.05/$0.10 USD) - 2022/08/12 20:11:25 PT [2022/08/12 23:11:25 ET]
Table 'Azmidiske II' 9-max Seat #3 is the button
Seat 1: seven578 ($12.57 in chips) 
Seat 2: SYROJA ($10 in chips) 
Seat 3: ekidona ($8.37 in chips) 
Seat 4: juninho13713 ($10.05 in chips) 
Seat 5: Dorex2007 ($11.71 in chips) 
Seat 6: lladnar1130 ($18.25 in chips) 
Seat 7: kampoker52 ($10.37 in chips) 
Seat 8: Wallin280 ($9.66 in chips) 
Seat 9: endeudado ($13.62 in chips) 
juninho13713: posts small blind $0.05
Dorex2007: posts big blind $0.10
*** HOLE CARDS ***
Dealt to Dorex2007 [7s Tc]
lladnar1130: folds 
kampoker52: raises $0.20 to $0.30
Wallin280: calls $0.30
endeudado: folds 
seven578: folds 
SYROJA: folds 
ekidona: folds 
juninho13713: raises $0.20 to $0.50
Dorex2007: folds 
kampoker52: calls $0.20
Wallin280: calls $0.20
*** FLOP *** [4s 2h 5s]
juninho13713: bets $0.76
kampoker52: calls $0.76
Wallin280: calls $0.76
*** TURN *** [4s 2h 5s] [5c]
juninho13713: bets $1.90
kampoker52: calls $1.90
Wallin280: folds 
*** RIVER *** [4s 2h 5s 5c] [As]
juninho13713: checks 
kampoker52: bets $3.66
juninho13713: folds 
Uncalled bet ($3.66) returned to kampoker52
kampoker52 collected $7.33 from pot
*** SUMMARY ***
Total pot $7.68 | Rake $0.35 
Board [4s 2h 5s 5c As]
Seat 1: seven578 folded before Flop (didn't bet)
Seat 2: SYROJA folded before Flop (didn't bet)
Seat 3: ekidona (button) folded before Flop (didn't bet)
Seat 4: juninho13713 (small blind) folded on the River
Seat 5: Dorex2007 (big blind) folded before Flop
Seat 6: lladnar1130 folded before Flop (didn't bet)
Seat 7: kampoker52 collected ($7.33)
Seat 8: Wallin280 folded on the Turn
Seat 9: endeudado folded before Flop (didn't bet)



PokerStars Hand #237957673279:  Hold'em No Limit ($0.05/$0.10 USD) - 2022/08/12 20:12:53 PT [2022/08/12 23:12:53 ET]
Table 'Azmidiske II' 9-max Seat #4 is the button
Seat 1: seven578 ($12.57 in chips) 
Seat 2: SYROJA ($10 in chips) 
Seat 3: ekidona ($8.37 in chips) 
Seat 4: juninho13713 ($6.89 in chips) 
Seat 5: Dorex2007 ($11.61 in chips) 
Seat 6: lladnar1130 ($18.25 in chips) 
Seat 7: kampoker52 ($14.54 in chips) 
Seat 8: Wallin280 ($8.40 in chips) 
Seat 9: endeudado ($13.62 in chips) 
Dorex2007: posts small blind $0.05
lladnar1130: posts big blind $0.10
*** HOLE CARDS ***
Dealt to Dorex2007 [2s Ah]
kampoker52: calls $0.10
Wallin280: folds 
endeudado: folds 
seven578: calls $0.10
SYROJA: folds 
ekidona: folds 
juninho13713: folds 
Dorex2007: folds 
lladnar1130: checks 
*** FLOP *** [2d Kh 9h]
lladnar1130: checks 
kampoker52: checks 
seven578: checks 
*** TURN *** [2d Kh 9h] [6c]
lladnar1130: checks 
kampoker52: checks 
seven578: checks 
*** RIVER *** [2d Kh 9h 6c] [7d]
lladnar1130: checks 
kampoker52: bets $0.33
seven578: folds 
lladnar1130: folds 
Uncalled bet ($0.33) returned to kampoker52
kampoker52 collected $0.33 from pot
*** SUMMARY ***
Total pot $0.35 | Rake $0.02 
Board [2d Kh 9h 6c 7d]
Seat 1: seven578 folded on the River
Seat 2: SYROJA folded before Flop (didn't bet)
Seat 3: ekidona folded before Flop (didn't bet)
Seat 4: juninho13713 (button) folded before Flop (didn't bet)
Seat 5: Dorex2007 (small blind) folded before Flop
Seat 6: lladnar1130 (big blind) folded on the River
Seat 7: kampoker52 collected ($0.33)
Seat 8: Wallin280 folded before Flop (didn't bet)
Seat 9: endeudado folded before Flop (didn't bet)



PokerStars Hand #237957680332:  Hold'em No Limit ($0.05/$0.10 USD) - 2022/08/12 20:13:36 PT [2022/08/12 23:13:36 ET]
Table 'Azmidiske II' 9-max Seat #5 is the button
Seat 1: seven578 ($12.47 in chips) 
Seat 2: SYROJA ($10 in chips) 
Seat 3: ekidona ($8.37 in chips) 
Seat 4: juninho13713 ($6.89 in chips) 
Seat 5: Dorex2007 ($11.56 in chips) 
Seat 6: lladnar1130 ($18.15 in chips) 
Seat 7: kampoker52 ($14.77 in chips) 
Seat 8: Wallin280 ($8.40 in chips) 
Seat 9: endeudado ($13.62 in chips) 
lladnar1130: posts small blind $0.05
kampoker52: posts big blind $0.10
*** HOLE CARDS ***
Dealt to Dorex2007 [6c 2d]
Wallin280: calls $0.10
endeudado: folds 
seven578: calls $0.10
SYROJA: folds 
ekidona: raises $0.20 to $0.30
juninho13713: folds 
Dorex2007: folds 
lladnar1130: calls $0.25
kampoker52: calls $0.20
Wallin280: calls $0.20
seven578: calls $0.20
*** FLOP *** [7s 5s 6h]
lladnar1130: checks 
kampoker52: checks 
Wallin280: checks 
seven578: bets $0.71
ekidona: folds 
lladnar1130: calls $0.71
kampoker52: calls $0.71
Wallin280: folds 
*** TURN *** [7s 5s 6h] [5h]
lladnar1130: checks 
kampoker52: checks 
seven578: bets $0.70
lladnar1130: calls $0.70
kampoker52: calls $0.70
*** RIVER *** [7s 5s 6h 5h] [2h]
lladnar1130: checks 
kampoker52: bets $2.73
seven578: folds 
lladnar1130: folds 
Uncalled bet ($2.73) returned to kampoker52
kampoker52 collected $5.47 from pot
*** SUMMARY ***
Total pot $5.73 | Rake $0.26 
Board [7s 5s 6h 5h 2h]
Seat 1: seven578 folded on the River
Seat 2: SYROJA folded before Flop (didn't bet)
Seat 3: ekidona folded on the Flop
Seat 4: juninho13713 folded before Flop (didn't bet)
Seat 5: Dorex2007 (button) folded before Flop (didn't bet)
Seat 6: lladnar1130 (small blind) folded on the River
Seat 7: kampoker52 (big blind) collected ($5.47)
Seat 8: Wallin280 folded on the Flop
Seat 9: endeudado folded before Flop (didn't bet)



PokerStars Hand #237957694865:  Hold'em No Limit ($0.05/$0.10 USD) - 2022/08/12 20:15:06 PT [2022/08/12 23:15:06 ET]
Table 'Azmidiske II' 9-max Seat #6 is the button
Seat 1: seven578 ($10.76 in chips) 
Seat 2: SYROJA ($10 in chips) 
Seat 3: ekidona ($8.07 in chips) 
Seat 4: juninho13713 ($10 in chips) 
Seat 5: Dorex2007 ($11.56 in chips) 
Seat 6: lladnar1130 ($16.44 in chips) 
Seat 7: kampoker52 ($18.53 in chips) 
Seat 8: Wallin280 ($8.10 in chips) 
Seat 9: endeudado ($13.62 in chips) 
kampoker52: posts small blind $0.05
Wallin280: posts big blind $0.10
*** HOLE CARDS ***
Dealt to Dorex2007 [Jh Tc]
endeudado: folds 
seven578: folds 
seven578 leaves the table
SYROJA: folds 
ekidona: folds 
juninho13713: folds 
Dorex2007: raises $0.20 to $0.30
lladnar1130: calls $0.30
kampoker52: calls $0.25
Wallin280: folds 
*** FLOP *** [Ks 4c 5d]
kampoker52: checks 
Dorex2007: checks 
lladnar1130: bets $0.55
kampoker52: calls $0.55
Dorex2007: folds 
*** TURN *** [Ks 4c 5d] [Kd]
kampoker52: checks 
lladnar1130: checks 
*** RIVER *** [Ks 4c 5d Kd] [8d]
kampoker52: bets $2.01
lladnar1130: folds 
Uncalled bet ($2.01) returned to kampoker52
kampoker52 collected $2.01 from pot
*** SUMMARY ***
Total pot $2.10 | Rake $0.09 
Board [Ks 4c 5d Kd 8d]
Seat 1: seven578 folded before Flop (didn't bet)
Seat 2: SYROJA folded before Flop (didn't bet)
Seat 3: ekidona folded before Flop (didn't bet)
Seat 4: juninho13713 folded before Flop (didn't bet)
Seat 5: Dorex2007 folded on the Flop
Seat 6: lladnar1130 (button) folded on the River
Seat 7: kampoker52 (small blind) collected ($2.01)
Seat 8: Wallin280 (big blind) folded before Flop
Seat 9: endeudado folded before Flop (didn't bet)



PokerStars Hand #237957702713:  Hold'em No Limit ($0.05/$0.10 USD) - 2022/08/12 20:15:54 PT [2022/08/12 23:15:54 ET]
Table 'Azmidiske II' 9-max Seat #7 is the button
Seat 2: SYROJA ($10 in chips) 
Seat 3: ekidona ($8.07 in chips) 
Seat 4: juninho13713 ($10 in chips) 
Seat 5: Dorex2007 ($11.26 in chips) 
Seat 6: lladnar1130 ($15.59 in chips) 
Seat 7: kampoker52 ($19.69 in chips) 
Seat 8: Wallin280 ($8 in chips) 
Seat 9: endeudado ($13.62 in chips) 
Wallin280: posts small blind $0.05
endeudado: posts big blind $0.10
*** HOLE CARDS ***
Dealt to Dorex2007 [Jh 9h]
SYROJA: folds 
ekidona: folds 
juninho13713: raises $0.20 to $0.30
Fizzyg786204 joins the table at seat #1 
Dorex2007: calls $0.30
lladnar1130: calls $0.30
kampoker52: folds 
Wallin280: folds 
Fizzyg786204 is disconnected 
endeudado: folds 
*** FLOP *** [4c 3h Ac]
juninho13713: bets $0.60
Dorex2007: folds 
lladnar1130: folds 
Uncalled bet ($0.60) returned to juninho13713
juninho13713 collected $1 from pot
juninho13713: doesn't show hand 
*** SUMMARY ***
Total pot $1.05 | Rake $0.05 
Board [4c 3h Ac]
Seat 2: SYROJA folded before Flop (didn't bet)
Seat 3: ekidona folded before Flop (didn't bet)
Seat 4: juninho13713 collected ($1)
Seat 5: Dorex2007 folded on the Flop
Seat 6: lladnar1130 folded on the Flop
Seat 7: kampoker52 (button) folded before Flop (didn't bet)
Seat 8: Wallin280 (small blind) folded before Flop
Seat 9: endeudado (big blind) folded before Flop



PokerStars Hand #237957711670:  Hold'em No Limit ($0.05/$0.10 USD) - 2022/08/12 20:16:49 PT [2022/08/12 23:16:49 ET]
Table 'Azmidiske II' 9-max Seat #8 is the button
Seat 1: Fizzyg786204 ($10 in chips) 
Seat 2: SYROJA ($10 in chips) 
Seat 3: ekidona ($8.07 in chips) 
Seat 4: juninho13713 ($10.70 in chips) 
Seat 5: Dorex2007 ($10.96 in chips) 
Seat 6: lladnar1130 ($15.29 in chips) 
Seat 7: kampoker52 ($19.69 in chips) 
Seat 8: Wallin280 ($7.95 in chips) 
Seat 9: endeudado ($13.52 in chips) 
endeudado: posts small blind $0.05
Fizzyg786204: posts big blind $0.10
*** HOLE CARDS ***
Dealt to Dorex2007 [5c 3d]
SYROJA: folds 
ekidona: folds 
juninho13713: folds 
Dorex2007: folds 
lladnar1130: raises $0.20 to $0.30
kampoker52: folds 
Wallin280: folds 
endeudado: folds 
Fizzyg786204: calls $0.20
*** FLOP *** [Kc 5s 3h]
Fizzyg786204: checks 
lladnar1130: bets $0.35
Fizzyg786204: calls $0.35
*** TURN *** [Kc 5s 3h] [Th]
Fizzyg786204: bets $0.30
lladnar1130: calls $0.30
*** RIVER *** [Kc 5s 3h Th] [7h]
Fizzyg786204: checks 
lladnar1130: bets $1.25
Fizzyg786204: calls $1.25
*** SHOW DOWN ***
lladnar1130: shows [Qh Ad] (high card Ace)
Fizzyg786204: shows [9h Tc] (a pair of Tens)
Fizzyg786204 collected $4.25 from pot
*** SUMMARY ***
Total pot $4.45 | Rake $0.20 
Board [Kc 5s 3h Th 7h]
Seat 1: Fizzyg786204 (big blind) showed [9h Tc] and won ($4.25) with a pair of Tens
Seat 2: SYROJA folded before Flop (didn't bet)
Seat 3: ekidona folded before Flop (didn't bet)
Seat 4: juninho13713 folded before Flop (didn't bet)
Seat 5: Dorex2007 folded before Flop (didn't bet)
Seat 6: lladnar1130 showed [Qh Ad] and lost with high card Ace
Seat 7: kampoker52 folded before Flop (didn't bet)
Seat 8: Wallin280 (button) folded before Flop (didn't bet)
Seat 9: endeudado (small blind) folded before Flop



PokerStars Hand #237957717376:  Hold'em No Limit ($0.05/$0.10 USD) - 2022/08/12 20:17:24 PT [2022/08/12 23:17:24 ET]
Table 'Azmidiske II' 9-max Seat #9 is the button
Seat 1: Fizzyg786204 ($12.05 in chips) 
Seat 2: SYROJA ($10 in chips) 
Seat 3: ekidona ($8.07 in chips) 
Seat 4: juninho13713 ($10.70 in chips) 
Seat 5: Dorex2007 ($10.96 in chips) 
Seat 6: lladnar1130 ($13.09 in chips) 
Seat 7: kampoker52 ($19.69 in chips) 
Seat 8: Wallin280 ($7.95 in chips) 
Seat 9: endeudado ($13.47 in chips) 
Fizzyg786204: posts small blind $0.05
SYROJA: posts big blind $0.10
*** HOLE CARDS ***
Dealt to Dorex2007 [9d 7s]
ekidona: folds 
juninho13713: folds 
Dorex2007: folds 
lladnar1130: raises $0.13 to $0.23
kampoker52: folds 
Wallin280: folds 
endeudado: folds 
Fizzyg786204: calls $0.18
SYROJA: calls $0.13
*** FLOP *** [6c Qc 7h]
Fizzyg786204: checks 
SYROJA: checks 
lladnar1130: bets $0.38
Fizzyg786204: calls $0.38
SYROJA: raises $9.39 to $9.77 and is all-in
lladnar1130: folds 
Fizzyg786204: folds 
Uncalled bet ($9.39) returned to SYROJA
SYROJA collected $1.75 from pot
SYROJA: doesn't show hand 
*** SUMMARY ***
Total pot $1.83 | Rake $0.08 
Board [6c Qc 7h]
Seat 1: Fizzyg786204 (small blind) folded on the Flop
Seat 2: SYROJA (big blind) collected ($1.75)
Seat 3: ekidona folded before Flop (didn't bet)
Seat 4: juninho13713 folded before Flop (didn't bet)
Seat 5: Dorex2007 folded before Flop (didn't bet)
Seat 6: lladnar1130 folded on the Flop
Seat 7: kampoker52 folded before Flop (didn't bet)
Seat 8: Wallin280 folded before Flop (didn't bet)
Seat 9: endeudado (button) folded before Flop (didn't bet)



PokerStars Hand #237957724846:  Hold'em No Limit ($0.05/$0.10 USD) - 2022/08/12 20:18:11 PT [2022/08/12 23:18:11 ET]
Table 'Azmidiske II' 9-max Seat #1 is the button
Seat 1: Fizzyg786204 ($11.44 in chips) 
Seat 2: SYROJA ($11.14 in chips) 
Seat 3: ekidona ($8.07 in chips) 
Seat 4: juninho13713 ($10.70 in chips) 
Seat 5: Dorex2007 ($10.96 in chips) 
Seat 6: lladnar1130 ($12.48 in chips) 
Seat 7: kampoker52 ($19.69 in chips) 
Seat 8: Wallin280 ($7.95 in chips) 
Seat 9: endeudado ($13.47 in chips) 
SYROJA: posts small blind $0.05
ekidona: posts big blind $0.10
*** HOLE CARDS ***
Dealt to Dorex2007 [6s Ah]
juninho13713: folds 
Dorex2007: folds 
lladnar1130: folds 
kampoker52: folds 
Wallin280: folds 
endeudado: folds 
Fizzyg786204: folds 
SYROJA: folds 
Uncalled bet ($0.05) returned to ekidona
ekidona collected $0.10 from pot
*** SUMMARY ***
Total pot $0.10 | Rake $0 
Seat 1: Fizzyg786204 (button) folded before Flop (didn't bet)
Seat 2: SYROJA (small blind) folded before Flop
Seat 3: ekidona (big blind) collected ($0.10)
Seat 4: juninho13713 folded before Flop (didn't bet)
Seat 5: Dorex2007 folded before Flop (didn't bet)
Seat 6: lladnar1130 folded before Flop (didn't bet)
Seat 7: kampoker52 folded before Flop (didn't bet)
Seat 8: Wallin280 folded before Flop (didn't bet)
Seat 9: endeudado folded before Flop (didn't bet)



PokerStars Hand #237957727847:  Hold'em No Limit ($0.05/$0.10 USD) - 2022/08/12 20:18:29 PT [2022/08/12 23:18:29 ET]
Table 'Azmidiske II' 9-max Seat #2 is the button
Seat 1: Fizzyg786204 ($11.44 in chips) 
Seat 2: SYROJA ($11.09 in chips) 
Seat 3: ekidona ($8.12 in chips) 
Seat 4: juninho13713 ($10.70 in chips) 
Seat 5: Dorex2007 ($10.96 in chips) 
Seat 6: lladnar1130 ($12.48 in chips) 
Seat 7: kampoker52 ($19.69 in chips) 
Seat 8: Wallin280 ($7.95 in chips) 
Seat 9: endeudado ($13.47 in chips) 
ekidona: posts small blind $0.05
juninho13713: posts big blind $0.10
*** HOLE CARDS ***
Dealt to Dorex2007 [Js 7d]
Dorex2007: folds 
lladnar1130: folds 
kampoker52: folds 
Wallin280: calls $0.10
endeudado: folds 
Fizzyg786204: calls $0.10
SYROJA: folds 
ekidona: folds 
juninho13713: checks 
*** FLOP *** [8c Jd 8d]
juninho13713: bets $0.33
Wallin280: folds 
Fizzyg786204: folds 
Uncalled bet ($0.33) returned to juninho13713
juninho13713 collected $0.33 from pot
juninho13713: doesn't show hand 
*** SUMMARY ***
Total pot $0.35 | Rake $0.02 
Board [8c Jd 8d]
Seat 1: Fizzyg786204 folded on the Flop
Seat 2: SYROJA (button) folded before Flop (didn't bet)
Seat 3: ekidona (small blind) folded before Flop
Seat 4: juninho13713 (big blind) collected ($0.33)
Seat 5: Dorex2007 folded before Flop (didn't bet)
Seat 6: lladnar1130 folded before Flop (didn't bet)
Seat 7: kampoker52 folded before Flop (didn't bet)
Seat 8: Wallin280 folded on the Flop
Seat 9: endeudado folded before Flop (didn't bet)



PokerStars Hand #237957732584:  Hold'em No Limit ($0.05/$0.10 USD) - 2022/08/12 20:18:58 PT [2022/08/12 23:18:58 ET]
Table 'Azmidiske II' 9-max Seat #3 is the button
Seat 1: Fizzyg786204 ($11.34 in chips) 
Seat 2: SYROJA ($11.09 in chips) 
Seat 3: ekidona ($8.07 in chips) 
Seat 4: juninho13713 ($10.93 in chips) 
Seat 5: Dorex2007 ($10.96 in chips) 
Seat 6: lladnar1130 ($12.48 in chips) 
Seat 7: kampoker52 ($19.69 in chips) 
Seat 8: Wallin280 ($7.85 in chips) 
Seat 9: endeudado ($13.47 in chips) 
juninho13713: posts small blind $0.05
Dorex2007: posts big blind $0.10
*** HOLE CARDS ***
Dealt to Dorex2007 [4s 3h]
lladnar1130: folds 
kampoker52: folds 
Wallin280: folds 
endeudado: folds 
Fizzyg786204: calls $0.10
SYROJA: folds 
ekidona: folds 
juninho13713: folds 
Dorex2007: checks 
*** FLOP *** [Ac Ah Th]
Dorex2007: checks 
Fizzyg786204: checks 
*** TURN *** [Ac Ah Th] [7d]
Dorex2007: checks 
Fizzyg786204: checks 
*** RIVER *** [Ac Ah Th 7d] [5s]
Dorex2007: bets $0.16
Fizzyg786204: calls $0.16
*** SHOW DOWN ***
Dorex2007: shows [4s 3h] (a pair of Aces)
Fizzyg786204: shows [Qc 7c] (two pair, Aces and Sevens)
Fizzyg786204 collected $0.54 from pot
*** SUMMARY ***
Total pot $0.57 | Rake $0.03 
Board [Ac Ah Th 7d 5s]
Seat 1: Fizzyg786204 showed [Qc 7c] and won ($0.54) with two pair, Aces and Sevens
Seat 2: SYROJA folded before Flop (didn't bet)
Seat 3: ekidona (button) folded before Flop (didn't bet)
Seat 4: juninho13713 (small blind) folded before Flop
Seat 5: Dorex2007 (big blind) showed [4s 3h] and lost with a pair of Aces
Seat 6: lladnar1130 folded before Flop (didn't bet)
Seat 7: kampoker52 folded before Flop (didn't bet)
Seat 8: Wallin280 folded before Flop (didn't bet)
Seat 9: endeudado folded before Flop (didn't bet)



PokerStars Hand #237957737887:  Hold'em No Limit ($0.05/$0.10 USD) - 2022/08/12 20:19:32 PT [2022/08/12 23:19:32 ET]
Table 'Azmidiske II' 9-max Seat #4 is the button
Seat 1: Fizzyg786204 ($11.62 in chips) 
Seat 2: SYROJA ($11.09 in chips) 
Seat 3: ekidona ($8.07 in chips) 
Seat 4: juninho13713 ($10.88 in chips) 
Seat 5: Dorex2007 ($10.70 in chips) 
Seat 6: lladnar1130 ($12.48 in chips) 
Seat 7: kampoker52 ($19.69 in chips) 
Seat 8: Wallin280 ($7.85 in chips) 
Seat 9: endeudado ($13.47 in chips) 
Dorex2007: posts small blind $0.05
lladnar1130: posts big blind $0.10
*** HOLE CARDS ***
Dealt to Dorex2007 [6d 8c]
kampoker52: folds 
Wallin280: folds 
endeudado: folds 
Fizzyg786204: raises $0.20 to $0.30
SYROJA: folds 
ekidona: folds 
juninho13713: folds 
Dorex2007: folds 
lladnar1130: folds 
Uncalled bet ($0.20) returned to Fizzyg786204
Fizzyg786204 collected $0.25 from pot
*** SUMMARY ***
Total pot $0.25 | Rake $0 
Seat 1: Fizzyg786204 collected ($0.25)
Seat 2: SYROJA folded before Flop (didn't bet)
Seat 3: ekidona folded before Flop (didn't bet)
Seat 4: juninho13713 (button) folded before Flop (didn't bet)
Seat 5: Dorex2007 (small blind) folded before Flop
Seat 6: lladnar1130 (big blind) folded before Flop
Seat 7: kampoker52 folded before Flop (didn't bet)
Seat 8: Wallin280 folded before Flop (didn't bet)
Seat 9: endeudado folded before Flop (didn't bet)



PokerStars Hand #237957740637:  Hold'em No Limit ($0.05/$0.10 USD) - 2022/08/12 20:19:49 PT [2022/08/12 23:19:49 ET]
Table 'Azmidiske II' 9-max Seat #5 is the button
Seat 1: Fizzyg786204 ($11.77 in chips) 
Seat 2: SYROJA ($11.09 in chips) 
Seat 3: ekidona ($8.07 in chips) 
Seat 4: juninho13713 ($10.88 in chips) 
Seat 5: Dorex2007 ($10.65 in chips) 
Seat 6: lladnar1130 ($12.38 in chips) 
Seat 7: kampoker52 ($19.69 in chips) 
Seat 8: Wallin280 ($7.85 in chips) 
Seat 9: endeudado ($13.47 in chips) 
lladnar1130: posts small blind $0.05
kampoker52: posts big blind $0.10
*** HOLE CARDS ***
Dealt to Dorex2007 [4c 6c]
Wallin280: folds 
endeudado: folds 
Fizzyg786204: calls $0.10
SYROJA: folds 
ekidona: raises $0.20 to $0.30
juninho13713: folds 
Dorex2007: folds 
lladnar1130: folds 
kampoker52: folds 
Fizzyg786204: calls $0.20
*** FLOP *** [2c 6d 4d]
Fizzyg786204: bets $5.80
ekidona: folds 
Uncalled bet ($5.80) returned to Fizzyg786204
Fizzyg786204 collected $0.72 from pot
Fizzyg786204: doesn't show hand 
*** SUMMARY ***
Total pot $0.75 | Rake $0.03 
Board [2c 6d 4d]
Seat 1: Fizzyg786204 collected ($0.72)
Seat 2: SYROJA folded before Flop (didn't bet)
Seat 3: ekidona folded on the Flop
Seat 4: juninho13713 folded before Flop (didn't bet)
Seat 5: Dorex2007 (button) folded before Flop (didn't bet)
Seat 6: lladnar1130 (small blind) folded before Flop
Seat 7: kampoker52 (big blind) folded before Flop
Seat 8: Wallin280 folded before Flop (didn't bet)
Seat 9: endeudado folded before Flop (didn't bet)



PokerStars Hand #237957746873:  Hold'em No Limit ($0.05/$0.10 USD) - 2022/08/12 20:20:27 PT [2022/08/12 23:20:27 ET]
Table 'Azmidiske II' 9-max Seat #6 is the button
Seat 1: Fizzyg786204 ($12.19 in chips) 
Seat 2: SYROJA ($11.09 in chips) 
Seat 3: ekidona ($7.77 in chips) 
Seat 4: juninho13713 ($10.88 in chips) 
Seat 5: Dorex2007 ($10.65 in chips) 
Seat 6: lladnar1130 ($12.33 in chips) 
Seat 7: kampoker52 ($19.59 in chips) 
Seat 8: Wallin280 ($7.85 in chips) 
Seat 9: endeudado ($13.47 in chips) 
kampoker52: posts small blind $0.05
Wallin280: posts big blind $0.10
*** HOLE CARDS ***
Dealt to Dorex2007 [2s Jh]
endeudado: folds 
Fizzyg786204: folds 
SYROJA: folds 
ekidona: folds 
juninho13713: raises $0.20 to $0.30
Dorex2007: folds 
lladnar1130: folds 
kampoker52: folds 
Wallin280: folds 
Uncalled bet ($0.20) returned to juninho13713
juninho13713 collected $0.25 from pot
juninho13713: doesn't show hand 
*** SUMMARY ***
Total pot $0.25 | Rake $0 
Seat 1: Fizzyg786204 folded before Flop (didn't bet)
Seat 2: SYROJA folded before Flop (didn't bet)
Seat 3: ekidona folded before Flop (didn't bet)
Seat 4: juninho13713 collected ($0.25)
Seat 5: Dorex2007 folded before Flop (didn't bet)
Seat 6: lladnar1130 (button) folded before Flop (didn't bet)
Seat 7: kampoker52 (small blind) folded before Flop
Seat 8: Wallin280 (big blind) folded before Flop
Seat 9: endeudado folded before Flop (didn't bet)



PokerStars Hand #237957751310:  Hold'em No Limit ($0.05/$0.10 USD) - 2022/08/12 20:20:55 PT [2022/08/12 23:20:55 ET]
Table 'Azmidiske II' 9-max Seat #7 is the button
Seat 1: Fizzyg786204 ($12.19 in chips) 
Seat 2: SYROJA ($11.09 in chips) 
Seat 3: ekidona ($7.77 in chips) 
Seat 4: juninho13713 ($11.03 in chips) 
Seat 5: Dorex2007 ($10.65 in chips) 
Seat 6: lladnar1130 ($12.33 in chips) 
Seat 7: kampoker52 ($19.54 in chips) 
Seat 8: Wallin280 ($7.75 in chips) 
Seat 9: endeudado ($13.47 in chips) 
Wallin280: posts small blind $0.05
endeudado: posts big blind $0.10
*** HOLE CARDS ***
Dealt to Dorex2007 [7s 7h]
Fizzyg786204: calls $0.10
SYROJA: folds 
ekidona: folds 
juninho13713: folds 
Dorex2007: calls $0.10
lladnar1130: calls $0.10
kampoker52: folds 
Wallin280: folds 
endeudado: checks 
*** FLOP *** [Js 5s 3c]
endeudado: checks 
Fizzyg786204 has timed out
Fizzyg786204: checks 
Dorex2007: checks 
lladnar1130: bets $0.25
endeudado: folds 
Fizzyg786204: raises $4.85 to $5.10
Dorex2007: folds 
lladnar1130: folds 
Uncalled bet ($4.85) returned to Fizzyg786204
Fizzyg786204 collected $0.91 from pot
*** SUMMARY ***
Total pot $0.95 | Rake $0.04 
Board [Js 5s 3c]
Seat 1: Fizzyg786204 collected ($0.91)
Seat 2: SYROJA folded before Flop (didn't bet)
Seat 3: ekidona folded before Flop (didn't bet)
Seat 4: juninho13713 folded before Flop (didn't bet)
Seat 5: Dorex2007 folded on the Flop
Seat 6: lladnar1130 folded on the Flop
Seat 7: kampoker52 (button) folded before Flop (didn't bet)
Seat 8: Wallin280 (small blind) folded before Flop
Seat 9: endeudado (big blind) folded on the Flop



PokerStars Hand #237957769900:  Hold'em No Limit ($0.05/$0.10 USD) - 2022/08/12 20:22:49 PT [2022/08/12 23:22:49 ET]
Table 'Azmidiske II' 9-max Seat #8 is the button
Seat 1: Fizzyg786204 ($12.75 in chips) 
Seat 2: SYROJA ($11.09 in chips) 
Seat 3: ekidona ($7.77 in chips) 
Seat 4: juninho13713 ($11.03 in chips) 
Seat 5: Dorex2007 ($10.55 in chips) 
Seat 6: lladnar1130 ($11.98 in chips) 
Seat 7: kampoker52 ($19.54 in chips) 
Seat 8: Wallin280 ($7.70 in chips) 
Seat 9: endeudado ($13.37 in chips) 
endeudado: posts small blind $0.05
Fizzyg786204: posts big blind $0.10
*** HOLE CARDS ***
Dealt to Dorex2007 [Qc 2d]
SYROJA: folds 
ekidona: folds 
juninho13713: folds 
Dorex2007: folds 
lladnar1130: folds 
kampoker52: calls $0.10
Wallin280: raises $0.35 to $0.45
endeudado: raises $1.10 to $1.55
Fizzyg786204: folds 
kampoker52: folds 
Wallin280: folds 
Uncalled bet ($1.10) returned to endeudado
endeudado collected $1.10 from pot
endeudado: doesn't show hand 
*** SUMMARY ***
Total pot $1.10 | Rake $0 
Seat 1: Fizzyg786204 (big blind) folded before Flop
Seat 2: SYROJA folded before Flop (didn't bet)
Seat 3: ekidona folded before Flop (didn't bet)
Seat 4: juninho13713 folded before Flop (didn't bet)
Seat 5: Dorex2007 folded before Flop (didn't bet)
Seat 6: lladnar1130 folded before Flop (didn't bet)
Seat 7: kampoker52 folded before Flop
Seat 8: Wallin280 (button) folded before Flop
Seat 9: endeudado (small blind) collected ($1.10)



PokerStars Hand #237957777641:  Hold'em No Limit ($0.05/$0.10 USD) - 2022/08/12 20:23:37 PT [2022/08/12 23:23:37 ET]
Table 'Azmidiske II' 9-max Seat #9 is the button
Seat 1: Fizzyg786204 ($12.65 in chips) 
Seat 2: SYROJA ($11.09 in chips) 
Seat 3: ekidona ($7.77 in chips) 
Seat 4: juninho13713 ($11.03 in chips) 
Seat 5: Dorex2007 ($10.55 in chips) 
Seat 6: lladnar1130 ($11.98 in chips) 
Seat 7: kampoker52 ($19.44 in chips) 
Seat 8: Wallin280 ($7.25 in chips) 
Seat 9: endeudado ($14.02 in chips) 
Fizzyg786204: posts small blind $0.05
SYROJA: posts big blind $0.10
*** HOLE CARDS ***
Dealt to Dorex2007 [Qh Th]
ekidona: folds 
juninho13713: folds 
Dorex2007: raises $0.30 to $0.40
lladnar1130: folds 
kampoker52: folds 
Wallin280: folds 
endeudado: folds 
Fizzyg786204: calls $0.35
SYROJA: folds 
*** FLOP *** [6d 3d Ah]
Fizzyg786204: checks 
Dorex2007: bets $0.43
Fizzyg786204: folds 
Uncalled bet ($0.43) returned to Dorex2007
Dorex2007 collected $0.86 from pot
Dorex2007: doesn't show hand 
*** SUMMARY ***
Total pot $0.90 | Rake $0.04 
Board [6d 3d Ah]
Seat 1: Fizzyg786204 (small blind) folded on the Flop
Seat 2: SYROJA (big blind) folded before Flop
Seat 3: ekidona folded before Flop (didn't bet)
Seat 4: juninho13713 folded before Flop (didn't bet)
Seat 5: Dorex2007 collected ($0.86)
Seat 6: lladnar1130 folded before Flop (didn't bet)
Seat 7: kampoker52 folded before Flop (didn't bet)
Seat 8: Wallin280 folded before Flop (didn't bet)
Seat 9: endeudado (button) folded before Flop (didn't bet)



PokerStars Hand #237957781175:  Hold'em No Limit ($0.05/$0.10 USD) - 2022/08/12 20:23:59 PT [2022/08/12 23:23:59 ET]
Table 'Azmidiske II' 9-max Seat #1 is the button
Seat 1: Fizzyg786204 ($12.25 in chips) 
Seat 2: SYROJA ($10.99 in chips) 
Seat 3: ekidona ($7.77 in chips) 
Seat 4: juninho13713 ($11.03 in chips) 
Seat 5: Dorex2007 ($11.01 in chips) 
Seat 6: lladnar1130 ($11.98 in chips) 
Seat 7: kampoker52 ($19.44 in chips) 
Seat 8: Wallin280 ($7.25 in chips) 
Seat 9: endeudado ($14.02 in chips) 
SYROJA: posts small blind $0.05
ekidona: posts big blind $0.10
*** HOLE CARDS ***
Dealt to Dorex2007 [Kc 8h]
juninho13713: folds 
Dorex2007: folds 
lladnar1130: folds 
kampoker52: folds 
Wallin280: folds 
endeudado: folds 
Fizzyg786204: calls $0.10
SYROJA: folds 
ekidona: checks 
*** FLOP *** [Ad Js 3s]
ekidona: checks 
Fizzyg786204: checks 
*** TURN *** [Ad Js 3s] [2s]
ekidona: checks 
Fizzyg786204: checks 
*** RIVER *** [Ad Js 3s 2s] [Qc]
ekidona: checks 
Fizzyg786204: checks 
*** SHOW DOWN ***
ekidona: shows [Jc Kd] (a pair of Jacks)
Fizzyg786204: mucks hand 
ekidona collected $0.24 from pot
*** SUMMARY ***
Total pot $0.25 | Rake $0.01 
Board [Ad Js 3s 2s Qc]
Seat 1: Fizzyg786204 (button) mucked [9c Ts]
Seat 2: SYROJA (small blind) folded before Flop
Seat 3: ekidona (big blind) showed [Jc Kd] and won ($0.24) with a pair of Jacks
Seat 4: juninho13713 folded before Flop (didn't bet)
Seat 5: Dorex2007 folded before Flop (didn't bet)
Seat 6: lladnar1130 folded before Flop (didn't bet)
Seat 7: kampoker52 folded before Flop (didn't bet)
Seat 8: Wallin280 folded before Flop (didn't bet)
Seat 9: endeudado folded before Flop (didn't bet)



PokerStars Hand #237957786593:  Hold'em No Limit ($0.05/$0.10 USD) - 2022/08/12 20:24:34 PT [2022/08/12 23:24:34 ET]
Table 'Azmidiske II' 9-max Seat #2 is the button
Seat 1: Fizzyg786204 ($12.15 in chips) 
Seat 2: SYROJA ($10.94 in chips) 
Seat 3: ekidona ($7.91 in chips) 
Seat 4: juninho13713 ($11.03 in chips) 
Seat 5: Dorex2007 ($11.01 in chips) 
Seat 6: lladnar1130 ($11.98 in chips) 
Seat 7: kampoker52 ($19.44 in chips) 
Seat 8: Wallin280 ($7.25 in chips) 
Seat 9: endeudado ($14.02 in chips) 
ekidona: posts small blind $0.05
juninho13713: posts big blind $0.10
*** HOLE CARDS ***
Dealt to Dorex2007 [4d 6h]
Dorex2007: folds 
lladnar1130: folds 
kampoker52: raises $0.20 to $0.30
Wallin280: calls $0.30
endeudado: folds 
Fizzyg786204: raises $2.10 to $2.40
SYROJA: folds 
ekidona: folds 
juninho13713: calls $2.30
kampoker52: folds 
Wallin280: folds 
*** FLOP *** [3c Jh Kh]
juninho13713: bets $2.60
Fizzyg786204: calls $2.60
*** TURN *** [3c Jh Kh] [As]
juninho13713: bets $5.08
Fizzyg786204: calls $5.08
*** RIVER *** [3c Jh Kh As] [9s]
juninho13713: bets $0.95 and is all-in
Fizzyg786204: calls $0.95
*** SHOW DOWN ***
juninho13713: shows [Kc Ad] (two pair, Aces and Kings)
Fizzyg786204: shows [Qd Qs] (a pair of Queens)
juninho13713 collected $21.69 from pot
*** SUMMARY ***
Total pot $22.71 | Rake $1.02 
Board [3c Jh Kh As 9s]
Seat 1: Fizzyg786204 showed [Qd Qs] and lost with a pair of Queens
Seat 2: SYROJA (button) folded before Flop (didn't bet)
Seat 3: ekidona (small blind) folded before Flop
Seat 4: juninho13713 (big blind) showed [Kc Ad] and won ($21.69) with two pair, Aces and Kings
Seat 5: Dorex2007 folded before Flop (didn't bet)
Seat 6: lladnar1130 folded before Flop (didn't bet)
Seat 7: kampoker52 folded before Flop
Seat 8: Wallin280 folded before Flop
Seat 9: endeudado folded before Flop (didn't bet)



PokerStars Hand #237957800167:  Hold'em No Limit ($0.05/$0.10 USD) - 2022/08/12 20:25:52 PT [2022/08/12 23:25:52 ET]
Table 'Azmidiske II' 9-max Seat #3 is the button
Seat 1: Fizzyg786204 ($1.12 in chips) 
Seat 2: SYROJA ($10.94 in chips) 
Seat 3: ekidona ($7.86 in chips) 
Seat 4: juninho13713 ($21.69 in chips) 
Seat 5: Dorex2007 ($11.01 in chips) 
Seat 6: lladnar1130 ($11.98 in chips) 
Seat 7: kampoker52 ($19.14 in chips) 
Seat 8: Wallin280 ($6.95 in chips) 
Seat 9: endeudado ($14.02 in chips) 
juninho13713: posts small blind $0.05
Dorex2007: posts big blind $0.10
*** HOLE CARDS ***
Dealt to Dorex2007 [Qh 3h]
lladnar1130: folds 
kampoker52: folds 
Wallin280: folds 
endeudado: folds 
Fizzyg786204: raises $1.02 to $1.12 and is all-in
SYROJA: folds 
ekidona: folds 
juninho13713: folds 
Dorex2007: folds 
Uncalled bet ($1.02) returned to Fizzyg786204
Fizzyg786204 collected $0.25 from pot
*** SUMMARY ***
Total pot $0.25 | Rake $0 
Seat 1: Fizzyg786204 collected ($0.25)
Seat 2: SYROJA folded before Flop (didn't bet)
Seat 3: ekidona (button) folded before Flop (didn't bet)
Seat 4: juninho13713 (small blind) folded before Flop
Seat 5: Dorex2007 (big blind) folded before Flop
Seat 6: lladnar1130 folded before Flop (didn't bet)
Seat 7: kampoker52 folded before Flop (didn't bet)
Seat 8: Wallin280 folded before Flop (didn't bet)
Seat 9: endeudado folded before Flop (didn't bet)



PokerStars Hand #237957803495:  Hold'em No Limit ($0.05/$0.10 USD) - 2022/08/12 20:26:13 PT [2022/08/12 23:26:13 ET]
Table 'Azmidiske II' 9-max Seat #4 is the button
Seat 1: Fizzyg786204 ($1.27 in chips) 
Seat 2: SYROJA ($10.94 in chips) 
Seat 3: ekidona ($7.86 in chips) 
Seat 4: juninho13713 ($21.64 in chips) 
Seat 5: Dorex2007 ($10.91 in chips) 
Seat 6: lladnar1130 ($11.98 in chips) 
Seat 7: kampoker52 ($19.14 in chips) 
Seat 8: Wallin280 ($6.95 in chips) 
Seat 9: endeudado ($14.02 in chips) 
Dorex2007: posts small blind $0.05
lladnar1130: posts big blind $0.10
*** HOLE CARDS ***
Dealt to Dorex2007 [3h 5d]
kampoker52: folds 
Wallin280: raises $0.25 to $0.35
endeudado: folds 
Fizzyg786204: calls $0.35
SYROJA: folds 
ekidona: folds 
juninho13713: folds 
Dorex2007: folds 
lladnar1130: folds 
*** FLOP *** [Kh 8h 5c]
Wallin280: bets $0.81
Fizzyg786204: folds 
Uncalled bet ($0.81) returned to Wallin280
Wallin280 collected $0.81 from pot
Wallin280: doesn't show hand 
*** SUMMARY ***
Total pot $0.85 | Rake $0.04 
Board [Kh 8h 5c]
Seat 1: Fizzyg786204 folded on the Flop
Seat 2: SYROJA folded before Flop (didn't bet)
Seat 3: ekidona folded before Flop (didn't bet)
Seat 4: juninho13713 (button) folded before Flop (didn't bet)
Seat 5: Dorex2007 (small blind) folded before Flop
Seat 6: lladnar1130 (big blind) folded before Flop
Seat 7: kampoker52 folded before Flop (didn't bet)
Seat 8: Wallin280 collected ($0.81)
Seat 9: endeudado folded before Flop (didn't bet)



PokerStars Hand #237957808406:  Hold'em No Limit ($0.05/$0.10 USD) - 2022/08/12 20:26:44 PT [2022/08/12 23:26:44 ET]
Table 'Azmidiske II' 9-max Seat #5 is the button
Seat 1: Fizzyg786204 ($0.92 in chips) 
Seat 2: SYROJA ($10.94 in chips) 
Seat 3: ekidona ($7.86 in chips) 
Seat 4: juninho13713 ($21.64 in chips) 
Seat 5: Dorex2007 ($10.86 in chips) 
Seat 6: lladnar1130 ($11.88 in chips) 
Seat 7: kampoker52 ($19.14 in chips) 
Seat 8: Wallin280 ($7.41 in chips) 
Seat 9: endeudado ($14.02 in chips) 
lladnar1130: posts small blind $0.05
kampoker52: posts big blind $0.10
*** HOLE CARDS ***
Dealt to Dorex2007 [2s Ac]
Wallin280: folds 
endeudado: folds 
Fizzyg786204: raises $0.82 to $0.92 and is all-in
SYROJA: folds 
ekidona: folds 
juninho13713: folds 
Dorex2007: folds 
lladnar1130: folds 
kampoker52: folds 
Uncalled bet ($0.82) returned to Fizzyg786204
Fizzyg786204 collected $0.25 from pot
*** SUMMARY ***
Total pot $0.25 | Rake $0 
Seat 1: Fizzyg786204 collected ($0.25)
Seat 2: SYROJA folded before Flop (didn't bet)
Seat 3: ekidona folded before Flop (didn't bet)
Seat 4: juninho13713 folded before Flop (didn't bet)
Seat 5: Dorex2007 (button) folded before Flop (didn't bet)
Seat 6: lladnar1130 (small blind) folded before Flop
Seat 7: kampoker52 (big blind) folded before Flop
Seat 8: Wallin280 folded before Flop (didn't bet)
Seat 9: endeudado folded before Flop (didn't bet)



PokerStars Hand #237957811217:  Hold'em No Limit ($0.05/$0.10 USD) - 2022/08/12 20:27:02 PT [2022/08/12 23:27:02 ET]
Table 'Azmidiske II' 9-max Seat #6 is the button
Seat 1: Fizzyg786204 ($1.07 in chips) 
Seat 2: SYROJA ($10.94 in chips) 
Seat 3: ekidona ($7.86 in chips) 
Seat 4: juninho13713 ($21.64 in chips) 
Seat 5: Dorex2007 ($10.86 in chips) 
Seat 6: lladnar1130 ($11.83 in chips) 
Seat 7: kampoker52 ($19.04 in chips) 
Seat 8: Wallin280 ($7.41 in chips) 
Seat 9: endeudado ($14.02 in chips) 
kampoker52: posts small blind $0.05
Wallin280: posts big blind $0.10
*** HOLE CARDS ***
Dealt to Dorex2007 [Tc 3h]
endeudado: folds 
Fizzyg786204: folds 
SYROJA: folds 
ekidona: folds 
juninho13713: folds 
Dorex2007: folds 
lladnar1130: raises $0.10 to $0.20
kampoker52: calls $0.15
Wallin280: calls $0.10
*** FLOP *** [5s 9c As]
kampoker52: checks 
Wallin280: checks 
lladnar1130: bets $0.32
kampoker52: calls $0.32
Wallin280: folds 
*** TURN *** [5s 9c As] [Kd]
kampoker52: checks 
lladnar1130: bets $0.79
kampoker52: calls $0.79
*** RIVER *** [5s 9c As Kd] [Td]
kampoker52: checks 
lladnar1130: checks 
*** SHOW DOWN ***
kampoker52: shows [Jd 9s] (a pair of Nines)
lladnar1130: shows [Ad 5c] (two pair, Aces and Fives)
lladnar1130 collected $2.69 from pot
*** SUMMARY ***
Total pot $2.82 | Rake $0.13 
Board [5s 9c As Kd Td]
Seat 1: Fizzyg786204 folded before Flop (didn't bet)
Seat 2: SYROJA folded before Flop (didn't bet)
Seat 3: ekidona folded before Flop (didn't bet)
Seat 4: juninho13713 folded before Flop (didn't bet)
Seat 5: Dorex2007 folded before Flop (didn't bet)
Seat 6: lladnar1130 (button) showed [Ad 5c] and won ($2.69) with two pair, Aces and Fives
Seat 7: kampoker52 (small blind) showed [Jd 9s] and lost with a pair of Nines
Seat 8: Wallin280 (big blind) folded on the Flop
Seat 9: endeudado folded before Flop (didn't bet)



PokerStars Hand #237957824040:  Hold'em No Limit ($0.05/$0.10 USD) - 2022/08/12 20:27:54 PT [2022/08/12 23:27:54 ET]
Table 'Azmidiske II' 9-max Seat #7 is the button
Seat 1: Fizzyg786204 ($1.07 in chips) 
Seat 2: SYROJA ($10.94 in chips) 
Seat 3: ekidona ($7.86 in chips) 
Seat 4: juninho13713 ($21.64 in chips) 
Seat 5: Dorex2007 ($10.86 in chips) 
Seat 7: kampoker52 ($17.73 in chips) 
Seat 8: Wallin280 ($7.21 in chips) 
Seat 9: endeudado ($14.02 in chips) 
Wallin280: posts small blind $0.05
endeudado: posts big blind $0.10
*** HOLE CARDS ***
Dealt to Dorex2007 [3c 2c]
lladnar1130 leaves the table
Fizzyg786204: folds 
SYROJA: folds 
ekidona: folds 
juninho13713: raises $0.30 to $0.40
Dorex2007: folds 
kampoker52: folds 
VesioLii1968 joins the table at seat #6 
Wallin280: folds 
endeudado: raises $1.10 to $1.50
juninho13713: calls $1.10
*** FLOP *** [8c Th 8s]
endeudado: bets $1.02
juninho13713: calls $1.02
*** TURN *** [8c Th 8s] [4d]
endeudado: bets $2.10
juninho13713: calls $2.10
*** RIVER *** [8c Th 8s 4d] [4s]
endeudado: checks 
juninho13713: bets $4.43
endeudado: calls $4.43
*** SHOW DOWN ***
juninho13713: shows [Qd Qc] (two pair, Queens and Eights)
endeudado: shows [Kh Kc] (two pair, Kings and Eights)
endeudado collected $17.33 from pot
*** SUMMARY ***
Total pot $18.15 | Rake $0.82 
Board [8c Th 8s 4d 4s]
Seat 1: Fizzyg786204 folded before Flop (didn't bet)
Seat 2: SYROJA folded before Flop (didn't bet)
Seat 3: ekidona folded before Flop (didn't bet)
Seat 4: juninho13713 showed [Qd Qc] and lost with two pair, Queens and Eights
Seat 5: Dorex2007 folded before Flop (didn't bet)
Seat 7: kampoker52 (button) folded before Flop (didn't bet)
Seat 8: Wallin280 (small blind) folded before Flop
Seat 9: endeudado (big blind) showed [Kh Kc] and won ($17.33) with two pair, Kings and Eights



PokerStars Hand #237957850591:  Hold'em No Limit ($0.05/$0.10 USD) - 2022/08/12 20:30:42 PT [2022/08/12 23:30:42 ET]
Table 'Azmidiske II' 9-max Seat #8 is the button
Seat 1: Fizzyg786204 ($1.07 in chips) 
Seat 2: SYROJA ($10.94 in chips) 
Seat 3: ekidona ($7.86 in chips) 
Seat 4: juninho13713 ($12.59 in chips) 
Seat 5: Dorex2007 ($10.86 in chips) 
Seat 7: kampoker52 ($17.73 in chips) 
Seat 8: Wallin280 ($7.16 in chips) 
Seat 9: endeudado ($22.30 in chips) 
endeudado: posts small blind $0.05
Fizzyg786204: posts big blind $0.10
VesioLii1968: sits out 
*** HOLE CARDS ***
Dealt to Dorex2007 [3c 6c]
SYROJA: folds 
SYROJA leaves the table
ekidona: raises $0.20 to $0.30
juninho13713: folds 
Dorex2007: folds 
kampoker52: folds 
Wallin280: folds 
endeudado: folds 
Fizzyg786204: raises $0.77 to $1.07 and is all-in
ekidona: calls $0.77
*** FLOP *** [9d 9h Tc]
*** TURN *** [9d 9h Tc] [7h]
*** RIVER *** [9d 9h Tc 7h] [6s]
*** SHOW DOWN ***
Fizzyg786204: shows [Jd 9s] (three of a kind, Nines)
ekidona: shows [8s 8c] (a straight, Six to Ten)
ekidona collected $2.09 from pot
*** SUMMARY ***
Total pot $2.19 | Rake $0.10 
Board [9d 9h Tc 7h 6s]
Seat 1: Fizzyg786204 (big blind) showed [Jd 9s] and lost with three of a kind, Nines
Seat 2: SYROJA folded before Flop (didn't bet)
Seat 3: ekidona showed [8s 8c] and won ($2.09) with a straight, Six to Ten
Seat 4: juninho13713 folded before Flop (didn't bet)
Seat 5: Dorex2007 folded before Flop (didn't bet)
Seat 7: kampoker52 folded before Flop (didn't bet)
Seat 8: Wallin280 (button) folded before Flop (didn't bet)
Seat 9: endeudado (small blind) folded before Flop



PokerStars Hand #237957855788:  Hold'em No Limit ($0.05/$0.10 USD) - 2022/08/12 20:31:15 PT [2022/08/12 23:31:15 ET]
Table 'Azmidiske II' 9-max Seat #9 is the button
Seat 3: ekidona ($8.88 in chips) 
Seat 4: juninho13713 ($12.59 in chips) 
Seat 5: Dorex2007 ($10.86 in chips) 
Seat 7: kampoker52 ($17.73 in chips) 
Seat 8: Wallin280 ($7.16 in chips) 
Seat 9: endeudado ($22.25 in chips) 
ekidona: posts small blind $0.05
juninho13713: posts big blind $0.10
VesioLii1968: sits out 
*** HOLE CARDS ***
Dealt to Dorex2007 [5c 4c]
Dorex2007: folds 
kampoker52: folds 
Fizzyg786204 leaves the table
Wallin280: calls $0.10
endeudado: folds 
ekidona: folds 
juninho13713: checks 
*** FLOP *** [6d 5h Ad]
juninho13713: bets $0.24
Wallin280: folds 
Uncalled bet ($0.24) returned to juninho13713
juninho13713 collected $0.24 from pot
juninho13713: doesn't show hand 
*** SUMMARY ***
Total pot $0.25 | Rake $0.01 
Board [6d 5h Ad]
Seat 3: ekidona (small blind) folded before Flop
Seat 4: juninho13713 (big blind) collected ($0.24)
Seat 5: Dorex2007 folded before Flop (didn't bet)
Seat 7: kampoker52 folded before Flop (didn't bet)
Seat 8: Wallin280 folded on the Flop
Seat 9: endeudado (button) folded before Flop (didn't bet)



PokerStars Hand #237957859368:  Hold'em No Limit ($0.05/$0.10 USD) - 2022/08/12 20:31:38 PT [2022/08/12 23:31:38 ET]
Table 'Azmidiske II' 9-max Seat #3 is the button
Seat 3: ekidona ($8.83 in chips) 
Seat 4: juninho13713 ($12.73 in chips) 
Seat 5: Dorex2007 ($10.86 in chips) 
Seat 7: kampoker52 ($17.73 in chips) 
Seat 8: Wallin280 ($7.06 in chips) 
Seat 9: endeudado ($22.25 in chips) 
juninho13713: posts small blind $0.05
Dorex2007: posts big blind $0.10
VesioLii1968 has timed out
VesioLii1968: is sitting out 
*** HOLE CARDS ***
Dealt to Dorex2007 [2d Kd]
kampoker52: raises $0.20 to $0.30
Wallin280: folds 
endeudado: folds 
ekidona: folds 
juninho13713: folds 
Dorex2007: folds 
Uncalled bet ($0.20) returned to kampoker52
kampoker52 collected $0.25 from pot
*** SUMMARY ***
Total pot $0.25 | Rake $0 
Seat 3: ekidona (button) folded before Flop (didn't bet)
Seat 4: juninho13713 (small blind) folded before Flop
Seat 5: Dorex2007 (big blind) folded before Flop
Seat 7: kampoker52 collected ($0.25)
Seat 8: Wallin280 folded before Flop (didn't bet)
Seat 9: endeudado folded before Flop (didn't bet)



PokerStars Hand #237957863747:  Hold'em No Limit ($0.05/$0.10 USD) - 2022/08/12 20:32:06 PT [2022/08/12 23:32:06 ET]
Table 'Azmidiske II' 9-max Seat #4 is the button
Seat 3: ekidona ($8.83 in chips) 
Seat 4: juninho13713 ($12.68 in chips) 
Seat 5: Dorex2007 ($10.76 in chips) 
Seat 7: kampoker52 ($17.88 in chips) 
Seat 8: Wallin280 ($7.06 in chips) 
Seat 9: endeudado ($22.25 in chips) 
Dorex2007: posts small blind $0.05
kampoker52: posts big blind $0.10
*** HOLE CARDS ***
Dealt to Dorex2007 [5c Qs]
Wallin280: folds 
endeudado: folds 
ekidona: folds 
juninho13713: folds 
Dorex2007: folds 
Uncalled bet ($0.05) returned to kampoker52
kampoker52 collected $0.10 from pot
*** SUMMARY ***
Total pot $0.10 | Rake $0 
Seat 3: ekidona folded before Flop (didn't bet)
Seat 4: juninho13713 (button) folded before Flop (didn't bet)
Seat 5: Dorex2007 (small blind) folded before Flop
Seat 7: kampoker52 (big blind) collected ($0.10)
Seat 8: Wallin280 folded before Flop (didn't bet)
Seat 9: endeudado folded before Flop (didn't bet)



PokerStars Hand #237957865569:  Hold'em No Limit ($0.05/$0.10 USD) - 2022/08/12 20:32:18 PT [2022/08/12 23:32:18 ET]
Table 'Azmidiske II' 9-max Seat #5 is the button
Seat 3: ekidona ($8.83 in chips) 
Seat 4: juninho13713 ($12.68 in chips) 
Seat 5: Dorex2007 ($10.71 in chips) 
Seat 7: kampoker52 ($17.93 in chips) 
Seat 8: Wallin280 ($7.06 in chips) 
kampoker52: posts small blind $0.05
Wallin280: posts big blind $0.10
*** HOLE CARDS ***
Dealt to Dorex2007 [Th 8s]
ekidona: folds 
juninho13713: folds 
Dorex2007: folds 
kampoker52: raises $0.10 to $0.20
Wallin280: calls $0.10
*** FLOP *** [4h 6h Ah]
kampoker52: bets $0.38
Wallin280: folds 
Uncalled bet ($0.38) returned to kampoker52
kampoker52 collected $0.38 from pot
*** SUMMARY ***
Total pot $0.40 | Rake $0.02 
Board [4h 6h Ah]
Seat 3: ekidona folded before Flop (didn't bet)
Seat 4: juninho13713 folded before Flop (didn't bet)
Seat 5: Dorex2007 (button) folded before Flop (didn't bet)
Seat 7: kampoker52 (small blind) collected ($0.38)
Seat 8: Wallin280 (big blind) folded on the Flop



PokerStars Hand #237957869000:  Hold'em No Limit ($0.05/$0.10 USD) - 2022/08/12 20:32:39 PT [2022/08/12 23:32:39 ET]
Table 'Azmidiske II' 9-max Seat #7 is the button
Seat 4: juninho13713 ($12.68 in chips) 
Seat 5: Dorex2007 ($10.71 in chips) 
Seat 7: kampoker52 ($18.11 in chips) 
Seat 8: Wallin280 ($6.86 in chips) 
Wallin280: posts small blind $0.05
ekidona: is sitting out 
juninho13713: posts big blind $0.10
VesioLii1968: sits out 
*** HOLE CARDS ***
Dealt to Dorex2007 [Tc 3s]
Dorex2007: folds 
ekidona leaves the table
kampoker52: calls $0.10
Wallin280: folds 
juninho13713: raises $0.20 to $0.30
kampoker52: calls $0.20
*** FLOP *** [Jh 4d Qs]
Wallin280 leaves the table
juninho13713: bets $0.40
kampoker52: calls $0.40
*** TURN *** [Jh 4d Qs] [5c]
juninho13713: bets $0.70
kampoker52: raises $1.39 to $2.09
juninho13713: folds 
Uncalled bet ($1.39) returned to kampoker52
kampoker52 collected $2.72 from pot
*** SUMMARY ***
Total pot $2.85 | Rake $0.13 
Board [Jh 4d Qs 5c]
Seat 4: juninho13713 (big blind) folded on the Turn
Seat 5: Dorex2007 folded before Flop (didn't bet)
Seat 7: kampoker52 (button) collected ($2.72)
Seat 8: Wallin280 (small blind) folded before Flop



PokerStars Hand #237957877742:  Hold'em No Limit ($0.05/$0.10 USD) - 2022/08/12 20:33:34 PT [2022/08/12 23:33:34 ET]
Table 'Azmidiske II' 9-max Seat #4 is the button
Seat 4: juninho13713 ($11.28 in chips) 
Seat 5: Dorex2007 ($10.71 in chips) 
Seat 6: VesioLii1968 ($8 in chips) 
Seat 7: kampoker52 ($19.43 in chips) 
Dorex2007: posts small blind $0.05
VesioLii1968: posts big blind $0.10
*** HOLE CARDS ***
Dealt to Dorex2007 [3c Th]
kampoker52: folds 
kampoker52 leaves the table
juninho13713: folds 
Dorex2007: folds 
Uncalled bet ($0.05) returned to VesioLii1968
VesioLii1968 collected $0.10 from pot
VesioLii1968: doesn't show hand 
*** SUMMARY ***
Total pot $0.10 | Rake $0 
Seat 4: juninho13713 (button) folded before Flop (didn't bet)
Seat 5: Dorex2007 (small blind) folded before Flop
Seat 6: VesioLii1968 (big blind) collected ($0.10)
Seat 7: kampoker52 folded before Flop (didn't bet)



PokerStars Hand #237957879390:  Hold'em No Limit ($0.05/$0.10 USD) - 2022/08/12 20:33:45 PT [2022/08/12 23:33:45 ET]
Table 'Azmidiske II' 9-max Seat #5 is the button
Seat 4: juninho13713 ($11.28 in chips) 
Seat 5: Dorex2007 ($10.66 in chips) 
Seat 6: VesioLii1968 ($8.05 in chips) 
Seat 9: endeudado ($22.25 in chips) 
VesioLii1968: posts small blind $0.05
endeudado: posts big blind $0.10
*** HOLE CARDS ***
Dealt to Dorex2007 [4c 7d]
juninho13713: folds 
Dorex2007: folds 
VesioLii1968: folds 
Uncalled bet ($0.05) returned to endeudado
endeudado collected $0.10 from pot
endeudado: doesn't show hand 
*** SUMMARY ***
Total pot $0.10 | Rake $0 
Seat 4: juninho13713 folded before Flop (didn't bet)
Seat 5: Dorex2007 (button) folded before Flop (didn't bet)
Seat 6: VesioLii1968 (small blind) folded before Flop
Seat 9: endeudado (big blind) collected ($0.10)



