PokerStars Hand #232755638610:  Hold'em No Limit ($0.01/$0.02 USD) - 2022/01/02 12:44:01 PT [2022/01/02 15:44:01 ET]
Table 'Gadolin IV' 9-max Seat #8 is the button
Seat 1: Jgla710 ($2.22 in chips) 
Seat 2: Grigoris F12 ($2.93 in chips) 
Seat 3: ASaCred ($2 in chips) 
Seat 4: dr voorgang ($0.74 in chips) 
Seat 5: Gatzin ($2 in chips) 
Seat 6: Dorex2007 ($2 in chips) 
Seat 7: Godders1984 ($2 in chips) 
Seat 8: palmrobert60 ($2.22 in chips) 
Seat 9: AndyMs1985 ($1.84 in chips) 
AndyMs1985: posts small blind $0.01
Jgla710: posts big blind $0.02
Dorex2007: posts big blind $0.02
Godders1984: posts big blind $0.02
*** HOLE CARDS ***
Dealt to Dorex2007 [Ks Ts]
Grigoris F12: calls $0.02
ASaCred: folds 
dr voorgang: folds 
Gatzin: folds 
Dorex2007: checks 
Godders1984: checks 
palmrobert60: folds 
AndyMs1985: calls $0.01
Jgla710: checks 
*** FLOP *** [9s Th As]
AndyMs1985: bets $0.02
Jgla710: folds 
Grigoris F12: calls $0.02
Dorex2007: folds 
Godders1984: calls $0.02
*** TURN *** [9s Th As] [Kh]
AndyMs1985: checks 
Grigoris F12: checks 
Godders1984: checks 
*** RIVER *** [9s Th As Kh] [7s]
AndyMs1985: bets $0.02
Grigoris F12: calls $0.02
Godders1984: calls $0.02
*** SHOW DOWN ***
AndyMs1985: shows [Jh 8d] (a straight, Seven to Jack)
Grigoris F12: mucks hand 
Godders1984: mucks hand 
AndyMs1985 collected $0.21 from pot
*** SUMMARY ***
Total pot $0.22 | Rake $0.01 
Board [9s Th As Kh 7s]
Seat 1: Jgla710 (big blind) folded on the Flop
Seat 2: Grigoris F12 mucked [Ah 6d]
Seat 3: ASaCred folded before Flop (didn't bet)
Seat 4: dr voorgang folded before Flop (didn't bet)
Seat 5: Gatzin folded before Flop (didn't bet)
Seat 6: Dorex2007 folded on the Flop (didn't bet)
Seat 7: Godders1984 mucked [Kc Jc]
Seat 8: palmrobert60 (button) folded before Flop (didn't bet)
Seat 9: AndyMs1985 (small blind) showed [Jh 8d] and won ($0.21) with a straight, Seven to Jack



PokerStars Hand #232755687880:  Hold'em No Limit ($0.01/$0.02 USD) - 2022/01/02 12:45:07 PT [2022/01/02 15:45:07 ET]
Table 'Gadolin IV' 9-max Seat #9 is the button
Seat 1: Jgla710 ($2.20 in chips) 
Seat 2: Grigoris F12 ($2.87 in chips) 
Seat 3: ASaCred ($2 in chips) 
Seat 4: dr voorgang ($0.74 in chips) 
Seat 5: Gatzin ($2 in chips) 
Seat 6: Dorex2007 ($2 in chips) 
Seat 7: Godders1984 ($2 in chips) 
Seat 8: palmrobert60 ($2.22 in chips) 
Seat 9: AndyMs1985 ($1.99 in chips) 
Jgla710: posts small blind $0.01
Grigoris F12: posts big blind $0.02
*** HOLE CARDS ***
Dealt to Dorex2007 [5h Kd]
ASaCred: folds 
dr voorgang: raises $0.04 to $0.06
Gatzin: folds 
Dorex2007: folds 
Godders1984: folds 
palmrobert60: folds 
AndyMs1985: folds 
Jgla710: folds 
Grigoris F12: folds 
Uncalled bet ($0.04) returned to dr voorgang
dr voorgang collected $0.05 from pot
dr voorgang: doesn't show hand 
*** SUMMARY ***
Total pot $0.05 | Rake $0 
Seat 1: Jgla710 (small blind) folded before Flop
Seat 2: Grigoris F12 (big blind) folded before Flop
Seat 3: ASaCred folded before Flop (didn't bet)
Seat 4: dr voorgang collected ($0.05)
Seat 5: Gatzin folded before Flop (didn't bet)
Seat 6: Dorex2007 folded before Flop (didn't bet)
Seat 7: Godders1984 folded before Flop (didn't bet)
Seat 8: palmrobert60 folded before Flop (didn't bet)
Seat 9: AndyMs1985 (button) folded before Flop (didn't bet)



PokerStars Hand #232755699079:  Hold'em No Limit ($0.01/$0.02 USD) - 2022/01/02 12:45:22 PT [2022/01/02 15:45:22 ET]
Table 'Gadolin IV' 9-max Seat #1 is the button
Seat 1: Jgla710 ($2.19 in chips) 
Seat 2: Grigoris F12 ($2.85 in chips) 
Seat 3: ASaCred ($2 in chips) 
Seat 4: dr voorgang ($0.77 in chips) 
Seat 5: Gatzin ($2 in chips) 
Seat 6: Dorex2007 ($2 in chips) 
Seat 7: Godders1984 ($2 in chips) 
Seat 8: palmrobert60 ($2.22 in chips) 
Seat 9: AndyMs1985 ($1.99 in chips) 
Grigoris F12: posts small blind $0.01
ASaCred: posts big blind $0.02
*** HOLE CARDS ***
Dealt to Dorex2007 [3h 9h]
dr voorgang: folds 
Gatzin: raises $0.05 to $0.07
Dorex2007: folds 
Godders1984: folds 
palmrobert60: folds 
AndyMs1985: folds 
Jgla710: calls $0.07
Grigoris F12: folds 
ASaCred: folds 
*** FLOP *** [Kc 4s 7d]
Gatzin: bets $0.10
Jgla710: folds 
Uncalled bet ($0.10) returned to Gatzin
Gatzin collected $0.16 from pot
Gatzin: doesn't show hand 
*** SUMMARY ***
Total pot $0.17 | Rake $0.01 
Board [Kc 4s 7d]
Seat 1: Jgla710 (button) folded on the Flop
Seat 2: Grigoris F12 (small blind) folded before Flop
Seat 3: ASaCred (big blind) folded before Flop
Seat 4: dr voorgang folded before Flop (didn't bet)
Seat 5: Gatzin collected ($0.16)
Seat 6: Dorex2007 folded before Flop (didn't bet)
Seat 7: Godders1984 folded before Flop (didn't bet)
Seat 8: palmrobert60 folded before Flop (didn't bet)
Seat 9: AndyMs1985 folded before Flop (didn't bet)



PokerStars Hand #232755722669:  Hold'em No Limit ($0.01/$0.02 USD) - 2022/01/02 12:45:49 PT [2022/01/02 15:45:49 ET]
Table 'Gadolin IV' 9-max Seat #2 is the button
Seat 1: Jgla710 ($2.12 in chips) 
Seat 2: Grigoris F12 ($2.84 in chips) 
Seat 3: ASaCred ($2 in chips) 
Seat 4: dr voorgang ($0.77 in chips) 
Seat 5: Gatzin ($2.09 in chips) 
Seat 6: Dorex2007 ($2 in chips) 
Seat 7: Godders1984 ($2 in chips) 
Seat 8: palmrobert60 ($2.22 in chips) 
Seat 9: AndyMs1985 ($1.99 in chips) 
ASaCred: posts small blind $0.01
dr voorgang: posts big blind $0.02
*** HOLE CARDS ***
Dealt to Dorex2007 [9s Kh]
Gatzin: folds 
Dorex2007: folds 
Godders1984: folds 
palmrobert60: raises $0.05 to $0.07
AndyMs1985: folds 
Jgla710: folds 
Grigoris F12: folds 
ASaCred: folds 
dr voorgang: folds 
Uncalled bet ($0.05) returned to palmrobert60
palmrobert60 collected $0.05 from pot
palmrobert60: doesn't show hand 
*** SUMMARY ***
Total pot $0.05 | Rake $0 
Seat 1: Jgla710 folded before Flop (didn't bet)
Seat 2: Grigoris F12 (button) folded before Flop (didn't bet)
Seat 3: ASaCred (small blind) folded before Flop
Seat 4: dr voorgang (big blind) folded before Flop
Seat 5: Gatzin folded before Flop (didn't bet)
Seat 6: Dorex2007 folded before Flop (didn't bet)
Seat 7: Godders1984 folded before Flop (didn't bet)
Seat 8: palmrobert60 collected ($0.05)
Seat 9: AndyMs1985 folded before Flop (didn't bet)



PokerStars Hand #232755747739:  Hold'em No Limit ($0.01/$0.02 USD) - 2022/01/02 12:46:23 PT [2022/01/02 15:46:23 ET]
Table 'Gadolin IV' 9-max Seat #3 is the button
Seat 1: Jgla710 ($2.12 in chips) 
Seat 2: Grigoris F12 ($2.84 in chips) 
Seat 3: ASaCred ($2 in chips) 
Seat 4: dr voorgang ($0.75 in chips) 
Seat 5: Gatzin ($2.09 in chips) 
Seat 6: Dorex2007 ($2 in chips) 
Seat 7: Godders1984 ($2 in chips) 
Seat 8: palmrobert60 ($2.25 in chips) 
Seat 9: AndyMs1985 ($1.99 in chips) 
dr voorgang: posts small blind $0.01
Gatzin: posts big blind $0.02
*** HOLE CARDS ***
Dealt to Dorex2007 [4d As]
Dorex2007: folds 
Godders1984: folds 
palmrobert60: folds 
AndyMs1985: folds 
Jgla710: folds 
Grigoris F12: folds 
ASaCred: raises $0.04 to $0.06
dr voorgang: folds 
Gatzin: folds 
Uncalled bet ($0.04) returned to ASaCred
ASaCred collected $0.05 from pot
ASaCred: doesn't show hand 
*** SUMMARY ***
Total pot $0.05 | Rake $0 
Seat 1: Jgla710 folded before Flop (didn't bet)
Seat 2: Grigoris F12 folded before Flop (didn't bet)
Seat 3: ASaCred (button) collected ($0.05)
Seat 4: dr voorgang (small blind) folded before Flop
Seat 5: Gatzin (big blind) folded before Flop
Seat 6: Dorex2007 folded before Flop (didn't bet)
Seat 7: Godders1984 folded before Flop (didn't bet)
Seat 8: palmrobert60 folded before Flop (didn't bet)
Seat 9: AndyMs1985 folded before Flop (didn't bet)



PokerStars Hand #232755764835:  Hold'em No Limit ($0.01/$0.02 USD) - 2022/01/02 12:46:46 PT [2022/01/02 15:46:46 ET]
Table 'Gadolin IV' 9-max Seat #4 is the button
Seat 1: Jgla710 ($2.12 in chips) 
Seat 2: Grigoris F12 ($2.84 in chips) 
Seat 3: ASaCred ($2.03 in chips) 
Seat 4: dr voorgang ($0.74 in chips) 
Seat 5: Gatzin ($2.07 in chips) 
Seat 6: Dorex2007 ($2 in chips) 
Seat 7: Godders1984 ($2 in chips) 
Seat 8: palmrobert60 ($2.25 in chips) 
Seat 9: AndyMs1985 ($1.99 in chips) 
Gatzin: posts small blind $0.01
Dorex2007: posts big blind $0.02
*** HOLE CARDS ***
Dealt to Dorex2007 [Qc 7s]
Godders1984: folds 
palmrobert60: folds 
AndyMs1985: folds 
Jgla710: calls $0.02
Grigoris F12: calls $0.02
ASaCred: calls $0.02
dr voorgang: folds 
Gatzin: folds 
Dorex2007: checks 
*** FLOP *** [8h Ad 9c]
Dorex2007: checks 
Jgla710: checks 
Grigoris F12: bets $0.09
ASaCred: calls $0.09
Dorex2007: folds 
Jgla710: folds 
*** TURN *** [8h Ad 9c] [Ts]
Grigoris F12: bets $0.13
ASaCred: calls $0.13
*** RIVER *** [8h Ad 9c Ts] [Td]
Grigoris F12: checks 
ASaCred: bets $0.30
Grigoris F12: calls $0.30
*** SHOW DOWN ***
ASaCred: shows [6d 7c] (a straight, Six to Ten)
Grigoris F12: mucks hand 
ASaCred collected $1.09 from pot
*** SUMMARY ***
Total pot $1.13 | Rake $0.04 
Board [8h Ad 9c Ts Td]
Seat 1: Jgla710 folded on the Flop
Seat 2: Grigoris F12 mucked [As Kd]
Seat 3: ASaCred showed [6d 7c] and won ($1.09) with a straight, Six to Ten
Seat 4: dr voorgang (button) folded before Flop (didn't bet)
Seat 5: Gatzin (small blind) folded before Flop
Seat 6: Dorex2007 (big blind) folded on the Flop
Seat 7: Godders1984 folded before Flop (didn't bet)
Seat 8: palmrobert60 folded before Flop (didn't bet)
Seat 9: AndyMs1985 folded before Flop (didn't bet)



PokerStars Hand #232755813183:  Hold'em No Limit ($0.01/$0.02 USD) - 2022/01/02 12:47:41 PT [2022/01/02 15:47:41 ET]
Table 'Gadolin IV' 9-max Seat #5 is the button
Seat 1: Jgla710 ($2.10 in chips) 
Seat 2: Grigoris F12 ($2.30 in chips) 
Seat 3: ASaCred ($2.58 in chips) 
Seat 4: dr voorgang ($0.74 in chips) 
Seat 5: Gatzin ($2.06 in chips) 
Seat 6: Dorex2007 ($2 in chips) 
Seat 7: Godders1984 ($2 in chips) 
Seat 8: palmrobert60 ($2.25 in chips) 
Seat 9: AndyMs1985 ($1.99 in chips) 
Dorex2007: posts small blind $0.01
Godders1984: posts big blind $0.02
*** HOLE CARDS ***
Dealt to Dorex2007 [7c Td]
palmrobert60: raises $0.05 to $0.07
AndyMs1985: folds 
Jgla710: calls $0.07
Grigoris F12: raises $0.30 to $0.37
ASaCred: folds 
dr voorgang: folds 
Gatzin: calls $0.37
Dorex2007: folds 
Godders1984: folds 
palmrobert60: folds 
Jgla710: folds 
*** FLOP *** [Qd 3d 9c]
Grigoris F12: bets $0.88
Gatzin: folds 
Uncalled bet ($0.88) returned to Grigoris F12
Grigoris F12 collected $0.88 from pot
Grigoris F12: doesn't show hand 
*** SUMMARY ***
Total pot $0.91 | Rake $0.03 
Board [Qd 3d 9c]
Seat 1: Jgla710 folded before Flop
Seat 2: Grigoris F12 collected ($0.88)
Seat 3: ASaCred folded before Flop (didn't bet)
Seat 4: dr voorgang folded before Flop (didn't bet)
Seat 5: Gatzin (button) folded on the Flop
Seat 6: Dorex2007 (small blind) folded before Flop
Seat 7: Godders1984 (big blind) folded before Flop
Seat 8: palmrobert60 folded before Flop
Seat 9: AndyMs1985 folded before Flop (didn't bet)



PokerStars Hand #232755854725:  Hold'em No Limit ($0.01/$0.02 USD) - 2022/01/02 12:48:38 PT [2022/01/02 15:48:38 ET]
Table 'Gadolin IV' 9-max Seat #6 is the button
Seat 1: Jgla710 ($2.03 in chips) 
Seat 2: Grigoris F12 ($2.81 in chips) 
Seat 3: ASaCred ($2.58 in chips) 
Seat 4: dr voorgang ($0.74 in chips) 
Seat 5: Gatzin ($2 in chips) 
Seat 6: Dorex2007 ($2 in chips) 
Seat 7: Godders1984 ($2 in chips) 
Seat 8: palmrobert60 ($2.18 in chips) 
Seat 9: AndyMs1985 ($1.99 in chips) 
Godders1984: posts small blind $0.01
palmrobert60: posts big blind $0.02
*** HOLE CARDS ***
Dealt to Dorex2007 [4h 6d]
AndyMs1985: folds 
Jgla710: folds 
Grigoris F12: calls $0.02
ASaCred: folds 
dr voorgang: folds 
Gatzin: folds 
Dorex2007: folds 
Godders1984: folds 
palmrobert60: checks 
*** FLOP *** [6c Jh 3c]
palmrobert60: checks 
Grigoris F12: checks 
*** TURN *** [6c Jh 3c] [5c]
palmrobert60: bets $0.05
Grigoris F12: folds 
Uncalled bet ($0.05) returned to palmrobert60
palmrobert60 collected $0.05 from pot
palmrobert60: doesn't show hand 
*** SUMMARY ***
Total pot $0.05 | Rake $0 
Board [6c Jh 3c 5c]
Seat 1: Jgla710 folded before Flop (didn't bet)
Seat 2: Grigoris F12 folded on the Turn
Seat 3: ASaCred folded before Flop (didn't bet)
Seat 4: dr voorgang folded before Flop (didn't bet)
Seat 5: Gatzin folded before Flop (didn't bet)
Seat 6: Dorex2007 (button) folded before Flop (didn't bet)
Seat 7: Godders1984 (small blind) folded before Flop
Seat 8: palmrobert60 (big blind) collected ($0.05)
Seat 9: AndyMs1985 folded before Flop (didn't bet)



PokerStars Hand #232755874858:  Hold'em No Limit ($0.01/$0.02 USD) - 2022/01/02 12:49:05 PT [2022/01/02 15:49:05 ET]
Table 'Gadolin IV' 9-max Seat #7 is the button
Seat 1: Jgla710 ($2.03 in chips) 
Seat 2: Grigoris F12 ($2.79 in chips) 
Seat 3: ASaCred ($2.58 in chips) 
Seat 4: dr voorgang ($0.74 in chips) 
Seat 5: Gatzin ($2 in chips) 
Seat 6: Dorex2007 ($2 in chips) 
Seat 7: Godders1984 ($2 in chips) 
Seat 8: palmrobert60 ($2.21 in chips) 
Seat 9: AndyMs1985 ($1.99 in chips) 
palmrobert60: posts small blind $0.01
AndyMs1985: posts big blind $0.02
*** HOLE CARDS ***
Dealt to Dorex2007 [Kc 2h]
Jgla710: calls $0.02
Grigoris F12: folds 
ASaCred: folds 
dr voorgang: folds 
Gatzin: folds 
Dorex2007: folds 
Godders1984: folds 
palmrobert60: raises $0.06 to $0.08
AndyMs1985: calls $0.06
Jgla710: calls $0.06
*** FLOP *** [8c Qh 4s]
palmrobert60: checks 
AndyMs1985: checks 
Jgla710: checks 
*** TURN *** [8c Qh 4s] [Jh]
palmrobert60: bets $0.11
AndyMs1985: calls $0.11
Jgla710: calls $0.11
*** RIVER *** [8c Qh 4s Jh] [5d]
palmrobert60: checks 
AndyMs1985: checks 
Jgla710: checks 
*** SHOW DOWN ***
palmrobert60: shows [Ac Jd] (a pair of Jacks)
AndyMs1985: mucks hand 
Jgla710: shows [Js Ad] (a pair of Jacks)
palmrobert60 collected $0.28 from pot
Jgla710 collected $0.27 from pot
*** SUMMARY ***
Total pot $0.57 | Rake $0.02 
Board [8c Qh 4s Jh 5d]
Seat 1: Jgla710 showed [Js Ad] and won ($0.27) with a pair of Jacks
Seat 2: Grigoris F12 folded before Flop (didn't bet)
Seat 3: ASaCred folded before Flop (didn't bet)
Seat 4: dr voorgang folded before Flop (didn't bet)
Seat 5: Gatzin folded before Flop (didn't bet)
Seat 6: Dorex2007 folded before Flop (didn't bet)
Seat 7: Godders1984 (button) folded before Flop (didn't bet)
Seat 8: palmrobert60 (small blind) showed [Ac Jd] and won ($0.28) with a pair of Jacks
Seat 9: AndyMs1985 (big blind) mucked [Td As]



PokerStars Hand #232755921465:  Hold'em No Limit ($0.01/$0.02 USD) - 2022/01/02 12:50:08 PT [2022/01/02 15:50:08 ET]
Table 'Gadolin IV' 9-max Seat #8 is the button
Seat 1: Jgla710 ($2.11 in chips) 
Seat 2: Grigoris F12 ($2.79 in chips) 
Seat 3: ASaCred ($2.58 in chips) 
Seat 4: dr voorgang ($0.74 in chips) 
Seat 5: Gatzin ($2 in chips) 
Seat 6: Dorex2007 ($2 in chips) 
Seat 7: Godders1984 ($2 in chips) 
Seat 8: palmrobert60 ($2.30 in chips) 
Seat 9: AndyMs1985 ($1.80 in chips) 
AndyMs1985: posts small blind $0.01
Jgla710: posts big blind $0.02
*** HOLE CARDS ***
Dealt to Dorex2007 [Th 7c]
Grigoris F12 has timed out
Grigoris F12: folds 
ASaCred: folds 
dr voorgang: raises $0.04 to $0.06
Gatzin: folds 
Dorex2007: folds 
Godders1984: folds 
palmrobert60: folds 
AndyMs1985: calls $0.05
Jgla710: calls $0.04
*** FLOP *** [9s 2h 2s]
AndyMs1985: checks 
Jgla710: bets $0.08
dr voorgang: calls $0.08
AndyMs1985: folds 
*** TURN *** [9s 2h 2s] [6c]
Jgla710: bets $0.16
dr voorgang: calls $0.16
*** RIVER *** [9s 2h 2s 6c] [8s]
Jgla710: bets $0.34
dr voorgang: calls $0.34
*** SHOW DOWN ***
Jgla710: shows [3d Jd] (a pair of Deuces)
dr voorgang: shows [Ts As] (a flush, Ace high)
dr voorgang collected $1.28 from pot
*** SUMMARY ***
Total pot $1.34 | Rake $0.06 
Board [9s 2h 2s 6c 8s]
Seat 1: Jgla710 (big blind) showed [3d Jd] and lost with a pair of Deuces
Seat 2: Grigoris F12 folded before Flop (didn't bet)
Seat 3: ASaCred folded before Flop (didn't bet)
Seat 4: dr voorgang showed [Ts As] and won ($1.28) with a flush, Ace high
Seat 5: Gatzin folded before Flop (didn't bet)
Seat 6: Dorex2007 folded before Flop (didn't bet)
Seat 7: Godders1984 folded before Flop (didn't bet)
Seat 8: palmrobert60 (button) folded before Flop (didn't bet)
Seat 9: AndyMs1985 (small blind) folded on the Flop



PokerStars Hand #232755967361:  Hold'em No Limit ($0.01/$0.02 USD) - 2022/01/02 12:51:11 PT [2022/01/02 15:51:11 ET]
Table 'Gadolin IV' 9-max Seat #9 is the button
Seat 1: Jgla710 ($1.47 in chips) 
Seat 2: Grigoris F12 ($2.79 in chips) 
Seat 3: ASaCred ($2.58 in chips) 
Seat 4: dr voorgang ($1.38 in chips) 
Seat 5: Gatzin ($2 in chips) 
Seat 6: Dorex2007 ($2 in chips) 
Seat 7: Godders1984 ($2 in chips) 
Seat 8: palmrobert60 ($2.30 in chips) 
Seat 9: AndyMs1985 ($1.74 in chips) 
Jgla710: posts small blind $0.01
Grigoris F12: posts big blind $0.02
*** HOLE CARDS ***
Dealt to Dorex2007 [2c 8s]
ASaCred: raises $0.04 to $0.06
dr voorgang: calls $0.06
Gatzin: folds 
Dorex2007: folds 
Godders1984: folds 
palmrobert60: folds 
AndyMs1985: folds 
Jgla710: folds 
Grigoris F12: folds 
*** FLOP *** [7s Kc 3c]
ASaCred: bets $0.10
dr voorgang: calls $0.10
*** TURN *** [7s Kc 3c] [4d]
ASaCred: bets $0.20
dr voorgang: calls $0.20
*** RIVER *** [7s Kc 3c 4d] [2h]
ASaCred: checks 
dr voorgang: checks 
*** SHOW DOWN ***
ASaCred: shows [5c 4c] (a pair of Fours)
dr voorgang: shows [Ks As] (a pair of Kings)
dr voorgang collected $0.71 from pot
*** SUMMARY ***
Total pot $0.75 | Rake $0.04 
Board [7s Kc 3c 4d 2h]
Seat 1: Jgla710 (small blind) folded before Flop
Seat 2: Grigoris F12 (big blind) folded before Flop
Seat 3: ASaCred showed [5c 4c] and lost with a pair of Fours
Seat 4: dr voorgang showed [Ks As] and won ($0.71) with a pair of Kings
Seat 5: Gatzin folded before Flop (didn't bet)
Seat 6: Dorex2007 folded before Flop (didn't bet)
Seat 7: Godders1984 folded before Flop (didn't bet)
Seat 8: palmrobert60 folded before Flop (didn't bet)
Seat 9: AndyMs1985 (button) folded before Flop (didn't bet)



