PokerStars Hand #233016294448:  Hold'em No Limit ($0.01/$0.02 USD) - 2022/01/10 14:05:19 PT [2022/01/10 17:05:19 ET]
Table 'Alhena VI' 9-max Seat #8 is the button
Seat 1: whambrown ($2.21 in chips) 
Seat 3: Devil'sCar ($2.05 in chips) 
Seat 4: dawikon ($1.74 in chips) 
Seat 5: relu5870 ($0.55 in chips) 
Seat 6: Dorex2007 ($2 in chips) 
Seat 8: larien99 ($3.58 in chips) 
Seat 9: 19Dima87 ($2.95 in chips) 
19Dima87: posts small blind $0.01
whambrown: posts big blind $0.02
Dorex2007: posts big blind $0.02
*** HOLE CARDS ***
Dealt to Dorex2007 [2c Js]
Devil'sCar: folds 
dawikon: raises $0.02 to $0.04
relu5870: folds 
Dorex2007: folds 
larien99: folds 
larien99 leaves the table
19Dima87: folds 
whambrown: folds 
Uncalled bet ($0.02) returned to dawikon
dawikon collected $0.07 from pot
dawikon: doesn't show hand 
*** SUMMARY ***
Total pot $0.07 | Rake $0 
Seat 1: whambrown (big blind) folded before Flop
Seat 3: Devil'sCar folded before Flop (didn't bet)
Seat 4: dawikon collected ($0.07)
Seat 5: relu5870 folded before Flop (didn't bet)
Seat 6: Dorex2007 folded before Flop (didn't bet)
Seat 8: larien99 (button) folded before Flop (didn't bet)
Seat 9: 19Dima87 (small blind) folded before Flop



PokerStars Hand #233016306822:  Hold'em No Limit ($0.01/$0.02 USD) - 2022/01/10 14:05:38 PT [2022/01/10 17:05:38 ET]
Table 'Alhena VI' 9-max Seat #9 is the button
Seat 1: whambrown ($2.19 in chips) 
Seat 3: Devil'sCar ($2.05 in chips) 
Seat 4: dawikon ($1.79 in chips) 
Seat 5: relu5870 ($0.55 in chips) 
Seat 6: Dorex2007 ($2 in chips) 
Seat 9: 19Dima87 ($2.94 in chips) 
whambrown: posts small blind $0.01
Devil'sCar: posts big blind $0.02
*** HOLE CARDS ***
Dealt to Dorex2007 [Ad 4s]
dawikon: folds 
relu5870: folds 
Dorex2007: folds 
19Dima87: calls $0.02
A.Alencar91 joins the table at seat #2 
whambrown: calls $0.01
Devil'sCar: checks 
*** FLOP *** [8s 6s As]
whambrown: checks 
Devil'sCar: checks 
19Dima87: checks 
*** TURN *** [8s 6s As] [3s]
whambrown: checks 
Devil'sCar: checks 
19Dima87: checks 
*** RIVER *** [8s 6s As 3s] [7s]
whambrown: checks 
PokerDany_G joins the table at seat #7 
Devil'sCar: checks 
19Dima87: checks 
*** SHOW DOWN ***
whambrown: shows [Qc Jc] (a flush, Ace high)
Devil'sCar: shows [7d 5h] (a flush, Ace high)
19Dima87: shows [4d 6d] (a flush, Ace high)
whambrown collected $0.02 from pot
Devil'sCar collected $0.02 from pot
19Dima87 collected $0.02 from pot
*** SUMMARY ***
Total pot $0.06 | Rake $0 
Board [8s 6s As 3s 7s]
Seat 1: whambrown (small blind) showed [Qc Jc] and won ($0.02) with a flush, Ace high
Seat 3: Devil'sCar (big blind) showed [7d 5h] and won ($0.02) with a flush, Ace high
Seat 4: dawikon folded before Flop (didn't bet)
Seat 5: relu5870 folded before Flop (didn't bet)
Seat 6: Dorex2007 folded before Flop (didn't bet)
Seat 9: 19Dima87 (button) showed [4d 6d] and won ($0.02) with a flush, Ace high



PokerStars Hand #233016328607:  Hold'em No Limit ($0.01/$0.02 USD) - 2022/01/10 14:06:12 PT [2022/01/10 17:06:12 ET]
Table 'Alhena VI' 9-max Seat #1 is the button
Seat 1: whambrown ($2.19 in chips) 
Seat 3: Devil'sCar ($2.05 in chips) 
Seat 4: dawikon ($1.79 in chips) 
Seat 5: relu5870 ($0.55 in chips) 
Seat 6: Dorex2007 ($2 in chips) 
Seat 9: 19Dima87 ($2.94 in chips) 
Devil'sCar: posts small blind $0.01
dawikon: posts big blind $0.02
PokerDany_G: sits out 
*** HOLE CARDS ***
Dealt to Dorex2007 [Js 2c]
relu5870: folds 
Dorex2007: folds 
19Dima87: folds 
whambrown: folds 
Devil'sCar: folds 
Uncalled bet ($0.01) returned to dawikon
dawikon collected $0.02 from pot
dawikon: doesn't show hand 
*** SUMMARY ***
Total pot $0.02 | Rake $0 
Seat 1: whambrown (button) folded before Flop (didn't bet)
Seat 3: Devil'sCar (small blind) folded before Flop
Seat 4: dawikon (big blind) collected ($0.02)
Seat 5: relu5870 folded before Flop (didn't bet)
Seat 6: Dorex2007 folded before Flop (didn't bet)
Seat 9: 19Dima87 folded before Flop (didn't bet)



PokerStars Hand #233016334528:  Hold'em No Limit ($0.01/$0.02 USD) - 2022/01/10 14:06:22 PT [2022/01/10 17:06:22 ET]
Table 'Alhena VI' 9-max Seat #3 is the button
Seat 1: whambrown ($2.19 in chips) 
Seat 2: A.Alencar91 ($0.80 in chips) 
Seat 3: Devil'sCar ($2.04 in chips) 
Seat 4: dawikon ($1.80 in chips) 
Seat 5: relu5870 ($0.55 in chips) 
Seat 6: Dorex2007 ($2 in chips) 
Seat 9: 19Dima87 ($2.94 in chips) 
dawikon: posts small blind $0.01
relu5870: posts big blind $0.02
PokerDany_G: sits out 
A.Alencar91: posts big blind $0.02
*** HOLE CARDS ***
Dealt to Dorex2007 [Ac 8h]
Dorex2007: folds 
19Dima87: calls $0.02
whambrown: folds 
A.Alencar91: checks 
Jet-Shark777 joins the table at seat #8 
Devil'sCar: folds 
dawikon: calls $0.01
relu5870: checks 
*** FLOP *** [Qc 7s Td]
dawikon: checks 
relu5870: checks 
19Dima87: checks 
A.Alencar91: bets $0.03
dawikon: calls $0.03
relu5870: folds 
19Dima87: folds 
*** TURN *** [Qc 7s Td] [Qd]
dawikon: checks 
A.Alencar91: bets $0.07
dawikon: calls $0.07
*** RIVER *** [Qc 7s Td Qd] [Ks]
dawikon: checks 
A.Alencar91: checks 
*** SHOW DOWN ***
dawikon: shows [8s Jh] (a pair of Queens)
A.Alencar91: shows [8d Tc] (two pair, Queens and Tens)
A.Alencar91 collected $0.27 from pot
*** SUMMARY ***
Total pot $0.28 | Rake $0.01 
Board [Qc 7s Td Qd Ks]
Seat 1: whambrown folded before Flop (didn't bet)
Seat 2: A.Alencar91 showed [8d Tc] and won ($0.27) with two pair, Queens and Tens
Seat 3: Devil'sCar (button) folded before Flop (didn't bet)
Seat 4: dawikon (small blind) showed [8s Jh] and lost with a pair of Queens
Seat 5: relu5870 (big blind) folded on the Flop
Seat 6: Dorex2007 folded before Flop (didn't bet)
Seat 9: 19Dima87 folded on the Flop



PokerStars Hand #233016377776:  Hold'em No Limit ($0.01/$0.02 USD) - 2022/01/10 14:07:31 PT [2022/01/10 17:07:31 ET]
Table 'Alhena VI' 9-max Seat #4 is the button
Seat 1: whambrown ($2.19 in chips) 
Seat 2: A.Alencar91 ($0.95 in chips) 
Seat 3: Devil'sCar ($2.04 in chips) 
Seat 4: dawikon ($1.68 in chips) 
Seat 5: relu5870 ($0.53 in chips) 
Seat 6: Dorex2007 ($2 in chips) 
Seat 9: 19Dima87 ($2.92 in chips) 
relu5870: posts small blind $0.01
Dorex2007: posts big blind $0.02
PokerDany_G: sits out 
Jet-Shark777: sits out 
*** HOLE CARDS ***
Dealt to Dorex2007 [2c 6h]
19Dima87: folds 
whambrown: raises $0.04 to $0.06
A.Alencar91: folds 
Devil'sCar: folds 
dawikon: calls $0.06
relu5870: calls $0.05
Dorex2007: folds 
*** FLOP *** [Jc Jd 3s]
relu5870: checks 
whambrown: bets $0.10
dawikon: folds 
relu5870: calls $0.10
*** TURN *** [Jc Jd 3s] [Qh]
relu5870: checks 
whambrown: checks 
*** RIVER *** [Jc Jd 3s Qh] [2d]
relu5870: bets $0.37 and is all-in
whambrown: folds 
Uncalled bet ($0.37) returned to relu5870
relu5870 collected $0.39 from pot
*** SUMMARY ***
Total pot $0.40 | Rake $0.01 
Board [Jc Jd 3s Qh 2d]
Seat 1: whambrown folded on the River
Seat 2: A.Alencar91 folded before Flop (didn't bet)
Seat 3: Devil'sCar folded before Flop (didn't bet)
Seat 4: dawikon (button) folded on the Flop
Seat 5: relu5870 (small blind) collected ($0.39)
Seat 6: Dorex2007 (big blind) folded before Flop
Seat 9: 19Dima87 folded before Flop (didn't bet)



PokerStars Hand #233016404425:  Hold'em No Limit ($0.01/$0.02 USD) - 2022/01/10 14:08:13 PT [2022/01/10 17:08:13 ET]
Table 'Alhena VI' 9-max Seat #5 is the button
Seat 1: whambrown ($2.03 in chips) 
Seat 2: A.Alencar91 ($0.95 in chips) 
Seat 3: Devil'sCar ($2.04 in chips) 
Seat 4: dawikon ($1.62 in chips) 
Seat 5: relu5870 ($0.76 in chips) 
Seat 6: Dorex2007 ($2 in chips) 
Seat 7: PokerDany_G ($1.60 in chips) 
Seat 9: 19Dima87 ($2.92 in chips) 
Dorex2007: posts small blind $0.01
PokerDany_G: posts big blind $0.02
Jet-Shark777: sits out 
*** HOLE CARDS ***
Dealt to Dorex2007 [9d Jd]
19Dima87: folds 
whambrown: folds 
A.Alencar91: folds 
Devil'sCar: folds 
dawikon: raises $0.02 to $0.04
relu5870: folds 
Dorex2007: folds 
PokerDany_G: calls $0.02
*** FLOP *** [Kd Tc 3d]
PokerDany_G: checks 
dawikon: checks 
*** TURN *** [Kd Tc 3d] [Td]
PokerDany_G: checks 
dawikon: bets $0.05
PokerDany_G: folds 
Uncalled bet ($0.05) returned to dawikon
dawikon collected $0.09 from pot
dawikon: doesn't show hand 
*** SUMMARY ***
Total pot $0.09 | Rake $0 
Board [Kd Tc 3d Td]
Seat 1: whambrown folded before Flop (didn't bet)
Seat 2: A.Alencar91 folded before Flop (didn't bet)
Seat 3: Devil'sCar folded before Flop (didn't bet)
Seat 4: dawikon collected ($0.09)
Seat 5: relu5870 (button) folded before Flop (didn't bet)
Seat 6: Dorex2007 (small blind) folded before Flop
Seat 7: PokerDany_G (big blind) folded on the Turn
Seat 9: 19Dima87 folded before Flop (didn't bet)



PokerStars Hand #233016429321:  Hold'em No Limit ($0.01/$0.02 USD) - 2022/01/10 14:08:52 PT [2022/01/10 17:08:52 ET]
Table 'Alhena VI' 9-max Seat #6 is the button
Seat 1: whambrown ($2.03 in chips) 
Seat 2: A.Alencar91 ($0.95 in chips) 
Seat 3: Devil'sCar ($2.04 in chips) 
Seat 4: dawikon ($1.67 in chips) 
Seat 5: relu5870 ($0.76 in chips) 
Seat 6: Dorex2007 ($2 in chips) 
Seat 7: PokerDany_G ($1.56 in chips) 
Seat 8: Jet-Shark777 ($2 in chips) 
Seat 9: 19Dima87 ($2.92 in chips) 
PokerDany_G: posts small blind $0.01
Jet-Shark777: posts big blind $0.02
*** HOLE CARDS ***
Dealt to Dorex2007 [Jh 9s]
19Dima87: raises $0.04 to $0.06
whambrown: folds 
A.Alencar91: folds 
Devil'sCar: folds 
dawikon: folds 
relu5870: folds 
Dorex2007: folds 
PokerDany_G: folds 
Jet-Shark777: folds 
Uncalled bet ($0.04) returned to 19Dima87
19Dima87 collected $0.05 from pot
19Dima87: doesn't show hand 
*** SUMMARY ***
Total pot $0.05 | Rake $0 
Seat 1: whambrown folded before Flop (didn't bet)
Seat 2: A.Alencar91 folded before Flop (didn't bet)
Seat 3: Devil'sCar folded before Flop (didn't bet)
Seat 4: dawikon folded before Flop (didn't bet)
Seat 5: relu5870 folded before Flop (didn't bet)
Seat 6: Dorex2007 (button) folded before Flop (didn't bet)
Seat 7: PokerDany_G (small blind) folded before Flop
Seat 8: Jet-Shark777 (big blind) folded before Flop
Seat 9: 19Dima87 collected ($0.05)



PokerStars Hand #233016442216:  Hold'em No Limit ($0.01/$0.02 USD) - 2022/01/10 14:09:13 PT [2022/01/10 17:09:13 ET]
Table 'Alhena VI' 9-max Seat #7 is the button
Seat 1: whambrown ($2.03 in chips) 
Seat 2: A.Alencar91 ($0.95 in chips) 
Seat 3: Devil'sCar ($2.04 in chips) 
Seat 4: dawikon ($1.67 in chips) 
Seat 5: relu5870 ($0.76 in chips) 
Seat 6: Dorex2007 ($2 in chips) 
Seat 7: PokerDany_G ($1.55 in chips) 
Seat 8: Jet-Shark777 ($1.98 in chips) 
Seat 9: 19Dima87 ($2.95 in chips) 
Jet-Shark777: posts small blind $0.01
19Dima87: posts big blind $0.02
*** HOLE CARDS ***
Dealt to Dorex2007 [3c Jd]
whambrown: folds 
A.Alencar91: folds 
Devil'sCar: raises $0.04 to $0.06
dawikon: folds 
relu5870: folds 
Dorex2007: folds 
PokerDany_G: calls $0.06
Jet-Shark777: folds 
19Dima87: calls $0.04
*** FLOP *** [Th 3h Ac]
whambrown leaves the table
19Dima87: checks 
Devil'sCar: checks 
PokerDany_G: bets $0.09
19Dima87: folds 
Devil'sCar: folds 
Uncalled bet ($0.09) returned to PokerDany_G
PokerDany_G collected $0.18 from pot
PokerDany_G: doesn't show hand 
*** SUMMARY ***
Total pot $0.19 | Rake $0.01 
Board [Th 3h Ac]
Seat 1: whambrown folded before Flop (didn't bet)
Seat 2: A.Alencar91 folded before Flop (didn't bet)
Seat 3: Devil'sCar folded on the Flop
Seat 4: dawikon folded before Flop (didn't bet)
Seat 5: relu5870 folded before Flop (didn't bet)
Seat 6: Dorex2007 folded before Flop (didn't bet)
Seat 7: PokerDany_G (button) collected ($0.18)
Seat 8: Jet-Shark777 (small blind) folded before Flop
Seat 9: 19Dima87 (big blind) folded on the Flop



PokerStars Hand #233016479345:  Hold'em No Limit ($0.01/$0.02 USD) - 2022/01/10 14:09:56 PT [2022/01/10 17:09:56 ET]
Table 'Alhena VI' 9-max Seat #8 is the button
Seat 2: A.Alencar91 ($0.95 in chips) 
Seat 3: Devil'sCar ($2 in chips) 
Seat 4: dawikon ($1.67 in chips) 
Seat 5: relu5870 ($0.76 in chips) 
Seat 6: Dorex2007 ($2 in chips) 
Seat 7: PokerDany_G ($1.67 in chips) 
Seat 8: Jet-Shark777 ($1.97 in chips) 
Seat 9: 19Dima87 ($2.89 in chips) 
19Dima87: posts small blind $0.01
A.Alencar91: posts big blind $0.02
*** HOLE CARDS ***
Dealt to Dorex2007 [7d Ac]
Devil'sCar: folds 
dawikon: calls $0.02
relu5870: calls $0.02
Dorex2007: folds 
PokerDany_G: folds 
Jet-Shark777: folds 
19Dima87: calls $0.01
A.Alencar91: checks 
*** FLOP *** [2d Td 2s]
19Dima87: checks 
A.Alencar91: checks 
JoaoEsberard joins the table at seat #1 
dawikon: checks 
relu5870: checks 
*** TURN *** [2d Td 2s] [Js]
19Dima87: checks 
A.Alencar91: checks 
dawikon: checks 
relu5870: bets $0.04
19Dima87: calls $0.04
A.Alencar91: folds 
dawikon: calls $0.04
*** RIVER *** [2d Td 2s Js] [8h]
19Dima87: checks 
dawikon: bets $0.04
relu5870: folds 
19Dima87: folds 
Uncalled bet ($0.04) returned to dawikon
dawikon collected $0.19 from pot
dawikon: doesn't show hand 
*** SUMMARY ***
Total pot $0.20 | Rake $0.01 
Board [2d Td 2s Js 8h]
Seat 2: A.Alencar91 (big blind) folded on the Turn
Seat 3: Devil'sCar folded before Flop (didn't bet)
Seat 4: dawikon collected ($0.19)
Seat 5: relu5870 folded on the River
Seat 6: Dorex2007 folded before Flop (didn't bet)
Seat 7: PokerDany_G folded before Flop (didn't bet)
Seat 8: Jet-Shark777 (button) folded before Flop (didn't bet)
Seat 9: 19Dima87 (small blind) folded on the River



PokerStars Hand #233016513541:  Hold'em No Limit ($0.01/$0.02 USD) - 2022/01/10 14:10:50 PT [2022/01/10 17:10:50 ET]
Table 'Alhena VI' 9-max Seat #9 is the button
Seat 2: A.Alencar91 ($0.93 in chips) 
Seat 3: Devil'sCar ($2 in chips) 
Seat 4: dawikon ($1.80 in chips) 
Seat 5: relu5870 ($0.70 in chips) 
Seat 6: Dorex2007 ($2 in chips) 
Seat 7: PokerDany_G ($1.67 in chips) 
Seat 8: Jet-Shark777 ($1.97 in chips) 
Seat 9: 19Dima87 ($2.83 in chips) 
A.Alencar91: posts small blind $0.01
Devil'sCar: posts big blind $0.02
*** HOLE CARDS ***
Dealt to Dorex2007 [Qd Kh]
dawikon: calls $0.02
relu5870: folds 
Dorex2007: raises $0.02 to $0.04
PokerDany_G has timed out
PokerDany_G: folds 
Jet-Shark777: folds 
19Dima87: folds 
A.Alencar91: folds 
Devil'sCar: folds 
dawikon: calls $0.02
*** FLOP *** [Qh Ks 2h]
dawikon: checks 
Dorex2007: bets $0.06
dawikon: folds 
Uncalled bet ($0.06) returned to Dorex2007
Dorex2007 collected $0.11 from pot
Dorex2007: doesn't show hand 
*** SUMMARY ***
Total pot $0.11 | Rake $0 
Board [Qh Ks 2h]
Seat 2: A.Alencar91 (small blind) folded before Flop
Seat 3: Devil'sCar (big blind) folded before Flop
Seat 4: dawikon folded on the Flop
Seat 5: relu5870 folded before Flop (didn't bet)
Seat 6: Dorex2007 collected ($0.11)
Seat 7: PokerDany_G folded before Flop (didn't bet)
Seat 8: Jet-Shark777 folded before Flop (didn't bet)
Seat 9: 19Dima87 (button) folded before Flop (didn't bet)



PokerStars Hand #233016545904:  Hold'em No Limit ($0.01/$0.02 USD) - 2022/01/10 14:11:42 PT [2022/01/10 17:11:42 ET]
Table 'Alhena VI' 9-max Seat #2 is the button
Seat 2: A.Alencar91 ($0.92 in chips) 
Seat 3: Devil'sCar ($2 in chips) 
Seat 4: dawikon ($1.76 in chips) 
Seat 5: relu5870 ($0.70 in chips) 
Seat 6: Dorex2007 ($2.07 in chips) 
Seat 7: PokerDany_G ($1.67 in chips) 
Seat 8: Jet-Shark777 ($1.97 in chips) 
Seat 9: 19Dima87 ($2.83 in chips) 
Devil'sCar: posts small blind $0.01
dawikon: posts big blind $0.02
JoaoEsberard: sits out 
*** HOLE CARDS ***
Dealt to Dorex2007 [As Jc]
relu5870: folds 
Dorex2007: calls $0.02
PokerDany_G: folds 
Jet-Shark777: folds 
19Dima87: calls $0.02
A.Alencar91: folds 
Devil'sCar: folds 
dawikon: checks 
*** FLOP *** [Ad 4h 6s]
dawikon: checks 
Dorex2007: bets $0.05
19Dima87: folds 
dawikon: folds 
Uncalled bet ($0.05) returned to Dorex2007
Dorex2007 collected $0.07 from pot
Dorex2007: doesn't show hand 
*** SUMMARY ***
Total pot $0.07 | Rake $0 
Board [Ad 4h 6s]
Seat 2: A.Alencar91 (button) folded before Flop (didn't bet)
Seat 3: Devil'sCar (small blind) folded before Flop
Seat 4: dawikon (big blind) folded on the Flop
Seat 5: relu5870 folded before Flop (didn't bet)
Seat 6: Dorex2007 collected ($0.07)
Seat 7: PokerDany_G folded before Flop (didn't bet)
Seat 8: Jet-Shark777 folded before Flop (didn't bet)
Seat 9: 19Dima87 folded on the Flop



PokerStars Hand #233016567064:  Hold'em No Limit ($0.01/$0.02 USD) - 2022/01/10 14:12:16 PT [2022/01/10 17:12:16 ET]
Table 'Alhena VI' 9-max Seat #3 is the button
Seat 2: A.Alencar91 ($0.92 in chips) 
Seat 3: Devil'sCar ($2 in chips) 
Seat 4: dawikon ($1.74 in chips) 
Seat 5: relu5870 ($0.70 in chips) 
Seat 6: Dorex2007 ($2.12 in chips) 
Seat 7: PokerDany_G ($1.67 in chips) 
Seat 8: Jet-Shark777 ($1.97 in chips) 
Seat 9: 19Dima87 ($2.81 in chips) 
dawikon: posts small blind $0.01
relu5870: posts big blind $0.02
JoaoEsberard: sits out 
*** HOLE CARDS ***
Dealt to Dorex2007 [Th 7h]
Dorex2007: folds 
PokerDany_G: folds 
Jet-Shark777: folds 
19Dima87: folds 
A.Alencar91: raises $0.02 to $0.04
Devil'sCar: raises $0.08 to $0.12
dawikon: calls $0.11
relu5870: folds 
A.Alencar91: folds 
*** FLOP *** [4h Kd Qd]
dawikon: checks 
Devil'sCar: bets $0.16
dawikon: calls $0.16
*** TURN *** [4h Kd Qd] [Qs]
dawikon: checks 
Devil'sCar: checks 
*** RIVER *** [4h Kd Qd Qs] [9s]
dawikon: checks 
Devil'sCar: checks 
*** SHOW DOWN ***
dawikon: shows [Qc Kc] (a full house, Queens full of Kings)
Devil'sCar: mucks hand 
dawikon collected $0.60 from pot
*** SUMMARY ***
Total pot $0.62 | Rake $0.02 
Board [4h Kd Qd Qs 9s]
Seat 2: A.Alencar91 folded before Flop
Seat 3: Devil'sCar (button) mucked [Td As]
Seat 4: dawikon (small blind) showed [Qc Kc] and won ($0.60) with a full house, Queens full of Kings
Seat 5: relu5870 (big blind) folded before Flop
Seat 6: Dorex2007 folded before Flop (didn't bet)
Seat 7: PokerDany_G folded before Flop (didn't bet)
Seat 8: Jet-Shark777 folded before Flop (didn't bet)
Seat 9: 19Dima87 folded before Flop (didn't bet)



PokerStars Hand #233016607493:  Hold'em No Limit ($0.01/$0.02 USD) - 2022/01/10 14:13:20 PT [2022/01/10 17:13:20 ET]
Table 'Alhena VI' 9-max Seat #4 is the button
Seat 2: A.Alencar91 ($0.88 in chips) 
Seat 3: Devil'sCar ($2 in chips) 
Seat 4: dawikon ($2.06 in chips) 
Seat 5: relu5870 ($0.68 in chips) 
Seat 6: Dorex2007 ($2.12 in chips) 
Seat 7: PokerDany_G ($1.67 in chips) 
Seat 8: Jet-Shark777 ($1.97 in chips) 
Seat 9: 19Dima87 ($2.81 in chips) 
relu5870: posts small blind $0.01
Dorex2007: posts big blind $0.02
JoaoEsberard: sits out 
*** HOLE CARDS ***
Dealt to Dorex2007 [5h 7c]
PokerDany_G has timed out
PokerDany_G: folds 
Jet-Shark777: folds 
19Dima87: folds 
A.Alencar91: folds 
Devil'sCar: raises $0.03 to $0.05
dawikon: folds 
relu5870: folds 
Dorex2007: folds 
Uncalled bet ($0.03) returned to Devil'sCar
Devil'sCar collected $0.05 from pot
Devil'sCar: doesn't show hand 
*** SUMMARY ***
Total pot $0.05 | Rake $0 
Seat 2: A.Alencar91 folded before Flop (didn't bet)
Seat 3: Devil'sCar collected ($0.05)
Seat 4: dawikon (button) folded before Flop (didn't bet)
Seat 5: relu5870 (small blind) folded before Flop
Seat 6: Dorex2007 (big blind) folded before Flop
Seat 7: PokerDany_G folded before Flop (didn't bet)
Seat 8: Jet-Shark777 folded before Flop (didn't bet)
Seat 9: 19Dima87 folded before Flop (didn't bet)



PokerStars Hand #233016625651:  Hold'em No Limit ($0.01/$0.02 USD) - 2022/01/10 14:13:49 PT [2022/01/10 17:13:49 ET]
Table 'Alhena VI' 9-max Seat #5 is the button
Seat 2: A.Alencar91 ($0.88 in chips) 
Seat 3: Devil'sCar ($2.03 in chips) 
Seat 4: dawikon ($2.06 in chips) 
Seat 5: relu5870 ($0.67 in chips) 
Seat 6: Dorex2007 ($2.10 in chips) 
Seat 7: PokerDany_G ($1.67 in chips) 
Seat 8: Jet-Shark777 ($1.97 in chips) 
Seat 9: 19Dima87 ($2.81 in chips) 
Dorex2007: posts small blind $0.01
PokerDany_G: posts big blind $0.02
JoaoEsberard: sits out 
*** HOLE CARDS ***
Dealt to Dorex2007 [7d 8c]
Jet-Shark777: folds 
19Dima87: calls $0.02
A.Alencar91: raises $0.06 to $0.08
Devil'sCar: folds 
dawikon: calls $0.08
relu5870: folds 
Dorex2007: folds 
PokerDany_G: folds 
19Dima87: calls $0.06
*** FLOP *** [3c 6s Js]
19Dima87: checks 
A.Alencar91: bets $0.09
dawikon: calls $0.09
19Dima87: calls $0.09
*** TURN *** [3c 6s Js] [Tc]
19Dima87: checks 
A.Alencar91: bets $0.24
dawikon: calls $0.24
19Dima87: calls $0.24
*** RIVER *** [3c 6s Js Tc] [7s]
19Dima87: bets $0.61
A.Alencar91: folds 
dawikon: folds 
Uncalled bet ($0.61) returned to 19Dima87
19Dima87 collected $1.21 from pot
19Dima87: doesn't show hand 
*** SUMMARY ***
Total pot $1.26 | Rake $0.05 
Board [3c 6s Js Tc 7s]
Seat 2: A.Alencar91 folded on the River
Seat 3: Devil'sCar folded before Flop (didn't bet)
Seat 4: dawikon folded on the River
Seat 5: relu5870 (button) folded before Flop (didn't bet)
Seat 6: Dorex2007 (small blind) folded before Flop
Seat 7: PokerDany_G (big blind) folded before Flop
Seat 8: Jet-Shark777 folded before Flop (didn't bet)
Seat 9: 19Dima87 collected ($1.21)



PokerStars Hand #233016689274:  Hold'em No Limit ($0.01/$0.02 USD) - 2022/01/10 14:15:32 PT [2022/01/10 17:15:32 ET]
Table 'Alhena VI' 9-max Seat #6 is the button
Seat 2: A.Alencar91 ($0.47 in chips) 
Seat 3: Devil'sCar ($2.03 in chips) 
Seat 4: dawikon ($1.65 in chips) 
Seat 5: relu5870 ($0.67 in chips) 
Seat 6: Dorex2007 ($2.09 in chips) 
Seat 7: PokerDany_G ($1.65 in chips) 
Seat 8: Jet-Shark777 ($1.97 in chips) 
Seat 9: 19Dima87 ($3.61 in chips) 
PokerDany_G: posts small blind $0.01
Jet-Shark777: posts big blind $0.02
JoaoEsberard: sits out 
*** HOLE CARDS ***
Dealt to Dorex2007 [6d Ks]
19Dima87: folds 
A.Alencar91: raises $0.02 to $0.04
Devil'sCar: folds 
dawikon: calls $0.04
relu5870: folds 
Dorex2007: folds 
PokerDany_G: calls $0.03
Jet-Shark777: calls $0.02
*** FLOP *** [Ac Ts Ad]
PokerDany_G: checks 
Jet-Shark777: checks 
A.Alencar91: bets $0.08
dawikon: folds 
PokerDany_G: calls $0.08
Jet-Shark777: folds 
*** TURN *** [Ac Ts Ad] [2h]
PokerDany_G: checks 
A.Alencar91: bets $0.35 and is all-in
PokerDany_G: calls $0.35
*** RIVER *** [Ac Ts Ad 2h] [4h]
*** SHOW DOWN ***
PokerDany_G: shows [Kh Qh] (a pair of Aces)
A.Alencar91: shows [Kc As] (three of a kind, Aces)
A.Alencar91 collected $0.98 from pot
PokerDany_G cashed out the hand for $0.09
*** SUMMARY ***
Total pot $1.02 | Rake $0.04 
Board [Ac Ts Ad 2h 4h]
Seat 2: A.Alencar91 showed [Kc As] and won ($0.98) with three of a kind, Aces
Seat 3: Devil'sCar folded before Flop (didn't bet)
Seat 4: dawikon folded on the Flop
Seat 5: relu5870 folded before Flop (didn't bet)
Seat 6: Dorex2007 (button) folded before Flop (didn't bet)
Seat 7: PokerDany_G (small blind) showed [Kh Qh] and lost with a pair of Aces (cashed out).
Seat 8: Jet-Shark777 (big blind) folded on the Flop
Seat 9: 19Dima87 folded before Flop (didn't bet)



PokerStars Hand #233016730131:  Hold'em No Limit ($0.01/$0.02 USD) - 2022/01/10 14:16:33 PT [2022/01/10 17:16:33 ET]
Table 'Alhena VI' 9-max Seat #7 is the button
Seat 2: A.Alencar91 ($0.98 in chips) 
Seat 3: Devil'sCar ($2.03 in chips) 
Seat 4: dawikon ($1.61 in chips) 
Seat 5: relu5870 ($0.67 in chips) 
Seat 6: Dorex2007 ($2.09 in chips) 
Seat 7: PokerDany_G ($1.27 in chips) 
Seat 8: Jet-Shark777 ($1.93 in chips) 
Seat 9: 19Dima87 ($3.61 in chips) 
Jet-Shark777: posts small blind $0.01
19Dima87: posts big blind $0.02
JoaoEsberard: sits out 
*** HOLE CARDS ***
Dealt to Dorex2007 [Th 7s]
A.Alencar91: folds 
Devil'sCar: folds 
dawikon: calls $0.02
relu5870: folds 
Dorex2007: folds 
PokerDany_G: folds 
Jet-Shark777: calls $0.01
19Dima87: checks 
*** FLOP *** [4c 9s 8c]
Jet-Shark777: checks 
19Dima87: checks 
dawikon: bets $0.06
Jet-Shark777: folds 
19Dima87: folds 
Uncalled bet ($0.06) returned to dawikon
dawikon collected $0.06 from pot
dawikon: doesn't show hand 
*** SUMMARY ***
Total pot $0.06 | Rake $0 
Board [4c 9s 8c]
Seat 2: A.Alencar91 folded before Flop (didn't bet)
Seat 3: Devil'sCar folded before Flop (didn't bet)
Seat 4: dawikon collected ($0.06)
Seat 5: relu5870 folded before Flop (didn't bet)
Seat 6: Dorex2007 folded before Flop (didn't bet)
Seat 7: PokerDany_G (button) folded before Flop (didn't bet)
Seat 8: Jet-Shark777 (small blind) folded on the Flop
Seat 9: 19Dima87 (big blind) folded on the Flop



PokerStars Hand #233016754287:  Hold'em No Limit ($0.01/$0.02 USD) - 2022/01/10 14:17:12 PT [2022/01/10 17:17:12 ET]
Table 'Alhena VI' 9-max Seat #8 is the button
Seat 1: JoaoEsberard ($1.60 in chips) 
Seat 2: A.Alencar91 ($0.98 in chips) 
Seat 3: Devil'sCar ($2.03 in chips) 
Seat 4: dawikon ($1.65 in chips) 
Seat 5: relu5870 ($0.67 in chips) 
Seat 6: Dorex2007 ($2.09 in chips) 
Seat 7: PokerDany_G ($1.27 in chips) 
Seat 8: Jet-Shark777 ($1.91 in chips) 
Seat 9: 19Dima87 ($3.59 in chips) 
19Dima87: posts small blind $0.01
JoaoEsberard: posts big blind $0.02
*** HOLE CARDS ***
Dealt to Dorex2007 [4c 6d]
A.Alencar91: folds 
Devil'sCar: folds 
dawikon: calls $0.02
relu5870: folds 
Dorex2007: folds 
PokerDany_G: folds 
Jet-Shark777: folds 
19Dima87: raises $0.06 to $0.08
JoaoEsberard: raises $0.08 to $0.16
dawikon: folds 
19Dima87: calls $0.08
*** FLOP *** [Ad Jd Qs]
19Dima87: checks 
JoaoEsberard: bets $0.33
19Dima87: raises $0.99 to $1.32
JoaoEsberard: calls $0.99
*** TURN *** [Ad Jd Qs] [9h]
19Dima87: bets $0.12
JoaoEsberard: calls $0.12 and is all-in
*** RIVER *** [Ad Jd Qs 9h] [Td]
*** SHOW DOWN ***
19Dima87: shows [Qc Qd] (three of a kind, Queens)
JoaoEsberard: shows [Kd Kh] (a straight, Ten to Ace)
JoaoEsberard collected $3.11 from pot
*** SUMMARY ***
Total pot $3.22 | Rake $0.11 
Board [Ad Jd Qs 9h Td]
Seat 1: JoaoEsberard (big blind) showed [Kd Kh] and won ($3.11) with a straight, Ten to Ace
Seat 2: A.Alencar91 folded before Flop (didn't bet)
Seat 3: Devil'sCar folded before Flop (didn't bet)
Seat 4: dawikon folded before Flop
Seat 5: relu5870 folded before Flop (didn't bet)
Seat 6: Dorex2007 folded before Flop (didn't bet)
Seat 7: PokerDany_G folded before Flop (didn't bet)
Seat 8: Jet-Shark777 (button) folded before Flop (didn't bet)
Seat 9: 19Dima87 (small blind) showed [Qc Qd] and lost with three of a kind, Queens



PokerStars Hand #233016826627:  Hold'em No Limit ($0.01/$0.02 USD) - 2022/01/10 14:18:59 PT [2022/01/10 17:18:59 ET]
Table 'Alhena VI' 9-max Seat #9 is the button
Seat 1: JoaoEsberard ($3.11 in chips) 
Seat 2: A.Alencar91 ($0.98 in chips) 
Seat 3: Devil'sCar ($2.03 in chips) 
Seat 4: dawikon ($1.63 in chips) 
Seat 5: relu5870 ($0.67 in chips) 
Seat 6: Dorex2007 ($2.09 in chips) 
Seat 7: PokerDany_G ($1.27 in chips) 
Seat 8: Jet-Shark777 ($1.91 in chips) 
Seat 9: 19Dima87 ($1.99 in chips) 
JoaoEsberard: posts small blind $0.01
A.Alencar91: posts big blind $0.02
*** HOLE CARDS ***
Dealt to Dorex2007 [8h 9h]
Devil'sCar: folds 
dawikon: folds 
relu5870: folds 
Dorex2007: calls $0.02
PokerDany_G: folds 
Jet-Shark777: raises $0.06 to $0.08
19Dima87: calls $0.08
JoaoEsberard: folds 
A.Alencar91: folds 
Dorex2007: calls $0.06
*** FLOP *** [5c 4d 7c]
Dorex2007: checks 
Jet-Shark777: checks 
19Dima87: checks 
*** TURN *** [5c 4d 7c] [Ad]
Dorex2007: bets $0.13
Jet-Shark777: folds 
19Dima87: calls $0.13
*** RIVER *** [5c 4d 7c Ad] [2s]
Dorex2007: bets $0.26
19Dima87: calls $0.26
*** SHOW DOWN ***
Dorex2007: shows [8h 9h] (high card Ace)
19Dima87: shows [Js Ah] (a pair of Aces)
19Dima87 collected $1 from pot
*** SUMMARY ***
Total pot $1.05 | Rake $0.05 
Board [5c 4d 7c Ad 2s]
Seat 1: JoaoEsberard (small blind) folded before Flop
Seat 2: A.Alencar91 (big blind) folded before Flop
Seat 3: Devil'sCar folded before Flop (didn't bet)
Seat 4: dawikon folded before Flop (didn't bet)
Seat 5: relu5870 folded before Flop (didn't bet)
Seat 6: Dorex2007 showed [8h 9h] and lost with high card Ace
Seat 7: PokerDany_G folded before Flop (didn't bet)
Seat 8: Jet-Shark777 folded on the Turn
Seat 9: 19Dima87 (button) showed [Js Ah] and won ($1) with a pair of Aces



PokerStars Hand #233016853306:  Hold'em No Limit ($0.01/$0.02 USD) - 2022/01/10 14:19:43 PT [2022/01/10 17:19:43 ET]
Table 'Alhena VI' 9-max Seat #1 is the button
Seat 1: JoaoEsberard ($3.10 in chips) 
Seat 2: A.Alencar91 ($0.96 in chips) 
Seat 3: Devil'sCar ($2.03 in chips) 
Seat 4: dawikon ($1.63 in chips) 
Seat 5: relu5870 ($0.67 in chips) 
Seat 6: Dorex2007 ($2 in chips) 
Seat 7: PokerDany_G ($1.27 in chips) 
Seat 8: Jet-Shark777 ($1.83 in chips) 
Seat 9: 19Dima87 ($2.52 in chips) 
A.Alencar91: posts small blind $0.01
Devil'sCar: posts big blind $0.02
*** HOLE CARDS ***
Dealt to Dorex2007 [6d 5c]
dawikon: raises $0.02 to $0.04
relu5870: raises $0.02 to $0.06
Dorex2007: folds 
PokerDany_G: folds 
Jet-Shark777: folds 
19Dima87: calls $0.06
JoaoEsberard: folds 
A.Alencar91: calls $0.05
Devil'sCar: folds 
dawikon: calls $0.02
*** FLOP *** [7s Kh Qh]
A.Alencar91: checks 
dawikon: checks 
relu5870: bets $0.06
19Dima87: calls $0.06
A.Alencar91: calls $0.06
dawikon: folds 
*** TURN *** [7s Kh Qh] [Jd]
A.Alencar91: checks 
relu5870: checks 
19Dima87: checks 
*** RIVER *** [7s Kh Qh Jd] [2c]
A.Alencar91: checks 
relu5870: bets $0.08
19Dima87: calls $0.08
A.Alencar91: folds 
*** SHOW DOWN ***
relu5870: shows [Ac Ad] (a pair of Aces)
19Dima87: mucks hand 
relu5870 collected $0.58 from pot
*** SUMMARY ***
Total pot $0.60 | Rake $0.02 
Board [7s Kh Qh Jd 2c]
Seat 1: JoaoEsberard (button) folded before Flop (didn't bet)
Seat 2: A.Alencar91 (small blind) folded on the River
Seat 3: Devil'sCar (big blind) folded before Flop
Seat 4: dawikon folded on the Flop
Seat 5: relu5870 showed [Ac Ad] and won ($0.58) with a pair of Aces
Seat 6: Dorex2007 folded before Flop (didn't bet)
Seat 7: PokerDany_G folded before Flop (didn't bet)
Seat 8: Jet-Shark777 folded before Flop (didn't bet)
Seat 9: 19Dima87 mucked [Qs Th]



PokerStars Hand #233016890547:  Hold'em No Limit ($0.01/$0.02 USD) - 2022/01/10 14:20:44 PT [2022/01/10 17:20:44 ET]
Table 'Alhena VI' 9-max Seat #2 is the button
Seat 1: JoaoEsberard ($3.10 in chips) 
Seat 2: A.Alencar91 ($0.84 in chips) 
Seat 3: Devil'sCar ($2.01 in chips) 
Seat 4: dawikon ($1.57 in chips) 
Seat 5: relu5870 ($1.05 in chips) 
Seat 6: Dorex2007 ($2 in chips) 
Seat 7: PokerDany_G ($1.27 in chips) 
Seat 8: Jet-Shark777 ($1.83 in chips) 
Seat 9: 19Dima87 ($2.32 in chips) 
Devil'sCar: posts small blind $0.01
dawikon: posts big blind $0.02
*** HOLE CARDS ***
Dealt to Dorex2007 [8d Js]
relu5870: folds 
Dorex2007: folds 
PokerDany_G: raises $0.04 to $0.06
Jet-Shark777: folds 
19Dima87: folds 
JoaoEsberard: folds 
A.Alencar91: folds 
Devil'sCar: folds 
dawikon: folds 
Uncalled bet ($0.04) returned to PokerDany_G
PokerDany_G collected $0.05 from pot
PokerDany_G: doesn't show hand 
*** SUMMARY ***
Total pot $0.05 | Rake $0 
Seat 1: JoaoEsberard folded before Flop (didn't bet)
Seat 2: A.Alencar91 (button) folded before Flop (didn't bet)
Seat 3: Devil'sCar (small blind) folded before Flop
Seat 4: dawikon (big blind) folded before Flop
Seat 5: relu5870 folded before Flop (didn't bet)
Seat 6: Dorex2007 folded before Flop (didn't bet)
Seat 7: PokerDany_G collected ($0.05)
Seat 8: Jet-Shark777 folded before Flop (didn't bet)
Seat 9: 19Dima87 folded before Flop (didn't bet)



PokerStars Hand #233016905380:  Hold'em No Limit ($0.01/$0.02 USD) - 2022/01/10 14:21:08 PT [2022/01/10 17:21:08 ET]
Table 'Alhena VI' 9-max Seat #3 is the button
Seat 1: JoaoEsberard ($3.10 in chips) 
Seat 2: A.Alencar91 ($0.84 in chips) 
Seat 3: Devil'sCar ($2 in chips) 
Seat 4: dawikon ($1.55 in chips) 
Seat 5: relu5870 ($1.05 in chips) 
Seat 6: Dorex2007 ($2 in chips) 
Seat 7: PokerDany_G ($1.30 in chips) 
Seat 8: Jet-Shark777 ($1.83 in chips) 
Seat 9: 19Dima87 ($2.32 in chips) 
dawikon: posts small blind $0.01
relu5870: posts big blind $0.02
*** HOLE CARDS ***
Dealt to Dorex2007 [Ks Th]
Dorex2007: folds 
PokerDany_G: folds 
Jet-Shark777: folds 
19Dima87: calls $0.02
JoaoEsberard: folds 
A.Alencar91: folds 
Devil'sCar: calls $0.02
dawikon: calls $0.01
relu5870: checks 
*** FLOP *** [9c Jd 2h]
dawikon: checks 
relu5870: checks 
19Dima87: checks 
Devil'sCar: checks 
*** TURN *** [9c Jd 2h] [8s]
dawikon: bets $0.04
relu5870: folds 
19Dima87: calls $0.04
Devil'sCar: calls $0.04
*** RIVER *** [9c Jd 2h 8s] [Tc]
dawikon: checks 
19Dima87: checks 
Devil'sCar: checks 
*** SHOW DOWN ***
dawikon: shows [Jh 7s] (a straight, Seven to Jack)
19Dima87: shows [9d 7h] (a straight, Seven to Jack)
Devil'sCar: mucks hand 
dawikon collected $0.10 from pot
19Dima87 collected $0.09 from pot
*** SUMMARY ***
Total pot $0.20 | Rake $0.01 
Board [9c Jd 2h 8s Tc]
Seat 1: JoaoEsberard folded before Flop (didn't bet)
Seat 2: A.Alencar91 folded before Flop (didn't bet)
Seat 3: Devil'sCar (button) mucked [Td Ad]
Seat 4: dawikon (small blind) showed [Jh 7s] and won ($0.10) with a straight, Seven to Jack
Seat 5: relu5870 (big blind) folded on the Turn
Seat 6: Dorex2007 folded before Flop (didn't bet)
Seat 7: PokerDany_G folded before Flop (didn't bet)
Seat 8: Jet-Shark777 folded before Flop (didn't bet)
Seat 9: 19Dima87 showed [9d 7h] and won ($0.09) with a straight, Seven to Jack



PokerStars Hand #233016943745:  Hold'em No Limit ($0.01/$0.02 USD) - 2022/01/10 14:22:11 PT [2022/01/10 17:22:11 ET]
Table 'Alhena VI' 9-max Seat #4 is the button
Seat 1: JoaoEsberard ($3.10 in chips) 
Seat 2: A.Alencar91 ($0.84 in chips) 
Seat 3: Devil'sCar ($2 in chips) 
Seat 4: dawikon ($1.59 in chips) 
Seat 5: relu5870 ($1.03 in chips) 
Seat 6: Dorex2007 ($2 in chips) 
Seat 7: PokerDany_G ($1.30 in chips) 
Seat 8: Jet-Shark777 ($1.83 in chips) 
Seat 9: 19Dima87 ($2.35 in chips) 
relu5870: posts small blind $0.01
Dorex2007: posts big blind $0.02
*** HOLE CARDS ***
Dealt to Dorex2007 [Jh 8c]
PokerDany_G: folds 
Jet-Shark777: calls $0.02
19Dima87: folds 
JoaoEsberard: folds 
A.Alencar91: folds 
Devil'sCar: raises $0.06 to $0.08
dawikon: calls $0.08
relu5870: folds 
Dorex2007: folds 
Jet-Shark777: calls $0.06
*** FLOP *** [5h 8h Ad]
Jet-Shark777: checks 
Devil'sCar: bets $0.20
dawikon: calls $0.20
Jet-Shark777: calls $0.20
*** TURN *** [5h 8h Ad] [2s]
Jet-Shark777: checks 
Devil'sCar: bets $0.62
dawikon: calls $0.62
Jet-Shark777: folds 
*** RIVER *** [5h 8h Ad 2s] [Ks]
Devil'sCar: bets $0.70
dawikon: calls $0.69 and is all-in
Uncalled bet ($0.01) returned to Devil'sCar
*** SHOW DOWN ***
Devil'sCar: shows [Qh Ac] (a pair of Aces)
dawikon: shows [5d 8d] (two pair, Eights and Fives)
dawikon collected $3.37 from pot
*** SUMMARY ***
Total pot $3.49 | Rake $0.12 
Board [5h 8h Ad 2s Ks]
Seat 1: JoaoEsberard folded before Flop (didn't bet)
Seat 2: A.Alencar91 folded before Flop (didn't bet)
Seat 3: Devil'sCar showed [Qh Ac] and lost with a pair of Aces
Seat 4: dawikon (button) showed [5d 8d] and won ($3.37) with two pair, Eights and Fives
Seat 5: relu5870 (small blind) folded before Flop
Seat 6: Dorex2007 (big blind) folded before Flop
Seat 7: PokerDany_G folded before Flop (didn't bet)
Seat 8: Jet-Shark777 folded on the Turn
Seat 9: 19Dima87 folded before Flop (didn't bet)



PokerStars Hand #233016995246:  Hold'em No Limit ($0.01/$0.02 USD) - 2022/01/10 14:23:36 PT [2022/01/10 17:23:36 ET]
Table 'Alhena VI' 9-max Seat #5 is the button
Seat 1: JoaoEsberard ($3.10 in chips) 
Seat 2: A.Alencar91 ($0.84 in chips) 
Seat 3: Devil'sCar ($2 in chips) 
Seat 4: dawikon ($3.37 in chips) 
Seat 5: relu5870 ($1.02 in chips) 
Seat 6: Dorex2007 ($2 in chips) 
Seat 7: PokerDany_G ($1.30 in chips) 
Seat 8: Jet-Shark777 ($1.55 in chips) 
Seat 9: 19Dima87 ($2.35 in chips) 
Dorex2007: posts small blind $0.01
PokerDany_G: posts big blind $0.02
*** HOLE CARDS ***
Dealt to Dorex2007 [Qh Ac]
Jet-Shark777: folds 
19Dima87: folds 
JoaoEsberard: folds 
A.Alencar91: folds 
Devil'sCar: folds 
dawikon: calls $0.02
relu5870: calls $0.02
Dorex2007: raises $0.06 to $0.08
PokerDany_G: folds 
dawikon: folds 
relu5870: folds 
Uncalled bet ($0.06) returned to Dorex2007
Dorex2007 collected $0.08 from pot
Dorex2007: doesn't show hand 
*** SUMMARY ***
Total pot $0.08 | Rake $0 
Seat 1: JoaoEsberard folded before Flop (didn't bet)
Seat 2: A.Alencar91 folded before Flop (didn't bet)
Seat 3: Devil'sCar folded before Flop (didn't bet)
Seat 4: dawikon folded before Flop
Seat 5: relu5870 (button) folded before Flop
Seat 6: Dorex2007 (small blind) collected ($0.08)
Seat 7: PokerDany_G (big blind) folded before Flop
Seat 8: Jet-Shark777 folded before Flop (didn't bet)
Seat 9: 19Dima87 folded before Flop (didn't bet)



PokerStars Hand #233017015953:  Hold'em No Limit ($0.01/$0.02 USD) - 2022/01/10 14:24:11 PT [2022/01/10 17:24:11 ET]
Table 'Alhena VI' 9-max Seat #6 is the button
Seat 1: JoaoEsberard ($3.10 in chips) 
Seat 2: A.Alencar91 ($0.84 in chips) 
Seat 3: Devil'sCar ($2 in chips) 
Seat 4: dawikon ($3.35 in chips) 
Seat 5: relu5870 ($1 in chips) 
Seat 6: Dorex2007 ($2.06 in chips) 
Seat 7: PokerDany_G ($1.28 in chips) 
Seat 8: Jet-Shark777 ($1.55 in chips) 
Seat 9: 19Dima87 ($2.35 in chips) 
PokerDany_G: posts small blind $0.01
Jet-Shark777: posts big blind $0.02
*** HOLE CARDS ***
Dealt to Dorex2007 [Kd 3s]
19Dima87: calls $0.02
JoaoEsberard: folds 
A.Alencar91: folds 
Devil'sCar has timed out
Devil'sCar: folds 
dawikon: calls $0.02
relu5870: folds 
Dorex2007: folds 
PokerDany_G: folds 
Jet-Shark777: checks 
*** FLOP *** [Qs Ac 2d]
Jet-Shark777: checks 
19Dima87: checks 
dawikon: bets $0.02
Jet-Shark777: folds 
19Dima87: folds 
Uncalled bet ($0.02) returned to dawikon
dawikon collected $0.07 from pot
dawikon: doesn't show hand 
*** SUMMARY ***
Total pot $0.07 | Rake $0 
Board [Qs Ac 2d]
Seat 1: JoaoEsberard folded before Flop (didn't bet)
Seat 2: A.Alencar91 folded before Flop (didn't bet)
Seat 3: Devil'sCar folded before Flop (didn't bet)
Seat 4: dawikon collected ($0.07)
Seat 5: relu5870 folded before Flop (didn't bet)
Seat 6: Dorex2007 (button) folded before Flop (didn't bet)
Seat 7: PokerDany_G (small blind) folded before Flop
Seat 8: Jet-Shark777 (big blind) folded on the Flop
Seat 9: 19Dima87 folded on the Flop



PokerStars Hand #233017042921:  Hold'em No Limit ($0.01/$0.02 USD) - 2022/01/10 14:24:56 PT [2022/01/10 17:24:56 ET]
Table 'Alhena VI' 9-max Seat #7 is the button
Seat 1: JoaoEsberard ($3.10 in chips) 
Seat 2: A.Alencar91 ($0.84 in chips) 
Seat 4: dawikon ($3.40 in chips) 
Seat 5: relu5870 ($1 in chips) 
Seat 6: Dorex2007 ($2.06 in chips) 
Seat 7: PokerDany_G ($1.27 in chips) 
Seat 8: Jet-Shark777 ($1.53 in chips) 
Seat 9: 19Dima87 ($2.33 in chips) 
Jet-Shark777: posts small blind $0.01
19Dima87: posts big blind $0.02
*** HOLE CARDS ***
Dealt to Dorex2007 [3d 3h]
JoaoEsberard: folds 
A.Alencar91: folds 
dawikon: calls $0.02
relu5870: calls $0.02
Dorex2007: calls $0.02
PokerDany_G: folds 
Jet-Shark777: calls $0.01
19Dima87: raises $0.04 to $0.06
dawikon: calls $0.04
relu5870: calls $0.04
Dorex2007: folds 
Jet-Shark777: folds 
*** FLOP *** [4d 5d Qh]
19Dima87: bets $0.10
dawikon: folds 
relu5870: calls $0.10
*** TURN *** [4d 5d Qh] [9s]
19Dima87: checks 
relu5870: checks 
*** RIVER *** [4d 5d Qh 9s] [Qs]
19Dima87: checks 
relu5870: bets $0.22
19Dima87: calls $0.22
*** SHOW DOWN ***
relu5870: shows [Ts Qc] (three of a kind, Queens)
19Dima87: mucks hand 
relu5870 collected $0.83 from pot
*** SUMMARY ***
Total pot $0.86 | Rake $0.03 
Board [4d 5d Qh 9s Qs]
Seat 1: JoaoEsberard folded before Flop (didn't bet)
Seat 2: A.Alencar91 folded before Flop (didn't bet)
Seat 4: dawikon folded on the Flop
Seat 5: relu5870 showed [Ts Qc] and won ($0.83) with three of a kind, Queens
Seat 6: Dorex2007 folded before Flop
Seat 7: PokerDany_G (button) folded before Flop (didn't bet)
Seat 8: Jet-Shark777 (small blind) folded before Flop
Seat 9: 19Dima87 (big blind) mucked [8c 8s]



PokerStars Hand #233017092582:  Hold'em No Limit ($0.01/$0.02 USD) - 2022/01/10 14:26:19 PT [2022/01/10 17:26:19 ET]
Table 'Alhena VI' 9-max Seat #8 is the button
Seat 1: JoaoEsberard ($3.10 in chips) 
Seat 2: A.Alencar91 ($0.84 in chips) 
Seat 3: Devil'sCar ($2 in chips) 
Seat 4: dawikon ($3.34 in chips) 
Seat 5: relu5870 ($1.45 in chips) 
Seat 6: Dorex2007 ($2.04 in chips) 
Seat 7: PokerDany_G ($1.27 in chips) 
Seat 8: Jet-Shark777 ($1.51 in chips) 
Seat 9: 19Dima87 ($1.95 in chips) 
19Dima87: posts small blind $0.01
JoaoEsberard: posts big blind $0.02
*** HOLE CARDS ***
Dealt to Dorex2007 [7s Js]
A.Alencar91: raises $0.02 to $0.04
Devil'sCar: folds 
dawikon: calls $0.04
relu5870: folds 
Dorex2007: folds 
PokerDany_G: folds 
Jet-Shark777: folds 
19Dima87: calls $0.03
JoaoEsberard: folds 
*** FLOP *** [Kd 5d Th]
19Dima87: checks 
A.Alencar91: checks 
dawikon: checks 
*** TURN *** [Kd 5d Th] [Kh]
19Dima87: bets $0.07
A.Alencar91: folds 
dawikon: calls $0.07
*** RIVER *** [Kd 5d Th Kh] [4c]
19Dima87: bets $0.17
dawikon: folds 
Uncalled bet ($0.17) returned to 19Dima87
19Dima87 collected $0.27 from pot
19Dima87: doesn't show hand 
*** SUMMARY ***
Total pot $0.28 | Rake $0.01 
Board [Kd 5d Th Kh 4c]
Seat 1: JoaoEsberard (big blind) folded before Flop
Seat 2: A.Alencar91 folded on the Turn
Seat 3: Devil'sCar folded before Flop (didn't bet)
Seat 4: dawikon folded on the River
Seat 5: relu5870 folded before Flop (didn't bet)
Seat 6: Dorex2007 folded before Flop (didn't bet)
Seat 7: PokerDany_G folded before Flop (didn't bet)
Seat 8: Jet-Shark777 (button) folded before Flop (didn't bet)
Seat 9: 19Dima87 (small blind) collected ($0.27)



PokerStars Hand #233017134366:  Hold'em No Limit ($0.01/$0.02 USD) - 2022/01/10 14:27:30 PT [2022/01/10 17:27:30 ET]
Table 'Alhena VI' 9-max Seat #9 is the button
Seat 1: JoaoEsberard ($3.08 in chips) 
Seat 2: A.Alencar91 ($0.80 in chips) 
Seat 3: Devil'sCar ($2 in chips) 
Seat 4: dawikon ($3.23 in chips) 
Seat 5: relu5870 ($1.45 in chips) 
Seat 6: Dorex2007 ($2.04 in chips) 
Seat 7: PokerDany_G ($1.27 in chips) 
Seat 8: Jet-Shark777 ($1.51 in chips) 
Seat 9: 19Dima87 ($2.11 in chips) 
JoaoEsberard: posts small blind $0.01
A.Alencar91: posts big blind $0.02
*** HOLE CARDS ***
Dealt to Dorex2007 [3h Kc]
Devil'sCar: folds 
dawikon: calls $0.02
relu5870: raises $0.04 to $0.06
Dorex2007: folds 
PokerDany_G: folds 
Jet-Shark777: folds 
19Dima87: folds 
JoaoEsberard: folds 
A.Alencar91: folds 
dawikon: calls $0.04
*** FLOP *** [As Jh 4h]
dawikon: checks 
relu5870: checks 
*** TURN *** [As Jh 4h] [7d]
dawikon: checks 
relu5870: bets $0.08
dawikon: calls $0.08
*** RIVER *** [As Jh 4h 7d] [2c]
dawikon: checks 
relu5870: checks 
*** SHOW DOWN ***
dawikon: shows [Ac Td] (a pair of Aces)
relu5870: mucks hand 
dawikon collected $0.30 from pot
*** SUMMARY ***
Total pot $0.31 | Rake $0.01 
Board [As Jh 4h 7d 2c]
Seat 1: JoaoEsberard (small blind) folded before Flop
Seat 2: A.Alencar91 (big blind) folded before Flop
Seat 3: Devil'sCar folded before Flop (didn't bet)
Seat 4: dawikon showed [Ac Td] and won ($0.30) with a pair of Aces
Seat 5: relu5870 mucked [Qd Qh]
Seat 6: Dorex2007 folded before Flop (didn't bet)
Seat 7: PokerDany_G folded before Flop (didn't bet)
Seat 8: Jet-Shark777 folded before Flop (didn't bet)
Seat 9: 19Dima87 (button) folded before Flop (didn't bet)



PokerStars Hand #233017167193:  Hold'em No Limit ($0.01/$0.02 USD) - 2022/01/10 14:28:26 PT [2022/01/10 17:28:26 ET]
Table 'Alhena VI' 9-max Seat #1 is the button
Seat 1: JoaoEsberard ($3.07 in chips) 
Seat 2: A.Alencar91 ($0.78 in chips) 
Seat 3: Devil'sCar ($2 in chips) 
Seat 4: dawikon ($3.39 in chips) 
Seat 5: relu5870 ($1.31 in chips) 
Seat 6: Dorex2007 ($2.04 in chips) 
Seat 7: PokerDany_G ($1.27 in chips) 
Seat 8: Jet-Shark777 ($1.51 in chips) 
Seat 9: 19Dima87 ($2.11 in chips) 
A.Alencar91: posts small blind $0.01
Devil'sCar: posts big blind $0.02
*** HOLE CARDS ***
Dealt to Dorex2007 [2c Ac]
dawikon: folds 
relu5870: folds 
Dorex2007: folds 
PokerDany_G: folds 
Jet-Shark777: raises $0.04 to $0.06
19Dima87: folds 
JoaoEsberard: calls $0.06
A.Alencar91: folds 
Devil'sCar: folds 
*** FLOP *** [Kh 3h As]
Jet-Shark777: bets $0.06
JoaoEsberard: calls $0.06
*** TURN *** [Kh 3h As] [3d]
Jet-Shark777: checks 
JoaoEsberard: bets $0.18
Jet-Shark777: folds 
Uncalled bet ($0.18) returned to JoaoEsberard
JoaoEsberard collected $0.26 from pot
JoaoEsberard: doesn't show hand 
*** SUMMARY ***
Total pot $0.27 | Rake $0.01 
Board [Kh 3h As 3d]
Seat 1: JoaoEsberard (button) collected ($0.26)
Seat 2: A.Alencar91 (small blind) folded before Flop
Seat 3: Devil'sCar (big blind) folded before Flop
Seat 4: dawikon folded before Flop (didn't bet)
Seat 5: relu5870 folded before Flop (didn't bet)
Seat 6: Dorex2007 folded before Flop (didn't bet)
Seat 7: PokerDany_G folded before Flop (didn't bet)
Seat 8: Jet-Shark777 folded on the Turn
Seat 9: 19Dima87 folded before Flop (didn't bet)



PokerStars Hand #233017195438:  Hold'em No Limit ($0.01/$0.02 USD) - 2022/01/10 14:29:13 PT [2022/01/10 17:29:13 ET]
Table 'Alhena VI' 9-max Seat #2 is the button
Seat 1: JoaoEsberard ($3.21 in chips) 
Seat 2: A.Alencar91 ($0.77 in chips) 
Seat 3: Devil'sCar ($2 in chips) 
Seat 4: dawikon ($3.39 in chips) 
Seat 5: relu5870 ($1.31 in chips) 
Seat 6: Dorex2007 ($2.04 in chips) 
Seat 7: PokerDany_G ($1.27 in chips) 
Seat 8: Jet-Shark777 ($1.39 in chips) 
Seat 9: 19Dima87 ($2.11 in chips) 
Devil'sCar: posts small blind $0.01
dawikon: posts big blind $0.02
*** HOLE CARDS ***
Dealt to Dorex2007 [Tc 4h]
relu5870: folds 
Dorex2007: folds 
PokerDany_G: folds 
Jet-Shark777: folds 
19Dima87: calls $0.02
JoaoEsberard: raises $0.04 to $0.06
A.Alencar91: folds 
Devil'sCar: folds 
dawikon: calls $0.04
19Dima87: calls $0.04
*** FLOP *** [2h 7h 7c]
dawikon: checks 
19Dima87: checks 
JoaoEsberard: checks 
*** TURN *** [2h 7h 7c] [6c]
dawikon: checks 
19Dima87: checks 
JoaoEsberard: bets $0.13
dawikon: folds 
19Dima87: folds 
Uncalled bet ($0.13) returned to JoaoEsberard
JoaoEsberard collected $0.18 from pot
JoaoEsberard: doesn't show hand 
*** SUMMARY ***
Total pot $0.19 | Rake $0.01 
Board [2h 7h 7c 6c]
Seat 1: JoaoEsberard collected ($0.18)
Seat 2: A.Alencar91 (button) folded before Flop (didn't bet)
Seat 3: Devil'sCar (small blind) folded before Flop
Seat 4: dawikon (big blind) folded on the Turn
Seat 5: relu5870 folded before Flop (didn't bet)
Seat 6: Dorex2007 folded before Flop (didn't bet)
Seat 7: PokerDany_G folded before Flop (didn't bet)
Seat 8: Jet-Shark777 folded before Flop (didn't bet)
Seat 9: 19Dima87 folded on the Turn



PokerStars Hand #233017243024:  Hold'em No Limit ($0.01/$0.02 USD) - 2022/01/10 14:30:18 PT [2022/01/10 17:30:18 ET]
Table 'Alhena VI' 9-max Seat #3 is the button
Seat 1: JoaoEsberard ($3.33 in chips) 
Seat 2: A.Alencar91 ($0.77 in chips) 
Seat 3: Devil'sCar ($2 in chips) 
Seat 4: dawikon ($3.33 in chips) 
Seat 5: relu5870 ($1.31 in chips) 
Seat 6: Dorex2007 ($2.04 in chips) 
Seat 7: PokerDany_G ($1.27 in chips) 
Seat 8: Jet-Shark777 ($1.39 in chips) 
Seat 9: 19Dima87 ($2.05 in chips) 
dawikon: posts small blind $0.01
relu5870: posts big blind $0.02
*** HOLE CARDS ***
Dealt to Dorex2007 [Jd 9h]
Dorex2007: folds 
PokerDany_G has timed out
PokerDany_G: folds 
Jet-Shark777: raises $0.04 to $0.06
19Dima87: raises $0.15 to $0.21
JoaoEsberard: folds 
A.Alencar91: folds 
Devil'sCar: folds 
dawikon: folds 
relu5870: folds 
Jet-Shark777: calls $0.15
*** FLOP *** [Ad 5s 6c]
Jet-Shark777: checks 
19Dima87: bets $0.21
Jet-Shark777: folds 
Uncalled bet ($0.21) returned to 19Dima87
19Dima87 collected $0.43 from pot
19Dima87: doesn't show hand 
*** SUMMARY ***
Total pot $0.45 | Rake $0.02 
Board [Ad 5s 6c]
Seat 1: JoaoEsberard folded before Flop (didn't bet)
Seat 2: A.Alencar91 folded before Flop (didn't bet)
Seat 3: Devil'sCar (button) folded before Flop (didn't bet)
Seat 4: dawikon (small blind) folded before Flop
Seat 5: relu5870 (big blind) folded before Flop
Seat 6: Dorex2007 folded before Flop (didn't bet)
Seat 7: PokerDany_G folded before Flop (didn't bet)
Seat 8: Jet-Shark777 folded on the Flop
Seat 9: 19Dima87 collected ($0.43)



PokerStars Hand #233017283148:  Hold'em No Limit ($0.01/$0.02 USD) - 2022/01/10 14:31:27 PT [2022/01/10 17:31:27 ET]
Table 'Alhena VI' 9-max Seat #4 is the button
Seat 1: JoaoEsberard ($3.33 in chips) 
Seat 2: A.Alencar91 ($0.77 in chips) 
Seat 3: Devil'sCar ($2 in chips) 
Seat 4: dawikon ($3.32 in chips) 
Seat 5: relu5870 ($1.29 in chips) 
Seat 6: Dorex2007 ($2.04 in chips) 
Seat 7: PokerDany_G ($1.27 in chips) 
Seat 8: Jet-Shark777 ($1.18 in chips) 
Seat 9: 19Dima87 ($2.27 in chips) 
relu5870: posts small blind $0.01
Dorex2007: posts big blind $0.02
*** HOLE CARDS ***
Dealt to Dorex2007 [Td 6c]
PokerDany_G: folds 
Jet-Shark777: calls $0.02
19Dima87: calls $0.02
JoaoEsberard: folds 
A.Alencar91: folds 
Devil'sCar: folds 
dawikon: folds 
relu5870: folds 
Dorex2007: checks 
*** FLOP *** [Jc Ac As]
Dorex2007: checks 
Jet-Shark777: checks 
19Dima87: checks 
*** TURN *** [Jc Ac As] [3s]
Dorex2007: checks 
Jet-Shark777: checks 
19Dima87: checks 
*** RIVER *** [Jc Ac As 3s] [9s]
Dorex2007: checks 
Jet-Shark777: checks 
19Dima87: checks 
*** SHOW DOWN ***
Dorex2007: shows [Td 6c] (a pair of Aces)
Jet-Shark777: shows [Qs Tc] (a pair of Aces - Queen kicker)
19Dima87: shows [2s 3h] (two pair, Aces and Threes)
19Dima87 collected $0.07 from pot
*** SUMMARY ***
Total pot $0.07 | Rake $0 
Board [Jc Ac As 3s 9s]
Seat 1: JoaoEsberard folded before Flop (didn't bet)
Seat 2: A.Alencar91 folded before Flop (didn't bet)
Seat 3: Devil'sCar folded before Flop (didn't bet)
Seat 4: dawikon (button) folded before Flop (didn't bet)
Seat 5: relu5870 (small blind) folded before Flop
Seat 6: Dorex2007 (big blind) showed [Td 6c] and lost with a pair of Aces
Seat 7: PokerDany_G folded before Flop (didn't bet)
Seat 8: Jet-Shark777 showed [Qs Tc] and lost with a pair of Aces
Seat 9: 19Dima87 showed [2s 3h] and won ($0.07) with two pair, Aces and Threes



PokerStars Hand #233017310161:  Hold'em No Limit ($0.01/$0.02 USD) - 2022/01/10 14:32:13 PT [2022/01/10 17:32:13 ET]
Table 'Alhena VI' 9-max Seat #5 is the button
Seat 1: JoaoEsberard ($3.33 in chips) 
Seat 2: A.Alencar91 ($0.77 in chips) 
Seat 3: Devil'sCar ($2 in chips) 
Seat 4: dawikon ($3.32 in chips) 
Seat 5: relu5870 ($1.28 in chips) 
Seat 6: Dorex2007 ($2.02 in chips) 
Seat 7: PokerDany_G ($1.27 in chips) 
Seat 8: Jet-Shark777 ($1.16 in chips) 
Seat 9: 19Dima87 ($2.32 in chips) 
Dorex2007: posts small blind $0.01
PokerDany_G: posts big blind $0.02
*** HOLE CARDS ***
Dealt to Dorex2007 [3d 6h]
Jet-Shark777: folds 
19Dima87: calls $0.02
JoaoEsberard: folds 
A.Alencar91: folds 
Devil'sCar: folds 
dawikon: calls $0.02
relu5870: folds 
Dorex2007: folds 
PokerDany_G: checks 
*** FLOP *** [4d Qs 6c]
PokerDany_G: checks 
19Dima87: checks 
dawikon: checks 
*** TURN *** [4d Qs 6c] [9s]
PokerDany_G: checks 
19Dima87: checks 
dawikon: checks 
*** RIVER *** [4d Qs 6c 9s] [Td]
PokerDany_G: checks 
19Dima87: checks 
dawikon: bets $0.04
PokerDany_G: folds 
19Dima87: calls $0.04
*** SHOW DOWN ***
dawikon: shows [7c Ts] (a pair of Tens)
19Dima87: shows [Kd Th] (a pair of Tens - King kicker)
19Dima87 collected $0.14 from pot
*** SUMMARY ***
Total pot $0.15 | Rake $0.01 
Board [4d Qs 6c 9s Td]
Seat 1: JoaoEsberard folded before Flop (didn't bet)
Seat 2: A.Alencar91 folded before Flop (didn't bet)
Seat 3: Devil'sCar folded before Flop (didn't bet)
Seat 4: dawikon showed [7c Ts] and lost with a pair of Tens
Seat 5: relu5870 (button) folded before Flop (didn't bet)
Seat 6: Dorex2007 (small blind) folded before Flop
Seat 7: PokerDany_G (big blind) folded on the River
Seat 8: Jet-Shark777 folded before Flop (didn't bet)
Seat 9: 19Dima87 showed [Kd Th] and won ($0.14) with a pair of Tens



PokerStars Hand #233017346990:  Hold'em No Limit ($0.01/$0.02 USD) - 2022/01/10 14:33:16 PT [2022/01/10 17:33:16 ET]
Table 'Alhena VI' 9-max Seat #6 is the button
Seat 1: JoaoEsberard ($3.33 in chips) 
Seat 2: A.Alencar91 ($0.77 in chips) 
Seat 3: Devil'sCar ($2 in chips) 
Seat 4: dawikon ($3.26 in chips) 
Seat 5: relu5870 ($1.28 in chips) 
Seat 6: Dorex2007 ($2.01 in chips) 
Seat 7: PokerDany_G ($1.25 in chips) 
Seat 8: Jet-Shark777 ($1.16 in chips) 
Seat 9: 19Dima87 ($2.40 in chips) 
PokerDany_G: posts small blind $0.01
Jet-Shark777: posts big blind $0.02
*** HOLE CARDS ***
Dealt to Dorex2007 [2d Jh]
19Dima87: folds 
JoaoEsberard: folds 
A.Alencar91: folds 
Devil'sCar: folds 
dawikon: calls $0.02
relu5870: folds 
Dorex2007: folds 
PokerDany_G: raises $0.06 to $0.08
Jet-Shark777: calls $0.06
dawikon: folds 
*** FLOP *** [9h Jd 4s]
PokerDany_G: bets $0.09
Jet-Shark777: calls $0.09
*** TURN *** [9h Jd 4s] [7h]
PokerDany_G: bets $0.08
Jet-Shark777: calls $0.08
*** RIVER *** [9h Jd 4s 7h] [8c]
PokerDany_G: checks 
Jet-Shark777: bets $0.16
PokerDany_G: folds 
Uncalled bet ($0.16) returned to Jet-Shark777
Jet-Shark777 collected $0.50 from pot
Jet-Shark777: doesn't show hand 
*** SUMMARY ***
Total pot $0.52 | Rake $0.02 
Board [9h Jd 4s 7h 8c]
Seat 1: JoaoEsberard folded before Flop (didn't bet)
Seat 2: A.Alencar91 folded before Flop (didn't bet)
Seat 3: Devil'sCar folded before Flop (didn't bet)
Seat 4: dawikon folded before Flop
Seat 5: relu5870 folded before Flop (didn't bet)
Seat 6: Dorex2007 (button) folded before Flop (didn't bet)
Seat 7: PokerDany_G (small blind) folded on the River
Seat 8: Jet-Shark777 (big blind) collected ($0.50)
Seat 9: 19Dima87 folded before Flop (didn't bet)



PokerStars Hand #233017386977:  Hold'em No Limit ($0.01/$0.02 USD) - 2022/01/10 14:34:25 PT [2022/01/10 17:34:25 ET]
Table 'Alhena VI' 9-max Seat #7 is the button
Seat 1: JoaoEsberard ($3.33 in chips) 
Seat 2: A.Alencar91 ($0.77 in chips) 
Seat 3: Devil'sCar ($2 in chips) 
Seat 4: dawikon ($3.24 in chips) 
Seat 5: relu5870 ($1.28 in chips) 
Seat 6: Dorex2007 ($2.01 in chips) 
Seat 7: PokerDany_G ($1 in chips) 
Seat 8: Jet-Shark777 ($1.41 in chips) 
Seat 9: 19Dima87 ($2.40 in chips) 
Jet-Shark777: posts small blind $0.01
19Dima87: posts big blind $0.02
*** HOLE CARDS ***
Dealt to Dorex2007 [7d Kd]
JoaoEsberard: folds 
A.Alencar91: folds 
Devil'sCar: folds 
dawikon: calls $0.02
relu5870: folds 
Dorex2007: calls $0.02
PokerDany_G: folds 
Jet-Shark777: calls $0.01
19Dima87: checks 
*** FLOP *** [6s Qh Jh]
Jet-Shark777: checks 
19Dima87: checks 
dawikon: checks 
Dorex2007: checks 
*** TURN *** [6s Qh Jh] [7c]
Jet-Shark777: checks 
19Dima87: checks 
dawikon: checks 
Dorex2007: bets $0.05
Jet-Shark777: folds 
19Dima87: folds 
dawikon: calls $0.05
*** RIVER *** [6s Qh Jh 7c] [3h]
dawikon: checks 
Dorex2007: checks 
*** SHOW DOWN ***
dawikon: shows [7h 8s] (a pair of Sevens)
Dorex2007: shows [7d Kd] (a pair of Sevens - King kicker)
Dorex2007 collected $0.17 from pot
*** SUMMARY ***
Total pot $0.18 | Rake $0.01 
Board [6s Qh Jh 7c 3h]
Seat 1: JoaoEsberard folded before Flop (didn't bet)
Seat 2: A.Alencar91 folded before Flop (didn't bet)
Seat 3: Devil'sCar folded before Flop (didn't bet)
Seat 4: dawikon showed [7h 8s] and lost with a pair of Sevens
Seat 5: relu5870 folded before Flop (didn't bet)
Seat 6: Dorex2007 showed [7d Kd] and won ($0.17) with a pair of Sevens
Seat 7: PokerDany_G (button) folded before Flop (didn't bet)
Seat 8: Jet-Shark777 (small blind) folded on the Turn
Seat 9: 19Dima87 (big blind) folded on the Turn



PokerStars Hand #233017427526:  Hold'em No Limit ($0.01/$0.02 USD) - 2022/01/10 14:35:35 PT [2022/01/10 17:35:35 ET]
Table 'Alhena VI' 9-max Seat #8 is the button
Seat 1: JoaoEsberard ($3.33 in chips) 
Seat 2: A.Alencar91 ($0.77 in chips) 
Seat 3: Devil'sCar ($2 in chips) 
Seat 4: dawikon ($3.17 in chips) 
Seat 5: relu5870 ($1.28 in chips) 
Seat 6: Dorex2007 ($2.11 in chips) 
Seat 7: PokerDany_G ($1 in chips) 
Seat 8: Jet-Shark777 ($1.39 in chips) 
Seat 9: 19Dima87 ($2.38 in chips) 
19Dima87: posts small blind $0.01
JoaoEsberard: posts big blind $0.02
*** HOLE CARDS ***
Dealt to Dorex2007 [Ks 7c]
A.Alencar91: folds 
Devil'sCar: folds 
dawikon: calls $0.02
relu5870: folds 
Dorex2007: folds 
PokerDany_G: folds 
Jet-Shark777: folds 
19Dima87: calls $0.01
JoaoEsberard: checks 
*** FLOP *** [Th Kh Kc]
19Dima87: checks 
JoaoEsberard: bets $0.04
dawikon: folds 
19Dima87: calls $0.04
*** TURN *** [Th Kh Kc] [9d]
19Dima87: checks 
JoaoEsberard: bets $0.10
19Dima87: calls $0.10
*** RIVER *** [Th Kh Kc 9d] [9c]
19Dima87: bets $0.20
JoaoEsberard: folds 
Uncalled bet ($0.20) returned to 19Dima87
19Dima87 collected $0.33 from pot
19Dima87: doesn't show hand 
*** SUMMARY ***
Total pot $0.34 | Rake $0.01 
Board [Th Kh Kc 9d 9c]
Seat 1: JoaoEsberard (big blind) folded on the River
Seat 2: A.Alencar91 folded before Flop (didn't bet)
Seat 3: Devil'sCar folded before Flop (didn't bet)
Seat 4: dawikon folded on the Flop
Seat 5: relu5870 folded before Flop (didn't bet)
Seat 6: Dorex2007 folded before Flop (didn't bet)
Seat 7: PokerDany_G folded before Flop (didn't bet)
Seat 8: Jet-Shark777 (button) folded before Flop (didn't bet)
Seat 9: 19Dima87 (small blind) collected ($0.33)



PokerStars Hand #233017456356:  Hold'em No Limit ($0.01/$0.02 USD) - 2022/01/10 14:36:25 PT [2022/01/10 17:36:25 ET]
Table 'Alhena VI' 9-max Seat #9 is the button
Seat 1: JoaoEsberard ($3.17 in chips) 
Seat 2: A.Alencar91 ($0.77 in chips) 
Seat 3: Devil'sCar ($2 in chips) 
Seat 4: dawikon ($3.15 in chips) 
Seat 5: relu5870 ($1.28 in chips) 
Seat 6: Dorex2007 ($2.11 in chips) 
Seat 7: PokerDany_G ($1 in chips) 
Seat 8: Jet-Shark777 ($1.39 in chips) 
Seat 9: 19Dima87 ($2.55 in chips) 
JoaoEsberard: posts small blind $0.01
A.Alencar91: posts big blind $0.02
*** HOLE CARDS ***
Dealt to Dorex2007 [3s 7s]
Devil'sCar: folds 
dawikon: calls $0.02
relu5870: folds 
Dorex2007: folds 
PokerDany_G: raises $0.98 to $1 and is all-in
Jet-Shark777: folds 
19Dima87: calls $1
JoaoEsberard: folds 
A.Alencar91: folds 
dawikon: folds 
*** FLOP *** [3h 8h 4h]
*** TURN *** [3h 8h 4h] [4c]
*** RIVER *** [3h 8h 4h 4c] [6c]
*** SHOW DOWN ***
PokerDany_G: shows [Jh Jd] (two pair, Jacks and Fours)
19Dima87: shows [9c 9d] (two pair, Nines and Fours)
PokerDany_G cashed out the hand for $1.60 | Cash Out Fee $0.02
*** SUMMARY ***
Total pot $2.05 | Rake $0.07 
Board [3h 8h 4h 4c 6c]
Seat 1: JoaoEsberard (small blind) folded before Flop
Seat 2: A.Alencar91 (big blind) folded before Flop
Seat 3: Devil'sCar folded before Flop (didn't bet)
Seat 4: dawikon folded before Flop
Seat 5: relu5870 folded before Flop (didn't bet)
Seat 6: Dorex2007 folded before Flop (didn't bet)
Seat 7: PokerDany_G showed [Jh Jd] and won ($1.98) with two pair, Jacks and Fours (pot not awarded as player cashed out)
Seat 8: Jet-Shark777 folded before Flop (didn't bet)
Seat 9: 19Dima87 (button) showed [9c 9d] and lost with two pair, Nines and Fours



PokerStars Hand #233017476414:  Hold'em No Limit ($0.01/$0.02 USD) - 2022/01/10 14:37:00 PT [2022/01/10 17:37:00 ET]
Table 'Alhena VI' 9-max Seat #1 is the button
Seat 1: JoaoEsberard ($3.16 in chips) 
Seat 2: A.Alencar91 ($0.75 in chips) 
Seat 3: Devil'sCar ($2 in chips) 
Seat 4: dawikon ($3.13 in chips) 
Seat 5: relu5870 ($1.28 in chips) 
Seat 6: Dorex2007 ($2.11 in chips) 
Seat 7: PokerDany_G ($1.60 in chips) 
Seat 8: Jet-Shark777 ($1.39 in chips) 
Seat 9: 19Dima87 ($1.55 in chips) 
A.Alencar91: posts small blind $0.01
Devil'sCar: posts big blind $0.02
*** HOLE CARDS ***
Dealt to Dorex2007 [3c 4h]
dawikon: folds 
relu5870: folds 
Dorex2007: folds 
PokerDany_G: calls $0.02
Jet-Shark777: calls $0.02
19Dima87: calls $0.02
JoaoEsberard: folds 
A.Alencar91: raises $0.08 to $0.10
Devil'sCar: folds 
PokerDany_G: folds 
Jet-Shark777: calls $0.08
19Dima87: calls $0.08
*** FLOP *** [9d 8h 2h]
A.Alencar91: bets $0.11
Jet-Shark777: calls $0.11
19Dima87: calls $0.11
*** TURN *** [9d 8h 2h] [Kh]
A.Alencar91: bets $0.54 and is all-in
Jet-Shark777: folds 
19Dima87: folds 
Uncalled bet ($0.54) returned to A.Alencar91
A.Alencar91 collected $0.65 from pot
A.Alencar91: doesn't show hand 
*** SUMMARY ***
Total pot $0.67 | Rake $0.02 
Board [9d 8h 2h Kh]
Seat 1: JoaoEsberard (button) folded before Flop (didn't bet)
Seat 2: A.Alencar91 (small blind) collected ($0.65)
Seat 3: Devil'sCar (big blind) folded before Flop
Seat 4: dawikon folded before Flop (didn't bet)
Seat 5: relu5870 folded before Flop (didn't bet)
Seat 6: Dorex2007 folded before Flop (didn't bet)
Seat 7: PokerDany_G folded before Flop
Seat 8: Jet-Shark777 folded on the Turn
Seat 9: 19Dima87 folded on the Turn



PokerStars Hand #233017519243:  Hold'em No Limit ($0.01/$0.02 USD) - 2022/01/10 14:38:15 PT [2022/01/10 17:38:15 ET]
Table 'Alhena VI' 9-max Seat #2 is the button
Seat 1: JoaoEsberard ($3.16 in chips) 
Seat 2: A.Alencar91 ($1.19 in chips) 
Seat 3: Devil'sCar ($2 in chips) 
Seat 4: dawikon ($3.13 in chips) 
Seat 5: relu5870 ($1.28 in chips) 
Seat 6: Dorex2007 ($2.11 in chips) 
Seat 7: PokerDany_G ($1.58 in chips) 
Seat 8: Jet-Shark777 ($1.18 in chips) 
Seat 9: 19Dima87 ($1.34 in chips) 
Devil'sCar: posts small blind $0.01
dawikon: posts big blind $0.02
*** HOLE CARDS ***
Dealt to Dorex2007 [6d Jd]
relu5870: folds 
Dorex2007: folds 
PokerDany_G: folds 
relu5870 leaves the table
Jet-Shark777: calls $0.02
19Dima87: calls $0.02
JoaoEsberard: folds 
A.Alencar91: folds 
Devil'sCar: folds 
Riguez77 joins the table at seat #5 
dawikon: checks 
*** FLOP *** [7c 7d Ts]
dawikon: checks 
Jet-Shark777: bets $0.04
19Dima87: calls $0.04
dawikon: folds 
*** TURN *** [7c 7d Ts] [3s]
Jet-Shark777: bets $0.06
19Dima87: folds 
Uncalled bet ($0.06) returned to Jet-Shark777
Jet-Shark777 collected $0.14 from pot
Jet-Shark777: doesn't show hand 
*** SUMMARY ***
Total pot $0.15 | Rake $0.01 
Board [7c 7d Ts 3s]
Seat 1: JoaoEsberard folded before Flop (didn't bet)
Seat 2: A.Alencar91 (button) folded before Flop (didn't bet)
Seat 3: Devil'sCar (small blind) folded before Flop
Seat 4: dawikon (big blind) folded on the Flop
Seat 5: relu5870 folded before Flop (didn't bet)
Seat 6: Dorex2007 folded before Flop (didn't bet)
Seat 7: PokerDany_G folded before Flop (didn't bet)
Seat 8: Jet-Shark777 collected ($0.14)
Seat 9: 19Dima87 folded on the Turn



PokerStars Hand #233017556463:  Hold'em No Limit ($0.01/$0.02 USD) - 2022/01/10 14:39:03 PT [2022/01/10 17:39:03 ET]
Table 'Alhena VI' 9-max Seat #3 is the button
Seat 1: JoaoEsberard ($3.16 in chips) 
Seat 2: A.Alencar91 ($1.19 in chips) 
Seat 3: Devil'sCar ($2 in chips) 
Seat 4: dawikon ($3.11 in chips) 
Seat 5: Riguez77 ($2 in chips) 
Seat 6: Dorex2007 ($2.11 in chips) 
Seat 7: PokerDany_G ($1.58 in chips) 
Seat 8: Jet-Shark777 ($1.26 in chips) 
Seat 9: 19Dima87 ($1.28 in chips) 
dawikon: posts small blind $0.01
Riguez77: posts big blind $0.02
*** HOLE CARDS ***
Dealt to Dorex2007 [7h 3c]
Dorex2007: folds 
PokerDany_G: folds 
Jet-Shark777: raises $0.04 to $0.06
19Dima87: folds 
JoaoEsberard: calls $0.06
A.Alencar91: folds 
Devil'sCar: folds 
dawikon: calls $0.05
Riguez77: folds 
*** FLOP *** [Qs 8c Ts]
dawikon: checks 
JoaoEsberard is disconnected 
Jet-Shark777: bets $0.08
JoaoEsberard is connected 
JoaoEsberard: calls $0.08
dawikon: folds 
*** TURN *** [Qs 8c Ts] [Kd]
Jet-Shark777: bets $0.12
JoaoEsberard: raises $0.12 to $0.24
Jet-Shark777: calls $0.12
*** RIVER *** [Qs 8c Ts Kd] [Js]
Jet-Shark777: checks 
JoaoEsberard: bets $0.81
Jet-Shark777: folds 
Uncalled bet ($0.81) returned to JoaoEsberard
JoaoEsberard collected $0.81 from pot
JoaoEsberard: doesn't show hand 
*** SUMMARY ***
Total pot $0.84 | Rake $0.03 
Board [Qs 8c Ts Kd Js]
Seat 1: JoaoEsberard collected ($0.81)
Seat 2: A.Alencar91 folded before Flop (didn't bet)
Seat 3: Devil'sCar (button) folded before Flop (didn't bet)
Seat 4: dawikon (small blind) folded on the Flop
Seat 5: Riguez77 (big blind) folded before Flop
Seat 6: Dorex2007 folded before Flop (didn't bet)
Seat 7: PokerDany_G folded before Flop (didn't bet)
Seat 8: Jet-Shark777 folded on the River
Seat 9: 19Dima87 folded before Flop (didn't bet)



PokerStars Hand #233017615300:  Hold'em No Limit ($0.01/$0.02 USD) - 2022/01/10 14:40:46 PT [2022/01/10 17:40:46 ET]
Table 'Alhena VI' 9-max Seat #4 is the button
Seat 1: JoaoEsberard ($3.59 in chips) 
Seat 2: A.Alencar91 ($1.19 in chips) 
Seat 3: Devil'sCar ($2 in chips) 
Seat 4: dawikon ($3.05 in chips) 
Seat 5: Riguez77 ($1.98 in chips) 
Seat 6: Dorex2007 ($2.11 in chips) 
Seat 7: PokerDany_G ($1.58 in chips) 
Seat 8: Jet-Shark777 ($0.88 in chips) 
Seat 9: 19Dima87 ($1.28 in chips) 
Riguez77: posts small blind $0.01
Dorex2007: posts big blind $0.02
*** HOLE CARDS ***
Dealt to Dorex2007 [Tc 9s]
PokerDany_G: raises $0.06 to $0.08
Jet-Shark777: folds 
19Dima87: folds 
JoaoEsberard: folds 
A.Alencar91: folds 
JoaoEsberard leaves the table
Devil'sCar: folds 
dawikon: folds 
Riguez77: raises $1.90 to $1.98 and is all-in
Dorex2007: folds 
PokerDany_G: calls $1.50 and is all-in
Uncalled bet ($0.40) returned to Riguez77
*** FLOP *** [Ac 5h Kc]
*** TURN *** [Ac 5h Kc] [Jc]
*** RIVER *** [Ac 5h Kc Jc] [2h]
*** SHOW DOWN ***
Riguez77: shows [Qh Qc] (a pair of Queens)
PokerDany_G: shows [Jd Kd] (two pair, Kings and Jacks)
PokerDany_G collected $3.07 from pot
*** SUMMARY ***
Total pot $3.18 | Rake $0.11 
Board [Ac 5h Kc Jc 2h]
Seat 1: JoaoEsberard folded before Flop (didn't bet)
Seat 2: A.Alencar91 folded before Flop (didn't bet)
Seat 3: Devil'sCar folded before Flop (didn't bet)
Seat 4: dawikon (button) folded before Flop (didn't bet)
Seat 5: Riguez77 (small blind) showed [Qh Qc] and lost with a pair of Queens
Seat 6: Dorex2007 (big blind) folded before Flop
Seat 7: PokerDany_G showed [Jd Kd] and won ($3.07) with two pair, Kings and Jacks
Seat 8: Jet-Shark777 folded before Flop (didn't bet)
Seat 9: 19Dima87 folded before Flop (didn't bet)



PokerStars Hand #233017634328:  Hold'em No Limit ($0.01/$0.02 USD) - 2022/01/10 14:41:20 PT [2022/01/10 17:41:20 ET]
Table 'Alhena VI' 9-max Seat #5 is the button
Seat 2: A.Alencar91 ($1.19 in chips) 
Seat 3: Devil'sCar ($2 in chips) 
Seat 4: dawikon ($3.05 in chips) 
Seat 5: Riguez77 ($0.40 in chips) 
Seat 6: Dorex2007 ($2.09 in chips) 
Seat 7: PokerDany_G ($3.07 in chips) 
Seat 8: Jet-Shark777 ($0.88 in chips) 
Seat 9: 19Dima87 ($1.28 in chips) 
Dorex2007: posts small blind $0.01
PokerDany_G: posts big blind $0.02
*** HOLE CARDS ***
Dealt to Dorex2007 [7d 5h]
Jet-Shark777: folds 
19Dima87: calls $0.02
A.Alencar91: folds 
Devil'sCar: folds 
dawikon: folds 
Riguez77: raises $0.38 to $0.40 and is all-in
Dorex2007: folds 
PokerDany_G: folds 
19Dima87: calls $0.38
*** FLOP *** [Kh Jc 7s]
*** TURN *** [Kh Jc 7s] [6s]
*** RIVER *** [Kh Jc 7s 6s] [6d]
*** SHOW DOWN ***
19Dima87: shows [Js 8c] (two pair, Jacks and Sixes)
Riguez77: shows [Jh Ah] (two pair, Jacks and Sixes - Ace kicker)
Riguez77 collected $0.80 from pot
*** SUMMARY ***
Total pot $0.83 | Rake $0.03 
Board [Kh Jc 7s 6s 6d]
Seat 2: A.Alencar91 folded before Flop (didn't bet)
Seat 3: Devil'sCar folded before Flop (didn't bet)
Seat 4: dawikon folded before Flop (didn't bet)
Seat 5: Riguez77 (button) showed [Jh Ah] and won ($0.80) with two pair, Jacks and Sixes
Seat 6: Dorex2007 (small blind) folded before Flop
Seat 7: PokerDany_G (big blind) folded before Flop
Seat 8: Jet-Shark777 folded before Flop (didn't bet)
Seat 9: 19Dima87 showed [Js 8c] and lost with two pair, Jacks and Sixes



PokerStars Hand #233017648752:  Hold'em No Limit ($0.01/$0.02 USD) - 2022/01/10 14:41:46 PT [2022/01/10 17:41:46 ET]
Table 'Alhena VI' 9-max Seat #6 is the button
Seat 2: A.Alencar91 ($1.19 in chips) 
Seat 3: Devil'sCar ($2 in chips) 
Seat 4: dawikon ($3.05 in chips) 
Seat 5: Riguez77 ($0.80 in chips) 
Seat 6: Dorex2007 ($2.08 in chips) 
Seat 7: PokerDany_G ($3.05 in chips) 
Seat 8: Jet-Shark777 ($0.88 in chips) 
Seat 9: 19Dima87 ($0.88 in chips) 
PokerDany_G: posts small blind $0.01
Jet-Shark777: posts big blind $0.02
*** HOLE CARDS ***
Dealt to Dorex2007 [4s 7h]
19Dima87: folds 
A.Alencar91: folds 
Devil'sCar: folds 
19Dima87 leaves the table
dawikon: calls $0.02
Riguez77: folds 
Dorex2007: folds 
PokerDany_G: folds 
Jet-Shark777: raises $0.04 to $0.06
dawikon: calls $0.04
*** FLOP *** [Jd Ks 3c]
Jet-Shark777: bets $0.06
dawikon: folds 
Uncalled bet ($0.06) returned to Jet-Shark777
Jet-Shark777 collected $0.13 from pot
Jet-Shark777: doesn't show hand 
*** SUMMARY ***
Total pot $0.13 | Rake $0 
Board [Jd Ks 3c]
Seat 2: A.Alencar91 folded before Flop (didn't bet)
Seat 3: Devil'sCar folded before Flop (didn't bet)
Seat 4: dawikon folded on the Flop
Seat 5: Riguez77 folded before Flop (didn't bet)
Seat 6: Dorex2007 (button) folded before Flop (didn't bet)
Seat 7: PokerDany_G (small blind) folded before Flop
Seat 8: Jet-Shark777 (big blind) collected ($0.13)
Seat 9: 19Dima87 folded before Flop (didn't bet)



PokerStars Hand #233017669355:  Hold'em No Limit ($0.01/$0.02 USD) - 2022/01/10 14:42:23 PT [2022/01/10 17:42:23 ET]
Table 'Alhena VI' 9-max Seat #7 is the button
Seat 2: A.Alencar91 ($1.19 in chips) 
Seat 3: Devil'sCar ($2 in chips) 
Seat 4: dawikon ($2.99 in chips) 
Seat 5: Riguez77 ($0.80 in chips) 
Seat 6: Dorex2007 ($2.08 in chips) 
Seat 7: PokerDany_G ($3.04 in chips) 
Seat 8: Jet-Shark777 ($0.95 in chips) 
Jet-Shark777: posts small blind $0.01
A.Alencar91: posts big blind $0.02
*** HOLE CARDS ***
Dealt to Dorex2007 [4s Ks]
Devil'sCar: folds 
dawikon: folds 
Riguez77: folds 
Dorex2007: folds 
PokerDany_G: folds 
Jet-Shark777: raises $0.04 to $0.06
A.Alencar91: calls $0.04
*** FLOP *** [4c Jc 5h]
Jet-Shark777: bets $0.06
A.Alencar91: folds 
Uncalled bet ($0.06) returned to Jet-Shark777
Jet-Shark777 collected $0.12 from pot
Jet-Shark777: doesn't show hand 
*** SUMMARY ***
Total pot $0.12 | Rake $0 
Board [4c Jc 5h]
Seat 2: A.Alencar91 (big blind) folded on the Flop
Seat 3: Devil'sCar folded before Flop (didn't bet)
Seat 4: dawikon folded before Flop (didn't bet)
Seat 5: Riguez77 folded before Flop (didn't bet)
Seat 6: Dorex2007 folded before Flop (didn't bet)
Seat 7: PokerDany_G (button) folded before Flop (didn't bet)
Seat 8: Jet-Shark777 (small blind) collected ($0.12)



PokerStars Hand #233017686689:  Hold'em No Limit ($0.01/$0.02 USD) - 2022/01/10 14:42:54 PT [2022/01/10 17:42:54 ET]
Table 'Alhena VI' 9-max Seat #8 is the button
Seat 2: A.Alencar91 ($1.13 in chips) 
Seat 3: Devil'sCar ($2 in chips) 
Seat 4: dawikon ($2.99 in chips) 
Seat 5: Riguez77 ($0.80 in chips) 
Seat 6: Dorex2007 ($2.08 in chips) 
Seat 7: PokerDany_G ($3.04 in chips) 
Seat 8: Jet-Shark777 ($1.01 in chips) 
A.Alencar91: posts small blind $0.01
Devil'sCar: posts big blind $0.02
*** HOLE CARDS ***
Dealt to Dorex2007 [2s 3h]
dawikon: calls $0.02
Riguez77: folds 
Dorex2007: folds 
PokerDany_G: folds 
PokerDany_G leaves the table
Jet-Shark777: calls $0.02
A.Alencar91: folds 
Devil'sCar: checks 
*** FLOP *** [Ts Ks 6s]
Devil'sCar: checks 
dawikon: checks 
Jet-Shark777: checks 
*** TURN *** [Ts Ks 6s] [5c]
Devil'sCar: checks 
dawikon: checks 
Jet-Shark777: checks 
*** RIVER *** [Ts Ks 6s 5c] [2h]
Devil'sCar: checks 
dawikon: checks 
Jet-Shark777: checks 
*** SHOW DOWN ***
Devil'sCar: shows [8d Tc] (a pair of Tens)
dawikon: mucks hand 
Jet-Shark777: mucks hand 
Devil'sCar collected $0.07 from pot
*** SUMMARY ***
Total pot $0.07 | Rake $0 
Board [Ts Ks 6s 5c 2h]
Seat 2: A.Alencar91 (small blind) folded before Flop
Seat 3: Devil'sCar (big blind) showed [8d Tc] and won ($0.07) with a pair of Tens
Seat 4: dawikon mucked [Ac 4c]
Seat 5: Riguez77 folded before Flop (didn't bet)
Seat 6: Dorex2007 folded before Flop (didn't bet)
Seat 7: PokerDany_G folded before Flop (didn't bet)
Seat 8: Jet-Shark777 (button) mucked [7s Ah]



PokerStars Hand #233017718678:  Hold'em No Limit ($0.01/$0.02 USD) - 2022/01/10 14:43:51 PT [2022/01/10 17:43:51 ET]
Table 'Alhena VI' 9-max Seat #2 is the button
Seat 2: A.Alencar91 ($1.12 in chips) 
Seat 3: Devil'sCar ($2.05 in chips) 
Seat 4: dawikon ($2.97 in chips) 
Seat 5: Riguez77 ($1.60 in chips) 
Seat 6: Dorex2007 ($2.08 in chips) 
Seat 8: Jet-Shark777 ($0.99 in chips) 
Devil'sCar: posts small blind $0.01
dawikon: posts big blind $0.02
*** HOLE CARDS ***
Dealt to Dorex2007 [9c 9h]
Riguez77: raises $0.04 to $0.06
Dorex2007: folds 
Jet-Shark777: folds 
A.Alencar91: folds 
Devil'sCar: folds 
dawikon: folds 
Uncalled bet ($0.04) returned to Riguez77
Riguez77 collected $0.05 from pot
Riguez77: doesn't show hand 
*** SUMMARY ***
Total pot $0.05 | Rake $0 
Seat 2: A.Alencar91 (button) folded before Flop (didn't bet)
Seat 3: Devil'sCar (small blind) folded before Flop
Seat 4: dawikon (big blind) folded before Flop
Seat 5: Riguez77 collected ($0.05)
Seat 6: Dorex2007 folded before Flop (didn't bet)
Seat 8: Jet-Shark777 folded before Flop (didn't bet)



PokerStars Hand #233017725462:  Hold'em No Limit ($0.01/$0.02 USD) - 2022/01/10 14:44:03 PT [2022/01/10 17:44:03 ET]
Table 'Alhena VI' 9-max Seat #3 is the button
Seat 2: A.Alencar91 ($1.12 in chips) 
Seat 3: Devil'sCar ($2.04 in chips) 
Seat 4: dawikon ($2.95 in chips) 
Seat 5: Riguez77 ($1.63 in chips) 
Seat 6: Dorex2007 ($2.08 in chips) 
Seat 8: Jet-Shark777 ($0.99 in chips) 
dawikon: posts small blind $0.01
Riguez77: posts big blind $0.02
*** HOLE CARDS ***
Dealt to Dorex2007 [3c 6s]
Dorex2007: folds 
Jet-Shark777: folds 
A.Alencar91: folds 
Devil'sCar: raises $0.03 to $0.05
dawikon: folds 
Riguez77: folds 
Uncalled bet ($0.03) returned to Devil'sCar
Devil'sCar collected $0.05 from pot
Devil'sCar: doesn't show hand 
*** SUMMARY ***
Total pot $0.05 | Rake $0 
Seat 2: A.Alencar91 folded before Flop (didn't bet)
Seat 3: Devil'sCar (button) collected ($0.05)
Seat 4: dawikon (small blind) folded before Flop
Seat 5: Riguez77 (big blind) folded before Flop
Seat 6: Dorex2007 folded before Flop (didn't bet)
Seat 8: Jet-Shark777 folded before Flop (didn't bet)



