PokerStars Hand #238160994449:  Hold'em No Limit ($0.02/$0.05 USD) - 2022/08/22 20:38:55 PT [2022/08/22 23:38:55 ET]
Table 'Meliboea III' 9-max Seat #7 is the button
Seat 2: lanwei-fish ($8.72 in chips) 
Seat 3: BlackCat0812 ($6.99 in chips) 
Seat 4: lalo4440 ($2.02 in chips) 
Seat 5: LUKIANOV777 ($5.63 in chips) 
Seat 6: Dorex2007 ($5 in chips) 
Seat 7: PVLFS ($5.42 in chips) 
Seat 8: pppinclipppe ($3.95 in chips) 
Seat 9: geniuss ($5.91 in chips) 
pppinclipppe: posts small blind $0.02
geniuss: posts big blind $0.05
Luigiams: sits out 
Dorex2007: posts big blind $0.05
*** HOLE CARDS ***
Dealt to Dorex2007 [7h 4h]
lanwei-fish has timed out
lanwei-fish: folds 
BlackCat0812: folds 
lalo4440: calls $0.05
LUKIANOV777: calls $0.05
Dorex2007: checks 
PVLFS: raises $0.20 to $0.25
pppinclipppe: calls $0.23
geniuss: folds 
lalo4440: folds 
LUKIANOV777: calls $0.20
Dorex2007: folds 
*** FLOP *** [6d Qs 8d]
pppinclipppe: checks 
LUKIANOV777: checks 
PVLFS: bets $0.43
pppinclipppe: folds 
LUKIANOV777: folds 
Uncalled bet ($0.43) returned to PVLFS
PVLFS collected $0.86 from pot
*** SUMMARY ***
Total pot $0.90 | Rake $0.04 
Board [6d Qs 8d]
Seat 2: lanwei-fish folded before Flop (didn't bet)
Seat 3: BlackCat0812 folded before Flop (didn't bet)
Seat 4: lalo4440 folded before Flop
Seat 5: LUKIANOV777 folded on the Flop
Seat 6: Dorex2007 folded before Flop (didn't bet)
Seat 7: PVLFS (button) collected ($0.86)
Seat 8: pppinclipppe (small blind) folded on the Flop
Seat 9: geniuss (big blind) folded before Flop



PokerStars Hand #238161012547:  Hold'em No Limit ($0.02/$0.05 USD) - 2022/08/22 20:40:09 PT [2022/08/22 23:40:09 ET]
Table 'Meliboea III' 9-max Seat #8 is the button
Seat 1: Luigiams ($5 in chips) 
Seat 3: BlackCat0812 ($6.99 in chips) 
Seat 4: lalo4440 ($1.97 in chips) 
Seat 5: LUKIANOV777 ($5.38 in chips) 
Seat 6: Dorex2007 ($5 in chips) 
Seat 7: PVLFS ($6.03 in chips) 
Seat 8: pppinclipppe ($3.70 in chips) 
Seat 9: geniuss ($5.86 in chips) 
geniuss: posts small blind $0.02
Luigiams: posts big blind $0.05
*** HOLE CARDS ***
Dealt to Dorex2007 [Ts 5d]
BlackCat0812: calls $0.05
lalo4440: folds 
LUKIANOV777: folds 
Dorex2007: folds 
PVLFS: folds 
pppinclipppe: folds 
geniuss: folds 
Luigiams: checks 
*** FLOP *** [2c 7d Ac]
Luigiams: bets $0.05
BlackCat0812: calls $0.05
*** TURN *** [2c 7d Ac] [4s]
Luigiams: checks 
BlackCat0812: bets $0.15
Luigiams: folds 
Uncalled bet ($0.15) returned to BlackCat0812
lanwei-fish leaves the table
BlackCat0812 collected $0.21 from pot
*** SUMMARY ***
Total pot $0.22 | Rake $0.01 
Board [2c 7d Ac 4s]
Seat 1: Luigiams (big blind) folded on the Turn
Seat 3: BlackCat0812 collected ($0.21)
Seat 4: lalo4440 folded before Flop (didn't bet)
Seat 5: LUKIANOV777 folded before Flop (didn't bet)
Seat 6: Dorex2007 folded before Flop (didn't bet)
Seat 7: PVLFS folded before Flop (didn't bet)
Seat 8: pppinclipppe (button) folded before Flop (didn't bet)
Seat 9: geniuss (small blind) folded before Flop



PokerStars Hand #238161018910:  Hold'em No Limit ($0.02/$0.05 USD) - 2022/08/22 20:40:53 PT [2022/08/22 23:40:53 ET]
Table 'Meliboea III' 9-max Seat #9 is the button
Seat 1: Luigiams ($4.90 in chips) 
Seat 3: BlackCat0812 ($7.10 in chips) 
Seat 4: lalo4440 ($1.97 in chips) 
Seat 5: LUKIANOV777 ($5.38 in chips) 
Seat 6: Dorex2007 ($5 in chips) 
Seat 7: PVLFS ($6.03 in chips) 
Seat 8: pppinclipppe ($3.70 in chips) 
Seat 9: geniuss ($5.84 in chips) 
Luigiams: posts small blind $0.02
BlackCat0812: posts big blind $0.05
*** HOLE CARDS ***
Dealt to Dorex2007 [5d 4c]
lalo4440: folds 
LUKIANOV777: folds 
Dorex2007: folds 
PVLFS: folds 
pppinclipppe: folds 
geniuss: folds 
withnohandlebar joins the table at seat #2 
Luigiams: folds 
Uncalled bet ($0.03) returned to BlackCat0812
BlackCat0812 collected $0.04 from pot
*** SUMMARY ***
Total pot $0.04 | Rake $0 
Seat 1: Luigiams (small blind) folded before Flop
Seat 3: BlackCat0812 (big blind) collected ($0.04)
Seat 4: lalo4440 folded before Flop (didn't bet)
Seat 5: LUKIANOV777 folded before Flop (didn't bet)
Seat 6: Dorex2007 folded before Flop (didn't bet)
Seat 7: PVLFS folded before Flop (didn't bet)
Seat 8: pppinclipppe folded before Flop (didn't bet)
Seat 9: geniuss (button) folded before Flop (didn't bet)



PokerStars Hand #238161024039:  Hold'em No Limit ($0.02/$0.05 USD) - 2022/08/22 20:41:29 PT [2022/08/22 23:41:29 ET]
Table 'Meliboea III' 9-max Seat #1 is the button
Seat 1: Luigiams ($4.88 in chips) 
Seat 3: BlackCat0812 ($7.12 in chips) 
Seat 4: lalo4440 ($1.97 in chips) 
Seat 5: LUKIANOV777 ($5.38 in chips) 
Seat 6: Dorex2007 ($5 in chips) 
Seat 7: PVLFS ($6.03 in chips) 
Seat 8: pppinclipppe ($3.70 in chips) 
Seat 9: geniuss ($5.84 in chips) 
BlackCat0812: posts small blind $0.02
lalo4440: posts big blind $0.05
*** HOLE CARDS ***
Dealt to Dorex2007 [Ac 9h]
LUKIANOV777: folds 
Dorex2007: folds 
PVLFS: folds 
pppinclipppe: folds 
geniuss: calls $0.05
Luigiams: folds 
BlackCat0812: calls $0.03
lalo4440: checks 
*** FLOP *** [Jc Kh Qs]
BlackCat0812: bets $0.10
lalo4440: calls $0.10
geniuss: folds 
*** TURN *** [Jc Kh Qs] [Ks]
BlackCat0812: bets $0.10
lalo4440: calls $0.10
*** RIVER *** [Jc Kh Qs Ks] [Kd]
BlackCat0812: bets $0.30
lalo4440: calls $0.30
*** SHOW DOWN ***
BlackCat0812: shows [Qh Ad] (a full house, Kings full of Queens)
lalo4440: shows [Th Qd] (a full house, Kings full of Queens)
BlackCat0812 collected $0.55 from pot
lalo4440 collected $0.55 from pot
*** SUMMARY ***
Total pot $1.15 | Rake $0.05 
Board [Jc Kh Qs Ks Kd]
Seat 1: Luigiams (button) folded before Flop (didn't bet)
Seat 3: BlackCat0812 (small blind) showed [Qh Ad] and won ($0.55) with a full house, Kings full of Queens
Seat 4: lalo4440 (big blind) showed [Th Qd] and won ($0.55) with a full house, Kings full of Queens
Seat 5: LUKIANOV777 folded before Flop (didn't bet)
Seat 6: Dorex2007 folded before Flop (didn't bet)
Seat 7: PVLFS folded before Flop (didn't bet)
Seat 8: pppinclipppe folded before Flop (didn't bet)
Seat 9: geniuss folded on the Flop



PokerStars Hand #238161033780:  Hold'em No Limit ($0.02/$0.05 USD) - 2022/08/22 20:42:36 PT [2022/08/22 23:42:36 ET]
Table 'Meliboea III' 9-max Seat #3 is the button
Seat 1: Luigiams ($4.88 in chips) 
Seat 2: withnohandlebar ($5 in chips) 
Seat 3: BlackCat0812 ($7.12 in chips) 
Seat 4: lalo4440 ($1.97 in chips) 
Seat 5: LUKIANOV777 ($5.38 in chips) 
Seat 6: Dorex2007 ($5 in chips) 
Seat 7: PVLFS ($6.03 in chips) 
Seat 8: pppinclipppe ($3.70 in chips) 
Seat 9: geniuss ($5.79 in chips) 
lalo4440: posts small blind $0.02
LUKIANOV777: posts big blind $0.05
withnohandlebar: posts big blind $0.05
*** HOLE CARDS ***
Dealt to Dorex2007 [8d Qd]
Dorex2007: folds 
PVLFS: folds 
pppinclipppe: raises $0.05 to $0.10
geniuss: folds 
Luigiams: folds 
withnohandlebar: calls $0.05
BlackCat0812: folds 
lalo4440: calls $0.08
LUKIANOV777: calls $0.05
*** FLOP *** [3h Th 9d]
lalo4440: checks 
LUKIANOV777: checks 
pppinclipppe: checks 
withnohandlebar: checks 
*** TURN *** [3h Th 9d] [Jc]
lalo4440: bets $0.38
LUKIANOV777: folds 
pppinclipppe: folds 
withnohandlebar: calls $0.38
*** RIVER *** [3h Th 9d Jc] [Ac]
lalo4440: checks 
withnohandlebar: checks 
*** SHOW DOWN ***
lalo4440: shows [6h 6c] (a pair of Sixes)
withnohandlebar: shows [Ks Jd] (a pair of Jacks)
withnohandlebar collected $1.11 from pot
*** SUMMARY ***
Total pot $1.16 | Rake $0.05 
Board [3h Th 9d Jc Ac]
Seat 1: Luigiams folded before Flop (didn't bet)
Seat 2: withnohandlebar showed [Ks Jd] and won ($1.11) with a pair of Jacks
Seat 3: BlackCat0812 (button) folded before Flop (didn't bet)
Seat 4: lalo4440 (small blind) showed [6h 6c] and lost with a pair of Sixes
Seat 5: LUKIANOV777 (big blind) folded on the Turn
Seat 6: Dorex2007 folded before Flop (didn't bet)
Seat 7: PVLFS folded before Flop (didn't bet)
Seat 8: pppinclipppe folded on the Turn
Seat 9: geniuss folded before Flop (didn't bet)



PokerStars Hand #238161045513:  Hold'em No Limit ($0.02/$0.05 USD) - 2022/08/22 20:43:59 PT [2022/08/22 23:43:59 ET]
Table 'Meliboea III' 9-max Seat #4 is the button
Seat 1: Luigiams ($4.88 in chips) 
Seat 2: withnohandlebar ($5.63 in chips) 
Seat 3: BlackCat0812 ($7.12 in chips) 
Seat 4: lalo4440 ($1.49 in chips) 
Seat 5: LUKIANOV777 ($5.28 in chips) 
Seat 6: Dorex2007 ($5 in chips) 
Seat 7: PVLFS ($6.03 in chips) 
Seat 8: pppinclipppe ($3.60 in chips) 
Seat 9: geniuss ($5.79 in chips) 
LUKIANOV777: posts small blind $0.02
Dorex2007: posts big blind $0.05
*** HOLE CARDS ***
Dealt to Dorex2007 [2s 8h]
PVLFS: folds 
pppinclipppe: raises $0.05 to $0.10
geniuss: folds 
Luigiams: folds 
withnohandlebar: folds 
BlackCat0812: folds 
lalo4440: calls $0.10
LUKIANOV777: folds 
Dorex2007: folds 
*** FLOP *** [Kd 2h 2c]
pppinclipppe: bets $0.15
lalo4440: folds 
Uncalled bet ($0.15) returned to pppinclipppe
pppinclipppe collected $0.26 from pot
*** SUMMARY ***
Total pot $0.27 | Rake $0.01 
Board [Kd 2h 2c]
Seat 1: Luigiams folded before Flop (didn't bet)
Seat 2: withnohandlebar folded before Flop (didn't bet)
Seat 3: BlackCat0812 folded before Flop (didn't bet)
Seat 4: lalo4440 (button) folded on the Flop
Seat 5: LUKIANOV777 (small blind) folded before Flop
Seat 6: Dorex2007 (big blind) folded before Flop
Seat 7: PVLFS folded before Flop (didn't bet)
Seat 8: pppinclipppe collected ($0.26)
Seat 9: geniuss folded before Flop (didn't bet)



PokerStars Hand #238161049400:  Hold'em No Limit ($0.02/$0.05 USD) - 2022/08/22 20:44:26 PT [2022/08/22 23:44:26 ET]
Table 'Meliboea III' 9-max Seat #5 is the button
Seat 1: Luigiams ($4.88 in chips) 
Seat 2: withnohandlebar ($5.63 in chips) 
Seat 3: BlackCat0812 ($7.12 in chips) 
Seat 4: lalo4440 ($1.39 in chips) 
Seat 5: LUKIANOV777 ($5.26 in chips) 
Seat 6: Dorex2007 ($5 in chips) 
Seat 7: PVLFS ($6.03 in chips) 
Seat 8: pppinclipppe ($3.76 in chips) 
Seat 9: geniuss ($5.79 in chips) 
Dorex2007: posts small blind $0.02
PVLFS: posts big blind $0.05
*** HOLE CARDS ***
Dealt to Dorex2007 [7s Ad]
pppinclipppe: folds 
geniuss: folds 
Luigiams: folds 
withnohandlebar: folds 
BlackCat0812: folds 
lalo4440: raises $0.05 to $0.10
LUKIANOV777: folds 
Dorex2007: folds 
PVLFS: raises $0.25 to $0.35
lalo4440: calls $0.25
*** FLOP *** [5h 5s 8c]
PVLFS: bets $5.68 and is all-in
lalo4440: folds 
Uncalled bet ($5.68) returned to PVLFS
PVLFS collected $0.69 from pot
*** SUMMARY ***
Total pot $0.72 | Rake $0.03 
Board [5h 5s 8c]
Seat 1: Luigiams folded before Flop (didn't bet)
Seat 2: withnohandlebar folded before Flop (didn't bet)
Seat 3: BlackCat0812 folded before Flop (didn't bet)
Seat 4: lalo4440 folded on the Flop
Seat 5: LUKIANOV777 (button) folded before Flop (didn't bet)
Seat 6: Dorex2007 (small blind) folded before Flop
Seat 7: PVLFS (big blind) collected ($0.69)
Seat 8: pppinclipppe folded before Flop (didn't bet)
Seat 9: geniuss folded before Flop (didn't bet)



PokerStars Hand #238161054295:  Hold'em No Limit ($0.02/$0.05 USD) - 2022/08/22 20:45:00 PT [2022/08/22 23:45:00 ET]
Table 'Meliboea III' 9-max Seat #6 is the button
Seat 1: Luigiams ($4.88 in chips) 
Seat 2: withnohandlebar ($5.63 in chips) 
Seat 3: BlackCat0812 ($7.12 in chips) 
Seat 4: lalo4440 ($1.04 in chips) 
Seat 5: LUKIANOV777 ($5.26 in chips) 
Seat 6: Dorex2007 ($5 in chips) 
Seat 7: PVLFS ($6.37 in chips) 
Seat 8: pppinclipppe ($3.76 in chips) 
Seat 9: geniuss ($5.79 in chips) 
PVLFS: posts small blind $0.02
pppinclipppe: posts big blind $0.05
*** HOLE CARDS ***
Dealt to Dorex2007 [Qs 6s]
geniuss: folds 
Luigiams: folds 
withnohandlebar has timed out
withnohandlebar: folds 
BlackCat0812: calls $0.05
lalo4440: calls $0.05
LUKIANOV777: folds 
Dorex2007: folds 
PVLFS: folds 
pppinclipppe: checks 
*** FLOP *** [4d 9d Td]
pppinclipppe: checks 
BlackCat0812: checks 
lalo4440: bets $0.99 and is all-in
pppinclipppe: folds 
BlackCat0812: folds 
Uncalled bet ($0.99) returned to lalo4440
lalo4440 collected $0.16 from pot
lalo4440: doesn't show hand 
*** SUMMARY ***
Total pot $0.17 | Rake $0.01 
Board [4d 9d Td]
Seat 1: Luigiams folded before Flop (didn't bet)
Seat 2: withnohandlebar folded before Flop (didn't bet)
Seat 3: BlackCat0812 folded on the Flop
Seat 4: lalo4440 collected ($0.16)
Seat 5: LUKIANOV777 folded before Flop (didn't bet)
Seat 6: Dorex2007 (button) folded before Flop (didn't bet)
Seat 7: PVLFS (small blind) folded before Flop
Seat 8: pppinclipppe (big blind) folded on the Flop
Seat 9: geniuss folded before Flop (didn't bet)



PokerStars Hand #238161061896:  Hold'em No Limit ($0.02/$0.05 USD) - 2022/08/22 20:45:54 PT [2022/08/22 23:45:54 ET]
Table 'Meliboea III' 9-max Seat #7 is the button
Seat 1: Luigiams ($4.88 in chips) 
Seat 2: withnohandlebar ($5.63 in chips) 
Seat 3: BlackCat0812 ($7.07 in chips) 
Seat 4: lalo4440 ($1.15 in chips) 
Seat 5: LUKIANOV777 ($5.26 in chips) 
Seat 6: Dorex2007 ($5 in chips) 
Seat 7: PVLFS ($6.35 in chips) 
Seat 8: pppinclipppe ($3.71 in chips) 
Seat 9: geniuss ($5.79 in chips) 
pppinclipppe: posts small blind $0.02
geniuss: posts big blind $0.05
*** HOLE CARDS ***
Dealt to Dorex2007 [Ks 6h]
Luigiams: folds 
withnohandlebar: raises $0.05 to $0.10
BlackCat0812: calls $0.10
lalo4440: folds 
LUKIANOV777: folds 
Dorex2007: folds 
PVLFS: folds 
pppinclipppe: folds 
geniuss: calls $0.05
*** FLOP *** [7h 5h 7c]
geniuss: checks 
withnohandlebar: checks 
BlackCat0812: checks 
*** TURN *** [7h 5h 7c] [2d]
geniuss: checks 
withnohandlebar: checks 
BlackCat0812: checks 
*** RIVER *** [7h 5h 7c 2d] [9h]
geniuss: bets $0.23
withnohandlebar: folds 
BlackCat0812: folds 
Uncalled bet ($0.23) returned to geniuss
geniuss collected $0.31 from pot
*** SUMMARY ***
Total pot $0.32 | Rake $0.01 
Board [7h 5h 7c 2d 9h]
Seat 1: Luigiams folded before Flop (didn't bet)
Seat 2: withnohandlebar folded on the River
Seat 3: BlackCat0812 folded on the River
Seat 4: lalo4440 folded before Flop (didn't bet)
Seat 5: LUKIANOV777 folded before Flop (didn't bet)
Seat 6: Dorex2007 folded before Flop (didn't bet)
Seat 7: PVLFS (button) folded before Flop (didn't bet)
Seat 8: pppinclipppe (small blind) folded before Flop
Seat 9: geniuss (big blind) collected ($0.31)



PokerStars Hand #238161069000:  Hold'em No Limit ($0.02/$0.05 USD) - 2022/08/22 20:46:44 PT [2022/08/22 23:46:44 ET]
Table 'Meliboea III' 9-max Seat #8 is the button
Seat 1: Luigiams ($4.88 in chips) 
Seat 2: withnohandlebar ($5.53 in chips) 
Seat 3: BlackCat0812 ($6.97 in chips) 
Seat 4: lalo4440 ($1.15 in chips) 
Seat 5: LUKIANOV777 ($5.26 in chips) 
Seat 6: Dorex2007 ($5 in chips) 
Seat 7: PVLFS ($6.35 in chips) 
Seat 8: pppinclipppe ($3.69 in chips) 
Seat 9: geniuss ($6 in chips) 
geniuss: posts small blind $0.02
Luigiams: posts big blind $0.05
*** HOLE CARDS ***
Dealt to Dorex2007 [7h 9d]
withnohandlebar: raises $0.05 to $0.10
BlackCat0812: folds 
lalo4440: calls $0.10
LUKIANOV777: calls $0.10
Dorex2007: folds 
PVLFS: folds 
pppinclipppe: calls $0.10
geniuss: folds 
Luigiams: calls $0.05
*** FLOP *** [9h 5d Ah]
Luigiams: checks 
withnohandlebar: checks 
lalo4440: checks 
LUKIANOV777: checks 
pppinclipppe: bets $0.15
Luigiams: folds 
withnohandlebar: folds 
lalo4440: folds 
LUKIANOV777: calls $0.15
*** TURN *** [9h 5d Ah] [9c]
LUKIANOV777: checks 
pppinclipppe: bets $0.20
LUKIANOV777: calls $0.20
*** RIVER *** [9h 5d Ah 9c] [Qc]
LUKIANOV777: checks 
pppinclipppe: bets $0.45
LUKIANOV777: calls $0.45
*** SHOW DOWN ***
pppinclipppe: shows [Qh Ad] (two pair, Aces and Queens)
LUKIANOV777: shows [Ac Qd] (two pair, Aces and Queens)
LUKIANOV777 collected $1.02 from pot
pppinclipppe collected $1.01 from pot
*** SUMMARY ***
Total pot $2.12 | Rake $0.09 
Board [9h 5d Ah 9c Qc]
Seat 1: Luigiams (big blind) folded on the Flop
Seat 2: withnohandlebar folded on the Flop
Seat 3: BlackCat0812 folded before Flop (didn't bet)
Seat 4: lalo4440 folded on the Flop
Seat 5: LUKIANOV777 showed [Ac Qd] and won ($1.02) with two pair, Aces and Queens
Seat 6: Dorex2007 folded before Flop (didn't bet)
Seat 7: PVLFS folded before Flop (didn't bet)
Seat 8: pppinclipppe (button) showed [Qh Ad] and won ($1.01) with two pair, Aces and Queens
Seat 9: geniuss (small blind) folded before Flop



PokerStars Hand #238161084717:  Hold'em No Limit ($0.02/$0.05 USD) - 2022/08/22 20:48:01 PT [2022/08/22 23:48:01 ET]
Table 'Meliboea III' 9-max Seat #9 is the button
Seat 1: Luigiams ($4.78 in chips) 
Seat 2: withnohandlebar ($5.43 in chips) 
Seat 3: BlackCat0812 ($6.97 in chips) 
Seat 4: lalo4440 ($1.05 in chips) 
Seat 5: LUKIANOV777 ($5.38 in chips) 
Seat 6: Dorex2007 ($5 in chips) 
Seat 7: PVLFS ($6.35 in chips) 
Seat 8: pppinclipppe ($3.80 in chips) 
Seat 9: geniuss ($5.98 in chips) 
Luigiams: posts small blind $0.02
withnohandlebar: posts big blind $0.05
*** HOLE CARDS ***
Dealt to Dorex2007 [9d Kd]
BlackCat0812: folds 
lalo4440: folds 
LUKIANOV777: folds 
Dorex2007: folds 
PVLFS: raises $0.10 to $0.15
pppinclipppe: folds 
geniuss: folds 
Luigiams: folds 
withnohandlebar: folds 
Uncalled bet ($0.10) returned to PVLFS
PVLFS collected $0.12 from pot
*** SUMMARY ***
Total pot $0.12 | Rake $0 
Seat 1: Luigiams (small blind) folded before Flop
Seat 2: withnohandlebar (big blind) folded before Flop
Seat 3: BlackCat0812 folded before Flop (didn't bet)
Seat 4: lalo4440 folded before Flop (didn't bet)
Seat 5: LUKIANOV777 folded before Flop (didn't bet)
Seat 6: Dorex2007 folded before Flop (didn't bet)
Seat 7: PVLFS collected ($0.12)
Seat 8: pppinclipppe folded before Flop (didn't bet)
Seat 9: geniuss (button) folded before Flop (didn't bet)



PokerStars Hand #238161089485:  Hold'em No Limit ($0.02/$0.05 USD) - 2022/08/22 20:48:34 PT [2022/08/22 23:48:34 ET]
Table 'Meliboea III' 9-max Seat #1 is the button
Seat 1: Luigiams ($4.76 in chips) 
Seat 2: withnohandlebar ($5.38 in chips) 
Seat 3: BlackCat0812 ($6.97 in chips) 
Seat 4: lalo4440 ($1.05 in chips) 
Seat 5: LUKIANOV777 ($5.38 in chips) 
Seat 6: Dorex2007 ($5 in chips) 
Seat 7: PVLFS ($6.42 in chips) 
Seat 8: pppinclipppe ($3.80 in chips) 
Seat 9: geniuss ($5.98 in chips) 
withnohandlebar: posts small blind $0.02
BlackCat0812: posts big blind $0.05
*** HOLE CARDS ***
Dealt to Dorex2007 [8s 6h]
lalo4440: folds 
LUKIANOV777: folds 
Dorex2007: folds 
PVLFS: raises $0.10 to $0.15
pppinclipppe: folds 
geniuss: folds 
Luigiams: folds 
withnohandlebar: folds 
BlackCat0812: folds 
Uncalled bet ($0.10) returned to PVLFS
PVLFS collected $0.12 from pot
*** SUMMARY ***
Total pot $0.12 | Rake $0 
Seat 1: Luigiams (button) folded before Flop (didn't bet)
Seat 2: withnohandlebar (small blind) folded before Flop
Seat 3: BlackCat0812 (big blind) folded before Flop
Seat 4: lalo4440 folded before Flop (didn't bet)
Seat 5: LUKIANOV777 folded before Flop (didn't bet)
Seat 6: Dorex2007 folded before Flop (didn't bet)
Seat 7: PVLFS collected ($0.12)
Seat 8: pppinclipppe folded before Flop (didn't bet)
Seat 9: geniuss folded before Flop (didn't bet)



PokerStars Hand #238161095118:  Hold'em No Limit ($0.02/$0.05 USD) - 2022/08/22 20:49:14 PT [2022/08/22 23:49:14 ET]
Table 'Meliboea III' 9-max Seat #2 is the button
Seat 1: Luigiams ($4.76 in chips) 
Seat 2: withnohandlebar ($5.36 in chips) 
Seat 3: BlackCat0812 ($6.92 in chips) 
Seat 4: lalo4440 ($1.05 in chips) 
Seat 5: LUKIANOV777 ($5.38 in chips) 
Seat 6: Dorex2007 ($5 in chips) 
Seat 7: PVLFS ($6.49 in chips) 
Seat 8: pppinclipppe ($3.80 in chips) 
Seat 9: geniuss ($5.98 in chips) 
BlackCat0812: posts small blind $0.02
lalo4440: posts big blind $0.05
*** HOLE CARDS ***
Dealt to Dorex2007 [4s 6h]
LUKIANOV777: raises $0.10 to $0.15
Dorex2007: folds 
PVLFS: folds 
pppinclipppe: folds 
geniuss: folds 
Luigiams: folds 
withnohandlebar: folds 
BlackCat0812: folds 
lalo4440: calls $0.10
*** FLOP *** [4d 9c Ts]
lalo4440: checks 
LUKIANOV777: bets $0.15
lalo4440: raises $0.75 to $0.90 and is all-in
LUKIANOV777: folds 
Uncalled bet ($0.75) returned to lalo4440
lalo4440 collected $0.59 from pot
lalo4440: doesn't show hand 
*** SUMMARY ***
Total pot $0.62 | Rake $0.03 
Board [4d 9c Ts]
Seat 1: Luigiams folded before Flop (didn't bet)
Seat 2: withnohandlebar (button) folded before Flop (didn't bet)
Seat 3: BlackCat0812 (small blind) folded before Flop
Seat 4: lalo4440 (big blind) collected ($0.59)
Seat 5: LUKIANOV777 folded on the Flop
Seat 6: Dorex2007 folded before Flop (didn't bet)
Seat 7: PVLFS folded before Flop (didn't bet)
Seat 8: pppinclipppe folded before Flop (didn't bet)
Seat 9: geniuss folded before Flop (didn't bet)



PokerStars Hand #238161103552:  Hold'em No Limit ($0.02/$0.05 USD) - 2022/08/22 20:50:14 PT [2022/08/22 23:50:14 ET]
Table 'Meliboea III' 9-max Seat #3 is the button
Seat 1: Luigiams ($4.76 in chips) 
Seat 2: withnohandlebar ($5.36 in chips) 
Seat 3: BlackCat0812 ($6.90 in chips) 
Seat 4: lalo4440 ($1.34 in chips) 
Seat 5: LUKIANOV777 ($5.08 in chips) 
Seat 6: Dorex2007 ($5 in chips) 
Seat 7: PVLFS ($6.49 in chips) 
Seat 8: pppinclipppe ($3.80 in chips) 
Seat 9: geniuss ($5.98 in chips) 
lalo4440: posts small blind $0.02
LUKIANOV777: posts big blind $0.05
*** HOLE CARDS ***
Dealt to Dorex2007 [5s Js]
Dorex2007: folds 
PVLFS: folds 
pppinclipppe: folds 
geniuss: folds 
Luigiams: folds 
withnohandlebar: folds 
BlackCat0812: folds 
lalo4440: raises $0.10 to $0.15
LUKIANOV777: folds 
Uncalled bet ($0.10) returned to lalo4440
lalo4440 collected $0.10 from pot
lalo4440: doesn't show hand 
*** SUMMARY ***
Total pot $0.10 | Rake $0 
Seat 1: Luigiams folded before Flop (didn't bet)
Seat 2: withnohandlebar folded before Flop (didn't bet)
Seat 3: BlackCat0812 (button) folded before Flop (didn't bet)
Seat 4: lalo4440 (small blind) collected ($0.10)
Seat 5: LUKIANOV777 (big blind) folded before Flop
Seat 6: Dorex2007 folded before Flop (didn't bet)
Seat 7: PVLFS folded before Flop (didn't bet)
Seat 8: pppinclipppe folded before Flop (didn't bet)
Seat 9: geniuss folded before Flop (didn't bet)



PokerStars Hand #238161108213:  Hold'em No Limit ($0.02/$0.05 USD) - 2022/08/22 20:50:46 PT [2022/08/22 23:50:46 ET]
Table 'Meliboea III' 9-max Seat #4 is the button
Seat 1: Luigiams ($4.76 in chips) 
Seat 2: withnohandlebar ($5.36 in chips) 
Seat 3: BlackCat0812 ($6.90 in chips) 
Seat 4: lalo4440 ($1.39 in chips) 
Seat 5: LUKIANOV777 ($5.03 in chips) 
Seat 6: Dorex2007 ($5 in chips) 
Seat 7: PVLFS ($6.49 in chips) 
Seat 8: pppinclipppe ($3.80 in chips) 
Seat 9: geniuss ($5.98 in chips) 
LUKIANOV777: posts small blind $0.02
Dorex2007: posts big blind $0.05
*** HOLE CARDS ***
Dealt to Dorex2007 [7s Kh]
PVLFS: folds 
pppinclipppe: folds 
geniuss: folds 
Luigiams: folds 
withnohandlebar: folds 
BlackCat0812: calls $0.05
lalo4440: calls $0.05
LUKIANOV777: folds 
Dorex2007: checks 
*** FLOP *** [4c 4s 8h]
Dorex2007: checks 
BlackCat0812: checks 
lalo4440: bets $0.16
Dorex2007: folds 
BlackCat0812: folds 
Uncalled bet ($0.16) returned to lalo4440
lalo4440 collected $0.16 from pot
lalo4440: doesn't show hand 
*** SUMMARY ***
Total pot $0.17 | Rake $0.01 
Board [4c 4s 8h]
Seat 1: Luigiams folded before Flop (didn't bet)
Seat 2: withnohandlebar folded before Flop (didn't bet)
Seat 3: BlackCat0812 folded on the Flop
Seat 4: lalo4440 (button) collected ($0.16)
Seat 5: LUKIANOV777 (small blind) folded before Flop
Seat 6: Dorex2007 (big blind) folded on the Flop
Seat 7: PVLFS folded before Flop (didn't bet)
Seat 8: pppinclipppe folded before Flop (didn't bet)
Seat 9: geniuss folded before Flop (didn't bet)



PokerStars Hand #238161114019:  Hold'em No Limit ($0.02/$0.05 USD) - 2022/08/22 20:51:27 PT [2022/08/22 23:51:27 ET]
Table 'Meliboea III' 9-max Seat #5 is the button
Seat 1: Luigiams ($4.76 in chips) 
Seat 2: withnohandlebar ($5.36 in chips) 
Seat 3: BlackCat0812 ($6.85 in chips) 
Seat 4: lalo4440 ($1.50 in chips) 
Seat 5: LUKIANOV777 ($5.01 in chips) 
Seat 6: Dorex2007 ($5 in chips) 
Seat 7: PVLFS ($6.49 in chips) 
Seat 8: pppinclipppe ($3.80 in chips) 
Seat 9: geniuss ($5.98 in chips) 
Dorex2007: posts small blind $0.02
PVLFS: posts big blind $0.05
*** HOLE CARDS ***
Dealt to Dorex2007 [Qc 6c]
pppinclipppe: folds 
geniuss: folds 
Luigiams: calls $0.05
withnohandlebar: folds 
BlackCat0812: folds 
lalo4440: folds 
LUKIANOV777: folds 
Dorex2007: folds 
PVLFS: checks 
*** FLOP *** [4s 7c 7d]
PVLFS: checks 
Luigiams: bets $0.05
PVLFS: folds 
Uncalled bet ($0.05) returned to Luigiams
Luigiams collected $0.12 from pot
*** SUMMARY ***
Total pot $0.12 | Rake $0 
Board [4s 7c 7d]
Seat 1: Luigiams collected ($0.12)
Seat 2: withnohandlebar folded before Flop (didn't bet)
Seat 3: BlackCat0812 folded before Flop (didn't bet)
Seat 4: lalo4440 folded before Flop (didn't bet)
Seat 5: LUKIANOV777 (button) folded before Flop (didn't bet)
Seat 6: Dorex2007 (small blind) folded before Flop
Seat 7: PVLFS (big blind) folded on the Flop
Seat 8: pppinclipppe folded before Flop (didn't bet)
Seat 9: geniuss folded before Flop (didn't bet)



PokerStars Hand #238161117700:  Hold'em No Limit ($0.02/$0.05 USD) - 2022/08/22 20:51:52 PT [2022/08/22 23:51:52 ET]
Table 'Meliboea III' 9-max Seat #6 is the button
Seat 1: Luigiams ($4.83 in chips) 
Seat 2: withnohandlebar ($5.36 in chips) 
Seat 3: BlackCat0812 ($6.85 in chips) 
Seat 4: lalo4440 ($1.50 in chips) 
Seat 5: LUKIANOV777 ($5.01 in chips) 
Seat 6: Dorex2007 ($5 in chips) 
Seat 7: PVLFS ($6.44 in chips) 
Seat 8: pppinclipppe ($3.80 in chips) 
Seat 9: geniuss ($5.98 in chips) 
PVLFS: posts small blind $0.02
pppinclipppe: posts big blind $0.05
*** HOLE CARDS ***
Dealt to Dorex2007 [9h 6c]
geniuss: folds 
Luigiams: folds 
withnohandlebar: folds 
BlackCat0812: folds 
lalo4440: calls $0.05
LUKIANOV777: folds 
Dorex2007: folds 
PVLFS: folds 
pppinclipppe: checks 
*** FLOP *** [3h 2c 2d]
pppinclipppe: checks 
lalo4440: bets $0.12
pppinclipppe: folds 
Uncalled bet ($0.12) returned to lalo4440
lalo4440 collected $0.12 from pot
lalo4440: doesn't show hand 
*** SUMMARY ***
Total pot $0.12 | Rake $0 
Board [3h 2c 2d]
Seat 1: Luigiams folded before Flop (didn't bet)
Seat 2: withnohandlebar folded before Flop (didn't bet)
Seat 3: BlackCat0812 folded before Flop (didn't bet)
Seat 4: lalo4440 collected ($0.12)
Seat 5: LUKIANOV777 folded before Flop (didn't bet)
Seat 6: Dorex2007 (button) folded before Flop (didn't bet)
Seat 7: PVLFS (small blind) folded before Flop
Seat 8: pppinclipppe (big blind) folded on the Flop
Seat 9: geniuss folded before Flop (didn't bet)



PokerStars Hand #238161125864:  Hold'em No Limit ($0.02/$0.05 USD) - 2022/08/22 20:52:50 PT [2022/08/22 23:52:50 ET]
Table 'Meliboea III' 9-max Seat #7 is the button
Seat 1: Luigiams ($4.83 in chips) 
Seat 2: withnohandlebar ($5.36 in chips) 
Seat 3: BlackCat0812 ($6.85 in chips) 
Seat 4: lalo4440 ($1.57 in chips) 
Seat 5: LUKIANOV777 ($5.01 in chips) 
Seat 6: Dorex2007 ($5 in chips) 
Seat 7: PVLFS ($6.42 in chips) 
Seat 8: pppinclipppe ($3.75 in chips) 
Seat 9: geniuss ($5.98 in chips) 
pppinclipppe: posts small blind $0.02
geniuss: posts big blind $0.05
*** HOLE CARDS ***
Dealt to Dorex2007 [Js Qs]
Luigiams: folds 
withnohandlebar: folds 
BlackCat0812: calls $0.05
lalo4440: calls $0.05
LUKIANOV777: calls $0.05
Dorex2007: calls $0.05
PVLFS: folds 
pppinclipppe: calls $0.03
geniuss: checks 
*** FLOP *** [8h Th 2c]
pppinclipppe: checks 
geniuss: checks 
BlackCat0812: checks 
lalo4440: checks 
LUKIANOV777: checks 
Dorex2007: checks 
*** TURN *** [8h Th 2c] [4h]
pppinclipppe: checks 
geniuss: checks 
BlackCat0812: checks 
lalo4440: bets $0.29
LUKIANOV777: calls $0.29
Dorex2007: folds 
pppinclipppe: folds 
geniuss: folds 
BlackCat0812: folds 
*** RIVER *** [8h Th 2c 4h] [9d]
lalo4440: checks 
LUKIANOV777: checks 
*** SHOW DOWN ***
lalo4440: shows [Ah 6s] (high card Ace)
LUKIANOV777: shows [4c 4d] (three of a kind, Fours)
LUKIANOV777 collected $0.84 from pot
*** SUMMARY ***
Total pot $0.88 | Rake $0.04 
Board [8h Th 2c 4h 9d]
Seat 1: Luigiams folded before Flop (didn't bet)
Seat 2: withnohandlebar folded before Flop (didn't bet)
Seat 3: BlackCat0812 folded on the Turn
Seat 4: lalo4440 showed [Ah 6s] and lost with high card Ace
Seat 5: LUKIANOV777 showed [4c 4d] and won ($0.84) with three of a kind, Fours
Seat 6: Dorex2007 folded on the Turn
Seat 7: PVLFS (button) folded before Flop (didn't bet)
Seat 8: pppinclipppe (small blind) folded on the Turn
Seat 9: geniuss (big blind) folded on the Turn



PokerStars Hand #238161142255:  Hold'em No Limit ($0.02/$0.05 USD) - 2022/08/22 20:54:48 PT [2022/08/22 23:54:48 ET]
Table 'Meliboea III' 9-max Seat #8 is the button
Seat 1: Luigiams ($4.83 in chips) 
Seat 2: withnohandlebar ($5.36 in chips) 
Seat 3: BlackCat0812 ($6.80 in chips) 
Seat 4: lalo4440 ($1.23 in chips) 
Seat 5: LUKIANOV777 ($5.51 in chips) 
Seat 6: Dorex2007 ($5 in chips) 
Seat 7: PVLFS ($6.42 in chips) 
Seat 8: pppinclipppe ($3.70 in chips) 
Seat 9: geniuss ($5.93 in chips) 
geniuss: posts small blind $0.02
Luigiams: posts big blind $0.05
*** HOLE CARDS ***
Dealt to Dorex2007 [9d 5d]
withnohandlebar: raises $0.07 to $0.12
BlackCat0812: folds 
lalo4440: folds 
LUKIANOV777: folds 
Dorex2007: folds 
PVLFS: folds 
pppinclipppe: calls $0.12
geniuss: folds 
Luigiams: raises $4.71 to $4.83 and is all-in
withnohandlebar: raises $0.53 to $5.36 and is all-in
pppinclipppe: folds 
Uncalled bet ($0.53) returned to withnohandlebar
*** FLOP *** [Ks Tc 3c]
*** TURN *** [Ks Tc 3c] [2c]
*** RIVER *** [Ks Tc 3c 2c] [2h]
*** SHOW DOWN ***
Luigiams: shows [As Jh] (a pair of Deuces)
withnohandlebar: shows [Ah Ad] (two pair, Aces and Deuces)
withnohandlebar collected $9.39 from pot
*** SUMMARY ***
Total pot $9.80 | Rake $0.41 
Board [Ks Tc 3c 2c 2h]
Seat 1: Luigiams (big blind) showed [As Jh] and lost with a pair of Deuces
Seat 2: withnohandlebar showed [Ah Ad] and won ($9.39) with two pair, Aces and Deuces
Seat 3: BlackCat0812 folded before Flop (didn't bet)
Seat 4: lalo4440 folded before Flop (didn't bet)
Seat 5: LUKIANOV777 folded before Flop (didn't bet)
Seat 6: Dorex2007 folded before Flop (didn't bet)
Seat 7: PVLFS folded before Flop (didn't bet)
Seat 8: pppinclipppe (button) folded before Flop
Seat 9: geniuss (small blind) folded before Flop



PokerStars Hand #238161148151:  Hold'em No Limit ($0.02/$0.05 USD) - 2022/08/22 20:55:33 PT [2022/08/22 23:55:33 ET]
Table 'Meliboea III' 9-max Seat #9 is the button
Seat 1: Luigiams ($5 in chips) 
Seat 2: withnohandlebar ($9.92 in chips) 
Seat 3: BlackCat0812 ($6.80 in chips) 
Seat 4: lalo4440 ($1.23 in chips) 
Seat 5: LUKIANOV777 ($5.51 in chips) 
Seat 6: Dorex2007 ($5 in chips) 
Seat 7: PVLFS ($6.42 in chips) 
Seat 8: pppinclipppe ($3.58 in chips) 
Seat 9: geniuss ($5.91 in chips) 
Luigiams: posts small blind $0.02
withnohandlebar: posts big blind $0.05
*** HOLE CARDS ***
Dealt to Dorex2007 [5s 6s]
BlackCat0812: folds 
lalo4440: folds 
LUKIANOV777: folds 
Dorex2007: folds 
PVLFS: folds 
pppinclipppe: folds 
geniuss: raises $0.07 to $0.12
Luigiams: folds 
withnohandlebar: folds 
Uncalled bet ($0.07) returned to geniuss
geniuss collected $0.12 from pot
*** SUMMARY ***
Total pot $0.12 | Rake $0 
Seat 1: Luigiams (small blind) folded before Flop
Seat 2: withnohandlebar (big blind) folded before Flop
Seat 3: BlackCat0812 folded before Flop (didn't bet)
Seat 4: lalo4440 folded before Flop (didn't bet)
Seat 5: LUKIANOV777 folded before Flop (didn't bet)
Seat 6: Dorex2007 folded before Flop (didn't bet)
Seat 7: PVLFS folded before Flop (didn't bet)
Seat 8: pppinclipppe folded before Flop (didn't bet)
Seat 9: geniuss (button) collected ($0.12)



PokerStars Hand #238161151256:  Hold'em No Limit ($0.02/$0.05 USD) - 2022/08/22 20:56:00 PT [2022/08/22 23:56:00 ET]
Table 'Meliboea III' 9-max Seat #1 is the button
Seat 1: Luigiams ($4.98 in chips) 
Seat 2: withnohandlebar ($9.87 in chips) 
Seat 3: BlackCat0812 ($6.80 in chips) 
Seat 4: lalo4440 ($1.23 in chips) 
Seat 5: LUKIANOV777 ($5.51 in chips) 
Seat 6: Dorex2007 ($5 in chips) 
Seat 7: PVLFS ($6.42 in chips) 
Seat 8: pppinclipppe ($3.58 in chips) 
Seat 9: geniuss ($5.98 in chips) 
withnohandlebar: posts small blind $0.02
BlackCat0812: posts big blind $0.05
*** HOLE CARDS ***
Dealt to Dorex2007 [Ks Th]
lalo4440: folds 
LUKIANOV777 has timed out
LUKIANOV777: folds 
Dorex2007: folds 
PVLFS: raises $0.10 to $0.15
pppinclipppe: folds 
geniuss: folds 
Luigiams: calls $0.15
withnohandlebar: folds 
BlackCat0812: folds 
*** FLOP *** [Ah Qh 5h]
PVLFS: checks 
Luigiams: checks 
*** TURN *** [Ah Qh 5h] [6d]
PVLFS: checks 
Luigiams: checks 
*** RIVER *** [Ah Qh 5h 6d] [8d]
PVLFS: checks 
Luigiams: checks 
*** SHOW DOWN ***
PVLFS: shows [7s 7h] (a pair of Sevens)
Luigiams: shows [Ts 8s] (a pair of Eights)
Luigiams collected $0.35 from pot
*** SUMMARY ***
Total pot $0.37 | Rake $0.02 
Board [Ah Qh 5h 6d 8d]
Seat 1: Luigiams (button) showed [Ts 8s] and won ($0.35) with a pair of Eights
Seat 2: withnohandlebar (small blind) folded before Flop
Seat 3: BlackCat0812 (big blind) folded before Flop
Seat 4: lalo4440 folded before Flop (didn't bet)
Seat 5: LUKIANOV777 folded before Flop (didn't bet)
Seat 6: Dorex2007 folded before Flop (didn't bet)
Seat 7: PVLFS showed [7s 7h] and lost with a pair of Sevens
Seat 8: pppinclipppe folded before Flop (didn't bet)
Seat 9: geniuss folded before Flop (didn't bet)



PokerStars Hand #238161158060:  Hold'em No Limit ($0.02/$0.05 USD) - 2022/08/22 20:56:57 PT [2022/08/22 23:56:57 ET]
Table 'Meliboea III' 9-max Seat #2 is the button
Seat 1: Luigiams ($5.18 in chips) 
Seat 2: withnohandlebar ($9.85 in chips) 
Seat 3: BlackCat0812 ($6.75 in chips) 
Seat 4: lalo4440 ($1.23 in chips) 
Seat 5: LUKIANOV777 ($5.51 in chips) 
Seat 6: Dorex2007 ($5 in chips) 
Seat 7: PVLFS ($6.27 in chips) 
Seat 8: pppinclipppe ($3.58 in chips) 
Seat 9: geniuss ($5.98 in chips) 
BlackCat0812: posts small blind $0.02
lalo4440: posts big blind $0.05
*** HOLE CARDS ***
Dealt to Dorex2007 [7d 2d]
LUKIANOV777: folds 
Dorex2007: folds 
PVLFS: folds 
pppinclipppe: folds 
geniuss: folds 
Luigiams: raises $0.20 to $0.25
withnohandlebar: folds 
BlackCat0812: folds 
lalo4440: raises $0.98 to $1.23 and is all-in
Luigiams: calls $0.98
*** FLOP *** [7s Qs Ah]
*** TURN *** [7s Qs Ah] [6d]
*** RIVER *** [7s Qs Ah 6d] [5d]
*** SHOW DOWN ***
lalo4440: shows [Js Jd] (a pair of Jacks)
Luigiams: shows [Qd Qh] (three of a kind, Queens)
Luigiams cashed out the hand for $1.93 | Cash Out Fee $0.02
*** SUMMARY ***
Total pot $2.48 | Rake $0.10 
Board [7s Qs Ah 6d 5d]
Seat 1: Luigiams showed [Qd Qh] and won ($2.38) with three of a kind, Queens (pot not awarded as player cashed out)
Seat 2: withnohandlebar (button) folded before Flop (didn't bet)
Seat 3: BlackCat0812 (small blind) folded before Flop
Seat 4: lalo4440 (big blind) showed [Js Jd] and lost with a pair of Jacks
Seat 5: LUKIANOV777 folded before Flop (didn't bet)
Seat 6: Dorex2007 folded before Flop (didn't bet)
Seat 7: PVLFS folded before Flop (didn't bet)
Seat 8: pppinclipppe folded before Flop (didn't bet)
Seat 9: geniuss folded before Flop (didn't bet)



PokerStars Hand #238161164025:  Hold'em No Limit ($0.02/$0.05 USD) - 2022/08/22 20:57:47 PT [2022/08/22 23:57:47 ET]
Table 'Meliboea III' 9-max Seat #3 is the button
Seat 1: Luigiams ($5.88 in chips) 
Seat 2: withnohandlebar ($9.85 in chips) 
Seat 3: BlackCat0812 ($6.73 in chips) 
Seat 5: LUKIANOV777 ($5.51 in chips) 
Seat 6: Dorex2007 ($5 in chips) 
Seat 7: PVLFS ($6.27 in chips) 
Seat 8: pppinclipppe ($3.58 in chips) 
Seat 9: geniuss ($5.98 in chips) 
LUKIANOV777: posts small blind $0.02
Dorex2007: posts big blind $0.05
*** HOLE CARDS ***
Dealt to Dorex2007 [4s 5c]
PVLFS: folds 
pppinclipppe: folds 
geniuss: folds 
Luigiams: calls $0.05
withnohandlebar: folds 
BlackCat0812: calls $0.05
LUKIANOV777: folds 
Dorex2007: checks 
*** FLOP *** [7d Ts 4h]
Dorex2007: checks 
Luigiams: checks 
lalo4440 leaves the table
BlackCat0812: checks 
*** TURN *** [7d Ts 4h] [9h]
Warshinken joins the table at seat #4 
Dorex2007: checks 
Luigiams: checks 
BlackCat0812: bets $0.15
Dorex2007: folds 
Luigiams: folds 
Uncalled bet ($0.15) returned to BlackCat0812
BlackCat0812 collected $0.16 from pot
*** SUMMARY ***
Total pot $0.17 | Rake $0.01 
Board [7d Ts 4h 9h]
Seat 1: Luigiams folded on the Turn
Seat 2: withnohandlebar folded before Flop (didn't bet)
Seat 3: BlackCat0812 (button) collected ($0.16)
Seat 5: LUKIANOV777 (small blind) folded before Flop
Seat 6: Dorex2007 (big blind) folded on the Turn
Seat 7: PVLFS folded before Flop (didn't bet)
Seat 8: pppinclipppe folded before Flop (didn't bet)
Seat 9: geniuss folded before Flop (didn't bet)



PokerStars Hand #238161169369:  Hold'em No Limit ($0.02/$0.05 USD) - 2022/08/22 20:58:32 PT [2022/08/22 23:58:32 ET]
Table 'Meliboea III' 9-max Seat #5 is the button
Seat 1: Luigiams ($5.83 in chips) 
Seat 2: withnohandlebar ($9.85 in chips) 
Seat 3: BlackCat0812 ($6.84 in chips) 
Seat 4: Warshinken ($4.34 in chips) 
Seat 5: LUKIANOV777 ($5.49 in chips) 
Seat 6: Dorex2007 ($5 in chips) 
Seat 7: PVLFS ($6.27 in chips) 
Seat 8: pppinclipppe ($3.58 in chips) 
Seat 9: geniuss ($5.98 in chips) 
Dorex2007: posts small blind $0.02
PVLFS: posts big blind $0.05
Warshinken: posts big blind $0.05
*** HOLE CARDS ***
Dealt to Dorex2007 [3d Kd]
pppinclipppe: folds 
geniuss: folds 
Luigiams: raises $0.15 to $0.20
withnohandlebar: folds 
BlackCat0812: folds 
Warshinken: folds 
LUKIANOV777: folds 
Dorex2007: folds 
PVLFS: folds 
Uncalled bet ($0.15) returned to Luigiams
Luigiams collected $0.17 from pot
*** SUMMARY ***
Total pot $0.17 | Rake $0 
Seat 1: Luigiams collected ($0.17)
Seat 2: withnohandlebar folded before Flop (didn't bet)
Seat 3: BlackCat0812 folded before Flop (didn't bet)
Seat 4: Warshinken folded before Flop (didn't bet)
Seat 5: LUKIANOV777 (button) folded before Flop (didn't bet)
Seat 6: Dorex2007 (small blind) folded before Flop
Seat 7: PVLFS (big blind) folded before Flop
Seat 8: pppinclipppe folded before Flop (didn't bet)
Seat 9: geniuss folded before Flop (didn't bet)



PokerStars Hand #238161171893:  Hold'em No Limit ($0.02/$0.05 USD) - 2022/08/22 20:58:54 PT [2022/08/22 23:58:54 ET]
Table 'Meliboea III' 9-max Seat #6 is the button
Seat 1: Luigiams ($5.95 in chips) 
Seat 2: withnohandlebar ($9.85 in chips) 
Seat 3: BlackCat0812 ($6.84 in chips) 
Seat 4: Warshinken ($4.29 in chips) 
Seat 5: LUKIANOV777 ($5.49 in chips) 
Seat 6: Dorex2007 ($5 in chips) 
Seat 7: PVLFS ($6.22 in chips) 
Seat 8: pppinclipppe ($3.58 in chips) 
Seat 9: geniuss ($5.98 in chips) 
PVLFS: posts small blind $0.02
pppinclipppe: posts big blind $0.05
*** HOLE CARDS ***
Dealt to Dorex2007 [Ks 7c]
geniuss: folds 
Luigiams: folds 
withnohandlebar: raises $0.07 to $0.12
BlackCat0812: calls $0.12
Warshinken: folds 
LUKIANOV777: folds 
Dorex2007: folds 
PVLFS: folds 
pppinclipppe: folds 
*** FLOP *** [3c 4h 7s]
withnohandlebar: bets $0.23
BlackCat0812: raises $0.23 to $0.46
withnohandlebar: calls $0.23
*** TURN *** [3c 4h 7s] [Td]
withnohandlebar: checks 
BlackCat0812: bets $0.59
withnohandlebar: folds 
Uncalled bet ($0.59) returned to BlackCat0812
BlackCat0812 collected $1.18 from pot
*** SUMMARY ***
Total pot $1.23 | Rake $0.05 
Board [3c 4h 7s Td]
Seat 1: Luigiams folded before Flop (didn't bet)
Seat 2: withnohandlebar folded on the Turn
Seat 3: BlackCat0812 collected ($1.18)
Seat 4: Warshinken folded before Flop (didn't bet)
Seat 5: LUKIANOV777 folded before Flop (didn't bet)
Seat 6: Dorex2007 (button) folded before Flop (didn't bet)
Seat 7: PVLFS (small blind) folded before Flop
Seat 8: pppinclipppe (big blind) folded before Flop
Seat 9: geniuss folded before Flop (didn't bet)



PokerStars Hand #238161176771:  Hold'em No Limit ($0.02/$0.05 USD) - 2022/08/22 20:59:35 PT [2022/08/22 23:59:35 ET]
Table 'Meliboea III' 9-max Seat #7 is the button
Seat 1: Luigiams ($5.95 in chips) 
Seat 2: withnohandlebar ($9.27 in chips) 
Seat 3: BlackCat0812 ($7.44 in chips) 
Seat 4: Warshinken ($4.29 in chips) 
Seat 5: LUKIANOV777 ($5.49 in chips) 
Seat 6: Dorex2007 ($5 in chips) 
Seat 7: PVLFS ($6.20 in chips) 
Seat 8: pppinclipppe ($3.53 in chips) 
Seat 9: geniuss ($5.98 in chips) 
pppinclipppe: posts small blind $0.02
geniuss: posts big blind $0.05
*** HOLE CARDS ***
Dealt to Dorex2007 [Kc 2s]
Luigiams: folds 
withnohandlebar: calls $0.05
BlackCat0812: folds 
Warshinken: raises $0.15 to $0.20
LUKIANOV777: folds 
Dorex2007: folds 
PVLFS: calls $0.20
pppinclipppe: folds 
geniuss: calls $0.15
withnohandlebar: calls $0.15
*** FLOP *** [As 4h Kh]
geniuss: checks 
withnohandlebar: checks 
Warshinken: bets $0.39
PVLFS: folds 
geniuss: folds 
withnohandlebar: folds 
Uncalled bet ($0.39) returned to Warshinken
Warshinken collected $0.78 from pot
*** SUMMARY ***
Total pot $0.82 | Rake $0.04 
Board [As 4h Kh]
Seat 1: Luigiams folded before Flop (didn't bet)
Seat 2: withnohandlebar folded on the Flop
Seat 3: BlackCat0812 folded before Flop (didn't bet)
Seat 4: Warshinken collected ($0.78)
Seat 5: LUKIANOV777 folded before Flop (didn't bet)
Seat 6: Dorex2007 folded before Flop (didn't bet)
Seat 7: PVLFS (button) folded on the Flop
Seat 8: pppinclipppe (small blind) folded before Flop
Seat 9: geniuss (big blind) folded on the Flop



