PokerStars Hand #238613675608:  Hold'em No Limit ($0.05/$0.10 USD) - 2022/09/13 18:44:23 PT [2022/09/13 21:44:23 ET]
Table 'Laura II' 9-max Seat #2 is the button
Seat 1: Dorex2007 ($10 in chips) 
Seat 2: Bebear99 ($11.11 in chips) 
Seat 3: Mentalskötaren ($17.95 in chips) 
Seat 4: maitimike ($3.65 in chips) 
Seat 5: N_shibaev ($26.96 in chips) 
Seat 6: katsfinho ($22.48 in chips) 
Seat 8: wenow ($11 in chips) 
Seat 9: MeTaJIJIucT ($17.18 in chips) 
Mentalskötaren: posts small blind $0.05
maitimike: posts big blind $0.10
Dorex2007: posts big blind $0.10
Dorex2007: posts the ante $0.02
Bebear99: posts the ante $0.02
Mentalskötaren: posts the ante $0.02
maitimike: posts the ante $0.02
N_shibaev: posts the ante $0.02
katsfinho: posts the ante $0.02
wenow: posts the ante $0.02
MeTaJIJIucT: posts the ante $0.02
*** HOLE CARDS ***
Dealt to Dorex2007 [7h 2s]
N_shibaev: folds 
katsfinho: folds 
wenow: folds 
MeTaJIJIucT: folds 
Dorex2007: checks 
Bebear99: folds 
Mentalskötaren: calls $0.05
maitimike: raises $3.53 to $3.63 and is all-in
Dorex2007: folds 
Mentalskötaren: folds 
Uncalled bet ($3.53) returned to maitimike
maitimike collected $0.46 from pot
*** SUMMARY ***
Total pot $0.46 | Rake $0 
Seat 1: Dorex2007 folded before Flop (didn't bet)
Seat 2: Bebear99 (button) folded before Flop (didn't bet)
Seat 3: Mentalskötaren (small blind) folded before Flop
Seat 4: maitimike (big blind) collected ($0.46)
Seat 5: N_shibaev folded before Flop (didn't bet)
Seat 6: katsfinho folded before Flop (didn't bet)
Seat 8: wenow folded before Flop (didn't bet)
Seat 9: MeTaJIJIucT folded before Flop (didn't bet)



PokerStars Hand #238613681691:  Hold'em No Limit ($0.05/$0.10 USD) - 2022/09/13 18:44:54 PT [2022/09/13 21:44:54 ET]
Table 'Laura II' 9-max Seat #3 is the button
Seat 1: Dorex2007 ($10 in chips) 
Seat 2: Bebear99 ($11.09 in chips) 
Seat 3: Mentalskötaren ($17.83 in chips) 
Seat 4: maitimike ($3.99 in chips) 
Seat 5: N_shibaev ($26.94 in chips) 
Seat 6: katsfinho ($22.46 in chips) 
Seat 8: wenow ($10.98 in chips) 
Seat 9: MeTaJIJIucT ($17.16 in chips) 
maitimike: posts small blind $0.05
N_shibaev: posts big blind $0.10
Dorex2007: posts the ante $0.02
Bebear99: posts the ante $0.02
Mentalskötaren: posts the ante $0.02
maitimike: posts the ante $0.02
N_shibaev: posts the ante $0.02
katsfinho: posts the ante $0.02
wenow: posts the ante $0.02
MeTaJIJIucT: posts the ante $0.02
*** HOLE CARDS ***
Dealt to Dorex2007 [5h 8s]
katsfinho: folds 
wenow: folds 
MeTaJIJIucT: raises $0.15 to $0.25
Dorex2007: folds 
Bebear99: folds 
Mentalskötaren: calls $0.25
maitimike: folds 
N_shibaev: folds 
*** FLOP *** [6c 9s 4c]
MeTaJIJIucT: bets $0.39
Mentalskötaren: calls $0.39
*** TURN *** [6c 9s 4c] [3s]
MeTaJIJIucT: checks 
Mentalskötaren: bets $0.70
MeTaJIJIucT: calls $0.70
*** RIVER *** [6c 9s 4c 3s] [Kd]
MeTaJIJIucT: checks 
Mentalskötaren: checks 
*** SHOW DOWN ***
MeTaJIJIucT: shows [9h Ah] (a pair of Nines)
Mentalskötaren: mucks hand 
MeTaJIJIucT collected $2.86 from pot
*** SUMMARY ***
Total pot $2.99 | Rake $0.13 
Board [6c 9s 4c 3s Kd]
Seat 1: Dorex2007 folded before Flop (didn't bet)
Seat 2: Bebear99 folded before Flop (didn't bet)
Seat 3: Mentalskötaren (button) mucked [7c 7h]
Seat 4: maitimike (small blind) folded before Flop
Seat 5: N_shibaev (big blind) folded before Flop
Seat 6: katsfinho folded before Flop (didn't bet)
Seat 8: wenow folded before Flop (didn't bet)
Seat 9: MeTaJIJIucT showed [9h Ah] and won ($2.86) with a pair of Nines



PokerStars Hand #238613696644:  Hold'em No Limit ($0.05/$0.10 USD) - 2022/09/13 18:46:09 PT [2022/09/13 21:46:09 ET]
Table 'Laura II' 9-max Seat #4 is the button
Seat 1: Dorex2007 ($10 in chips) 
Seat 2: Bebear99 ($11.07 in chips) 
Seat 3: Mentalskötaren ($16.47 in chips) 
Seat 4: maitimike ($3.92 in chips) 
Seat 5: N_shibaev ($26.82 in chips) 
Seat 6: katsfinho ($22.44 in chips) 
Seat 8: wenow ($10.96 in chips) 
Seat 9: MeTaJIJIucT ($18.66 in chips) 
N_shibaev: posts small blind $0.05
katsfinho: posts big blind $0.10
Dorex2007: posts the ante $0.02
Bebear99: posts the ante $0.02
Mentalskötaren: posts the ante $0.02
maitimike: posts the ante $0.02
N_shibaev: posts the ante $0.02
katsfinho: posts the ante $0.02
wenow: posts the ante $0.02
MeTaJIJIucT: posts the ante $0.02
*** HOLE CARDS ***
Dealt to Dorex2007 [Kd 2h]
wenow: folds 
MeTaJIJIucT: folds 
Dorex2007: folds 
Bebear99: folds 
Mentalskötaren: calls $0.10
maitimike: calls $0.10
N_shibaev: folds 
katsfinho: checks 
*** FLOP *** [Td 6c Ks]
katsfinho: checks 
Mentalskötaren: checks 
maitimike: checks 
*** TURN *** [Td 6c Ks] [4h]
katsfinho: checks 
Mentalskötaren: checks 
maitimike: bets $0.24
katsfinho: folds 
Mentalskötaren: folds 
Uncalled bet ($0.24) returned to maitimike
maitimike collected $0.49 from pot
*** SUMMARY ***
Total pot $0.51 | Rake $0.02 
Board [Td 6c Ks 4h]
Seat 1: Dorex2007 folded before Flop (didn't bet)
Seat 2: Bebear99 folded before Flop (didn't bet)
Seat 3: Mentalskötaren folded on the Turn
Seat 4: maitimike (button) collected ($0.49)
Seat 5: N_shibaev (small blind) folded before Flop
Seat 6: katsfinho (big blind) folded on the Turn
Seat 8: wenow folded before Flop (didn't bet)
Seat 9: MeTaJIJIucT folded before Flop (didn't bet)



PokerStars Hand #238613713800:  Hold'em No Limit ($0.05/$0.10 USD) - 2022/09/13 18:47:37 PT [2022/09/13 21:47:37 ET]
Table 'Laura II' 9-max Seat #5 is the button
Seat 1: Dorex2007 ($10 in chips) 
Seat 2: Bebear99 ($11.05 in chips) 
Seat 3: Mentalskötaren ($16.35 in chips) 
Seat 4: maitimike ($4.29 in chips) 
Seat 5: N_shibaev ($26.75 in chips) 
Seat 6: katsfinho ($22.32 in chips) 
Seat 8: wenow ($10.94 in chips) 
Seat 9: MeTaJIJIucT ($18.64 in chips) 
katsfinho: posts small blind $0.05
wenow: posts big blind $0.10
Dorex2007: posts the ante $0.02
Bebear99: posts the ante $0.02
Mentalskötaren: posts the ante $0.02
maitimike: posts the ante $0.02
N_shibaev: posts the ante $0.02
katsfinho: posts the ante $0.02
wenow: posts the ante $0.02
MeTaJIJIucT: posts the ante $0.02
*** HOLE CARDS ***
Dealt to Dorex2007 [8c 3c]
MeTaJIJIucT: raises $0.15 to $0.25
Dorex2007: folds 
Bebear99: folds 
Mentalskötaren: folds 
Mentalskötaren leaves the table
maitimike: folds 
N_shibaev: folds 
katsfinho: calls $0.20
wenow: calls $0.15
*** FLOP *** [Jh 6s 5d]
katsfinho: checks 
wenow: checks 
MeTaJIJIucT: bets $0.29
katsfinho: folds 
wenow: folds 
Uncalled bet ($0.29) returned to MeTaJIJIucT
MeTaJIJIucT collected $0.87 from pot
eduardoso949 leaves the table
*** SUMMARY ***
Total pot $0.91 | Rake $0.04 
Board [Jh 6s 5d]
Seat 1: Dorex2007 folded before Flop (didn't bet)
Seat 2: Bebear99 folded before Flop (didn't bet)
Seat 3: Mentalskötaren folded before Flop (didn't bet)
Seat 4: maitimike folded before Flop (didn't bet)
Seat 5: N_shibaev (button) folded before Flop (didn't bet)
Seat 6: katsfinho (small blind) folded on the Flop
Seat 8: wenow (big blind) folded on the Flop
Seat 9: MeTaJIJIucT collected ($0.87)



PokerStars Hand #238613723500:  Hold'em No Limit ($0.05/$0.10 USD) - 2022/09/13 18:48:26 PT [2022/09/13 21:48:26 ET]
Table 'Laura II' 9-max Seat #6 is the button
Seat 1: Dorex2007 ($10 in chips) 
Seat 2: Bebear99 ($11.03 in chips) 
Seat 4: maitimike ($4.27 in chips) 
Seat 5: N_shibaev ($26.73 in chips) 
Seat 6: katsfinho ($22.05 in chips) 
Seat 8: wenow ($10.67 in chips) 
wenow: posts small blind $0.05
MeTaJIJIucT: is sitting out 
Dorex2007: posts big blind $0.10
Dorex2007: posts the ante $0.02
Bebear99: posts the ante $0.02
maitimike: posts the ante $0.02
N_shibaev: posts the ante $0.02
katsfinho: posts the ante $0.02
wenow: posts the ante $0.02
*** HOLE CARDS ***
Dealt to Dorex2007 [Kc 4s]
Bebear99: folds 
MeTaJIJIucT leaves the table
maitimike: folds 
N_shibaev: raises $0.20 to $0.30
katsfinho: folds 
wenow: folds 
Dorex2007: folds 
Uncalled bet ($0.20) returned to N_shibaev
N_shibaev collected $0.37 from pot
*** SUMMARY ***
Total pot $0.37 | Rake $0 
Seat 1: Dorex2007 (big blind) folded before Flop
Seat 2: Bebear99 folded before Flop (didn't bet)
Seat 4: maitimike folded before Flop (didn't bet)
Seat 5: N_shibaev collected ($0.37)
Seat 6: katsfinho (button) folded before Flop (didn't bet)
Seat 8: wenow (small blind) folded before Flop



PokerStars Hand #238613730172:  Hold'em No Limit ($0.05/$0.10 USD) - 2022/09/13 18:49:00 PT [2022/09/13 21:49:00 ET]
Table 'Laura II' 9-max Seat #8 is the button
Seat 1: Dorex2007 ($10 in chips) 
Seat 2: Bebear99 ($11.01 in chips) 
Seat 4: maitimike ($4.25 in chips) 
Seat 5: N_shibaev ($26.98 in chips) 
Seat 6: katsfinho ($22.03 in chips) 
Seat 8: wenow ($10.60 in chips) 
Dorex2007: posts small blind $0.05
Bebear99: posts big blind $0.10
Dorex2007: posts the ante $0.02
Bebear99: posts the ante $0.02
maitimike: posts the ante $0.02
N_shibaev: posts the ante $0.02
katsfinho: posts the ante $0.02
wenow: posts the ante $0.02
*** HOLE CARDS ***
Dealt to Dorex2007 [6c 2d]
maitimike: folds 
N_shibaev: folds 
katsfinho: folds 
maitimike leaves the table
wenow: folds 
N_shibaev leaves the table
Dorex2007: folds 
Uncalled bet ($0.05) returned to Bebear99
Bebear99 collected $0.22 from pot
Bebear99: doesn't show hand 
*** SUMMARY ***
Total pot $0.22 | Rake $0 
Seat 1: Dorex2007 (small blind) folded before Flop
Seat 2: Bebear99 (big blind) collected ($0.22)
Seat 4: maitimike folded before Flop (didn't bet)
Seat 5: N_shibaev folded before Flop (didn't bet)
Seat 6: katsfinho folded before Flop (didn't bet)
Seat 8: wenow (button) folded before Flop (didn't bet)



PokerStars Hand #238613733575:  Hold'em No Limit ($0.05/$0.10 USD) - 2022/09/13 18:49:18 PT [2022/09/13 21:49:18 ET]
Table 'Laura II' 9-max Seat #1 is the button
Seat 1: Dorex2007 ($10 in chips) 
Seat 2: Bebear99 ($11.16 in chips) 
Seat 6: katsfinho ($22.01 in chips) 
Seat 8: wenow ($10.58 in chips) 
Bebear99: posts small blind $0.05
katsfinho: posts big blind $0.10
Dorex2007: posts the ante $0.02
Bebear99: posts the ante $0.02
katsfinho: posts the ante $0.02
wenow: posts the ante $0.02
*** HOLE CARDS ***
Dealt to Dorex2007 [6d 7s]
wenow: folds 
Dorex2007: folds 
Bebear99: calls $0.05
katsfinho: raises $0.30 to $0.40
Bebear99: folds 
Uncalled bet ($0.30) returned to katsfinho
katsfinho collected $0.28 from pot
katsfinho: doesn't show hand 
*** SUMMARY ***
Total pot $0.28 | Rake $0 
Seat 1: Dorex2007 (button) folded before Flop (didn't bet)
Seat 2: Bebear99 (small blind) folded before Flop
Seat 6: katsfinho (big blind) collected ($0.28)
Seat 8: wenow folded before Flop (didn't bet)



PokerStars Hand #238613737641:  Hold'em No Limit ($0.05/$0.10 USD) - 2022/09/13 18:49:39 PT [2022/09/13 21:49:39 ET]
Table 'Laura II' 9-max Seat #2 is the button
Seat 1: Dorex2007 ($10 in chips) 
Seat 2: Bebear99 ($11.04 in chips) 
Seat 8: wenow ($10.56 in chips) 
wenow: posts small blind $0.05
Dorex2007: posts big blind $0.10
Dorex2007: posts the ante $0.02
Bebear99: posts the ante $0.02
wenow: posts the ante $0.02
*** HOLE CARDS ***
Dealt to Dorex2007 [8s 5h]
Bebear99: raises $0.20 to $0.30
katsfinho leaves the table
wenow: folds 
Dorex2007: folds 
Uncalled bet ($0.20) returned to Bebear99
Bebear99 collected $0.31 from pot
Bebear99: doesn't show hand 
*** SUMMARY ***
Total pot $0.31 | Rake $0 
Seat 1: Dorex2007 (big blind) folded before Flop
Seat 2: Bebear99 (button) collected ($0.31)
Seat 8: wenow (small blind) folded before Flop



