PokerStars Hand #233053932752:  Hold'em No Limit ($0.01/$0.02 USD) - 2022/01/11 18:06:39 PT [2022/01/11 21:06:39 ET]
Table 'Aiguillon II' 9-max Seat #1 is the button
Seat 1: sofaking1973 ($1.81 in chips) 
Seat 2: Snowman373 ($1.12 in chips) 
Seat 3: mathplayer ($0.57 in chips) 
Seat 5: ghostlider ($1.36 in chips) 
Seat 6: dekooo3 ($5.12 in chips) 
Seat 8: Dorex2007 ($2 in chips) 
Snowman373: posts small blind $0.01
mathplayer: posts big blind $0.02
Pquer Rei: sits out 
goed11: sits out 
Dorex2007: posts big blind $0.02
*** HOLE CARDS ***
Dealt to Dorex2007 [6c Ah]
ghostlider: folds 
dekooo3: raises $0.04 to $0.06
Dorex2007: folds 
sofaking1973: folds 
Snowman373: folds 
mathplayer: folds [Th]
Uncalled bet ($0.04) returned to dekooo3
dekooo3 collected $0.07 from pot
dekooo3: doesn't show hand 
*** SUMMARY ***
Total pot $0.07 | Rake $0 
Seat 1: sofaking1973 (button) folded before Flop (didn't bet)
Seat 2: Snowman373 (small blind) folded before Flop
Seat 3: mathplayer (big blind) folded before Flop
Seat 5: ghostlider folded before Flop (didn't bet)
Seat 6: dekooo3 collected ($0.07)
Seat 8: Dorex2007 folded before Flop (didn't bet)



PokerStars Hand #233053941117:  Hold'em No Limit ($0.01/$0.02 USD) - 2022/01/11 18:07:09 PT [2022/01/11 21:07:09 ET]
Table 'Aiguillon II' 9-max Seat #2 is the button
Seat 1: sofaking1973 ($1.81 in chips) 
Seat 2: Snowman373 ($1.11 in chips) 
Seat 3: mathplayer ($0.55 in chips) 
Seat 4: Pquer Rei ($0.80 in chips) 
Seat 5: ghostlider ($1.36 in chips) 
Seat 6: dekooo3 ($5.17 in chips) 
Seat 8: Dorex2007 ($2 in chips) 
mathplayer: posts small blind $0.01
Pquer Rei: posts big blind $0.02
goed11: sits out 
*** HOLE CARDS ***
Dealt to Dorex2007 [4c 5s]
ghostlider: folds 
dekooo3: folds 
Dorex2007: folds 
sofaking1973: folds 
Snowman373: raises $0.04 to $0.06
mathplayer: folds 
Pquer Rei: folds 
Uncalled bet ($0.04) returned to Snowman373
Snowman373 collected $0.05 from pot
Snowman373: doesn't show hand 
*** SUMMARY ***
Total pot $0.05 | Rake $0 
Seat 1: sofaking1973 folded before Flop (didn't bet)
Seat 2: Snowman373 (button) collected ($0.05)
Seat 3: mathplayer (small blind) folded before Flop
Seat 4: Pquer Rei (big blind) folded before Flop
Seat 5: ghostlider folded before Flop (didn't bet)
Seat 6: dekooo3 folded before Flop (didn't bet)
Seat 8: Dorex2007 folded before Flop (didn't bet)



PokerStars Hand #233053949268:  Hold'em No Limit ($0.01/$0.02 USD) - 2022/01/11 18:07:38 PT [2022/01/11 21:07:38 ET]
Table 'Aiguillon II' 9-max Seat #3 is the button
Seat 1: sofaking1973 ($1.81 in chips) 
Seat 2: Snowman373 ($1.14 in chips) 
Seat 3: mathplayer ($0.54 in chips) 
Seat 4: Pquer Rei ($0.78 in chips) 
Seat 5: ghostlider ($1.36 in chips) 
Seat 6: dekooo3 ($5.17 in chips) 
Seat 8: Dorex2007 ($2 in chips) 
Pquer Rei: posts small blind $0.01
ghostlider: posts big blind $0.02
goed11: sits out 
*** HOLE CARDS ***
Dealt to Dorex2007 [6h 5c]
dekooo3: folds 
Dorex2007: folds 
sofaking1973: folds 
Snowman373: raises $0.06 to $0.08
mathplayer: folds 
Pquer Rei: folds 
ghostlider: folds 
Uncalled bet ($0.06) returned to Snowman373
Snowman373 collected $0.05 from pot
Snowman373: doesn't show hand 
*** SUMMARY ***
Total pot $0.05 | Rake $0 
Seat 1: sofaking1973 folded before Flop (didn't bet)
Seat 2: Snowman373 collected ($0.05)
Seat 3: mathplayer (button) folded before Flop (didn't bet)
Seat 4: Pquer Rei (small blind) folded before Flop
Seat 5: ghostlider (big blind) folded before Flop
Seat 6: dekooo3 folded before Flop (didn't bet)
Seat 8: Dorex2007 folded before Flop (didn't bet)



PokerStars Hand #233053955549:  Hold'em No Limit ($0.01/$0.02 USD) - 2022/01/11 18:08:01 PT [2022/01/11 21:08:01 ET]
Table 'Aiguillon II' 9-max Seat #4 is the button
Seat 1: sofaking1973 ($1.81 in chips) 
Seat 2: Snowman373 ($1.17 in chips) 
Seat 3: mathplayer ($0.54 in chips) 
Seat 4: Pquer Rei ($0.77 in chips) 
Seat 5: ghostlider ($1.34 in chips) 
Seat 6: dekooo3 ($5.17 in chips) 
Seat 8: Dorex2007 ($2 in chips) 
ghostlider: posts small blind $0.01
dekooo3: posts big blind $0.02
goed11: sits out 
*** HOLE CARDS ***
Dealt to Dorex2007 [Jd 9c]
Dorex2007: folds 
sofaking1973: folds 
Snowman373: folds 
mathplayer: raises $0.04 to $0.06
Pquer Rei: folds 
ghostlider: folds 
dekooo3: folds 
Uncalled bet ($0.04) returned to mathplayer
mathplayer collected $0.05 from pot
*** SUMMARY ***
Total pot $0.05 | Rake $0 
Seat 1: sofaking1973 folded before Flop (didn't bet)
Seat 2: Snowman373 folded before Flop (didn't bet)
Seat 3: mathplayer collected ($0.05)
Seat 4: Pquer Rei (button) folded before Flop (didn't bet)
Seat 5: ghostlider (small blind) folded before Flop
Seat 6: dekooo3 (big blind) folded before Flop
Seat 8: Dorex2007 folded before Flop (didn't bet)



PokerStars Hand #233053960565:  Hold'em No Limit ($0.01/$0.02 USD) - 2022/01/11 18:08:19 PT [2022/01/11 21:08:19 ET]
Table 'Aiguillon II' 9-max Seat #5 is the button
Seat 1: sofaking1973 ($1.81 in chips) 
Seat 2: Snowman373 ($1.17 in chips) 
Seat 3: mathplayer ($0.57 in chips) 
Seat 4: Pquer Rei ($0.77 in chips) 
Seat 5: ghostlider ($1.33 in chips) 
Seat 6: dekooo3 ($5.15 in chips) 
Seat 7: goed11 ($2 in chips) 
Seat 8: Dorex2007 ($2 in chips) 
dekooo3: posts small blind $0.01
goed11: posts big blind $0.02
*** HOLE CARDS ***
Dealt to Dorex2007 [As 8c]
Dorex2007: folds 
sofaking1973: folds 
sofaking1973 leaves the table
Snowman373: folds 
mathplayer: folds 
Pquer Rei: folds 
ghostlider: calls $0.02
dekooo3: folds 
goed11: checks 
*** FLOP *** [8s Qs 3d]
goed11: checks 
ghostlider: checks 
*** TURN *** [8s Qs 3d] [Kc]
goed11: checks 
ghostlider: checks 
*** RIVER *** [8s Qs 3d Kc] [Ah]
goed11: checks 
ghostlider: checks 
*** SHOW DOWN ***
goed11: shows [4c 7h] (high card Ace)
ghostlider: shows [Th 9h] (high card Ace - King+Queen+Ten kicker)
ghostlider collected $0.05 from pot
*** SUMMARY ***
Total pot $0.05 | Rake $0 
Board [8s Qs 3d Kc Ah]
Seat 1: sofaking1973 folded before Flop (didn't bet)
Seat 2: Snowman373 folded before Flop (didn't bet)
Seat 3: mathplayer folded before Flop (didn't bet)
Seat 4: Pquer Rei folded before Flop (didn't bet)
Seat 5: ghostlider (button) showed [Th 9h] and won ($0.05) with high card Ace
Seat 6: dekooo3 (small blind) folded before Flop
Seat 7: goed11 (big blind) showed [4c 7h] and lost with high card Ace
Seat 8: Dorex2007 folded before Flop (didn't bet)



PokerStars Hand #233053969713:  Hold'em No Limit ($0.01/$0.02 USD) - 2022/01/11 18:08:51 PT [2022/01/11 21:08:51 ET]
Table 'Aiguillon II' 9-max Seat #6 is the button
Seat 2: Snowman373 ($1.17 in chips) 
Seat 3: mathplayer ($0.57 in chips) 
Seat 4: Pquer Rei ($0.77 in chips) 
Seat 5: ghostlider ($1.36 in chips) 
Seat 6: dekooo3 ($5.14 in chips) 
Seat 7: goed11 ($1.98 in chips) 
Seat 8: Dorex2007 ($2 in chips) 
goed11: posts small blind $0.01
Dorex2007: posts big blind $0.02
*** HOLE CARDS ***
Dealt to Dorex2007 [3h 3s]
Snowman373: raises $0.04 to $0.06
mathplayer has timed out
mathplayer: folds 
Pquer Rei: folds 
ghostlider: folds 
dekooo3: folds 
goed11: folds 
Dorex2007: folds 
Uncalled bet ($0.04) returned to Snowman373
Snowman373 collected $0.05 from pot
Snowman373: doesn't show hand 
*** SUMMARY ***
Total pot $0.05 | Rake $0 
Seat 2: Snowman373 collected ($0.05)
Seat 3: mathplayer folded before Flop (didn't bet)
Seat 4: Pquer Rei folded before Flop (didn't bet)
Seat 5: ghostlider folded before Flop (didn't bet)
Seat 6: dekooo3 (button) folded before Flop (didn't bet)
Seat 7: goed11 (small blind) folded before Flop
Seat 8: Dorex2007 (big blind) folded before Flop



PokerStars Hand #233053976793:  Hold'em No Limit ($0.01/$0.02 USD) - 2022/01/11 18:09:17 PT [2022/01/11 21:09:17 ET]
Table 'Aiguillon II' 9-max Seat #7 is the button
Seat 4: Pquer Rei ($0.77 in chips) 
Seat 5: ghostlider ($1.36 in chips) 
Seat 6: dekooo3 ($5.14 in chips) 
Seat 7: goed11 ($1.97 in chips) 
Seat 8: Dorex2007 ($2 in chips) 
Dorex2007: posts small blind $0.01
Snowman373: is sitting out 
Pquer Rei: posts big blind $0.02
*** HOLE CARDS ***
Dealt to Dorex2007 [5c Td]
meelo32 joins the table at seat #1 
Snowman373 leaves the table
ghostlider: folds 
dekooo3 has timed out
dekooo3: folds 
goed11: calls $0.02
Dorex2007: folds 
Pquer Rei: checks 
*** FLOP *** [2c 3c 8s]
Pquer Rei: checks 
goed11: bets $0.05
Pquer Rei: folds 
Uncalled bet ($0.05) returned to goed11
goed11 collected $0.05 from pot
*** SUMMARY ***
Total pot $0.05 | Rake $0 
Board [2c 3c 8s]
Seat 4: Pquer Rei (big blind) folded on the Flop
Seat 5: ghostlider folded before Flop (didn't bet)
Seat 6: dekooo3 folded before Flop (didn't bet)
Seat 7: goed11 (button) collected ($0.05)
Seat 8: Dorex2007 (small blind) folded before Flop



PokerStars Hand #233053987057:  Hold'em No Limit ($0.01/$0.02 USD) - 2022/01/11 18:09:53 PT [2022/01/11 21:09:53 ET]
Table 'Aiguillon II' 9-max Seat #8 is the button
Seat 4: Pquer Rei ($0.75 in chips) 
Seat 5: ghostlider ($1.36 in chips) 
Seat 6: dekooo3 ($5.14 in chips) 
Seat 7: goed11 ($2 in chips) 
Seat 8: Dorex2007 ($2 in chips) 
Pquer Rei: posts small blind $0.01
ghostlider: posts big blind $0.02
*** HOLE CARDS ***
Dealt to Dorex2007 [Jh 7s]
DavidBakingSoda joins the table at seat #2 
dekooo3: folds 
goed11: folds 
Dorex2007: folds 
Pquer Rei: folds 
Uncalled bet ($0.01) returned to ghostlider
ghostlider collected $0.02 from pot
ghostlider: doesn't show hand 
*** SUMMARY ***
Total pot $0.02 | Rake $0 
Seat 4: Pquer Rei (small blind) folded before Flop
Seat 5: ghostlider (big blind) collected ($0.02)
Seat 6: dekooo3 folded before Flop (didn't bet)
Seat 7: goed11 folded before Flop (didn't bet)
Seat 8: Dorex2007 (button) folded before Flop (didn't bet)



PokerStars Hand #233053989531:  Hold'em No Limit ($0.01/$0.02 USD) - 2022/01/11 18:10:02 PT [2022/01/11 21:10:02 ET]
Table 'Aiguillon II' 9-max Seat #4 is the button
Seat 1: meelo32 ($1.60 in chips) 
Seat 4: Pquer Rei ($0.74 in chips) 
Seat 5: ghostlider ($1.37 in chips) 
Seat 6: dekooo3 ($5.14 in chips) 
Seat 7: goed11 ($2 in chips) 
Seat 8: Dorex2007 ($2 in chips) 
ghostlider: posts small blind $0.01
dekooo3: posts big blind $0.02
meelo32: posts big blind $0.02
DavidBakingSoda: sits out 
*** HOLE CARDS ***
Dealt to Dorex2007 [Jh 2c]
goed11: folds 
Dorex2007: folds 
meelo32: raises $0.02 to $0.04
Pquer Rei: folds 
ghostlider: folds 
dekooo3: folds 
Uncalled bet ($0.02) returned to meelo32
meelo32 collected $0.05 from pot
meelo32: doesn't show hand 
*** SUMMARY ***
Total pot $0.05 | Rake $0 
Seat 1: meelo32 collected ($0.05)
Seat 4: Pquer Rei (button) folded before Flop (didn't bet)
Seat 5: ghostlider (small blind) folded before Flop
Seat 6: dekooo3 (big blind) folded before Flop
Seat 7: goed11 folded before Flop (didn't bet)
Seat 8: Dorex2007 folded before Flop (didn't bet)



PokerStars Hand #233053994473:  Hold'em No Limit ($0.01/$0.02 USD) - 2022/01/11 18:10:19 PT [2022/01/11 21:10:19 ET]
Table 'Aiguillon II' 9-max Seat #5 is the button
Seat 1: meelo32 ($1.63 in chips) 
Seat 4: Pquer Rei ($0.74 in chips) 
Seat 5: ghostlider ($1.36 in chips) 
Seat 6: dekooo3 ($5.12 in chips) 
Seat 7: goed11 ($2 in chips) 
Seat 8: Dorex2007 ($2 in chips) 
dekooo3: posts small blind $0.01
goed11: posts big blind $0.02
DavidBakingSoda: sits out 
*** HOLE CARDS ***
Dealt to Dorex2007 [2d Kc]
Dorex2007: folds 
meelo32: folds 
Pquer Rei: calls $0.02
ghostlider: folds 
dekooo3: raises $0.04 to $0.06
goed11: folds 
Pquer Rei: folds 
Uncalled bet ($0.04) returned to dekooo3
dekooo3 collected $0.06 from pot
dekooo3: doesn't show hand 
*** SUMMARY ***
Total pot $0.06 | Rake $0 
Seat 1: meelo32 folded before Flop (didn't bet)
Seat 4: Pquer Rei folded before Flop
Seat 5: ghostlider (button) folded before Flop (didn't bet)
Seat 6: dekooo3 (small blind) collected ($0.06)
Seat 7: goed11 (big blind) folded before Flop
Seat 8: Dorex2007 folded before Flop (didn't bet)



PokerStars Hand #233054001687:  Hold'em No Limit ($0.01/$0.02 USD) - 2022/01/11 18:10:45 PT [2022/01/11 21:10:45 ET]
Table 'Aiguillon II' 9-max Seat #6 is the button
Seat 1: meelo32 ($1.63 in chips) 
Seat 4: Pquer Rei ($0.72 in chips) 
Seat 5: ghostlider ($1.36 in chips) 
Seat 6: dekooo3 ($5.16 in chips) 
Seat 7: goed11 ($1.98 in chips) 
Seat 8: Dorex2007 ($2 in chips) 
goed11: posts small blind $0.01
Dorex2007: posts big blind $0.02
DavidBakingSoda: sits out 
*** HOLE CARDS ***
Dealt to Dorex2007 [6s Js]
meelo32: folds 
Pquer Rei: calls $0.02
ghostlider: folds 
dekooo3: folds 
goed11: calls $0.01
Dorex2007: checks 
*** FLOP *** [Ah 2c Qd]
goed11: checks 
Dorex2007: checks 
Pquer Rei: bets $0.02
goed11: folds 
Dorex2007: folds 
Uncalled bet ($0.02) returned to Pquer Rei
Pquer Rei collected $0.06 from pot
Pquer Rei: doesn't show hand 
*** SUMMARY ***
Total pot $0.06 | Rake $0 
Board [Ah 2c Qd]
Seat 1: meelo32 folded before Flop (didn't bet)
Seat 4: Pquer Rei collected ($0.06)
Seat 5: ghostlider folded before Flop (didn't bet)
Seat 6: dekooo3 (button) folded before Flop (didn't bet)
Seat 7: goed11 (small blind) folded on the Flop
Seat 8: Dorex2007 (big blind) folded on the Flop



PokerStars Hand #233054016498:  Hold'em No Limit ($0.01/$0.02 USD) - 2022/01/11 18:11:37 PT [2022/01/11 21:11:37 ET]
Table 'Aiguillon II' 9-max Seat #7 is the button
Seat 1: meelo32 ($1.63 in chips) 
Seat 4: Pquer Rei ($0.76 in chips) 
Seat 5: ghostlider ($1.36 in chips) 
Seat 6: dekooo3 ($5.16 in chips) 
Seat 7: goed11 ($1.96 in chips) 
Seat 8: Dorex2007 ($2 in chips) 
Dorex2007: posts small blind $0.01
meelo32: posts big blind $0.02
DavidBakingSoda: sits out 
*** HOLE CARDS ***
Dealt to Dorex2007 [Kh Kc]
Pquer Rei: folds 
ghostlider: calls $0.02
dekooo3: raises $0.05 to $0.07
goed11: folds 
Dorex2007: raises $0.07 to $0.14
meelo32 has timed out
meelo32: folds 
ghostlider: folds 
dekooo3: calls $0.07
*** FLOP *** [6d 9d Th]
Dorex2007: bets $1.86 and is all-in
dekooo3: folds 
Uncalled bet ($1.86) returned to Dorex2007
Dorex2007 collected $0.31 from pot
Helton_crba leaves the table
Dorex2007: doesn't show hand 
*** SUMMARY ***
Total pot $0.32 | Rake $0.01 
Board [6d 9d Th]
Seat 1: meelo32 (big blind) folded before Flop
Seat 4: Pquer Rei folded before Flop (didn't bet)
Seat 5: ghostlider folded before Flop
Seat 6: dekooo3 folded on the Flop
Seat 7: goed11 (button) folded before Flop (didn't bet)
Seat 8: Dorex2007 (small blind) collected ($0.31)



PokerStars Hand #233054033844:  Hold'em No Limit ($0.01/$0.02 USD) - 2022/01/11 18:12:40 PT [2022/01/11 21:12:40 ET]
Table 'Aiguillon II' 9-max Seat #8 is the button
Seat 1: meelo32 ($1.61 in chips) 
Seat 2: DavidBakingSoda ($0.80 in chips) 
Seat 4: Pquer Rei ($0.76 in chips) 
Seat 5: ghostlider ($1.34 in chips) 
Seat 6: dekooo3 ($5.02 in chips) 
Seat 7: goed11 ($1.96 in chips) 
Seat 8: Dorex2007 ($2.17 in chips) 
meelo32: posts small blind $0.01
DavidBakingSoda: posts big blind $0.02
*** HOLE CARDS ***
Dealt to Dorex2007 [Qd 2h]
Pquer Rei: folds 
ghostlider: folds 
dekooo3: folds 
goed11: calls $0.02
Dorex2007: folds 
meelo32: calls $0.01
ghostlider leaves the table
DavidBakingSoda: checks 
*** FLOP *** [Ts 9h Qs]
meelo32: checks 
DavidBakingSoda: bets $0.02
goed11: folds 
meelo32: calls $0.02
*** TURN *** [Ts 9h Qs] [Kh]
meelo32: checks 
DavidBakingSoda: bets $0.02
meelo32: calls $0.02
*** RIVER *** [Ts 9h Qs Kh] [7h]
Helton_crba joins the table at seat #9 
meelo32: checks 
DavidBakingSoda: bets $0.02
meelo32: folds 
Uncalled bet ($0.02) returned to DavidBakingSoda
mathplayer leaves the table
DavidBakingSoda collected $0.14 from pot
DavidBakingSoda: doesn't show hand 
*** SUMMARY ***
Total pot $0.14 | Rake $0 
Board [Ts 9h Qs Kh 7h]
Seat 1: meelo32 (small blind) folded on the River
Seat 2: DavidBakingSoda (big blind) collected ($0.14)
Seat 4: Pquer Rei folded before Flop (didn't bet)
Seat 5: ghostlider folded before Flop (didn't bet)
Seat 6: dekooo3 folded before Flop (didn't bet)
Seat 7: goed11 folded on the Flop
Seat 8: Dorex2007 (button) folded before Flop (didn't bet)



PokerStars Hand #233054050132:  Hold'em No Limit ($0.01/$0.02 USD) - 2022/01/11 18:13:38 PT [2022/01/11 21:13:38 ET]
Table 'Aiguillon II' 9-max Seat #1 is the button
Seat 1: meelo32 ($1.55 in chips) 
Seat 2: DavidBakingSoda ($0.88 in chips) 
Seat 4: Pquer Rei ($0.76 in chips) 
Seat 6: dekooo3 ($5.02 in chips) 
Seat 7: goed11 ($1.94 in chips) 
Seat 8: Dorex2007 ($2.17 in chips) 
DavidBakingSoda: posts small blind $0.01
Pquer Rei: posts big blind $0.02
Helton_crba: sits out 
*** HOLE CARDS ***
Dealt to Dorex2007 [Js 9d]
dekooo3: folds 
goed11: folds 
Dorex2007: folds 
meelo32: folds 
DavidBakingSoda: calls $0.01
Pquer Rei: checks 
*** FLOP *** [3c Td 9h]
DavidBakingSoda: checks 
Pquer Rei: bets $0.02
DavidBakingSoda: calls $0.02
*** TURN *** [3c Td 9h] [6h]
DavidBakingSoda: checks 
Pquer Rei: checks 
*** RIVER *** [3c Td 9h 6h] [8s]
DavidBakingSoda: bets $0.04
Pquer Rei: raises $0.68 to $0.72 and is all-in
DavidBakingSoda: folds 
Uncalled bet ($0.68) returned to Pquer Rei
Pquer Rei collected $0.15 from pot
Pquer Rei: doesn't show hand 
*** SUMMARY ***
Total pot $0.16 | Rake $0.01 
Board [3c Td 9h 6h 8s]
Seat 1: meelo32 (button) folded before Flop (didn't bet)
Seat 2: DavidBakingSoda (small blind) folded on the River
Seat 4: Pquer Rei (big blind) collected ($0.15)
Seat 6: dekooo3 folded before Flop (didn't bet)
Seat 7: goed11 folded before Flop (didn't bet)
Seat 8: Dorex2007 folded before Flop (didn't bet)



PokerStars Hand #233054062400:  Hold'em No Limit ($0.01/$0.02 USD) - 2022/01/11 18:14:21 PT [2022/01/11 21:14:21 ET]
Table 'Aiguillon II' 9-max Seat #2 is the button
Seat 1: meelo32 ($1.55 in chips) 
Seat 2: DavidBakingSoda ($0.80 in chips) 
Seat 4: Pquer Rei ($0.83 in chips) 
Seat 6: dekooo3 ($5.02 in chips) 
Seat 7: goed11 ($1.94 in chips) 
Seat 8: Dorex2007 ($2.17 in chips) 
Pquer Rei: posts small blind $0.01
dekooo3: posts big blind $0.02
Helton_crba: sits out 
*** HOLE CARDS ***
Dealt to Dorex2007 [7c 6c]
goed11: folds 
Dorex2007: folds 
meelo32: folds 
brunokinka96 joins the table at seat #5 
DavidBakingSoda: folds 
Pquer Rei: calls $0.01
dekooo3: checks 
*** FLOP *** [Td 3d Kd]
Pquer Rei: checks 
dekooo3: checks 
*** TURN *** [Td 3d Kd] [8h]
Pquer Rei: bets $0.02
dekooo3: folds 
Uncalled bet ($0.02) returned to Pquer Rei
Pquer Rei collected $0.04 from pot
Pquer Rei: doesn't show hand 
*** SUMMARY ***
Total pot $0.04 | Rake $0 
Board [Td 3d Kd 8h]
Seat 1: meelo32 folded before Flop (didn't bet)
Seat 2: DavidBakingSoda (button) folded before Flop (didn't bet)
Seat 4: Pquer Rei (small blind) collected ($0.04)
Seat 6: dekooo3 (big blind) folded on the Turn
Seat 7: goed11 folded before Flop (didn't bet)
Seat 8: Dorex2007 folded before Flop (didn't bet)



PokerStars Hand #233054087049:  Hold'em No Limit ($0.01/$0.02 USD) - 2022/01/11 18:15:17 PT [2022/01/11 21:15:17 ET]
Table 'Aiguillon II' 9-max Seat #4 is the button
Seat 1: meelo32 ($1.55 in chips) 
Seat 2: DavidBakingSoda ($0.80 in chips) 
Seat 4: Pquer Rei ($0.85 in chips) 
Seat 6: dekooo3 ($5 in chips) 
Seat 7: goed11 ($1.94 in chips) 
Seat 8: Dorex2007 ($2.17 in chips) 
dekooo3: posts small blind $0.01
goed11: posts big blind $0.02
Helton_crba: sits out 
*** HOLE CARDS ***
Dealt to Dorex2007 [3h 9h]
Dorex2007: folds 
meelo32: folds 
DavidBakingSoda: folds 
Pquer Rei: raises $0.04 to $0.06
dekooo3: folds 
goed11: folds 
Uncalled bet ($0.04) returned to Pquer Rei
Pquer Rei collected $0.05 from pot
Pquer Rei: doesn't show hand 
*** SUMMARY ***
Total pot $0.05 | Rake $0 
Seat 1: meelo32 folded before Flop (didn't bet)
Seat 2: DavidBakingSoda folded before Flop (didn't bet)
Seat 4: Pquer Rei (button) collected ($0.05)
Seat 6: dekooo3 (small blind) folded before Flop
Seat 7: goed11 (big blind) folded before Flop
Seat 8: Dorex2007 folded before Flop (didn't bet)



PokerStars Hand #233054101640:  Hold'em No Limit ($0.01/$0.02 USD) - 2022/01/11 18:16:09 PT [2022/01/11 21:16:09 ET]
Table 'Aiguillon II' 9-max Seat #6 is the button
Seat 1: meelo32 ($1.55 in chips) 
Seat 2: DavidBakingSoda ($0.80 in chips) 
Seat 4: Pquer Rei ($0.88 in chips) 
Seat 6: dekooo3 ($4.99 in chips) 
Seat 7: goed11 ($1.92 in chips) 
Seat 8: Dorex2007 ($2.17 in chips) 
goed11: posts small blind $0.01
Dorex2007: posts big blind $0.02
Helton_crba: sits out 
brunokinka96: sits out 
*** HOLE CARDS ***
Dealt to Dorex2007 [6s 8d]
meelo32: folds 
DavidBakingSoda: folds 
Pquer Rei: folds 
dekooo3: folds 
goed11: raises $0.04 to $0.06
Dorex2007: folds 
Uncalled bet ($0.04) returned to goed11
goed11 collected $0.04 from pot
*** SUMMARY ***
Total pot $0.04 | Rake $0 
Seat 1: meelo32 folded before Flop (didn't bet)
Seat 2: DavidBakingSoda folded before Flop (didn't bet)
Seat 4: Pquer Rei folded before Flop (didn't bet)
Seat 6: dekooo3 (button) folded before Flop (didn't bet)
Seat 7: goed11 (small blind) collected ($0.04)
Seat 8: Dorex2007 (big blind) folded before Flop



PokerStars Hand #233054105305:  Hold'em No Limit ($0.01/$0.02 USD) - 2022/01/11 18:16:22 PT [2022/01/11 21:16:22 ET]
Table 'Aiguillon II' 9-max Seat #7 is the button
Seat 1: meelo32 ($1.55 in chips) 
Seat 2: DavidBakingSoda ($0.80 in chips) 
Seat 4: Pquer Rei ($0.88 in chips) 
Seat 6: dekooo3 ($4.99 in chips) 
Seat 7: goed11 ($1.94 in chips) 
Seat 8: Dorex2007 ($2.15 in chips) 
Seat 9: Helton_crba ($5.21 in chips) 
Dorex2007: posts small blind $0.01
Helton_crba: posts big blind $0.02
brunokinka96: sits out 
*** HOLE CARDS ***
Dealt to Dorex2007 [3h Ad]
meelo32: calls $0.02
DavidBakingSoda: folds 
Pquer Rei: folds 
dekooo3: folds 
goed11: raises $0.04 to $0.06
Dorex2007: folds 
Helton_crba: folds 
meelo32: calls $0.04
*** FLOP *** [6s 8h Qh]
Pepto0 joins the table at seat #3 
meelo32: checks 
goed11: bets $0.14
meelo32: folds 
Uncalled bet ($0.14) returned to goed11
goed11 collected $0.14 from pot
*** SUMMARY ***
Total pot $0.15 | Rake $0.01 
Board [6s 8h Qh]
Seat 1: meelo32 folded on the Flop
Seat 2: DavidBakingSoda folded before Flop (didn't bet)
Seat 4: Pquer Rei folded before Flop (didn't bet)
Seat 6: dekooo3 folded before Flop (didn't bet)
Seat 7: goed11 (button) collected ($0.14)
Seat 8: Dorex2007 (small blind) folded before Flop
Seat 9: Helton_crba (big blind) folded before Flop



PokerStars Hand #233054117483:  Hold'em No Limit ($0.01/$0.02 USD) - 2022/01/11 18:17:06 PT [2022/01/11 21:17:06 ET]
Table 'Aiguillon II' 9-max Seat #8 is the button
Seat 1: meelo32 ($1.49 in chips) 
Seat 2: DavidBakingSoda ($0.80 in chips) 
Seat 4: Pquer Rei ($0.88 in chips) 
Seat 5: brunokinka96 ($1.60 in chips) 
Seat 6: dekooo3 ($4.99 in chips) 
Seat 7: goed11 ($2.02 in chips) 
Seat 8: Dorex2007 ($2.14 in chips) 
Seat 9: Helton_crba ($5.19 in chips) 
Helton_crba: posts small blind $0.01
meelo32: posts big blind $0.02
Pepto0: sits out 
brunokinka96: posts big blind $0.02
*** HOLE CARDS ***
Dealt to Dorex2007 [3s Qc]
DavidBakingSoda: raises $0.02 to $0.04
Pquer Rei: folds 
brunokinka96: folds 
dekooo3: folds 
goed11: calls $0.04
Dorex2007: folds 
Helton_crba: folds 
meelo32: folds 
*** FLOP *** [7s Th 7c]
DavidBakingSoda: bets $0.02
goed11: folds 
Uncalled bet ($0.02) returned to DavidBakingSoda
DavidBakingSoda collected $0.13 from pot
DavidBakingSoda: doesn't show hand 
*** SUMMARY ***
Total pot $0.13 | Rake $0 
Board [7s Th 7c]
Seat 1: meelo32 (big blind) folded before Flop
Seat 2: DavidBakingSoda collected ($0.13)
Seat 4: Pquer Rei folded before Flop (didn't bet)
Seat 5: brunokinka96 folded before Flop (didn't bet)
Seat 6: dekooo3 folded before Flop (didn't bet)
Seat 7: goed11 folded on the Flop
Seat 8: Dorex2007 (button) folded before Flop (didn't bet)
Seat 9: Helton_crba (small blind) folded before Flop



PokerStars Hand #233054126672:  Hold'em No Limit ($0.01/$0.02 USD) - 2022/01/11 18:17:39 PT [2022/01/11 21:17:39 ET]
Table 'Aiguillon II' 9-max Seat #9 is the button
Seat 1: meelo32 ($1.47 in chips) 
Seat 2: DavidBakingSoda ($0.89 in chips) 
Seat 4: Pquer Rei ($0.88 in chips) 
Seat 5: brunokinka96 ($1.58 in chips) 
Seat 6: dekooo3 ($4.99 in chips) 
Seat 7: goed11 ($1.98 in chips) 
Seat 8: Dorex2007 ($2.14 in chips) 
Seat 9: Helton_crba ($5.18 in chips) 
meelo32: posts small blind $0.01
DavidBakingSoda: posts big blind $0.02
Pepto0: sits out 
*** HOLE CARDS ***
Dealt to Dorex2007 [Th Jh]
Pquer Rei: folds 
brunokinka96: folds 
dekooo3: folds 
goed11: folds 
Dorex2007: raises $0.04 to $0.06
Pquer Rei leaves the table
Helton_crba: calls $0.06
meelo32: folds 
DavidBakingSoda: folds 
*** FLOP *** [2h Qc 9c]
Dorex2007: bets $0.14
Zoesmama767 joins the table at seat #4 
Helton_crba: calls $0.14
*** TURN *** [2h Qc 9c] [7c]
Dorex2007: bets $0.27
Helton_crba: folds 
Uncalled bet ($0.27) returned to Dorex2007
Dorex2007 collected $0.41 from pot
Dorex2007: doesn't show hand 
*** SUMMARY ***
Total pot $0.43 | Rake $0.02 
Board [2h Qc 9c 7c]
Seat 1: meelo32 (small blind) folded before Flop
Seat 2: DavidBakingSoda (big blind) folded before Flop
Seat 4: Pquer Rei folded before Flop (didn't bet)
Seat 5: brunokinka96 folded before Flop (didn't bet)
Seat 6: dekooo3 folded before Flop (didn't bet)
Seat 7: goed11 folded before Flop (didn't bet)
Seat 8: Dorex2007 collected ($0.41)
Seat 9: Helton_crba (button) folded on the Turn



PokerStars Hand #233054140542:  Hold'em No Limit ($0.01/$0.02 USD) - 2022/01/11 18:18:29 PT [2022/01/11 21:18:29 ET]
Table 'Aiguillon II' 9-max Seat #1 is the button
Seat 1: meelo32 ($1.46 in chips) 
Seat 2: DavidBakingSoda ($0.87 in chips) 
Seat 3: Pepto0 ($1.60 in chips) 
Seat 4: Zoesmama767 ($0.80 in chips) 
Seat 5: brunokinka96 ($1.58 in chips) 
Seat 6: dekooo3 ($4.99 in chips) 
Seat 7: goed11 ($1.98 in chips) 
Seat 8: Dorex2007 ($2.35 in chips) 
Seat 9: Helton_crba ($4.98 in chips) 
DavidBakingSoda: posts small blind $0.01
Pepto0: posts big blind $0.02
Zoesmama767: posts big blind $0.02
*** HOLE CARDS ***
Dealt to Dorex2007 [5c Tc]
Zoesmama767: checks 
brunokinka96: folds 
dekooo3: folds 
goed11: folds 
Dorex2007: folds 
Helton_crba: folds 
meelo32: calls $0.02
DavidBakingSoda: folds 
Pepto0: checks 
*** FLOP *** [2h Qs Jd]
Pepto0: checks 
Zoesmama767: checks 
meelo32: checks 
*** TURN *** [2h Qs Jd] [Js]
Pepto0: checks 
Zoesmama767: checks 
meelo32: checks 
*** RIVER *** [2h Qs Jd Js] [Qc]
Pepto0: checks 
Zoesmama767: checks 
meelo32: checks 
*** SHOW DOWN ***
Pepto0: shows [7d 7h] (two pair, Queens and Jacks)
Zoesmama767: shows [Ts 5d] (two pair, Queens and Jacks - Ten kicker)
meelo32: shows [9h Ac] (two pair, Queens and Jacks - Ace kicker)
meelo32 collected $0.07 from pot
*** SUMMARY ***
Total pot $0.07 | Rake $0 
Board [2h Qs Jd Js Qc]
Seat 1: meelo32 (button) showed [9h Ac] and won ($0.07) with two pair, Queens and Jacks
Seat 2: DavidBakingSoda (small blind) folded before Flop
Seat 3: Pepto0 (big blind) showed [7d 7h] and lost with two pair, Queens and Jacks
Seat 4: Zoesmama767 showed [Ts 5d] and lost with two pair, Queens and Jacks
Seat 5: brunokinka96 folded before Flop (didn't bet)
Seat 6: dekooo3 folded before Flop (didn't bet)
Seat 7: goed11 folded before Flop (didn't bet)
Seat 8: Dorex2007 folded before Flop (didn't bet)
Seat 9: Helton_crba folded before Flop (didn't bet)



PokerStars Hand #233054166827:  Hold'em No Limit ($0.01/$0.02 USD) - 2022/01/11 18:19:39 PT [2022/01/11 21:19:39 ET]
Table 'Aiguillon II' 9-max Seat #2 is the button
Seat 1: meelo32 ($1.51 in chips) 
Seat 2: DavidBakingSoda ($0.86 in chips) 
Seat 3: Pepto0 ($1.58 in chips) 
Seat 4: Zoesmama767 ($0.78 in chips) 
Seat 5: brunokinka96 ($1.58 in chips) 
Seat 6: dekooo3 ($4.99 in chips) 
Seat 7: goed11 ($1.98 in chips) 
Seat 8: Dorex2007 ($2.35 in chips) 
Seat 9: Helton_crba ($4.98 in chips) 
Pepto0: posts small blind $0.01
Zoesmama767: posts big blind $0.02
*** HOLE CARDS ***
Dealt to Dorex2007 [5c Jd]
brunokinka96: calls $0.02
dekooo3: folds 
goed11: folds 
Dorex2007: folds 
Helton_crba: folds 
meelo32: calls $0.02
DavidBakingSoda: folds 
Pepto0: calls $0.01
Zoesmama767: raises $0.02 to $0.04
brunokinka96: calls $0.02
meelo32: calls $0.02
Pepto0: calls $0.02
*** FLOP *** [9h Qh 6h]
Pepto0: checks 
Zoesmama767: bets $0.06
brunokinka96: folds 
meelo32: folds 
Pepto0: calls $0.06
*** TURN *** [9h Qh 6h] [9s]
Pepto0: checks 
Zoesmama767: bets $0.10
Pepto0: calls $0.10
*** RIVER *** [9h Qh 6h 9s] [7c]
Pepto0: checks 
Zoesmama767: bets $0.58 and is all-in
Pepto0: folds 
Uncalled bet ($0.58) returned to Zoesmama767
Zoesmama767 collected $0.46 from pot
Zoesmama767: doesn't show hand 
*** SUMMARY ***
Total pot $0.48 | Rake $0.02 
Board [9h Qh 6h 9s 7c]
Seat 1: meelo32 folded on the Flop
Seat 2: DavidBakingSoda (button) folded before Flop (didn't bet)
Seat 3: Pepto0 (small blind) folded on the River
Seat 4: Zoesmama767 (big blind) collected ($0.46)
Seat 5: brunokinka96 folded on the Flop
Seat 6: dekooo3 folded before Flop (didn't bet)
Seat 7: goed11 folded before Flop (didn't bet)
Seat 8: Dorex2007 folded before Flop (didn't bet)
Seat 9: Helton_crba folded before Flop (didn't bet)



PokerStars Hand #233054193264:  Hold'em No Limit ($0.01/$0.02 USD) - 2022/01/11 18:21:15 PT [2022/01/11 21:21:15 ET]
Table 'Aiguillon II' 9-max Seat #3 is the button
Seat 1: meelo32 ($1.47 in chips) 
Seat 2: DavidBakingSoda ($0.86 in chips) 
Seat 3: Pepto0 ($1.38 in chips) 
Seat 4: Zoesmama767 ($1.04 in chips) 
Seat 5: brunokinka96 ($1.54 in chips) 
Seat 6: dekooo3 ($4.99 in chips) 
Seat 7: goed11 ($1.98 in chips) 
Seat 8: Dorex2007 ($2.35 in chips) 
Seat 9: Helton_crba ($4.98 in chips) 
Zoesmama767: posts small blind $0.01
brunokinka96: posts big blind $0.02
*** HOLE CARDS ***
Dealt to Dorex2007 [Ks Jh]
dekooo3: folds 
goed11: calls $0.02
Dorex2007: calls $0.02
Helton_crba: folds 
meelo32: calls $0.02
DavidBakingSoda: folds 
Pepto0: folds 
Zoesmama767: calls $0.01
brunokinka96: checks 
*** FLOP *** [Jd 3c 6s]
Zoesmama767: checks 
brunokinka96: checks 
goed11: checks 
Dorex2007: bets $0.07
meelo32: folds 
Zoesmama767: calls $0.07
brunokinka96: calls $0.07
goed11: folds 
*** TURN *** [Jd 3c 6s] [8c]
Zoesmama767: checks 
brunokinka96: checks 
Dorex2007: bets $0.15
Zoesmama767: folds 
brunokinka96: calls $0.15
*** RIVER *** [Jd 3c 6s 8c] [Js]
brunokinka96: checks 
Dorex2007: bets $0.30
brunokinka96: folds 
Uncalled bet ($0.30) returned to Dorex2007
Dorex2007 collected $0.59 from pot
Dorex2007: doesn't show hand 
*** SUMMARY ***
Total pot $0.61 | Rake $0.02 
Board [Jd 3c 6s 8c Js]
Seat 1: meelo32 folded on the Flop
Seat 2: DavidBakingSoda folded before Flop (didn't bet)
Seat 3: Pepto0 (button) folded before Flop (didn't bet)
Seat 4: Zoesmama767 (small blind) folded on the Turn
Seat 5: brunokinka96 (big blind) folded on the River
Seat 6: dekooo3 folded before Flop (didn't bet)
Seat 7: goed11 folded on the Flop
Seat 8: Dorex2007 collected ($0.59)
Seat 9: Helton_crba folded before Flop (didn't bet)



PokerStars Hand #233054214937:  Hold'em No Limit ($0.01/$0.02 USD) - 2022/01/11 18:22:34 PT [2022/01/11 21:22:34 ET]
Table 'Aiguillon II' 9-max Seat #4 is the button
Seat 1: meelo32 ($1.45 in chips) 
Seat 2: DavidBakingSoda ($0.86 in chips) 
Seat 3: Pepto0 ($1.38 in chips) 
Seat 4: Zoesmama767 ($0.95 in chips) 
Seat 5: brunokinka96 ($1.30 in chips) 
Seat 6: dekooo3 ($4.99 in chips) 
Seat 7: goed11 ($1.96 in chips) 
Seat 8: Dorex2007 ($2.70 in chips) 
Seat 9: Helton_crba ($4.98 in chips) 
brunokinka96: posts small blind $0.01
dekooo3: posts big blind $0.02
*** HOLE CARDS ***
Dealt to Dorex2007 [8s 6c]
goed11 has timed out
goed11: folds 
Dorex2007: folds 
Helton_crba: folds 
meelo32: calls $0.02
DavidBakingSoda: folds 
Pepto0: calls $0.02
Zoesmama767: folds 
Zoesmama767 leaves the table
brunokinka96: folds 
dekooo3: checks 
*** FLOP *** [4s Qd 9h]
matt blakk joins the table at seat #4 
dekooo3: checks 
meelo32: checks 
Pepto0: checks 
*** TURN *** [4s Qd 9h] [Ac]
dekooo3: checks 
meelo32: checks 
Pepto0: checks 
*** RIVER *** [4s Qd 9h Ac] [8c]
dekooo3: checks 
meelo32: checks 
Pepto0: checks 
*** SHOW DOWN ***
dekooo3: shows [Jh 3d] (high card Ace)
meelo32: shows [2d 2c] (a pair of Deuces)
Pepto0: mucks hand 
meelo32 collected $0.07 from pot
*** SUMMARY ***
Total pot $0.07 | Rake $0 
Board [4s Qd 9h Ac 8c]
Seat 1: meelo32 showed [2d 2c] and won ($0.07) with a pair of Deuces
Seat 2: DavidBakingSoda folded before Flop (didn't bet)
Seat 3: Pepto0 mucked [3c Jc]
Seat 4: Zoesmama767 (button) folded before Flop (didn't bet)
Seat 5: brunokinka96 (small blind) folded before Flop
Seat 6: dekooo3 (big blind) showed [Jh 3d] and lost with high card Ace
Seat 7: goed11 folded before Flop (didn't bet)
Seat 8: Dorex2007 folded before Flop (didn't bet)
Seat 9: Helton_crba folded before Flop (didn't bet)



PokerStars Hand #233054229395:  Hold'em No Limit ($0.01/$0.02 USD) - 2022/01/11 18:23:27 PT [2022/01/11 21:23:27 ET]
Table 'Aiguillon II' 9-max Seat #5 is the button
Seat 1: meelo32 ($1.50 in chips) 
Seat 2: DavidBakingSoda ($0.86 in chips) 
Seat 3: Pepto0 ($1.36 in chips) 
Seat 5: brunokinka96 ($1.29 in chips) 
Seat 6: dekooo3 ($4.97 in chips) 
Seat 7: goed11 ($1.96 in chips) 
Seat 8: Dorex2007 ($2.70 in chips) 
Seat 9: Helton_crba ($4.98 in chips) 
dekooo3: posts small blind $0.01
goed11: posts big blind $0.02
matt blakk: sits out 
*** HOLE CARDS ***
Dealt to Dorex2007 [9h Kh]
Dorex2007: folds 
Helton_crba: folds 
meelo32: folds 
DavidBakingSoda: folds 
Pepto0: calls $0.02
brunokinka96: raises $0.02 to $0.04
dekooo3: folds 
goed11: calls $0.02
Pepto0: calls $0.02
*** FLOP *** [Qs Jc 4h]
goed11: checks 
Pepto0: checks 
brunokinka96: bets $0.07
goed11: raises $0.14 to $0.21
Pepto0: folds 
brunokinka96: raises $0.55 to $0.76
goed11: raises $1.16 to $1.92 and is all-in
brunokinka96: calls $0.49 and is all-in
Uncalled bet ($0.67) returned to goed11
*** TURN *** [Qs Jc 4h] [3c]
*** RIVER *** [Qs Jc 4h 3c] [2c]
*** SHOW DOWN ***
goed11: shows [Jh Qh] (two pair, Queens and Jacks)
brunokinka96: shows [Js Jd] (three of a kind, Jacks)
brunokinka96 collected $2.54 from pot
*** SUMMARY ***
Total pot $2.63 | Rake $0.09 
Board [Qs Jc 4h 3c 2c]
Seat 1: meelo32 folded before Flop (didn't bet)
Seat 2: DavidBakingSoda folded before Flop (didn't bet)
Seat 3: Pepto0 folded on the Flop
Seat 5: brunokinka96 (button) showed [Js Jd] and won ($2.54) with three of a kind, Jacks
Seat 6: dekooo3 (small blind) folded before Flop
Seat 7: goed11 (big blind) showed [Jh Qh] and lost with two pair, Queens and Jacks
Seat 8: Dorex2007 folded before Flop (didn't bet)
Seat 9: Helton_crba folded before Flop (didn't bet)



PokerStars Hand #233054250832:  Hold'em No Limit ($0.01/$0.02 USD) - 2022/01/11 18:24:46 PT [2022/01/11 21:24:46 ET]
Table 'Aiguillon II' 9-max Seat #6 is the button
Seat 1: meelo32 ($1.50 in chips) 
Seat 2: DavidBakingSoda ($0.86 in chips) 
Seat 3: Pepto0 ($1.32 in chips) 
Seat 5: brunokinka96 ($2.54 in chips) 
Seat 6: dekooo3 ($4.96 in chips) 
Seat 7: goed11 ($0.67 in chips) 
Seat 8: Dorex2007 ($2.70 in chips) 
Seat 9: Helton_crba ($4.98 in chips) 
goed11: posts small blind $0.01
Dorex2007: posts big blind $0.02
matt blakk: sits out 
*** HOLE CARDS ***
Dealt to Dorex2007 [2h Js]
Helton_crba: folds 
meelo32: calls $0.02
DavidBakingSoda: folds 
Pepto0: calls $0.02
brunokinka96: calls $0.02
dekooo3: folds 
goed11: calls $0.01
Dorex2007: checks 
*** FLOP *** [2s 6h Jc]
goed11: checks 
Dorex2007: bets $0.10
meelo32: calls $0.10
Pepto0: folds 
brunokinka96: calls $0.10
goed11: raises $0.55 to $0.65 and is all-in
Dorex2007: raises $2.03 to $2.68 and is all-in
meelo32: folds 
brunokinka96: folds 
Uncalled bet ($2.03) returned to Dorex2007
*** TURN *** [2s 6h Jc] [Kd]
*** RIVER *** [2s 6h Jc Kd] [8d]
*** SHOW DOWN ***
goed11: shows [6d 6s] (three of a kind, Sixes)
Dorex2007: shows [2h Js] (two pair, Jacks and Deuces)
goed11 collected $1.54 from pot
*** SUMMARY ***
Total pot $1.60 | Rake $0.06 
Board [2s 6h Jc Kd 8d]
Seat 1: meelo32 folded on the Flop
Seat 2: DavidBakingSoda folded before Flop (didn't bet)
Seat 3: Pepto0 folded on the Flop
Seat 5: brunokinka96 folded on the Flop
Seat 6: dekooo3 (button) folded before Flop (didn't bet)
Seat 7: goed11 (small blind) showed [6d 6s] and won ($1.54) with three of a kind, Sixes
Seat 8: Dorex2007 (big blind) showed [2h Js] and lost with two pair, Jacks and Deuces
Seat 9: Helton_crba folded before Flop (didn't bet)



PokerStars Hand #233054277677:  Hold'em No Limit ($0.01/$0.02 USD) - 2022/01/11 18:26:23 PT [2022/01/11 21:26:23 ET]
Table 'Aiguillon II' 9-max Seat #7 is the button
Seat 1: meelo32 ($1.38 in chips) 
Seat 2: DavidBakingSoda ($0.86 in chips) 
Seat 3: Pepto0 ($1.30 in chips) 
Seat 5: brunokinka96 ($2.42 in chips) 
Seat 6: dekooo3 ($4.96 in chips) 
Seat 7: goed11 ($1.54 in chips) 
Seat 8: Dorex2007 ($2.03 in chips) 
Seat 9: Helton_crba ($4.98 in chips) 
Dorex2007: posts small blind $0.01
Helton_crba: posts big blind $0.02
matt blakk: sits out 
*** HOLE CARDS ***
Dealt to Dorex2007 [Qh 6c]
meelo32: folds 
DavidBakingSoda: folds 
Pepto0: folds 
brunokinka96: folds 
dekooo3: folds 
goed11: calls $0.02
Dorex2007: folds 
Helton_crba: checks 
*** FLOP *** [Ks Th Ts]
Helton_crba: checks 
goed11: checks 
*** TURN *** [Ks Th Ts] [Jc]
Helton_crba: checks 
goed11: checks 
*** RIVER *** [Ks Th Ts Jc] [Jd]
Helton_crba: checks 
goed11: checks 
*** SHOW DOWN ***
Helton_crba: shows [5h 2d] (two pair, Jacks and Tens)
goed11: shows [Ac 3h] (two pair, Jacks and Tens - Ace kicker)
goed11 collected $0.05 from pot
*** SUMMARY ***
Total pot $0.05 | Rake $0 
Board [Ks Th Ts Jc Jd]
Seat 1: meelo32 folded before Flop (didn't bet)
Seat 2: DavidBakingSoda folded before Flop (didn't bet)
Seat 3: Pepto0 folded before Flop (didn't bet)
Seat 5: brunokinka96 folded before Flop (didn't bet)
Seat 6: dekooo3 folded before Flop (didn't bet)
Seat 7: goed11 (button) showed [Ac 3h] and won ($0.05) with two pair, Jacks and Tens
Seat 8: Dorex2007 (small blind) folded before Flop
Seat 9: Helton_crba (big blind) showed [5h 2d] and lost with two pair, Jacks and Tens



PokerStars Hand #233054300609:  Hold'em No Limit ($0.01/$0.02 USD) - 2022/01/11 18:27:15 PT [2022/01/11 21:27:15 ET]
Table 'Aiguillon II' 9-max Seat #8 is the button
Seat 1: meelo32 ($1.38 in chips) 
Seat 2: DavidBakingSoda ($0.86 in chips) 
Seat 3: Pepto0 ($1.30 in chips) 
Seat 5: brunokinka96 ($2.42 in chips) 
Seat 6: dekooo3 ($4.96 in chips) 
Seat 7: goed11 ($1.57 in chips) 
Seat 8: Dorex2007 ($2.02 in chips) 
Seat 9: Helton_crba ($4.96 in chips) 
Helton_crba: posts small blind $0.01
meelo32: posts big blind $0.02
matt blakk: sits out 
*** HOLE CARDS ***
Dealt to Dorex2007 [Qd Qh]
DavidBakingSoda: folds 
Pepto0: folds 
brunokinka96: folds 
dekooo3: raises $0.04 to $0.06
goed11: folds 
Dorex2007: raises $0.06 to $0.12
Helton_crba: folds 
meelo32: folds 
dekooo3: raises $0.14 to $0.26
Dorex2007: raises $0.14 to $0.40
dekooo3: raises $0.27 to $0.67
Dorex2007: raises $1.35 to $2.02 and is all-in
dekooo3: calls $1.35
*** FLOP *** [7c Ah 9s]
*** TURN *** [7c Ah 9s] [2h]
*** RIVER *** [7c Ah 9s 2h] [6h]
*** SHOW DOWN ***
dekooo3: shows [As Ad] (three of a kind, Aces)
Dorex2007: shows [Qd Qh] (a pair of Queens)
dekooo3 collected $3.93 from pot
*** SUMMARY ***
Total pot $4.07 | Rake $0.14 
Board [7c Ah 9s 2h 6h]
Seat 1: meelo32 (big blind) folded before Flop
Seat 2: DavidBakingSoda folded before Flop (didn't bet)
Seat 3: Pepto0 folded before Flop (didn't bet)
Seat 5: brunokinka96 folded before Flop (didn't bet)
Seat 6: dekooo3 showed [As Ad] and won ($3.93) with three of a kind, Aces
Seat 7: goed11 folded before Flop (didn't bet)
Seat 8: Dorex2007 (button) showed [Qd Qh] and lost with a pair of Queens
Seat 9: Helton_crba (small blind) folded before Flop



PokerStars Hand #233054316251:  Hold'em No Limit ($0.01/$0.02 USD) - 2022/01/11 18:28:14 PT [2022/01/11 21:28:14 ET]
Table 'Aiguillon II' 9-max Seat #9 is the button
Seat 1: meelo32 ($1.36 in chips) 
Seat 2: DavidBakingSoda ($0.86 in chips) 
Seat 3: Pepto0 ($1.30 in chips) 
Seat 5: brunokinka96 ($2.42 in chips) 
Seat 6: dekooo3 ($6.87 in chips) 
Seat 7: goed11 ($1.57 in chips) 
Seat 8: Dorex2007 ($2 in chips) 
Seat 9: Helton_crba ($4.95 in chips) 
meelo32: posts small blind $0.01
DavidBakingSoda: posts big blind $0.02
matt blakk: sits out 
*** HOLE CARDS ***
Dealt to Dorex2007 [Kc Ad]
Pepto0: calls $0.02
brunokinka96: folds 
dekooo3: folds 
goed11 has timed out
goed11: folds 
Dorex2007: raises $0.04 to $0.06
Helton_crba: folds 
meelo32: folds 
DavidBakingSoda: folds 
Pepto0: calls $0.04
*** FLOP *** [Kh Ks Qc]
Pepto0: checks 
Dorex2007: checks 
*** TURN *** [Kh Ks Qc] [5c]
Pepto0: checks 
Dorex2007: checks 
*** RIVER *** [Kh Ks Qc 5c] [7d]
DavidBakingSoda leaves the table
Pepto0: checks 
Dorex2007: bets $0.14
Pepto0: folds 
Uncalled bet ($0.14) returned to Dorex2007
Dorex2007 collected $0.14 from pot
Dorex2007: doesn't show hand 
*** SUMMARY ***
Total pot $0.15 | Rake $0.01 
Board [Kh Ks Qc 5c 7d]
Seat 1: meelo32 (small blind) folded before Flop
Seat 2: DavidBakingSoda (big blind) folded before Flop
Seat 3: Pepto0 folded on the River
Seat 5: brunokinka96 folded before Flop (didn't bet)
Seat 6: dekooo3 folded before Flop (didn't bet)
Seat 7: goed11 folded before Flop (didn't bet)
Seat 8: Dorex2007 collected ($0.14)
Seat 9: Helton_crba (button) folded before Flop (didn't bet)



PokerStars Hand #233054336787:  Hold'em No Limit ($0.01/$0.02 USD) - 2022/01/11 18:29:31 PT [2022/01/11 21:29:31 ET]
Table 'Aiguillon II' 9-max Seat #1 is the button
Seat 1: meelo32 ($1.35 in chips) 
Seat 3: Pepto0 ($1.24 in chips) 
Seat 4: matt blakk ($2 in chips) 
Seat 5: brunokinka96 ($2.42 in chips) 
Seat 6: dekooo3 ($6.87 in chips) 
Seat 7: goed11 ($1.57 in chips) 
Seat 8: Dorex2007 ($2.08 in chips) 
Seat 9: Helton_crba ($4.95 in chips) 
Pepto0: posts small blind $0.01
matt blakk: posts big blind $0.02
*** HOLE CARDS ***
Dealt to Dorex2007 [7h Td]
brunokinka96: folds 
dekooo3: folds 
goed11: folds 
Dorex2007: folds 
Helton_crba: folds 
meelo32: calls $0.02
Pepto0: folds 
matt blakk: raises $0.04 to $0.06
meelo32: calls $0.04
*** FLOP *** [Jc 6h 2h]
matt blakk: bets $0.09
meelo32: folds 
Uncalled bet ($0.09) returned to matt blakk
matt blakk collected $0.13 from pot
matt blakk: doesn't show hand 
*** SUMMARY ***
Total pot $0.13 | Rake $0 
Board [Jc 6h 2h]
Seat 1: meelo32 (button) folded on the Flop
Seat 3: Pepto0 (small blind) folded before Flop
Seat 4: matt blakk (big blind) collected ($0.13)
Seat 5: brunokinka96 folded before Flop (didn't bet)
Seat 6: dekooo3 folded before Flop (didn't bet)
Seat 7: goed11 folded before Flop (didn't bet)
Seat 8: Dorex2007 folded before Flop (didn't bet)
Seat 9: Helton_crba folded before Flop (didn't bet)



PokerStars Hand #233054349918:  Hold'em No Limit ($0.01/$0.02 USD) - 2022/01/11 18:30:19 PT [2022/01/11 21:30:19 ET]
Table 'Aiguillon II' 9-max Seat #3 is the button
Seat 1: meelo32 ($1.29 in chips) 
Seat 3: Pepto0 ($1.23 in chips) 
Seat 4: matt blakk ($2.07 in chips) 
Seat 5: brunokinka96 ($2.42 in chips) 
Seat 6: dekooo3 ($6.87 in chips) 
Seat 7: goed11 ($1.57 in chips) 
Seat 8: Dorex2007 ($2.08 in chips) 
Seat 9: Helton_crba ($4.95 in chips) 
matt blakk: posts small blind $0.01
brunokinka96: posts big blind $0.02
*** HOLE CARDS ***
Dealt to Dorex2007 [2d 9h]
dekooo3: folds 
goed11: folds 
Dorex2007: folds 
Helton_crba has timed out
Helton_crba: folds 
LEVsha210 joins the table at seat #2 
meelo32 has timed out
meelo32: folds 
Pepto0: calls $0.02
matt blakk: raises $0.04 to $0.06
brunokinka96: calls $0.04
Pepto0: folds 
*** FLOP *** [6d 3h 9s]
matt blakk: bets $0.06
brunokinka96: folds 
Uncalled bet ($0.06) returned to matt blakk
matt blakk collected $0.14 from pot
matt blakk: doesn't show hand 
*** SUMMARY ***
Total pot $0.14 | Rake $0 
Board [6d 3h 9s]
Seat 1: meelo32 folded before Flop (didn't bet)
Seat 3: Pepto0 (button) folded before Flop
Seat 4: matt blakk (small blind) collected ($0.14)
Seat 5: brunokinka96 (big blind) folded on the Flop
Seat 6: dekooo3 folded before Flop (didn't bet)
Seat 7: goed11 folded before Flop (didn't bet)
Seat 8: Dorex2007 folded before Flop (didn't bet)
Seat 9: Helton_crba folded before Flop (didn't bet)



PokerStars Hand #233054370223:  Hold'em No Limit ($0.01/$0.02 USD) - 2022/01/11 18:31:19 PT [2022/01/11 21:31:19 ET]
Table 'Aiguillon II' 9-max Seat #4 is the button
Seat 3: Pepto0 ($1.21 in chips) 
Seat 4: matt blakk ($2.15 in chips) 
Seat 5: brunokinka96 ($2.36 in chips) 
Seat 6: dekooo3 ($6.87 in chips) 
Seat 7: goed11 ($1.57 in chips) 
Seat 8: Dorex2007 ($2.08 in chips) 
Seat 9: Helton_crba ($4.95 in chips) 
brunokinka96: posts small blind $0.01
dekooo3: posts big blind $0.02
LEVsha210: sits out 
*** HOLE CARDS ***
Dealt to Dorex2007 [Kd 7h]
goed11: folds 
Dorex2007: folds 
Helton_crba: folds 
Pepto0: calls $0.02
matt blakk: folds 
brunokinka96: folds 
dekooo3: raises $0.04 to $0.06
Pepto0: folds 
Uncalled bet ($0.04) returned to dekooo3
dekooo3 collected $0.05 from pot
dekooo3: doesn't show hand 
*** SUMMARY ***
Total pot $0.05 | Rake $0 
Seat 3: Pepto0 folded before Flop
Seat 4: matt blakk (button) folded before Flop (didn't bet)
Seat 5: brunokinka96 (small blind) folded before Flop
Seat 6: dekooo3 (big blind) collected ($0.05)
Seat 7: goed11 folded before Flop (didn't bet)
Seat 8: Dorex2007 folded before Flop (didn't bet)
Seat 9: Helton_crba folded before Flop (didn't bet)



PokerStars Hand #233054374318:  Hold'em No Limit ($0.01/$0.02 USD) - 2022/01/11 18:31:34 PT [2022/01/11 21:31:34 ET]
Table 'Aiguillon II' 9-max Seat #5 is the button
Seat 3: Pepto0 ($1.19 in chips) 
Seat 4: matt blakk ($2.15 in chips) 
Seat 5: brunokinka96 ($2.35 in chips) 
Seat 6: dekooo3 ($6.90 in chips) 
Seat 7: goed11 ($1.57 in chips) 
Seat 8: Dorex2007 ($2.08 in chips) 
Seat 9: Helton_crba ($4.95 in chips) 
dekooo3: posts small blind $0.01
goed11: posts big blind $0.02
LEVsha210: sits out 
*** HOLE CARDS ***
Dealt to Dorex2007 [2h Th]
Dorex2007: folds 
Helton_crba: folds 
Pepto0: calls $0.02
matt blakk: folds 
brunokinka96: folds 
dekooo3: folds 
goed11: checks 
*** FLOP *** [Qc Ks 8d]
goed11: checks 
Pepto0: checks 
*** TURN *** [Qc Ks 8d] [Td]
goed11: bets $0.05
Pepto0: folds 
Uncalled bet ($0.05) returned to goed11
goed11 collected $0.05 from pot
*** SUMMARY ***
Total pot $0.05 | Rake $0 
Board [Qc Ks 8d Td]
Seat 3: Pepto0 folded on the Turn
Seat 4: matt blakk folded before Flop (didn't bet)
Seat 5: brunokinka96 (button) folded before Flop (didn't bet)
Seat 6: dekooo3 (small blind) folded before Flop
Seat 7: goed11 (big blind) collected ($0.05)
Seat 8: Dorex2007 folded before Flop (didn't bet)
Seat 9: Helton_crba folded before Flop (didn't bet)



PokerStars Hand #233054385423:  Hold'em No Limit ($0.01/$0.02 USD) - 2022/01/11 18:32:16 PT [2022/01/11 21:32:16 ET]
Table 'Aiguillon II' 9-max Seat #6 is the button
Seat 3: Pepto0 ($1.17 in chips) 
Seat 4: matt blakk ($2.15 in chips) 
Seat 5: brunokinka96 ($2.35 in chips) 
Seat 6: dekooo3 ($6.89 in chips) 
Seat 7: goed11 ($1.60 in chips) 
Seat 8: Dorex2007 ($2.08 in chips) 
Seat 9: Helton_crba ($4.95 in chips) 
goed11: posts small blind $0.01
Dorex2007: posts big blind $0.02
LEVsha210: sits out 
*** HOLE CARDS ***
Dealt to Dorex2007 [Ts 3s]
Helton_crba: folds 
Pepto0: calls $0.02
matt blakk: folds 
brunokinka96: raises $0.02 to $0.04
dekooo3: folds 
goed11: calls $0.03
Dorex2007: folds 
Pepto0: calls $0.02
*** FLOP *** [3c 3h 4c]
goed11: checks 
Pepto0: checks 
brunokinka96: bets $0.08
goed11: calls $0.08
Pepto0: folds 
*** TURN *** [3c 3h 4c] [Td]
goed11: checks 
brunokinka96: bets $0.18
goed11: raises $0.20 to $0.38
brunokinka96: folds 
Uncalled bet ($0.20) returned to goed11
goed11 collected $0.64 from pot
*** SUMMARY ***
Total pot $0.66 | Rake $0.02 
Board [3c 3h 4c Td]
Seat 3: Pepto0 folded on the Flop
Seat 4: matt blakk folded before Flop (didn't bet)
Seat 5: brunokinka96 folded on the Turn
Seat 6: dekooo3 (button) folded before Flop (didn't bet)
Seat 7: goed11 (small blind) collected ($0.64)
Seat 8: Dorex2007 (big blind) folded before Flop
Seat 9: Helton_crba folded before Flop (didn't bet)



PokerStars Hand #233054408175:  Hold'em No Limit ($0.01/$0.02 USD) - 2022/01/11 18:33:41 PT [2022/01/11 21:33:41 ET]
Table 'Aiguillon II' 9-max Seat #7 is the button
Seat 3: Pepto0 ($1.13 in chips) 
Seat 4: matt blakk ($2.15 in chips) 
Seat 5: brunokinka96 ($2.05 in chips) 
Seat 6: dekooo3 ($6.89 in chips) 
Seat 7: goed11 ($1.94 in chips) 
Seat 8: Dorex2007 ($2.06 in chips) 
Seat 9: Helton_crba ($4.95 in chips) 
Dorex2007: posts small blind $0.01
Helton_crba: posts big blind $0.02
LEVsha210: sits out 
*** HOLE CARDS ***
Dealt to Dorex2007 [Js Jc]
Pepto0: calls $0.02
matt blakk: folds 
brunokinka96: calls $0.02
dekooo3: folds 
goed11: calls $0.02
Dorex2007: raises $0.02 to $0.04
Helton_crba: folds 
Pepto0: calls $0.02
brunokinka96: calls $0.02
goed11: calls $0.02
*** FLOP *** [7h 9s 3c]
Dorex2007: bets $0.17
Pepto0: calls $0.17
brunokinka96: calls $0.17
goed11: calls $0.17
*** TURN *** [7h 9s 3c] [Ks]
Dorex2007: checks 
Pepto0: checks 
brunokinka96: bets $0.42
goed11: folds 
Dorex2007: folds 
Pepto0: folds 
Uncalled bet ($0.42) returned to brunokinka96
brunokinka96 collected $0.83 from pot
brunokinka96: doesn't show hand 
*** SUMMARY ***
Total pot $0.86 | Rake $0.03 
Board [7h 9s 3c Ks]
Seat 3: Pepto0 folded on the Turn
Seat 4: matt blakk folded before Flop (didn't bet)
Seat 5: brunokinka96 collected ($0.83)
Seat 6: dekooo3 folded before Flop (didn't bet)
Seat 7: goed11 (button) folded on the Turn
Seat 8: Dorex2007 (small blind) folded on the Turn
Seat 9: Helton_crba (big blind) folded before Flop



PokerStars Hand #233054433651:  Hold'em No Limit ($0.01/$0.02 USD) - 2022/01/11 18:35:17 PT [2022/01/11 21:35:17 ET]
Table 'Aiguillon II' 9-max Seat #8 is the button
Seat 1: meelo32 ($1.29 in chips) 
Seat 3: Pepto0 ($0.92 in chips) 
Seat 4: matt blakk ($2.15 in chips) 
Seat 5: brunokinka96 ($2.67 in chips) 
Seat 6: dekooo3 ($6.89 in chips) 
Seat 7: goed11 ($1.73 in chips) 
Seat 8: Dorex2007 ($2 in chips) 
Seat 9: Helton_crba ($4.93 in chips) 
Helton_crba: posts small blind $0.01
meelo32: posts big blind $0.02
LEVsha210: sits out 
*** HOLE CARDS ***
Dealt to Dorex2007 [2s Ac]
Pepto0: calls $0.02
matt blakk: folds 
brunokinka96: folds 
dekooo3: folds 
goed11: calls $0.02
Dorex2007: calls $0.02
Helton_crba: folds 
meelo32 has timed out
meelo32: checks 
*** FLOP *** [4d Th 8s]
meelo32 has timed out
meelo32: checks 
Pepto0: checks 
goed11: checks 
Dorex2007: checks 
*** TURN *** [4d Th 8s] [9d]
meelo32 has timed out
meelo32: checks 
Pepto0: checks 
goed11: checks 
Dorex2007: bets $0.09
meelo32 has timed out
meelo32: folds 
Pepto0: folds 
goed11: folds 
Uncalled bet ($0.09) returned to Dorex2007
Dorex2007 collected $0.09 from pot
Dorex2007: doesn't show hand 
*** SUMMARY ***
Total pot $0.09 | Rake $0 
Board [4d Th 8s 9d]
Seat 1: meelo32 (big blind) folded on the Turn
Seat 3: Pepto0 folded on the Turn
Seat 4: matt blakk folded before Flop (didn't bet)
Seat 5: brunokinka96 folded before Flop (didn't bet)
Seat 6: dekooo3 folded before Flop (didn't bet)
Seat 7: goed11 folded on the Turn
Seat 8: Dorex2007 (button) collected ($0.09)
Seat 9: Helton_crba (small blind) folded before Flop



PokerStars Hand #233054469329:  Hold'em No Limit ($0.01/$0.02 USD) - 2022/01/11 18:37:30 PT [2022/01/11 21:37:30 ET]
Table 'Aiguillon II' 9-max Seat #9 is the button
Seat 3: Pepto0 ($0.90 in chips) 
Seat 4: matt blakk ($2.15 in chips) 
Seat 5: brunokinka96 ($2.67 in chips) 
Seat 6: dekooo3 ($6.89 in chips) 
Seat 7: goed11 ($1.71 in chips) 
Seat 8: Dorex2007 ($2.07 in chips) 
Seat 9: Helton_crba ($4.92 in chips) 
Pepto0: posts small blind $0.01
matt blakk: posts big blind $0.02
*** HOLE CARDS ***
Dealt to Dorex2007 [7d Td]
brunokinka96: folds 
dekooo3 has timed out
dekooo3: folds 
goed11: raises $0.04 to $0.06
Dorex2007: folds 
Helton_crba: folds 
Pepto0: folds 
matt blakk: calls $0.04
*** FLOP *** [5c 4s 8c]
matt blakk: checks 
goed11: bets $0.07
matt blakk: calls $0.07
*** TURN *** [5c 4s 8c] [7h]
matt blakk: checks 
goed11: bets $0.16
matt blakk: raises $0.30 to $0.46
goed11: folds 
Uncalled bet ($0.30) returned to matt blakk
matt blakk collected $0.57 from pot
*** SUMMARY ***
Total pot $0.59 | Rake $0.02 
Board [5c 4s 8c 7h]
Seat 3: Pepto0 (small blind) folded before Flop
Seat 4: matt blakk (big blind) collected ($0.57)
Seat 5: brunokinka96 folded before Flop (didn't bet)
Seat 6: dekooo3 folded before Flop (didn't bet)
Seat 7: goed11 folded on the Turn
Seat 8: Dorex2007 folded before Flop (didn't bet)
Seat 9: Helton_crba (button) folded before Flop (didn't bet)



PokerStars Hand #233054500642:  Hold'em No Limit ($0.01/$0.02 USD) - 2022/01/11 18:38:58 PT [2022/01/11 21:38:58 ET]
Table 'Aiguillon II' 9-max Seat #3 is the button
Seat 3: Pepto0 ($0.89 in chips) 
Seat 4: matt blakk ($2.43 in chips) 
Seat 5: brunokinka96 ($2.67 in chips) 
Seat 6: dekooo3 ($6.89 in chips) 
Seat 7: goed11 ($1.42 in chips) 
Seat 8: Dorex2007 ($2.07 in chips) 
Seat 9: Helton_crba ($4.92 in chips) 
matt blakk: posts small blind $0.01
brunokinka96: posts big blind $0.02
LEVsha210: sits out 
*** HOLE CARDS ***
Dealt to Dorex2007 [9h 7d]
dekooo3: folds 
goed11: folds 
Dorex2007: folds 
Helton_crba: folds 
Pepto0: calls $0.02
matt blakk: calls $0.01
brunokinka96: checks 
*** FLOP *** [9d 4s 5c]
matt blakk: checks 
brunokinka96: bets $0.06
Pepto0: folds 
matt blakk: folds 
Uncalled bet ($0.06) returned to brunokinka96
brunokinka96 collected $0.06 from pot
brunokinka96: doesn't show hand 
*** SUMMARY ***
Total pot $0.06 | Rake $0 
Board [9d 4s 5c]
Seat 3: Pepto0 (button) folded on the Flop
Seat 4: matt blakk (small blind) folded on the Flop
Seat 5: brunokinka96 (big blind) collected ($0.06)
Seat 6: dekooo3 folded before Flop (didn't bet)
Seat 7: goed11 folded before Flop (didn't bet)
Seat 8: Dorex2007 folded before Flop (didn't bet)
Seat 9: Helton_crba folded before Flop (didn't bet)



PokerStars Hand #233054511758:  Hold'em No Limit ($0.01/$0.02 USD) - 2022/01/11 18:39:40 PT [2022/01/11 21:39:40 ET]
Table 'Aiguillon II' 9-max Seat #4 is the button
Seat 2: LEVsha210 ($0.80 in chips) 
Seat 3: Pepto0 ($0.87 in chips) 
Seat 4: matt blakk ($2.41 in chips) 
Seat 5: brunokinka96 ($2.71 in chips) 
Seat 6: dekooo3 ($6.89 in chips) 
Seat 7: goed11 ($1.42 in chips) 
Seat 8: Dorex2007 ($2.07 in chips) 
Seat 9: Helton_crba ($4.92 in chips) 
brunokinka96: posts small blind $0.01
dekooo3: posts big blind $0.02
LEVsha210: posts big blind $0.02
*** HOLE CARDS ***
Dealt to Dorex2007 [7h 2d]
goed11: folds 
Dorex2007: folds 
Helton_crba: folds 
LEVsha210: checks 
Pepto0: folds 
matt blakk: folds 
brunokinka96: raises $0.02 to $0.04
dekooo3: folds 
LEVsha210: calls $0.02
*** FLOP *** [5s Jc 6c]
brunokinka96: checks 
LEVsha210: checks 
*** TURN *** [5s Jc 6c] [Ah]
brunokinka96: bets $0.05
LEVsha210: folds 
Uncalled bet ($0.05) returned to brunokinka96
brunokinka96 collected $0.10 from pot
brunokinka96: doesn't show hand 
*** SUMMARY ***
Total pot $0.10 | Rake $0 
Board [5s Jc 6c Ah]
Seat 2: LEVsha210 folded on the Turn
Seat 3: Pepto0 folded before Flop (didn't bet)
Seat 4: matt blakk (button) folded before Flop (didn't bet)
Seat 5: brunokinka96 (small blind) collected ($0.10)
Seat 6: dekooo3 (big blind) folded before Flop
Seat 7: goed11 folded before Flop (didn't bet)
Seat 8: Dorex2007 folded before Flop (didn't bet)
Seat 9: Helton_crba folded before Flop (didn't bet)



PokerStars Hand #233054525624:  Hold'em No Limit ($0.01/$0.02 USD) - 2022/01/11 18:40:32 PT [2022/01/11 21:40:32 ET]
Table 'Aiguillon II' 9-max Seat #5 is the button
Seat 2: LEVsha210 ($0.76 in chips) 
Seat 3: Pepto0 ($0.87 in chips) 
Seat 4: matt blakk ($2.41 in chips) 
Seat 5: brunokinka96 ($2.77 in chips) 
Seat 6: dekooo3 ($6.87 in chips) 
Seat 7: goed11 ($1.42 in chips) 
Seat 8: Dorex2007 ($2.07 in chips) 
Seat 9: Helton_crba ($4.92 in chips) 
dekooo3: posts small blind $0.01
goed11: posts big blind $0.02
*** HOLE CARDS ***
Dealt to Dorex2007 [6d 5s]
Dorex2007: folds 
Helton_crba: folds 
LEVsha210: folds 
Pepto0: calls $0.02
matt blakk: calls $0.02
brunokinka96: raises $0.02 to $0.04
dekooo3: folds 
goed11: calls $0.02
Pepto0: calls $0.02
matt blakk: calls $0.02
*** FLOP *** [Ad 2h 5h]
goed11: checks 
Pepto0: checks 
matt blakk: bets $0.07
brunokinka96: folds 
goed11: calls $0.07
Pepto0: folds 
*** TURN *** [Ad 2h 5h] [Td]
goed11: checks 
matt blakk: bets $0.20
goed11: raises $0.40 to $0.60
matt blakk: calls $0.40
*** RIVER *** [Ad 2h 5h Td] [2d]
goed11: bets $0.71 and is all-in
matt blakk: calls $0.71
*** SHOW DOWN ***
goed11: shows [As Jd] (two pair, Aces and Deuces)
matt blakk: shows [Qd 5d] (a flush, Ace high)
matt blakk collected $2.83 from pot
*** SUMMARY ***
Total pot $2.93 | Rake $0.10 
Board [Ad 2h 5h Td 2d]
Seat 2: LEVsha210 folded before Flop (didn't bet)
Seat 3: Pepto0 folded on the Flop
Seat 4: matt blakk showed [Qd 5d] and won ($2.83) with a flush, Ace high
Seat 5: brunokinka96 (button) folded on the Flop
Seat 6: dekooo3 (small blind) folded before Flop
Seat 7: goed11 (big blind) showed [As Jd] and lost with two pair, Aces and Deuces
Seat 8: Dorex2007 folded before Flop (didn't bet)
Seat 9: Helton_crba folded before Flop (didn't bet)



PokerStars Hand #233054549809:  Hold'em No Limit ($0.01/$0.02 USD) - 2022/01/11 18:42:03 PT [2022/01/11 21:42:03 ET]
Table 'Aiguillon II' 9-max Seat #6 is the button
Seat 2: LEVsha210 ($0.76 in chips) 
Seat 3: Pepto0 ($0.83 in chips) 
Seat 4: matt blakk ($3.82 in chips) 
Seat 5: brunokinka96 ($2.73 in chips) 
Seat 6: dekooo3 ($6.86 in chips) 
Seat 8: Dorex2007 ($2.07 in chips) 
Seat 9: Helton_crba ($4.92 in chips) 
Dorex2007: posts small blind $0.01
Helton_crba: posts big blind $0.02
*** HOLE CARDS ***
Dealt to Dorex2007 [3s Js]
LEVsha210: folds 
goed11 leaves the table
Pepto0: calls $0.02
matt blakk: calls $0.02
brunokinka96: folds 
Diga2006 joins the table at seat #7 
dekooo3: folds 
Dorex2007: folds 
Helton_crba: raises $0.09 to $0.11
Pepto0: calls $0.09
matt blakk: folds 
*** FLOP *** [Jc 8s 9h]
Helton_crba: bets $0.13
Pepto0: calls $0.13
*** TURN *** [Jc 8s 9h] [5c]
Helton_crba: bets $0.27
Pepto0: calls $0.27
*** RIVER *** [Jc 8s 9h 5c] [Jh]
Helton_crba: bets $0.56
Pepto0: calls $0.32 and is all-in
Uncalled bet ($0.24) returned to Helton_crba
*** SHOW DOWN ***
Helton_crba: shows [Qc Qh] (two pair, Queens and Jacks)
Pepto0: shows [6h 7h] (a straight, Five to Nine)
Pepto0 collected $1.63 from pot
*** SUMMARY ***
Total pot $1.69 | Rake $0.06 
Board [Jc 8s 9h 5c Jh]
Seat 2: LEVsha210 folded before Flop (didn't bet)
Seat 3: Pepto0 showed [6h 7h] and won ($1.63) with a straight, Five to Nine
Seat 4: matt blakk folded before Flop
Seat 5: brunokinka96 folded before Flop (didn't bet)
Seat 6: dekooo3 (button) folded before Flop (didn't bet)
Seat 8: Dorex2007 (small blind) folded before Flop
Seat 9: Helton_crba (big blind) showed [Qc Qh] and lost with two pair, Queens and Jacks



PokerStars Hand #233054578405:  Hold'em No Limit ($0.01/$0.02 USD) - 2022/01/11 18:43:51 PT [2022/01/11 21:43:51 ET]
Table 'Aiguillon II' 9-max Seat #8 is the button
Seat 1: meelo32 ($1.27 in chips) 
Seat 2: LEVsha210 ($0.76 in chips) 
Seat 3: Pepto0 ($1.63 in chips) 
Seat 4: matt blakk ($3.80 in chips) 
Seat 5: brunokinka96 ($2.73 in chips) 
Seat 6: dekooo3 ($6.86 in chips) 
Seat 8: Dorex2007 ($2.06 in chips) 
Seat 9: Helton_crba ($4.09 in chips) 
Helton_crba: posts small blind $0.01
meelo32: posts big blind $0.02
Diga2006: sits out 
*** HOLE CARDS ***
Dealt to Dorex2007 [2h Qs]
LEVsha210: folds 
Pepto0: folds 
matt blakk: folds 
brunokinka96: calls $0.02
dekooo3: folds 
Dorex2007: folds 
Helton_crba: folds 
meelo32 has timed out
meelo32: checks 
*** FLOP *** [8c Kh Ah]
meelo32 has timed out
meelo32: checks 
brunokinka96: bets $0.03
meelo32 has timed out
meelo32: folds 
Uncalled bet ($0.03) returned to brunokinka96
brunokinka96 collected $0.05 from pot
brunokinka96: doesn't show hand 
*** SUMMARY ***
Total pot $0.05 | Rake $0 
Board [8c Kh Ah]
Seat 1: meelo32 (big blind) folded on the Flop
Seat 2: LEVsha210 folded before Flop (didn't bet)
Seat 3: Pepto0 folded before Flop (didn't bet)
Seat 4: matt blakk folded before Flop (didn't bet)
Seat 5: brunokinka96 collected ($0.05)
Seat 6: dekooo3 folded before Flop (didn't bet)
Seat 8: Dorex2007 (button) folded before Flop (didn't bet)
Seat 9: Helton_crba (small blind) folded before Flop



PokerStars Hand #233054607725:  Hold'em No Limit ($0.01/$0.02 USD) - 2022/01/11 18:45:09 PT [2022/01/11 21:45:09 ET]
Table 'Aiguillon II' 9-max Seat #9 is the button
Seat 2: LEVsha210 ($0.76 in chips) 
Seat 3: Pepto0 ($1.63 in chips) 
Seat 4: matt blakk ($3.80 in chips) 
Seat 5: brunokinka96 ($2.76 in chips) 
Seat 6: dekooo3 ($6.86 in chips) 
Seat 8: Dorex2007 ($2.06 in chips) 
Seat 9: Helton_crba ($4.08 in chips) 
LEVsha210: posts small blind $0.01
Pepto0: posts big blind $0.02
Diga2006: sits out 
*** HOLE CARDS ***
Dealt to Dorex2007 [Jd Qd]
matt blakk: folds 
brunokinka96: folds 
dekooo3 has timed out
dekooo3: folds 
Dorex2007: raises $0.04 to $0.06
Helton_crba: raises $0.14 to $0.20
LEVsha210: folds 
Pepto0: folds 
Dorex2007: folds 
Uncalled bet ($0.14) returned to Helton_crba
Helton_crba collected $0.15 from pot
*** SUMMARY ***
Total pot $0.15 | Rake $0 
Seat 2: LEVsha210 (small blind) folded before Flop
Seat 3: Pepto0 (big blind) folded before Flop
Seat 4: matt blakk folded before Flop (didn't bet)
Seat 5: brunokinka96 folded before Flop (didn't bet)
Seat 6: dekooo3 folded before Flop (didn't bet)
Seat 8: Dorex2007 folded before Flop
Seat 9: Helton_crba (button) collected ($0.15)



PokerStars Hand #233054617746:  Hold'em No Limit ($0.01/$0.02 USD) - 2022/01/11 18:45:47 PT [2022/01/11 21:45:47 ET]
Table 'Aiguillon II' 9-max Seat #2 is the button
Seat 2: LEVsha210 ($0.75 in chips) 
Seat 3: Pepto0 ($1.61 in chips) 
Seat 4: matt blakk ($3.80 in chips) 
Seat 5: brunokinka96 ($2.76 in chips) 
Seat 6: dekooo3 ($6.86 in chips) 
Seat 8: Dorex2007 ($2 in chips) 
Seat 9: Helton_crba ($4.17 in chips) 
Pepto0: posts small blind $0.01
matt blakk: posts big blind $0.02
Diga2006: sits out 
*** HOLE CARDS ***
Dealt to Dorex2007 [7s Jh]
brunokinka96: folds 
dekooo3: folds 
Dorex2007: folds 
Helton_crba: folds 
LEVsha210: folds 
Pepto0: calls $0.01
matt blakk: raises $0.04 to $0.06
Pepto0: calls $0.04
*** FLOP *** [Qs Jd 8h]
Pepto0: checks 
matt blakk: checks 
*** TURN *** [Qs Jd 8h] [Ah]
Pepto0: bets $0.02
matt blakk: calls $0.02
*** RIVER *** [Qs Jd 8h Ah] [9s]
Pepto0: bets $0.64
matt blakk: calls $0.64
*** SHOW DOWN ***
Pepto0: shows [Ac Ks] (a pair of Aces)
matt blakk: shows [Tc Td] (a straight, Eight to Queen)
matt blakk collected $1.39 from pot
*** SUMMARY ***
Total pot $1.44 | Rake $0.05 
Board [Qs Jd 8h Ah 9s]
Seat 2: LEVsha210 (button) folded before Flop (didn't bet)
Seat 3: Pepto0 (small blind) showed [Ac Ks] and lost with a pair of Aces
Seat 4: matt blakk (big blind) showed [Tc Td] and won ($1.39) with a straight, Eight to Queen
Seat 5: brunokinka96 folded before Flop (didn't bet)
Seat 6: dekooo3 folded before Flop (didn't bet)
Seat 8: Dorex2007 folded before Flop (didn't bet)
Seat 9: Helton_crba folded before Flop (didn't bet)



PokerStars Hand #233054630864:  Hold'em No Limit ($0.01/$0.02 USD) - 2022/01/11 18:46:36 PT [2022/01/11 21:46:36 ET]
Table 'Aiguillon II' 9-max Seat #3 is the button
Seat 2: LEVsha210 ($0.75 in chips) 
Seat 3: Pepto0 ($0.89 in chips) 
Seat 4: matt blakk ($4.47 in chips) 
Seat 5: brunokinka96 ($2.76 in chips) 
Seat 6: dekooo3 ($6.86 in chips) 
Seat 8: Dorex2007 ($2 in chips) 
Seat 9: Helton_crba ($4.17 in chips) 
matt blakk: posts small blind $0.01
brunokinka96: posts big blind $0.02
Diga2006: sits out 
*** HOLE CARDS ***
Dealt to Dorex2007 [2d 6d]
dekooo3: folds 
Dorex2007: folds 
Helton_crba: raises $0.03 to $0.05
LEVsha210: folds 
Pepto0: folds 
matt blakk: folds 
brunokinka96: calls $0.03
*** FLOP *** [2s Js 9c]
brunokinka96: checks 
Helton_crba: bets $0.06
brunokinka96: calls $0.06
*** TURN *** [2s Js 9c] [5c]
brunokinka96: checks 
Helton_crba: bets $0.12
brunokinka96: calls $0.12
*** RIVER *** [2s Js 9c 5c] [Ac]
brunokinka96: checks 
Helton_crba: bets $0.32
brunokinka96: folds 
Uncalled bet ($0.32) returned to Helton_crba
Helton_crba collected $0.45 from pot
*** SUMMARY ***
Total pot $0.47 | Rake $0.02 
Board [2s Js 9c 5c Ac]
Seat 2: LEVsha210 folded before Flop (didn't bet)
Seat 3: Pepto0 (button) folded before Flop (didn't bet)
Seat 4: matt blakk (small blind) folded before Flop
Seat 5: brunokinka96 (big blind) folded on the River
Seat 6: dekooo3 folded before Flop (didn't bet)
Seat 8: Dorex2007 folded before Flop (didn't bet)
Seat 9: Helton_crba collected ($0.45)



PokerStars Hand #233054653153:  Hold'em No Limit ($0.01/$0.02 USD) - 2022/01/11 18:48:00 PT [2022/01/11 21:48:00 ET]
Table 'Aiguillon II' 9-max Seat #4 is the button
Seat 2: LEVsha210 ($0.75 in chips) 
Seat 3: Pepto0 ($0.89 in chips) 
Seat 4: matt blakk ($4.46 in chips) 
Seat 5: brunokinka96 ($2.53 in chips) 
Seat 6: dekooo3 ($6.86 in chips) 
Seat 8: Dorex2007 ($2 in chips) 
Seat 9: Helton_crba ($4.39 in chips) 
brunokinka96: posts small blind $0.01
dekooo3: posts big blind $0.02
Diga2006: sits out 
*** HOLE CARDS ***
Dealt to Dorex2007 [8c 8d]
Dorex2007: raises $0.04 to $0.06
Helton_crba: calls $0.06
LEVsha210: folds 
Pepto0: calls $0.06
matt blakk: folds 
brunokinka96: folds 
dekooo3: folds 
*** FLOP *** [Tc 4s 6d]
Dorex2007: checks 
Helton_crba: bets $0.07
Pepto0: folds 
Dorex2007: raises $0.09 to $0.16
Helton_crba: calls $0.09
*** TURN *** [Tc 4s 6d] [Ts]
Dorex2007: bets $0.26
Helton_crba: calls $0.26
*** RIVER *** [Tc 4s 6d Ts] [7c]
Dorex2007: bets $0.51
Helton_crba: raises $1.21 to $1.72
Dorex2007: folds 
Uncalled bet ($1.21) returned to Helton_crba
Helton_crba collected $2 from pot
*** SUMMARY ***
Total pot $2.07 | Rake $0.07 
Board [Tc 4s 6d Ts 7c]
Seat 2: LEVsha210 folded before Flop (didn't bet)
Seat 3: Pepto0 folded on the Flop
Seat 4: matt blakk (button) folded before Flop (didn't bet)
Seat 5: brunokinka96 (small blind) folded before Flop
Seat 6: dekooo3 (big blind) folded before Flop
Seat 8: Dorex2007 folded on the River
Seat 9: Helton_crba collected ($2)



PokerStars Hand #233054679487:  Hold'em No Limit ($0.01/$0.02 USD) - 2022/01/11 18:49:40 PT [2022/01/11 21:49:40 ET]
Table 'Aiguillon II' 9-max Seat #5 is the button
Seat 2: LEVsha210 ($0.75 in chips) 
Seat 3: Pepto0 ($0.83 in chips) 
Seat 4: matt blakk ($4.46 in chips) 
Seat 5: brunokinka96 ($2.52 in chips) 
Seat 6: dekooo3 ($6.84 in chips) 
Seat 7: Diga2006 ($2 in chips) 
Seat 8: Dorex2007 ($2 in chips) 
Seat 9: Helton_crba ($5.40 in chips) 
dekooo3: posts small blind $0.01
Diga2006: posts big blind $0.02
*** HOLE CARDS ***
Dealt to Dorex2007 [7h 3c]
Dorex2007: folds 
Helton_crba: folds 
LEVsha210: raises $0.04 to $0.06
Pepto0: folds 
matt blakk: calls $0.06
brunokinka96: folds 
dekooo3: calls $0.05
Diga2006: calls $0.04
*** FLOP *** [Jc 3d 3h]
dekooo3: checks 
Diga2006: checks 
LEVsha210: bets $0.12
matt blakk: folds 
dekooo3: calls $0.12
Diga2006: calls $0.12
*** TURN *** [Jc 3d 3h] [2d]
dekooo3: checks 
Diga2006: checks 
LEVsha210: checks 
*** RIVER *** [Jc 3d 3h 2d] [6s]
dekooo3: checks 
Diga2006: checks 
LEVsha210: checks 
*** SHOW DOWN ***
dekooo3: shows [Ks Ad] (a pair of Threes)
Diga2006: shows [5c 5s] (two pair, Fives and Threes)
LEVsha210: mucks hand 
Diga2006 collected $0.58 from pot
*** SUMMARY ***
Total pot $0.60 | Rake $0.02 
Board [Jc 3d 3h 2d 6s]
Seat 2: LEVsha210 mucked [Ah 4d]
Seat 3: Pepto0 folded before Flop (didn't bet)
Seat 4: matt blakk folded on the Flop
Seat 5: brunokinka96 (button) folded before Flop (didn't bet)
Seat 6: dekooo3 (small blind) showed [Ks Ad] and lost with a pair of Threes
Seat 7: Diga2006 (big blind) showed [5c 5s] and won ($0.58) with two pair, Fives and Threes
Seat 8: Dorex2007 folded before Flop (didn't bet)
Seat 9: Helton_crba folded before Flop (didn't bet)



PokerStars Hand #233054700272:  Hold'em No Limit ($0.01/$0.02 USD) - 2022/01/11 18:50:59 PT [2022/01/11 21:50:59 ET]
Table 'Aiguillon II' 9-max Seat #6 is the button
Seat 2: LEVsha210 ($0.57 in chips) 
Seat 3: Pepto0 ($0.83 in chips) 
Seat 4: matt blakk ($4.40 in chips) 
Seat 5: brunokinka96 ($2.52 in chips) 
Seat 6: dekooo3 ($6.66 in chips) 
Seat 7: Diga2006 ($2.40 in chips) 
Seat 8: Dorex2007 ($2 in chips) 
Seat 9: Helton_crba ($5.40 in chips) 
Diga2006: posts small blind $0.01
Dorex2007: posts big blind $0.02
*** HOLE CARDS ***
Dealt to Dorex2007 [6c 7c]
Helton_crba: folds 
LEVsha210: folds 
Pepto0: calls $0.02
matt blakk: folds 
brunokinka96: calls $0.02
dekooo3: folds 
Diga2006: folds 
Dorex2007: checks 
*** FLOP *** [Tc 7s Jc]
Dorex2007: checks 
Pepto0: checks 
brunokinka96: bets $0.07
Dorex2007: calls $0.07
Pepto0: folds 
*** TURN *** [Tc 7s Jc] [3h]
Dorex2007: checks 
brunokinka96: bets $0.20
Dorex2007: folds 
Uncalled bet ($0.20) returned to brunokinka96
brunokinka96 collected $0.20 from pot
brunokinka96: doesn't show hand 
*** SUMMARY ***
Total pot $0.21 | Rake $0.01 
Board [Tc 7s Jc 3h]
Seat 2: LEVsha210 folded before Flop (didn't bet)
Seat 3: Pepto0 folded on the Flop
Seat 4: matt blakk folded before Flop (didn't bet)
Seat 5: brunokinka96 collected ($0.20)
Seat 6: dekooo3 (button) folded before Flop (didn't bet)
Seat 7: Diga2006 (small blind) folded before Flop
Seat 8: Dorex2007 (big blind) folded on the Turn
Seat 9: Helton_crba folded before Flop (didn't bet)



PokerStars Hand #233054721733:  Hold'em No Limit ($0.01/$0.02 USD) - 2022/01/11 18:51:56 PT [2022/01/11 21:51:56 ET]
Table 'Aiguillon II' 9-max Seat #7 is the button
Seat 2: LEVsha210 ($0.57 in chips) 
Seat 3: Pepto0 ($0.81 in chips) 
Seat 4: matt blakk ($4.40 in chips) 
Seat 5: brunokinka96 ($2.63 in chips) 
Seat 6: dekooo3 ($6.66 in chips) 
Seat 7: Diga2006 ($2.39 in chips) 
Seat 8: Dorex2007 ($2 in chips) 
Seat 9: Helton_crba ($5.40 in chips) 
Dorex2007: posts small blind $0.01
Helton_crba: posts big blind $0.02
*** HOLE CARDS ***
Dealt to Dorex2007 [3d Qc]
LEVsha210: folds 
Pepto0: folds 
matt blakk: folds 
brunokinka96: raises $0.02 to $0.04
dekooo3: folds 
Diga2006: raises $0.02 to $0.06
Dorex2007: folds 
Helton_crba: folds 
brunokinka96: calls $0.02
*** FLOP *** [6d 3h 4c]
brunokinka96: checks 
Diga2006: bets $0.08
brunokinka96: calls $0.08
*** TURN *** [6d 3h 4c] [Kd]
brunokinka96: checks 
Diga2006: bets $0.15
brunokinka96: calls $0.15
*** RIVER *** [6d 3h 4c Kd] [5d]
brunokinka96: checks 
Diga2006: checks 
*** SHOW DOWN ***
brunokinka96: shows [Ah 9c] (high card Ace)
Diga2006: shows [8d Kh] (a pair of Kings)
Diga2006 collected $0.59 from pot
*** SUMMARY ***
Total pot $0.61 | Rake $0.02 
Board [6d 3h 4c Kd 5d]
Seat 2: LEVsha210 folded before Flop (didn't bet)
Seat 3: Pepto0 folded before Flop (didn't bet)
Seat 4: matt blakk folded before Flop (didn't bet)
Seat 5: brunokinka96 showed [Ah 9c] and lost with high card Ace
Seat 6: dekooo3 folded before Flop (didn't bet)
Seat 7: Diga2006 (button) showed [8d Kh] and won ($0.59) with a pair of Kings
Seat 8: Dorex2007 (small blind) folded before Flop
Seat 9: Helton_crba (big blind) folded before Flop



PokerStars Hand #233054745780:  Hold'em No Limit ($0.01/$0.02 USD) - 2022/01/11 18:53:21 PT [2022/01/11 21:53:21 ET]
Table 'Aiguillon II' 9-max Seat #8 is the button
Seat 2: LEVsha210 ($0.57 in chips) 
Seat 4: matt blakk ($4.40 in chips) 
Seat 5: brunokinka96 ($2.34 in chips) 
Seat 6: dekooo3 ($6.66 in chips) 
Seat 7: Diga2006 ($2.69 in chips) 
Seat 8: Dorex2007 ($2 in chips) 
Seat 9: Helton_crba ($5.38 in chips) 
Helton_crba: posts small blind $0.01
LEVsha210: posts big blind $0.02
*** HOLE CARDS ***
Dealt to Dorex2007 [5h 3s]
matt blakk: raises $0.04 to $0.06
brunokinka96: folds 
dekooo3: folds 
Diga2006: folds 
Dorex2007: folds 
Helton_crba: folds 
LEVsha210: calls $0.04
*** FLOP *** [Kh 6h 6s]
LEVsha210: bets $0.07
matt blakk: calls $0.07
*** TURN *** [Kh 6h 6s] [9c]
LEVsha210: bets $0.13
matt blakk: folds 
Uncalled bet ($0.13) returned to LEVsha210
LEVsha210 collected $0.26 from pot
*** SUMMARY ***
Total pot $0.27 | Rake $0.01 
Board [Kh 6h 6s 9c]
Seat 2: LEVsha210 (big blind) collected ($0.26)
Seat 4: matt blakk folded on the Turn
Seat 5: brunokinka96 folded before Flop (didn't bet)
Seat 6: dekooo3 folded before Flop (didn't bet)
Seat 7: Diga2006 folded before Flop (didn't bet)
Seat 8: Dorex2007 (button) folded before Flop (didn't bet)
Seat 9: Helton_crba (small blind) folded before Flop



PokerStars Hand #233054755937:  Hold'em No Limit ($0.01/$0.02 USD) - 2022/01/11 18:54:00 PT [2022/01/11 21:54:00 ET]
Table 'Aiguillon II' 9-max Seat #9 is the button
Seat 2: LEVsha210 ($0.70 in chips) 
Seat 4: matt blakk ($4.27 in chips) 
Seat 5: brunokinka96 ($2.34 in chips) 
Seat 6: dekooo3 ($6.66 in chips) 
Seat 7: Diga2006 ($2.69 in chips) 
Seat 8: Dorex2007 ($2 in chips) 
Seat 9: Helton_crba ($5.37 in chips) 
LEVsha210: posts small blind $0.01
matt blakk: posts big blind $0.02
*** HOLE CARDS ***
Dealt to Dorex2007 [6h Qd]
brunokinka96 has timed out
brunokinka96: folds 
dekooo3: folds 
Diga2006: folds 
Dorex2007: folds 
Helton_crba: raises $0.04 to $0.06
LEVsha210: raises $0.14 to $0.20
matt blakk: folds 
Helton_crba: folds 
Uncalled bet ($0.14) returned to LEVsha210
LEVsha210 collected $0.14 from pot
*** SUMMARY ***
Total pot $0.14 | Rake $0 
Seat 2: LEVsha210 (small blind) collected ($0.14)
Seat 4: matt blakk (big blind) folded before Flop
Seat 5: brunokinka96 folded before Flop (didn't bet)
Seat 6: dekooo3 folded before Flop (didn't bet)
Seat 7: Diga2006 folded before Flop (didn't bet)
Seat 8: Dorex2007 folded before Flop (didn't bet)
Seat 9: Helton_crba (button) folded before Flop



PokerStars Hand #233054765594:  Hold'em No Limit ($0.01/$0.02 USD) - 2022/01/11 18:54:38 PT [2022/01/11 21:54:38 ET]
Table 'Aiguillon II' 9-max Seat #2 is the button
Seat 2: LEVsha210 ($0.78 in chips) 
Seat 4: matt blakk ($4.25 in chips) 
Seat 5: brunokinka96 ($2.34 in chips) 
Seat 6: dekooo3 ($6.66 in chips) 
Seat 7: Diga2006 ($2.69 in chips) 
Seat 8: Dorex2007 ($2 in chips) 
Seat 9: Helton_crba ($5.31 in chips) 
matt blakk: posts small blind $0.01
brunokinka96: posts big blind $0.02
*** HOLE CARDS ***
Dealt to Dorex2007 [2h 8d]
dekooo3: folds 
Diga2006: folds 
Dorex2007: folds 
Helton_crba: folds 
LEVsha210: folds 
matt blakk: folds 
Uncalled bet ($0.01) returned to brunokinka96
brunokinka96 collected $0.02 from pot
brunokinka96: doesn't show hand 
*** SUMMARY ***
Total pot $0.02 | Rake $0 
Seat 2: LEVsha210 (button) folded before Flop (didn't bet)
Seat 4: matt blakk (small blind) folded before Flop
Seat 5: brunokinka96 (big blind) collected ($0.02)
Seat 6: dekooo3 folded before Flop (didn't bet)
Seat 7: Diga2006 folded before Flop (didn't bet)
Seat 8: Dorex2007 folded before Flop (didn't bet)
Seat 9: Helton_crba folded before Flop (didn't bet)



PokerStars Hand #233054770754:  Hold'em No Limit ($0.01/$0.02 USD) - 2022/01/11 18:54:58 PT [2022/01/11 21:54:58 ET]
Table 'Aiguillon II' 9-max Seat #4 is the button
Seat 2: LEVsha210 ($0.78 in chips) 
Seat 4: matt blakk ($4.24 in chips) 
Seat 5: brunokinka96 ($2.35 in chips) 
Seat 6: dekooo3 ($6.66 in chips) 
Seat 7: Diga2006 ($2.69 in chips) 
Seat 8: Dorex2007 ($2 in chips) 
Seat 9: Helton_crba ($5.31 in chips) 
brunokinka96: posts small blind $0.01
dekooo3: posts big blind $0.02
*** HOLE CARDS ***
Dealt to Dorex2007 [Ad 7c]
Diga2006: folds 
Dorex2007: folds 
Helton_crba: folds 
LEVsha210: raises $0.04 to $0.06
matt blakk: folds 
brunokinka96: folds 
dekooo3: folds 
Uncalled bet ($0.04) returned to LEVsha210
LEVsha210 collected $0.05 from pot
*** SUMMARY ***
Total pot $0.05 | Rake $0 
Seat 2: LEVsha210 collected ($0.05)
Seat 4: matt blakk (button) folded before Flop (didn't bet)
Seat 5: brunokinka96 (small blind) folded before Flop
Seat 6: dekooo3 (big blind) folded before Flop
Seat 7: Diga2006 folded before Flop (didn't bet)
Seat 8: Dorex2007 folded before Flop (didn't bet)
Seat 9: Helton_crba folded before Flop (didn't bet)



PokerStars Hand #233054777689:  Hold'em No Limit ($0.01/$0.02 USD) - 2022/01/11 18:55:27 PT [2022/01/11 21:55:27 ET]
Table 'Aiguillon II' 9-max Seat #5 is the button
Seat 2: LEVsha210 ($0.81 in chips) 
Seat 4: matt blakk ($4.24 in chips) 
Seat 5: brunokinka96 ($2.34 in chips) 
Seat 6: dekooo3 ($6.64 in chips) 
Seat 7: Diga2006 ($2.69 in chips) 
Seat 8: Dorex2007 ($2 in chips) 
Seat 9: Helton_crba ($5.31 in chips) 
dekooo3: posts small blind $0.01
Diga2006: posts big blind $0.02
*** HOLE CARDS ***
Dealt to Dorex2007 [5d 4c]
Dorex2007: folds 
Helton_crba: folds 
LEVsha210: raises $0.04 to $0.06
matt blakk: folds 
brunokinka96: calls $0.06
dekooo3: folds 
Diga2006: calls $0.04
*** FLOP *** [Jh 3h 6c]
Diga2006: bets $0.09
LEVsha210: raises $0.09 to $0.18
brunokinka96: raises $0.63 to $0.81
Diga2006: folds 
LEVsha210: calls $0.57 and is all-in
Uncalled bet ($0.06) returned to brunokinka96
*** TURN *** [Jh 3h 6c] [Qh]
*** RIVER *** [Jh 3h 6c Qh] [5s]
*** SHOW DOWN ***
LEVsha210: shows [Jd Tc] (a pair of Jacks)
brunokinka96: shows [Qc Qs] (three of a kind, Queens)
brunokinka96 collected $1.72 from pot
*** SUMMARY ***
Total pot $1.78 | Rake $0.06 
Board [Jh 3h 6c Qh 5s]
Seat 2: LEVsha210 showed [Jd Tc] and lost with a pair of Jacks
Seat 4: matt blakk folded before Flop (didn't bet)
Seat 5: brunokinka96 (button) showed [Qc Qs] and won ($1.72) with three of a kind, Queens
Seat 6: dekooo3 (small blind) folded before Flop
Seat 7: Diga2006 (big blind) folded on the Flop
Seat 8: Dorex2007 folded before Flop (didn't bet)
Seat 9: Helton_crba folded before Flop (didn't bet)



PokerStars Hand #233054796166:  Hold'em No Limit ($0.01/$0.02 USD) - 2022/01/11 18:56:58 PT [2022/01/11 21:56:58 ET]
Table 'Aiguillon II' 9-max Seat #6 is the button
Seat 3: Pepto0 ($0.81 in chips) 
Seat 4: matt blakk ($4.24 in chips) 
Seat 5: brunokinka96 ($3.25 in chips) 
Seat 6: dekooo3 ($6.63 in chips) 
Seat 7: Diga2006 ($2.54 in chips) 
Seat 8: Dorex2007 ($2 in chips) 
Seat 9: Helton_crba ($5.31 in chips) 
Diga2006: posts small blind $0.01
Dorex2007: posts big blind $0.02
Pepto0: posts small & big blinds $0.03
*** HOLE CARDS ***
Dealt to Dorex2007 [9d Qs]
Helton_crba: folds 
Pepto0: checks 
matt blakk: raises $0.06 to $0.08
brunokinka96: folds 
dekooo3 has timed out
dekooo3: folds 
Diga2006: calls $0.07
Dorex2007: folds 
Pepto0: calls $0.06
*** FLOP *** [2c 9c 9s]
Diga2006: checks 
Pepto0: checks 
matt blakk: bets $0.16
Diga2006: calls $0.16
Pepto0: folds 
*** TURN *** [2c 9c 9s] [8h]
Diga2006: checks 
matt blakk: checks 
*** RIVER *** [2c 9c 9s 8h] [4d]
Diga2006: bets $0.10
brunokinka96 leaves the table
matt blakk: folds 
Uncalled bet ($0.10) returned to Diga2006
Diga2006 collected $0.57 from pot
Diga2006: doesn't show hand 
*** SUMMARY ***
Total pot $0.59 | Rake $0.02 
Board [2c 9c 9s 8h 4d]
Seat 3: Pepto0 folded on the Flop
Seat 4: matt blakk folded on the River
Seat 5: brunokinka96 folded before Flop (didn't bet)
Seat 6: dekooo3 (button) folded before Flop (didn't bet)
Seat 7: Diga2006 (small blind) collected ($0.57)
Seat 8: Dorex2007 (big blind) folded before Flop
Seat 9: Helton_crba folded before Flop (didn't bet)



PokerStars Hand #233054815350:  Hold'em No Limit ($0.01/$0.02 USD) - 2022/01/11 18:58:32 PT [2022/01/11 21:58:32 ET]
Table 'Aiguillon II' 9-max Seat #7 is the button
Seat 1: meelo32 ($1.25 in chips) 
Seat 2: LEVsha210 ($0.80 in chips) 
Seat 3: Pepto0 ($0.72 in chips) 
Seat 4: matt blakk ($4 in chips) 
Seat 6: dekooo3 ($6.63 in chips) 
Seat 7: Diga2006 ($2.87 in chips) 
Seat 8: Dorex2007 ($2 in chips) 
Seat 9: Helton_crba ($5.31 in chips) 
Dorex2007: posts small blind $0.01
Helton_crba: posts big blind $0.02
meelo32: posts small & big blinds $0.03
*** HOLE CARDS ***
Dealt to Dorex2007 [Ac 7h]
meelo32 has timed out
meelo32: checks 
LEVsha210: folds 
Pepto0: folds 
matt blakk: raises $0.05 to $0.07
dekooo3 has timed out
dekooo3: folds 
Diga2006: calls $0.07
Dorex2007: folds 
Pepto0 leaves the table
Helton_crba: folds 
meelo32: calls $0.05
*** FLOP *** [5s 2d Jd]
meelo32: checks 
matt blakk: bets $0.11
Diga2006: folds 
meelo32: calls $0.11
*** TURN *** [5s 2d Jd] [Ad]
meelo32: checks 
matt blakk: bets $0.22
meelo32: calls $0.22
*** RIVER *** [5s 2d Jd Ad] [Kc]
meelo32: checks 
matt blakk: checks 
*** SHOW DOWN ***
meelo32: shows [Js Kd] (two pair, Kings and Jacks)
matt blakk: mucks hand 
meelo32 collected $0.88 from pot
*** SUMMARY ***
Total pot $0.91 | Rake $0.03 
Board [5s 2d Jd Ad Kc]
Seat 1: meelo32 showed [Js Kd] and won ($0.88) with two pair, Kings and Jacks
Seat 2: LEVsha210 folded before Flop (didn't bet)
Seat 3: Pepto0 folded before Flop (didn't bet)
Seat 4: matt blakk mucked [7c 7d]
Seat 6: dekooo3 folded before Flop (didn't bet)
Seat 7: Diga2006 (button) folded on the Flop
Seat 8: Dorex2007 (small blind) folded before Flop
Seat 9: Helton_crba (big blind) folded before Flop



PokerStars Hand #233054829650:  Hold'em No Limit ($0.01/$0.02 USD) - 2022/01/11 18:59:43 PT [2022/01/11 21:59:43 ET]
Table 'Aiguillon II' 9-max Seat #8 is the button
Seat 1: meelo32 ($1.72 in chips) 
Seat 2: LEVsha210 ($0.80 in chips) 
Seat 4: matt blakk ($3.60 in chips) 
Seat 6: dekooo3 ($6.63 in chips) 
Seat 7: Diga2006 ($2.80 in chips) 
Seat 8: Dorex2007 ($2 in chips) 
Seat 9: Helton_crba ($5.29 in chips) 
Helton_crba: posts small blind $0.01
meelo32: posts big blind $0.02
*** HOLE CARDS ***
Dealt to Dorex2007 [Tc 9s]
LEVsha210: folds 
matt blakk: raises $0.04 to $0.06
dekooo3: folds 
Diga2006: calls $0.06
Dorex2007: folds 
Helton_crba: folds 
meelo32: folds 
*** FLOP *** [2h Th Ac]
matt blakk: checks 
Diga2006: bets $0.14
matt blakk: calls $0.14
*** TURN *** [2h Th Ac] [Jc]
matt blakk: checks 
Diga2006: bets $0.41
matt blakk: raises $2.99 to $3.40 and is all-in
Diga2006: folds 
Uncalled bet ($2.99) returned to matt blakk
matt blakk collected $1.21 from pot
*** SUMMARY ***
Total pot $1.25 | Rake $0.04 
Board [2h Th Ac Jc]
Seat 1: meelo32 (big blind) folded before Flop
Seat 2: LEVsha210 folded before Flop (didn't bet)
Seat 4: matt blakk collected ($1.21)
Seat 6: dekooo3 folded before Flop (didn't bet)
Seat 7: Diga2006 folded on the Turn
Seat 8: Dorex2007 (button) folded before Flop (didn't bet)
Seat 9: Helton_crba (small blind) folded before Flop



PokerStars Hand #233054846708:  Hold'em No Limit ($0.01/$0.02 USD) - 2022/01/11 19:01:02 PT [2022/01/11 22:01:02 ET]
Table 'Aiguillon II' 9-max Seat #9 is the button
Seat 1: meelo32 ($1.70 in chips) 
Seat 2: LEVsha210 ($0.80 in chips) 
Seat 4: matt blakk ($4.20 in chips) 
Seat 6: dekooo3 ($6.63 in chips) 
Seat 7: Diga2006 ($2.19 in chips) 
Seat 8: Dorex2007 ($2 in chips) 
Seat 9: Helton_crba ($5.28 in chips) 
meelo32: posts small blind $0.01
LEVsha210: posts big blind $0.02
*** HOLE CARDS ***
Dealt to Dorex2007 [7d As]
matt blakk: folds 
matt blakk said, "flush draw?"
dekooo3 has timed out
dekooo3: folds 
Diga2006: folds 
Dorex2007: folds 
Helton_crba: folds 
matt blakk said, "good fold"
matt blakk said, "nuts"
Diga2006 said, "AK"
meelo32 has timed out
meelo32: folds 
Uncalled bet ($0.01) returned to LEVsha210
LEVsha210 collected $0.02 from pot
*** SUMMARY ***
Total pot $0.02 | Rake $0 
Seat 1: meelo32 (small blind) folded before Flop
Seat 2: LEVsha210 (big blind) collected ($0.02)
Seat 4: matt blakk folded before Flop (didn't bet)
Seat 6: dekooo3 folded before Flop (didn't bet)
Seat 7: Diga2006 folded before Flop (didn't bet)
Seat 8: Dorex2007 folded before Flop (didn't bet)
Seat 9: Helton_crba (button) folded before Flop (didn't bet)



PokerStars Hand #233054856452:  Hold'em No Limit ($0.01/$0.02 USD) - 2022/01/11 19:01:34 PT [2022/01/11 22:01:34 ET]
Table 'Aiguillon II' 9-max Seat #2 is the button
Seat 2: LEVsha210 ($0.81 in chips) 
Seat 4: matt blakk ($4.20 in chips) 
Seat 6: dekooo3 ($6.63 in chips) 
Seat 7: Diga2006 ($2.19 in chips) 
Seat 8: Dorex2007 ($2 in chips) 
Seat 9: Helton_crba ($5.28 in chips) 
matt blakk: posts small blind $0.01
dekooo3: posts big blind $0.02
*** HOLE CARDS ***
Dealt to Dorex2007 [6c 4s]
Diga2006: folds 
Dorex2007: folds 
Helton_crba: folds 
matt blakk said, "hearts?"
LEVsha210: raises $0.04 to $0.06
matt blakk: folds 
dekooo3: folds 
Uncalled bet ($0.04) returned to LEVsha210
LEVsha210 collected $0.05 from pot
*** SUMMARY ***
Total pot $0.05 | Rake $0 
Seat 2: LEVsha210 (button) collected ($0.05)
Seat 4: matt blakk (small blind) folded before Flop
Seat 6: dekooo3 (big blind) folded before Flop
Seat 7: Diga2006 folded before Flop (didn't bet)
Seat 8: Dorex2007 folded before Flop (didn't bet)
Seat 9: Helton_crba folded before Flop (didn't bet)



PokerStars Hand #233054862327:  Hold'em No Limit ($0.01/$0.02 USD) - 2022/01/11 19:01:58 PT [2022/01/11 22:01:58 ET]
Table 'Aiguillon II' 9-max Seat #4 is the button
Seat 2: LEVsha210 ($0.84 in chips) 
Seat 4: matt blakk ($4.19 in chips) 
Seat 6: dekooo3 ($6.61 in chips) 
Seat 7: Diga2006 ($2.19 in chips) 
Seat 8: Dorex2007 ($2 in chips) 
Seat 9: Helton_crba ($5.28 in chips) 
dekooo3: posts small blind $0.01
Diga2006: posts big blind $0.02
*** HOLE CARDS ***
Dealt to Dorex2007 [3h Js]
Dorex2007: folds 
Helton_crba: raises $0.04 to $0.06
LEVsha210: folds 
matt blakk: calls $0.06
dekooo3: folds 
Diga2006: folds 
*** FLOP *** [Ac Ts 3c]
matt blakk said, "well u made a big fold and were right"
Helton_crba: bets $0.05
matt blakk: raises $0.16 to $0.21
Helton_crba: calls $0.16
*** TURN *** [Ac Ts 3c] [8s]
Helton_crba: checks 
matt blakk: bets $0.37
Helton_crba: calls $0.37
*** RIVER *** [Ac Ts 3c 8s] [6c]
Helton_crba: checks 
matt blakk: checks 
*** SHOW DOWN ***
Helton_crba: shows [Td Th] (three of a kind, Tens)
matt blakk: mucks hand 
Helton_crba collected $1.26 from pot
*** SUMMARY ***
Total pot $1.31 | Rake $0.05 
Board [Ac Ts 3c 8s 6c]
Seat 2: LEVsha210 folded before Flop (didn't bet)
Seat 4: matt blakk (button) mucked [Ad Tc]
Seat 6: dekooo3 (small blind) folded before Flop
Seat 7: Diga2006 (big blind) folded before Flop
Seat 8: Dorex2007 folded before Flop (didn't bet)
Seat 9: Helton_crba showed [Td Th] and won ($1.26) with three of a kind, Tens



PokerStars Hand #233054881044:  Hold'em No Limit ($0.01/$0.02 USD) - 2022/01/11 19:03:12 PT [2022/01/11 22:03:12 ET]
Table 'Aiguillon II' 9-max Seat #6 is the button
Seat 2: LEVsha210 ($0.84 in chips) 
Seat 6: dekooo3 ($6.60 in chips) 
Seat 7: Diga2006 ($2.17 in chips) 
Seat 8: Dorex2007 ($2 in chips) 
Diga2006: posts small blind $0.01
Dorex2007: posts big blind $0.02
*** HOLE CARDS ***
Dealt to Dorex2007 [4h Jd]
matt blakk said, "sick"
LEVsha210: raises $0.04 to $0.06
dekooo3: folds 
Diga2006: calls $0.05
Diga2006 said, "i was afraid of a straigt"
Dorex2007: folds 
*** FLOP *** [3c 4c 6h]
Diga2006: bets $0.07
LEVsha210: raises $0.07 to $0.14
Diga2006: calls $0.07
*** TURN *** [3c 4c 6h] [6s]
Diga2006: bets $0.12
LEVsha210: calls $0.12
*** RIVER *** [3c 4c 6h 6s] [3d]
matt blakk said, "i almost jammed"
Diga2006: bets $0.32
LEVsha210: calls $0.32
*** SHOW DOWN ***
Diga2006: shows [2s Ad] (two pair, Sixes and Threes)
LEVsha210: shows [Kc Ac] (two pair, Sixes and Threes)
Diga2006 collected $0.62 from pot
LEVsha210 collected $0.62 from pot
*** SUMMARY ***
Total pot $1.30 | Rake $0.06 
Board [3c 4c 6h 6s 3d]
Seat 2: LEVsha210 showed [Kc Ac] and won ($0.62) with two pair, Sixes and Threes
Seat 6: dekooo3 (button) folded before Flop (didn't bet)
Seat 7: Diga2006 (small blind) showed [2s Ad] and won ($0.62) with two pair, Sixes and Threes
Seat 8: Dorex2007 (big blind) folded before Flop



PokerStars Hand #233054904731:  Hold'em No Limit ($0.01/$0.02 USD) - 2022/01/11 19:04:23 PT [2022/01/11 22:04:23 ET]
Table 'Aiguillon II' 9-max Seat #7 is the button
Seat 2: LEVsha210 ($0.82 in chips) 
Seat 4: matt blakk ($3.55 in chips) 
Seat 6: dekooo3 ($6.60 in chips) 
Seat 7: Diga2006 ($2.15 in chips) 
Seat 8: Dorex2007 ($2 in chips) 
Dorex2007: posts small blind $0.01
LEVsha210: posts big blind $0.02
*** HOLE CARDS ***
Dealt to Dorex2007 [8h 3h]
matt blakk said, "i was worried about u chk raising me with flush"
matt blakk: folds 
dekooo3: folds 
Diga2006: folds 
Dorex2007: folds 
Uncalled bet ($0.01) returned to LEVsha210
LEVsha210 collected $0.02 from pot
*** SUMMARY ***
Total pot $0.02 | Rake $0 
Seat 2: LEVsha210 (big blind) collected ($0.02)
Seat 4: matt blakk folded before Flop (didn't bet)
Seat 6: dekooo3 folded before Flop (didn't bet)
Seat 7: Diga2006 (button) folded before Flop (didn't bet)
Seat 8: Dorex2007 (small blind) folded before Flop



PokerStars Hand #233054909110:  Hold'em No Limit ($0.01/$0.02 USD) - 2022/01/11 19:04:40 PT [2022/01/11 22:04:40 ET]
Table 'Aiguillon II' 9-max Seat #8 is the button
Seat 2: LEVsha210 ($0.83 in chips) 
Seat 4: matt blakk ($3.55 in chips) 
Seat 6: dekooo3 ($6.60 in chips) 
Seat 7: Diga2006 ($2.15 in chips) 
Seat 8: Dorex2007 ($2 in chips) 
LEVsha210: posts small blind $0.01
matt blakk: posts big blind $0.02
*** HOLE CARDS ***
Dealt to Dorex2007 [2s 7s]
dekooo3: folds 
Diga2006: raises $0.02 to $0.04
Dorex2007: folds 
LEVsha210: folds 
matt blakk: calls $0.02
*** FLOP *** [4c Kd 2d]
matt blakk: checks 
Diga2006: checks 
*** TURN *** [4c Kd 2d] [4s]
matt blakk: checks 
Diga2006: checks 
*** RIVER *** [4c Kd 2d 4s] [Td]
matt blakk: checks 
Diga2006: checks 
*** SHOW DOWN ***
matt blakk: shows [Jd 8s] (a pair of Fours)
Diga2006: shows [Ah Js] (a pair of Fours - Ace kicker)
Diga2006 collected $0.09 from pot
*** SUMMARY ***
Total pot $0.09 | Rake $0 
Board [4c Kd 2d 4s Td]
Seat 2: LEVsha210 (small blind) folded before Flop
Seat 4: matt blakk (big blind) showed [Jd 8s] and lost with a pair of Fours
Seat 6: dekooo3 folded before Flop (didn't bet)
Seat 7: Diga2006 showed [Ah Js] and won ($0.09) with a pair of Fours
Seat 8: Dorex2007 (button) folded before Flop (didn't bet)



PokerStars Hand #233054925081:  Hold'em No Limit ($0.01/$0.02 USD) - 2022/01/11 19:05:43 PT [2022/01/11 22:05:43 ET]
Table 'Aiguillon II' 9-max Seat #2 is the button
Seat 2: LEVsha210 ($0.82 in chips) 
Seat 4: matt blakk ($3.51 in chips) 
Seat 7: Diga2006 ($2.20 in chips) 
Seat 8: Dorex2007 ($2 in chips) 
matt blakk: posts small blind $0.01
dekooo3: is sitting out 
Diga2006: posts big blind $0.02
*** HOLE CARDS ***
Dealt to Dorex2007 [Ks 7h]
dekooo3 leaves the table
Dorex2007: folds 
LEVsha210: folds 
matt blakk: raises $0.04 to $0.06
Diga2006: folds 
Uncalled bet ($0.04) returned to matt blakk
matt blakk collected $0.04 from pot
*** SUMMARY ***
Total pot $0.04 | Rake $0 
Seat 2: LEVsha210 (button) folded before Flop (didn't bet)
Seat 4: matt blakk (small blind) collected ($0.04)
Seat 7: Diga2006 (big blind) folded before Flop
Seat 8: Dorex2007 folded before Flop (didn't bet)



PokerStars Hand #233054928142:  Hold'em No Limit ($0.01/$0.02 USD) - 2022/01/11 19:05:55 PT [2022/01/11 22:05:55 ET]
Table 'Aiguillon II' 9-max Seat #4 is the button
Seat 2: LEVsha210 ($0.82 in chips) 
Seat 4: matt blakk ($3.53 in chips) 
Seat 7: Diga2006 ($2.18 in chips) 
Seat 8: Dorex2007 ($2 in chips) 
Diga2006: posts small blind $0.01
Dorex2007: posts big blind $0.02
*** HOLE CARDS ***
Dealt to Dorex2007 [3s Kc]
matt blakk said, "88"
LEVsha210: folds 
matt blakk: raises $0.04 to $0.06
Diga2006: calls $0.05
Dorex2007: folds 
*** FLOP *** [9s 2c Qd]
Helton_crba leaves the table
Diga2006: bets $0.07
matt blakk: folds 
Uncalled bet ($0.07) returned to Diga2006
Diga2006 collected $0.14 from pot
Diga2006: doesn't show hand 
*** SUMMARY ***
Total pot $0.14 | Rake $0 
Board [9s 2c Qd]
Seat 2: LEVsha210 folded before Flop (didn't bet)
Seat 4: matt blakk (button) folded on the Flop
Seat 7: Diga2006 (small blind) collected ($0.14)
Seat 8: Dorex2007 (big blind) folded before Flop



PokerStars Hand #233054933144:  Hold'em No Limit ($0.01/$0.02 USD) - 2022/01/11 19:06:16 PT [2022/01/11 22:06:16 ET]
Table 'Aiguillon II' 9-max Seat #7 is the button
Seat 2: LEVsha210 ($0.82 in chips) 
Seat 4: matt blakk ($3.47 in chips) 
Seat 7: Diga2006 ($2.26 in chips) 
Seat 8: Dorex2007 ($2 in chips) 
Dorex2007: posts small blind $0.01
LEVsha210: posts big blind $0.02
*** HOLE CARDS ***
Dealt to Dorex2007 [2d Jd]
matt blakk: folds 
Diga2006: calls $0.02
Dorex2007: folds 
matt blakk said, "tables dying"
LEVsha210: checks 
*** FLOP *** [2h 5c 2s]
LEVsha210: checks 
Diga2006: checks 
*** TURN *** [2h 5c 2s] [Qs]
LEVsha210: checks 
Diga2006: checks 
*** RIVER *** [2h 5c 2s Qs] [Kd]
LEVsha210: checks 
Diga2006: bets $0.10
LEVsha210: folds 
Uncalled bet ($0.10) returned to Diga2006
Diga2006 collected $0.05 from pot
Diga2006: doesn't show hand 
*** SUMMARY ***
Total pot $0.05 | Rake $0 
Board [2h 5c 2s Qs Kd]
Seat 2: LEVsha210 (big blind) folded on the River
Seat 4: matt blakk folded before Flop (didn't bet)
Seat 7: Diga2006 (button) collected ($0.05)
Seat 8: Dorex2007 (small blind) folded before Flop



PokerStars Hand #233054953700:  Hold'em No Limit ($0.01/$0.02 USD) - 2022/01/11 19:06:58 PT [2022/01/11 22:06:58 ET]
Table 'Aiguillon II' 9-max Seat #8 is the button
Seat 2: LEVsha210 ($0.80 in chips) 
Seat 4: matt blakk ($3.47 in chips) 
Seat 7: Diga2006 ($2.29 in chips) 
Seat 8: Dorex2007 ($2 in chips) 
LEVsha210: posts small blind $0.01
matt blakk: posts big blind $0.02
*** HOLE CARDS ***
Dealt to Dorex2007 [8c Ad]
Diga2006: folds 
Dorex2007: folds 
LEVsha210: folds 
Uncalled bet ($0.01) returned to matt blakk
matt blakk collected $0.02 from pot
*** SUMMARY ***
Total pot $0.02 | Rake $0 
Seat 2: LEVsha210 (small blind) folded before Flop
Seat 4: matt blakk (big blind) collected ($0.02)
Seat 7: Diga2006 folded before Flop (didn't bet)
Seat 8: Dorex2007 (button) folded before Flop (didn't bet)



PokerStars Hand #233054955966:  Hold'em No Limit ($0.01/$0.02 USD) - 2022/01/11 19:07:06 PT [2022/01/11 22:07:06 ET]
Table 'Aiguillon II' 9-max Seat #2 is the button
Seat 2: LEVsha210 ($0.79 in chips) 
Seat 4: matt blakk ($3.48 in chips) 
Seat 7: Diga2006 ($2.29 in chips) 
Seat 8: Dorex2007 ($2 in chips) 
matt blakk: posts small blind $0.01
Diga2006: posts big blind $0.02
*** HOLE CARDS ***
Dealt to Dorex2007 [Ts 3h]
Dorex2007: folds 
LEVsha210: folds 
matt blakk: calls $0.01
Diga2006: checks 
*** FLOP *** [8h 6d 2c]
matt blakk: bets $0.03
Diga2006: calls $0.03
*** TURN *** [8h 6d 2c] [5s]
matt blakk: checks 
Diga2006: bets $0.05
matt blakk: raises $0.10 to $0.15
Diga2006: calls $0.10
*** RIVER *** [8h 6d 2c 5s] [Ks]
matt blakk: bets $0.37
Diga2006: folds 
Uncalled bet ($0.37) returned to matt blakk
matt blakk collected $0.39 from pot
matt blakk: doesn't show hand 
*** SUMMARY ***
Total pot $0.40 | Rake $0.01 
Board [8h 6d 2c 5s Ks]
Seat 2: LEVsha210 (button) folded before Flop (didn't bet)
Seat 4: matt blakk (small blind) collected ($0.39)
Seat 7: Diga2006 (big blind) folded on the River
Seat 8: Dorex2007 folded before Flop (didn't bet)



