PokerStars Hand #238333601379:  Hold'em No Limit ($0.02/$0.05 USD) - 2022/08/31 12:06:23 PT [2022/08/31 15:06:23 ET]
Table 'Odysseus' 9-max Seat #2 is the button
Seat 1: Dorex2007 ($5 in chips) 
Seat 2: FACCHETADE$ ($34.33 in chips) 
Seat 3: BlackWinegum ($5.08 in chips) 
Seat 4: eurosmile505 ($6.10 in chips) 
Seat 5: C0deCrusher ($3.75 in chips) 
Seat 6: Nicolai5115 ($0.86 in chips) 
Seat 7: ProudDad2009 ($6.64 in chips) 
Seat 8: Larry-s1980 ($4.86 in chips) 
Seat 9: kamakiguy ($4.03 in chips) 
BlackWinegum: posts small blind $0.02
eurosmile505: posts big blind $0.05
Dorex2007: posts big blind $0.05
*** HOLE CARDS ***
Dealt to Dorex2007 [6c Jc]
C0deCrusher: folds 
Nicolai5115: calls $0.05
ProudDad2009: raises $0.15 to $0.20
Larry-s1980: folds 
kamakiguy: folds 
Dorex2007: folds 
FACCHETADE$: folds 
BlackWinegum: folds 
eurosmile505: folds 
Nicolai5115: calls $0.15
*** FLOP *** [Kh 6d Js]
Nicolai5115: checks 
ProudDad2009: bets $0.20
Nicolai5115: calls $0.20
*** TURN *** [Kh 6d Js] [2h]
Nicolai5115: checks 
ProudDad2009: bets $6.24 and is all-in
Nicolai5115: calls $0.46 and is all-in
Uncalled bet ($5.78) returned to ProudDad2009
*** RIVER *** [Kh 6d Js 2h] [9h]
*** SHOW DOWN ***
Nicolai5115: shows [Ah Th] (a flush, Ace high)
ProudDad2009: shows [Qc As] (high card Ace)
Nicolai5115 collected $1.76 from pot
*** SUMMARY ***
Total pot $1.84 | Rake $0.08 
Board [Kh 6d Js 2h 9h]
Seat 1: Dorex2007 folded before Flop (didn't bet)
Seat 2: FACCHETADE$ (button) folded before Flop (didn't bet)
Seat 3: BlackWinegum (small blind) folded before Flop
Seat 4: eurosmile505 (big blind) folded before Flop
Seat 5: C0deCrusher folded before Flop (didn't bet)
Seat 6: Nicolai5115 showed [Ah Th] and won ($1.76) with a flush, Ace high
Seat 7: ProudDad2009 showed [Qc As] and lost with high card Ace
Seat 8: Larry-s1980 folded before Flop (didn't bet)
Seat 9: kamakiguy folded before Flop (didn't bet)



PokerStars Hand #238333617114:  Hold'em No Limit ($0.02/$0.05 USD) - 2022/08/31 12:07:07 PT [2022/08/31 15:07:07 ET]
Table 'Odysseus' 9-max Seat #3 is the button
Seat 1: Dorex2007 ($5 in chips) 
Seat 2: FACCHETADE$ ($34.33 in chips) 
Seat 3: BlackWinegum ($5.06 in chips) 
Seat 4: eurosmile505 ($6.05 in chips) 
Seat 5: C0deCrusher ($3.75 in chips) 
Seat 6: Nicolai5115 ($1.76 in chips) 
Seat 7: ProudDad2009 ($5.78 in chips) 
Seat 8: Larry-s1980 ($4.86 in chips) 
Seat 9: kamakiguy ($4.03 in chips) 
eurosmile505: posts small blind $0.02
C0deCrusher: posts big blind $0.05
*** HOLE CARDS ***
Dealt to Dorex2007 [2h Ac]
Nicolai5115: folds 
ProudDad2009: calls $0.05
Larry-s1980: folds 
kamakiguy: calls $0.05
Dorex2007: folds 
FACCHETADE$: folds 
BlackWinegum: folds 
eurosmile505: folds 
C0deCrusher: checks 
*** FLOP *** [Qh 9d 4c]
C0deCrusher: checks 
ProudDad2009: checks 
kamakiguy: checks 
*** TURN *** [Qh 9d 4c] [Ad]
C0deCrusher: checks 
ProudDad2009: checks 
kamakiguy: bets $0.10
C0deCrusher: folds 
ProudDad2009: folds 
Uncalled bet ($0.10) returned to kamakiguy
kamakiguy collected $0.16 from pot
*** SUMMARY ***
Total pot $0.17 | Rake $0.01 
Board [Qh 9d 4c Ad]
Seat 1: Dorex2007 folded before Flop (didn't bet)
Seat 2: FACCHETADE$ folded before Flop (didn't bet)
Seat 3: BlackWinegum (button) folded before Flop (didn't bet)
Seat 4: eurosmile505 (small blind) folded before Flop
Seat 5: C0deCrusher (big blind) folded on the Turn
Seat 6: Nicolai5115 folded before Flop (didn't bet)
Seat 7: ProudDad2009 folded on the Turn
Seat 8: Larry-s1980 folded before Flop (didn't bet)
Seat 9: kamakiguy collected ($0.16)



PokerStars Hand #238333639272:  Hold'em No Limit ($0.02/$0.05 USD) - 2022/08/31 12:08:08 PT [2022/08/31 15:08:08 ET]
Table 'Odysseus' 9-max Seat #4 is the button
Seat 1: Dorex2007 ($5 in chips) 
Seat 2: FACCHETADE$ ($34.33 in chips) 
Seat 3: BlackWinegum ($5.06 in chips) 
Seat 4: eurosmile505 ($6.03 in chips) 
Seat 5: C0deCrusher ($3.70 in chips) 
Seat 6: Nicolai5115 ($1.76 in chips) 
Seat 7: ProudDad2009 ($5.73 in chips) 
Seat 8: Larry-s1980 ($4.86 in chips) 
Seat 9: kamakiguy ($4.14 in chips) 
C0deCrusher: posts small blind $0.02
Nicolai5115: posts big blind $0.05
*** HOLE CARDS ***
Dealt to Dorex2007 [Ts 7c]
ProudDad2009: folds 
Larry-s1980: raises $0.10 to $0.15
kamakiguy: folds 
Dorex2007: folds 
FACCHETADE$: folds 
BlackWinegum: calls $0.15
eurosmile505: folds 
C0deCrusher: folds 
Nicolai5115: folds 
*** FLOP *** [8d Ah 3d]
Larry-s1980: bets $0.17
BlackWinegum: folds 
Uncalled bet ($0.17) returned to Larry-s1980
Larry-s1980 collected $0.35 from pot
Larry-s1980: doesn't show hand 
*** SUMMARY ***
Total pot $0.37 | Rake $0.02 
Board [8d Ah 3d]
Seat 1: Dorex2007 folded before Flop (didn't bet)
Seat 2: FACCHETADE$ folded before Flop (didn't bet)
Seat 3: BlackWinegum folded on the Flop
Seat 4: eurosmile505 (button) folded before Flop (didn't bet)
Seat 5: C0deCrusher (small blind) folded before Flop
Seat 6: Nicolai5115 (big blind) folded before Flop
Seat 7: ProudDad2009 folded before Flop (didn't bet)
Seat 8: Larry-s1980 collected ($0.35)
Seat 9: kamakiguy folded before Flop (didn't bet)



PokerStars Hand #238333651372:  Hold'em No Limit ($0.02/$0.05 USD) - 2022/08/31 12:08:42 PT [2022/08/31 15:08:42 ET]
Table 'Odysseus' 9-max Seat #5 is the button
Seat 1: Dorex2007 ($5 in chips) 
Seat 2: FACCHETADE$ ($34.33 in chips) 
Seat 3: BlackWinegum ($4.91 in chips) 
Seat 4: eurosmile505 ($6.03 in chips) 
Seat 5: C0deCrusher ($3.68 in chips) 
Seat 6: Nicolai5115 ($1.71 in chips) 
Seat 7: ProudDad2009 ($5.73 in chips) 
Seat 8: Larry-s1980 ($5.06 in chips) 
Seat 9: kamakiguy ($4.14 in chips) 
Nicolai5115: posts small blind $0.02
ProudDad2009: posts big blind $0.05
*** HOLE CARDS ***
Dealt to Dorex2007 [7s 2d]
Larry-s1980: folds 
kamakiguy: folds 
Dorex2007: folds 
FACCHETADE$: folds 
BlackWinegum: folds 
eurosmile505: folds 
C0deCrusher: folds 
Nicolai5115: raises $0.10 to $0.15
ProudDad2009: calls $0.10
*** FLOP *** [Qc Qh 5d]
Nicolai5115: bets $0.29
ProudDad2009: calls $0.29
*** TURN *** [Qc Qh 5d] [4c]
Nicolai5115: bets $1.27 and is all-in
ProudDad2009: calls $1.27
*** RIVER *** [Qc Qh 5d 4c] [4d]
*** SHOW DOWN ***
Nicolai5115: shows [Ac 5h] (two pair, Queens and Fives)
ProudDad2009: shows [Qd 3d] (a full house, Queens full of Fours)
ProudDad2009 collected $3.28 from pot
*** SUMMARY ***
Total pot $3.42 | Rake $0.14 
Board [Qc Qh 5d 4c 4d]
Seat 1: Dorex2007 folded before Flop (didn't bet)
Seat 2: FACCHETADE$ folded before Flop (didn't bet)
Seat 3: BlackWinegum folded before Flop (didn't bet)
Seat 4: eurosmile505 folded before Flop (didn't bet)
Seat 5: C0deCrusher (button) folded before Flop (didn't bet)
Seat 6: Nicolai5115 (small blind) showed [Ac 5h] and lost with two pair, Queens and Fives
Seat 7: ProudDad2009 (big blind) showed [Qd 3d] and won ($3.28) with a full house, Queens full of Fours
Seat 8: Larry-s1980 folded before Flop (didn't bet)
Seat 9: kamakiguy folded before Flop (didn't bet)



PokerStars Hand #238333664147:  Hold'em No Limit ($0.02/$0.05 USD) - 2022/08/31 12:09:17 PT [2022/08/31 15:09:17 ET]
Table 'Odysseus' 9-max Seat #7 is the button
Seat 1: Dorex2007 ($5 in chips) 
Seat 2: FACCHETADE$ ($34.33 in chips) 
Seat 3: BlackWinegum ($4.91 in chips) 
Seat 4: eurosmile505 ($6.03 in chips) 
Seat 5: C0deCrusher ($3.68 in chips) 
Seat 7: ProudDad2009 ($7.30 in chips) 
Seat 8: Larry-s1980 ($5.06 in chips) 
Seat 9: kamakiguy ($4.14 in chips) 
Larry-s1980: posts small blind $0.02
kamakiguy: posts big blind $0.05
*** HOLE CARDS ***
Dealt to Dorex2007 [Qd 8s]
Dorex2007: folds 
Nicolai5115 leaves the table
mahspace joins the table at seat #6 
FACCHETADE$ has timed out
FACCHETADE$: folds 
BlackWinegum: folds 
eurosmile505: folds 
C0deCrusher: folds 
ProudDad2009: calls $0.05
Larry-s1980: folds 
kamakiguy: checks 
*** FLOP *** [Ks 6d 7d]
kamakiguy: checks 
ProudDad2009: bets $0.10
kamakiguy: folds 
Uncalled bet ($0.10) returned to ProudDad2009
ProudDad2009 collected $0.12 from pot
*** SUMMARY ***
Total pot $0.12 | Rake $0 
Board [Ks 6d 7d]
Seat 1: Dorex2007 folded before Flop (didn't bet)
Seat 2: FACCHETADE$ folded before Flop (didn't bet)
Seat 3: BlackWinegum folded before Flop (didn't bet)
Seat 4: eurosmile505 folded before Flop (didn't bet)
Seat 5: C0deCrusher folded before Flop (didn't bet)
Seat 7: ProudDad2009 (button) collected ($0.12)
Seat 8: Larry-s1980 (small blind) folded before Flop
Seat 9: kamakiguy (big blind) folded on the Flop



PokerStars Hand #238333680466:  Hold'em No Limit ($0.02/$0.05 USD) - 2022/08/31 12:10:02 PT [2022/08/31 15:10:02 ET]
Table 'Odysseus' 9-max Seat #8 is the button
Seat 1: Dorex2007 ($5 in chips) 
Seat 2: FACCHETADE$ ($34.33 in chips) 
Seat 3: BlackWinegum ($4.91 in chips) 
Seat 4: eurosmile505 ($6.03 in chips) 
Seat 5: C0deCrusher ($3.68 in chips) 
Seat 7: ProudDad2009 ($7.37 in chips) 
Seat 8: Larry-s1980 ($5.04 in chips) 
Seat 9: kamakiguy ($4.09 in chips) 
kamakiguy: posts small blind $0.02
Dorex2007: posts big blind $0.05
mahspace: sits out 
*** HOLE CARDS ***
Dealt to Dorex2007 [Tc 6d]
FACCHETADE$: folds 
BlackWinegum: folds 
eurosmile505: folds 
C0deCrusher: folds 
ProudDad2009: raises $0.10 to $0.15
Larry-s1980: folds 
kamakiguy: folds 
Dorex2007: folds 
Uncalled bet ($0.10) returned to ProudDad2009
ProudDad2009 collected $0.12 from pot
*** SUMMARY ***
Total pot $0.12 | Rake $0 
Seat 1: Dorex2007 (big blind) folded before Flop
Seat 2: FACCHETADE$ folded before Flop (didn't bet)
Seat 3: BlackWinegum folded before Flop (didn't bet)
Seat 4: eurosmile505 folded before Flop (didn't bet)
Seat 5: C0deCrusher folded before Flop (didn't bet)
Seat 7: ProudDad2009 collected ($0.12)
Seat 8: Larry-s1980 (button) folded before Flop (didn't bet)
Seat 9: kamakiguy (small blind) folded before Flop



PokerStars Hand #238333694105:  Hold'em No Limit ($0.02/$0.05 USD) - 2022/08/31 12:10:40 PT [2022/08/31 15:10:40 ET]
Table 'Odysseus' 9-max Seat #9 is the button
Seat 1: Dorex2007 ($5 in chips) 
Seat 2: FACCHETADE$ ($34.33 in chips) 
Seat 3: BlackWinegum ($4.91 in chips) 
Seat 4: eurosmile505 ($6.03 in chips) 
Seat 5: C0deCrusher ($3.68 in chips) 
Seat 7: ProudDad2009 ($7.44 in chips) 
Seat 8: Larry-s1980 ($5.04 in chips) 
Seat 9: kamakiguy ($4.07 in chips) 
Dorex2007: posts small blind $0.02
FACCHETADE$: posts big blind $0.05
mahspace: sits out 
*** HOLE CARDS ***
Dealt to Dorex2007 [2s Ah]
BlackWinegum: folds 
eurosmile505: calls $0.05
C0deCrusher: folds 
ProudDad2009: raises $0.15 to $0.20
Larry-s1980: folds 
kamakiguy: calls $0.20
Dorex2007: folds 
FACCHETADE$: calls $0.15
eurosmile505: calls $0.15
*** FLOP *** [8c Js Qs]
FACCHETADE$: checks 
eurosmile505: checks 
ProudDad2009: bets $0.50
kamakiguy: calls $0.50
FACCHETADE$: folds 
eurosmile505: folds 
*** TURN *** [8c Js Qs] [6h]
ProudDad2009: bets $0.95
kamakiguy: calls $0.95
*** RIVER *** [8c Js Qs 6h] [5c]
ProudDad2009: bets $1.23
kamakiguy: calls $1.23
*** SHOW DOWN ***
ProudDad2009: shows [As Qc] (a pair of Queens)
kamakiguy: mucks hand 
ProudDad2009 collected $5.92 from pot
*** SUMMARY ***
Total pot $6.18 | Rake $0.26 
Board [8c Js Qs 6h 5c]
Seat 1: Dorex2007 (small blind) folded before Flop
Seat 2: FACCHETADE$ (big blind) folded on the Flop
Seat 3: BlackWinegum folded before Flop (didn't bet)
Seat 4: eurosmile505 folded on the Flop
Seat 5: C0deCrusher folded before Flop (didn't bet)
Seat 7: ProudDad2009 showed [As Qc] and won ($5.92) with a pair of Queens
Seat 8: Larry-s1980 folded before Flop (didn't bet)
Seat 9: kamakiguy (button) mucked [Kh Qh]



PokerStars Hand #238333724348:  Hold'em No Limit ($0.02/$0.05 USD) - 2022/08/31 12:12:04 PT [2022/08/31 15:12:04 ET]
Table 'Odysseus' 9-max Seat #1 is the button
Seat 1: Dorex2007 ($5 in chips) 
Seat 2: FACCHETADE$ ($34.13 in chips) 
Seat 3: BlackWinegum ($4.91 in chips) 
Seat 4: eurosmile505 ($5.83 in chips) 
Seat 5: C0deCrusher ($3.68 in chips) 
Seat 7: ProudDad2009 ($10.48 in chips) 
Seat 8: Larry-s1980 ($5.04 in chips) 
Seat 9: kamakiguy ($1.19 in chips) 
FACCHETADE$: posts small blind $0.02
BlackWinegum: posts big blind $0.05
mahspace: sits out 
*** HOLE CARDS ***
Dealt to Dorex2007 [2c 2h]
eurosmile505 has timed out
eurosmile505: folds 
C0deCrusher: raises $0.10 to $0.15
ProudDad2009: folds 
Larry-s1980: calls $0.15
kamakiguy: folds 
Dorex2007: folds 
FACCHETADE$: calls $0.13
BlackWinegum: folds 
*** FLOP *** [Ad Kd Kh]
FACCHETADE$: checks 
C0deCrusher: bets $0.24
Larry-s1980: calls $0.24
FACCHETADE$: calls $0.24
*** TURN *** [Ad Kd Kh] [Jh]
FACCHETADE$: checks 
C0deCrusher: checks 
Larry-s1980: checks 
*** RIVER *** [Ad Kd Kh Jh] [2d]
FACCHETADE$: bets $0.58
C0deCrusher: calls $0.58
Larry-s1980: folds 
*** SHOW DOWN ***
FACCHETADE$: shows [Jd Qd] (a flush, Ace high)
C0deCrusher: mucks hand 
FACCHETADE$ collected $2.28 from pot
*** SUMMARY ***
Total pot $2.38 | Rake $0.10 
Board [Ad Kd Kh Jh 2d]
Seat 1: Dorex2007 (button) folded before Flop (didn't bet)
Seat 2: FACCHETADE$ (small blind) showed [Jd Qd] and won ($2.28) with a flush, Ace high
Seat 3: BlackWinegum (big blind) folded before Flop
Seat 4: eurosmile505 folded before Flop (didn't bet)
Seat 5: C0deCrusher mucked [Qh Ac]
Seat 7: ProudDad2009 folded before Flop (didn't bet)
Seat 8: Larry-s1980 folded on the River
Seat 9: kamakiguy folded before Flop (didn't bet)



PokerStars Hand #238333749639:  Hold'em No Limit ($0.02/$0.05 USD) - 2022/08/31 12:13:13 PT [2022/08/31 15:13:13 ET]
Table 'Odysseus' 9-max Seat #2 is the button
Seat 1: Dorex2007 ($5 in chips) 
Seat 2: FACCHETADE$ ($35.44 in chips) 
Seat 3: BlackWinegum ($4.86 in chips) 
Seat 4: eurosmile505 ($5.83 in chips) 
Seat 5: C0deCrusher ($2.71 in chips) 
Seat 7: ProudDad2009 ($10.48 in chips) 
Seat 8: Larry-s1980 ($4.65 in chips) 
Seat 9: kamakiguy ($1.19 in chips) 
BlackWinegum: posts small blind $0.02
eurosmile505: posts big blind $0.05
mahspace: sits out 
*** HOLE CARDS ***
Dealt to Dorex2007 [Kc Kd]
C0deCrusher: calls $0.05
ProudDad2009: calls $0.05
Larry-s1980: folds 
kamakiguy: folds 
Dorex2007: raises $0.22 to $0.27
FACCHETADE$: folds 
BlackWinegum: folds 
eurosmile505: folds 
C0deCrusher: folds 
ProudDad2009: folds 
Uncalled bet ($0.22) returned to Dorex2007
C0deCrusher leaves the table
Dorex2007 collected $0.22 from pot
Dorex2007: doesn't show hand 
*** SUMMARY ***
Total pot $0.22 | Rake $0 
Seat 1: Dorex2007 collected ($0.22)
Seat 2: FACCHETADE$ (button) folded before Flop (didn't bet)
Seat 3: BlackWinegum (small blind) folded before Flop
Seat 4: eurosmile505 (big blind) folded before Flop
Seat 5: C0deCrusher folded before Flop
Seat 7: ProudDad2009 folded before Flop
Seat 8: Larry-s1980 folded before Flop (didn't bet)
Seat 9: kamakiguy folded before Flop (didn't bet)



PokerStars Hand #238333762923:  Hold'em No Limit ($0.02/$0.05 USD) - 2022/08/31 12:13:50 PT [2022/08/31 15:13:50 ET]
Table 'Odysseus' 9-max Seat #3 is the button
Seat 1: Dorex2007 ($5.17 in chips) 
Seat 2: FACCHETADE$ ($35.44 in chips) 
Seat 3: BlackWinegum ($4.84 in chips) 
Seat 4: eurosmile505 ($5.78 in chips) 
Seat 6: mahspace ($5 in chips) 
Seat 7: ProudDad2009 ($10.43 in chips) 
Seat 8: Larry-s1980 ($4.65 in chips) 
Seat 9: kamakiguy ($1.19 in chips) 
eurosmile505: posts small blind $0.02
mahspace: posts big blind $0.05
*** HOLE CARDS ***
Dealt to Dorex2007 [4h Jd]
ProudDad2009: calls $0.05
Larry-s1980: folds 
kamakiguy: folds 
Dorex2007: folds 
BluffOnTable joins the table at seat #5 
FACCHETADE$: folds 
BlackWinegum: folds 
eurosmile505: calls $0.03
mahspace: checks 
*** FLOP *** [Jc 2s 6s]
eurosmile505: checks 
mahspace: checks 
ProudDad2009: bets $0.10
eurosmile505: calls $0.10
mahspace: folds 
*** TURN *** [Jc 2s 6s] [9d]
eurosmile505: checks 
ProudDad2009: checks 
*** RIVER *** [Jc 2s 6s 9d] [As]
eurosmile505: checks 
ProudDad2009: checks 
*** SHOW DOWN ***
eurosmile505: shows [8h Ad] (a pair of Aces)
ProudDad2009: mucks hand 
eurosmile505 collected $0.34 from pot
*** SUMMARY ***
Total pot $0.35 | Rake $0.01 
Board [Jc 2s 6s 9d As]
Seat 1: Dorex2007 folded before Flop (didn't bet)
Seat 2: FACCHETADE$ folded before Flop (didn't bet)
Seat 3: BlackWinegum (button) folded before Flop (didn't bet)
Seat 4: eurosmile505 (small blind) showed [8h Ad] and won ($0.34) with a pair of Aces
Seat 6: mahspace (big blind) folded on the Flop
Seat 7: ProudDad2009 mucked [5d 8d]
Seat 8: Larry-s1980 folded before Flop (didn't bet)
Seat 9: kamakiguy folded before Flop (didn't bet)



PokerStars Hand #238333778800:  Hold'em No Limit ($0.02/$0.05 USD) - 2022/08/31 12:14:33 PT [2022/08/31 15:14:33 ET]
Table 'Odysseus' 9-max Seat #4 is the button
Seat 1: Dorex2007 ($5.17 in chips) 
Seat 2: FACCHETADE$ ($35.44 in chips) 
Seat 3: BlackWinegum ($4.84 in chips) 
Seat 4: eurosmile505 ($5.97 in chips) 
Seat 6: mahspace ($4.95 in chips) 
Seat 7: ProudDad2009 ($10.28 in chips) 
Seat 8: Larry-s1980 ($4.65 in chips) 
Seat 9: kamakiguy ($1.19 in chips) 
mahspace: posts small blind $0.02
ProudDad2009: posts big blind $0.05
*** HOLE CARDS ***
Dealt to Dorex2007 [3d 9d]
Larry-s1980: folds 
kamakiguy: calls $0.05
Dorex2007: folds 
FACCHETADE$: folds 
BlackWinegum: folds 
eurosmile505: raises $0.15 to $0.20
mahspace: folds 
ProudDad2009: calls $0.15
kamakiguy: calls $0.15
*** FLOP *** [7c 7h Kc]
ProudDad2009: checks 
kamakiguy: checks 
eurosmile505: checks 
*** TURN *** [7c 7h Kc] [6d]
ProudDad2009: bets $0.40
kamakiguy: folds 
eurosmile505: calls $0.40
*** RIVER *** [7c 7h Kc 6d] [4s]
ProudDad2009: bets $0.73
eurosmile505: folds 
Uncalled bet ($0.73) returned to ProudDad2009
ProudDad2009 collected $1.36 from pot
*** SUMMARY ***
Total pot $1.42 | Rake $0.06 
Board [7c 7h Kc 6d 4s]
Seat 1: Dorex2007 folded before Flop (didn't bet)
Seat 2: FACCHETADE$ folded before Flop (didn't bet)
Seat 3: BlackWinegum folded before Flop (didn't bet)
Seat 4: eurosmile505 (button) folded on the River
Seat 6: mahspace (small blind) folded before Flop
Seat 7: ProudDad2009 (big blind) collected ($1.36)
Seat 8: Larry-s1980 folded before Flop (didn't bet)
Seat 9: kamakiguy folded on the Turn



PokerStars Hand #238333813896:  Hold'em No Limit ($0.02/$0.05 USD) - 2022/08/31 12:16:09 PT [2022/08/31 15:16:09 ET]
Table 'Odysseus' 9-max Seat #6 is the button
Seat 1: Dorex2007 ($5.17 in chips) 
Seat 2: FACCHETADE$ ($35.44 in chips) 
Seat 3: BlackWinegum ($4.84 in chips) 
Seat 4: eurosmile505 ($5.37 in chips) 
Seat 6: mahspace ($4.93 in chips) 
Seat 7: ProudDad2009 ($11.04 in chips) 
Seat 8: Larry-s1980 ($4.65 in chips) 
Seat 9: kamakiguy ($0.99 in chips) 
ProudDad2009: posts small blind $0.02
Larry-s1980: posts big blind $0.05
BluffOnTable: sits out 
*** HOLE CARDS ***
Dealt to Dorex2007 [Ah 2d]
kamakiguy: folds 
Dorex2007: folds 
FACCHETADE$: folds 
BlackWinegum: folds 
eurosmile505: folds 
mahspace: raises $0.10 to $0.15
ProudDad2009: folds 
Larry-s1980: folds 
Uncalled bet ($0.10) returned to mahspace
mahspace collected $0.12 from pot
mahspace: doesn't show hand 
*** SUMMARY ***
Total pot $0.12 | Rake $0 
Seat 1: Dorex2007 folded before Flop (didn't bet)
Seat 2: FACCHETADE$ folded before Flop (didn't bet)
Seat 3: BlackWinegum folded before Flop (didn't bet)
Seat 4: eurosmile505 folded before Flop (didn't bet)
Seat 6: mahspace (button) collected ($0.12)
Seat 7: ProudDad2009 (small blind) folded before Flop
Seat 8: Larry-s1980 (big blind) folded before Flop
Seat 9: kamakiguy folded before Flop (didn't bet)



PokerStars Hand #238333821636:  Hold'em No Limit ($0.02/$0.05 USD) - 2022/08/31 12:16:30 PT [2022/08/31 15:16:30 ET]
Table 'Odysseus' 9-max Seat #7 is the button
Seat 1: Dorex2007 ($5.17 in chips) 
Seat 2: FACCHETADE$ ($35.44 in chips) 
Seat 3: BlackWinegum ($4.84 in chips) 
Seat 4: eurosmile505 ($5.37 in chips) 
Seat 6: mahspace ($5 in chips) 
Seat 7: ProudDad2009 ($11.02 in chips) 
Seat 8: Larry-s1980 ($4.60 in chips) 
Seat 9: kamakiguy ($0.99 in chips) 
Larry-s1980: posts small blind $0.02
kamakiguy: posts big blind $0.05
BluffOnTable: sits out 
*** HOLE CARDS ***
Dealt to Dorex2007 [Td 3c]
Dorex2007: folds 
FACCHETADE$: folds 
BlackWinegum: folds 
eurosmile505: folds 
mahspace: folds 
ProudDad2009: raises $0.10 to $0.15
Larry-s1980: folds 
kamakiguy: folds 
Uncalled bet ($0.10) returned to ProudDad2009
ProudDad2009 collected $0.12 from pot
*** SUMMARY ***
Total pot $0.12 | Rake $0 
Seat 1: Dorex2007 folded before Flop (didn't bet)
Seat 2: FACCHETADE$ folded before Flop (didn't bet)
Seat 3: BlackWinegum folded before Flop (didn't bet)
Seat 4: eurosmile505 folded before Flop (didn't bet)
Seat 6: mahspace folded before Flop (didn't bet)
Seat 7: ProudDad2009 (button) collected ($0.12)
Seat 8: Larry-s1980 (small blind) folded before Flop
Seat 9: kamakiguy (big blind) folded before Flop



PokerStars Hand #238333829722:  Hold'em No Limit ($0.02/$0.05 USD) - 2022/08/31 12:16:53 PT [2022/08/31 15:16:53 ET]
Table 'Odysseus' 9-max Seat #8 is the button
Seat 1: Dorex2007 ($5.17 in chips) 
Seat 2: FACCHETADE$ ($35.44 in chips) 
Seat 3: BlackWinegum ($4.84 in chips) 
Seat 4: eurosmile505 ($5.37 in chips) 
Seat 6: mahspace ($5 in chips) 
Seat 7: ProudDad2009 ($11.09 in chips) 
Seat 8: Larry-s1980 ($4.58 in chips) 
Seat 9: kamakiguy ($0.94 in chips) 
kamakiguy: posts small blind $0.02
Dorex2007: posts big blind $0.05
BluffOnTable: sits out 
*** HOLE CARDS ***
Dealt to Dorex2007 [9h 9c]
FACCHETADE$: folds 
BlackWinegum: folds 
eurosmile505: folds 
mahspace: folds 
ProudDad2009: calls $0.05
Larry-s1980: folds 
kamakiguy: raises $0.15 to $0.20
Dorex2007: folds 
ProudDad2009: calls $0.15
*** FLOP *** [8c 4d Ts]
kamakiguy: checks 
ProudDad2009: bets $10.89 and is all-in
kamakiguy: calls $0.74 and is all-in
Uncalled bet ($10.15) returned to ProudDad2009
kamakiguy has timed out
*** TURN *** [8c 4d Ts] [8d]
*** RIVER *** [8c 4d Ts 8d] [4c]
*** SHOW DOWN ***
kamakiguy: shows [Qc Qs] (two pair, Queens and Eights)
ProudDad2009: shows [Ks Td] (two pair, Tens and Eights)
kamakiguy collected $1.83 from pot
*** SUMMARY ***
Total pot $1.93 | Rake $0.10 
Board [8c 4d Ts 8d 4c]
Seat 1: Dorex2007 (big blind) folded before Flop
Seat 2: FACCHETADE$ folded before Flop (didn't bet)
Seat 3: BlackWinegum folded before Flop (didn't bet)
Seat 4: eurosmile505 folded before Flop (didn't bet)
Seat 6: mahspace folded before Flop (didn't bet)
Seat 7: ProudDad2009 showed [Ks Td] and lost with two pair, Tens and Eights
Seat 8: Larry-s1980 (button) folded before Flop (didn't bet)
Seat 9: kamakiguy (small blind) showed [Qc Qs] and won ($1.83) with two pair, Queens and Eights



PokerStars Hand #238333852493:  Hold'em No Limit ($0.02/$0.05 USD) - 2022/08/31 12:17:56 PT [2022/08/31 15:17:56 ET]
Table 'Odysseus' 9-max Seat #9 is the button
Seat 1: Dorex2007 ($5.12 in chips) 
Seat 2: FACCHETADE$ ($35.44 in chips) 
Seat 3: BlackWinegum ($4.84 in chips) 
Seat 4: eurosmile505 ($5.37 in chips) 
Seat 6: mahspace ($5 in chips) 
Seat 7: ProudDad2009 ($10.15 in chips) 
Seat 8: Larry-s1980 ($4.58 in chips) 
Seat 9: kamakiguy ($1.83 in chips) 
Dorex2007: posts small blind $0.02
FACCHETADE$: posts big blind $0.05
BluffOnTable: sits out 
*** HOLE CARDS ***
Dealt to Dorex2007 [9s Th]
BlackWinegum: folds 
eurosmile505: raises $0.07 to $0.12
mahspace: folds 
ProudDad2009: folds 
Larry-s1980: folds 
kamakiguy: calls $0.12
Dorex2007: folds 
FACCHETADE$: folds 
*** FLOP *** [Ad 2s As]
eurosmile505: checks 
kamakiguy: bets $0.15
eurosmile505: calls $0.15
*** TURN *** [Ad 2s As] [Jh]
eurosmile505: checks 
kamakiguy: checks 
*** RIVER *** [Ad 2s As Jh] [8c]
eurosmile505: checks 
kamakiguy: checks 
*** SHOW DOWN ***
eurosmile505: shows [Qh Ks] (a pair of Aces)
kamakiguy: shows [6s 6d] (two pair, Aces and Sixes)
kamakiguy collected $0.57 from pot
*** SUMMARY ***
Total pot $0.61 | Rake $0.04 
Board [Ad 2s As Jh 8c]
Seat 1: Dorex2007 (small blind) folded before Flop
Seat 2: FACCHETADE$ (big blind) folded before Flop
Seat 3: BlackWinegum folded before Flop (didn't bet)
Seat 4: eurosmile505 showed [Qh Ks] and lost with a pair of Aces
Seat 6: mahspace folded before Flop (didn't bet)
Seat 7: ProudDad2009 folded before Flop (didn't bet)
Seat 8: Larry-s1980 folded before Flop (didn't bet)
Seat 9: kamakiguy (button) showed [6s 6d] and won ($0.57) with two pair, Aces and Sixes



PokerStars Hand #238333884765:  Hold'em No Limit ($0.02/$0.05 USD) - 2022/08/31 12:19:25 PT [2022/08/31 15:19:25 ET]
Table 'Odysseus' 9-max Seat #3 is the button
Seat 1: Dorex2007 ($5.10 in chips) 
Seat 2: FACCHETADE$ ($35.39 in chips) 
Seat 3: BlackWinegum ($4.89 in chips) 
Seat 4: eurosmile505 ($5.05 in chips) 
Seat 5: BluffOnTable ($5 in chips) 
Seat 6: mahspace ($5 in chips) 
Seat 7: ProudDad2009 ($10.15 in chips) 
Seat 8: Larry-s1980 ($4.58 in chips) 
Seat 9: kamakiguy ($2.13 in chips) 
eurosmile505: posts small blind $0.02
BluffOnTable: posts big blind $0.05
*** HOLE CARDS ***
Dealt to Dorex2007 [7h Jh]
mahspace: folds 
ProudDad2009: folds 
Larry-s1980: folds 
kamakiguy: folds 
Dorex2007: folds 
FACCHETADE$: folds 
BlackWinegum: folds 
eurosmile505: folds 
Uncalled bet ($0.03) returned to BluffOnTable
BluffOnTable collected $0.04 from pot
BluffOnTable: doesn't show hand 
*** SUMMARY ***
Total pot $0.04 | Rake $0 
Seat 1: Dorex2007 folded before Flop (didn't bet)
Seat 2: FACCHETADE$ folded before Flop (didn't bet)
Seat 3: BlackWinegum (button) folded before Flop (didn't bet)
Seat 4: eurosmile505 (small blind) folded before Flop
Seat 5: BluffOnTable (big blind) collected ($0.04)
Seat 6: mahspace folded before Flop (didn't bet)
Seat 7: ProudDad2009 folded before Flop (didn't bet)
Seat 8: Larry-s1980 folded before Flop (didn't bet)
Seat 9: kamakiguy folded before Flop (didn't bet)



PokerStars Hand #238333895676:  Hold'em No Limit ($0.02/$0.05 USD) - 2022/08/31 12:19:54 PT [2022/08/31 15:19:54 ET]
Table 'Odysseus' 9-max Seat #4 is the button
Seat 1: Dorex2007 ($5.10 in chips) 
Seat 2: FACCHETADE$ ($35.39 in chips) 
Seat 3: BlackWinegum ($4.89 in chips) 
Seat 4: eurosmile505 ($5.03 in chips) 
Seat 5: BluffOnTable ($5.02 in chips) 
Seat 7: ProudDad2009 ($10.15 in chips) 
Seat 8: Larry-s1980 ($4.58 in chips) 
Seat 9: kamakiguy ($2.13 in chips) 
BluffOnTable: posts small blind $0.02
ProudDad2009: posts big blind $0.05
*** HOLE CARDS ***
Dealt to Dorex2007 [Tc Qh]
Larry-s1980: folds 
kamakiguy: calls $0.05
Dorex2007: folds 
FACCHETADE$: folds 
BlackWinegum: folds 
eurosmile505: folds 
BluffOnTable: folds 
ProudDad2009: checks 
*** FLOP *** [8h 8c 9h]
ProudDad2009: checks 
kamakiguy: checks 
*** TURN *** [8h 8c 9h] [4d]
ProudDad2009: checks 
kamakiguy: checks 
*** RIVER *** [8h 8c 9h 4d] [Ad]
ProudDad2009: checks 
kamakiguy: checks 
*** SHOW DOWN ***
ProudDad2009: shows [7s 2d] (a pair of Eights)
kamakiguy: shows [2h 2s] (two pair, Eights and Deuces)
kamakiguy collected $0.12 from pot
*** SUMMARY ***
Total pot $0.12 | Rake $0 
Board [8h 8c 9h 4d Ad]
Seat 1: Dorex2007 folded before Flop (didn't bet)
Seat 2: FACCHETADE$ folded before Flop (didn't bet)
Seat 3: BlackWinegum folded before Flop (didn't bet)
Seat 4: eurosmile505 (button) folded before Flop (didn't bet)
Seat 5: BluffOnTable (small blind) folded before Flop
Seat 7: ProudDad2009 (big blind) showed [7s 2d] and lost with a pair of Eights
Seat 8: Larry-s1980 folded before Flop (didn't bet)
Seat 9: kamakiguy showed [2h 2s] and won ($0.12) with two pair, Eights and Deuces



PokerStars Hand #238333908784:  Hold'em No Limit ($0.02/$0.05 USD) - 2022/08/31 12:20:30 PT [2022/08/31 15:20:30 ET]
Table 'Odysseus' 9-max Seat #5 is the button
Seat 1: Dorex2007 ($5.10 in chips) 
Seat 2: FACCHETADE$ ($35.39 in chips) 
Seat 3: BlackWinegum ($4.89 in chips) 
Seat 4: eurosmile505 ($5.03 in chips) 
Seat 5: BluffOnTable ($5 in chips) 
Seat 7: ProudDad2009 ($10.10 in chips) 
Seat 8: Larry-s1980 ($4.58 in chips) 
Seat 9: kamakiguy ($2.20 in chips) 
ProudDad2009: posts small blind $0.02
Larry-s1980: posts big blind $0.05
*** HOLE CARDS ***
Dealt to Dorex2007 [6h Ts]
kamakiguy: folds 
Dorex2007: folds 
FACCHETADE$: folds 
BlackWinegum: folds 
eurosmile505: calls $0.05
BluffOnTable: calls $0.05
ProudDad2009: raises $0.15 to $0.20
Larry-s1980: calls $0.15
eurosmile505: calls $0.15
BluffOnTable: calls $0.15
*** FLOP *** [6s 2s 4h]
ProudDad2009: bets $0.40
Larry-s1980: calls $0.40
eurosmile505: raises $1.26 to $1.66
BluffOnTable: folds 
ProudDad2009: folds 
Larry-s1980: calls $1.26
*** TURN *** [6s 2s 4h] [5d]
Larry-s1980: checks 
eurosmile505: checks 
*** RIVER *** [6s 2s 4h 5d] [Qs]
Larry-s1980: bets $2.16
eurosmile505: calls $2.16
*** SHOW DOWN ***
Larry-s1980: shows [9s As] (a flush, Ace high)
eurosmile505: mucks hand 
Larry-s1980 collected $8.47 from pot
*** SUMMARY ***
Total pot $8.84 | Rake $0.37 
Board [6s 2s 4h 5d Qs]
Seat 1: Dorex2007 folded before Flop (didn't bet)
Seat 2: FACCHETADE$ folded before Flop (didn't bet)
Seat 3: BlackWinegum folded before Flop (didn't bet)
Seat 4: eurosmile505 mucked [2h 2d]
Seat 5: BluffOnTable (button) folded on the Flop
Seat 7: ProudDad2009 (small blind) folded on the Flop
Seat 8: Larry-s1980 (big blind) showed [9s As] and won ($8.47) with a flush, Ace high
Seat 9: kamakiguy folded before Flop (didn't bet)



PokerStars Hand #238333942695:  Hold'em No Limit ($0.02/$0.05 USD) - 2022/08/31 12:22:04 PT [2022/08/31 15:22:04 ET]
Table 'Odysseus' 9-max Seat #7 is the button
Seat 1: Dorex2007 ($5.10 in chips) 
Seat 2: FACCHETADE$ ($35.39 in chips) 
Seat 3: BlackWinegum ($4.89 in chips) 
Seat 4: eurosmile505 ($5 in chips) 
Seat 5: BluffOnTable ($5 in chips) 
Seat 7: ProudDad2009 ($9.50 in chips) 
Seat 8: Larry-s1980 ($9.03 in chips) 
Seat 9: kamakiguy ($2.20 in chips) 
Larry-s1980: posts small blind $0.02
kamakiguy: posts big blind $0.05
mahspace: sits out 
*** HOLE CARDS ***
Dealt to Dorex2007 [Jd Ts]
Dorex2007: folds 
FACCHETADE$: folds 
BlackWinegum: folds 
eurosmile505: folds 
BluffOnTable: folds 
ProudDad2009 has timed out
ProudDad2009: folds 
Larry-s1980: raises $0.07 to $0.12
kamakiguy: folds 
Uncalled bet ($0.07) returned to Larry-s1980
Larry-s1980 collected $0.10 from pot
Larry-s1980: doesn't show hand 
*** SUMMARY ***
Total pot $0.10 | Rake $0 
Seat 1: Dorex2007 folded before Flop (didn't bet)
Seat 2: FACCHETADE$ folded before Flop (didn't bet)
Seat 3: BlackWinegum folded before Flop (didn't bet)
Seat 4: eurosmile505 folded before Flop (didn't bet)
Seat 5: BluffOnTable folded before Flop (didn't bet)
Seat 7: ProudDad2009 (button) folded before Flop (didn't bet)
Seat 8: Larry-s1980 (small blind) collected ($0.10)
Seat 9: kamakiguy (big blind) folded before Flop



PokerStars Hand #238333954518:  Hold'em No Limit ($0.02/$0.05 USD) - 2022/08/31 12:22:37 PT [2022/08/31 15:22:37 ET]
Table 'Odysseus' 9-max Seat #8 is the button
Seat 1: Dorex2007 ($5.10 in chips) 
Seat 2: FACCHETADE$ ($35.39 in chips) 
Seat 3: BlackWinegum ($4.89 in chips) 
Seat 4: eurosmile505 ($5 in chips) 
Seat 5: BluffOnTable ($5 in chips) 
Seat 7: ProudDad2009 ($9.50 in chips) 
Seat 8: Larry-s1980 ($9.08 in chips) 
Seat 9: kamakiguy ($2.15 in chips) 
kamakiguy: posts small blind $0.02
Dorex2007: posts big blind $0.05
mahspace: sits out 
*** HOLE CARDS ***
Dealt to Dorex2007 [Ac 4s]
FACCHETADE$: folds 
BlackWinegum: folds 
eurosmile505: folds 
BluffOnTable: raises $0.10 to $0.15
ProudDad2009: folds 
Larry-s1980: folds 
kamakiguy: folds 
Dorex2007: folds 
Uncalled bet ($0.10) returned to BluffOnTable
BluffOnTable collected $0.12 from pot
BluffOnTable: doesn't show hand 
*** SUMMARY ***
Total pot $0.12 | Rake $0 
Seat 1: Dorex2007 (big blind) folded before Flop
Seat 2: FACCHETADE$ folded before Flop (didn't bet)
Seat 3: BlackWinegum folded before Flop (didn't bet)
Seat 4: eurosmile505 folded before Flop (didn't bet)
Seat 5: BluffOnTable collected ($0.12)
Seat 7: ProudDad2009 folded before Flop (didn't bet)
Seat 8: Larry-s1980 (button) folded before Flop (didn't bet)
Seat 9: kamakiguy (small blind) folded before Flop



PokerStars Hand #238333964615:  Hold'em No Limit ($0.02/$0.05 USD) - 2022/08/31 12:23:04 PT [2022/08/31 15:23:04 ET]
Table 'Odysseus' 9-max Seat #9 is the button
Seat 1: Dorex2007 ($5.05 in chips) 
Seat 2: FACCHETADE$ ($35.39 in chips) 
Seat 3: BlackWinegum ($4.89 in chips) 
Seat 4: eurosmile505 ($5 in chips) 
Seat 5: BluffOnTable ($5.07 in chips) 
Seat 7: ProudDad2009 ($9.50 in chips) 
Seat 8: Larry-s1980 ($9.08 in chips) 
Seat 9: kamakiguy ($2.13 in chips) 
Dorex2007: posts small blind $0.02
FACCHETADE$: posts big blind $0.05
mahspace: sits out 
*** HOLE CARDS ***
Dealt to Dorex2007 [4h Kh]
BlackWinegum: folds 
eurosmile505: raises $0.07 to $0.12
BluffOnTable: folds 
ProudDad2009: raises $0.36 to $0.48
Larry-s1980: folds 
kamakiguy: folds 
Dorex2007: folds 
FACCHETADE$: folds 
eurosmile505: calls $0.36
*** FLOP *** [As Kd Qs]
eurosmile505: checks 
ProudDad2009: bets $0.35
eurosmile505: calls $0.35
*** TURN *** [As Kd Qs] [7c]
eurosmile505: checks 
ProudDad2009: checks 
*** RIVER *** [As Kd Qs 7c] [3h]
eurosmile505: checks 
ProudDad2009: checks 
*** SHOW DOWN ***
eurosmile505: shows [Jc Ad] (a pair of Aces)
ProudDad2009: mucks hand 
eurosmile505 collected $1.66 from pot
*** SUMMARY ***
Total pot $1.73 | Rake $0.07 
Board [As Kd Qs 7c 3h]
Seat 1: Dorex2007 (small blind) folded before Flop
Seat 2: FACCHETADE$ (big blind) folded before Flop
Seat 3: BlackWinegum folded before Flop (didn't bet)
Seat 4: eurosmile505 showed [Jc Ad] and won ($1.66) with a pair of Aces
Seat 5: BluffOnTable folded before Flop (didn't bet)
Seat 7: ProudDad2009 mucked [Ts Th]
Seat 8: Larry-s1980 folded before Flop (didn't bet)
Seat 9: kamakiguy (button) folded before Flop (didn't bet)



PokerStars Hand #238333987667:  Hold'em No Limit ($0.02/$0.05 USD) - 2022/08/31 12:24:08 PT [2022/08/31 15:24:08 ET]
Table 'Odysseus' 9-max Seat #1 is the button
Seat 1: Dorex2007 ($5.03 in chips) 
Seat 2: FACCHETADE$ ($35.34 in chips) 
Seat 3: BlackWinegum ($4.89 in chips) 
Seat 4: eurosmile505 ($5.83 in chips) 
Seat 5: BluffOnTable ($5.07 in chips) 
Seat 7: ProudDad2009 ($8.67 in chips) 
Seat 8: Larry-s1980 ($9.08 in chips) 
Seat 9: kamakiguy ($2.13 in chips) 
FACCHETADE$: posts small blind $0.02
BlackWinegum: posts big blind $0.05
mahspace: sits out 
*** HOLE CARDS ***
Dealt to Dorex2007 [7s Tc]
eurosmile505: folds 
BluffOnTable: folds 
ProudDad2009: raises $0.10 to $0.15
Larry-s1980: folds 
kamakiguy: folds 
Dorex2007: folds 
FACCHETADE$: folds 
BlackWinegum: folds 
Uncalled bet ($0.10) returned to ProudDad2009
ProudDad2009 collected $0.12 from pot
*** SUMMARY ***
Total pot $0.12 | Rake $0 
Seat 1: Dorex2007 (button) folded before Flop (didn't bet)
Seat 2: FACCHETADE$ (small blind) folded before Flop
Seat 3: BlackWinegum (big blind) folded before Flop
Seat 4: eurosmile505 folded before Flop (didn't bet)
Seat 5: BluffOnTable folded before Flop (didn't bet)
Seat 7: ProudDad2009 collected ($0.12)
Seat 8: Larry-s1980 folded before Flop (didn't bet)
Seat 9: kamakiguy folded before Flop (didn't bet)



PokerStars Hand #238333998163:  Hold'em No Limit ($0.02/$0.05 USD) - 2022/08/31 12:24:36 PT [2022/08/31 15:24:36 ET]
Table 'Odysseus' 9-max Seat #2 is the button
Seat 1: Dorex2007 ($5.03 in chips) 
Seat 2: FACCHETADE$ ($35.32 in chips) 
Seat 3: BlackWinegum ($4.84 in chips) 
Seat 4: eurosmile505 ($5.83 in chips) 
Seat 5: BluffOnTable ($5.07 in chips) 
Seat 7: ProudDad2009 ($8.74 in chips) 
Seat 8: Larry-s1980 ($9.08 in chips) 
Seat 9: kamakiguy ($2.13 in chips) 
BlackWinegum: posts small blind $0.02
eurosmile505: posts big blind $0.05
mahspace: sits out 
*** HOLE CARDS ***
Dealt to Dorex2007 [4d Kd]
BluffOnTable: folds 
ProudDad2009: folds 
Larry-s1980: folds 
kamakiguy: calls $0.05
Dorex2007: folds 
FACCHETADE$: folds 
BlackWinegum: calls $0.03
eurosmile505: checks 
*** FLOP *** [3d Th 6s]
BlackWinegum: checks 
eurosmile505: checks 
kamakiguy: checks 
*** TURN *** [3d Th 6s] [7s]
BlackWinegum: checks 
eurosmile505: checks 
kamakiguy: checks 
*** RIVER *** [3d Th 6s 7s] [Qh]
BlackWinegum: bets $0.14
eurosmile505: folds 
kamakiguy: folds 
Uncalled bet ($0.14) returned to BlackWinegum
BlackWinegum collected $0.14 from pot
BlackWinegum: doesn't show hand 
*** SUMMARY ***
Total pot $0.15 | Rake $0.01 
Board [3d Th 6s 7s Qh]
Seat 1: Dorex2007 folded before Flop (didn't bet)
Seat 2: FACCHETADE$ (button) folded before Flop (didn't bet)
Seat 3: BlackWinegum (small blind) collected ($0.14)
Seat 4: eurosmile505 (big blind) folded on the River
Seat 5: BluffOnTable folded before Flop (didn't bet)
Seat 7: ProudDad2009 folded before Flop (didn't bet)
Seat 8: Larry-s1980 folded before Flop (didn't bet)
Seat 9: kamakiguy folded on the River



PokerStars Hand #238334020262:  Hold'em No Limit ($0.02/$0.05 USD) - 2022/08/31 12:25:37 PT [2022/08/31 15:25:37 ET]
Table 'Odysseus' 9-max Seat #3 is the button
Seat 1: Dorex2007 ($5.03 in chips) 
Seat 2: FACCHETADE$ ($35.32 in chips) 
Seat 3: BlackWinegum ($4.93 in chips) 
Seat 4: eurosmile505 ($5.78 in chips) 
Seat 5: BluffOnTable ($5.07 in chips) 
Seat 7: ProudDad2009 ($8.74 in chips) 
Seat 8: Larry-s1980 ($9.08 in chips) 
Seat 9: kamakiguy ($2.08 in chips) 
eurosmile505: posts small blind $0.02
BluffOnTable: posts big blind $0.05
mahspace: sits out 
*** HOLE CARDS ***
Dealt to Dorex2007 [3c 2c]
ProudDad2009: calls $0.05
Larry-s1980: folds 
kamakiguy: raises $0.10 to $0.15
Dorex2007: folds 
FACCHETADE$: folds 
BlackWinegum: folds 
eurosmile505: folds 
BluffOnTable: folds 
ProudDad2009: calls $0.10
*** FLOP *** [5s 3d 9h]
ProudDad2009: checks 
kamakiguy: checks 
*** TURN *** [5s 3d 9h] [Th]
ProudDad2009: bets $0.15
kamakiguy: folds 
Uncalled bet ($0.15) returned to ProudDad2009
ProudDad2009 collected $0.35 from pot
*** SUMMARY ***
Total pot $0.37 | Rake $0.02 
Board [5s 3d 9h Th]
Seat 1: Dorex2007 folded before Flop (didn't bet)
Seat 2: FACCHETADE$ folded before Flop (didn't bet)
Seat 3: BlackWinegum (button) folded before Flop (didn't bet)
Seat 4: eurosmile505 (small blind) folded before Flop
Seat 5: BluffOnTable (big blind) folded before Flop
Seat 7: ProudDad2009 collected ($0.35)
Seat 8: Larry-s1980 folded before Flop (didn't bet)
Seat 9: kamakiguy folded on the Turn



PokerStars Hand #238334033740:  Hold'em No Limit ($0.02/$0.05 USD) - 2022/08/31 12:26:15 PT [2022/08/31 15:26:15 ET]
Table 'Odysseus' 9-max Seat #4 is the button
Seat 1: Dorex2007 ($5.03 in chips) 
Seat 2: FACCHETADE$ ($35.32 in chips) 
Seat 3: BlackWinegum ($4.93 in chips) 
Seat 4: eurosmile505 ($5.76 in chips) 
Seat 5: BluffOnTable ($5.02 in chips) 
Seat 6: mahspace ($5 in chips) 
Seat 7: ProudDad2009 ($8.94 in chips) 
Seat 8: Larry-s1980 ($9.08 in chips) 
Seat 9: kamakiguy ($1.93 in chips) 
BluffOnTable: posts small blind $0.02
mahspace: posts big blind $0.05
*** HOLE CARDS ***
Dealt to Dorex2007 [3d 8h]
ProudDad2009: folds 
Larry-s1980: folds 
kamakiguy: folds 
Dorex2007: folds 
FACCHETADE$: folds 
BlackWinegum: folds 
eurosmile505: folds 
BluffOnTable: folds 
Uncalled bet ($0.03) returned to mahspace
mahspace collected $0.04 from pot
mahspace: doesn't show hand 
*** SUMMARY ***
Total pot $0.04 | Rake $0 
Seat 1: Dorex2007 folded before Flop (didn't bet)
Seat 2: FACCHETADE$ folded before Flop (didn't bet)
Seat 3: BlackWinegum folded before Flop (didn't bet)
Seat 4: eurosmile505 (button) folded before Flop (didn't bet)
Seat 5: BluffOnTable (small blind) folded before Flop
Seat 6: mahspace (big blind) collected ($0.04)
Seat 7: ProudDad2009 folded before Flop (didn't bet)
Seat 8: Larry-s1980 folded before Flop (didn't bet)
Seat 9: kamakiguy folded before Flop (didn't bet)



PokerStars Hand #238334040269:  Hold'em No Limit ($0.02/$0.05 USD) - 2022/08/31 12:26:33 PT [2022/08/31 15:26:33 ET]
Table 'Odysseus' 9-max Seat #5 is the button
Seat 1: Dorex2007 ($5.03 in chips) 
Seat 2: FACCHETADE$ ($35.32 in chips) 
Seat 3: BlackWinegum ($4.93 in chips) 
Seat 4: eurosmile505 ($5.76 in chips) 
Seat 5: BluffOnTable ($5 in chips) 
Seat 6: mahspace ($5.02 in chips) 
Seat 7: ProudDad2009 ($8.94 in chips) 
Seat 8: Larry-s1980 ($9.08 in chips) 
Seat 9: kamakiguy ($1.93 in chips) 
mahspace: posts small blind $0.02
ProudDad2009: posts big blind $0.05
*** HOLE CARDS ***
Dealt to Dorex2007 [Ac 7s]
Larry-s1980: folds 
kamakiguy: folds 
Dorex2007: folds 
FACCHETADE$: folds 
BlackWinegum: folds 
eurosmile505: folds 
BluffOnTable: folds 
mahspace: folds 
Uncalled bet ($0.03) returned to ProudDad2009
ProudDad2009 collected $0.04 from pot
*** SUMMARY ***
Total pot $0.04 | Rake $0 
Seat 1: Dorex2007 folded before Flop (didn't bet)
Seat 2: FACCHETADE$ folded before Flop (didn't bet)
Seat 3: BlackWinegum folded before Flop (didn't bet)
Seat 4: eurosmile505 folded before Flop (didn't bet)
Seat 5: BluffOnTable (button) folded before Flop (didn't bet)
Seat 6: mahspace (small blind) folded before Flop
Seat 7: ProudDad2009 (big blind) collected ($0.04)
Seat 8: Larry-s1980 folded before Flop (didn't bet)
Seat 9: kamakiguy folded before Flop (didn't bet)



PokerStars Hand #238334048468:  Hold'em No Limit ($0.02/$0.05 USD) - 2022/08/31 12:26:55 PT [2022/08/31 15:26:55 ET]
Table 'Odysseus' 9-max Seat #6 is the button
Seat 1: Dorex2007 ($5.03 in chips) 
Seat 2: FACCHETADE$ ($35.32 in chips) 
Seat 3: BlackWinegum ($4.93 in chips) 
Seat 4: eurosmile505 ($5.76 in chips) 
Seat 5: BluffOnTable ($5 in chips) 
Seat 6: mahspace ($5 in chips) 
Seat 7: ProudDad2009 ($8.96 in chips) 
Seat 8: Larry-s1980 ($9.08 in chips) 
Seat 9: kamakiguy ($1.93 in chips) 
ProudDad2009: posts small blind $0.02
Larry-s1980: posts big blind $0.05
*** HOLE CARDS ***
Dealt to Dorex2007 [5d 5s]
kamakiguy: folds 
Dorex2007: calls $0.05
kamakiguy leaves the table
FACCHETADE$: folds 
BlackWinegum: raises $0.10 to $0.15
eurosmile505: folds 
BluffOnTable: calls $0.15
mahspace: folds 
ProudDad2009: calls $0.13
Larry-s1980: calls $0.10
Dorex2007: calls $0.10
*** FLOP *** [7s 2d Th]
ProudDad2009: checks 
Larry-s1980: bets $0.36
Dorex2007: folds 
BlackWinegum: folds 
BluffOnTable: folds 
ProudDad2009: folds 
Uncalled bet ($0.36) returned to Larry-s1980
Larry-s1980 collected $0.72 from pot
Larry-s1980: doesn't show hand 
*** SUMMARY ***
Total pot $0.75 | Rake $0.03 
Board [7s 2d Th]
Seat 1: Dorex2007 folded on the Flop
Seat 2: FACCHETADE$ folded before Flop (didn't bet)
Seat 3: BlackWinegum folded on the Flop
Seat 4: eurosmile505 folded before Flop (didn't bet)
Seat 5: BluffOnTable folded on the Flop
Seat 6: mahspace (button) folded before Flop (didn't bet)
Seat 7: ProudDad2009 (small blind) folded on the Flop
Seat 8: Larry-s1980 (big blind) collected ($0.72)
Seat 9: kamakiguy folded before Flop (didn't bet)



PokerStars Hand #238334071227:  Hold'em No Limit ($0.02/$0.05 USD) - 2022/08/31 12:27:58 PT [2022/08/31 15:27:58 ET]
Table 'Odysseus' 9-max Seat #7 is the button
Seat 1: Dorex2007 ($5 in chips) 
Seat 2: FACCHETADE$ ($35.32 in chips) 
Seat 3: BlackWinegum ($4.78 in chips) 
Seat 4: eurosmile505 ($5.76 in chips) 
Seat 5: BluffOnTable ($5 in chips) 
Seat 6: mahspace ($5 in chips) 
Seat 7: ProudDad2009 ($8.81 in chips) 
Seat 8: Larry-s1980 ($9.65 in chips) 
Larry-s1980: posts small blind $0.02
Dorex2007: posts big blind $0.05
*** HOLE CARDS ***
Dealt to Dorex2007 [Ts Kc]
FACCHETADE$: folds 
BlackWinegum: folds 
eurosmile505: folds 
BluffOnTable: folds 
mahspace: folds 
ProudDad2009: calls $0.05
Larry-s1980: folds 
Dorex2007: checks 
*** FLOP *** [Th 6s Ac]
Dorex2007: checks 
laurentiu.ror joins the table at seat #9 
ProudDad2009: checks 
*** TURN *** [Th 6s Ac] [5d]
Dorex2007: checks 
ProudDad2009: bets $0.06
Dorex2007: calls $0.06
*** RIVER *** [Th 6s Ac 5d] [8h]
Dorex2007: bets $0.11
ProudDad2009: calls $0.11
*** SHOW DOWN ***
Dorex2007: shows [Ts Kc] (a pair of Tens)
ProudDad2009: mucks hand 
Dorex2007 collected $0.44 from pot
*** SUMMARY ***
Total pot $0.46 | Rake $0.02 
Board [Th 6s Ac 5d 8h]
Seat 1: Dorex2007 (big blind) showed [Ts Kc] and won ($0.44) with a pair of Tens
Seat 2: FACCHETADE$ folded before Flop (didn't bet)
Seat 3: BlackWinegum folded before Flop (didn't bet)
Seat 4: eurosmile505 folded before Flop (didn't bet)
Seat 5: BluffOnTable folded before Flop (didn't bet)
Seat 6: mahspace folded before Flop (didn't bet)
Seat 7: ProudDad2009 (button) mucked [Jh Tc]
Seat 8: Larry-s1980 (small blind) folded before Flop



PokerStars Hand #238334082826:  Hold'em No Limit ($0.02/$0.05 USD) - 2022/08/31 12:28:30 PT [2022/08/31 15:28:30 ET]
Table 'Odysseus' 9-max Seat #8 is the button
Seat 1: Dorex2007 ($5.22 in chips) 
Seat 2: FACCHETADE$ ($35.32 in chips) 
Seat 3: BlackWinegum ($4.78 in chips) 
Seat 4: eurosmile505 ($5.76 in chips) 
Seat 5: BluffOnTable ($5 in chips) 
Seat 6: mahspace ($5 in chips) 
Seat 7: ProudDad2009 ($8.59 in chips) 
Seat 8: Larry-s1980 ($9.63 in chips) 
Dorex2007: posts small blind $0.02
FACCHETADE$: posts big blind $0.05
*** HOLE CARDS ***
Dealt to Dorex2007 [Kc Ah]
BlackWinegum: folds 
eurosmile505: folds 
BluffOnTable: folds 
mahspace: raises $0.10 to $0.15
ProudDad2009: calls $0.15
Larry-s1980: folds 
Dorex2007: calls $0.13
FACCHETADE$: folds 
*** FLOP *** [As 2s 3c]
Dorex2007: checks 
mahspace: bets $0.29
ProudDad2009: folds 
laurentiu.ror leaves the table
Dorex2007: raises $1.06 to $1.35
mahspace: calls $1.06
*** TURN *** [As 2s 3c] [4d]
Jaguar78917 joins the table at seat #9 
Dorex2007: bets $3.72 and is all-in
mahspace: folds 
Uncalled bet ($3.72) returned to Dorex2007
Dorex2007 collected $3.07 from pot
Dorex2007: doesn't show hand 
*** SUMMARY ***
Total pot $3.20 | Rake $0.13 
Board [As 2s 3c 4d]
Seat 1: Dorex2007 (small blind) collected ($3.07)
Seat 2: FACCHETADE$ (big blind) folded before Flop
Seat 3: BlackWinegum folded before Flop (didn't bet)
Seat 4: eurosmile505 folded before Flop (didn't bet)
Seat 5: BluffOnTable folded before Flop (didn't bet)
Seat 6: mahspace folded on the Turn
Seat 7: ProudDad2009 folded on the Flop
Seat 8: Larry-s1980 (button) folded before Flop (didn't bet)



PokerStars Hand #238334102050:  Hold'em No Limit ($0.02/$0.05 USD) - 2022/08/31 12:29:23 PT [2022/08/31 15:29:23 ET]
Table 'Odysseus' 9-max Seat #1 is the button
Seat 1: Dorex2007 ($6.79 in chips) 
Seat 2: FACCHETADE$ ($35.27 in chips) 
Seat 3: BlackWinegum ($4.78 in chips) 
Seat 4: eurosmile505 ($5.76 in chips) 
Seat 5: BluffOnTable ($5 in chips) 
Seat 6: mahspace ($3.50 in chips) 
Seat 7: ProudDad2009 ($8.44 in chips) 
Seat 8: Larry-s1980 ($9.63 in chips) 
FACCHETADE$: posts small blind $0.02
BlackWinegum: posts big blind $0.05
Jaguar78917: sits out 
*** HOLE CARDS ***
Dealt to Dorex2007 [Qs 9s]
eurosmile505: folds 
BluffOnTable: folds 
mahspace: folds 
ProudDad2009: raises $0.10 to $0.15
Larry-s1980: folds 
Dorex2007: folds 
FACCHETADE$: calls $0.13
BlackWinegum: folds 
*** FLOP *** [8s 8c 5d]
FACCHETADE$: checks 
ProudDad2009: bets $0.20
FACCHETADE$: folds 
Uncalled bet ($0.20) returned to ProudDad2009
ProudDad2009 collected $0.34 from pot
*** SUMMARY ***
Total pot $0.35 | Rake $0.01 
Board [8s 8c 5d]
Seat 1: Dorex2007 (button) folded before Flop (didn't bet)
Seat 2: FACCHETADE$ (small blind) folded on the Flop
Seat 3: BlackWinegum (big blind) folded before Flop
Seat 4: eurosmile505 folded before Flop (didn't bet)
Seat 5: BluffOnTable folded before Flop (didn't bet)
Seat 6: mahspace folded before Flop (didn't bet)
Seat 7: ProudDad2009 collected ($0.34)
Seat 8: Larry-s1980 folded before Flop (didn't bet)



PokerStars Hand #238334111962:  Hold'em No Limit ($0.02/$0.05 USD) - 2022/08/31 12:29:51 PT [2022/08/31 15:29:51 ET]
Table 'Odysseus' 9-max Seat #2 is the button
Seat 1: Dorex2007 ($6.79 in chips) 
Seat 2: FACCHETADE$ ($35.12 in chips) 
Seat 3: BlackWinegum ($4.73 in chips) 
Seat 4: eurosmile505 ($5.76 in chips) 
Seat 5: BluffOnTable ($5 in chips) 
Seat 6: mahspace ($3.50 in chips) 
Seat 7: ProudDad2009 ($8.63 in chips) 
Seat 8: Larry-s1980 ($9.63 in chips) 
BlackWinegum: posts small blind $0.02
eurosmile505: posts big blind $0.05
Jaguar78917: sits out 
*** HOLE CARDS ***
Dealt to Dorex2007 [Jc 3d]
BluffOnTable: folds 
mahspace: folds 
ProudDad2009: raises $0.10 to $0.15
Larry-s1980: folds 
Dorex2007: folds 
FACCHETADE$: calls $0.15
BlackWinegum: folds 
eurosmile505: folds 
*** FLOP *** [6c 9h Tc]
ProudDad2009: checks 
FACCHETADE$: bets $34.97 and is all-in
ProudDad2009: folds 
Uncalled bet ($34.97) returned to FACCHETADE$
FACCHETADE$ collected $0.35 from pot
*** SUMMARY ***
Total pot $0.37 | Rake $0.02 
Board [6c 9h Tc]
Seat 1: Dorex2007 folded before Flop (didn't bet)
Seat 2: FACCHETADE$ (button) collected ($0.35)
Seat 3: BlackWinegum (small blind) folded before Flop
Seat 4: eurosmile505 (big blind) folded before Flop
Seat 5: BluffOnTable folded before Flop (didn't bet)
Seat 6: mahspace folded before Flop (didn't bet)
Seat 7: ProudDad2009 folded on the Flop
Seat 8: Larry-s1980 folded before Flop (didn't bet)



PokerStars Hand #238334121423:  Hold'em No Limit ($0.02/$0.05 USD) - 2022/08/31 12:30:17 PT [2022/08/31 15:30:17 ET]
Table 'Odysseus' 9-max Seat #3 is the button
Seat 1: Dorex2007 ($6.79 in chips) 
Seat 2: FACCHETADE$ ($35.32 in chips) 
Seat 3: BlackWinegum ($4.71 in chips) 
Seat 4: eurosmile505 ($5.71 in chips) 
Seat 6: mahspace ($3.50 in chips) 
Seat 7: ProudDad2009 ($8.48 in chips) 
Seat 8: Larry-s1980 ($9.63 in chips) 
eurosmile505: posts small blind $0.02
BluffOnTable: is sitting out 
mahspace: posts big blind $0.05
Jaguar78917: sits out 
*** HOLE CARDS ***
Dealt to Dorex2007 [9c Kh]
ProudDad2009: folds 
Larry-s1980: folds 
Dorex2007: folds 
FACCHETADE$: folds 
BlackWinegum: folds 
eurosmile505: raises $0.10 to $0.15
mahspace: raises $0.45 to $0.60
eurosmile505: folds 
Uncalled bet ($0.45) returned to mahspace
mahspace collected $0.30 from pot
mahspace: doesn't show hand 
*** SUMMARY ***
Total pot $0.30 | Rake $0 
Seat 1: Dorex2007 folded before Flop (didn't bet)
Seat 2: FACCHETADE$ folded before Flop (didn't bet)
Seat 3: BlackWinegum (button) folded before Flop (didn't bet)
Seat 4: eurosmile505 (small blind) folded before Flop
Seat 6: mahspace (big blind) collected ($0.30)
Seat 7: ProudDad2009 folded before Flop (didn't bet)
Seat 8: Larry-s1980 folded before Flop (didn't bet)



PokerStars Hand #238334131458:  Hold'em No Limit ($0.02/$0.05 USD) - 2022/08/31 12:30:44 PT [2022/08/31 15:30:44 ET]
Table 'Odysseus' 9-max Seat #4 is the button
Seat 1: Dorex2007 ($6.79 in chips) 
Seat 2: FACCHETADE$ ($35.32 in chips) 
Seat 3: BlackWinegum ($4.71 in chips) 
Seat 4: eurosmile505 ($5.56 in chips) 
Seat 6: mahspace ($3.65 in chips) 
Seat 7: ProudDad2009 ($8.48 in chips) 
Seat 8: Larry-s1980 ($9.63 in chips) 
mahspace: posts small blind $0.02
ProudDad2009: posts big blind $0.05
Jaguar78917: sits out 
*** HOLE CARDS ***
Dealt to Dorex2007 [2h 4c]
Larry-s1980: folds 
Dorex2007: folds 
FACCHETADE$: folds 
BlackWinegum: folds 
eurosmile505: folds 
mahspace: raises $0.10 to $0.15
ProudDad2009: calls $0.10
*** FLOP *** [8s 9h 3d]
mahspace: bets $0.22
ProudDad2009: calls $0.22
*** TURN *** [8s 9h 3d] [3c]
mahspace: bets $0.53
ProudDad2009: calls $0.53
*** RIVER *** [8s 9h 3d 3c] [Ts]
mahspace: bets $1.30
ProudDad2009: raises $6.28 to $7.58 and is all-in
mahspace: calls $1.45 and is all-in
Uncalled bet ($4.83) returned to ProudDad2009
*** SHOW DOWN ***
ProudDad2009: shows [Qs Jc] (a straight, Eight to Queen)
mahspace: shows [8h Ad] (two pair, Eights and Threes)
ProudDad2009 collected $7 from pot
*** SUMMARY ***
Total pot $7.30 | Rake $0.30 
Board [8s 9h 3d 3c Ts]
Seat 1: Dorex2007 folded before Flop (didn't bet)
Seat 2: FACCHETADE$ folded before Flop (didn't bet)
Seat 3: BlackWinegum folded before Flop (didn't bet)
Seat 4: eurosmile505 (button) folded before Flop (didn't bet)
Seat 6: mahspace (small blind) showed [8h Ad] and lost with two pair, Eights and Threes
Seat 7: ProudDad2009 (big blind) showed [Qs Jc] and won ($7) with a straight, Eight to Queen
Seat 8: Larry-s1980 folded before Flop (didn't bet)



PokerStars Hand #238334144339:  Hold'em No Limit ($0.02/$0.05 USD) - 2022/08/31 12:31:20 PT [2022/08/31 15:31:20 ET]
Table 'Odysseus' 9-max Seat #6 is the button
Seat 1: Dorex2007 ($6.79 in chips) 
Seat 2: FACCHETADE$ ($35.32 in chips) 
Seat 3: BlackWinegum ($4.71 in chips) 
Seat 4: eurosmile505 ($5.56 in chips) 
Seat 6: mahspace ($4.61 in chips) 
Seat 7: ProudDad2009 ($11.83 in chips) 
Seat 8: Larry-s1980 ($9.63 in chips) 
ProudDad2009: posts small blind $0.02
Larry-s1980: posts big blind $0.05
Jaguar78917: sits out 
*** HOLE CARDS ***
Dealt to Dorex2007 [Qh 9c]
Dorex2007: folds 
FACCHETADE$: folds 
BlackWinegum: raises $0.10 to $0.15
eurosmile505: folds 
mahspace: folds 
ProudDad2009: calls $0.13
Larry-s1980: folds 
*** FLOP *** [3d Jh Jc]
ProudDad2009: checks 
BlackWinegum: bets $0.17
ProudDad2009: folds 
Uncalled bet ($0.17) returned to BlackWinegum
BlackWinegum collected $0.34 from pot
BlackWinegum: doesn't show hand 
*** SUMMARY ***
Total pot $0.35 | Rake $0.01 
Board [3d Jh Jc]
Seat 1: Dorex2007 folded before Flop (didn't bet)
Seat 2: FACCHETADE$ folded before Flop (didn't bet)
Seat 3: BlackWinegum collected ($0.34)
Seat 4: eurosmile505 folded before Flop (didn't bet)
Seat 6: mahspace (button) folded before Flop (didn't bet)
Seat 7: ProudDad2009 (small blind) folded on the Flop
Seat 8: Larry-s1980 (big blind) folded before Flop



PokerStars Hand #238334161910:  Hold'em No Limit ($0.02/$0.05 USD) - 2022/08/31 12:32:08 PT [2022/08/31 15:32:08 ET]
Table 'Odysseus' 9-max Seat #7 is the button
Seat 1: Dorex2007 ($6.79 in chips) 
Seat 2: FACCHETADE$ ($35.32 in chips) 
Seat 3: BlackWinegum ($4.90 in chips) 
Seat 4: eurosmile505 ($5.56 in chips) 
Seat 6: mahspace ($4.61 in chips) 
Seat 7: ProudDad2009 ($11.68 in chips) 
Seat 8: Larry-s1980 ($9.58 in chips) 
Seat 9: Jaguar78917 ($5 in chips) 
Larry-s1980: posts small blind $0.02
Jaguar78917: posts big blind $0.05
*** HOLE CARDS ***
Dealt to Dorex2007 [Qs Js]
Dorex2007: folds 
FACCHETADE$: folds 
BlackWinegum: folds 
eurosmile505: folds 
BluffOnTable is disconnected 
mahspace: raises $0.10 to $0.15
ProudDad2009: folds 
Larry-s1980: folds 
Jaguar78917: folds 
Uncalled bet ($0.10) returned to mahspace
mahspace collected $0.12 from pot
mahspace: doesn't show hand 
*** SUMMARY ***
Total pot $0.12 | Rake $0 
Seat 1: Dorex2007 folded before Flop (didn't bet)
Seat 2: FACCHETADE$ folded before Flop (didn't bet)
Seat 3: BlackWinegum folded before Flop (didn't bet)
Seat 4: eurosmile505 folded before Flop (didn't bet)
Seat 6: mahspace collected ($0.12)
Seat 7: ProudDad2009 (button) folded before Flop (didn't bet)
Seat 8: Larry-s1980 (small blind) folded before Flop
Seat 9: Jaguar78917 (big blind) folded before Flop



PokerStars Hand #238334171586:  Hold'em No Limit ($0.02/$0.05 USD) - 2022/08/31 12:32:35 PT [2022/08/31 15:32:35 ET]
Table 'Odysseus' 9-max Seat #8 is the button
Seat 1: Dorex2007 ($6.79 in chips) 
Seat 2: FACCHETADE$ ($35.32 in chips) 
Seat 3: BlackWinegum ($4.90 in chips) 
Seat 4: eurosmile505 ($5.56 in chips) 
Seat 6: mahspace ($4.68 in chips) 
Seat 7: ProudDad2009 ($11.68 in chips) 
Seat 8: Larry-s1980 ($9.56 in chips) 
Seat 9: Jaguar78917 ($4.95 in chips) 
Jaguar78917: posts small blind $0.02
Dorex2007: posts big blind $0.05
*** HOLE CARDS ***
Dealt to Dorex2007 [5c Tc]
FACCHETADE$: raises $0.12 to $0.17
BlackWinegum: folds 
eurosmile505: folds 
mahspace: folds 
ProudDad2009: raises $0.32 to $0.49
Larry-s1980: folds 
Jaguar78917: folds 
Dorex2007: folds 
FACCHETADE$: raises $2.41 to $2.90
ProudDad2009: folds 
Uncalled bet ($2.41) returned to FACCHETADE$
FACCHETADE$ collected $1.05 from pot
*** SUMMARY ***
Total pot $1.05 | Rake $0 
Seat 1: Dorex2007 (big blind) folded before Flop
Seat 2: FACCHETADE$ collected ($1.05)
Seat 3: BlackWinegum folded before Flop (didn't bet)
Seat 4: eurosmile505 folded before Flop (didn't bet)
Seat 6: mahspace folded before Flop (didn't bet)
Seat 7: ProudDad2009 folded before Flop
Seat 8: Larry-s1980 (button) folded before Flop (didn't bet)
Seat 9: Jaguar78917 (small blind) folded before Flop



PokerStars Hand #238334188008:  Hold'em No Limit ($0.02/$0.05 USD) - 2022/08/31 12:33:21 PT [2022/08/31 15:33:21 ET]
Table 'Odysseus' 9-max Seat #9 is the button
Seat 1: Dorex2007 ($6.74 in chips) 
Seat 2: FACCHETADE$ ($35.88 in chips) 
Seat 3: BlackWinegum ($4.90 in chips) 
Seat 4: eurosmile505 ($5.56 in chips) 
Seat 6: mahspace ($4.68 in chips) 
Seat 7: ProudDad2009 ($11.19 in chips) 
Seat 8: Larry-s1980 ($9.56 in chips) 
Seat 9: Jaguar78917 ($4.93 in chips) 
Dorex2007: posts small blind $0.02
FACCHETADE$: posts big blind $0.05
*** HOLE CARDS ***
Dealt to Dorex2007 [7s Qh]
BlackWinegum: folds 
eurosmile505: raises $0.07 to $0.12
mahspace: folds 
ProudDad2009: folds 
Larry-s1980: folds 
Jaguar78917: folds 
Dorex2007: folds 
FACCHETADE$: folds 
Uncalled bet ($0.07) returned to eurosmile505
eurosmile505 collected $0.12 from pot
eurosmile505: doesn't show hand 
*** SUMMARY ***
Total pot $0.12 | Rake $0 
Seat 1: Dorex2007 (small blind) folded before Flop
Seat 2: FACCHETADE$ (big blind) folded before Flop
Seat 3: BlackWinegum folded before Flop (didn't bet)
Seat 4: eurosmile505 collected ($0.12)
Seat 6: mahspace folded before Flop (didn't bet)
Seat 7: ProudDad2009 folded before Flop (didn't bet)
Seat 8: Larry-s1980 folded before Flop (didn't bet)
Seat 9: Jaguar78917 (button) folded before Flop (didn't bet)



PokerStars Hand #238334194412:  Hold'em No Limit ($0.02/$0.05 USD) - 2022/08/31 12:33:38 PT [2022/08/31 15:33:38 ET]
Table 'Odysseus' 9-max Seat #1 is the button
Seat 1: Dorex2007 ($6.72 in chips) 
Seat 2: FACCHETADE$ ($35.83 in chips) 
Seat 3: BlackWinegum ($4.90 in chips) 
Seat 4: eurosmile505 ($5.63 in chips) 
Seat 6: mahspace ($4.68 in chips) 
Seat 7: ProudDad2009 ($11.19 in chips) 
Seat 8: Larry-s1980 ($9.56 in chips) 
Seat 9: Jaguar78917 ($4.93 in chips) 
FACCHETADE$: posts small blind $0.02
BlackWinegum: posts big blind $0.05
*** HOLE CARDS ***
Dealt to Dorex2007 [3d 2s]
eurosmile505: folds 
mahspace: folds 
ProudDad2009: folds 
Larry-s1980: folds 
Jaguar78917: folds 
Dorex2007: folds 
FACCHETADE$: raises $0.05 to $0.10
BlackWinegum: folds 
Uncalled bet ($0.05) returned to FACCHETADE$
FACCHETADE$ collected $0.10 from pot
*** SUMMARY ***
Total pot $0.10 | Rake $0 
Seat 1: Dorex2007 (button) folded before Flop (didn't bet)
Seat 2: FACCHETADE$ (small blind) collected ($0.10)
Seat 3: BlackWinegum (big blind) folded before Flop
Seat 4: eurosmile505 folded before Flop (didn't bet)
Seat 6: mahspace folded before Flop (didn't bet)
Seat 7: ProudDad2009 folded before Flop (didn't bet)
Seat 8: Larry-s1980 folded before Flop (didn't bet)
Seat 9: Jaguar78917 folded before Flop (didn't bet)



PokerStars Hand #238334202457:  Hold'em No Limit ($0.02/$0.05 USD) - 2022/08/31 12:34:01 PT [2022/08/31 15:34:01 ET]
Table 'Odysseus' 9-max Seat #2 is the button
Seat 1: Dorex2007 ($6.72 in chips) 
Seat 2: FACCHETADE$ ($35.88 in chips) 
Seat 3: BlackWinegum ($4.85 in chips) 
Seat 4: eurosmile505 ($5.63 in chips) 
Seat 6: mahspace ($4.68 in chips) 
Seat 7: ProudDad2009 ($11.19 in chips) 
Seat 8: Larry-s1980 ($9.56 in chips) 
Seat 9: Jaguar78917 ($4.93 in chips) 
BlackWinegum: posts small blind $0.02
eurosmile505: posts big blind $0.05
*** HOLE CARDS ***
Dealt to Dorex2007 [5c 8h]
mahspace: folds 
ProudDad2009: folds 
Larry-s1980: folds 
Jaguar78917: folds 
Dorex2007: folds 
FACCHETADE$: raises $0.05 to $0.10
BlackWinegum: folds 
eurosmile505: folds 
Uncalled bet ($0.05) returned to FACCHETADE$
FACCHETADE$ collected $0.12 from pot
*** SUMMARY ***
Total pot $0.12 | Rake $0 
Seat 1: Dorex2007 folded before Flop (didn't bet)
Seat 2: FACCHETADE$ (button) collected ($0.12)
Seat 3: BlackWinegum (small blind) folded before Flop
Seat 4: eurosmile505 (big blind) folded before Flop
Seat 6: mahspace folded before Flop (didn't bet)
Seat 7: ProudDad2009 folded before Flop (didn't bet)
Seat 8: Larry-s1980 folded before Flop (didn't bet)
Seat 9: Jaguar78917 folded before Flop (didn't bet)



PokerStars Hand #238334209599:  Hold'em No Limit ($0.02/$0.05 USD) - 2022/08/31 12:34:20 PT [2022/08/31 15:34:20 ET]
Table 'Odysseus' 9-max Seat #3 is the button
Seat 1: Dorex2007 ($6.72 in chips) 
Seat 2: FACCHETADE$ ($35.95 in chips) 
Seat 3: BlackWinegum ($4.83 in chips) 
Seat 4: eurosmile505 ($5.58 in chips) 
Seat 6: mahspace ($4.68 in chips) 
Seat 7: ProudDad2009 ($11.19 in chips) 
Seat 8: Larry-s1980 ($9.56 in chips) 
Seat 9: Jaguar78917 ($4.93 in chips) 
eurosmile505: posts small blind $0.02
mahspace: posts big blind $0.05
*** HOLE CARDS ***
Dealt to Dorex2007 [7d Qh]
ProudDad2009: folds 
Larry-s1980: folds 
Jaguar78917: folds 
Dorex2007: folds 
FACCHETADE$: folds 
BlackWinegum: folds 
eurosmile505: raises $0.10 to $0.15
mahspace: folds 
Uncalled bet ($0.10) returned to eurosmile505
eurosmile505 collected $0.10 from pot
eurosmile505: doesn't show hand 
*** SUMMARY ***
Total pot $0.10 | Rake $0 
Seat 1: Dorex2007 folded before Flop (didn't bet)
Seat 2: FACCHETADE$ folded before Flop (didn't bet)
Seat 3: BlackWinegum (button) folded before Flop (didn't bet)
Seat 4: eurosmile505 (small blind) collected ($0.10)
Seat 6: mahspace (big blind) folded before Flop
Seat 7: ProudDad2009 folded before Flop (didn't bet)
Seat 8: Larry-s1980 folded before Flop (didn't bet)
Seat 9: Jaguar78917 folded before Flop (didn't bet)



PokerStars Hand #238334220955:  Hold'em No Limit ($0.02/$0.05 USD) - 2022/08/31 12:34:52 PT [2022/08/31 15:34:52 ET]
Table 'Odysseus' 9-max Seat #4 is the button
Seat 1: Dorex2007 ($6.72 in chips) 
Seat 2: FACCHETADE$ ($35.95 in chips) 
Seat 3: BlackWinegum ($4.83 in chips) 
Seat 4: eurosmile505 ($5.63 in chips) 
Seat 6: mahspace ($4.63 in chips) 
Seat 7: ProudDad2009 ($11.19 in chips) 
Seat 8: Larry-s1980 ($9.56 in chips) 
Seat 9: Jaguar78917 ($4.93 in chips) 
mahspace: posts small blind $0.02
ProudDad2009: posts big blind $0.05
*** HOLE CARDS ***
Dealt to Dorex2007 [Kd Ah]
Larry-s1980: folds 
Jaguar78917: raises $0.10 to $0.15
Dorex2007: calls $0.15
FACCHETADE$: folds 
BlackWinegum: folds 
eurosmile505: folds 
mahspace: folds 
ProudDad2009: folds 
*** FLOP *** [9d 7h 6d]
Jaguar78917: bets $0.30
Dorex2007: folds 
Uncalled bet ($0.30) returned to Jaguar78917
Jaguar78917 collected $0.35 from pot
Jaguar78917: doesn't show hand 
*** SUMMARY ***
Total pot $0.37 | Rake $0.02 
Board [9d 7h 6d]
Seat 1: Dorex2007 folded on the Flop
Seat 2: FACCHETADE$ folded before Flop (didn't bet)
Seat 3: BlackWinegum folded before Flop (didn't bet)
Seat 4: eurosmile505 (button) folded before Flop (didn't bet)
Seat 6: mahspace (small blind) folded before Flop
Seat 7: ProudDad2009 (big blind) folded before Flop
Seat 8: Larry-s1980 folded before Flop (didn't bet)
Seat 9: Jaguar78917 collected ($0.35)



PokerStars Hand #238334232550:  Hold'em No Limit ($0.02/$0.05 USD) - 2022/08/31 12:35:24 PT [2022/08/31 15:35:24 ET]
Table 'Odysseus' 9-max Seat #6 is the button
Seat 1: Dorex2007 ($6.57 in chips) 
Seat 2: FACCHETADE$ ($35.95 in chips) 
Seat 3: BlackWinegum ($4.83 in chips) 
Seat 4: eurosmile505 ($5.63 in chips) 
Seat 6: mahspace ($4.61 in chips) 
Seat 7: ProudDad2009 ($11.14 in chips) 
Seat 8: Larry-s1980 ($9.56 in chips) 
Seat 9: Jaguar78917 ($5.13 in chips) 
ProudDad2009: posts small blind $0.02
Larry-s1980: posts big blind $0.05
*** HOLE CARDS ***
Dealt to Dorex2007 [7c Kc]
Jaguar78917: folds 
Dorex2007: folds 
FACCHETADE$: raises $0.12 to $0.17
BlackWinegum: folds 
eurosmile505: folds 
mahspace: calls $0.17
ProudDad2009: folds 
Larry-s1980: folds 
*** FLOP *** [9s As 5c]
FACCHETADE$: checks 
mahspace: bets $0.29
FACCHETADE$: folds 
Uncalled bet ($0.29) returned to mahspace
mahspace collected $0.39 from pot
mahspace: doesn't show hand 
*** SUMMARY ***
Total pot $0.41 | Rake $0.02 
Board [9s As 5c]
Seat 1: Dorex2007 folded before Flop (didn't bet)
Seat 2: FACCHETADE$ folded on the Flop
Seat 3: BlackWinegum folded before Flop (didn't bet)
Seat 4: eurosmile505 folded before Flop (didn't bet)
Seat 6: mahspace (button) collected ($0.39)
Seat 7: ProudDad2009 (small blind) folded before Flop
Seat 8: Larry-s1980 (big blind) folded before Flop
Seat 9: Jaguar78917 folded before Flop (didn't bet)



PokerStars Hand #238334243449:  Hold'em No Limit ($0.02/$0.05 USD) - 2022/08/31 12:35:55 PT [2022/08/31 15:35:55 ET]
Table 'Odysseus' 9-max Seat #7 is the button
Seat 1: Dorex2007 ($6.57 in chips) 
Seat 2: FACCHETADE$ ($35.78 in chips) 
Seat 3: BlackWinegum ($4.83 in chips) 
Seat 4: eurosmile505 ($5.63 in chips) 
Seat 6: mahspace ($4.83 in chips) 
Seat 7: ProudDad2009 ($11.12 in chips) 
Seat 8: Larry-s1980 ($9.51 in chips) 
Seat 9: Jaguar78917 ($5.13 in chips) 
Larry-s1980: posts small blind $0.02
Jaguar78917: posts big blind $0.05
*** HOLE CARDS ***
Dealt to Dorex2007 [3d 8c]
Dorex2007: folds 
FACCHETADE$: folds 
BlackWinegum: folds 
eurosmile505: folds 
mahspace: raises $0.10 to $0.15
ProudDad2009: calls $0.15
Larry-s1980: folds 
Jaguar78917: folds 
*** FLOP *** [6s Ah 8h]
mahspace: bets $0.21
ProudDad2009: folds 
Uncalled bet ($0.21) returned to mahspace
mahspace collected $0.35 from pot
mahspace: doesn't show hand 
*** SUMMARY ***
Total pot $0.37 | Rake $0.02 
Board [6s Ah 8h]
Seat 1: Dorex2007 folded before Flop (didn't bet)
Seat 2: FACCHETADE$ folded before Flop (didn't bet)
Seat 3: BlackWinegum folded before Flop (didn't bet)
Seat 4: eurosmile505 folded before Flop (didn't bet)
Seat 6: mahspace collected ($0.35)
Seat 7: ProudDad2009 (button) folded on the Flop
Seat 8: Larry-s1980 (small blind) folded before Flop
Seat 9: Jaguar78917 (big blind) folded before Flop



PokerStars Hand #238334254856:  Hold'em No Limit ($0.02/$0.05 USD) - 2022/08/31 12:36:26 PT [2022/08/31 15:36:26 ET]
Table 'Odysseus' 9-max Seat #8 is the button
Seat 1: Dorex2007 ($6.57 in chips) 
Seat 2: FACCHETADE$ ($35.78 in chips) 
Seat 3: BlackWinegum ($4.83 in chips) 
Seat 4: eurosmile505 ($5.63 in chips) 
Seat 6: mahspace ($5.03 in chips) 
Seat 7: ProudDad2009 ($10.97 in chips) 
Seat 8: Larry-s1980 ($9.49 in chips) 
Seat 9: Jaguar78917 ($5.08 in chips) 
Jaguar78917: posts small blind $0.02
Dorex2007: posts big blind $0.05
*** HOLE CARDS ***
Dealt to Dorex2007 [Qc Qd]
FACCHETADE$: folds 
BlackWinegum: raises $0.10 to $0.15
eurosmile505: folds 
mahspace: folds 
ProudDad2009: calls $0.15
Larry-s1980: folds 
Jaguar78917: folds 
Dorex2007: calls $0.10
*** FLOP *** [7s As 5c]
Dorex2007: checks 
BlackWinegum: bets $0.22
ProudDad2009: folds 
Dorex2007: folds 
Uncalled bet ($0.22) returned to BlackWinegum
BlackWinegum collected $0.45 from pot
BlackWinegum: doesn't show hand 
*** SUMMARY ***
Total pot $0.47 | Rake $0.02 
Board [7s As 5c]
Seat 1: Dorex2007 (big blind) folded on the Flop
Seat 2: FACCHETADE$ folded before Flop (didn't bet)
Seat 3: BlackWinegum collected ($0.45)
Seat 4: eurosmile505 folded before Flop (didn't bet)
Seat 6: mahspace folded before Flop (didn't bet)
Seat 7: ProudDad2009 folded on the Flop
Seat 8: Larry-s1980 (button) folded before Flop (didn't bet)
Seat 9: Jaguar78917 (small blind) folded before Flop



PokerStars Hand #238334267302:  Hold'em No Limit ($0.02/$0.05 USD) - 2022/08/31 12:37:00 PT [2022/08/31 15:37:00 ET]
Table 'Odysseus' 9-max Seat #9 is the button
Seat 1: Dorex2007 ($6.42 in chips) 
Seat 2: FACCHETADE$ ($35.78 in chips) 
Seat 3: BlackWinegum ($5.13 in chips) 
Seat 4: eurosmile505 ($5.63 in chips) 
Seat 6: mahspace ($5.03 in chips) 
Seat 7: ProudDad2009 ($10.82 in chips) 
Seat 8: Larry-s1980 ($9.49 in chips) 
Seat 9: Jaguar78917 ($5.06 in chips) 
Dorex2007: posts small blind $0.02
FACCHETADE$: posts big blind $0.05
*** HOLE CARDS ***
Dealt to Dorex2007 [Jc Ts]
BlackWinegum: folds 
eurosmile505: folds 
mahspace: folds 
ProudDad2009: folds 
Larry-s1980: folds 
Jaguar78917: folds 
Dorex2007: folds 
Uncalled bet ($0.03) returned to FACCHETADE$
FACCHETADE$ collected $0.04 from pot
*** SUMMARY ***
Total pot $0.04 | Rake $0 
Seat 1: Dorex2007 (small blind) folded before Flop
Seat 2: FACCHETADE$ (big blind) collected ($0.04)
Seat 3: BlackWinegum folded before Flop (didn't bet)
Seat 4: eurosmile505 folded before Flop (didn't bet)
Seat 6: mahspace folded before Flop (didn't bet)
Seat 7: ProudDad2009 folded before Flop (didn't bet)
Seat 8: Larry-s1980 folded before Flop (didn't bet)
Seat 9: Jaguar78917 (button) folded before Flop (didn't bet)



PokerStars Hand #238334272649:  Hold'em No Limit ($0.02/$0.05 USD) - 2022/08/31 12:37:15 PT [2022/08/31 15:37:15 ET]
Table 'Odysseus' 9-max Seat #1 is the button
Seat 1: Dorex2007 ($6.40 in chips) 
Seat 2: FACCHETADE$ ($35.80 in chips) 
Seat 3: BlackWinegum ($5.13 in chips) 
Seat 4: eurosmile505 ($5.63 in chips) 
Seat 6: mahspace ($5.03 in chips) 
Seat 7: ProudDad2009 ($10.82 in chips) 
Seat 8: Larry-s1980 ($9.49 in chips) 
Seat 9: Jaguar78917 ($5.06 in chips) 
FACCHETADE$: posts small blind $0.02
BlackWinegum: posts big blind $0.05
*** HOLE CARDS ***
Dealt to Dorex2007 [Ad 9s]
eurosmile505: folds 
mahspace: folds 
ProudDad2009: folds 
Larry-s1980: raises $0.07 to $0.12
Jaguar78917: folds 
Dorex2007: folds 
FACCHETADE$: folds 
BlackWinegum: folds 
Uncalled bet ($0.07) returned to Larry-s1980
Larry-s1980 collected $0.12 from pot
Larry-s1980: doesn't show hand 
*** SUMMARY ***
Total pot $0.12 | Rake $0 
Seat 1: Dorex2007 (button) folded before Flop (didn't bet)
Seat 2: FACCHETADE$ (small blind) folded before Flop
Seat 3: BlackWinegum (big blind) folded before Flop
Seat 4: eurosmile505 folded before Flop (didn't bet)
Seat 6: mahspace folded before Flop (didn't bet)
Seat 7: ProudDad2009 folded before Flop (didn't bet)
Seat 8: Larry-s1980 collected ($0.12)
Seat 9: Jaguar78917 folded before Flop (didn't bet)



PokerStars Hand #238334278687:  Hold'em No Limit ($0.02/$0.05 USD) - 2022/08/31 12:37:31 PT [2022/08/31 15:37:31 ET]
Table 'Odysseus' 9-max Seat #2 is the button
Seat 1: Dorex2007 ($6.40 in chips) 
Seat 2: FACCHETADE$ ($35.78 in chips) 
Seat 3: BlackWinegum ($5.08 in chips) 
Seat 4: eurosmile505 ($5.63 in chips) 
Seat 6: mahspace ($5.03 in chips) 
Seat 7: ProudDad2009 ($10.82 in chips) 
Seat 8: Larry-s1980 ($9.56 in chips) 
Seat 9: Jaguar78917 ($5.06 in chips) 
BlackWinegum: posts small blind $0.02
eurosmile505: posts big blind $0.05
*** HOLE CARDS ***
Dealt to Dorex2007 [Js Jh]
mahspace: folds 
ProudDad2009: folds 
Larry-s1980: folds 
Jaguar78917: folds 
Dorex2007: raises $0.05 to $0.10
FACCHETADE$: folds 
BlackWinegum: folds 
eurosmile505: calls $0.05
*** FLOP *** [5s 8h Ah]
eurosmile505: checks 
Dorex2007: checks 
*** TURN *** [5s 8h Ah] [Jc]
eurosmile505: bets $0.14
Dorex2007: raises $0.25 to $0.39
eurosmile505: calls $0.25
*** RIVER *** [5s 8h Ah Jc] [Ks]
eurosmile505: checks 
Dorex2007: bets $0.64
eurosmile505: folds 
Uncalled bet ($0.64) returned to Dorex2007
Dorex2007 collected $0.96 from pot
Dorex2007: doesn't show hand 
*** SUMMARY ***
Total pot $1 | Rake $0.04 
Board [5s 8h Ah Jc Ks]
Seat 1: Dorex2007 collected ($0.96)
Seat 2: FACCHETADE$ (button) folded before Flop (didn't bet)
Seat 3: BlackWinegum (small blind) folded before Flop
Seat 4: eurosmile505 (big blind) folded on the River
Seat 6: mahspace folded before Flop (didn't bet)
Seat 7: ProudDad2009 folded before Flop (didn't bet)
Seat 8: Larry-s1980 folded before Flop (didn't bet)
Seat 9: Jaguar78917 folded before Flop (didn't bet)



PokerStars Hand #238334297002:  Hold'em No Limit ($0.02/$0.05 USD) - 2022/08/31 12:38:22 PT [2022/08/31 15:38:22 ET]
Table 'Odysseus' 9-max Seat #3 is the button
Seat 1: Dorex2007 ($6.87 in chips) 
Seat 2: FACCHETADE$ ($35.78 in chips) 
Seat 3: BlackWinegum ($5.06 in chips) 
Seat 4: eurosmile505 ($5.14 in chips) 
Seat 6: mahspace ($5.03 in chips) 
Seat 7: ProudDad2009 ($10.82 in chips) 
Seat 8: Larry-s1980 ($9.56 in chips) 
Seat 9: Jaguar78917 ($5.06 in chips) 
eurosmile505: posts small blind $0.02
mahspace: posts big blind $0.05
*** HOLE CARDS ***
Dealt to Dorex2007 [8d 3s]
ProudDad2009: calls $0.05
Larry-s1980: folds 
Jaguar78917: folds 
Dorex2007: folds 
FACCHETADE$: folds 
BlackWinegum: folds 
eurosmile505: folds 
mahspace: raises $0.25 to $0.30
ProudDad2009: calls $0.25
*** FLOP *** [8c Ks 7c]
mahspace: bets $0.44
ProudDad2009: calls $0.44
*** TURN *** [8c Ks 7c] [Tc]
mahspace: bets $1.08
ProudDad2009: folds 
Uncalled bet ($1.08) returned to mahspace
mahspace collected $1.42 from pot
mahspace: doesn't show hand 
*** SUMMARY ***
Total pot $1.50 | Rake $0.08 
Board [8c Ks 7c Tc]
Seat 1: Dorex2007 folded before Flop (didn't bet)
Seat 2: FACCHETADE$ folded before Flop (didn't bet)
Seat 3: BlackWinegum (button) folded before Flop (didn't bet)
Seat 4: eurosmile505 (small blind) folded before Flop
Seat 6: mahspace (big blind) collected ($1.42)
Seat 7: ProudDad2009 folded on the Turn
Seat 8: Larry-s1980 folded before Flop (didn't bet)
Seat 9: Jaguar78917 folded before Flop (didn't bet)



PokerStars Hand #238334309275:  Hold'em No Limit ($0.02/$0.05 USD) - 2022/08/31 12:38:55 PT [2022/08/31 15:38:55 ET]
Table 'Odysseus' 9-max Seat #4 is the button
Seat 1: Dorex2007 ($6.87 in chips) 
Seat 2: FACCHETADE$ ($35.78 in chips) 
Seat 3: BlackWinegum ($5.06 in chips) 
Seat 4: eurosmile505 ($5.12 in chips) 
Seat 6: mahspace ($5.71 in chips) 
Seat 7: ProudDad2009 ($10.08 in chips) 
Seat 8: Larry-s1980 ($9.56 in chips) 
Seat 9: Jaguar78917 ($5.06 in chips) 
mahspace: posts small blind $0.02
ProudDad2009: posts big blind $0.05
*** HOLE CARDS ***
Dealt to Dorex2007 [2c Ad]
Larry-s1980: folds 
Jaguar78917: folds 
Dorex2007: folds 
FACCHETADE$: folds 
BlackWinegum: folds 
eurosmile505: folds 
mahspace: raises $0.10 to $0.15
ProudDad2009: calls $0.10
*** FLOP *** [Ah 6s 5d]
mahspace: bets $0.17
ProudDad2009: calls $0.17
*** TURN *** [Ah 6s 5d] [3d]
mahspace: bets $0.37
ProudDad2009: calls $0.37
*** RIVER *** [Ah 6s 5d 3d] [9s]
mahspace: bets $0.79
ProudDad2009: folds 
Uncalled bet ($0.79) returned to mahspace
mahspace collected $1.30 from pot
mahspace: doesn't show hand 
*** SUMMARY ***
Total pot $1.38 | Rake $0.08 
Board [Ah 6s 5d 3d 9s]
Seat 1: Dorex2007 folded before Flop (didn't bet)
Seat 2: FACCHETADE$ folded before Flop (didn't bet)
Seat 3: BlackWinegum folded before Flop (didn't bet)
Seat 4: eurosmile505 (button) folded before Flop (didn't bet)
Seat 6: mahspace (small blind) collected ($1.30)
Seat 7: ProudDad2009 (big blind) folded on the River
Seat 8: Larry-s1980 folded before Flop (didn't bet)
Seat 9: Jaguar78917 folded before Flop (didn't bet)



PokerStars Hand #238334323074:  Hold'em No Limit ($0.02/$0.05 USD) - 2022/08/31 12:39:33 PT [2022/08/31 15:39:33 ET]
Table 'Odysseus' 9-max Seat #6 is the button
Seat 1: Dorex2007 ($6.87 in chips) 
Seat 2: FACCHETADE$ ($35.78 in chips) 
Seat 3: BlackWinegum ($5.06 in chips) 
Seat 4: eurosmile505 ($5.12 in chips) 
Seat 6: mahspace ($6.32 in chips) 
Seat 7: ProudDad2009 ($9.39 in chips) 
Seat 8: Larry-s1980 ($9.56 in chips) 
Seat 9: Jaguar78917 ($5.06 in chips) 
ProudDad2009: posts small blind $0.02
Larry-s1980: posts big blind $0.05
*** HOLE CARDS ***
Dealt to Dorex2007 [2c Kc]
Jaguar78917: folds 
Dorex2007: folds 
FACCHETADE$: folds 
BlackWinegum: raises $0.10 to $0.15
eurosmile505: folds 
mahspace: folds 
ProudDad2009: calls $0.13
Larry-s1980: calls $0.10
*** FLOP *** [Ac 5c 2s]
ProudDad2009: checks 
Larry-s1980: bets $0.25
BlackWinegum: folds 
ProudDad2009: folds 
Uncalled bet ($0.25) returned to Larry-s1980
Larry-s1980 collected $0.43 from pot
Larry-s1980: doesn't show hand 
*** SUMMARY ***
Total pot $0.45 | Rake $0.02 
Board [Ac 5c 2s]
Seat 1: Dorex2007 folded before Flop (didn't bet)
Seat 2: FACCHETADE$ folded before Flop (didn't bet)
Seat 3: BlackWinegum folded on the Flop
Seat 4: eurosmile505 folded before Flop (didn't bet)
Seat 6: mahspace (button) folded before Flop (didn't bet)
Seat 7: ProudDad2009 (small blind) folded on the Flop
Seat 8: Larry-s1980 (big blind) collected ($0.43)
Seat 9: Jaguar78917 folded before Flop (didn't bet)



PokerStars Hand #238334337873:  Hold'em No Limit ($0.02/$0.05 USD) - 2022/08/31 12:40:14 PT [2022/08/31 15:40:14 ET]
Table 'Odysseus' 9-max Seat #7 is the button
Seat 1: Dorex2007 ($6.87 in chips) 
Seat 2: FACCHETADE$ ($35.78 in chips) 
Seat 3: BlackWinegum ($4.91 in chips) 
Seat 4: eurosmile505 ($5.12 in chips) 
Seat 6: mahspace ($6.32 in chips) 
Seat 7: ProudDad2009 ($9.24 in chips) 
Seat 8: Larry-s1980 ($9.84 in chips) 
Seat 9: Jaguar78917 ($5.06 in chips) 
Larry-s1980: posts small blind $0.02
Jaguar78917: posts big blind $0.05
*** HOLE CARDS ***
Dealt to Dorex2007 [Qc Kd]
Dorex2007: folds 
FACCHETADE$: folds 
BlackWinegum: folds 
eurosmile505: folds 
mahspace: folds 
ProudDad2009: raises $0.10 to $0.15
Larry-s1980: folds 
Jaguar78917: calls $0.10
*** FLOP *** [3c Tc 9s]
Jaguar78917: bets $0.30
ProudDad2009: calls $0.30
*** TURN *** [3c Tc 9s] [6d]
Jaguar78917: bets $0.30
ProudDad2009: calls $0.30
*** RIVER *** [3c Tc 9s 6d] [Jc]
Jaguar78917: bets $0.40
ProudDad2009: calls $0.40
*** SHOW DOWN ***
Jaguar78917: shows [Td As] (a pair of Tens)
ProudDad2009: mucks hand 
Jaguar78917 collected $2.22 from pot
*** SUMMARY ***
Total pot $2.32 | Rake $0.10 
Board [3c Tc 9s 6d Jc]
Seat 1: Dorex2007 folded before Flop (didn't bet)
Seat 2: FACCHETADE$ folded before Flop (didn't bet)
Seat 3: BlackWinegum folded before Flop (didn't bet)
Seat 4: eurosmile505 folded before Flop (didn't bet)
Seat 6: mahspace folded before Flop (didn't bet)
Seat 7: ProudDad2009 (button) mucked [8d 9c]
Seat 8: Larry-s1980 (small blind) folded before Flop
Seat 9: Jaguar78917 (big blind) showed [Td As] and won ($2.22) with a pair of Tens



PokerStars Hand #238334356793:  Hold'em No Limit ($0.02/$0.05 USD) - 2022/08/31 12:41:06 PT [2022/08/31 15:41:06 ET]
Table 'Odysseus' 9-max Seat #8 is the button
Seat 1: Dorex2007 ($6.87 in chips) 
Seat 2: FACCHETADE$ ($35.78 in chips) 
Seat 3: BlackWinegum ($4.91 in chips) 
Seat 4: eurosmile505 ($5.12 in chips) 
Seat 6: mahspace ($6.32 in chips) 
Seat 7: ProudDad2009 ($8.09 in chips) 
Seat 8: Larry-s1980 ($9.82 in chips) 
Seat 9: Jaguar78917 ($6.13 in chips) 
Jaguar78917: posts small blind $0.02
Dorex2007: posts big blind $0.05
*** HOLE CARDS ***
Dealt to Dorex2007 [6d Ts]
FACCHETADE$: folds 
BlackWinegum: folds 
eurosmile505: folds 
mahspace: folds 
ProudDad2009: folds 
Larry-s1980: raises $0.05 to $0.10
Jaguar78917: folds 
Dorex2007: folds 
Uncalled bet ($0.05) returned to Larry-s1980
Larry-s1980 collected $0.12 from pot
Larry-s1980: doesn't show hand 
*** SUMMARY ***
Total pot $0.12 | Rake $0 
Seat 1: Dorex2007 (big blind) folded before Flop
Seat 2: FACCHETADE$ folded before Flop (didn't bet)
Seat 3: BlackWinegum folded before Flop (didn't bet)
Seat 4: eurosmile505 folded before Flop (didn't bet)
Seat 6: mahspace folded before Flop (didn't bet)
Seat 7: ProudDad2009 folded before Flop (didn't bet)
Seat 8: Larry-s1980 (button) collected ($0.12)
Seat 9: Jaguar78917 (small blind) folded before Flop



PokerStars Hand #238334365855:  Hold'em No Limit ($0.02/$0.05 USD) - 2022/08/31 12:41:31 PT [2022/08/31 15:41:31 ET]
Table 'Odysseus' 9-max Seat #9 is the button
Seat 1: Dorex2007 ($6.82 in chips) 
Seat 2: FACCHETADE$ ($35.78 in chips) 
Seat 3: BlackWinegum ($4.91 in chips) 
Seat 4: eurosmile505 ($5.12 in chips) 
Seat 6: mahspace ($6.32 in chips) 
Seat 7: ProudDad2009 ($8.09 in chips) 
Seat 8: Larry-s1980 ($9.89 in chips) 
Seat 9: Jaguar78917 ($6.11 in chips) 
Dorex2007: posts small blind $0.02
FACCHETADE$: posts big blind $0.05
*** HOLE CARDS ***
Dealt to Dorex2007 [Jc 3c]
BlackWinegum: folds 
eurosmile505: folds 
mahspace: folds 
ProudDad2009: folds 
Larry-s1980: folds 
Jaguar78917: folds 
Dorex2007: folds 
Uncalled bet ($0.03) returned to FACCHETADE$
FACCHETADE$ collected $0.04 from pot
*** SUMMARY ***
Total pot $0.04 | Rake $0 
Seat 1: Dorex2007 (small blind) folded before Flop
Seat 2: FACCHETADE$ (big blind) collected ($0.04)
Seat 3: BlackWinegum folded before Flop (didn't bet)
Seat 4: eurosmile505 folded before Flop (didn't bet)
Seat 6: mahspace folded before Flop (didn't bet)
Seat 7: ProudDad2009 folded before Flop (didn't bet)
Seat 8: Larry-s1980 folded before Flop (didn't bet)
Seat 9: Jaguar78917 (button) folded before Flop (didn't bet)



PokerStars Hand #238334370586:  Hold'em No Limit ($0.02/$0.05 USD) - 2022/08/31 12:41:44 PT [2022/08/31 15:41:44 ET]
Table 'Odysseus' 9-max Seat #1 is the button
Seat 1: Dorex2007 ($6.80 in chips) 
Seat 2: FACCHETADE$ ($35.80 in chips) 
Seat 3: BlackWinegum ($4.91 in chips) 
Seat 4: eurosmile505 ($5.12 in chips) 
Seat 6: mahspace ($6.32 in chips) 
Seat 7: ProudDad2009 ($8.09 in chips) 
Seat 8: Larry-s1980 ($9.89 in chips) 
Seat 9: Jaguar78917 ($6.11 in chips) 
FACCHETADE$: posts small blind $0.02
BlackWinegum: posts big blind $0.05
*** HOLE CARDS ***
Dealt to Dorex2007 [5s 7c]
eurosmile505: folds 
mahspace: folds 
ProudDad2009: folds 
Larry-s1980: raises $0.07 to $0.12
Jaguar78917: folds 
Dorex2007: folds 
FACCHETADE$: folds 
BlackWinegum: folds 
Uncalled bet ($0.07) returned to Larry-s1980
Larry-s1980 collected $0.12 from pot
Larry-s1980: doesn't show hand 
*** SUMMARY ***
Total pot $0.12 | Rake $0 
Seat 1: Dorex2007 (button) folded before Flop (didn't bet)
Seat 2: FACCHETADE$ (small blind) folded before Flop
Seat 3: BlackWinegum (big blind) folded before Flop
Seat 4: eurosmile505 folded before Flop (didn't bet)
Seat 6: mahspace folded before Flop (didn't bet)
Seat 7: ProudDad2009 folded before Flop (didn't bet)
Seat 8: Larry-s1980 collected ($0.12)
Seat 9: Jaguar78917 folded before Flop (didn't bet)



PokerStars Hand #238334376548:  Hold'em No Limit ($0.02/$0.05 USD) - 2022/08/31 12:42:00 PT [2022/08/31 15:42:00 ET]
Table 'Odysseus' 9-max Seat #2 is the button
Seat 1: Dorex2007 ($6.80 in chips) 
Seat 2: FACCHETADE$ ($35.78 in chips) 
Seat 3: BlackWinegum ($4.86 in chips) 
Seat 4: eurosmile505 ($5.12 in chips) 
Seat 6: mahspace ($6.32 in chips) 
Seat 7: ProudDad2009 ($8.09 in chips) 
Seat 8: Larry-s1980 ($9.96 in chips) 
Seat 9: Jaguar78917 ($6.11 in chips) 
BlackWinegum: posts small blind $0.02
eurosmile505: posts big blind $0.05
*** HOLE CARDS ***
Dealt to Dorex2007 [6d Ah]
mahspace: folds 
ProudDad2009: calls $0.05
Larry-s1980: raises $0.15 to $0.20
Jaguar78917: folds 
Dorex2007: folds 
FACCHETADE$: folds 
BlackWinegum: folds 
eurosmile505: folds 
ProudDad2009: calls $0.15
*** FLOP *** [4c 2d Ad]
ProudDad2009: checks 
BluffOnTable leaves the table
Larry-s1980: bets $0.22
ProudDad2009: folds 
Uncalled bet ($0.22) returned to Larry-s1980
Larry-s1980 collected $0.45 from pot
Larry-s1980: doesn't show hand 
*** SUMMARY ***
Total pot $0.47 | Rake $0.02 
Board [4c 2d Ad]
Seat 1: Dorex2007 folded before Flop (didn't bet)
Seat 2: FACCHETADE$ (button) folded before Flop (didn't bet)
Seat 3: BlackWinegum (small blind) folded before Flop
Seat 4: eurosmile505 (big blind) folded before Flop
Seat 6: mahspace folded before Flop (didn't bet)
Seat 7: ProudDad2009 folded on the Flop
Seat 8: Larry-s1980 collected ($0.45)
Seat 9: Jaguar78917 folded before Flop (didn't bet)



PokerStars Hand #238334387477:  Hold'em No Limit ($0.02/$0.05 USD) - 2022/08/31 12:42:30 PT [2022/08/31 15:42:30 ET]
Table 'Odysseus' 9-max Seat #3 is the button
Seat 1: Dorex2007 ($6.80 in chips) 
Seat 2: FACCHETADE$ ($35.78 in chips) 
Seat 3: BlackWinegum ($4.84 in chips) 
Seat 4: eurosmile505 ($5.07 in chips) 
Seat 6: mahspace ($6.32 in chips) 
Seat 7: ProudDad2009 ($7.89 in chips) 
Seat 8: Larry-s1980 ($10.21 in chips) 
Seat 9: Jaguar78917 ($6.11 in chips) 
eurosmile505: posts small blind $0.02
mahspace: posts big blind $0.05
*** HOLE CARDS ***
Dealt to Dorex2007 [7h 6c]
ProudDad2009: folds 
Larry-s1980: folds 
Jaguar78917: folds 
Dorex2007: folds 
FACCHETADE$: folds 
BlackWinegum: folds 
eurosmile505: raises $0.10 to $0.15
mahspace: raises $0.45 to $0.60
eurosmile505: folds 
Uncalled bet ($0.45) returned to mahspace
mahspace collected $0.30 from pot
mahspace: doesn't show hand 
*** SUMMARY ***
Total pot $0.30 | Rake $0 
Seat 1: Dorex2007 folded before Flop (didn't bet)
Seat 2: FACCHETADE$ folded before Flop (didn't bet)
Seat 3: BlackWinegum (button) folded before Flop (didn't bet)
Seat 4: eurosmile505 (small blind) folded before Flop
Seat 6: mahspace (big blind) collected ($0.30)
Seat 7: ProudDad2009 folded before Flop (didn't bet)
Seat 8: Larry-s1980 folded before Flop (didn't bet)
Seat 9: Jaguar78917 folded before Flop (didn't bet)



PokerStars Hand #238334396120:  Hold'em No Limit ($0.02/$0.05 USD) - 2022/08/31 12:42:54 PT [2022/08/31 15:42:54 ET]
Table 'Odysseus' 9-max Seat #4 is the button
Seat 1: Dorex2007 ($6.80 in chips) 
Seat 2: FACCHETADE$ ($35.78 in chips) 
Seat 3: BlackWinegum ($4.84 in chips) 
Seat 4: eurosmile505 ($5 in chips) 
Seat 6: mahspace ($6.47 in chips) 
Seat 7: ProudDad2009 ($7.89 in chips) 
Seat 8: Larry-s1980 ($10.21 in chips) 
Seat 9: Jaguar78917 ($6.11 in chips) 
mahspace: posts small blind $0.02
ProudDad2009: posts big blind $0.05
*** HOLE CARDS ***
Dealt to Dorex2007 [Ts 7h]
Larry-s1980: folds 
Jaguar78917: folds 
Dorex2007: folds 
FACCHETADE$: folds 
BlackWinegum: folds 
eurosmile505: raises $0.07 to $0.12
mahspace: folds 
ProudDad2009: calls $0.07
*** FLOP *** [7d Qd 8h]
ProudDad2009: checks 
eurosmile505: bets $0.13
ProudDad2009: folds 
Uncalled bet ($0.13) returned to eurosmile505
eurosmile505 collected $0.25 from pot
eurosmile505: doesn't show hand 
*** SUMMARY ***
Total pot $0.26 | Rake $0.01 
Board [7d Qd 8h]
Seat 1: Dorex2007 folded before Flop (didn't bet)
Seat 2: FACCHETADE$ folded before Flop (didn't bet)
Seat 3: BlackWinegum folded before Flop (didn't bet)
Seat 4: eurosmile505 (button) collected ($0.25)
Seat 6: mahspace (small blind) folded before Flop
Seat 7: ProudDad2009 (big blind) folded on the Flop
Seat 8: Larry-s1980 folded before Flop (didn't bet)
Seat 9: Jaguar78917 folded before Flop (didn't bet)



PokerStars Hand #238334407639:  Hold'em No Limit ($0.02/$0.05 USD) - 2022/08/31 12:43:25 PT [2022/08/31 15:43:25 ET]
Table 'Odysseus' 9-max Seat #6 is the button
Seat 1: Dorex2007 ($6.80 in chips) 
Seat 2: FACCHETADE$ ($35.78 in chips) 
Seat 3: BlackWinegum ($4.84 in chips) 
Seat 4: eurosmile505 ($5.13 in chips) 
Seat 6: mahspace ($6.45 in chips) 
Seat 7: ProudDad2009 ($7.77 in chips) 
Seat 8: Larry-s1980 ($10.21 in chips) 
Seat 9: Jaguar78917 ($6.11 in chips) 
ProudDad2009: posts small blind $0.02
Larry-s1980: posts big blind $0.05
*** HOLE CARDS ***
Dealt to Dorex2007 [8s Jc]
Jaguar78917: folds 
Dorex2007: folds 
FACCHETADE$: folds 
BlackWinegum: folds 
eurosmile505: folds 
mahspace: raises $0.10 to $0.15
ProudDad2009: folds 
Larry-s1980: folds 
Uncalled bet ($0.10) returned to mahspace
mahspace collected $0.12 from pot
mahspace: doesn't show hand 
*** SUMMARY ***
Total pot $0.12 | Rake $0 
Seat 1: Dorex2007 folded before Flop (didn't bet)
Seat 2: FACCHETADE$ folded before Flop (didn't bet)
Seat 3: BlackWinegum folded before Flop (didn't bet)
Seat 4: eurosmile505 folded before Flop (didn't bet)
Seat 6: mahspace (button) collected ($0.12)
Seat 7: ProudDad2009 (small blind) folded before Flop
Seat 8: Larry-s1980 (big blind) folded before Flop
Seat 9: Jaguar78917 folded before Flop (didn't bet)



PokerStars Hand #238334412227:  Hold'em No Limit ($0.02/$0.05 USD) - 2022/08/31 12:43:38 PT [2022/08/31 15:43:38 ET]
Table 'Odysseus' 9-max Seat #7 is the button
Seat 1: Dorex2007 ($6.80 in chips) 
Seat 2: FACCHETADE$ ($35.78 in chips) 
Seat 3: BlackWinegum ($4.84 in chips) 
Seat 4: eurosmile505 ($5.13 in chips) 
Seat 6: mahspace ($6.52 in chips) 
Seat 7: ProudDad2009 ($7.75 in chips) 
Seat 8: Larry-s1980 ($10.16 in chips) 
Seat 9: Jaguar78917 ($6.11 in chips) 
Larry-s1980: posts small blind $0.02
Jaguar78917: posts big blind $0.05
*** HOLE CARDS ***
Dealt to Dorex2007 [Kh 6d]
Dorex2007: folds 
FACCHETADE$: folds 
BlackWinegum: folds 
eurosmile505: folds 
mahspace: raises $0.10 to $0.15
ProudDad2009: folds 
Larry-s1980: folds 
Jaguar78917: folds 
Uncalled bet ($0.10) returned to mahspace
mahspace collected $0.12 from pot
mahspace: doesn't show hand 
*** SUMMARY ***
Total pot $0.12 | Rake $0 
Seat 1: Dorex2007 folded before Flop (didn't bet)
Seat 2: FACCHETADE$ folded before Flop (didn't bet)
Seat 3: BlackWinegum folded before Flop (didn't bet)
Seat 4: eurosmile505 folded before Flop (didn't bet)
Seat 6: mahspace collected ($0.12)
Seat 7: ProudDad2009 (button) folded before Flop (didn't bet)
Seat 8: Larry-s1980 (small blind) folded before Flop
Seat 9: Jaguar78917 (big blind) folded before Flop



PokerStars Hand #238334419950:  Hold'em No Limit ($0.02/$0.05 USD) - 2022/08/31 12:43:59 PT [2022/08/31 15:43:59 ET]
Table 'Odysseus' 9-max Seat #8 is the button
Seat 1: Dorex2007 ($6.80 in chips) 
Seat 2: FACCHETADE$ ($35.78 in chips) 
Seat 3: BlackWinegum ($4.84 in chips) 
Seat 4: eurosmile505 ($5.13 in chips) 
Seat 6: mahspace ($6.59 in chips) 
Seat 7: ProudDad2009 ($7.75 in chips) 
Seat 8: Larry-s1980 ($10.14 in chips) 
Seat 9: Jaguar78917 ($6.06 in chips) 
Jaguar78917: posts small blind $0.02
Dorex2007: posts big blind $0.05
*** HOLE CARDS ***
Dealt to Dorex2007 [Jd 8d]
FACCHETADE$: folds 
BlackWinegum: folds 
eurosmile505: folds 
mahspace: folds 
ProudDad2009: raises $0.10 to $0.15
Larry-s1980: raises $0.30 to $0.45
Jaguar78917: folds 
Dorex2007: folds 
ProudDad2009: calls $0.30
*** FLOP *** [6s As Ac]
ProudDad2009: bets $0.46
Larry-s1980: raises $0.46 to $0.92
ProudDad2009: folds 
Uncalled bet ($0.46) returned to Larry-s1980
Larry-s1980 collected $1.81 from pot
Larry-s1980: doesn't show hand 
*** SUMMARY ***
Total pot $1.89 | Rake $0.08 
Board [6s As Ac]
Seat 1: Dorex2007 (big blind) folded before Flop
Seat 2: FACCHETADE$ folded before Flop (didn't bet)
Seat 3: BlackWinegum folded before Flop (didn't bet)
Seat 4: eurosmile505 folded before Flop (didn't bet)
Seat 6: mahspace folded before Flop (didn't bet)
Seat 7: ProudDad2009 folded on the Flop
Seat 8: Larry-s1980 (button) collected ($1.81)
Seat 9: Jaguar78917 (small blind) folded before Flop



PokerStars Hand #238334432645:  Hold'em No Limit ($0.02/$0.05 USD) - 2022/08/31 12:44:34 PT [2022/08/31 15:44:34 ET]
Table 'Odysseus' 9-max Seat #9 is the button
Seat 1: Dorex2007 ($6.75 in chips) 
Seat 2: FACCHETADE$ ($35.78 in chips) 
Seat 3: BlackWinegum ($4.84 in chips) 
Seat 4: eurosmile505 ($5.13 in chips) 
Seat 6: mahspace ($6.59 in chips) 
Seat 7: ProudDad2009 ($6.84 in chips) 
Seat 8: Larry-s1980 ($11.04 in chips) 
Seat 9: Jaguar78917 ($6.04 in chips) 
Dorex2007: posts small blind $0.02
FACCHETADE$: posts big blind $0.05
*** HOLE CARDS ***
Dealt to Dorex2007 [5d 2h]
BlackWinegum: folds 
eurosmile505: folds 
mahspace: folds 
ProudDad2009: raises $0.15 to $0.20
Larry-s1980: folds 
Jaguar78917: folds 
Dorex2007: folds 
FACCHETADE$: calls $0.15
*** FLOP *** [Ad Th 4d]
FACCHETADE$: checks 
ProudDad2009: bets $0.20
FACCHETADE$: folds 
Uncalled bet ($0.20) returned to ProudDad2009
ProudDad2009 collected $0.40 from pot
*** SUMMARY ***
Total pot $0.42 | Rake $0.02 
Board [Ad Th 4d]
Seat 1: Dorex2007 (small blind) folded before Flop
Seat 2: FACCHETADE$ (big blind) folded on the Flop
Seat 3: BlackWinegum folded before Flop (didn't bet)
Seat 4: eurosmile505 folded before Flop (didn't bet)
Seat 6: mahspace folded before Flop (didn't bet)
Seat 7: ProudDad2009 collected ($0.40)
Seat 8: Larry-s1980 folded before Flop (didn't bet)
Seat 9: Jaguar78917 (button) folded before Flop (didn't bet)



PokerStars Hand #238334445584:  Hold'em No Limit ($0.02/$0.05 USD) - 2022/08/31 12:45:09 PT [2022/08/31 15:45:09 ET]
Table 'Odysseus' 9-max Seat #1 is the button
Seat 1: Dorex2007 ($6.73 in chips) 
Seat 2: FACCHETADE$ ($35.58 in chips) 
Seat 3: BlackWinegum ($4.84 in chips) 
Seat 4: eurosmile505 ($5.13 in chips) 
Seat 6: mahspace ($6.59 in chips) 
Seat 7: ProudDad2009 ($7.04 in chips) 
Seat 8: Larry-s1980 ($11.04 in chips) 
Seat 9: Jaguar78917 ($6.04 in chips) 
FACCHETADE$: posts small blind $0.02
BlackWinegum: posts big blind $0.05
*** HOLE CARDS ***
Dealt to Dorex2007 [Th 5h]
eurosmile505: raises $0.07 to $0.12
mahspace: folds 
ProudDad2009: folds 
Larry-s1980: folds 
Jaguar78917: folds 
Dorex2007: folds 
FACCHETADE$: folds 
BlackWinegum: folds 
Uncalled bet ($0.07) returned to eurosmile505
eurosmile505 collected $0.12 from pot
eurosmile505: doesn't show hand 
*** SUMMARY ***
Total pot $0.12 | Rake $0 
Seat 1: Dorex2007 (button) folded before Flop (didn't bet)
Seat 2: FACCHETADE$ (small blind) folded before Flop
Seat 3: BlackWinegum (big blind) folded before Flop
Seat 4: eurosmile505 collected ($0.12)
Seat 6: mahspace folded before Flop (didn't bet)
Seat 7: ProudDad2009 folded before Flop (didn't bet)
Seat 8: Larry-s1980 folded before Flop (didn't bet)
Seat 9: Jaguar78917 folded before Flop (didn't bet)



PokerStars Hand #238334449654:  Hold'em No Limit ($0.02/$0.05 USD) - 2022/08/31 12:45:20 PT [2022/08/31 15:45:20 ET]
Table 'Odysseus' 9-max Seat #2 is the button
Seat 1: Dorex2007 ($6.73 in chips) 
Seat 2: FACCHETADE$ ($35.56 in chips) 
Seat 3: BlackWinegum ($4.79 in chips) 
Seat 4: eurosmile505 ($5.20 in chips) 
Seat 6: mahspace ($6.59 in chips) 
Seat 7: ProudDad2009 ($7.04 in chips) 
Seat 8: Larry-s1980 ($11.04 in chips) 
Seat 9: Jaguar78917 ($6.04 in chips) 
BlackWinegum: posts small blind $0.02
eurosmile505: posts big blind $0.05
*** HOLE CARDS ***
Dealt to Dorex2007 [8h Qh]
mahspace: folds 
ProudDad2009: calls $0.05
Larry-s1980: folds 
Jaguar78917: folds 
Dorex2007: folds 
FACCHETADE$: folds 
BlackWinegum: raises $0.10 to $0.15
eurosmile505: folds 
ProudDad2009: calls $0.10
*** FLOP *** [6d 9s Qd]
BlackWinegum: bets $0.20
ProudDad2009: calls $0.20
*** TURN *** [6d 9s Qd] [3h]
BlackWinegum: bets $0.36
ProudDad2009: calls $0.36
*** RIVER *** [6d 9s Qd 3h] [Jd]
BlackWinegum: bets $0.85
ProudDad2009: raises $1.56 to $2.41
BlackWinegum: raises $1.67 to $4.08 and is all-in
ProudDad2009: calls $1.67
*** SHOW DOWN ***
BlackWinegum: shows [Ad 9d] (a flush, Ace high)
ProudDad2009: shows [Th Ks] (a straight, Nine to King)
BlackWinegum collected $9.23 from pot
*** SUMMARY ***
Total pot $9.63 | Rake $0.40 
Board [6d 9s Qd 3h Jd]
Seat 1: Dorex2007 folded before Flop (didn't bet)
Seat 2: FACCHETADE$ (button) folded before Flop (didn't bet)
Seat 3: BlackWinegum (small blind) showed [Ad 9d] and won ($9.23) with a flush, Ace high
Seat 4: eurosmile505 (big blind) folded before Flop
Seat 6: mahspace folded before Flop (didn't bet)
Seat 7: ProudDad2009 showed [Th Ks] and lost with a straight, Nine to King
Seat 8: Larry-s1980 folded before Flop (didn't bet)
Seat 9: Jaguar78917 folded before Flop (didn't bet)



PokerStars Hand #238334466882:  Hold'em No Limit ($0.02/$0.05 USD) - 2022/08/31 12:46:06 PT [2022/08/31 15:46:06 ET]
Table 'Odysseus' 9-max Seat #3 is the button
Seat 1: Dorex2007 ($6.73 in chips) 
Seat 2: FACCHETADE$ ($35.56 in chips) 
Seat 3: BlackWinegum ($9.23 in chips) 
Seat 4: eurosmile505 ($5.15 in chips) 
Seat 6: mahspace ($6.59 in chips) 
Seat 7: ProudDad2009 ($2.25 in chips) 
Seat 8: Larry-s1980 ($11.04 in chips) 
Seat 9: Jaguar78917 ($6.04 in chips) 
eurosmile505: posts small blind $0.02
mahspace: posts big blind $0.05
*** HOLE CARDS ***
Dealt to Dorex2007 [3d 2d]
ProudDad2009: raises $0.12 to $0.17
Larry-s1980: calls $0.17
Jaguar78917: folds 
Dorex2007: folds 
FACCHETADE$: folds 
BlackWinegum: folds 
eurosmile505: folds 
mahspace: folds 
*** FLOP *** [5c Td 3s]
ProudDad2009: bets $0.19
Larry-s1980: folds 
Uncalled bet ($0.19) returned to ProudDad2009
ProudDad2009 collected $0.39 from pot
*** SUMMARY ***
Total pot $0.41 | Rake $0.02 
Board [5c Td 3s]
Seat 1: Dorex2007 folded before Flop (didn't bet)
Seat 2: FACCHETADE$ folded before Flop (didn't bet)
Seat 3: BlackWinegum (button) folded before Flop (didn't bet)
Seat 4: eurosmile505 (small blind) folded before Flop
Seat 6: mahspace (big blind) folded before Flop
Seat 7: ProudDad2009 collected ($0.39)
Seat 8: Larry-s1980 folded on the Flop
Seat 9: Jaguar78917 folded before Flop (didn't bet)



PokerStars Hand #238334476045:  Hold'em No Limit ($0.02/$0.05 USD) - 2022/08/31 12:46:31 PT [2022/08/31 15:46:31 ET]
Table 'Odysseus' 9-max Seat #4 is the button
Seat 1: Dorex2007 ($6.73 in chips) 
Seat 2: FACCHETADE$ ($35.56 in chips) 
Seat 3: BlackWinegum ($9.23 in chips) 
Seat 4: eurosmile505 ($5.13 in chips) 
Seat 6: mahspace ($6.54 in chips) 
Seat 7: ProudDad2009 ($2.47 in chips) 
Seat 8: Larry-s1980 ($10.87 in chips) 
Seat 9: Jaguar78917 ($6.04 in chips) 
mahspace: posts small blind $0.02
ProudDad2009: posts big blind $0.05
*** HOLE CARDS ***
Dealt to Dorex2007 [8h 6c]
Larry-s1980: folds 
Jaguar78917: folds 
Dorex2007: folds 
FACCHETADE$: folds 
BlackWinegum: folds 
eurosmile505: folds 
mahspace: folds 
Uncalled bet ($0.03) returned to ProudDad2009
ProudDad2009 collected $0.04 from pot
*** SUMMARY ***
Total pot $0.04 | Rake $0 
Seat 1: Dorex2007 folded before Flop (didn't bet)
Seat 2: FACCHETADE$ folded before Flop (didn't bet)
Seat 3: BlackWinegum folded before Flop (didn't bet)
Seat 4: eurosmile505 (button) folded before Flop (didn't bet)
Seat 6: mahspace (small blind) folded before Flop
Seat 7: ProudDad2009 (big blind) collected ($0.04)
Seat 8: Larry-s1980 folded before Flop (didn't bet)
Seat 9: Jaguar78917 folded before Flop (didn't bet)



PokerStars Hand #238334480084:  Hold'em No Limit ($0.02/$0.05 USD) - 2022/08/31 12:46:42 PT [2022/08/31 15:46:42 ET]
Table 'Odysseus' 9-max Seat #6 is the button
Seat 1: Dorex2007 ($6.73 in chips) 
Seat 2: FACCHETADE$ ($35.56 in chips) 
Seat 3: BlackWinegum ($9.23 in chips) 
Seat 4: eurosmile505 ($5.13 in chips) 
Seat 6: mahspace ($6.52 in chips) 
Seat 7: ProudDad2009 ($2.49 in chips) 
Seat 8: Larry-s1980 ($10.87 in chips) 
Seat 9: Jaguar78917 ($6.04 in chips) 
ProudDad2009: posts small blind $0.02
Larry-s1980: posts big blind $0.05
*** HOLE CARDS ***
Dealt to Dorex2007 [As Td]
Jaguar78917: folds 
Dorex2007: folds 
FACCHETADE$: folds 
BlackWinegum: folds 
eurosmile505: folds 
mahspace: folds 
ProudDad2009: raises $2.44 to $2.49 and is all-in
S0M30N33L5E joins the table at seat #5 
Larry-s1980: folds 
Uncalled bet ($2.44) returned to ProudDad2009
ProudDad2009 collected $0.10 from pot
*** SUMMARY ***
Total pot $0.10 | Rake $0 
Seat 1: Dorex2007 folded before Flop (didn't bet)
Seat 2: FACCHETADE$ folded before Flop (didn't bet)
Seat 3: BlackWinegum folded before Flop (didn't bet)
Seat 4: eurosmile505 folded before Flop (didn't bet)
Seat 6: mahspace (button) folded before Flop (didn't bet)
Seat 7: ProudDad2009 (small blind) collected ($0.10)
Seat 8: Larry-s1980 (big blind) folded before Flop
Seat 9: Jaguar78917 folded before Flop (didn't bet)



PokerStars Hand #238334486283:  Hold'em No Limit ($0.02/$0.05 USD) - 2022/08/31 12:46:59 PT [2022/08/31 15:46:59 ET]
Table 'Odysseus' 9-max Seat #7 is the button
Seat 1: Dorex2007 ($6.73 in chips) 
Seat 2: FACCHETADE$ ($35.56 in chips) 
Seat 3: BlackWinegum ($9.23 in chips) 
Seat 4: eurosmile505 ($5.13 in chips) 
Seat 6: mahspace ($6.52 in chips) 
Seat 7: ProudDad2009 ($2.54 in chips) 
Seat 8: Larry-s1980 ($10.82 in chips) 
Seat 9: Jaguar78917 ($6.04 in chips) 
Larry-s1980: posts small blind $0.02
Jaguar78917: posts big blind $0.05
S0M30N33L5E: sits out 
*** HOLE CARDS ***
Dealt to Dorex2007 [3c 8d]
Dorex2007: folds 
FACCHETADE$: folds 
BlackWinegum: raises $0.10 to $0.15
eurosmile505: folds 
mahspace: folds 
ProudDad2009: folds 
Larry-s1980: folds 
Jaguar78917: folds 
Uncalled bet ($0.10) returned to BlackWinegum
BlackWinegum collected $0.12 from pot
BlackWinegum: doesn't show hand 
*** SUMMARY ***
Total pot $0.12 | Rake $0 
Seat 1: Dorex2007 folded before Flop (didn't bet)
Seat 2: FACCHETADE$ folded before Flop (didn't bet)
Seat 3: BlackWinegum collected ($0.12)
Seat 4: eurosmile505 folded before Flop (didn't bet)
Seat 6: mahspace folded before Flop (didn't bet)
Seat 7: ProudDad2009 (button) folded before Flop (didn't bet)
Seat 8: Larry-s1980 (small blind) folded before Flop
Seat 9: Jaguar78917 (big blind) folded before Flop



PokerStars Hand #238334492567:  Hold'em No Limit ($0.02/$0.05 USD) - 2022/08/31 12:47:16 PT [2022/08/31 15:47:16 ET]
Table 'Odysseus' 9-max Seat #8 is the button
Seat 1: Dorex2007 ($6.73 in chips) 
Seat 2: FACCHETADE$ ($35.56 in chips) 
Seat 3: BlackWinegum ($9.30 in chips) 
Seat 4: eurosmile505 ($5.13 in chips) 
Seat 6: mahspace ($6.52 in chips) 
Seat 7: ProudDad2009 ($2.54 in chips) 
Seat 8: Larry-s1980 ($10.80 in chips) 
Seat 9: Jaguar78917 ($5.99 in chips) 
Jaguar78917: posts small blind $0.02
Dorex2007: posts big blind $0.05
S0M30N33L5E: sits out 
*** HOLE CARDS ***
Dealt to Dorex2007 [Kc 2d]
FACCHETADE$: folds 
BlackWinegum: folds 
eurosmile505: folds 
mahspace: folds 
ProudDad2009: raises $0.10 to $0.15
Larry-s1980: folds 
Jaguar78917: folds 
Dorex2007: folds 
Uncalled bet ($0.10) returned to ProudDad2009
ProudDad2009 collected $0.12 from pot
*** SUMMARY ***
Total pot $0.12 | Rake $0 
Seat 1: Dorex2007 (big blind) folded before Flop
Seat 2: FACCHETADE$ folded before Flop (didn't bet)
Seat 3: BlackWinegum folded before Flop (didn't bet)
Seat 4: eurosmile505 folded before Flop (didn't bet)
Seat 6: mahspace folded before Flop (didn't bet)
Seat 7: ProudDad2009 collected ($0.12)
Seat 8: Larry-s1980 (button) folded before Flop (didn't bet)
Seat 9: Jaguar78917 (small blind) folded before Flop



PokerStars Hand #238334498569:  Hold'em No Limit ($0.02/$0.05 USD) - 2022/08/31 12:47:33 PT [2022/08/31 15:47:33 ET]
Table 'Odysseus' 9-max Seat #9 is the button
Seat 1: Dorex2007 ($6.68 in chips) 
Seat 2: FACCHETADE$ ($35.56 in chips) 
Seat 3: BlackWinegum ($9.30 in chips) 
Seat 4: eurosmile505 ($5.13 in chips) 
Seat 6: mahspace ($6.52 in chips) 
Seat 7: ProudDad2009 ($2.61 in chips) 
Seat 8: Larry-s1980 ($10.80 in chips) 
Seat 9: Jaguar78917 ($5.97 in chips) 
Dorex2007: posts small blind $0.02
FACCHETADE$: posts big blind $0.05
S0M30N33L5E: sits out 
*** HOLE CARDS ***
Dealt to Dorex2007 [8s Qs]
BlackWinegum: folds 
eurosmile505: folds 
mahspace: folds 
ProudDad2009: calls $0.05
Larry-s1980: folds 
Jaguar78917: folds 
Dorex2007: folds 
FACCHETADE$: checks 
*** FLOP *** [2s Jc Th]
FACCHETADE$: checks 
ProudDad2009: bets $0.06
FACCHETADE$: folds 
Uncalled bet ($0.06) returned to ProudDad2009
ProudDad2009 collected $0.12 from pot
*** SUMMARY ***
Total pot $0.12 | Rake $0 
Board [2s Jc Th]
Seat 1: Dorex2007 (small blind) folded before Flop
Seat 2: FACCHETADE$ (big blind) folded on the Flop
Seat 3: BlackWinegum folded before Flop (didn't bet)
Seat 4: eurosmile505 folded before Flop (didn't bet)
Seat 6: mahspace folded before Flop (didn't bet)
Seat 7: ProudDad2009 collected ($0.12)
Seat 8: Larry-s1980 folded before Flop (didn't bet)
Seat 9: Jaguar78917 (button) folded before Flop (didn't bet)



PokerStars Hand #238334507850:  Hold'em No Limit ($0.02/$0.05 USD) - 2022/08/31 12:47:58 PT [2022/08/31 15:47:58 ET]
Table 'Odysseus' 9-max Seat #1 is the button
Seat 1: Dorex2007 ($6.66 in chips) 
Seat 2: FACCHETADE$ ($35.51 in chips) 
Seat 4: eurosmile505 ($5.13 in chips) 
Seat 6: mahspace ($6.52 in chips) 
Seat 7: ProudDad2009 ($2.68 in chips) 
Seat 8: Larry-s1980 ($10.80 in chips) 
Seat 9: Jaguar78917 ($5.97 in chips) 
FACCHETADE$: posts small blind $0.02
BlackWinegum: is sitting out 
eurosmile505: posts big blind $0.05
S0M30N33L5E: sits out 
*** HOLE CARDS ***
Dealt to Dorex2007 [8c 8s]
mahspace: folds 
ProudDad2009: folds 
Larry-s1980: folds 
BlackWinegum leaves the table
Jaguar78917: raises $0.10 to $0.15
Dorex2007: calls $0.15
FACCHETADE$: folds 
eurosmile505: folds 
*** FLOP *** [Kh Tc Qh]
Lao Tsy joins the table at seat #3 
Jaguar78917: checks 
Dorex2007: checks 
*** TURN *** [Kh Tc Qh] [7d]
Jaguar78917: checks 
Dorex2007: checks 
*** RIVER *** [Kh Tc Qh 7d] [2c]
Jaguar78917: checks 
Dorex2007: checks 
*** SHOW DOWN ***
Jaguar78917: shows [6d Ad] (high card Ace)
Dorex2007: shows [8c 8s] (a pair of Eights)
Dorex2007 collected $0.35 from pot
*** SUMMARY ***
Total pot $0.37 | Rake $0.02 
Board [Kh Tc Qh 7d 2c]
Seat 1: Dorex2007 (button) showed [8c 8s] and won ($0.35) with a pair of Eights
Seat 2: FACCHETADE$ (small blind) folded before Flop
Seat 4: eurosmile505 (big blind) folded before Flop
Seat 6: mahspace folded before Flop (didn't bet)
Seat 7: ProudDad2009 folded before Flop (didn't bet)
Seat 8: Larry-s1980 folded before Flop (didn't bet)
Seat 9: Jaguar78917 showed [6d Ad] and lost with high card Ace



PokerStars Hand #238334524364:  Hold'em No Limit ($0.02/$0.05 USD) - 2022/08/31 12:48:43 PT [2022/08/31 15:48:43 ET]
Table 'Odysseus' 9-max Seat #2 is the button
Seat 1: Dorex2007 ($6.86 in chips) 
Seat 2: FACCHETADE$ ($35.49 in chips) 
Seat 4: eurosmile505 ($5.08 in chips) 
Seat 5: S0M30N33L5E ($3.88 in chips) 
Seat 6: mahspace ($6.52 in chips) 
Seat 7: ProudDad2009 ($2.68 in chips) 
Seat 8: Larry-s1980 ($10.80 in chips) 
Seat 9: Jaguar78917 ($5.82 in chips) 
eurosmile505: posts small blind $0.02
S0M30N33L5E: posts big blind $0.05
*** HOLE CARDS ***
Dealt to Dorex2007 [2s Th]
mahspace: folds 
ProudDad2009: folds 
Larry-s1980: raises $0.10 to $0.15
Jaguar78917: folds 
Dorex2007: folds 
FACCHETADE$: folds 
eurosmile505: folds 
S0M30N33L5E: calls $0.10
*** FLOP *** [3s 8c 8h]
S0M30N33L5E: checks 
Larry-s1980: bets $0.21
S0M30N33L5E: folds 
Uncalled bet ($0.21) returned to Larry-s1980
Larry-s1980 collected $0.31 from pot
Larry-s1980: doesn't show hand 
*** SUMMARY ***
Total pot $0.32 | Rake $0.01 
Board [3s 8c 8h]
Seat 1: Dorex2007 folded before Flop (didn't bet)
Seat 2: FACCHETADE$ (button) folded before Flop (didn't bet)
Seat 4: eurosmile505 (small blind) folded before Flop
Seat 5: S0M30N33L5E (big blind) folded on the Flop
Seat 6: mahspace folded before Flop (didn't bet)
Seat 7: ProudDad2009 folded before Flop (didn't bet)
Seat 8: Larry-s1980 collected ($0.31)
Seat 9: Jaguar78917 folded before Flop (didn't bet)



