PokerStars Hand #237561094763:  Hold'em No Limit ($0.02/$0.05 USD) - 2022/07/24 12:16:45 PT [2022/07/24 15:16:45 ET]
Table 'Aschera' 9-max Seat #8 is the button
Seat 1: alpinopacino ($6.40 in chips) 
Seat 2: DEMIAN770 ($5.23 in chips) 
Seat 3: vicious771 ($6.20 in chips) 
Seat 4: tanyaa1956 ($5 in chips) 
Seat 5: Dorex2007 ($5 in chips) 
Seat 8: emilio991 ($3.42 in chips) 
Seat 9: cr@sh test ($6.75 in chips) 
cr@sh test: posts small blind $0.02
alpinopacino: posts big blind $0.05
Dorex2007: posts big blind $0.05
lauraman: sits out 
*** HOLE CARDS ***
Dealt to Dorex2007 [5h 6d]
DEMIAN770: calls $0.05
vicious771: folds 
tanyaa1956: raises $0.20 to $0.25
Dorex2007: folds 
emilio991: calls $0.25
cr@sh test: folds 
alpinopacino: calls $0.20
DEMIAN770: folds 
*** FLOP *** [2d 7d 3c]
alpinopacino: checks 
tanyaa1956: bets $0.56
emilio991: calls $0.56
alpinopacino: calls $0.56
*** TURN *** [2d 7d 3c] [4h]
alpinopacino: checks 
tanyaa1956: bets $1.63
emilio991: folds 
antonello081 is disconnected 
alpinopacino: calls $1.63
*** RIVER *** [2d 7d 3c 4h] [2s]
alpinopacino: bets $2.78
tanyaa1956: calls $2.56 and is all-in
Uncalled bet ($0.22) returned to alpinopacino
*** SHOW DOWN ***
alpinopacino: shows [3d 3s] (a full house, Threes full of Deuces)
tanyaa1956: shows [Kc Ks] (two pair, Kings and Deuces)
alpinopacino collected $10.48 from pot
*** SUMMARY ***
Total pot $10.93 | Rake $0.45 
Board [2d 7d 3c 4h 2s]
Seat 1: alpinopacino (big blind) showed [3d 3s] and won ($10.48) with a full house, Threes full of Deuces
Seat 2: DEMIAN770 folded before Flop
Seat 3: vicious771 folded before Flop (didn't bet)
Seat 4: tanyaa1956 showed [Kc Ks] and lost with two pair, Kings and Deuces
Seat 5: Dorex2007 folded before Flop (didn't bet)
Seat 8: emilio991 (button) folded on the Turn
Seat 9: cr@sh test (small blind) folded before Flop



PokerStars Hand #237561205672:  Hold'em No Limit ($0.02/$0.05 USD) - 2022/07/24 12:20:45 PT [2022/07/24 15:20:45 ET]
Table 'Aschera' 9-max Seat #7 is the button
Seat 1: alpinopacino ($12.04 in chips) 
Seat 2: DEMIAN770 ($4.54 in chips) 
Seat 3: vicious771 ($6.03 in chips) 
Seat 5: Dorex2007 ($5 in chips) 
Seat 7: lauraman ($5.07 in chips) 
Seat 9: cr@sh test ($6.39 in chips) 
cr@sh test: posts small blind $0.02
alpinopacino: posts big blind $0.05
TheDarkOne: sits out 
Dorex2007: posts small & big blinds $0.07
*** HOLE CARDS ***
Dealt to Dorex2007 [Ts 6d]
DEMIAN770: folds 
vicious771: raises $0.10 to $0.15
Dorex2007: folds 
lauraman: folds 
cr@sh test: folds 
alpinopacino: calls $0.10
*** FLOP *** [5c 4c Jd]
alpinopacino: checks 
vicious771: bets $0.18
alpinopacino: folds 
Uncalled bet ($0.18) returned to vicious771
vicious771 collected $0.37 from pot
*** SUMMARY ***
Total pot $0.39 | Rake $0.02 
Board [5c 4c Jd]
Seat 1: alpinopacino (big blind) folded on the Flop
Seat 2: DEMIAN770 folded before Flop (didn't bet)
Seat 3: vicious771 collected ($0.37)
Seat 5: Dorex2007 folded before Flop (didn't bet)
Seat 7: lauraman (button) folded before Flop (didn't bet)
Seat 9: cr@sh test (small blind) folded before Flop



PokerStars Hand #237561218489:  Hold'em No Limit ($0.02/$0.05 USD) - 2022/07/24 12:21:12 PT [2022/07/24 15:21:12 ET]
Table 'Aschera' 9-max Seat #9 is the button
Seat 1: alpinopacino ($11.89 in chips) 
Seat 2: DEMIAN770 ($5 in chips) 
Seat 3: vicious771 ($6.25 in chips) 
Seat 5: Dorex2007 ($5 in chips) 
Seat 7: lauraman ($5.07 in chips) 
Seat 9: cr@sh test ($6.37 in chips) 
alpinopacino: posts small blind $0.02
DEMIAN770: posts big blind $0.05
TheDarkOne: sits out 
*** HOLE CARDS ***
Dealt to Dorex2007 [7d Ks]
vicious771: folds 
Dorex2007: folds 
lauraman: raises $0.10 to $0.15
cr@sh test: folds 
alpinopacino: folds 
DEMIAN770: folds 
Uncalled bet ($0.10) returned to lauraman
lauraman collected $0.12 from pot
*** SUMMARY ***
Total pot $0.12 | Rake $0 
Seat 1: alpinopacino (small blind) folded before Flop
Seat 2: DEMIAN770 (big blind) folded before Flop
Seat 3: vicious771 folded before Flop (didn't bet)
Seat 5: Dorex2007 folded before Flop (didn't bet)
Seat 7: lauraman collected ($0.12)
Seat 9: cr@sh test (button) folded before Flop (didn't bet)



PokerStars Hand #237561227245:  Hold'em No Limit ($0.02/$0.05 USD) - 2022/07/24 12:21:31 PT [2022/07/24 15:21:31 ET]
Table 'Aschera' 9-max Seat #1 is the button
Seat 1: alpinopacino ($11.87 in chips) 
Seat 2: DEMIAN770 ($5 in chips) 
Seat 3: vicious771 ($6.25 in chips) 
Seat 5: Dorex2007 ($5 in chips) 
Seat 7: lauraman ($5.14 in chips) 
Seat 9: cr@sh test ($6.37 in chips) 
DEMIAN770: posts small blind $0.02
vicious771: posts big blind $0.05
TheDarkOne: sits out 
*** HOLE CARDS ***
Dealt to Dorex2007 [Jh 3h]
Dorex2007: folds 
lauraman: folds 
cr@sh test: folds 
alpinopacino: raises $0.05 to $0.10
DEMIAN770: folds 
vicious771: calls $0.05
*** FLOP *** [Jc 6c 2d]
vicious771: checks 
alpinopacino: checks 
*** TURN *** [Jc 6c 2d] [6d]
vicious771: checks 
alpinopacino: checks 
*** RIVER *** [Jc 6c 2d 6d] [5s]
vicious771: checks 
alpinopacino: checks 
*** SHOW DOWN ***
vicious771: shows [7h Tc] (a pair of Sixes)
alpinopacino: shows [Qd Th] (a pair of Sixes - Queen kicker)
alpinopacino collected $0.21 from pot
*** SUMMARY ***
Total pot $0.22 | Rake $0.01 
Board [Jc 6c 2d 6d 5s]
Seat 1: alpinopacino (button) showed [Qd Th] and won ($0.21) with a pair of Sixes
Seat 2: DEMIAN770 (small blind) folded before Flop
Seat 3: vicious771 (big blind) showed [7h Tc] and lost with a pair of Sixes
Seat 5: Dorex2007 folded before Flop (didn't bet)
Seat 7: lauraman folded before Flop (didn't bet)
Seat 9: cr@sh test folded before Flop (didn't bet)



PokerStars Hand #237561248517:  Hold'em No Limit ($0.02/$0.05 USD) - 2022/07/24 12:22:14 PT [2022/07/24 15:22:14 ET]
Table 'Aschera' 9-max Seat #2 is the button
Seat 1: alpinopacino ($11.98 in chips) 
Seat 2: DEMIAN770 ($5 in chips) 
Seat 3: vicious771 ($6.15 in chips) 
Seat 4: TheDarkOne ($5 in chips) 
Seat 5: Dorex2007 ($5 in chips) 
Seat 7: lauraman ($5.14 in chips) 
Seat 9: cr@sh test ($6.37 in chips) 
vicious771: posts small blind $0.02
TheDarkOne: posts big blind $0.05
*** HOLE CARDS ***
Dealt to Dorex2007 [4s 7d]
Dorex2007: folds 
lauraman: folds 
cr@sh test: folds 
alpinopacino: folds 
DEMIAN770: calls $0.05
vicious771: calls $0.03
TheDarkOne: checks 
*** FLOP *** [Td Jh 4h]
vicious771: checks 
TheDarkOne: checks 
DEMIAN770: checks 
*** TURN *** [Td Jh 4h] [As]
vicious771: checks 
TheDarkOne: checks 
DEMIAN770: checks 
*** RIVER *** [Td Jh 4h As] [Qs]
vicious771: bets $0.05
StasPioneer joins the table at seat #8 
TheDarkOne: folds 
DEMIAN770: folds 
Uncalled bet ($0.05) returned to vicious771
vicious771 collected $0.14 from pot
*** SUMMARY ***
Total pot $0.15 | Rake $0.01 
Board [Td Jh 4h As Qs]
Seat 1: alpinopacino folded before Flop (didn't bet)
Seat 2: DEMIAN770 (button) folded on the River
Seat 3: vicious771 (small blind) collected ($0.14)
Seat 4: TheDarkOne (big blind) folded on the River
Seat 5: Dorex2007 folded before Flop (didn't bet)
Seat 7: lauraman folded before Flop (didn't bet)
Seat 9: cr@sh test folded before Flop (didn't bet)



PokerStars Hand #237561267957:  Hold'em No Limit ($0.02/$0.05 USD) - 2022/07/24 12:22:56 PT [2022/07/24 15:22:56 ET]
Table 'Aschera' 9-max Seat #3 is the button
Seat 1: alpinopacino ($11.98 in chips) 
Seat 2: DEMIAN770 ($4.95 in chips) 
Seat 3: vicious771 ($6.24 in chips) 
Seat 4: TheDarkOne ($5 in chips) 
Seat 5: Dorex2007 ($5 in chips) 
Seat 7: lauraman ($5.14 in chips) 
Seat 8: StasPioneer ($4.85 in chips) 
Seat 9: cr@sh test ($6.37 in chips) 
TheDarkOne: posts small blind $0.02
Dorex2007: posts big blind $0.05
StasPioneer: posts big blind $0.05
*** HOLE CARDS ***
Dealt to Dorex2007 [Kd 8c]
lauraman: folds 
StasPioneer: checks 
cr@sh test: folds 
alpinopacino: folds 
DEMIAN770: folds 
vicious771: folds 
TheDarkOne: calls $0.03
Dorex2007: checks 
*** FLOP *** [4s 7h 6d]
TheDarkOne: checks 
Dorex2007: checks 
StasPioneer: checks 
*** TURN *** [4s 7h 6d] [2d]
TheDarkOne: bets $0.10
Dorex2007: folds 
StasPioneer: folds 
Uncalled bet ($0.10) returned to TheDarkOne
TheDarkOne collected $0.14 from pot
*** SUMMARY ***
Total pot $0.15 | Rake $0.01 
Board [4s 7h 6d 2d]
Seat 1: alpinopacino folded before Flop (didn't bet)
Seat 2: DEMIAN770 folded before Flop (didn't bet)
Seat 3: vicious771 (button) folded before Flop (didn't bet)
Seat 4: TheDarkOne (small blind) collected ($0.14)
Seat 5: Dorex2007 (big blind) folded on the Turn
Seat 7: lauraman folded before Flop (didn't bet)
Seat 8: StasPioneer folded on the Turn (didn't bet)
Seat 9: cr@sh test folded before Flop (didn't bet)



PokerStars Hand #237561283735:  Hold'em No Limit ($0.02/$0.05 USD) - 2022/07/24 12:23:30 PT [2022/07/24 15:23:30 ET]
Table 'Aschera' 9-max Seat #4 is the button
Seat 1: alpinopacino ($11.98 in chips) 
Seat 2: DEMIAN770 ($5 in chips) 
Seat 3: vicious771 ($6.24 in chips) 
Seat 4: TheDarkOne ($5.09 in chips) 
Seat 5: Dorex2007 ($5 in chips) 
Seat 7: lauraman ($5.14 in chips) 
Seat 8: StasPioneer ($4.80 in chips) 
Seat 9: cr@sh test ($6.37 in chips) 
Dorex2007: posts small blind $0.02
lauraman: posts big blind $0.05
*** HOLE CARDS ***
Dealt to Dorex2007 [2d 8d]
StasPioneer: raises $0.10 to $0.15
cr@sh test: folds 
alpinopacino: folds 
DEMIAN770: folds 
vicious771: folds 
TheDarkOne: folds 
Dorex2007: folds 
lauraman: folds 
Uncalled bet ($0.10) returned to StasPioneer
StasPioneer collected $0.12 from pot
*** SUMMARY ***
Total pot $0.12 | Rake $0 
Seat 1: alpinopacino folded before Flop (didn't bet)
Seat 2: DEMIAN770 folded before Flop (didn't bet)
Seat 3: vicious771 folded before Flop (didn't bet)
Seat 4: TheDarkOne (button) folded before Flop (didn't bet)
Seat 5: Dorex2007 (small blind) folded before Flop
Seat 7: lauraman (big blind) folded before Flop
Seat 8: StasPioneer collected ($0.12)
Seat 9: cr@sh test folded before Flop (didn't bet)



PokerStars Hand #237561294013:  Hold'em No Limit ($0.02/$0.05 USD) - 2022/07/24 12:23:53 PT [2022/07/24 15:23:53 ET]
Table 'Aschera' 9-max Seat #5 is the button
Seat 1: alpinopacino ($11.98 in chips) 
Seat 2: DEMIAN770 ($5 in chips) 
Seat 3: vicious771 ($6.24 in chips) 
Seat 4: TheDarkOne ($5.09 in chips) 
Seat 5: Dorex2007 ($5 in chips) 
Seat 7: lauraman ($5.09 in chips) 
Seat 8: StasPioneer ($4.87 in chips) 
Seat 9: cr@sh test ($6.37 in chips) 
lauraman: posts small blind $0.02
StasPioneer: posts big blind $0.05
*** HOLE CARDS ***
Dealt to Dorex2007 [As 4d]
cr@sh test: raises $0.10 to $0.15
alpinopacino: folds 
DEMIAN770: folds 
vicious771: calls $0.15
TheDarkOne: calls $0.15
Dorex2007: folds 
lauraman: folds 
StasPioneer: calls $0.10
*** FLOP *** [5h 3d 4s]
StasPioneer: checks 
cr@sh test: bets $0.35
vicious771: folds 
TheDarkOne: folds 
StasPioneer: folds 
Uncalled bet ($0.35) returned to cr@sh test
cr@sh test collected $0.59 from pot
*** SUMMARY ***
Total pot $0.62 | Rake $0.03 
Board [5h 3d 4s]
Seat 1: alpinopacino folded before Flop (didn't bet)
Seat 2: DEMIAN770 folded before Flop (didn't bet)
Seat 3: vicious771 folded on the Flop
Seat 4: TheDarkOne folded on the Flop
Seat 5: Dorex2007 (button) folded before Flop (didn't bet)
Seat 7: lauraman (small blind) folded before Flop
Seat 8: StasPioneer (big blind) folded on the Flop
Seat 9: cr@sh test collected ($0.59)



PokerStars Hand #237561322646:  Hold'em No Limit ($0.02/$0.05 USD) - 2022/07/24 12:24:33 PT [2022/07/24 15:24:33 ET]
Table 'Aschera' 9-max Seat #7 is the button
Seat 1: alpinopacino ($11.98 in chips) 
Seat 2: DEMIAN770 ($5 in chips) 
Seat 3: vicious771 ($6.09 in chips) 
Seat 4: TheDarkOne ($5 in chips) 
Seat 5: Dorex2007 ($5 in chips) 
Seat 7: lauraman ($5.07 in chips) 
Seat 8: StasPioneer ($4.72 in chips) 
Seat 9: cr@sh test ($6.81 in chips) 
StasPioneer: posts small blind $0.02
cr@sh test: posts big blind $0.05
*** HOLE CARDS ***
Dealt to Dorex2007 [Tc 7d]
alpinopacino: folds 
DEMIAN770: folds 
vicious771: raises $0.10 to $0.15
TheDarkOne: folds 
Dorex2007: folds 
lauraman: calls $0.15
StasPioneer: folds 
cr@sh test: folds 
*** FLOP *** [8h 8s 3c]
vicious771: checks 
lauraman: checks 
*** TURN *** [8h 8s 3c] [Ah]
vicious771: checks 
lauraman: bets $0.17
vicious771: folds 
Uncalled bet ($0.17) returned to lauraman
lauraman collected $0.35 from pot
*** SUMMARY ***
Total pot $0.37 | Rake $0.02 
Board [8h 8s 3c Ah]
Seat 1: alpinopacino folded before Flop (didn't bet)
Seat 2: DEMIAN770 folded before Flop (didn't bet)
Seat 3: vicious771 folded on the Turn
Seat 4: TheDarkOne folded before Flop (didn't bet)
Seat 5: Dorex2007 folded before Flop (didn't bet)
Seat 7: lauraman (button) collected ($0.35)
Seat 8: StasPioneer (small blind) folded before Flop
Seat 9: cr@sh test (big blind) folded before Flop



PokerStars Hand #237561349111:  Hold'em No Limit ($0.02/$0.05 USD) - 2022/07/24 12:25:30 PT [2022/07/24 15:25:30 ET]
Table 'Aschera' 9-max Seat #8 is the button
Seat 1: alpinopacino ($11.98 in chips) 
Seat 2: DEMIAN770 ($5 in chips) 
Seat 3: vicious771 ($5.94 in chips) 
Seat 4: TheDarkOne ($5 in chips) 
Seat 5: Dorex2007 ($5 in chips) 
Seat 7: lauraman ($5.27 in chips) 
Seat 8: StasPioneer ($5 in chips) 
Seat 9: cr@sh test ($6.76 in chips) 
cr@sh test: posts small blind $0.02
alpinopacino: posts big blind $0.05
*** HOLE CARDS ***
Dealt to Dorex2007 [6s Th]
DEMIAN770: calls $0.05
vicious771: folds 
TheDarkOne: folds 
Dorex2007: folds 
lauraman: raises $0.15 to $0.20
StasPioneer: calls $0.20
cr@sh test: folds 
alpinopacino: folds 
DEMIAN770: folds 
*** FLOP *** [4c 7s 2h]
lauraman: bets $0.20
StasPioneer: folds 
Uncalled bet ($0.20) returned to lauraman
lauraman collected $0.50 from pot
*** SUMMARY ***
Total pot $0.52 | Rake $0.02 
Board [4c 7s 2h]
Seat 1: alpinopacino (big blind) folded before Flop
Seat 2: DEMIAN770 folded before Flop
Seat 3: vicious771 folded before Flop (didn't bet)
Seat 4: TheDarkOne folded before Flop (didn't bet)
Seat 5: Dorex2007 folded before Flop (didn't bet)
Seat 7: lauraman collected ($0.50)
Seat 8: StasPioneer (button) folded on the Flop
Seat 9: cr@sh test (small blind) folded before Flop



PokerStars Hand #237561367583:  Hold'em No Limit ($0.02/$0.05 USD) - 2022/07/24 12:26:09 PT [2022/07/24 15:26:09 ET]
Table 'Aschera' 9-max Seat #9 is the button
Seat 1: alpinopacino ($11.93 in chips) 
Seat 2: DEMIAN770 ($5 in chips) 
Seat 3: vicious771 ($5.94 in chips) 
Seat 4: TheDarkOne ($5 in chips) 
Seat 5: Dorex2007 ($5 in chips) 
Seat 7: lauraman ($5.57 in chips) 
Seat 8: StasPioneer ($4.80 in chips) 
Seat 9: cr@sh test ($6.74 in chips) 
alpinopacino: posts small blind $0.02
DEMIAN770: posts big blind $0.05
*** HOLE CARDS ***
Dealt to Dorex2007 [Jc 2d]
vicious771: folds 
TheDarkOne: raises $0.07 to $0.12
Dorex2007: folds 
lauraman: folds 
StasPioneer: folds 
cr@sh test: folds 
alpinopacino: calls $0.10
DEMIAN770: folds 
*** FLOP *** [4h 7d Ts]
alpinopacino: checks 
TheDarkOne: bets $0.14
alpinopacino: folds 
Uncalled bet ($0.14) returned to TheDarkOne
TheDarkOne collected $0.28 from pot
*** SUMMARY ***
Total pot $0.29 | Rake $0.01 
Board [4h 7d Ts]
Seat 1: alpinopacino (small blind) folded on the Flop
Seat 2: DEMIAN770 (big blind) folded before Flop
Seat 3: vicious771 folded before Flop (didn't bet)
Seat 4: TheDarkOne collected ($0.28)
Seat 5: Dorex2007 folded before Flop (didn't bet)
Seat 7: lauraman folded before Flop (didn't bet)
Seat 8: StasPioneer folded before Flop (didn't bet)
Seat 9: cr@sh test (button) folded before Flop (didn't bet)



PokerStars Hand #237561385865:  Hold'em No Limit ($0.02/$0.05 USD) - 2022/07/24 12:26:49 PT [2022/07/24 15:26:49 ET]
Table 'Aschera' 9-max Seat #1 is the button
Seat 1: alpinopacino ($11.81 in chips) 
Seat 2: DEMIAN770 ($5 in chips) 
Seat 3: vicious771 ($5.94 in chips) 
Seat 4: TheDarkOne ($5.16 in chips) 
Seat 5: Dorex2007 ($5 in chips) 
Seat 7: lauraman ($5.57 in chips) 
Seat 8: StasPioneer ($5 in chips) 
Seat 9: cr@sh test ($6.74 in chips) 
DEMIAN770: posts small blind $0.02
vicious771: posts big blind $0.05
*** HOLE CARDS ***
Dealt to Dorex2007 [Ah 2c]
TheDarkOne: folds 
Dorex2007: folds 
lauraman: folds 
StasPioneer has timed out
StasPioneer: folds 
cr@sh test: folds 
alpinopacino: folds 
DEMIAN770: folds 
Uncalled bet ($0.03) returned to vicious771
vicious771 collected $0.04 from pot
*** SUMMARY ***
Total pot $0.04 | Rake $0 
Seat 1: alpinopacino (button) folded before Flop (didn't bet)
Seat 2: DEMIAN770 (small blind) folded before Flop
Seat 3: vicious771 (big blind) collected ($0.04)
Seat 4: TheDarkOne folded before Flop (didn't bet)
Seat 5: Dorex2007 folded before Flop (didn't bet)
Seat 7: lauraman folded before Flop (didn't bet)
Seat 8: StasPioneer folded before Flop (didn't bet)
Seat 9: cr@sh test folded before Flop (didn't bet)



PokerStars Hand #237561401380:  Hold'em No Limit ($0.02/$0.05 USD) - 2022/07/24 12:27:22 PT [2022/07/24 15:27:22 ET]
Table 'Aschera' 9-max Seat #2 is the button
Seat 1: alpinopacino ($11.81 in chips) 
Seat 2: DEMIAN770 ($4.98 in chips) 
Seat 3: vicious771 ($5.96 in chips) 
Seat 4: TheDarkOne ($5.16 in chips) 
Seat 5: Dorex2007 ($5 in chips) 
Seat 7: lauraman ($5.57 in chips) 
Seat 8: StasPioneer ($5 in chips) 
Seat 9: cr@sh test ($6.74 in chips) 
vicious771: posts small blind $0.02
TheDarkOne: posts big blind $0.05
*** HOLE CARDS ***
Dealt to Dorex2007 [Tc 7s]
Dorex2007: folds 
lauraman: raises $0.10 to $0.15
StasPioneer: folds 
cr@sh test: folds 
alpinopacino has timed out
alpinopacino: folds 
DEMIAN770: folds 
vicious771: calls $0.13
TheDarkOne: folds 
*** FLOP *** [9s Ah Jc]
antonello081 leaves the table
vicious771: bets $0.17
lauraman: calls $0.17
*** TURN *** [9s Ah Jc] [9d]
vicious771: bets $0.33
lauraman: calls $0.33
*** RIVER *** [9s Ah Jc 9d] [5c]
vicious771: checks 
lauraman: checks 
*** SHOW DOWN ***
vicious771: shows [Jh 5h] (two pair, Jacks and Nines)
lauraman: shows [As Ts] (two pair, Aces and Nines)
lauraman collected $1.29 from pot
*** SUMMARY ***
Total pot $1.35 | Rake $0.06 
Board [9s Ah Jc 9d 5c]
Seat 1: alpinopacino folded before Flop (didn't bet)
Seat 2: DEMIAN770 (button) folded before Flop (didn't bet)
Seat 3: vicious771 (small blind) showed [Jh 5h] and lost with two pair, Jacks and Nines
Seat 4: TheDarkOne (big blind) folded before Flop
Seat 5: Dorex2007 folded before Flop (didn't bet)
Seat 7: lauraman showed [As Ts] and won ($1.29) with two pair, Aces and Nines
Seat 8: StasPioneer folded before Flop (didn't bet)
Seat 9: cr@sh test folded before Flop (didn't bet)



PokerStars Hand #237561428106:  Hold'em No Limit ($0.02/$0.05 USD) - 2022/07/24 12:28:20 PT [2022/07/24 15:28:20 ET]
Table 'Aschera' 9-max Seat #3 is the button
Seat 1: alpinopacino ($11.81 in chips) 
Seat 2: DEMIAN770 ($4.98 in chips) 
Seat 3: vicious771 ($5.31 in chips) 
Seat 4: TheDarkOne ($5.11 in chips) 
Seat 5: Dorex2007 ($5 in chips) 
Seat 7: lauraman ($6.21 in chips) 
Seat 8: StasPioneer ($5 in chips) 
Seat 9: cr@sh test ($6.74 in chips) 
TheDarkOne: posts small blind $0.02
Dorex2007: posts big blind $0.05
*** HOLE CARDS ***
Dealt to Dorex2007 [6s Qc]
Schdoerrchen joins the table at seat #6 
lauraman: folds 
StasPioneer: folds 
cr@sh test: raises $0.07 to $0.12
alpinopacino: folds 
DEMIAN770: folds 
vicious771: folds 
vicious771 leaves the table
isior1984 joins the table at seat #3 
TheDarkOne: folds 
Dorex2007: folds 
Uncalled bet ($0.07) returned to cr@sh test
cr@sh test collected $0.12 from pot
*** SUMMARY ***
Total pot $0.12 | Rake $0 
Seat 1: alpinopacino folded before Flop (didn't bet)
Seat 2: DEMIAN770 folded before Flop (didn't bet)
Seat 3: vicious771 (button) folded before Flop (didn't bet)
Seat 4: TheDarkOne (small blind) folded before Flop
Seat 5: Dorex2007 (big blind) folded before Flop
Seat 7: lauraman folded before Flop (didn't bet)
Seat 8: StasPioneer folded before Flop (didn't bet)
Seat 9: cr@sh test collected ($0.12)



PokerStars Hand #237561438352:  Hold'em No Limit ($0.02/$0.05 USD) - 2022/07/24 12:28:41 PT [2022/07/24 15:28:41 ET]
Table 'Aschera' 9-max Seat #4 is the button
Seat 1: alpinopacino ($11.81 in chips) 
Seat 2: DEMIAN770 ($4.98 in chips) 
Seat 4: TheDarkOne ($5.09 in chips) 
Seat 5: Dorex2007 ($5 in chips) 
Seat 6: Schdoerrchen ($5 in chips) 
Seat 7: lauraman ($6.21 in chips) 
Seat 8: StasPioneer ($5 in chips) 
Seat 9: cr@sh test ($6.81 in chips) 
Dorex2007: posts small blind $0.02
Schdoerrchen: posts big blind $0.05
isior1984: sits out 
*** HOLE CARDS ***
Dealt to Dorex2007 [Qs 2c]
lauraman: folds 
StasPioneer: folds 
cr@sh test: folds 
alpinopacino: folds 
DEMIAN770: folds 
TheDarkOne: folds 
Dorex2007: folds 
Uncalled bet ($0.03) returned to Schdoerrchen
Schdoerrchen collected $0.04 from pot
*** SUMMARY ***
Total pot $0.04 | Rake $0 
Seat 1: alpinopacino folded before Flop (didn't bet)
Seat 2: DEMIAN770 folded before Flop (didn't bet)
Seat 4: TheDarkOne (button) folded before Flop (didn't bet)
Seat 5: Dorex2007 (small blind) folded before Flop
Seat 6: Schdoerrchen (big blind) collected ($0.04)
Seat 7: lauraman folded before Flop (didn't bet)
Seat 8: StasPioneer folded before Flop (didn't bet)
Seat 9: cr@sh test folded before Flop (didn't bet)



PokerStars Hand #237561447945:  Hold'em No Limit ($0.02/$0.05 USD) - 2022/07/24 12:29:02 PT [2022/07/24 15:29:02 ET]
Table 'Aschera' 9-max Seat #5 is the button
Seat 1: alpinopacino ($11.81 in chips) 
Seat 2: DEMIAN770 ($5 in chips) 
Seat 3: isior1984 ($2 in chips) 
Seat 4: TheDarkOne ($5.09 in chips) 
Seat 5: Dorex2007 ($5 in chips) 
Seat 6: Schdoerrchen ($5.02 in chips) 
Seat 7: lauraman ($6.21 in chips) 
Seat 8: StasPioneer ($5 in chips) 
Seat 9: cr@sh test ($6.81 in chips) 
Schdoerrchen: posts small blind $0.02
lauraman: posts big blind $0.05
isior1984: posts big blind $0.05
*** HOLE CARDS ***
Dealt to Dorex2007 [8c 2h]
StasPioneer: folds 
cr@sh test: calls $0.05
alpinopacino: folds 
DEMIAN770: calls $0.05
isior1984: checks 
TheDarkOne: calls $0.05
Dorex2007: folds 
Schdoerrchen: calls $0.03
lauraman: checks 
*** FLOP *** [9c Qh Jd]
Schdoerrchen: checks 
lauraman: checks 
cr@sh test: checks 
DEMIAN770: checks 
isior1984: checks 
TheDarkOne: checks 
*** TURN *** [9c Qh Jd] [Td]
Schdoerrchen: checks 
lauraman: checks 
cr@sh test: checks 
DEMIAN770: bets $0.15
isior1984: calls $0.15
TheDarkOne: calls $0.15
Schdoerrchen: folds 
lauraman: folds 
cr@sh test: folds 
*** RIVER *** [9c Qh Jd Td] [Qs]
DEMIAN770: checks 
isior1984: checks 
TheDarkOne: bets $0.45
DEMIAN770: calls $0.45
isior1984: folds 
*** SHOW DOWN ***
TheDarkOne: shows [Kc 7c] (a straight, Nine to King)
DEMIAN770: shows [Ts Kd] (a straight, Nine to King)
DEMIAN770 collected $0.79 from pot
TheDarkOne collected $0.79 from pot
*** SUMMARY ***
Total pot $1.65 | Rake $0.07 
Board [9c Qh Jd Td Qs]
Seat 1: alpinopacino folded before Flop (didn't bet)
Seat 2: DEMIAN770 showed [Ts Kd] and won ($0.79) with a straight, Nine to King
Seat 3: isior1984 folded on the River
Seat 4: TheDarkOne showed [Kc 7c] and won ($0.79) with a straight, Nine to King
Seat 5: Dorex2007 (button) folded before Flop (didn't bet)
Seat 6: Schdoerrchen (small blind) folded on the Turn
Seat 7: lauraman (big blind) folded on the Turn
Seat 8: StasPioneer folded before Flop (didn't bet)
Seat 9: cr@sh test folded on the Turn



PokerStars Hand #237561490871:  Hold'em No Limit ($0.02/$0.05 USD) - 2022/07/24 12:30:32 PT [2022/07/24 15:30:32 ET]
Table 'Aschera' 9-max Seat #6 is the button
Seat 1: alpinopacino ($11.81 in chips) 
Seat 2: DEMIAN770 ($5.14 in chips) 
Seat 3: isior1984 ($1.80 in chips) 
Seat 4: TheDarkOne ($5.23 in chips) 
Seat 5: Dorex2007 ($5 in chips) 
Seat 6: Schdoerrchen ($5 in chips) 
Seat 7: lauraman ($6.16 in chips) 
Seat 8: StasPioneer ($5 in chips) 
Seat 9: cr@sh test ($6.76 in chips) 
lauraman: posts small blind $0.02
StasPioneer: posts big blind $0.05
*** HOLE CARDS ***
Dealt to Dorex2007 [6d Tc]
cr@sh test: folds 
alpinopacino: folds 
DEMIAN770: folds 
isior1984: folds 
TheDarkOne: folds 
Dorex2007: folds 
Schdoerrchen: raises $0.10 to $0.15
lauraman: folds 
StasPioneer: folds 
Uncalled bet ($0.10) returned to Schdoerrchen
Schdoerrchen collected $0.12 from pot
*** SUMMARY ***
Total pot $0.12 | Rake $0 
Seat 1: alpinopacino folded before Flop (didn't bet)
Seat 2: DEMIAN770 folded before Flop (didn't bet)
Seat 3: isior1984 folded before Flop (didn't bet)
Seat 4: TheDarkOne folded before Flop (didn't bet)
Seat 5: Dorex2007 folded before Flop (didn't bet)
Seat 6: Schdoerrchen (button) collected ($0.12)
Seat 7: lauraman (small blind) folded before Flop
Seat 8: StasPioneer (big blind) folded before Flop
Seat 9: cr@sh test folded before Flop (didn't bet)



PokerStars Hand #237561500824:  Hold'em No Limit ($0.02/$0.05 USD) - 2022/07/24 12:30:53 PT [2022/07/24 15:30:53 ET]
Table 'Aschera' 9-max Seat #7 is the button
Seat 1: alpinopacino ($11.81 in chips) 
Seat 2: DEMIAN770 ($5.14 in chips) 
Seat 3: isior1984 ($1.80 in chips) 
Seat 4: TheDarkOne ($5.23 in chips) 
Seat 5: Dorex2007 ($5 in chips) 
Seat 6: Schdoerrchen ($5.07 in chips) 
Seat 7: lauraman ($6.14 in chips) 
Seat 8: StasPioneer ($4.95 in chips) 
Seat 9: cr@sh test ($6.76 in chips) 
StasPioneer: posts small blind $0.02
cr@sh test: posts big blind $0.05
*** HOLE CARDS ***
Dealt to Dorex2007 [6c 2c]
alpinopacino: folds 
DEMIAN770: folds 
isior1984: folds 
TheDarkOne is disconnected 
TheDarkOne has timed out while disconnected
TheDarkOne: folds 
Dorex2007: folds 
Schdoerrchen: folds 
lauraman: folds 
StasPioneer: folds 
Uncalled bet ($0.03) returned to cr@sh test
cr@sh test collected $0.04 from pot
*** SUMMARY ***
Total pot $0.04 | Rake $0 
Seat 1: alpinopacino folded before Flop (didn't bet)
Seat 2: DEMIAN770 folded before Flop (didn't bet)
Seat 3: isior1984 folded before Flop (didn't bet)
Seat 4: TheDarkOne folded before Flop (didn't bet)
Seat 5: Dorex2007 folded before Flop (didn't bet)
Seat 6: Schdoerrchen folded before Flop (didn't bet)
Seat 7: lauraman (button) folded before Flop (didn't bet)
Seat 8: StasPioneer (small blind) folded before Flop
Seat 9: cr@sh test (big blind) collected ($0.04)



PokerStars Hand #237561512225:  Hold'em No Limit ($0.02/$0.05 USD) - 2022/07/24 12:31:18 PT [2022/07/24 15:31:18 ET]
Table 'Aschera' 9-max Seat #8 is the button
Seat 1: alpinopacino ($11.81 in chips) 
Seat 2: DEMIAN770 ($5.14 in chips) 
Seat 3: isior1984 ($1.80 in chips) 
Seat 5: Dorex2007 ($5 in chips) 
Seat 6: Schdoerrchen ($5.07 in chips) 
Seat 7: lauraman ($6.14 in chips) 
Seat 8: StasPioneer ($4.93 in chips) 
Seat 9: cr@sh test ($6.78 in chips) 
cr@sh test: posts small blind $0.02
alpinopacino: posts big blind $0.05
*** HOLE CARDS ***
Dealt to Dorex2007 [3s Ac]
DEMIAN770: folds 
isior1984: calls $0.05
Dorex2007: folds 
Schdoerrchen: calls $0.05
lauraman: raises $0.15 to $0.20
StasPioneer: folds 
cr@sh test: folds 
alpinopacino: calls $0.15
isior1984: calls $0.15
Schdoerrchen: calls $0.15
*** FLOP *** [2d Kh Js]
alpinopacino: bets $0.39
isior1984: calls $0.39
Schdoerrchen: folds 
DEMIAN770 leaves the table
lauraman: folds 
*** TURN *** [2d Kh Js] [5c]
alpinopacino: bets $0.76
isior1984: raises $0.45 to $1.21 and is all-in
alpinopacino: calls $0.45
*** RIVER *** [2d Kh Js 5c] [2h]
*** SHOW DOWN ***
alpinopacino: shows [Kd Ah] (two pair, Kings and Deuces)
isior1984: shows [Kc Jh] (two pair, Kings and Jacks)
isior1984 collected $3.85 from pot
*** SUMMARY ***
Total pot $4.02 | Rake $0.17 
Board [2d Kh Js 5c 2h]
Seat 1: alpinopacino (big blind) showed [Kd Ah] and lost with two pair, Kings and Deuces
Seat 2: DEMIAN770 folded before Flop (didn't bet)
Seat 3: isior1984 showed [Kc Jh] and won ($3.85) with two pair, Kings and Jacks
Seat 5: Dorex2007 folded before Flop (didn't bet)
Seat 6: Schdoerrchen folded on the Flop
Seat 7: lauraman folded on the Flop
Seat 8: StasPioneer (button) folded before Flop (didn't bet)
Seat 9: cr@sh test (small blind) folded before Flop



PokerStars Hand #237561550556:  Hold'em No Limit ($0.02/$0.05 USD) - 2022/07/24 12:32:40 PT [2022/07/24 15:32:40 ET]
Table 'Aschera' 9-max Seat #9 is the button
Seat 1: alpinopacino ($10.01 in chips) 
Seat 3: isior1984 ($3.85 in chips) 
Seat 5: Dorex2007 ($5 in chips) 
Seat 6: Schdoerrchen ($5 in chips) 
Seat 7: lauraman ($5.94 in chips) 
Seat 8: StasPioneer ($4.93 in chips) 
Seat 9: cr@sh test ($6.76 in chips) 
alpinopacino: posts small blind $0.02
isior1984: posts big blind $0.05
*** HOLE CARDS ***
Dealt to Dorex2007 [7h Ad]
Dorex2007: folds 
Schdoerrchen: calls $0.05
lauraman: folds 
StasPioneer: folds 
cr@sh test: raises $0.10 to $0.15
alpinopacino: calls $0.13
isior1984: calls $0.10
Schdoerrchen: calls $0.10
*** FLOP *** [4c Jc 2c]
alpinopacino: checks 
isior1984: checks 
Schdoerrchen: checks 
cr@sh test: bets $0.35
alpinopacino: folds 
isior1984: folds 
Schdoerrchen: folds 
Uncalled bet ($0.35) returned to cr@sh test
cr@sh test collected $0.58 from pot
*** SUMMARY ***
Total pot $0.60 | Rake $0.02 
Board [4c Jc 2c]
Seat 1: alpinopacino (small blind) folded on the Flop
Seat 3: isior1984 (big blind) folded on the Flop
Seat 5: Dorex2007 folded before Flop (didn't bet)
Seat 6: Schdoerrchen folded on the Flop
Seat 7: lauraman folded before Flop (didn't bet)
Seat 8: StasPioneer folded before Flop (didn't bet)
Seat 9: cr@sh test (button) collected ($0.58)



PokerStars Hand #237561574058:  Hold'em No Limit ($0.02/$0.05 USD) - 2022/07/24 12:33:30 PT [2022/07/24 15:33:30 ET]
Table 'Aschera' 9-max Seat #1 is the button
Seat 1: alpinopacino ($9.86 in chips) 
Seat 3: isior1984 ($3.70 in chips) 
Seat 5: Dorex2007 ($5 in chips) 
Seat 6: Schdoerrchen ($5 in chips) 
Seat 7: lauraman ($5.94 in chips) 
Seat 8: StasPioneer ($4.93 in chips) 
Seat 9: cr@sh test ($7.19 in chips) 
isior1984: posts small blind $0.02
Dorex2007: posts big blind $0.05
*** HOLE CARDS ***
Dealt to Dorex2007 [2c 3s]
Schdoerrchen: folds 
pompompusher joins the table at seat #2 
lauraman: folds 
StasPioneer: folds 
cr@sh test: folds 
alpinopacino: folds 
isior1984: folds 
Uncalled bet ($0.03) returned to Dorex2007
Dorex2007 collected $0.04 from pot
*** SUMMARY ***
Total pot $0.04 | Rake $0 
Seat 1: alpinopacino (button) folded before Flop (didn't bet)
Seat 3: isior1984 (small blind) folded before Flop
Seat 5: Dorex2007 (big blind) collected ($0.04)
Seat 6: Schdoerrchen folded before Flop (didn't bet)
Seat 7: lauraman folded before Flop (didn't bet)
Seat 8: StasPioneer folded before Flop (didn't bet)
Seat 9: cr@sh test folded before Flop (didn't bet)



PokerStars Hand #237561579848:  Hold'em No Limit ($0.02/$0.05 USD) - 2022/07/24 12:33:43 PT [2022/07/24 15:33:43 ET]
Table 'Aschera' 9-max Seat #3 is the button
Seat 1: alpinopacino ($9.86 in chips) 
Seat 3: isior1984 ($3.68 in chips) 
Seat 5: Dorex2007 ($5.02 in chips) 
Seat 6: Schdoerrchen ($5 in chips) 
Seat 7: lauraman ($5.94 in chips) 
Seat 8: StasPioneer ($4.93 in chips) 
Seat 9: cr@sh test ($7.19 in chips) 
Dorex2007: posts small blind $0.02
Schdoerrchen: posts big blind $0.05
pompompusher: sits out 
*** HOLE CARDS ***
Dealt to Dorex2007 [2d Kd]
lauraman: folds 
StasPioneer: folds 
cr@sh test: folds 
alpinopacino: folds 
isior1984: calls $0.05
Dorex2007: folds 
Schdoerrchen: checks 
*** FLOP *** [7c Qs Td]
Schdoerrchen: checks 
isior1984: bets $0.10
Schdoerrchen: folds 
Uncalled bet ($0.10) returned to isior1984
isior1984 collected $0.12 from pot
*** SUMMARY ***
Total pot $0.12 | Rake $0 
Board [7c Qs Td]
Seat 1: alpinopacino folded before Flop (didn't bet)
Seat 3: isior1984 (button) collected ($0.12)
Seat 5: Dorex2007 (small blind) folded before Flop
Seat 6: Schdoerrchen (big blind) folded on the Flop
Seat 7: lauraman folded before Flop (didn't bet)
Seat 8: StasPioneer folded before Flop (didn't bet)
Seat 9: cr@sh test folded before Flop (didn't bet)



PokerStars Hand #237561588953:  Hold'em No Limit ($0.02/$0.05 USD) - 2022/07/24 12:34:02 PT [2022/07/24 15:34:02 ET]
Table 'Aschera' 9-max Seat #5 is the button
Seat 1: alpinopacino ($9.86 in chips) 
Seat 3: isior1984 ($3.75 in chips) 
Seat 5: Dorex2007 ($5 in chips) 
Seat 6: Schdoerrchen ($5 in chips) 
Seat 7: lauraman ($5.94 in chips) 
Seat 8: StasPioneer ($4.93 in chips) 
Seat 9: cr@sh test ($7.19 in chips) 
Schdoerrchen: posts small blind $0.02
lauraman: posts big blind $0.05
pompompusher: sits out 
*** HOLE CARDS ***
Dealt to Dorex2007 [Jd Qd]
StasPioneer: raises $0.05 to $0.10
cr@sh test: folds 
alpinopacino: folds 
isior1984: folds 
Dorex2007: calls $0.10
Schdoerrchen: raises $0.35 to $0.45
lauraman: folds 
StasPioneer: calls $0.35
Dorex2007: folds 
*** FLOP *** [5s 3s 7d]
Schdoerrchen: bets $0.67
StasPioneer: folds 
Uncalled bet ($0.67) returned to Schdoerrchen
Schdoerrchen collected $1 from pot
*** SUMMARY ***
Total pot $1.05 | Rake $0.05 
Board [5s 3s 7d]
Seat 1: alpinopacino folded before Flop (didn't bet)
Seat 3: isior1984 folded before Flop (didn't bet)
Seat 5: Dorex2007 (button) folded before Flop
Seat 6: Schdoerrchen (small blind) collected ($1)
Seat 7: lauraman (big blind) folded before Flop
Seat 8: StasPioneer folded on the Flop
Seat 9: cr@sh test folded before Flop (didn't bet)



PokerStars Hand #237561615572:  Hold'em No Limit ($0.02/$0.05 USD) - 2022/07/24 12:34:44 PT [2022/07/24 15:34:44 ET]
Table 'Aschera' 9-max Seat #6 is the button
Seat 1: alpinopacino ($9.86 in chips) 
Seat 3: isior1984 ($3.75 in chips) 
Seat 5: Dorex2007 ($5 in chips) 
Seat 6: Schdoerrchen ($5.55 in chips) 
Seat 7: lauraman ($5.89 in chips) 
Seat 8: StasPioneer ($5 in chips) 
Seat 9: cr@sh test ($7.19 in chips) 
lauraman: posts small blind $0.02
StasPioneer: posts big blind $0.05
pompompusher: sits out 
*** HOLE CARDS ***
Dealt to Dorex2007 [7c 8d]
cr@sh test: raises $0.07 to $0.12
alpinopacino: folds 
isior1984: folds 
Dorex2007: folds 
Schdoerrchen: folds 
lauraman: folds 
StasPioneer: folds 
Uncalled bet ($0.07) returned to cr@sh test
cr@sh test collected $0.12 from pot
*** SUMMARY ***
Total pot $0.12 | Rake $0 
Seat 1: alpinopacino folded before Flop (didn't bet)
Seat 3: isior1984 folded before Flop (didn't bet)
Seat 5: Dorex2007 folded before Flop (didn't bet)
Seat 6: Schdoerrchen (button) folded before Flop (didn't bet)
Seat 7: lauraman (small blind) folded before Flop
Seat 8: StasPioneer (big blind) folded before Flop
Seat 9: cr@sh test collected ($0.12)



PokerStars Hand #237561627499:  Hold'em No Limit ($0.02/$0.05 USD) - 2022/07/24 12:35:10 PT [2022/07/24 15:35:10 ET]
Table 'Aschera' 9-max Seat #7 is the button
Seat 1: alpinopacino ($9.86 in chips) 
Seat 3: isior1984 ($3.75 in chips) 
Seat 5: Dorex2007 ($5 in chips) 
Seat 6: Schdoerrchen ($5.55 in chips) 
Seat 7: lauraman ($5.87 in chips) 
Seat 8: StasPioneer ($4.95 in chips) 
Seat 9: cr@sh test ($7.26 in chips) 
StasPioneer: posts small blind $0.02
cr@sh test: posts big blind $0.05
pompompusher: sits out 
*** HOLE CARDS ***
Dealt to Dorex2007 [Kh 8c]
alpinopacino: folds 
isior1984: folds 
Dorex2007: folds 
Schdoerrchen: folds 
lauraman: folds 
StasPioneer: folds 
Uncalled bet ($0.03) returned to cr@sh test
cr@sh test collected $0.04 from pot
*** SUMMARY ***
Total pot $0.04 | Rake $0 
Seat 1: alpinopacino folded before Flop (didn't bet)
Seat 3: isior1984 folded before Flop (didn't bet)
Seat 5: Dorex2007 folded before Flop (didn't bet)
Seat 6: Schdoerrchen folded before Flop (didn't bet)
Seat 7: lauraman (button) folded before Flop (didn't bet)
Seat 8: StasPioneer (small blind) folded before Flop
Seat 9: cr@sh test (big blind) collected ($0.04)



PokerStars Hand #237561631694:  Hold'em No Limit ($0.02/$0.05 USD) - 2022/07/24 12:35:19 PT [2022/07/24 15:35:19 ET]
Table 'Aschera' 9-max Seat #8 is the button
Seat 1: alpinopacino ($9.86 in chips) 
Seat 3: isior1984 ($3.75 in chips) 
Seat 5: Dorex2007 ($5 in chips) 
Seat 6: Schdoerrchen ($5.55 in chips) 
Seat 7: lauraman ($5.87 in chips) 
Seat 8: StasPioneer ($4.93 in chips) 
Seat 9: cr@sh test ($7.28 in chips) 
cr@sh test: posts small blind $0.02
alpinopacino: posts big blind $0.05
pompompusher: sits out 
*** HOLE CARDS ***
Dealt to Dorex2007 [7h 7c]
isior1984 has timed out
isior1984: folds 
Dorex2007: raises $0.10 to $0.15
Schdoerrchen: folds 
lauraman: folds 
StasPioneer: folds 
cr@sh test: folds 
alpinopacino: calls $0.10
*** FLOP *** [7d 9d 5s]
alpinopacino: checks 
Dorex2007: bets $0.15
alpinopacino: calls $0.15
*** TURN *** [7d 9d 5s] [Ac]
alpinopacino: checks 
Dorex2007: checks 
*** RIVER *** [7d 9d 5s Ac] [Js]
alpinopacino: checks 
Dorex2007: bets $0.29
alpinopacino: folds 
Uncalled bet ($0.29) returned to Dorex2007
Dorex2007 collected $0.59 from pot
*** SUMMARY ***
Total pot $0.62 | Rake $0.03 
Board [7d 9d 5s Ac Js]
Seat 1: alpinopacino (big blind) folded on the River
Seat 3: isior1984 folded before Flop (didn't bet)
Seat 5: Dorex2007 collected ($0.59)
Seat 6: Schdoerrchen folded before Flop (didn't bet)
Seat 7: lauraman folded before Flop (didn't bet)
Seat 8: StasPioneer (button) folded before Flop (didn't bet)
Seat 9: cr@sh test (small blind) folded before Flop



PokerStars Hand #237561661255:  Hold'em No Limit ($0.02/$0.05 USD) - 2022/07/24 12:36:23 PT [2022/07/24 15:36:23 ET]
Table 'Aschera' 9-max Seat #9 is the button
Seat 1: alpinopacino ($9.56 in chips) 
Seat 2: pompompusher ($4 in chips) 
Seat 3: isior1984 ($3.75 in chips) 
Seat 5: Dorex2007 ($5.29 in chips) 
Seat 6: Schdoerrchen ($5.55 in chips) 
Seat 7: lauraman ($5.87 in chips) 
Seat 8: StasPioneer ($4.93 in chips) 
Seat 9: cr@sh test ($7.26 in chips) 
alpinopacino: posts small blind $0.02
pompompusher: posts big blind $0.05
*** HOLE CARDS ***
Dealt to Dorex2007 [9s Jc]
isior1984: calls $0.05
Dorex2007: folds 
Schdoerrchen: folds 
lauraman: folds 
StasPioneer: raises $0.10 to $0.15
cr@sh test: folds 
alpinopacino: calls $0.13
pompompusher: folds 
isior1984: calls $0.10
*** FLOP *** [8s 7d Ks]
alpinopacino: checks 
isior1984: bets $0.10
StasPioneer: calls $0.10
alpinopacino: calls $0.10
*** TURN *** [8s 7d Ks] [Kh]
alpinopacino: checks 
isior1984: checks 
StasPioneer: bets $0.77
alpinopacino: calls $0.77
isior1984: folds 
*** RIVER *** [8s 7d Ks Kh] [8h]
alpinopacino: bets $1.12
StasPioneer: folds 
Uncalled bet ($1.12) returned to alpinopacino
alpinopacino collected $2.24 from pot
*** SUMMARY ***
Total pot $2.34 | Rake $0.10 
Board [8s 7d Ks Kh 8h]
Seat 1: alpinopacino (small blind) collected ($2.24)
Seat 2: pompompusher (big blind) folded before Flop
Seat 3: isior1984 folded on the Turn
Seat 5: Dorex2007 folded before Flop (didn't bet)
Seat 6: Schdoerrchen folded before Flop (didn't bet)
Seat 7: lauraman folded before Flop (didn't bet)
Seat 8: StasPioneer folded on the River
Seat 9: cr@sh test (button) folded before Flop (didn't bet)



PokerStars Hand #237561704886:  Hold'em No Limit ($0.02/$0.05 USD) - 2022/07/24 12:37:57 PT [2022/07/24 15:37:57 ET]
Table 'Aschera' 9-max Seat #1 is the button
Seat 1: alpinopacino ($10.78 in chips) 
Seat 2: pompompusher ($3.95 in chips) 
Seat 3: isior1984 ($3.50 in chips) 
Seat 5: Dorex2007 ($5.29 in chips) 
Seat 6: Schdoerrchen ($5.55 in chips) 
Seat 7: lauraman ($5.87 in chips) 
Seat 8: StasPioneer ($3.91 in chips) 
Seat 9: cr@sh test ($7.26 in chips) 
pompompusher: posts small blind $0.02
isior1984: posts big blind $0.05
*** HOLE CARDS ***
Dealt to Dorex2007 [Ts 9h]
Dorex2007: folds 
Schdoerrchen: folds 
lauraman: folds 
StasPioneer: raises $0.10 to $0.15
cr@sh test: folds 
alpinopacino: calls $0.15
pompompusher: folds 
isior1984: calls $0.10
*** FLOP *** [5d 2d Qs]
isior1984: checks 
StasPioneer: bets $0.15
alpinopacino: calls $0.15
isior1984: folds 
*** TURN *** [5d 2d Qs] [8d]
StasPioneer: checks 
alpinopacino: checks 
*** RIVER *** [5d 2d Qs 8d] [2s]
StasPioneer: bets $0.15
alpinopacino: calls $0.15
*** SHOW DOWN ***
StasPioneer: shows [9c Qc] (two pair, Queens and Deuces)
alpinopacino: mucks hand 
StasPioneer collected $1.03 from pot
*** SUMMARY ***
Total pot $1.07 | Rake $0.04 
Board [5d 2d Qs 8d 2s]
Seat 1: alpinopacino (button) mucked [As 3c]
Seat 2: pompompusher (small blind) folded before Flop
Seat 3: isior1984 (big blind) folded on the Flop
Seat 5: Dorex2007 folded before Flop (didn't bet)
Seat 6: Schdoerrchen folded before Flop (didn't bet)
Seat 7: lauraman folded before Flop (didn't bet)
Seat 8: StasPioneer showed [9c Qc] and won ($1.03) with two pair, Queens and Deuces
Seat 9: cr@sh test folded before Flop (didn't bet)



PokerStars Hand #237561732062:  Hold'em No Limit ($0.02/$0.05 USD) - 2022/07/24 12:38:57 PT [2022/07/24 15:38:57 ET]
Table 'Aschera' 9-max Seat #2 is the button
Seat 1: alpinopacino ($10.33 in chips) 
Seat 2: pompompusher ($3.93 in chips) 
Seat 3: isior1984 ($3.35 in chips) 
Seat 5: Dorex2007 ($5.29 in chips) 
Seat 6: Schdoerrchen ($5.55 in chips) 
Seat 7: lauraman ($5.87 in chips) 
Seat 8: StasPioneer ($5 in chips) 
Seat 9: cr@sh test ($7.26 in chips) 
isior1984: posts small blind $0.02
Dorex2007: posts big blind $0.05
*** HOLE CARDS ***
Dealt to Dorex2007 [Js 4d]
Schdoerrchen: calls $0.05
lauraman: folds 
StasPioneer: folds 
cr@sh test: folds 
alpinopacino: folds 
pompompusher: folds 
isior1984: folds 
Dorex2007: checks 
*** FLOP *** [Kc 5s 4c]
Dorex2007: checks 
Schdoerrchen: checks 
*** TURN *** [Kc 5s 4c] [5d]
Dorex2007: checks 
Schdoerrchen: checks 
*** RIVER *** [Kc 5s 4c 5d] [2h]
Dorex2007: bets $0.06
Schdoerrchen: folds 
Uncalled bet ($0.06) returned to Dorex2007
Dorex2007 collected $0.12 from pot
*** SUMMARY ***
Total pot $0.12 | Rake $0 
Board [Kc 5s 4c 5d 2h]
Seat 1: alpinopacino folded before Flop (didn't bet)
Seat 2: pompompusher (button) folded before Flop (didn't bet)
Seat 3: isior1984 (small blind) folded before Flop
Seat 5: Dorex2007 (big blind) collected ($0.12)
Seat 6: Schdoerrchen folded on the River
Seat 7: lauraman folded before Flop (didn't bet)
Seat 8: StasPioneer folded before Flop (didn't bet)
Seat 9: cr@sh test folded before Flop (didn't bet)



PokerStars Hand #237561751488:  Hold'em No Limit ($0.02/$0.05 USD) - 2022/07/24 12:39:39 PT [2022/07/24 15:39:39 ET]
Table 'Aschera' 9-max Seat #3 is the button
Seat 1: alpinopacino ($10.33 in chips) 
Seat 2: pompompusher ($3.93 in chips) 
Seat 3: isior1984 ($3.33 in chips) 
Seat 5: Dorex2007 ($5.36 in chips) 
Seat 6: Schdoerrchen ($5.50 in chips) 
Seat 7: lauraman ($5.87 in chips) 
Seat 8: StasPioneer ($5 in chips) 
Seat 9: cr@sh test ($7.26 in chips) 
Dorex2007: posts small blind $0.02
Schdoerrchen: posts big blind $0.05
*** HOLE CARDS ***
Dealt to Dorex2007 [7d 2s]
lauraman: folds 
StasPioneer: folds 
cr@sh test: folds 
alpinopacino: folds 
pompompusher: folds 
isior1984: folds 
Dorex2007: folds 
Uncalled bet ($0.03) returned to Schdoerrchen
Schdoerrchen collected $0.04 from pot
*** SUMMARY ***
Total pot $0.04 | Rake $0 
Seat 1: alpinopacino folded before Flop (didn't bet)
Seat 2: pompompusher folded before Flop (didn't bet)
Seat 3: isior1984 (button) folded before Flop (didn't bet)
Seat 5: Dorex2007 (small blind) folded before Flop
Seat 6: Schdoerrchen (big blind) collected ($0.04)
Seat 7: lauraman folded before Flop (didn't bet)
Seat 8: StasPioneer folded before Flop (didn't bet)
Seat 9: cr@sh test folded before Flop (didn't bet)



PokerStars Hand #237561761501:  Hold'em No Limit ($0.02/$0.05 USD) - 2022/07/24 12:40:01 PT [2022/07/24 15:40:01 ET]
Table 'Aschera' 9-max Seat #5 is the button
Seat 1: alpinopacino ($10.33 in chips) 
Seat 2: pompompusher ($3.93 in chips) 
Seat 3: isior1984 ($3.33 in chips) 
Seat 5: Dorex2007 ($5.34 in chips) 
Seat 6: Schdoerrchen ($5.52 in chips) 
Seat 7: lauraman ($5.87 in chips) 
Seat 8: StasPioneer ($5 in chips) 
Seat 9: cr@sh test ($7.26 in chips) 
Schdoerrchen: posts small blind $0.02
lauraman: posts big blind $0.05
TheDarkOne: sits out 
*** HOLE CARDS ***
Dealt to Dorex2007 [7c Kd]
StasPioneer: folds 
cr@sh test: folds 
alpinopacino: folds 
pompompusher: folds 
isior1984: calls $0.05
Dorex2007: folds 
Schdoerrchen: calls $0.03
lauraman: checks 
*** FLOP *** [3s 2d Ah]
Schdoerrchen: bets $0.14
lauraman: folds 
isior1984: folds 
Uncalled bet ($0.14) returned to Schdoerrchen
Schdoerrchen collected $0.14 from pot
*** SUMMARY ***
Total pot $0.15 | Rake $0.01 
Board [3s 2d Ah]
Seat 1: alpinopacino folded before Flop (didn't bet)
Seat 2: pompompusher folded before Flop (didn't bet)
Seat 3: isior1984 folded on the Flop
Seat 5: Dorex2007 (button) folded before Flop (didn't bet)
Seat 6: Schdoerrchen (small blind) collected ($0.14)
Seat 7: lauraman (big blind) folded on the Flop
Seat 8: StasPioneer folded before Flop (didn't bet)
Seat 9: cr@sh test folded before Flop (didn't bet)



PokerStars Hand #237561777330:  Hold'em No Limit ($0.02/$0.05 USD) - 2022/07/24 12:40:36 PT [2022/07/24 15:40:36 ET]
Table 'Aschera' 9-max Seat #6 is the button
Seat 1: alpinopacino ($10.33 in chips) 
Seat 2: pompompusher ($3.93 in chips) 
Seat 3: isior1984 ($3.28 in chips) 
Seat 5: Dorex2007 ($5.34 in chips) 
Seat 6: Schdoerrchen ($5.61 in chips) 
Seat 7: lauraman ($5.82 in chips) 
Seat 8: StasPioneer ($5 in chips) 
Seat 9: cr@sh test ($7.26 in chips) 
lauraman: posts small blind $0.02
StasPioneer: posts big blind $0.05
TheDarkOne: sits out 
*** HOLE CARDS ***
Dealt to Dorex2007 [3c 5s]
cr@sh test: folds 
alpinopacino: calls $0.05
pompompusher: folds 
isior1984: folds 
Dorex2007: folds 
Schdoerrchen: calls $0.05
lauraman: raises $0.20 to $0.25
StasPioneer: folds 
alpinopacino: calls $0.20
Schdoerrchen: folds 
*** FLOP *** [7c Js Kc]
lauraman: bets $0.15
alpinopacino: calls $0.15
*** TURN *** [7c Js Kc] [Kh]
lauraman: bets $0.43
alpinopacino: calls $0.43
*** RIVER *** [7c Js Kc Kh] [Jc]
lauraman: checks 
alpinopacino: checks 
*** SHOW DOWN ***
lauraman: shows [Qs Ad] (two pair, Kings and Jacks)
alpinopacino: shows [Tc Jh] (a full house, Jacks full of Kings)
alpinopacino collected $1.69 from pot
*** SUMMARY ***
Total pot $1.76 | Rake $0.07 
Board [7c Js Kc Kh Jc]
Seat 1: alpinopacino showed [Tc Jh] and won ($1.69) with a full house, Jacks full of Kings
Seat 2: pompompusher folded before Flop (didn't bet)
Seat 3: isior1984 folded before Flop (didn't bet)
Seat 5: Dorex2007 folded before Flop (didn't bet)
Seat 6: Schdoerrchen (button) folded before Flop
Seat 7: lauraman (small blind) showed [Qs Ad] and lost with two pair, Kings and Jacks
Seat 8: StasPioneer (big blind) folded before Flop
Seat 9: cr@sh test folded before Flop (didn't bet)



PokerStars Hand #237561807549:  Hold'em No Limit ($0.02/$0.05 USD) - 2022/07/24 12:41:41 PT [2022/07/24 15:41:41 ET]
Table 'Aschera' 9-max Seat #7 is the button
Seat 1: alpinopacino ($11.19 in chips) 
Seat 2: pompompusher ($3.93 in chips) 
Seat 3: isior1984 ($3.28 in chips) 
Seat 5: Dorex2007 ($5.34 in chips) 
Seat 6: Schdoerrchen ($5.56 in chips) 
Seat 7: lauraman ($4.99 in chips) 
Seat 8: StasPioneer ($4.95 in chips) 
Seat 9: cr@sh test ($7.26 in chips) 
StasPioneer: posts small blind $0.02
cr@sh test: posts big blind $0.05
TheDarkOne: sits out 
*** HOLE CARDS ***
Dealt to Dorex2007 [As 5c]
alpinopacino: folds 
pompompusher: raises $0.10 to $0.15
isior1984: folds 
Dorex2007: folds 
Schdoerrchen: folds 
lauraman: folds 
StasPioneer: folds 
cr@sh test: folds 
Uncalled bet ($0.10) returned to pompompusher
pompompusher collected $0.12 from pot
*** SUMMARY ***
Total pot $0.12 | Rake $0 
Seat 1: alpinopacino folded before Flop (didn't bet)
Seat 2: pompompusher collected ($0.12)
Seat 3: isior1984 folded before Flop (didn't bet)
Seat 5: Dorex2007 folded before Flop (didn't bet)
Seat 6: Schdoerrchen folded before Flop (didn't bet)
Seat 7: lauraman (button) folded before Flop (didn't bet)
Seat 8: StasPioneer (small blind) folded before Flop
Seat 9: cr@sh test (big blind) folded before Flop



PokerStars Hand #237561817346:  Hold'em No Limit ($0.02/$0.05 USD) - 2022/07/24 12:42:03 PT [2022/07/24 15:42:03 ET]
Table 'Aschera' 9-max Seat #8 is the button
Seat 1: alpinopacino ($11.19 in chips) 
Seat 2: pompompusher ($4 in chips) 
Seat 3: isior1984 ($3.28 in chips) 
Seat 5: Dorex2007 ($5.34 in chips) 
Seat 6: Schdoerrchen ($5.56 in chips) 
Seat 7: lauraman ($4.99 in chips) 
Seat 8: StasPioneer ($4.93 in chips) 
Seat 9: cr@sh test ($7.21 in chips) 
cr@sh test: posts small blind $0.02
alpinopacino: posts big blind $0.05
TheDarkOne: sits out 
*** HOLE CARDS ***
Dealt to Dorex2007 [7d 3h]
pompompusher: folds 
isior1984: folds 
Dorex2007: folds 
Schdoerrchen: folds 
lauraman: raises $0.10 to $0.15
StasPioneer: folds 
cr@sh test: folds 
alpinopacino: calls $0.10
*** FLOP *** [4d 8c Td]
alpinopacino: bets $0.31
lauraman: folds 
Uncalled bet ($0.31) returned to alpinopacino
alpinopacino collected $0.31 from pot
*** SUMMARY ***
Total pot $0.32 | Rake $0.01 
Board [4d 8c Td]
Seat 1: alpinopacino (big blind) collected ($0.31)
Seat 2: pompompusher folded before Flop (didn't bet)
Seat 3: isior1984 folded before Flop (didn't bet)
Seat 5: Dorex2007 folded before Flop (didn't bet)
Seat 6: Schdoerrchen folded before Flop (didn't bet)
Seat 7: lauraman folded on the Flop
Seat 8: StasPioneer (button) folded before Flop (didn't bet)
Seat 9: cr@sh test (small blind) folded before Flop



PokerStars Hand #237561826937:  Hold'em No Limit ($0.02/$0.05 USD) - 2022/07/24 12:42:24 PT [2022/07/24 15:42:24 ET]
Table 'Aschera' 9-max Seat #9 is the button
Seat 1: alpinopacino ($11.35 in chips) 
Seat 2: pompompusher ($4 in chips) 
Seat 3: isior1984 ($3.28 in chips) 
Seat 5: Dorex2007 ($5.34 in chips) 
Seat 6: Schdoerrchen ($5.56 in chips) 
Seat 7: lauraman ($4.84 in chips) 
Seat 8: StasPioneer ($4.93 in chips) 
Seat 9: cr@sh test ($7.19 in chips) 
alpinopacino: posts small blind $0.02
pompompusher: posts big blind $0.05
TheDarkOne: sits out 
*** HOLE CARDS ***
Dealt to Dorex2007 [5c 3d]
isior1984: folds 
Dorex2007: folds 
Schdoerrchen: folds 
isior1984 leaves the table
lauraman: folds 
StasPioneer: folds 
cr@sh test: raises $0.05 to $0.10
alpinopacino: calls $0.08
luan azevedo 29 joins the table at seat #3 
pompompusher: folds 
*** FLOP *** [Ah 9d 4d]
alpinopacino: checks 
cr@sh test: bets $0.14
alpinopacino: folds 
Uncalled bet ($0.14) returned to cr@sh test
cr@sh test collected $0.24 from pot
*** SUMMARY ***
Total pot $0.25 | Rake $0.01 
Board [Ah 9d 4d]
Seat 1: alpinopacino (small blind) folded on the Flop
Seat 2: pompompusher (big blind) folded before Flop
Seat 3: isior1984 folded before Flop (didn't bet)
Seat 5: Dorex2007 folded before Flop (didn't bet)
Seat 6: Schdoerrchen folded before Flop (didn't bet)
Seat 7: lauraman folded before Flop (didn't bet)
Seat 8: StasPioneer folded before Flop (didn't bet)
Seat 9: cr@sh test (button) collected ($0.24)



PokerStars Hand #237561845471:  Hold'em No Limit ($0.02/$0.05 USD) - 2022/07/24 12:43:04 PT [2022/07/24 15:43:04 ET]
Table 'Aschera' 9-max Seat #1 is the button
Seat 1: alpinopacino ($11.25 in chips) 
Seat 2: pompompusher ($3.95 in chips) 
Seat 3: luan azevedo 29 ($4 in chips) 
Seat 5: Dorex2007 ($5.34 in chips) 
Seat 6: Schdoerrchen ($5.56 in chips) 
Seat 7: lauraman ($4.84 in chips) 
Seat 8: StasPioneer ($4.93 in chips) 
Seat 9: cr@sh test ($7.33 in chips) 
pompompusher: posts small blind $0.02
luan azevedo 29: posts big blind $0.05
TheDarkOne: sits out 
*** HOLE CARDS ***
Dealt to Dorex2007 [9c 3c]
Dorex2007: folds 
Schdoerrchen: folds 
lauraman: raises $0.10 to $0.15
StasPioneer: calls $0.15
cr@sh test: folds 
alpinopacino: folds 
pompompusher: folds 
luan azevedo 29: folds 
*** FLOP *** [8d 6c 8s]
lauraman: checks 
StasPioneer: bets $0.15
lauraman: calls $0.15
*** TURN *** [8d 6c 8s] [9d]
lauraman: checks 
StasPioneer: checks 
*** RIVER *** [8d 6c 8s 9d] [2c]
lauraman: bets $0.40
StasPioneer: folds 
Uncalled bet ($0.40) returned to lauraman
lauraman collected $0.64 from pot
*** SUMMARY ***
Total pot $0.67 | Rake $0.03 
Board [8d 6c 8s 9d 2c]
Seat 1: alpinopacino (button) folded before Flop (didn't bet)
Seat 2: pompompusher (small blind) folded before Flop
Seat 3: luan azevedo 29 (big blind) folded before Flop
Seat 5: Dorex2007 folded before Flop (didn't bet)
Seat 6: Schdoerrchen folded before Flop (didn't bet)
Seat 7: lauraman collected ($0.64)
Seat 8: StasPioneer folded on the River
Seat 9: cr@sh test folded before Flop (didn't bet)



PokerStars Hand #237561875847:  Hold'em No Limit ($0.02/$0.05 USD) - 2022/07/24 12:44:10 PT [2022/07/24 15:44:10 ET]
Table 'Aschera' 9-max Seat #2 is the button
Seat 1: alpinopacino ($11.25 in chips) 
Seat 2: pompompusher ($3.93 in chips) 
Seat 3: luan azevedo 29 ($3.95 in chips) 
Seat 4: TheDarkOne ($5.23 in chips) 
Seat 5: Dorex2007 ($5.34 in chips) 
Seat 6: Schdoerrchen ($5.56 in chips) 
Seat 7: lauraman ($5.18 in chips) 
Seat 8: StasPioneer ($4.63 in chips) 
Seat 9: cr@sh test ($7.33 in chips) 
luan azevedo 29: posts small blind $0.02
TheDarkOne: posts big blind $0.05
*** HOLE CARDS ***
Dealt to Dorex2007 [5h 5s]
Dorex2007: folds 
Schdoerrchen: folds 
lauraman: folds 
StasPioneer: raises $0.10 to $0.15
cr@sh test: folds 
alpinopacino: folds 
pompompusher: folds 
luan azevedo 29: calls $0.13
TheDarkOne: folds 
*** FLOP *** [5d 3c 9c]
luan azevedo 29: checks 
StasPioneer: bets $0.20
luan azevedo 29: folds 
Uncalled bet ($0.20) returned to StasPioneer
StasPioneer collected $0.34 from pot
*** SUMMARY ***
Total pot $0.35 | Rake $0.01 
Board [5d 3c 9c]
Seat 1: alpinopacino folded before Flop (didn't bet)
Seat 2: pompompusher (button) folded before Flop (didn't bet)
Seat 3: luan azevedo 29 (small blind) folded on the Flop
Seat 4: TheDarkOne (big blind) folded before Flop
Seat 5: Dorex2007 folded before Flop (didn't bet)
Seat 6: Schdoerrchen folded before Flop (didn't bet)
Seat 7: lauraman folded before Flop (didn't bet)
Seat 8: StasPioneer collected ($0.34)
Seat 9: cr@sh test folded before Flop (didn't bet)



PokerStars Hand #237561891371:  Hold'em No Limit ($0.02/$0.05 USD) - 2022/07/24 12:44:44 PT [2022/07/24 15:44:44 ET]
Table 'Aschera' 9-max Seat #3 is the button
Seat 1: alpinopacino ($11.25 in chips) 
Seat 2: pompompusher ($3.93 in chips) 
Seat 3: luan azevedo 29 ($3.80 in chips) 
Seat 4: TheDarkOne ($5.18 in chips) 
Seat 5: Dorex2007 ($5.34 in chips) 
Seat 6: Schdoerrchen ($5.56 in chips) 
Seat 7: lauraman ($5.18 in chips) 
Seat 8: StasPioneer ($4.82 in chips) 
Seat 9: cr@sh test ($7.33 in chips) 
TheDarkOne: posts small blind $0.02
Dorex2007: posts big blind $0.05
*** HOLE CARDS ***
Dealt to Dorex2007 [2h 9h]
Schdoerrchen: folds 
lauraman: raises $0.10 to $0.15
StasPioneer: folds 
cr@sh test: folds 
alpinopacino: folds 
pompompusher: folds 
luan azevedo 29: folds 
TheDarkOne: folds 
Dorex2007: folds 
Uncalled bet ($0.10) returned to lauraman
lauraman collected $0.12 from pot
*** SUMMARY ***
Total pot $0.12 | Rake $0 
Seat 1: alpinopacino folded before Flop (didn't bet)
Seat 2: pompompusher folded before Flop (didn't bet)
Seat 3: luan azevedo 29 (button) folded before Flop (didn't bet)
Seat 4: TheDarkOne (small blind) folded before Flop
Seat 5: Dorex2007 (big blind) folded before Flop
Seat 6: Schdoerrchen folded before Flop (didn't bet)
Seat 7: lauraman collected ($0.12)
Seat 8: StasPioneer folded before Flop (didn't bet)
Seat 9: cr@sh test folded before Flop (didn't bet)



PokerStars Hand #237561898918:  Hold'em No Limit ($0.02/$0.05 USD) - 2022/07/24 12:45:01 PT [2022/07/24 15:45:01 ET]
Table 'Aschera' 9-max Seat #4 is the button
Seat 1: alpinopacino ($11.25 in chips) 
Seat 2: pompompusher ($3.93 in chips) 
Seat 3: luan azevedo 29 ($3.80 in chips) 
Seat 4: TheDarkOne ($5.16 in chips) 
Seat 5: Dorex2007 ($5.29 in chips) 
Seat 6: Schdoerrchen ($5.56 in chips) 
Seat 7: lauraman ($5.25 in chips) 
Seat 8: StasPioneer ($5 in chips) 
Seat 9: cr@sh test ($7.33 in chips) 
Dorex2007: posts small blind $0.02
Schdoerrchen: posts big blind $0.05
*** HOLE CARDS ***
Dealt to Dorex2007 [6d 6c]
lauraman: folds 
StasPioneer: folds 
cr@sh test: folds 
alpinopacino: raises $0.05 to $0.10
pompompusher: folds 
luan azevedo 29: folds 
TheDarkOne: folds 
Dorex2007: calls $0.08
Schdoerrchen: folds 
*** FLOP *** [4c 2s 5s]
Dorex2007: checks 
alpinopacino: bets $0.12
Dorex2007: folds 
Uncalled bet ($0.12) returned to alpinopacino
alpinopacino collected $0.24 from pot
*** SUMMARY ***
Total pot $0.25 | Rake $0.01 
Board [4c 2s 5s]
Seat 1: alpinopacino collected ($0.24)
Seat 2: pompompusher folded before Flop (didn't bet)
Seat 3: luan azevedo 29 folded before Flop (didn't bet)
Seat 4: TheDarkOne (button) folded before Flop (didn't bet)
Seat 5: Dorex2007 (small blind) folded on the Flop
Seat 6: Schdoerrchen (big blind) folded before Flop
Seat 7: lauraman folded before Flop (didn't bet)
Seat 8: StasPioneer folded before Flop (didn't bet)
Seat 9: cr@sh test folded before Flop (didn't bet)



PokerStars Hand #237561919214:  Hold'em No Limit ($0.02/$0.05 USD) - 2022/07/24 12:45:42 PT [2022/07/24 15:45:42 ET]
Table 'Aschera' 9-max Seat #5 is the button
Seat 1: alpinopacino ($11.39 in chips) 
Seat 2: pompompusher ($3.93 in chips) 
Seat 3: luan azevedo 29 ($3.80 in chips) 
Seat 4: TheDarkOne ($5.16 in chips) 
Seat 5: Dorex2007 ($5.19 in chips) 
Seat 6: Schdoerrchen ($5.51 in chips) 
Seat 7: lauraman ($5.25 in chips) 
Seat 8: StasPioneer ($5 in chips) 
Seat 9: cr@sh test ($7.33 in chips) 
Schdoerrchen: posts small blind $0.02
lauraman: posts big blind $0.05
*** HOLE CARDS ***
Dealt to Dorex2007 [4d 6h]
StasPioneer has timed out
StasPioneer: folds 
cr@sh test: folds 
alpinopacino: folds 
pompompusher: folds 
luan azevedo 29: calls $0.05
TheDarkOne: raises $0.15 to $0.20
Dorex2007: folds 
Schdoerrchen: folds 
lauraman: folds 
luan azevedo 29: folds 
Uncalled bet ($0.15) returned to TheDarkOne
TheDarkOne collected $0.17 from pot
*** SUMMARY ***
Total pot $0.17 | Rake $0 
Seat 1: alpinopacino folded before Flop (didn't bet)
Seat 2: pompompusher folded before Flop (didn't bet)
Seat 3: luan azevedo 29 folded before Flop
Seat 4: TheDarkOne collected ($0.17)
Seat 5: Dorex2007 (button) folded before Flop (didn't bet)
Seat 6: Schdoerrchen (small blind) folded before Flop
Seat 7: lauraman (big blind) folded before Flop
Seat 8: StasPioneer folded before Flop (didn't bet)
Seat 9: cr@sh test folded before Flop (didn't bet)



PokerStars Hand #237561935454:  Hold'em No Limit ($0.02/$0.05 USD) - 2022/07/24 12:46:18 PT [2022/07/24 15:46:18 ET]
Table 'Aschera' 9-max Seat #6 is the button
Seat 1: alpinopacino ($11.39 in chips) 
Seat 2: pompompusher ($3.93 in chips) 
Seat 3: luan azevedo 29 ($3.75 in chips) 
Seat 4: TheDarkOne ($5.28 in chips) 
Seat 5: Dorex2007 ($5.19 in chips) 
Seat 6: Schdoerrchen ($5.49 in chips) 
Seat 7: lauraman ($5.20 in chips) 
Seat 9: cr@sh test ($7.33 in chips) 
lauraman: posts small blind $0.02
cr@sh test: posts big blind $0.05
*** HOLE CARDS ***
Dealt to Dorex2007 [4s 5c]
alpinopacino: raises $0.05 to $0.10
StasPioneer leaves the table
pompompusher: folds 
luan azevedo 29: folds 
TheDarkOne: raises $0.20 to $0.30
Dorex2007: folds 
Schdoerrchen: folds 
lauraman: folds 
cr@sh test: raises $0.50 to $0.80
EichelEichel joins the table at seat #8 
alpinopacino: folds 
TheDarkOne: calls $0.50
*** FLOP *** [2h Qh 6c]
cr@sh test: bets $0.99
TheDarkOne: folds 
Uncalled bet ($0.99) returned to cr@sh test
cr@sh test collected $1.65 from pot
*** SUMMARY ***
Total pot $1.72 | Rake $0.07 
Board [2h Qh 6c]
Seat 1: alpinopacino folded before Flop
Seat 2: pompompusher folded before Flop (didn't bet)
Seat 3: luan azevedo 29 folded before Flop (didn't bet)
Seat 4: TheDarkOne folded on the Flop
Seat 5: Dorex2007 folded before Flop (didn't bet)
Seat 6: Schdoerrchen (button) folded before Flop (didn't bet)
Seat 7: lauraman (small blind) folded before Flop
Seat 9: cr@sh test (big blind) collected ($1.65)



PokerStars Hand #237561968236:  Hold'em No Limit ($0.02/$0.05 USD) - 2022/07/24 12:47:30 PT [2022/07/24 15:47:30 ET]
Table 'Aschera' 9-max Seat #7 is the button
Seat 1: alpinopacino ($11.29 in chips) 
Seat 2: pompompusher ($3.93 in chips) 
Seat 3: luan azevedo 29 ($3.75 in chips) 
Seat 4: TheDarkOne ($5 in chips) 
Seat 5: Dorex2007 ($5.19 in chips) 
Seat 6: Schdoerrchen ($5.49 in chips) 
Seat 7: lauraman ($5.18 in chips) 
Seat 9: cr@sh test ($8.18 in chips) 
cr@sh test: posts small blind $0.02
alpinopacino: posts big blind $0.05
*** HOLE CARDS ***
Dealt to Dorex2007 [Ac 2h]
pompompusher: folds 
luan azevedo 29: folds 
TheDarkOne: folds 
Dorex2007: folds 
Schdoerrchen: folds 
lauraman: raises $0.10 to $0.15
cr@sh test: folds 
alpinopacino: folds 
Uncalled bet ($0.10) returned to lauraman
lauraman collected $0.12 from pot
*** SUMMARY ***
Total pot $0.12 | Rake $0 
Seat 1: alpinopacino (big blind) folded before Flop
Seat 2: pompompusher folded before Flop (didn't bet)
Seat 3: luan azevedo 29 folded before Flop (didn't bet)
Seat 4: TheDarkOne folded before Flop (didn't bet)
Seat 5: Dorex2007 folded before Flop (didn't bet)
Seat 6: Schdoerrchen folded before Flop (didn't bet)
Seat 7: lauraman (button) collected ($0.12)
Seat 9: cr@sh test (small blind) folded before Flop



PokerStars Hand #237561976646:  Hold'em No Limit ($0.02/$0.05 USD) - 2022/07/24 12:47:48 PT [2022/07/24 15:47:48 ET]
Table 'Aschera' 9-max Seat #9 is the button
Seat 1: alpinopacino ($11.24 in chips) 
Seat 2: pompompusher ($3.93 in chips) 
Seat 3: luan azevedo 29 ($3.75 in chips) 
Seat 4: TheDarkOne ($5 in chips) 
Seat 5: Dorex2007 ($5.19 in chips) 
Seat 6: Schdoerrchen ($5.49 in chips) 
Seat 7: lauraman ($5.25 in chips) 
Seat 8: EichelEichel ($4 in chips) 
Seat 9: cr@sh test ($8.16 in chips) 
alpinopacino: posts small blind $0.02
pompompusher: posts big blind $0.05
EichelEichel: posts big blind $0.05
*** HOLE CARDS ***
Dealt to Dorex2007 [8h 5s]
luan azevedo 29: folds 
TheDarkOne: folds 
Dorex2007: folds 
Schdoerrchen: folds 
lauraman: folds 
EichelEichel: checks 
cr@sh test: raises $0.10 to $0.15
alpinopacino: calls $0.13
pompompusher: folds 
EichelEichel: calls $0.10
*** FLOP *** [3c 5c Js]
alpinopacino: bets $0.24
EichelEichel: folds 
cr@sh test: calls $0.24
*** TURN *** [3c 5c Js] [Qd]
alpinopacino: checks 
cr@sh test: bets $0.47
alpinopacino: calls $0.47
*** RIVER *** [3c 5c Js Qd] [7c]
alpinopacino: checks 
cr@sh test: checks 
*** SHOW DOWN ***
alpinopacino: shows [Jd Kc] (a pair of Jacks)
cr@sh test: mucks hand 
alpinopacino collected $1.84 from pot
*** SUMMARY ***
Total pot $1.92 | Rake $0.08 
Board [3c 5c Js Qd 7c]
Seat 1: alpinopacino (small blind) showed [Jd Kc] and won ($1.84) with a pair of Jacks
Seat 2: pompompusher (big blind) folded before Flop
Seat 3: luan azevedo 29 folded before Flop (didn't bet)
Seat 4: TheDarkOne folded before Flop (didn't bet)
Seat 5: Dorex2007 folded before Flop (didn't bet)
Seat 6: Schdoerrchen folded before Flop (didn't bet)
Seat 7: lauraman folded before Flop (didn't bet)
Seat 8: EichelEichel folded on the Flop
Seat 9: cr@sh test (button) mucked [Ah Kd]



PokerStars Hand #237562009009:  Hold'em No Limit ($0.02/$0.05 USD) - 2022/07/24 12:49:00 PT [2022/07/24 15:49:00 ET]
Table 'Aschera' 9-max Seat #1 is the button
Seat 1: alpinopacino ($12.22 in chips) 
Seat 2: pompompusher ($3.88 in chips) 
Seat 3: luan azevedo 29 ($3.75 in chips) 
Seat 4: TheDarkOne ($5 in chips) 
Seat 5: Dorex2007 ($5.19 in chips) 
Seat 6: Schdoerrchen ($5.49 in chips) 
Seat 7: lauraman ($5.25 in chips) 
Seat 8: EichelEichel ($3.85 in chips) 
Seat 9: cr@sh test ($7.30 in chips) 
pompompusher: posts small blind $0.02
luan azevedo 29: posts big blind $0.05
*** HOLE CARDS ***
Dealt to Dorex2007 [5h 2s]
TheDarkOne: folds 
Dorex2007: folds 
Schdoerrchen: folds 
lauraman: folds 
EichelEichel: folds 
cr@sh test: folds 
alpinopacino: raises $0.05 to $0.10
pompompusher: raises $0.30 to $0.40
luan azevedo 29: folds 
alpinopacino: calls $0.30
*** FLOP *** [9s Ks 4c]
pompompusher: bets $0.30
alpinopacino: raises $0.30 to $0.60
pompompusher: folds 
Uncalled bet ($0.30) returned to alpinopacino
alpinopacino collected $1.39 from pot
*** SUMMARY ***
Total pot $1.45 | Rake $0.06 
Board [9s Ks 4c]
Seat 1: alpinopacino (button) collected ($1.39)
Seat 2: pompompusher (small blind) folded on the Flop
Seat 3: luan azevedo 29 (big blind) folded before Flop
Seat 4: TheDarkOne folded before Flop (didn't bet)
Seat 5: Dorex2007 folded before Flop (didn't bet)
Seat 6: Schdoerrchen folded before Flop (didn't bet)
Seat 7: lauraman folded before Flop (didn't bet)
Seat 8: EichelEichel folded before Flop (didn't bet)
Seat 9: cr@sh test folded before Flop (didn't bet)



PokerStars Hand #237562024957:  Hold'em No Limit ($0.02/$0.05 USD) - 2022/07/24 12:49:35 PT [2022/07/24 15:49:35 ET]
Table 'Aschera' 9-max Seat #2 is the button
Seat 1: alpinopacino ($12.91 in chips) 
Seat 2: pompompusher ($3.18 in chips) 
Seat 3: luan azevedo 29 ($3.70 in chips) 
Seat 4: TheDarkOne ($5 in chips) 
Seat 5: Dorex2007 ($5.19 in chips) 
Seat 6: Schdoerrchen ($5.49 in chips) 
Seat 7: lauraman ($5.25 in chips) 
Seat 8: EichelEichel ($3.85 in chips) 
Seat 9: cr@sh test ($7.30 in chips) 
luan azevedo 29: posts small blind $0.02
TheDarkOne: posts big blind $0.05
*** HOLE CARDS ***
Dealt to Dorex2007 [5c Jd]
Dorex2007: folds 
Schdoerrchen: folds 
lauraman: folds 
EichelEichel: folds 
cr@sh test: folds 
alpinopacino: folds 
pompompusher: folds 
luan azevedo 29: raises $0.10 to $0.15
TheDarkOne: folds 
Uncalled bet ($0.10) returned to luan azevedo 29
luan azevedo 29 collected $0.10 from pot
*** SUMMARY ***
Total pot $0.10 | Rake $0 
Seat 1: alpinopacino folded before Flop (didn't bet)
Seat 2: pompompusher (button) folded before Flop (didn't bet)
Seat 3: luan azevedo 29 (small blind) collected ($0.10)
Seat 4: TheDarkOne (big blind) folded before Flop
Seat 5: Dorex2007 folded before Flop (didn't bet)
Seat 6: Schdoerrchen folded before Flop (didn't bet)
Seat 7: lauraman folded before Flop (didn't bet)
Seat 8: EichelEichel folded before Flop (didn't bet)
Seat 9: cr@sh test folded before Flop (didn't bet)



PokerStars Hand #237562038270:  Hold'em No Limit ($0.02/$0.05 USD) - 2022/07/24 12:50:04 PT [2022/07/24 15:50:04 ET]
Table 'Aschera' 9-max Seat #3 is the button
Seat 1: alpinopacino ($12.91 in chips) 
Seat 2: pompompusher ($3.18 in chips) 
Seat 3: luan azevedo 29 ($3.75 in chips) 
Seat 4: TheDarkOne ($5 in chips) 
Seat 5: Dorex2007 ($5.19 in chips) 
Seat 6: Schdoerrchen ($5.49 in chips) 
Seat 7: lauraman ($5.25 in chips) 
Seat 8: EichelEichel ($3.85 in chips) 
Seat 9: cr@sh test ($7.30 in chips) 
TheDarkOne: posts small blind $0.02
Dorex2007: posts big blind $0.05
*** HOLE CARDS ***
Dealt to Dorex2007 [5d Th]
Schdoerrchen: folds 
lauraman: folds 
EichelEichel: folds 
cr@sh test: folds 
alpinopacino: raises $0.05 to $0.10
pompompusher: folds 
luan azevedo 29: calls $0.10
TheDarkOne: folds 
Dorex2007: folds 
*** FLOP *** [Td 9d 5s]
alpinopacino: checks 
luan azevedo 29: bets $0.20
alpinopacino: folds 
Uncalled bet ($0.20) returned to luan azevedo 29
luan azevedo 29 collected $0.26 from pot
*** SUMMARY ***
Total pot $0.27 | Rake $0.01 
Board [Td 9d 5s]
Seat 1: alpinopacino folded on the Flop
Seat 2: pompompusher folded before Flop (didn't bet)
Seat 3: luan azevedo 29 (button) collected ($0.26)
Seat 4: TheDarkOne (small blind) folded before Flop
Seat 5: Dorex2007 (big blind) folded before Flop
Seat 6: Schdoerrchen folded before Flop (didn't bet)
Seat 7: lauraman folded before Flop (didn't bet)
Seat 8: EichelEichel folded before Flop (didn't bet)
Seat 9: cr@sh test folded before Flop (didn't bet)



PokerStars Hand #237562054025:  Hold'em No Limit ($0.02/$0.05 USD) - 2022/07/24 12:50:39 PT [2022/07/24 15:50:39 ET]
Table 'Aschera' 9-max Seat #4 is the button
Seat 1: alpinopacino ($12.81 in chips) 
Seat 2: pompompusher ($3.18 in chips) 
Seat 3: luan azevedo 29 ($3.91 in chips) 
Seat 4: TheDarkOne ($5 in chips) 
Seat 5: Dorex2007 ($5.14 in chips) 
Seat 6: Schdoerrchen ($5.49 in chips) 
Seat 7: lauraman ($5.25 in chips) 
Seat 8: EichelEichel ($3.85 in chips) 
Seat 9: cr@sh test ($7.30 in chips) 
Dorex2007: posts small blind $0.02
Schdoerrchen: posts big blind $0.05
*** HOLE CARDS ***
Dealt to Dorex2007 [2c Ts]
lauraman: folds 
EichelEichel: folds 
cr@sh test: folds 
alpinopacino: raises $0.05 to $0.10
pompompusher: folds 
luan azevedo 29: calls $0.10
TheDarkOne: folds 
Dorex2007: folds 
Schdoerrchen: folds 
*** FLOP *** [Jh Qd 6d]
alpinopacino: bets $0.26
luan azevedo 29: folds 
Uncalled bet ($0.26) returned to alpinopacino
alpinopacino collected $0.26 from pot
*** SUMMARY ***
Total pot $0.27 | Rake $0.01 
Board [Jh Qd 6d]
Seat 1: alpinopacino collected ($0.26)
Seat 2: pompompusher folded before Flop (didn't bet)
Seat 3: luan azevedo 29 folded on the Flop
Seat 4: TheDarkOne (button) folded before Flop (didn't bet)
Seat 5: Dorex2007 (small blind) folded before Flop
Seat 6: Schdoerrchen (big blind) folded before Flop
Seat 7: lauraman folded before Flop (didn't bet)
Seat 8: EichelEichel folded before Flop (didn't bet)
Seat 9: cr@sh test folded before Flop (didn't bet)



PokerStars Hand #237562065594:  Hold'em No Limit ($0.02/$0.05 USD) - 2022/07/24 12:51:04 PT [2022/07/24 15:51:04 ET]
Table 'Aschera' 9-max Seat #5 is the button
Seat 1: alpinopacino ($12.97 in chips) 
Seat 2: pompompusher ($3.18 in chips) 
Seat 3: luan azevedo 29 ($3.81 in chips) 
Seat 4: TheDarkOne ($5 in chips) 
Seat 5: Dorex2007 ($5.12 in chips) 
Seat 6: Schdoerrchen ($5.44 in chips) 
Seat 7: lauraman ($5.25 in chips) 
Seat 8: EichelEichel ($3.85 in chips) 
Seat 9: cr@sh test ($7.30 in chips) 
Schdoerrchen: posts small blind $0.02
lauraman: posts big blind $0.05
*** HOLE CARDS ***
Dealt to Dorex2007 [6d 6h]
EichelEichel has timed out
EichelEichel: folds 
cr@sh test: raises $0.07 to $0.12
alpinopacino: folds 
pompompusher: folds 
luan azevedo 29: calls $0.12
TheDarkOne: raises $0.28 to $0.40
Dorex2007: folds 
Schdoerrchen: folds 
lauraman: folds 
cr@sh test: calls $0.28
luan azevedo 29: calls $0.28
*** FLOP *** [4c 2s Ks]
cr@sh test: checks 
luan azevedo 29: checks 
TheDarkOne: bets $0.45
cr@sh test: calls $0.45
luan azevedo 29: folds 
*** TURN *** [4c 2s Ks] [5c]
cr@sh test: bets $1.04
TheDarkOne: calls $1.04
*** RIVER *** [4c 2s Ks 5c] [7d]
cr@sh test: bets $1.85
TheDarkOne: calls $1.85
*** SHOW DOWN ***
cr@sh test: shows [Kd Jd] (a pair of Kings)
TheDarkOne: shows [Kc Ah] (a pair of Kings - Ace kicker)
TheDarkOne collected $7.62 from pot
*** SUMMARY ***
Total pot $7.95 | Rake $0.33 
Board [4c 2s Ks 5c 7d]
Seat 1: alpinopacino folded before Flop (didn't bet)
Seat 2: pompompusher folded before Flop (didn't bet)
Seat 3: luan azevedo 29 folded on the Flop
Seat 4: TheDarkOne showed [Kc Ah] and won ($7.62) with a pair of Kings
Seat 5: Dorex2007 (button) folded before Flop (didn't bet)
Seat 6: Schdoerrchen (small blind) folded before Flop
Seat 7: lauraman (big blind) folded before Flop
Seat 8: EichelEichel folded before Flop (didn't bet)
Seat 9: cr@sh test showed [Kd Jd] and lost with a pair of Kings



PokerStars Hand #237562099308:  Hold'em No Limit ($0.02/$0.05 USD) - 2022/07/24 12:52:15 PT [2022/07/24 15:52:15 ET]
Table 'Aschera' 9-max Seat #6 is the button
Seat 1: alpinopacino ($12.97 in chips) 
Seat 2: pompompusher ($3.18 in chips) 
Seat 3: luan azevedo 29 ($3.41 in chips) 
Seat 4: TheDarkOne ($8.88 in chips) 
Seat 5: Dorex2007 ($5.12 in chips) 
Seat 6: Schdoerrchen ($5.42 in chips) 
Seat 7: lauraman ($5.20 in chips) 
Seat 8: EichelEichel ($3.85 in chips) 
Seat 9: cr@sh test ($5 in chips) 
lauraman: posts small blind $0.02
EichelEichel: posts big blind $0.05
*** HOLE CARDS ***
Dealt to Dorex2007 [Ad 5h]
cr@sh test: folds 
alpinopacino: folds 
pompompusher: folds 
luan azevedo 29: folds 
TheDarkOne: raises $0.07 to $0.12
Dorex2007: folds 
Schdoerrchen: folds 
lauraman: folds 
EichelEichel: calls $0.07
*** FLOP *** [6c Ah 3d]
EichelEichel: checks 
TheDarkOne: checks 
*** TURN *** [6c Ah 3d] [3c]
EichelEichel: bets $0.15
TheDarkOne: calls $0.15
*** RIVER *** [6c Ah 3d 3c] [Qc]
EichelEichel: bets $0.20
TheDarkOne: raises $0.60 to $0.80
EichelEichel: folds 
Uncalled bet ($0.60) returned to TheDarkOne
TheDarkOne collected $0.92 from pot
*** SUMMARY ***
Total pot $0.96 | Rake $0.04 
Board [6c Ah 3d 3c Qc]
Seat 1: alpinopacino folded before Flop (didn't bet)
Seat 2: pompompusher folded before Flop (didn't bet)
Seat 3: luan azevedo 29 folded before Flop (didn't bet)
Seat 4: TheDarkOne collected ($0.92)
Seat 5: Dorex2007 folded before Flop (didn't bet)
Seat 6: Schdoerrchen (button) folded before Flop (didn't bet)
Seat 7: lauraman (small blind) folded before Flop
Seat 8: EichelEichel (big blind) folded on the River
Seat 9: cr@sh test folded before Flop (didn't bet)



PokerStars Hand #237562128858:  Hold'em No Limit ($0.02/$0.05 USD) - 2022/07/24 12:53:20 PT [2022/07/24 15:53:20 ET]
Table 'Aschera' 9-max Seat #7 is the button
Seat 1: alpinopacino ($12.97 in chips) 
Seat 2: pompompusher ($3.18 in chips) 
Seat 3: luan azevedo 29 ($3.41 in chips) 
Seat 4: TheDarkOne ($9.33 in chips) 
Seat 5: Dorex2007 ($5.12 in chips) 
Seat 6: Schdoerrchen ($5.42 in chips) 
Seat 7: lauraman ($5.18 in chips) 
Seat 8: EichelEichel ($3.38 in chips) 
Seat 9: cr@sh test ($5 in chips) 
EichelEichel: posts small blind $0.02
cr@sh test: posts big blind $0.05
*** HOLE CARDS ***
Dealt to Dorex2007 [5s Kd]
alpinopacino: raises $0.05 to $0.10
pompompusher: folds 
luan azevedo 29: calls $0.10
TheDarkOne: folds 
Dorex2007: folds 
Schdoerrchen: folds 
lauraman: folds 
EichelEichel: folds 
cr@sh test: folds 
*** FLOP *** [8d 6s Jc]
alpinopacino: checks 
luan azevedo 29: checks 
*** TURN *** [8d 6s Jc] [6c]
alpinopacino: checks 
luan azevedo 29: bets $0.15
alpinopacino: calls $0.15
*** RIVER *** [8d 6s Jc 6c] [2c]
alpinopacino: checks 
luan azevedo 29: bets $0.20
alpinopacino: calls $0.20
*** SHOW DOWN ***
luan azevedo 29: shows [9c As] (a pair of Sixes)
alpinopacino: mucks hand 
luan azevedo 29 collected $0.93 from pot
*** SUMMARY ***
Total pot $0.97 | Rake $0.04 
Board [8d 6s Jc 6c 2c]
Seat 1: alpinopacino mucked [4d Ad]
Seat 2: pompompusher folded before Flop (didn't bet)
Seat 3: luan azevedo 29 showed [9c As] and won ($0.93) with a pair of Sixes
Seat 4: TheDarkOne folded before Flop (didn't bet)
Seat 5: Dorex2007 folded before Flop (didn't bet)
Seat 6: Schdoerrchen folded before Flop (didn't bet)
Seat 7: lauraman (button) folded before Flop (didn't bet)
Seat 8: EichelEichel (small blind) folded before Flop
Seat 9: cr@sh test (big blind) folded before Flop



PokerStars Hand #237562155103:  Hold'em No Limit ($0.02/$0.05 USD) - 2022/07/24 12:54:19 PT [2022/07/24 15:54:19 ET]
Table 'Aschera' 9-max Seat #8 is the button
Seat 1: alpinopacino ($12.52 in chips) 
Seat 2: pompompusher ($3.18 in chips) 
Seat 3: luan azevedo 29 ($3.89 in chips) 
Seat 4: TheDarkOne ($9.33 in chips) 
Seat 5: Dorex2007 ($5.12 in chips) 
Seat 6: Schdoerrchen ($5.42 in chips) 
Seat 7: lauraman ($5.18 in chips) 
Seat 8: EichelEichel ($3.36 in chips) 
Seat 9: cr@sh test ($5 in chips) 
cr@sh test: posts small blind $0.02
alpinopacino: posts big blind $0.05
*** HOLE CARDS ***
Dealt to Dorex2007 [Kh 2s]
pompompusher: folds 
luan azevedo 29: folds 
TheDarkOne: folds 
Dorex2007: folds 
Schdoerrchen: folds 
luan azevedo 29 leaves the table
lauraman: raises $0.15 to $0.20
EichelEichel: folds 
cr@sh test: folds 
AnjoRush joins the table at seat #3 
alpinopacino: calls $0.15
*** FLOP *** [Tc 3h Js]
alpinopacino: checks 
lauraman: bets $0.15
alpinopacino: folds 
Uncalled bet ($0.15) returned to lauraman
lauraman collected $0.40 from pot
*** SUMMARY ***
Total pot $0.42 | Rake $0.02 
Board [Tc 3h Js]
Seat 1: alpinopacino (big blind) folded on the Flop
Seat 2: pompompusher folded before Flop (didn't bet)
Seat 3: luan azevedo 29 folded before Flop (didn't bet)
Seat 4: TheDarkOne folded before Flop (didn't bet)
Seat 5: Dorex2007 folded before Flop (didn't bet)
Seat 6: Schdoerrchen folded before Flop (didn't bet)
Seat 7: lauraman collected ($0.40)
Seat 8: EichelEichel (button) folded before Flop (didn't bet)
Seat 9: cr@sh test (small blind) folded before Flop



PokerStars Hand #237562175032:  Hold'em No Limit ($0.02/$0.05 USD) - 2022/07/24 12:55:05 PT [2022/07/24 15:55:05 ET]
Table 'Aschera' 9-max Seat #9 is the button
Seat 1: alpinopacino ($12.32 in chips) 
Seat 2: pompompusher ($3.18 in chips) 
Seat 4: TheDarkOne ($9.33 in chips) 
Seat 5: Dorex2007 ($5.12 in chips) 
Seat 6: Schdoerrchen ($5.42 in chips) 
Seat 7: lauraman ($5.38 in chips) 
Seat 8: EichelEichel ($3.36 in chips) 
Seat 9: cr@sh test ($5 in chips) 
alpinopacino: posts small blind $0.02
pompompusher: posts big blind $0.05
AnjoRush: sits out 
*** HOLE CARDS ***
Dealt to Dorex2007 [Kh Ac]
TheDarkOne: folds 
Dorex2007: raises $0.10 to $0.15
Schdoerrchen: folds 
lauraman: folds 
EichelEichel: calls $0.15
cr@sh test: folds 
alpinopacino: calls $0.13
pompompusher: folds 
*** FLOP *** [4d 2c 3c]
alpinopacino: checks 
Dorex2007: bets $0.24
EichelEichel: folds 
alpinopacino: folds 
Uncalled bet ($0.24) returned to Dorex2007
Dorex2007 collected $0.48 from pot
*** SUMMARY ***
Total pot $0.50 | Rake $0.02 
Board [4d 2c 3c]
Seat 1: alpinopacino (small blind) folded on the Flop
Seat 2: pompompusher (big blind) folded before Flop
Seat 4: TheDarkOne folded before Flop (didn't bet)
Seat 5: Dorex2007 collected ($0.48)
Seat 6: Schdoerrchen folded before Flop (didn't bet)
Seat 7: lauraman folded before Flop (didn't bet)
Seat 8: EichelEichel folded on the Flop
Seat 9: cr@sh test (button) folded before Flop (didn't bet)



PokerStars Hand #237562186985:  Hold'em No Limit ($0.02/$0.05 USD) - 2022/07/24 12:55:48 PT [2022/07/24 15:55:48 ET]
Table 'Aschera' 9-max Seat #1 is the button
Seat 1: alpinopacino ($12.17 in chips) 
Seat 2: pompompusher ($3.13 in chips) 
Seat 3: AnjoRush ($5 in chips) 
Seat 4: TheDarkOne ($9.33 in chips) 
Seat 5: Dorex2007 ($5.45 in chips) 
Seat 6: Schdoerrchen ($5.42 in chips) 
Seat 7: lauraman ($5.38 in chips) 
Seat 8: EichelEichel ($3.21 in chips) 
Seat 9: cr@sh test ($5 in chips) 
pompompusher: posts small blind $0.02
AnjoRush: posts big blind $0.05
*** HOLE CARDS ***
Dealt to Dorex2007 [5d Ad]
TheDarkOne: folds 
Dorex2007: folds 
Schdoerrchen: folds 
lauraman: folds 
EichelEichel: folds 
cr@sh test: folds 
alpinopacino: folds 
pompompusher: folds 
Uncalled bet ($0.03) returned to AnjoRush
AnjoRush collected $0.04 from pot
*** SUMMARY ***
Total pot $0.04 | Rake $0 
Seat 1: alpinopacino (button) folded before Flop (didn't bet)
Seat 2: pompompusher (small blind) folded before Flop
Seat 3: AnjoRush (big blind) collected ($0.04)
Seat 4: TheDarkOne folded before Flop (didn't bet)
Seat 5: Dorex2007 folded before Flop (didn't bet)
Seat 6: Schdoerrchen folded before Flop (didn't bet)
Seat 7: lauraman folded before Flop (didn't bet)
Seat 8: EichelEichel folded before Flop (didn't bet)
Seat 9: cr@sh test folded before Flop (didn't bet)



PokerStars Hand #237562193797:  Hold'em No Limit ($0.02/$0.05 USD) - 2022/07/24 12:56:06 PT [2022/07/24 15:56:06 ET]
Table 'Aschera' 9-max Seat #2 is the button
Seat 1: alpinopacino ($12.17 in chips) 
Seat 2: pompompusher ($3.11 in chips) 
Seat 3: AnjoRush ($5.02 in chips) 
Seat 4: TheDarkOne ($9.33 in chips) 
Seat 5: Dorex2007 ($5.45 in chips) 
Seat 6: Schdoerrchen ($5.42 in chips) 
Seat 7: lauraman ($5.38 in chips) 
Seat 8: EichelEichel ($3.21 in chips) 
Seat 9: cr@sh test ($5 in chips) 
AnjoRush: posts small blind $0.02
TheDarkOne: posts big blind $0.05
*** HOLE CARDS ***
Dealt to Dorex2007 [Jh 2s]
Dorex2007: folds 
Schdoerrchen: calls $0.05
lauraman: folds 
EichelEichel: folds 
cr@sh test: folds 
alpinopacino: calls $0.05
pompompusher: calls $0.05
AnjoRush: folds 
TheDarkOne: checks 
*** FLOP *** [6s 7c Qd]
TheDarkOne: checks 
Schdoerrchen: checks 
alpinopacino: checks 
pompompusher: bets $0.15
TheDarkOne: calls $0.15
Schdoerrchen: folds 
alpinopacino: folds 
*** TURN *** [6s 7c Qd] [2c]
TheDarkOne: checks 
pompompusher: checks 
*** RIVER *** [6s 7c Qd 2c] [4c]
TheDarkOne: checks 
pompompusher: bets $0.30
TheDarkOne: calls $0.30
*** SHOW DOWN ***
pompompusher: shows [Jd Td] (high card Queen)
TheDarkOne: shows [8h 7h] (a pair of Sevens)
TheDarkOne collected $1.07 from pot
*** SUMMARY ***
Total pot $1.12 | Rake $0.05 
Board [6s 7c Qd 2c 4c]
Seat 1: alpinopacino folded on the Flop
Seat 2: pompompusher (button) showed [Jd Td] and lost with high card Queen
Seat 3: AnjoRush (small blind) folded before Flop
Seat 4: TheDarkOne (big blind) showed [8h 7h] and won ($1.07) with a pair of Sevens
Seat 5: Dorex2007 folded before Flop (didn't bet)
Seat 6: Schdoerrchen folded on the Flop
Seat 7: lauraman folded before Flop (didn't bet)
Seat 8: EichelEichel folded before Flop (didn't bet)
Seat 9: cr@sh test folded before Flop (didn't bet)



PokerStars Hand #237562214341:  Hold'em No Limit ($0.02/$0.05 USD) - 2022/07/24 12:57:19 PT [2022/07/24 15:57:19 ET]
Table 'Aschera' 9-max Seat #3 is the button
Seat 1: alpinopacino ($12.12 in chips) 
Seat 2: pompompusher ($2.61 in chips) 
Seat 3: AnjoRush ($5 in chips) 
Seat 4: TheDarkOne ($9.90 in chips) 
Seat 5: Dorex2007 ($5.45 in chips) 
Seat 6: Schdoerrchen ($5.37 in chips) 
Seat 7: lauraman ($5.38 in chips) 
Seat 8: EichelEichel ($3.21 in chips) 
Seat 9: cr@sh test ($5 in chips) 
TheDarkOne: posts small blind $0.02
Dorex2007: posts big blind $0.05
*** HOLE CARDS ***
Dealt to Dorex2007 [Js 9c]
Schdoerrchen: folds 
lauraman: folds 
EichelEichel: folds 
cr@sh test: folds 
alpinopacino: folds 
pompompusher: raises $0.07 to $0.12
AnjoRush: folds 
TheDarkOne: folds 
Dorex2007: folds 
Uncalled bet ($0.07) returned to pompompusher
pompompusher collected $0.12 from pot
*** SUMMARY ***
Total pot $0.12 | Rake $0 
Seat 1: alpinopacino folded before Flop (didn't bet)
Seat 2: pompompusher collected ($0.12)
Seat 3: AnjoRush (button) folded before Flop (didn't bet)
Seat 4: TheDarkOne (small blind) folded before Flop
Seat 5: Dorex2007 (big blind) folded before Flop
Seat 6: Schdoerrchen folded before Flop (didn't bet)
Seat 7: lauraman folded before Flop (didn't bet)
Seat 8: EichelEichel folded before Flop (didn't bet)
Seat 9: cr@sh test folded before Flop (didn't bet)



PokerStars Hand #237562221799:  Hold'em No Limit ($0.02/$0.05 USD) - 2022/07/24 12:57:46 PT [2022/07/24 15:57:46 ET]
Table 'Aschera' 9-max Seat #4 is the button
Seat 1: alpinopacino ($12.12 in chips) 
Seat 2: pompompusher ($2.68 in chips) 
Seat 3: AnjoRush ($5 in chips) 
Seat 4: TheDarkOne ($9.88 in chips) 
Seat 5: Dorex2007 ($5.40 in chips) 
Seat 7: lauraman ($5.38 in chips) 
Seat 8: EichelEichel ($3.21 in chips) 
Seat 9: cr@sh test ($5 in chips) 
Dorex2007: posts small blind $0.02
Schdoerrchen: is sitting out 
lauraman: posts big blind $0.05
*** HOLE CARDS ***
Dealt to Dorex2007 [4h 4s]
EichelEichel: folds 
cr@sh test: folds 
alpinopacino: folds 
pompompusher: raises $0.07 to $0.12
AnjoRush: folds 
TheDarkOne: folds 
Dorex2007: calls $0.10
lauraman: folds 
*** FLOP *** [2h 3d 7s]
Dorex2007: checks 
pompompusher: bets $0.15
Dorex2007: folds 
Uncalled bet ($0.15) returned to pompompusher
pompompusher collected $0.28 from pot
*** SUMMARY ***
Total pot $0.29 | Rake $0.01 
Board [2h 3d 7s]
Seat 1: alpinopacino folded before Flop (didn't bet)
Seat 2: pompompusher collected ($0.28)
Seat 3: AnjoRush folded before Flop (didn't bet)
Seat 4: TheDarkOne (button) folded before Flop (didn't bet)
Seat 5: Dorex2007 (small blind) folded on the Flop
Seat 7: lauraman (big blind) folded before Flop
Seat 8: EichelEichel folded before Flop (didn't bet)
Seat 9: cr@sh test folded before Flop (didn't bet)



PokerStars Hand #237562231325:  Hold'em No Limit ($0.02/$0.05 USD) - 2022/07/24 12:58:19 PT [2022/07/24 15:58:19 ET]
Table 'Aschera' 9-max Seat #5 is the button
Seat 1: alpinopacino ($12.12 in chips) 
Seat 2: pompompusher ($2.84 in chips) 
Seat 3: AnjoRush ($5 in chips) 
Seat 4: TheDarkOne ($9.88 in chips) 
Seat 5: Dorex2007 ($5.28 in chips) 
Seat 7: lauraman ($5.33 in chips) 
Seat 8: EichelEichel ($3.21 in chips) 
Seat 9: cr@sh test ($5 in chips) 
lauraman: posts small blind $0.02
EichelEichel: posts big blind $0.05
*** HOLE CARDS ***
Dealt to Dorex2007 [3c 7h]
cr@sh test: raises $0.10 to $0.15
alpinopacino: folds 
pompompusher: folds 
AnjoRush: folds 
TheDarkOne: folds 
Dorex2007: folds 
lauraman: folds 
EichelEichel: folds 
Uncalled bet ($0.10) returned to cr@sh test
cr@sh test collected $0.12 from pot
*** SUMMARY ***
Total pot $0.12 | Rake $0 
Seat 1: alpinopacino folded before Flop (didn't bet)
Seat 2: pompompusher folded before Flop (didn't bet)
Seat 3: AnjoRush folded before Flop (didn't bet)
Seat 4: TheDarkOne folded before Flop (didn't bet)
Seat 5: Dorex2007 (button) folded before Flop (didn't bet)
Seat 7: lauraman (small blind) folded before Flop
Seat 8: EichelEichel (big blind) folded before Flop
Seat 9: cr@sh test collected ($0.12)



PokerStars Hand #237562235385:  Hold'em No Limit ($0.02/$0.05 USD) - 2022/07/24 12:58:34 PT [2022/07/24 15:58:34 ET]
Table 'Aschera' 9-max Seat #7 is the button
Seat 1: alpinopacino ($12.12 in chips) 
Seat 2: pompompusher ($2.84 in chips) 
Seat 3: AnjoRush ($5 in chips) 
Seat 4: TheDarkOne ($9.88 in chips) 
Seat 5: Dorex2007 ($5.28 in chips) 
Seat 7: lauraman ($5.31 in chips) 
Seat 8: EichelEichel ($3.16 in chips) 
Seat 9: cr@sh test ($5.07 in chips) 
EichelEichel: posts small blind $0.02
cr@sh test: posts big blind $0.05
*** HOLE CARDS ***
Dealt to Dorex2007 [4h Jd]
Schdoerrchen leaves the table
alpinopacino: folds 
pompompusher: raises $0.10 to $0.15
AnjoRush: folds 
TheDarkOne: calls $0.15
Dorex2007: folds 
lauraman: folds 
EichelEichel: folds 
cr@sh test: folds 
*** FLOP *** [5c 8c Ac]
pompompusher: bets $0.20
TheDarkOne: calls $0.20
*** TURN *** [5c 8c Ac] [2c]
pompompusher: checks 
TheDarkOne: checks 
*** RIVER *** [5c 8c Ac 2c] [Ks]
mangiopesce joins the table at seat #6 
pompompusher: bets $0.25
TheDarkOne: calls $0.25
*** SHOW DOWN ***
pompompusher: shows [Ah Jc] (a flush, Ace high)
TheDarkOne: mucks hand 
pompompusher collected $1.22 from pot
*** SUMMARY ***
Total pot $1.27 | Rake $0.05 
Board [5c 8c Ac 2c Ks]
Seat 1: alpinopacino folded before Flop (didn't bet)
Seat 2: pompompusher showed [Ah Jc] and won ($1.22) with a flush, Ace high
Seat 3: AnjoRush folded before Flop (didn't bet)
Seat 4: TheDarkOne mucked [As Jh]
Seat 5: Dorex2007 folded before Flop (didn't bet)
Seat 7: lauraman (button) folded before Flop (didn't bet)
Seat 8: EichelEichel (small blind) folded before Flop
Seat 9: cr@sh test (big blind) folded before Flop



PokerStars Hand #237562246679:  Hold'em No Limit ($0.02/$0.05 USD) - 2022/07/24 12:59:14 PT [2022/07/24 15:59:14 ET]
Table 'Aschera' 9-max Seat #8 is the button
Seat 1: alpinopacino ($12.12 in chips) 
Seat 2: pompompusher ($3.46 in chips) 
Seat 3: AnjoRush ($5 in chips) 
Seat 4: TheDarkOne ($9.28 in chips) 
Seat 5: Dorex2007 ($5.28 in chips) 
Seat 7: lauraman ($5.31 in chips) 
Seat 8: EichelEichel ($3.14 in chips) 
Seat 9: cr@sh test ($5.02 in chips) 
cr@sh test: posts small blind $0.02
alpinopacino: posts big blind $0.05
mangiopesce: sits out 
*** HOLE CARDS ***
Dealt to Dorex2007 [As 4d]
pompompusher: folds 
AnjoRush: folds 
TheDarkOne: folds 
Dorex2007: folds 
lauraman: folds 
EichelEichel: folds 
cr@sh test: raises $0.07 to $0.12
alpinopacino: calls $0.07
*** FLOP *** [5d 8h 7h]
cr@sh test: checks 
alpinopacino: bets $0.11
cr@sh test: folds 
Uncalled bet ($0.11) returned to alpinopacino
alpinopacino collected $0.23 from pot
*** SUMMARY ***
Total pot $0.24 | Rake $0.01 
Board [5d 8h 7h]
Seat 1: alpinopacino (big blind) collected ($0.23)
Seat 2: pompompusher folded before Flop (didn't bet)
Seat 3: AnjoRush folded before Flop (didn't bet)
Seat 4: TheDarkOne folded before Flop (didn't bet)
Seat 5: Dorex2007 folded before Flop (didn't bet)
Seat 7: lauraman folded before Flop (didn't bet)
Seat 8: EichelEichel (button) folded before Flop (didn't bet)
Seat 9: cr@sh test (small blind) folded on the Flop



PokerStars Hand #237562253773:  Hold'em No Limit ($0.02/$0.05 USD) - 2022/07/24 12:59:39 PT [2022/07/24 15:59:39 ET]
Table 'Aschera' 9-max Seat #9 is the button
Seat 1: alpinopacino ($12.23 in chips) 
Seat 2: pompompusher ($3.46 in chips) 
Seat 3: AnjoRush ($5 in chips) 
Seat 4: TheDarkOne ($9.28 in chips) 
Seat 5: Dorex2007 ($5.28 in chips) 
Seat 7: lauraman ($5.31 in chips) 
Seat 8: EichelEichel ($3.14 in chips) 
Seat 9: cr@sh test ($5 in chips) 
alpinopacino: posts small blind $0.02
pompompusher: posts big blind $0.05
mangiopesce: sits out 
*** HOLE CARDS ***
Dealt to Dorex2007 [Td 5c]
AnjoRush: folds 
TheDarkOne: folds 
Dorex2007: folds 
lauraman: folds 
EichelEichel: raises $0.07 to $0.12
cr@sh test: calls $0.12
alpinopacino: calls $0.10
pompompusher: calls $0.07
*** FLOP *** [3h 2s Qh]
alpinopacino: bets $0.23
pompompusher: folds 
EichelEichel: folds 
cr@sh test: folds 
Uncalled bet ($0.23) returned to alpinopacino
alpinopacino collected $0.46 from pot
*** SUMMARY ***
Total pot $0.48 | Rake $0.02 
Board [3h 2s Qh]
Seat 1: alpinopacino (small blind) collected ($0.46)
Seat 2: pompompusher (big blind) folded on the Flop
Seat 3: AnjoRush folded before Flop (didn't bet)
Seat 4: TheDarkOne folded before Flop (didn't bet)
Seat 5: Dorex2007 folded before Flop (didn't bet)
Seat 7: lauraman folded before Flop (didn't bet)
Seat 8: EichelEichel folded on the Flop
Seat 9: cr@sh test (button) folded on the Flop



PokerStars Hand #237562270949:  Hold'em No Limit ($0.02/$0.05 USD) - 2022/07/24 13:00:12 PT [2022/07/24 16:00:12 ET]
Table 'Aschera' 9-max Seat #1 is the button
Seat 1: alpinopacino ($12.57 in chips) 
Seat 2: pompompusher ($3.34 in chips) 
Seat 3: AnjoRush ($5 in chips) 
Seat 4: TheDarkOne ($9.28 in chips) 
Seat 5: Dorex2007 ($5.28 in chips) 
Seat 7: lauraman ($5.31 in chips) 
Seat 8: EichelEichel ($3.02 in chips) 
Seat 9: cr@sh test ($5 in chips) 
pompompusher: posts small blind $0.02
AnjoRush: posts big blind $0.05
mangiopesce: sits out 
*** HOLE CARDS ***
Dealt to Dorex2007 [9c Ac]
TheDarkOne: folds 
Dorex2007: folds 
lauraman: folds 
EichelEichel: folds 
cr@sh test: folds 
lauraman leaves the table
alpinopacino: folds 
pompompusher: raises $0.10 to $0.15
AnjoRush: folds 
Uncalled bet ($0.10) returned to pompompusher
pompompusher collected $0.10 from pot
*** SUMMARY ***
Total pot $0.10 | Rake $0 
Seat 1: alpinopacino (button) folded before Flop (didn't bet)
Seat 2: pompompusher (small blind) collected ($0.10)
Seat 3: AnjoRush (big blind) folded before Flop
Seat 4: TheDarkOne folded before Flop (didn't bet)
Seat 5: Dorex2007 folded before Flop (didn't bet)
Seat 7: lauraman folded before Flop (didn't bet)
Seat 8: EichelEichel folded before Flop (didn't bet)
Seat 9: cr@sh test folded before Flop (didn't bet)



PokerStars Hand #237562279180:  Hold'em No Limit ($0.02/$0.05 USD) - 2022/07/24 13:00:39 PT [2022/07/24 16:00:39 ET]
Table 'Aschera' 9-max Seat #2 is the button
Seat 1: alpinopacino ($12.57 in chips) 
Seat 2: pompompusher ($3.39 in chips) 
Seat 3: AnjoRush ($4.95 in chips) 
Seat 4: TheDarkOne ($9.28 in chips) 
Seat 5: Dorex2007 ($5.28 in chips) 
Seat 8: EichelEichel ($3.02 in chips) 
Seat 9: cr@sh test ($5 in chips) 
AnjoRush: posts small blind $0.02
TheDarkOne: posts big blind $0.05
mangiopesce: sits out 
*** HOLE CARDS ***
Dealt to Dorex2007 [Ah 8h]
Dorex2007: raises $0.05 to $0.10
EichelEichel: folds 
cr@sh test: folds 
alpinopacino: folds 
tutanpoker joins the table at seat #7 
pompompusher: folds 
pompompusher leaves the table
AnjoRush: folds 
TheDarkOne: calls $0.05
*** FLOP *** [9h 3s 7d]
TheDarkOne: bets $0.11
Dorex2007: calls $0.11
*** TURN *** [9h 3s 7d] [Qd]
TheDarkOne: bets $0.21
Dorex2007: folds 
Uncalled bet ($0.21) returned to TheDarkOne
TheDarkOne collected $0.42 from pot
*** SUMMARY ***
Total pot $0.44 | Rake $0.02 
Board [9h 3s 7d Qd]
Seat 1: alpinopacino folded before Flop (didn't bet)
Seat 2: pompompusher (button) folded before Flop (didn't bet)
Seat 3: AnjoRush (small blind) folded before Flop
Seat 4: TheDarkOne (big blind) collected ($0.42)
Seat 5: Dorex2007 folded on the Turn
Seat 8: EichelEichel folded before Flop (didn't bet)
Seat 9: cr@sh test folded before Flop (didn't bet)



PokerStars Hand #237562290402:  Hold'em No Limit ($0.02/$0.05 USD) - 2022/07/24 13:01:12 PT [2022/07/24 16:01:12 ET]
Table 'Aschera' 9-max Seat #3 is the button
Seat 1: alpinopacino ($12.57 in chips) 
Seat 3: AnjoRush ($4.93 in chips) 
Seat 4: TheDarkOne ($9.49 in chips) 
Seat 5: Dorex2007 ($5.07 in chips) 
Seat 7: tutanpoker ($5 in chips) 
Seat 8: EichelEichel ($3.02 in chips) 
Seat 9: cr@sh test ($5 in chips) 
TheDarkOne: posts small blind $0.02
Dorex2007: posts big blind $0.05
mangiopesce: sits out 
tutanpoker: posts big blind $0.05
*** HOLE CARDS ***
Dealt to Dorex2007 [Tc 8h]
tutanpoker: raises $0.10 to $0.15
EichelEichel: folds 
cr@sh test: folds 
alpinopacino: folds 
AnjoRush: folds 
TheDarkOne: folds 
Dorex2007: folds 
Uncalled bet ($0.10) returned to tutanpoker
tutanpoker collected $0.12 from pot
*** SUMMARY ***
Total pot $0.12 | Rake $0 
Seat 1: alpinopacino folded before Flop (didn't bet)
Seat 3: AnjoRush (button) folded before Flop (didn't bet)
Seat 4: TheDarkOne (small blind) folded before Flop
Seat 5: Dorex2007 (big blind) folded before Flop
Seat 7: tutanpoker collected ($0.12)
Seat 8: EichelEichel folded before Flop (didn't bet)
Seat 9: cr@sh test folded before Flop (didn't bet)



PokerStars Hand #237562298462:  Hold'em No Limit ($0.02/$0.05 USD) - 2022/07/24 13:01:34 PT [2022/07/24 16:01:34 ET]
Table 'Aschera' 9-max Seat #4 is the button
Seat 1: alpinopacino ($12.57 in chips) 
Seat 3: AnjoRush ($4.93 in chips) 
Seat 4: TheDarkOne ($9.47 in chips) 
Seat 5: Dorex2007 ($5.02 in chips) 
Seat 6: mangiopesce ($5 in chips) 
Seat 7: tutanpoker ($5.07 in chips) 
Seat 8: EichelEichel ($3.02 in chips) 
Seat 9: cr@sh test ($5 in chips) 
Dorex2007: posts small blind $0.02
mangiopesce: posts big blind $0.05
*** HOLE CARDS ***
Dealt to Dorex2007 [5d Th]
tutanpoker: folds 
EichelEichel: folds 
cr@sh test: raises $0.07 to $0.12
alpinopacino: folds 
AnjoRush: folds 
TheDarkOne: folds 
Dorex2007: folds 
mangiopesce: folds 
Uncalled bet ($0.07) returned to cr@sh test
cr@sh test collected $0.12 from pot
*** SUMMARY ***
Total pot $0.12 | Rake $0 
Seat 1: alpinopacino folded before Flop (didn't bet)
Seat 3: AnjoRush folded before Flop (didn't bet)
Seat 4: TheDarkOne (button) folded before Flop (didn't bet)
Seat 5: Dorex2007 (small blind) folded before Flop
Seat 6: mangiopesce (big blind) folded before Flop
Seat 7: tutanpoker folded before Flop (didn't bet)
Seat 8: EichelEichel folded before Flop (didn't bet)
Seat 9: cr@sh test collected ($0.12)



PokerStars Hand #237562304908:  Hold'em No Limit ($0.02/$0.05 USD) - 2022/07/24 13:01:50 PT [2022/07/24 16:01:50 ET]
Table 'Aschera' 9-max Seat #5 is the button
Seat 1: alpinopacino ($12.57 in chips) 
Seat 3: AnjoRush ($4.93 in chips) 
Seat 4: TheDarkOne ($9.47 in chips) 
Seat 5: Dorex2007 ($5 in chips) 
Seat 6: mangiopesce ($5 in chips) 
Seat 7: tutanpoker ($5.07 in chips) 
Seat 8: EichelEichel ($3.02 in chips) 
Seat 9: cr@sh test ($5.07 in chips) 
mangiopesce: posts small blind $0.02
tutanpoker: posts big blind $0.05
*** HOLE CARDS ***
Dealt to Dorex2007 [4s 5d]
EichelEichel: folds 
cr@sh test: folds 
alpinopacino: raises $0.10 to $0.15
AnjoRush: folds 
TheDarkOne: folds 
Dorex2007: folds 
mangiopesce: folds 
tutanpoker: calls $0.10
*** FLOP *** [8h 9h Ts]
tutanpoker: checks 
dorjojo joins the table at seat #2 
alpinopacino: checks 
*** TURN *** [8h 9h Ts] [3s]
tutanpoker: checks 
alpinopacino: bets $0.15
tutanpoker: folds 
Uncalled bet ($0.15) returned to alpinopacino
alpinopacino collected $0.31 from pot
*** SUMMARY ***
Total pot $0.32 | Rake $0.01 
Board [8h 9h Ts 3s]
Seat 1: alpinopacino collected ($0.31)
Seat 3: AnjoRush folded before Flop (didn't bet)
Seat 4: TheDarkOne folded before Flop (didn't bet)
Seat 5: Dorex2007 (button) folded before Flop (didn't bet)
Seat 6: mangiopesce (small blind) folded before Flop
Seat 7: tutanpoker (big blind) folded on the Turn
Seat 8: EichelEichel folded before Flop (didn't bet)
Seat 9: cr@sh test folded before Flop (didn't bet)



PokerStars Hand #237562324763:  Hold'em No Limit ($0.02/$0.05 USD) - 2022/07/24 13:02:30 PT [2022/07/24 16:02:30 ET]
Table 'Aschera' 9-max Seat #6 is the button
Seat 1: alpinopacino ($12.73 in chips) 
Seat 3: AnjoRush ($4.93 in chips) 
Seat 4: TheDarkOne ($9.47 in chips) 
Seat 5: Dorex2007 ($5 in chips) 
Seat 6: mangiopesce ($5 in chips) 
Seat 7: tutanpoker ($4.92 in chips) 
Seat 8: EichelEichel ($3.02 in chips) 
Seat 9: cr@sh test ($5.07 in chips) 
tutanpoker: posts small blind $0.02
EichelEichel: posts big blind $0.05
dorjojo: sits out 
*** HOLE CARDS ***
Dealt to Dorex2007 [4h 7s]
cr@sh test: folds 
alpinopacino: calls $0.05
AnjoRush: folds 
TheDarkOne: folds 
Dorex2007: folds 
mangiopesce: folds 
tutanpoker: calls $0.03
EichelEichel: checks 
*** FLOP *** [9h 8c Qd]
tutanpoker: checks 
EichelEichel: checks 
alpinopacino: checks 
*** TURN *** [9h 8c Qd] [4c]
tutanpoker has timed out
tutanpoker: checks 
EichelEichel: checks 
alpinopacino: checks 
*** RIVER *** [9h 8c Qd 4c] [6d]
tutanpoker: checks 
EichelEichel: checks 
alpinopacino: checks 
*** SHOW DOWN ***
tutanpoker: shows [Ac 6s] (a pair of Sixes)
EichelEichel: mucks hand 
alpinopacino: mucks hand 
tutanpoker collected $0.14 from pot
*** SUMMARY ***
Total pot $0.15 | Rake $0.01 
Board [9h 8c Qd 4c 6d]
Seat 1: alpinopacino mucked [5d As]
Seat 3: AnjoRush folded before Flop (didn't bet)
Seat 4: TheDarkOne folded before Flop (didn't bet)
Seat 5: Dorex2007 folded before Flop (didn't bet)
Seat 6: mangiopesce (button) folded before Flop (didn't bet)
Seat 7: tutanpoker (small blind) showed [Ac 6s] and won ($0.14) with a pair of Sixes
Seat 8: EichelEichel (big blind) mucked [2s 4s]
Seat 9: cr@sh test folded before Flop (didn't bet)



PokerStars Hand #237562361462:  Hold'em No Limit ($0.02/$0.05 USD) - 2022/07/24 13:03:52 PT [2022/07/24 16:03:52 ET]
Table 'Aschera' 9-max Seat #7 is the button
Seat 1: alpinopacino ($12.68 in chips) 
Seat 3: AnjoRush ($4.93 in chips) 
Seat 4: TheDarkOne ($9.47 in chips) 
Seat 5: Dorex2007 ($5 in chips) 
Seat 6: mangiopesce ($5 in chips) 
Seat 7: tutanpoker ($5.01 in chips) 
Seat 8: EichelEichel ($2.97 in chips) 
Seat 9: cr@sh test ($5.07 in chips) 
EichelEichel: posts small blind $0.02
cr@sh test: posts big blind $0.05
dorjojo: sits out 
*** HOLE CARDS ***
Dealt to Dorex2007 [7s 3d]
alpinopacino: calls $0.05
AnjoRush: folds 
TheDarkOne: raises $0.20 to $0.25
Dorex2007: folds 
mangiopesce: folds 
tutanpoker: folds 
EichelEichel: folds 
cr@sh test: folds 
alpinopacino: calls $0.20
*** FLOP *** [As 2h 5c]
alpinopacino: checks 
TheDarkOne: checks 
*** TURN *** [As 2h 5c] [Ac]
alpinopacino: checks 
TheDarkOne: bets $0.28
alpinopacino: folds 
Uncalled bet ($0.28) returned to TheDarkOne
TheDarkOne collected $0.55 from pot
*** SUMMARY ***
Total pot $0.57 | Rake $0.02 
Board [As 2h 5c Ac]
Seat 1: alpinopacino folded on the Turn
Seat 3: AnjoRush folded before Flop (didn't bet)
Seat 4: TheDarkOne collected ($0.55)
Seat 5: Dorex2007 folded before Flop (didn't bet)
Seat 6: mangiopesce folded before Flop (didn't bet)
Seat 7: tutanpoker (button) folded before Flop (didn't bet)
Seat 8: EichelEichel (small blind) folded before Flop
Seat 9: cr@sh test (big blind) folded before Flop



PokerStars Hand #237562380873:  Hold'em No Limit ($0.02/$0.05 USD) - 2022/07/24 13:04:35 PT [2022/07/24 16:04:35 ET]
Table 'Aschera' 9-max Seat #8 is the button
Seat 1: alpinopacino ($12.43 in chips) 
Seat 3: AnjoRush ($4.93 in chips) 
Seat 4: TheDarkOne ($9.77 in chips) 
Seat 5: Dorex2007 ($5 in chips) 
Seat 6: mangiopesce ($5 in chips) 
Seat 7: tutanpoker ($5.01 in chips) 
Seat 8: EichelEichel ($2.95 in chips) 
Seat 9: cr@sh test ($5.02 in chips) 
cr@sh test: posts small blind $0.02
alpinopacino: posts big blind $0.05
dorjojo: sits out 
*** HOLE CARDS ***
Dealt to Dorex2007 [As 9s]
AnjoRush: folds 
TheDarkOne: folds 
Dorex2007: folds 
mangiopesce: raises $0.10 to $0.15
tutanpoker: folds 
EichelEichel: folds 
cr@sh test: folds 
alpinopacino: calls $0.10
*** FLOP *** [Td Th 6s]
alpinopacino: checks 
mangiopesce: checks 
*** TURN *** [Td Th 6s] [3s]
alpinopacino: checks 
mangiopesce: checks 
*** RIVER *** [Td Th 6s 3s] [Qd]
alpinopacino: bets $0.15
mangiopesce: folds 
Uncalled bet ($0.15) returned to alpinopacino
alpinopacino collected $0.31 from pot
*** SUMMARY ***
Total pot $0.32 | Rake $0.01 
Board [Td Th 6s 3s Qd]
Seat 1: alpinopacino (big blind) collected ($0.31)
Seat 3: AnjoRush folded before Flop (didn't bet)
Seat 4: TheDarkOne folded before Flop (didn't bet)
Seat 5: Dorex2007 folded before Flop (didn't bet)
Seat 6: mangiopesce folded on the River
Seat 7: tutanpoker folded before Flop (didn't bet)
Seat 8: EichelEichel (button) folded before Flop (didn't bet)
Seat 9: cr@sh test (small blind) folded before Flop



PokerStars Hand #237562400877:  Hold'em No Limit ($0.02/$0.05 USD) - 2022/07/24 13:05:17 PT [2022/07/24 16:05:17 ET]
Table 'Aschera' 9-max Seat #9 is the button
Seat 1: alpinopacino ($12.59 in chips) 
Seat 2: dorjojo ($5 in chips) 
Seat 3: AnjoRush ($4.93 in chips) 
Seat 4: TheDarkOne ($9.77 in chips) 
Seat 5: Dorex2007 ($5 in chips) 
Seat 6: mangiopesce ($5 in chips) 
Seat 7: tutanpoker ($5.01 in chips) 
Seat 8: EichelEichel ($2.95 in chips) 
Seat 9: cr@sh test ($5 in chips) 
alpinopacino: posts small blind $0.02
dorjojo: posts big blind $0.05
*** HOLE CARDS ***
Dealt to Dorex2007 [8h 2h]
AnjoRush: folds 
TheDarkOne: folds 
Dorex2007: folds 
mangiopesce: folds 
tutanpoker: folds 
EichelEichel: folds 
cr@sh test: folds 
alpinopacino: folds 
Uncalled bet ($0.03) returned to dorjojo
dorjojo collected $0.04 from pot
*** SUMMARY ***
Total pot $0.04 | Rake $0 
Seat 1: alpinopacino (small blind) folded before Flop
Seat 2: dorjojo (big blind) collected ($0.04)
Seat 3: AnjoRush folded before Flop (didn't bet)
Seat 4: TheDarkOne folded before Flop (didn't bet)
Seat 5: Dorex2007 folded before Flop (didn't bet)
Seat 6: mangiopesce folded before Flop (didn't bet)
Seat 7: tutanpoker folded before Flop (didn't bet)
Seat 8: EichelEichel folded before Flop (didn't bet)
Seat 9: cr@sh test (button) folded before Flop (didn't bet)



PokerStars Hand #237562408849:  Hold'em No Limit ($0.02/$0.05 USD) - 2022/07/24 13:05:34 PT [2022/07/24 16:05:34 ET]
Table 'Aschera' 9-max Seat #1 is the button
Seat 1: alpinopacino ($12.57 in chips) 
Seat 2: dorjojo ($5.02 in chips) 
Seat 3: AnjoRush ($4.93 in chips) 
Seat 4: TheDarkOne ($9.77 in chips) 
Seat 5: Dorex2007 ($5 in chips) 
Seat 6: mangiopesce ($5 in chips) 
Seat 7: tutanpoker ($5.01 in chips) 
Seat 8: EichelEichel ($2.95 in chips) 
Seat 9: cr@sh test ($5 in chips) 
dorjojo: posts small blind $0.02
AnjoRush: posts big blind $0.05
*** HOLE CARDS ***
Dealt to Dorex2007 [2h Ah]
TheDarkOne: folds 
Dorex2007: folds 
TheDarkOne leaves the table
mangiopesce: folds 
tutanpoker: raises $0.10 to $0.15
EichelEichel: folds 
Aviendha44 joins the table at seat #4 
cr@sh test: folds 
alpinopacino: calls $0.15
dorjojo: folds 
AnjoRush: folds 
*** FLOP *** [3c 3d Kd]
tutanpoker: bets $0.20
alpinopacino: folds 
Uncalled bet ($0.20) returned to tutanpoker
tutanpoker collected $0.35 from pot
*** SUMMARY ***
Total pot $0.37 | Rake $0.02 
Board [3c 3d Kd]
Seat 1: alpinopacino (button) folded on the Flop
Seat 2: dorjojo (small blind) folded before Flop
Seat 3: AnjoRush (big blind) folded before Flop
Seat 4: TheDarkOne folded before Flop (didn't bet)
Seat 5: Dorex2007 folded before Flop (didn't bet)
Seat 6: mangiopesce folded before Flop (didn't bet)
Seat 7: tutanpoker collected ($0.35)
Seat 8: EichelEichel folded before Flop (didn't bet)
Seat 9: cr@sh test folded before Flop (didn't bet)



PokerStars Hand #237562430363:  Hold'em No Limit ($0.02/$0.05 USD) - 2022/07/24 13:06:18 PT [2022/07/24 16:06:18 ET]
Table 'Aschera' 9-max Seat #2 is the button
Seat 1: alpinopacino ($12.42 in chips) 
Seat 2: dorjojo ($5 in chips) 
Seat 3: AnjoRush ($4.88 in chips) 
Seat 4: Aviendha44 ($4 in chips) 
Seat 5: Dorex2007 ($5 in chips) 
Seat 6: mangiopesce ($5 in chips) 
Seat 7: tutanpoker ($5.21 in chips) 
Seat 8: EichelEichel ($2.95 in chips) 
Seat 9: cr@sh test ($5 in chips) 
AnjoRush: posts small blind $0.02
Aviendha44: posts big blind $0.05
*** HOLE CARDS ***
Dealt to Dorex2007 [6s 9c]
Dorex2007: folds 
mangiopesce: folds 
tutanpoker: folds 
EichelEichel: folds 
cr@sh test: folds 
alpinopacino: folds 
dorjojo: folds 
AnjoRush: raises $0.65 to $0.70
Aviendha44: folds 
Uncalled bet ($0.65) returned to AnjoRush
AnjoRush collected $0.10 from pot
*** SUMMARY ***
Total pot $0.10 | Rake $0 
Seat 1: alpinopacino folded before Flop (didn't bet)
Seat 2: dorjojo (button) folded before Flop (didn't bet)
Seat 3: AnjoRush (small blind) collected ($0.10)
Seat 4: Aviendha44 (big blind) folded before Flop
Seat 5: Dorex2007 folded before Flop (didn't bet)
Seat 6: mangiopesce folded before Flop (didn't bet)
Seat 7: tutanpoker folded before Flop (didn't bet)
Seat 8: EichelEichel folded before Flop (didn't bet)
Seat 9: cr@sh test folded before Flop (didn't bet)



PokerStars Hand #237562443047:  Hold'em No Limit ($0.02/$0.05 USD) - 2022/07/24 13:06:44 PT [2022/07/24 16:06:44 ET]
Table 'Aschera' 9-max Seat #3 is the button
Seat 1: alpinopacino ($12.42 in chips) 
Seat 2: dorjojo ($5 in chips) 
Seat 3: AnjoRush ($4.93 in chips) 
Seat 4: Aviendha44 ($3.95 in chips) 
Seat 5: Dorex2007 ($5 in chips) 
Seat 6: mangiopesce ($5 in chips) 
Seat 7: tutanpoker ($5.21 in chips) 
Seat 8: EichelEichel ($2.95 in chips) 
Seat 9: cr@sh test ($5 in chips) 
Aviendha44: posts small blind $0.02
Dorex2007: posts big blind $0.05
*** HOLE CARDS ***
Dealt to Dorex2007 [3c 6d]
mangiopesce: raises $0.10 to $0.15
tutanpoker: calls $0.15
EichelEichel: folds 
cr@sh test: folds 
alpinopacino: folds 
dorjojo: folds 
AnjoRush: folds 
Aviendha44: folds 
Dorex2007: folds 
*** FLOP *** [8s Ah Kh]
mangiopesce: bets $0.20
tutanpoker: folds 
Uncalled bet ($0.20) returned to mangiopesce
mangiopesce collected $0.35 from pot
*** SUMMARY ***
Total pot $0.37 | Rake $0.02 
Board [8s Ah Kh]
Seat 1: alpinopacino folded before Flop (didn't bet)
Seat 2: dorjojo folded before Flop (didn't bet)
Seat 3: AnjoRush (button) folded before Flop (didn't bet)
Seat 4: Aviendha44 (small blind) folded before Flop
Seat 5: Dorex2007 (big blind) folded before Flop
Seat 6: mangiopesce collected ($0.35)
Seat 7: tutanpoker folded on the Flop
Seat 8: EichelEichel folded before Flop (didn't bet)
Seat 9: cr@sh test folded before Flop (didn't bet)



PokerStars Hand #237562456176:  Hold'em No Limit ($0.02/$0.05 USD) - 2022/07/24 13:07:11 PT [2022/07/24 16:07:11 ET]
Table 'Aschera' 9-max Seat #4 is the button
Seat 1: alpinopacino ($12.42 in chips) 
Seat 2: dorjojo ($5 in chips) 
Seat 3: AnjoRush ($4.93 in chips) 
Seat 4: Aviendha44 ($3.93 in chips) 
Seat 5: Dorex2007 ($5 in chips) 
Seat 7: tutanpoker ($5.06 in chips) 
Seat 8: EichelEichel ($2.95 in chips) 
Seat 9: cr@sh test ($5 in chips) 
Dorex2007: posts small blind $0.02
mangiopesce: is sitting out 
tutanpoker: posts big blind $0.05
*** HOLE CARDS ***
Dealt to Dorex2007 [8s 9d]
EichelEichel: folds 
cr@sh test: folds 
alpinopacino: folds 
dorjojo: folds 
AnjoRush: folds 
Aviendha44: folds 
mangiopesce leaves the table
Dorex2007: raises $0.05 to $0.10
gazzalouis147 joins the table at seat #6 
tutanpoker: calls $0.05
*** FLOP *** [Kh 9c 7s]
Dorex2007: bets $0.09
tutanpoker: folds 
Uncalled bet ($0.09) returned to Dorex2007
Dorex2007 collected $0.19 from pot
*** SUMMARY ***
Total pot $0.20 | Rake $0.01 
Board [Kh 9c 7s]
Seat 1: alpinopacino folded before Flop (didn't bet)
Seat 2: dorjojo folded before Flop (didn't bet)
Seat 3: AnjoRush folded before Flop (didn't bet)
Seat 4: Aviendha44 (button) folded before Flop (didn't bet)
Seat 5: Dorex2007 (small blind) collected ($0.19)
Seat 7: tutanpoker (big blind) folded on the Flop
Seat 8: EichelEichel folded before Flop (didn't bet)
Seat 9: cr@sh test folded before Flop (didn't bet)



PokerStars Hand #237562474152:  Hold'em No Limit ($0.02/$0.05 USD) - 2022/07/24 13:07:48 PT [2022/07/24 16:07:48 ET]
Table 'Aschera' 9-max Seat #5 is the button
Seat 1: alpinopacino ($12.42 in chips) 
Seat 2: dorjojo ($5 in chips) 
Seat 3: AnjoRush ($4.93 in chips) 
Seat 4: Aviendha44 ($3.93 in chips) 
Seat 5: Dorex2007 ($5.09 in chips) 
Seat 7: tutanpoker ($4.96 in chips) 
Seat 8: EichelEichel ($2.95 in chips) 
Seat 9: cr@sh test ($5 in chips) 
tutanpoker: posts small blind $0.02
EichelEichel: posts big blind $0.05
*** HOLE CARDS ***
Dealt to Dorex2007 [Kd Jd]
cr@sh test: folds 
alpinopacino: folds 
dorjojo: folds 
AnjoRush: folds 
Aviendha44: folds 
Dorex2007: raises $0.15 to $0.20
tutanpoker: calls $0.18
EichelEichel: folds 
*** FLOP *** [Jh Ac 7c]
tutanpoker: checks 
Dorex2007: checks 
*** TURN *** [Jh Ac 7c] [Kh]
tutanpoker: checks 
Dorex2007: bets $0.43
tutanpoker: folds 
Uncalled bet ($0.43) returned to Dorex2007
Dorex2007 collected $0.43 from pot
*** SUMMARY ***
Total pot $0.45 | Rake $0.02 
Board [Jh Ac 7c Kh]
Seat 1: alpinopacino folded before Flop (didn't bet)
Seat 2: dorjojo folded before Flop (didn't bet)
Seat 3: AnjoRush folded before Flop (didn't bet)
Seat 4: Aviendha44 folded before Flop (didn't bet)
Seat 5: Dorex2007 (button) collected ($0.43)
Seat 7: tutanpoker (small blind) folded on the Turn
Seat 8: EichelEichel (big blind) folded before Flop
Seat 9: cr@sh test folded before Flop (didn't bet)



PokerStars Hand #237562489800:  Hold'em No Limit ($0.02/$0.05 USD) - 2022/07/24 13:08:21 PT [2022/07/24 16:08:21 ET]
Table 'Aschera' 9-max Seat #7 is the button
Seat 1: alpinopacino ($12.42 in chips) 
Seat 2: dorjojo ($5 in chips) 
Seat 3: AnjoRush ($4.93 in chips) 
Seat 4: Aviendha44 ($3.93 in chips) 
Seat 5: Dorex2007 ($5.32 in chips) 
Seat 7: tutanpoker ($4.76 in chips) 
Seat 8: EichelEichel ($2.90 in chips) 
Seat 9: cr@sh test ($5 in chips) 
EichelEichel: posts small blind $0.02
cr@sh test: posts big blind $0.05
gazzalouis147: sits out 
*** HOLE CARDS ***
Dealt to Dorex2007 [2h 2s]
alpinopacino: folds 
dorjojo: folds 
AnjoRush: folds 
Aviendha44: folds 
Dorex2007: raises $0.05 to $0.10
tutanpoker: folds 
EichelEichel: folds 
cr@sh test: folds 
Uncalled bet ($0.05) returned to Dorex2007
Dorex2007 collected $0.12 from pot
*** SUMMARY ***
Total pot $0.12 | Rake $0 
Seat 1: alpinopacino folded before Flop (didn't bet)
Seat 2: dorjojo folded before Flop (didn't bet)
Seat 3: AnjoRush folded before Flop (didn't bet)
Seat 4: Aviendha44 folded before Flop (didn't bet)
Seat 5: Dorex2007 collected ($0.12)
Seat 7: tutanpoker (button) folded before Flop (didn't bet)
Seat 8: EichelEichel (small blind) folded before Flop
Seat 9: cr@sh test (big blind) folded before Flop



PokerStars Hand #237562501207:  Hold'em No Limit ($0.02/$0.05 USD) - 2022/07/24 13:08:44 PT [2022/07/24 16:08:44 ET]
Table 'Aschera' 9-max Seat #8 is the button
Seat 1: alpinopacino ($12.42 in chips) 
Seat 2: dorjojo ($5 in chips) 
Seat 3: AnjoRush ($4.93 in chips) 
Seat 4: Aviendha44 ($3.93 in chips) 
Seat 5: Dorex2007 ($5.39 in chips) 
Seat 6: gazzalouis147 ($3.58 in chips) 
Seat 7: tutanpoker ($4.76 in chips) 
Seat 8: EichelEichel ($2.88 in chips) 
Seat 9: cr@sh test ($5 in chips) 
cr@sh test: posts small blind $0.02
alpinopacino: posts big blind $0.05
gazzalouis147: posts big blind $0.05
*** HOLE CARDS ***
Dealt to Dorex2007 [6d Ks]
dorjojo: folds 
AnjoRush: folds 
Aviendha44: folds 
Dorex2007: folds 
gazzalouis147: checks 
tutanpoker: calls $0.05
EichelEichel: folds 
cr@sh test: folds 
alpinopacino: checks 
*** FLOP *** [7h 5s 9c]
alpinopacino: bets $0.10
gazzalouis147: calls $0.10
tutanpoker: folds 
*** TURN *** [7h 5s 9c] [Js]
alpinopacino: bets $0.17
gazzalouis147: calls $0.17
*** RIVER *** [7h 5s 9c Js] [Kh]
alpinopacino: checks 
gazzalouis147: bets $0.20
alpinopacino: calls $0.20
*** SHOW DOWN ***
gazzalouis147: shows [Jh 7d] (two pair, Jacks and Sevens)
alpinopacino: mucks hand 
gazzalouis147 collected $1.06 from pot
*** SUMMARY ***
Total pot $1.11 | Rake $0.05 
Board [7h 5s 9c Js Kh]
Seat 1: alpinopacino (big blind) mucked [6s Jd]
Seat 2: dorjojo folded before Flop (didn't bet)
Seat 3: AnjoRush folded before Flop (didn't bet)
Seat 4: Aviendha44 folded before Flop (didn't bet)
Seat 5: Dorex2007 folded before Flop (didn't bet)
Seat 6: gazzalouis147 showed [Jh 7d] and won ($1.06) with two pair, Jacks and Sevens
Seat 7: tutanpoker folded on the Flop
Seat 8: EichelEichel (button) folded before Flop (didn't bet)
Seat 9: cr@sh test (small blind) folded before Flop



PokerStars Hand #237562528454:  Hold'em No Limit ($0.02/$0.05 USD) - 2022/07/24 13:09:39 PT [2022/07/24 16:09:39 ET]
Table 'Aschera' 9-max Seat #9 is the button
Seat 1: alpinopacino ($11.90 in chips) 
Seat 2: dorjojo ($5 in chips) 
Seat 3: AnjoRush ($4.93 in chips) 
Seat 4: Aviendha44 ($3.93 in chips) 
Seat 5: Dorex2007 ($5.39 in chips) 
Seat 6: gazzalouis147 ($4.12 in chips) 
Seat 7: tutanpoker ($4.71 in chips) 
Seat 8: EichelEichel ($2.88 in chips) 
Seat 9: cr@sh test ($5 in chips) 
alpinopacino: posts small blind $0.02
dorjojo: posts big blind $0.05
*** HOLE CARDS ***
Dealt to Dorex2007 [Kd Ks]
AnjoRush: raises $0.10 to $0.15
Aviendha44: folds 
Dorex2007: raises $0.10 to $0.25
gazzalouis147: folds 
tutanpoker: calls $0.25
EichelEichel: folds 
cr@sh test: folds 
alpinopacino: calls $0.23
dorjojo: folds 
AnjoRush: calls $0.10
*** FLOP *** [9d 8c 7h]
alpinopacino: bets $0.50
AnjoRush: folds 
Dorex2007: calls $0.50
tutanpoker: calls $0.50
*** TURN *** [9d 8c 7h] [As]
alpinopacino: checks 
Dorex2007: checks 
tutanpoker: bets $1
alpinopacino: folds 
Dorex2007: folds 
Uncalled bet ($1) returned to tutanpoker
tutanpoker collected $2.44 from pot
*** SUMMARY ***
Total pot $2.55 | Rake $0.11 
Board [9d 8c 7h As]
Seat 1: alpinopacino (small blind) folded on the Turn
Seat 2: dorjojo (big blind) folded before Flop
Seat 3: AnjoRush folded on the Flop
Seat 4: Aviendha44 folded before Flop (didn't bet)
Seat 5: Dorex2007 folded on the Turn
Seat 6: gazzalouis147 folded before Flop (didn't bet)
Seat 7: tutanpoker collected ($2.44)
Seat 8: EichelEichel folded before Flop (didn't bet)
Seat 9: cr@sh test (button) folded before Flop (didn't bet)



PokerStars Hand #237562572935:  Hold'em No Limit ($0.02/$0.05 USD) - 2022/07/24 13:10:58 PT [2022/07/24 16:10:58 ET]
Table 'Aschera' 9-max Seat #1 is the button
Seat 1: alpinopacino ($11.15 in chips) 
Seat 2: dorjojo ($5 in chips) 
Seat 3: AnjoRush ($4.68 in chips) 
Seat 4: Aviendha44 ($3.93 in chips) 
Seat 5: Dorex2007 ($5 in chips) 
Seat 6: gazzalouis147 ($4.12 in chips) 
Seat 7: tutanpoker ($6.40 in chips) 
Seat 8: EichelEichel ($2.88 in chips) 
Seat 9: cr@sh test ($5 in chips) 
dorjojo: posts small blind $0.02
AnjoRush: posts big blind $0.05
*** HOLE CARDS ***
Dealt to Dorex2007 [3d 5s]
Aviendha44: folds 
Dorex2007: folds 
gazzalouis147: folds 
tutanpoker: calls $0.05
EichelEichel: folds 
cr@sh test: folds 
alpinopacino: folds 
dorjojo: raises $0.20 to $0.25
AnjoRush: folds 
tutanpoker: calls $0.20
*** FLOP *** [7c As Qh]
dorjojo: checks 
tutanpoker: checks 
*** TURN *** [7c As Qh] [Qs]
dorjojo: bets $0.17
tutanpoker: folds 
Uncalled bet ($0.17) returned to dorjojo
dorjojo collected $0.53 from pot
*** SUMMARY ***
Total pot $0.55 | Rake $0.02 
Board [7c As Qh Qs]
Seat 1: alpinopacino (button) folded before Flop (didn't bet)
Seat 2: dorjojo (small blind) collected ($0.53)
Seat 3: AnjoRush (big blind) folded before Flop
Seat 4: Aviendha44 folded before Flop (didn't bet)
Seat 5: Dorex2007 folded before Flop (didn't bet)
Seat 6: gazzalouis147 folded before Flop (didn't bet)
Seat 7: tutanpoker folded on the Turn
Seat 8: EichelEichel folded before Flop (didn't bet)
Seat 9: cr@sh test folded before Flop (didn't bet)



PokerStars Hand #237562605675:  Hold'em No Limit ($0.02/$0.05 USD) - 2022/07/24 13:11:55 PT [2022/07/24 16:11:55 ET]
Table 'Aschera' 9-max Seat #2 is the button
Seat 1: alpinopacino ($11.15 in chips) 
Seat 2: dorjojo ($5.28 in chips) 
Seat 3: AnjoRush ($4.63 in chips) 
Seat 4: Aviendha44 ($3.93 in chips) 
Seat 5: Dorex2007 ($5 in chips) 
Seat 6: gazzalouis147 ($4.12 in chips) 
Seat 7: tutanpoker ($6.15 in chips) 
Seat 8: EichelEichel ($2.88 in chips) 
Seat 9: cr@sh test ($5 in chips) 
AnjoRush: posts small blind $0.02
Aviendha44: posts big blind $0.05
*** HOLE CARDS ***
Dealt to Dorex2007 [Ks Ac]
Dorex2007: raises $0.10 to $0.15
gazzalouis147: folds 
tutanpoker: folds 
EichelEichel: folds 
cr@sh test: folds 
alpinopacino: folds 
dorjojo: folds 
AnjoRush: folds 
Aviendha44: calls $0.10
*** FLOP *** [Kh 2h 6d]
Aviendha44: checks 
Dorex2007: bets $0.31
Aviendha44: folds 
Uncalled bet ($0.31) returned to Dorex2007
Dorex2007 collected $0.31 from pot
*** SUMMARY ***
Total pot $0.32 | Rake $0.01 
Board [Kh 2h 6d]
Seat 1: alpinopacino folded before Flop (didn't bet)
Seat 2: dorjojo (button) folded before Flop (didn't bet)
Seat 3: AnjoRush (small blind) folded before Flop
Seat 4: Aviendha44 (big blind) folded on the Flop
Seat 5: Dorex2007 collected ($0.31)
Seat 6: gazzalouis147 folded before Flop (didn't bet)
Seat 7: tutanpoker folded before Flop (didn't bet)
Seat 8: EichelEichel folded before Flop (didn't bet)
Seat 9: cr@sh test folded before Flop (didn't bet)



PokerStars Hand #237562630519:  Hold'em No Limit ($0.02/$0.05 USD) - 2022/07/24 13:12:46 PT [2022/07/24 16:12:46 ET]
Table 'Aschera' 9-max Seat #3 is the button
Seat 1: alpinopacino ($11.15 in chips) 
Seat 2: dorjojo ($5.28 in chips) 
Seat 3: AnjoRush ($4.61 in chips) 
Seat 4: Aviendha44 ($3.78 in chips) 
Seat 5: Dorex2007 ($5.16 in chips) 
Seat 6: gazzalouis147 ($4.12 in chips) 
Seat 7: tutanpoker ($6.15 in chips) 
Seat 8: EichelEichel ($2.88 in chips) 
Seat 9: cr@sh test ($5 in chips) 
Aviendha44: posts small blind $0.02
Dorex2007: posts big blind $0.05
*** HOLE CARDS ***
Dealt to Dorex2007 [4h 3c]
gazzalouis147: folds 
tutanpoker: folds 
EichelEichel: folds 
cr@sh test: folds 
alpinopacino: raises $0.05 to $0.10
dorjojo: folds 
AnjoRush: folds 
Aviendha44: folds 
Dorex2007: folds 
Uncalled bet ($0.05) returned to alpinopacino
alpinopacino collected $0.12 from pot
*** SUMMARY ***
Total pot $0.12 | Rake $0 
Seat 1: alpinopacino collected ($0.12)
Seat 2: dorjojo folded before Flop (didn't bet)
Seat 3: AnjoRush (button) folded before Flop (didn't bet)
Seat 4: Aviendha44 (small blind) folded before Flop
Seat 5: Dorex2007 (big blind) folded before Flop
Seat 6: gazzalouis147 folded before Flop (didn't bet)
Seat 7: tutanpoker folded before Flop (didn't bet)
Seat 8: EichelEichel folded before Flop (didn't bet)
Seat 9: cr@sh test folded before Flop (didn't bet)



PokerStars Hand #237562639610:  Hold'em No Limit ($0.02/$0.05 USD) - 2022/07/24 13:13:05 PT [2022/07/24 16:13:05 ET]
Table 'Aschera' 9-max Seat #4 is the button
Seat 1: alpinopacino ($11.22 in chips) 
Seat 2: dorjojo ($5.28 in chips) 
Seat 3: AnjoRush ($4.61 in chips) 
Seat 4: Aviendha44 ($3.76 in chips) 
Seat 5: Dorex2007 ($5.11 in chips) 
Seat 6: gazzalouis147 ($4.12 in chips) 
Seat 7: tutanpoker ($6.15 in chips) 
Seat 8: EichelEichel ($2.88 in chips) 
Seat 9: cr@sh test ($5 in chips) 
Dorex2007: posts small blind $0.02
gazzalouis147: posts big blind $0.05
*** HOLE CARDS ***
Dealt to Dorex2007 [3d 5h]
tutanpoker: calls $0.05
EichelEichel: folds 
cr@sh test: folds 
alpinopacino: folds 
dorjojo: folds 
AnjoRush: folds 
Aviendha44: calls $0.05
Dorex2007: folds 
gazzalouis147: checks 
*** FLOP *** [5s 4h 4s]
gazzalouis147: checks 
tutanpoker: checks 
Aviendha44: checks 
*** TURN *** [5s 4h 4s] [4d]
gazzalouis147: bets $0.10
tutanpoker: folds 
Aviendha44: folds 
Uncalled bet ($0.10) returned to gazzalouis147
gazzalouis147 collected $0.16 from pot
*** SUMMARY ***
Total pot $0.17 | Rake $0.01 
Board [5s 4h 4s 4d]
Seat 1: alpinopacino folded before Flop (didn't bet)
Seat 2: dorjojo folded before Flop (didn't bet)
Seat 3: AnjoRush folded before Flop (didn't bet)
Seat 4: Aviendha44 (button) folded on the Turn
Seat 5: Dorex2007 (small blind) folded before Flop
Seat 6: gazzalouis147 (big blind) collected ($0.16)
Seat 7: tutanpoker folded on the Turn
Seat 8: EichelEichel folded before Flop (didn't bet)
Seat 9: cr@sh test folded before Flop (didn't bet)



PokerStars Hand #237562659706:  Hold'em No Limit ($0.02/$0.05 USD) - 2022/07/24 13:13:46 PT [2022/07/24 16:13:46 ET]
Table 'Aschera' 9-max Seat #5 is the button
Seat 1: alpinopacino ($11.22 in chips) 
Seat 2: dorjojo ($5.28 in chips) 
Seat 3: AnjoRush ($4.61 in chips) 
Seat 4: Aviendha44 ($3.71 in chips) 
Seat 5: Dorex2007 ($5.09 in chips) 
Seat 6: gazzalouis147 ($4.23 in chips) 
Seat 7: tutanpoker ($6.10 in chips) 
Seat 8: EichelEichel ($2.88 in chips) 
Seat 9: cr@sh test ($5 in chips) 
gazzalouis147: posts small blind $0.02
tutanpoker: posts big blind $0.05
*** HOLE CARDS ***
Dealt to Dorex2007 [Ac 5h]
EichelEichel: folds 
cr@sh test: folds 
alpinopacino: folds 
dorjojo: folds 
AnjoRush: folds 
Aviendha44: folds 
Dorex2007: folds 
gazzalouis147: folds 
Uncalled bet ($0.03) returned to tutanpoker
tutanpoker collected $0.04 from pot
*** SUMMARY ***
Total pot $0.04 | Rake $0 
Seat 1: alpinopacino folded before Flop (didn't bet)
Seat 2: dorjojo folded before Flop (didn't bet)
Seat 3: AnjoRush folded before Flop (didn't bet)
Seat 4: Aviendha44 folded before Flop (didn't bet)
Seat 5: Dorex2007 (button) folded before Flop (didn't bet)
Seat 6: gazzalouis147 (small blind) folded before Flop
Seat 7: tutanpoker (big blind) collected ($0.04)
Seat 8: EichelEichel folded before Flop (didn't bet)
Seat 9: cr@sh test folded before Flop (didn't bet)



PokerStars Hand #237562674138:  Hold'em No Limit ($0.02/$0.05 USD) - 2022/07/24 13:14:15 PT [2022/07/24 16:14:15 ET]
Table 'Aschera' 9-max Seat #6 is the button
Seat 1: alpinopacino ($11.22 in chips) 
Seat 2: dorjojo ($5.28 in chips) 
Seat 3: AnjoRush ($4.61 in chips) 
Seat 4: Aviendha44 ($3.71 in chips) 
Seat 5: Dorex2007 ($5.09 in chips) 
Seat 6: gazzalouis147 ($4.21 in chips) 
Seat 7: tutanpoker ($6.12 in chips) 
Seat 8: EichelEichel ($2.88 in chips) 
Seat 9: cr@sh test ($5 in chips) 
tutanpoker: posts small blind $0.02
EichelEichel: posts big blind $0.05
*** HOLE CARDS ***
Dealt to Dorex2007 [3c Qc]
cr@sh test: folds 
alpinopacino: folds 
dorjojo: raises $0.10 to $0.15
AnjoRush: calls $0.15
Aviendha44: folds 
Dorex2007: folds 
gazzalouis147: folds 
tutanpoker: calls $0.13
EichelEichel: folds 
*** FLOP *** [4h Qs As]
tutanpoker: checks 
dorjojo: bets $0.16
AnjoRush: folds 
tutanpoker: folds 
Uncalled bet ($0.16) returned to dorjojo
dorjojo collected $0.48 from pot
*** SUMMARY ***
Total pot $0.50 | Rake $0.02 
Board [4h Qs As]
Seat 1: alpinopacino folded before Flop (didn't bet)
Seat 2: dorjojo collected ($0.48)
Seat 3: AnjoRush folded on the Flop
Seat 4: Aviendha44 folded before Flop (didn't bet)
Seat 5: Dorex2007 folded before Flop (didn't bet)
Seat 6: gazzalouis147 (button) folded before Flop (didn't bet)
Seat 7: tutanpoker (small blind) folded on the Flop
Seat 8: EichelEichel (big blind) folded before Flop
Seat 9: cr@sh test folded before Flop (didn't bet)



PokerStars Hand #237562697175:  Hold'em No Limit ($0.02/$0.05 USD) - 2022/07/24 13:15:03 PT [2022/07/24 16:15:03 ET]
Table 'Aschera' 9-max Seat #7 is the button
Seat 1: alpinopacino ($11.22 in chips) 
Seat 2: dorjojo ($5.61 in chips) 
Seat 3: AnjoRush ($4.46 in chips) 
Seat 4: Aviendha44 ($3.71 in chips) 
Seat 5: Dorex2007 ($5.09 in chips) 
Seat 6: gazzalouis147 ($4.21 in chips) 
Seat 7: tutanpoker ($5.97 in chips) 
Seat 8: EichelEichel ($2.83 in chips) 
Seat 9: cr@sh test ($5 in chips) 
EichelEichel: posts small blind $0.02
cr@sh test: posts big blind $0.05
*** HOLE CARDS ***
Dealt to Dorex2007 [Js 4h]
alpinopacino: folds 
dorjojo: raises $0.10 to $0.15
AnjoRush: folds 
Aviendha44: folds 
Dorex2007: folds 
gazzalouis147: calls $0.15
tutanpoker: folds 
EichelEichel: folds 
cr@sh test: folds 
*** FLOP *** [Ts 8d 8h]
dorjojo: bets $0.12
gazzalouis147: folds 
Uncalled bet ($0.12) returned to dorjojo
dorjojo collected $0.35 from pot
*** SUMMARY ***
Total pot $0.37 | Rake $0.02 
Board [Ts 8d 8h]
Seat 1: alpinopacino folded before Flop (didn't bet)
Seat 2: dorjojo collected ($0.35)
Seat 3: AnjoRush folded before Flop (didn't bet)
Seat 4: Aviendha44 folded before Flop (didn't bet)
Seat 5: Dorex2007 folded before Flop (didn't bet)
Seat 6: gazzalouis147 folded on the Flop
Seat 7: tutanpoker (button) folded before Flop (didn't bet)
Seat 8: EichelEichel (small blind) folded before Flop
Seat 9: cr@sh test (big blind) folded before Flop



PokerStars Hand #237562715869:  Hold'em No Limit ($0.02/$0.05 USD) - 2022/07/24 13:15:40 PT [2022/07/24 16:15:40 ET]
Table 'Aschera' 9-max Seat #8 is the button
Seat 1: alpinopacino ($11.22 in chips) 
Seat 2: dorjojo ($5.81 in chips) 
Seat 3: AnjoRush ($4.46 in chips) 
Seat 4: Aviendha44 ($3.71 in chips) 
Seat 5: Dorex2007 ($5.09 in chips) 
Seat 6: gazzalouis147 ($4.06 in chips) 
Seat 7: tutanpoker ($5.97 in chips) 
Seat 8: EichelEichel ($2.81 in chips) 
Seat 9: cr@sh test ($5 in chips) 
cr@sh test: posts small blind $0.02
alpinopacino: posts big blind $0.05
*** HOLE CARDS ***
Dealt to Dorex2007 [8d 6d]
dorjojo: folds 
AnjoRush: folds 
Aviendha44: folds 
Dorex2007: folds 
gazzalouis147: calls $0.05
tutanpoker: calls $0.05
EichelEichel: folds 
cr@sh test: folds 
alpinopacino: checks 
*** FLOP *** [3c 4h Td]
alpinopacino: checks 
gazzalouis147: checks 
tutanpoker: checks 
*** TURN *** [3c 4h Td] [Jd]
alpinopacino: checks 
gazzalouis147: checks 
tutanpoker: checks 
*** RIVER *** [3c 4h Td Jd] [Ks]
alpinopacino: checks 
gazzalouis147: bets $0.16
tutanpoker: folds 
alpinopacino: folds 
Uncalled bet ($0.16) returned to gazzalouis147
gazzalouis147 collected $0.16 from pot
*** SUMMARY ***
Total pot $0.17 | Rake $0.01 
Board [3c 4h Td Jd Ks]
Seat 1: alpinopacino (big blind) folded on the River
Seat 2: dorjojo folded before Flop (didn't bet)
Seat 3: AnjoRush folded before Flop (didn't bet)
Seat 4: Aviendha44 folded before Flop (didn't bet)
Seat 5: Dorex2007 folded before Flop (didn't bet)
Seat 6: gazzalouis147 collected ($0.16)
Seat 7: tutanpoker folded on the River
Seat 8: EichelEichel (button) folded before Flop (didn't bet)
Seat 9: cr@sh test (small blind) folded before Flop



PokerStars Hand #237562744381:  Hold'em No Limit ($0.02/$0.05 USD) - 2022/07/24 13:16:38 PT [2022/07/24 16:16:38 ET]
Table 'Aschera' 9-max Seat #9 is the button
Seat 1: alpinopacino ($11.17 in chips) 
Seat 2: dorjojo ($5.81 in chips) 
Seat 3: AnjoRush ($4.46 in chips) 
Seat 4: Aviendha44 ($3.71 in chips) 
Seat 5: Dorex2007 ($5.09 in chips) 
Seat 6: gazzalouis147 ($4.17 in chips) 
Seat 7: tutanpoker ($5.92 in chips) 
Seat 8: EichelEichel ($2.81 in chips) 
Seat 9: cr@sh test ($5 in chips) 
alpinopacino: posts small blind $0.02
dorjojo: posts big blind $0.05
*** HOLE CARDS ***
Dealt to Dorex2007 [Th 5h]
AnjoRush: folds 
Aviendha44: folds 
Dorex2007: folds 
gazzalouis147: folds 
gazzalouis147 leaves the table
tutanpoker: folds 
EichelEichel: folds 
cr@sh test: folds 
alpinopacino: folds 
Uncalled bet ($0.03) returned to dorjojo
dorjojo collected $0.04 from pot
*** SUMMARY ***
Total pot $0.04 | Rake $0 
Seat 1: alpinopacino (small blind) folded before Flop
Seat 2: dorjojo (big blind) collected ($0.04)
Seat 3: AnjoRush folded before Flop (didn't bet)
Seat 4: Aviendha44 folded before Flop (didn't bet)
Seat 5: Dorex2007 folded before Flop (didn't bet)
Seat 6: gazzalouis147 folded before Flop (didn't bet)
Seat 7: tutanpoker folded before Flop (didn't bet)
Seat 8: EichelEichel folded before Flop (didn't bet)
Seat 9: cr@sh test (button) folded before Flop (didn't bet)



PokerStars Hand #237562753126:  Hold'em No Limit ($0.02/$0.05 USD) - 2022/07/24 13:16:55 PT [2022/07/24 16:16:55 ET]
Table 'Aschera' 9-max Seat #1 is the button
Seat 1: alpinopacino ($11.15 in chips) 
Seat 2: dorjojo ($5.83 in chips) 
Seat 3: AnjoRush ($4.46 in chips) 
Seat 4: Aviendha44 ($3.71 in chips) 
Seat 5: Dorex2007 ($5.09 in chips) 
Seat 7: tutanpoker ($5.92 in chips) 
Seat 8: EichelEichel ($2.81 in chips) 
Seat 9: cr@sh test ($5 in chips) 
dorjojo: posts small blind $0.02
AnjoRush: posts big blind $0.05
*** HOLE CARDS ***
Dealt to Dorex2007 [Ad Qd]
Aviendha44: folds 
Dorex2007: calls $0.05
tutanpoker has timed out
tutanpoker: folds 
EichelEichel: folds 
cr@sh test: folds 
alpinopacino: calls $0.05
dorjojo: raises $0.20 to $0.25
AnjoRush: calls $0.20
Dorex2007: folds 
alpinopacino: calls $0.20
*** FLOP *** [8h 9h 8d]
dorjojo: bets $0.25
AnjoRush: folds 
alpinopacino: calls $0.25
*** TURN *** [8h 9h 8d] [Qh]
dorjojo: checks 
alpinopacino: checks 
*** RIVER *** [8h 9h 8d Qh] [Jc]
cubicroot joins the table at seat #6 
dorjojo: bets $0.41
alpinopacino: folds 
Uncalled bet ($0.41) returned to dorjojo
dorjojo collected $1.24 from pot
*** SUMMARY ***
Total pot $1.30 | Rake $0.06 
Board [8h 9h 8d Qh Jc]
Seat 1: alpinopacino (button) folded on the River
Seat 2: dorjojo (small blind) collected ($1.24)
Seat 3: AnjoRush (big blind) folded on the Flop
Seat 4: Aviendha44 folded before Flop (didn't bet)
Seat 5: Dorex2007 folded before Flop
Seat 7: tutanpoker folded before Flop (didn't bet)
Seat 8: EichelEichel folded before Flop (didn't bet)
Seat 9: cr@sh test folded before Flop (didn't bet)



PokerStars Hand #237562799965:  Hold'em No Limit ($0.02/$0.05 USD) - 2022/07/24 13:18:30 PT [2022/07/24 16:18:30 ET]
Table 'Aschera' 9-max Seat #2 is the button
Seat 1: alpinopacino ($10.65 in chips) 
Seat 2: dorjojo ($6.57 in chips) 
Seat 3: AnjoRush ($4.21 in chips) 
Seat 4: Aviendha44 ($3.71 in chips) 
Seat 5: Dorex2007 ($5.04 in chips) 
Seat 8: EichelEichel ($2.81 in chips) 
Seat 9: cr@sh test ($5 in chips) 
AnjoRush: posts small blind $0.02
Aviendha44: posts big blind $0.05
cubicroot: sits out 
*** HOLE CARDS ***
Dealt to Dorex2007 [2s 3d]
Dorex2007: folds 
EichelEichel: folds 
cr@sh test: folds 
alpinopacino: raises $0.05 to $0.10
dorjojo: folds 
AnjoRush: folds 
Aviendha44: calls $0.05
*** FLOP *** [Tc 5d 7d]
Aviendha44: checks 
alpinopacino: checks 
*** TURN *** [Tc 5d 7d] [5s]
Aviendha44: checks 
alpinopacino: checks 
*** RIVER *** [Tc 5d 7d 5s] [6h]
Aviendha44: checks 
alpinopacino: checks 
*** SHOW DOWN ***
Aviendha44: shows [4s 4h] (two pair, Fives and Fours)
alpinopacino: mucks hand 
Aviendha44 collected $0.21 from pot
*** SUMMARY ***
Total pot $0.22 | Rake $0.01 
Board [Tc 5d 7d 5s 6h]
Seat 1: alpinopacino mucked [Jh 9d]
Seat 2: dorjojo (button) folded before Flop (didn't bet)
Seat 3: AnjoRush (small blind) folded before Flop
Seat 4: Aviendha44 (big blind) showed [4s 4h] and won ($0.21) with two pair, Fives and Fours
Seat 5: Dorex2007 folded before Flop (didn't bet)
Seat 8: EichelEichel folded before Flop (didn't bet)
Seat 9: cr@sh test folded before Flop (didn't bet)



PokerStars Hand #237562815841:  Hold'em No Limit ($0.02/$0.05 USD) - 2022/07/24 13:19:02 PT [2022/07/24 16:19:02 ET]
Table 'Aschera' 9-max Seat #3 is the button
Seat 1: alpinopacino ($10.55 in chips) 
Seat 2: dorjojo ($6.57 in chips) 
Seat 3: AnjoRush ($4.19 in chips) 
Seat 4: Aviendha44 ($3.82 in chips) 
Seat 5: Dorex2007 ($5.04 in chips) 
Seat 8: EichelEichel ($2.81 in chips) 
Seat 9: cr@sh test ($5 in chips) 
Aviendha44: posts small blind $0.02
Dorex2007: posts big blind $0.05
cubicroot: sits out 
*** HOLE CARDS ***
Dealt to Dorex2007 [Td 8c]
EichelEichel: raises $0.05 to $0.10
cr@sh test: folds 
alpinopacino: folds 
dorjojo: folds 
AnjoRush: folds 
Aviendha44: folds 
Dorex2007: folds 
Uncalled bet ($0.05) returned to EichelEichel
EichelEichel collected $0.12 from pot
*** SUMMARY ***
Total pot $0.12 | Rake $0 
Seat 1: alpinopacino folded before Flop (didn't bet)
Seat 2: dorjojo folded before Flop (didn't bet)
Seat 3: AnjoRush (button) folded before Flop (didn't bet)
Seat 4: Aviendha44 (small blind) folded before Flop
Seat 5: Dorex2007 (big blind) folded before Flop
Seat 8: EichelEichel collected ($0.12)
Seat 9: cr@sh test folded before Flop (didn't bet)



PokerStars Hand #237562824049:  Hold'em No Limit ($0.02/$0.05 USD) - 2022/07/24 13:19:19 PT [2022/07/24 16:19:19 ET]
Table 'Aschera' 9-max Seat #4 is the button
Seat 1: alpinopacino ($10.55 in chips) 
Seat 2: dorjojo ($6.57 in chips) 
Seat 3: AnjoRush ($4.19 in chips) 
Seat 4: Aviendha44 ($3.80 in chips) 
Seat 5: Dorex2007 ($5 in chips) 
Seat 6: cubicroot ($5 in chips) 
Seat 8: EichelEichel ($2.88 in chips) 
Seat 9: cr@sh test ($5 in chips) 
Dorex2007: posts small blind $0.02
cubicroot: posts big blind $0.05
*** HOLE CARDS ***
Dealt to Dorex2007 [4h Ah]
EichelEichel: folds 
cr@sh test: folds 
alpinopacino: folds 
dorjojo: folds 
AnjoRush: folds 
Aviendha44: folds 
Dorex2007: raises $0.05 to $0.10
cubicroot: calls $0.05
*** FLOP *** [9h 4s 3d]
Dorex2007: bets $0.19
cubicroot: calls $0.19
*** TURN *** [9h 4s 3d] [Ts]
Dorex2007: checks 
cubicroot: bets $0.28
Dorex2007: calls $0.28
*** RIVER *** [9h 4s 3d Ts] [8h]
Dorex2007: bets $0.30
cubicroot: folds 
Uncalled bet ($0.30) returned to Dorex2007
Dorex2007 collected $1.09 from pot
*** SUMMARY ***
Total pot $1.14 | Rake $0.05 
Board [9h 4s 3d Ts 8h]
Seat 1: alpinopacino folded before Flop (didn't bet)
Seat 2: dorjojo folded before Flop (didn't bet)
Seat 3: AnjoRush folded before Flop (didn't bet)
Seat 4: Aviendha44 (button) folded before Flop (didn't bet)
Seat 5: Dorex2007 (small blind) collected ($1.09)
Seat 6: cubicroot (big blind) folded on the River
Seat 8: EichelEichel folded before Flop (didn't bet)
Seat 9: cr@sh test folded before Flop (didn't bet)



PokerStars Hand #237562850338:  Hold'em No Limit ($0.02/$0.05 USD) - 2022/07/24 13:20:11 PT [2022/07/24 16:20:11 ET]
Table 'Aschera' 9-max Seat #5 is the button
Seat 1: alpinopacino ($10.55 in chips) 
Seat 2: dorjojo ($6.57 in chips) 
Seat 3: AnjoRush ($4.19 in chips) 
Seat 4: Aviendha44 ($3.80 in chips) 
Seat 5: Dorex2007 ($5.52 in chips) 
Seat 6: cubicroot ($4.43 in chips) 
Seat 7: tutanpoker ($5.92 in chips) 
Seat 8: EichelEichel ($2.88 in chips) 
Seat 9: cr@sh test ($5 in chips) 
cubicroot: posts small blind $0.02
tutanpoker: posts big blind $0.05
*** HOLE CARDS ***
Dealt to Dorex2007 [Kc Qd]
EichelEichel: folds 
cr@sh test: folds 
alpinopacino: folds 
dorjojo: raises $0.10 to $0.15
AnjoRush: folds 
Aviendha44: folds 
Dorex2007: calls $0.15
cubicroot: folds 
tutanpoker: folds 
*** FLOP *** [9d 4s 9s]
dorjojo: bets $0.12
Dorex2007: folds 
Uncalled bet ($0.12) returned to dorjojo
dorjojo collected $0.35 from pot
*** SUMMARY ***
Total pot $0.37 | Rake $0.02 
Board [9d 4s 9s]
Seat 1: alpinopacino folded before Flop (didn't bet)
Seat 2: dorjojo collected ($0.35)
Seat 3: AnjoRush folded before Flop (didn't bet)
Seat 4: Aviendha44 folded before Flop (didn't bet)
Seat 5: Dorex2007 (button) folded on the Flop
Seat 6: cubicroot (small blind) folded before Flop
Seat 7: tutanpoker (big blind) folded before Flop
Seat 8: EichelEichel folded before Flop (didn't bet)
Seat 9: cr@sh test folded before Flop (didn't bet)



PokerStars Hand #237562865779:  Hold'em No Limit ($0.02/$0.05 USD) - 2022/07/24 13:20:42 PT [2022/07/24 16:20:42 ET]
Table 'Aschera' 9-max Seat #6 is the button
Seat 1: alpinopacino ($10.55 in chips) 
Seat 2: dorjojo ($6.77 in chips) 
Seat 3: AnjoRush ($4.19 in chips) 
Seat 4: Aviendha44 ($3.80 in chips) 
Seat 5: Dorex2007 ($5.37 in chips) 
Seat 6: cubicroot ($4.41 in chips) 
Seat 7: tutanpoker ($5.87 in chips) 
Seat 8: EichelEichel ($2.88 in chips) 
Seat 9: cr@sh test ($5 in chips) 
tutanpoker: posts small blind $0.02
EichelEichel: posts big blind $0.05
*** HOLE CARDS ***
Dealt to Dorex2007 [As 8h]
cr@sh test: folds 
alpinopacino: folds 
dorjojo: folds 
AnjoRush: folds 
Aviendha44: folds 
Dorex2007: folds 
cubicroot: folds 
tutanpoker: calls $0.03
EichelEichel: checks 
*** FLOP *** [Qc Kc Kh]
tutanpoker: checks 
EichelEichel: checks 
*** TURN *** [Qc Kc Kh] [Td]
tutanpoker: bets $0.05
EichelEichel: calls $0.05
*** RIVER *** [Qc Kc Kh Td] [Th]
tutanpoker: checks 
EichelEichel: checks 
*** SHOW DOWN ***
tutanpoker: shows [2c Js] (two pair, Kings and Tens)
EichelEichel: shows [4h 4s] (two pair, Kings and Tens)
tutanpoker collected $0.10 from pot
EichelEichel collected $0.09 from pot
*** SUMMARY ***
Total pot $0.20 | Rake $0.01 
Board [Qc Kc Kh Td Th]
Seat 1: alpinopacino folded before Flop (didn't bet)
Seat 2: dorjojo folded before Flop (didn't bet)
Seat 3: AnjoRush folded before Flop (didn't bet)
Seat 4: Aviendha44 folded before Flop (didn't bet)
Seat 5: Dorex2007 folded before Flop (didn't bet)
Seat 6: cubicroot (button) folded before Flop (didn't bet)
Seat 7: tutanpoker (small blind) showed [2c Js] and won ($0.10) with two pair, Kings and Tens
Seat 8: EichelEichel (big blind) showed [4h 4s] and won ($0.09) with two pair, Kings and Tens
Seat 9: cr@sh test folded before Flop (didn't bet)



