PokerStars Hand #232889117384:  Hold'em No Limit ($0.01/$0.02 USD) - 2022/01/06 17:15:29 PT [2022/01/06 20:15:29 ET]
Table 'Walinskia II' 9-max Seat #7 is the button
Seat 1: TheEsli ($3.92 in chips) 
Seat 2: Barusal ($0.40 in chips) 
Seat 3: kamoka06 ($7.18 in chips) 
Seat 4: harri balls 2 ($1.93 in chips) 
Seat 5: fredgrande ($1.52 in chips) 
Seat 6: Dorex2007 ($2 in chips) 
Seat 7: Teoriya300 ($0.72 in chips) 
Seat 9: m3lkiyway ($1.17 in chips) 
m3lkiyway: posts small blind $0.01
TheEsli: posts big blind $0.02
Dorex2007: posts big blind $0.02
*** HOLE CARDS ***
Dealt to Dorex2007 [Ks Qh]
Barusal: folds 
kamoka06: calls $0.02
harri balls 2: folds 
fredgrande: raises $0.04 to $0.06
Dorex2007: calls $0.04
Teoriya300: folds 
m3lkiyway: folds 
TheEsli: folds 
kamoka06: calls $0.04
*** FLOP *** [3c Js Jh]
kamoka06: checks 
fredgrande: bets $0.08
Dorex2007: folds 
kamoka06: raises $0.08 to $0.16
fredgrande: folds 
Uncalled bet ($0.08) returned to kamoka06
kamoka06 collected $0.36 from pot
kamoka06: doesn't show hand 
*** SUMMARY ***
Total pot $0.37 | Rake $0.01 
Board [3c Js Jh]
Seat 1: TheEsli (big blind) folded before Flop
Seat 2: Barusal folded before Flop (didn't bet)
Seat 3: kamoka06 collected ($0.36)
Seat 4: harri balls 2 folded before Flop (didn't bet)
Seat 5: fredgrande folded on the Flop
Seat 6: Dorex2007 folded on the Flop
Seat 7: Teoriya300 (button) folded before Flop (didn't bet)
Seat 9: m3lkiyway (small blind) folded before Flop



PokerStars Hand #232889131239:  Hold'em No Limit ($0.01/$0.02 USD) - 2022/01/06 17:16:10 PT [2022/01/06 20:16:10 ET]
Table 'Walinskia II' 9-max Seat #9 is the button
Seat 1: TheEsli ($3.90 in chips) 
Seat 2: Barusal ($0.40 in chips) 
Seat 3: kamoka06 ($7.40 in chips) 
Seat 4: harri balls 2 ($1.93 in chips) 
Seat 5: fredgrande ($1.38 in chips) 
Seat 6: Dorex2007 ($2 in chips) 
Seat 7: Teoriya300 ($0.72 in chips) 
Seat 8: SexMedMinEx ($2 in chips) 
Seat 9: m3lkiyway ($1.16 in chips) 
TheEsli: posts small blind $0.01
Barusal: posts big blind $0.02
SexMedMinEx: posts small & big blinds $0.03
*** HOLE CARDS ***
Dealt to Dorex2007 [Kd 2h]
kamoka06: calls $0.02
harri balls 2: folds 
fredgrande: folds 
Dorex2007: folds 
Teoriya300: folds 
SexMedMinEx: checks 
m3lkiyway: calls $0.02
TheEsli: calls $0.01
Barusal: checks 
*** FLOP *** [5s Qs 5d]
TheEsli: checks 
Barusal: checks 
kamoka06: checks 
SexMedMinEx: checks 
m3lkiyway: checks 
*** TURN *** [5s Qs 5d] [3s]
TheEsli: checks 
Barusal: checks 
kamoka06: checks 
SexMedMinEx: checks 
m3lkiyway: bets $0.08
TheEsli: folds 
Barusal: folds 
kamoka06: raises $0.08 to $0.16
SexMedMinEx: folds 
m3lkiyway: calls $0.08
*** RIVER *** [5s Qs 5d 3s] [Tc]
kamoka06: bets $0.10
m3lkiyway: raises $0.10 to $0.20
kamoka06: calls $0.10
*** SHOW DOWN ***
m3lkiyway: shows [8s 8d] (two pair, Eights and Fives)
kamoka06: mucks hand 
m3lkiyway collected $0.80 from pot
*** SUMMARY ***
Total pot $0.83 | Rake $0.03 
Board [5s Qs 5d 3s Tc]
Seat 1: TheEsli (small blind) folded on the Turn
Seat 2: Barusal (big blind) folded on the Turn
Seat 3: kamoka06 mucked [6h Jd]
Seat 4: harri balls 2 folded before Flop (didn't bet)
Seat 5: fredgrande folded before Flop (didn't bet)
Seat 6: Dorex2007 folded before Flop (didn't bet)
Seat 7: Teoriya300 folded before Flop (didn't bet)
Seat 8: SexMedMinEx folded on the Turn (didn't bet)
Seat 9: m3lkiyway (button) showed [8s 8d] and won ($0.80) with two pair, Eights and Fives



PokerStars Hand #232889156826:  Hold'em No Limit ($0.01/$0.02 USD) - 2022/01/06 17:17:26 PT [2022/01/06 20:17:26 ET]
Table 'Walinskia II' 9-max Seat #1 is the button
Seat 1: TheEsli ($3.88 in chips) 
Seat 2: Barusal ($0.38 in chips) 
Seat 3: kamoka06 ($7.02 in chips) 
Seat 4: harri balls 2 ($1.93 in chips) 
Seat 5: fredgrande ($1.38 in chips) 
Seat 6: Dorex2007 ($2 in chips) 
Seat 7: Teoriya300 ($0.72 in chips) 
Seat 8: SexMedMinEx ($1.97 in chips) 
Seat 9: m3lkiyway ($1.58 in chips) 
Barusal: posts small blind $0.01
kamoka06: posts big blind $0.02
*** HOLE CARDS ***
Dealt to Dorex2007 [6c 7c]
harri balls 2: folds 
fredgrande: folds 
Dorex2007: folds 
Teoriya300: calls $0.02
SexMedMinEx: calls $0.02
m3lkiyway: folds 
TheEsli: calls $0.02
Barusal: folds 
kamoka06: checks 
*** FLOP *** [5h Jh 8s]
kamoka06: bets $0.06
Teoriya300: calls $0.06
SexMedMinEx: calls $0.06
TheEsli: folds 
*** TURN *** [5h Jh 8s] [6d]
kamoka06: bets $0.20
Teoriya300: folds 
SexMedMinEx: folds 
Uncalled bet ($0.20) returned to kamoka06
kamoka06 collected $0.26 from pot
kamoka06: doesn't show hand 
*** SUMMARY ***
Total pot $0.27 | Rake $0.01 
Board [5h Jh 8s 6d]
Seat 1: TheEsli (button) folded on the Flop
Seat 2: Barusal (small blind) folded before Flop
Seat 3: kamoka06 (big blind) collected ($0.26)
Seat 4: harri balls 2 folded before Flop (didn't bet)
Seat 5: fredgrande folded before Flop (didn't bet)
Seat 6: Dorex2007 folded before Flop (didn't bet)
Seat 7: Teoriya300 folded on the Turn
Seat 8: SexMedMinEx folded on the Turn
Seat 9: m3lkiyway folded before Flop (didn't bet)



PokerStars Hand #232889177701:  Hold'em No Limit ($0.01/$0.02 USD) - 2022/01/06 17:18:28 PT [2022/01/06 20:18:28 ET]
Table 'Walinskia II' 9-max Seat #2 is the button
Seat 1: TheEsli ($3.86 in chips) 
Seat 2: Barusal ($0.37 in chips) 
Seat 3: kamoka06 ($7.20 in chips) 
Seat 4: harri balls 2 ($1.93 in chips) 
Seat 5: fredgrande ($1.38 in chips) 
Seat 6: Dorex2007 ($2 in chips) 
Seat 7: Teoriya300 ($0.64 in chips) 
Seat 8: SexMedMinEx ($1.89 in chips) 
Seat 9: m3lkiyway ($1.58 in chips) 
kamoka06: posts small blind $0.01
harri balls 2: posts big blind $0.02
*** HOLE CARDS ***
Dealt to Dorex2007 [8h Jd]
fredgrande: calls $0.02
Dorex2007: folds 
Teoriya300: folds 
SexMedMinEx: folds 
m3lkiyway: calls $0.02
TheEsli: folds 
Barusal: folds 
kamoka06: calls $0.01
harri balls 2: checks 
*** FLOP *** [6d 7s 2c]
kamoka06: checks 
harri balls 2: bets $0.04
fredgrande: calls $0.04
m3lkiyway: folds 
kamoka06: raises $0.04 to $0.08
harri balls 2: calls $0.04
fredgrande: folds 
*** TURN *** [6d 7s 2c] [Qc]
kamoka06: checks 
harri balls 2: bets $0.11
kamoka06: raises $0.29 to $0.40
harri balls 2: calls $0.29
*** RIVER *** [6d 7s 2c Qc] [9s]
kamoka06: bets $1.54
harri balls 2: calls $1.43 and is all-in
Uncalled bet ($0.11) returned to kamoka06
*** SHOW DOWN ***
kamoka06: shows [8s 5h] (a straight, Five to Nine)
harri balls 2: shows [7d Qs] (two pair, Queens and Sevens)
kamoka06 collected $3.80 from pot
*** SUMMARY ***
Total pot $3.94 | Rake $0.14 
Board [6d 7s 2c Qc 9s]
Seat 1: TheEsli folded before Flop (didn't bet)
Seat 2: Barusal (button) folded before Flop (didn't bet)
Seat 3: kamoka06 (small blind) showed [8s 5h] and won ($3.80) with a straight, Five to Nine
Seat 4: harri balls 2 (big blind) showed [7d Qs] and lost with two pair, Queens and Sevens
Seat 5: fredgrande folded on the Flop
Seat 6: Dorex2007 folded before Flop (didn't bet)
Seat 7: Teoriya300 folded before Flop (didn't bet)
Seat 8: SexMedMinEx folded before Flop (didn't bet)
Seat 9: m3lkiyway folded on the Flop



PokerStars Hand #232889205138:  Hold'em No Limit ($0.01/$0.02 USD) - 2022/01/06 17:19:50 PT [2022/01/06 20:19:50 ET]
Table 'Walinskia II' 9-max Seat #3 is the button
Seat 1: TheEsli ($3.86 in chips) 
Seat 2: Barusal ($0.37 in chips) 
Seat 3: kamoka06 ($9.07 in chips) 
Seat 5: fredgrande ($1.32 in chips) 
Seat 6: Dorex2007 ($2 in chips) 
Seat 7: Teoriya300 ($0.64 in chips) 
Seat 8: SexMedMinEx ($1.89 in chips) 
Seat 9: m3lkiyway ($1.56 in chips) 
fredgrande: posts small blind $0.01
Dorex2007: posts big blind $0.02
*** HOLE CARDS ***
Dealt to Dorex2007 [Qc 9d]
Teoriya300: calls $0.02
SexMedMinEx: calls $0.02
m3lkiyway: calls $0.02
harri balls 2 leaves the table
TheEsli: folds 
Barusal: folds 
kamoka06: calls $0.02
fredgrande: calls $0.01
Dorex2007: checks 
*** FLOP *** [Td 3s Jd]
fredgrande: checks 
Dorex2007: checks 
Teoriya300: checks 
Guilhermanoo joins the table at seat #4 
SexMedMinEx: bets $0.06
m3lkiyway: calls $0.06
kamoka06: calls $0.06
fredgrande: folds 
Dorex2007: folds 
Teoriya300: calls $0.06
*** TURN *** [Td 3s Jd] [Tc]
Teoriya300: checks 
SexMedMinEx: bets $0.18
m3lkiyway: raises $0.18 to $0.36
kamoka06: calls $0.36
Teoriya300: raises $0.20 to $0.56 and is all-in
SexMedMinEx: folds 
m3lkiyway: raises $0.20 to $0.76
kamoka06: calls $0.40
*** RIVER *** [Td 3s Jd Tc] [7d]
m3lkiyway: bets $0.72 and is all-in
kamoka06: calls $0.72
*** SHOW DOWN ***
m3lkiyway: shows [Jc Ts] (a full house, Tens full of Jacks)
kamoka06: shows [8h 7h] (two pair, Tens and Sevens)
m3lkiyway collected $1.78 from side pot
Teoriya300: shows [3d 3h] (a full house, Threes full of Tens)
m3lkiyway collected $2.14 from main pot
*** SUMMARY ***
Total pot $4.06 Main pot $2.14. Side pot $1.78. | Rake $0.14 
Board [Td 3s Jd Tc 7d]
Seat 1: TheEsli folded before Flop (didn't bet)
Seat 2: Barusal folded before Flop (didn't bet)
Seat 3: kamoka06 (button) showed [8h 7h] and lost with two pair, Tens and Sevens
Seat 5: fredgrande (small blind) folded on the Flop
Seat 6: Dorex2007 (big blind) folded on the Flop
Seat 7: Teoriya300 showed [3d 3h] and lost with a full house, Threes full of Tens
Seat 8: SexMedMinEx folded on the Turn
Seat 9: m3lkiyway showed [Jc Ts] and won ($3.92) with a full house, Tens full of Jacks



PokerStars Hand #232889232155:  Hold'em No Limit ($0.01/$0.02 USD) - 2022/01/06 17:21:04 PT [2022/01/06 20:21:04 ET]
Table 'Walinskia II' 9-max Seat #5 is the button
Seat 1: TheEsli ($3.86 in chips) 
Seat 2: Barusal ($0.37 in chips) 
Seat 3: kamoka06 ($7.51 in chips) 
Seat 5: fredgrande ($1.30 in chips) 
Seat 6: Dorex2007 ($2 in chips) 
Seat 8: SexMedMinEx ($1.63 in chips) 
Seat 9: m3lkiyway ($3.92 in chips) 
Teoriya300 leaves the table
Dorex2007: posts small blind $0.01
SexMedMinEx: posts big blind $0.02
Guilhermanoo: sits out 
*** HOLE CARDS ***
Dealt to Dorex2007 [3h 3s]
m3lkiyway: calls $0.02
TheEsli: folds 
Barusal: folds 
kamoka06: calls $0.02
fredgrande: folds 
Dorex2007: calls $0.01
SexMedMinEx: raises $1.61 to $1.63 and is all-in
m3lkiyway: folds 
kamoka06: folds 
Dorex2007: folds 
Uncalled bet ($1.61) returned to SexMedMinEx
SexMedMinEx collected $0.08 from pot
SexMedMinEx: doesn't show hand 
*** SUMMARY ***
Total pot $0.08 | Rake $0 
Seat 1: TheEsli folded before Flop (didn't bet)
Seat 2: Barusal folded before Flop (didn't bet)
Seat 3: kamoka06 folded before Flop
Seat 5: fredgrande (button) folded before Flop (didn't bet)
Seat 6: Dorex2007 (small blind) folded before Flop
Seat 8: SexMedMinEx (big blind) collected ($0.08)
Seat 9: m3lkiyway folded before Flop



PokerStars Hand #232889241606:  Hold'em No Limit ($0.01/$0.02 USD) - 2022/01/06 17:21:33 PT [2022/01/06 20:21:33 ET]
Table 'Walinskia II' 9-max Seat #6 is the button
Seat 1: TheEsli ($3.86 in chips) 
Seat 2: Barusal ($0.37 in chips) 
Seat 3: kamoka06 ($7.49 in chips) 
Seat 5: fredgrande ($1.30 in chips) 
Seat 6: Dorex2007 ($2 in chips) 
Seat 8: SexMedMinEx ($1.69 in chips) 
Seat 9: m3lkiyway ($3.90 in chips) 
SexMedMinEx: posts small blind $0.01
m3lkiyway: posts big blind $0.02
Guilhermanoo: sits out 
*** HOLE CARDS ***
Dealt to Dorex2007 [5d 8c]
TheEsli: calls $0.02
zahar.7703 joins the table at seat #7 
Barusal: calls $0.02
kamoka06: folds 
fredgrande: folds 
Dorex2007: folds 
SexMedMinEx: calls $0.01
m3lkiyway: checks 
*** FLOP *** [3c 7h 7d]
SexMedMinEx: checks 
m3lkiyway: checks 
TheEsli: checks 
Barusal: checks 
*** TURN *** [3c 7h 7d] [Kh]
SexMedMinEx: checks 
m3lkiyway: checks 
TheEsli: bets $0.02
Barusal: folds 
SexMedMinEx: calls $0.02
m3lkiyway: folds 
*** RIVER *** [3c 7h 7d Kh] [6h]
zahar.7703 leaves the table
SexMedMinEx: checks 
TheEsli: bets $0.04
SexMedMinEx: raises $0.04 to $0.08
TheEsli: calls $0.04
*** SHOW DOWN ***
SexMedMinEx: shows [5h 6s] (two pair, Sevens and Sixes)
TheEsli: shows [Jh Kd] (two pair, Kings and Sevens)
TheEsli collected $0.27 from pot
*** SUMMARY ***
Total pot $0.28 | Rake $0.01 
Board [3c 7h 7d Kh 6h]
Seat 1: TheEsli showed [Jh Kd] and won ($0.27) with two pair, Kings and Sevens
Seat 2: Barusal folded on the Turn
Seat 3: kamoka06 folded before Flop (didn't bet)
Seat 5: fredgrande folded before Flop (didn't bet)
Seat 6: Dorex2007 (button) folded before Flop (didn't bet)
Seat 8: SexMedMinEx (small blind) showed [5h 6s] and lost with two pair, Sevens and Sixes
Seat 9: m3lkiyway (big blind) folded on the Turn



PokerStars Hand #232889264173:  Hold'em No Limit ($0.01/$0.02 USD) - 2022/01/06 17:22:41 PT [2022/01/06 20:22:41 ET]
Table 'Walinskia II' 9-max Seat #8 is the button
Seat 1: TheEsli ($4.01 in chips) 
Seat 2: Barusal ($0.35 in chips) 
Seat 3: kamoka06 ($7.49 in chips) 
Seat 5: fredgrande ($1.30 in chips) 
Seat 6: Dorex2007 ($2 in chips) 
Seat 8: SexMedMinEx ($1.57 in chips) 
Seat 9: m3lkiyway ($3.88 in chips) 
m3lkiyway: posts small blind $0.01
TheEsli: posts big blind $0.02
Guilhermanoo: sits out 
*** HOLE CARDS ***
Dealt to Dorex2007 [2s 7c]
Barusal: folds 
kamoka06: calls $0.02
fredgrande: folds 
Dorex2007: folds 
SexMedMinEx: folds 
m3lkiyway: calls $0.01
TheEsli: checks 
*** FLOP *** [9s Qh Th]
yopo23 joins the table at seat #7 
m3lkiyway: bets $0.02
TheEsli: folds 
kamoka06: calls $0.02
*** TURN *** [9s Qh Th] [Ts]
m3lkiyway: bets $0.12
kamoka06: calls $0.12
*** RIVER *** [9s Qh Th Ts] [Kd]
m3lkiyway: bets $0.82
kamoka06: folds 
Uncalled bet ($0.82) returned to m3lkiyway
m3lkiyway collected $0.33 from pot
m3lkiyway: doesn't show hand 
*** SUMMARY ***
Total pot $0.34 | Rake $0.01 
Board [9s Qh Th Ts Kd]
Seat 1: TheEsli (big blind) folded on the Flop
Seat 2: Barusal folded before Flop (didn't bet)
Seat 3: kamoka06 folded on the River
Seat 5: fredgrande folded before Flop (didn't bet)
Seat 6: Dorex2007 folded before Flop (didn't bet)
Seat 8: SexMedMinEx (button) folded before Flop (didn't bet)
Seat 9: m3lkiyway (small blind) collected ($0.33)



PokerStars Hand #232889276963:  Hold'em No Limit ($0.01/$0.02 USD) - 2022/01/06 17:23:20 PT [2022/01/06 20:23:20 ET]
Table 'Walinskia II' 9-max Seat #9 is the button
Seat 2: Barusal ($0.35 in chips) 
Seat 3: kamoka06 ($7.33 in chips) 
Seat 5: fredgrande ($1.30 in chips) 
Seat 6: Dorex2007 ($2 in chips) 
Seat 7: yopo23 ($0.80 in chips) 
Seat 8: SexMedMinEx ($1.57 in chips) 
Seat 9: m3lkiyway ($4.05 in chips) 
Barusal: posts small blind $0.01
kamoka06: posts big blind $0.02
Guilhermanoo: sits out 
yopo23: posts big blind $0.02
*** HOLE CARDS ***
Dealt to Dorex2007 [5d 7h]
fredgrande: folds 
Dorex2007: folds 
yopo23: checks 
SexMedMinEx: calls $0.02
m3lkiyway: calls $0.02
Barusal: folds 
kamoka06: checks 
*** FLOP *** [Ac 7s Qs]
kamoka06: checks 
yopo23: checks 
SexMedMinEx: checks 
m3lkiyway: bets $0.08
kamoka06: calls $0.08
yopo23: folds 
SexMedMinEx: calls $0.08
*** TURN *** [Ac 7s Qs] [6d]
kamoka06: bets $0.12
SexMedMinEx: calls $0.12
m3lkiyway: raises $0.14 to $0.26
kamoka06: calls $0.14
SexMedMinEx: calls $0.14
*** RIVER *** [Ac 7s Qs 6d] [7c]
kamoka06: checks 
SexMedMinEx: checks 
m3lkiyway: bets $0.98
kamoka06: folds 
SexMedMinEx: folds 
Uncalled bet ($0.98) returned to m3lkiyway
m3lkiyway collected $1.07 from pot
m3lkiyway: doesn't show hand 
*** SUMMARY ***
Total pot $1.11 | Rake $0.04 
Board [Ac 7s Qs 6d 7c]
Seat 2: Barusal (small blind) folded before Flop
Seat 3: kamoka06 (big blind) folded on the River
Seat 5: fredgrande folded before Flop (didn't bet)
Seat 6: Dorex2007 folded before Flop (didn't bet)
Seat 7: yopo23 folded on the Flop (didn't bet)
Seat 8: SexMedMinEx folded on the River
Seat 9: m3lkiyway (button) collected ($1.07)



PokerStars Hand #232889304035:  Hold'em No Limit ($0.01/$0.02 USD) - 2022/01/06 17:24:43 PT [2022/01/06 20:24:43 ET]
Table 'Walinskia II' 9-max Seat #2 is the button
Seat 1: TheEsli ($3.99 in chips) 
Seat 2: Barusal ($0.34 in chips) 
Seat 3: kamoka06 ($6.97 in chips) 
Seat 4: Guilhermanoo ($0.80 in chips) 
Seat 5: fredgrande ($1.30 in chips) 
Seat 6: Dorex2007 ($2 in chips) 
Seat 7: yopo23 ($0.78 in chips) 
Seat 8: SexMedMinEx ($1.21 in chips) 
Seat 9: m3lkiyway ($4.76 in chips) 
kamoka06: posts small blind $0.01
Guilhermanoo: posts big blind $0.02
TheEsli: posts small blind $0.01
*** HOLE CARDS ***
Dealt to Dorex2007 [Qh 5d]
fredgrande: raises $0.04 to $0.06
Dorex2007: folds 
yopo23: calls $0.06
SexMedMinEx: calls $0.06
m3lkiyway: folds 
TheEsli: calls $0.06
Barusal: folds 
kamoka06: calls $0.05
Guilhermanoo: folds 
*** FLOP *** [2c As 7s]
kamoka06: checks 
fredgrande: bets $0.10
yopo23: folds 
SexMedMinEx: folds 
TheEsli: folds 
kamoka06: calls $0.10
*** TURN *** [2c As 7s] [7c]
kamoka06: checks 
fredgrande: bets $0.16
kamoka06: calls $0.16
*** RIVER *** [2c As 7s 7c] [8s]
kamoka06: bets $0.22
fredgrande: calls $0.22
*** SHOW DOWN ***
kamoka06: shows [5c 4s] (a pair of Sevens)
fredgrande: shows [Js Ac] (two pair, Aces and Sevens)
fredgrande collected $1.24 from pot
*** SUMMARY ***
Total pot $1.29 | Rake $0.05 
Board [2c As 7s 7c 8s]
Seat 1: TheEsli folded on the Flop
Seat 2: Barusal (button) folded before Flop (didn't bet)
Seat 3: kamoka06 (small blind) showed [5c 4s] and lost with a pair of Sevens
Seat 4: Guilhermanoo (big blind) folded before Flop
Seat 5: fredgrande showed [Js Ac] and won ($1.24) with two pair, Aces and Sevens
Seat 6: Dorex2007 folded before Flop (didn't bet)
Seat 7: yopo23 folded on the Flop
Seat 8: SexMedMinEx folded on the Flop
Seat 9: m3lkiyway folded before Flop (didn't bet)



PokerStars Hand #232889328317:  Hold'em No Limit ($0.01/$0.02 USD) - 2022/01/06 17:25:57 PT [2022/01/06 20:25:57 ET]
Table 'Walinskia II' 9-max Seat #3 is the button
Seat 1: TheEsli ($3.92 in chips) 
Seat 2: Barusal ($0.34 in chips) 
Seat 3: kamoka06 ($6.43 in chips) 
Seat 4: Guilhermanoo ($0.78 in chips) 
Seat 5: fredgrande ($2 in chips) 
Seat 6: Dorex2007 ($2 in chips) 
Seat 7: yopo23 ($0.72 in chips) 
Seat 8: SexMedMinEx ($1.15 in chips) 
Seat 9: m3lkiyway ($4.76 in chips) 
Guilhermanoo: posts small blind $0.01
fredgrande: posts big blind $0.02
*** HOLE CARDS ***
Dealt to Dorex2007 [4d Jd]
Dorex2007: folds 
yopo23: raises $0.02 to $0.04
SexMedMinEx: calls $0.04
m3lkiyway: folds 
TheEsli: folds 
Barusal: folds 
kamoka06: folds 
Guilhermanoo: folds 
fredgrande: calls $0.02
*** FLOP *** [Qd 2c Jh]
fredgrande: bets $0.04
yopo23: folds 
SexMedMinEx: calls $0.04
*** TURN *** [Qd 2c Jh] [6d]
fredgrande: bets $0.08
SexMedMinEx: raises $0.99 to $1.07 and is all-in
fredgrande: folds 
Uncalled bet ($0.99) returned to SexMedMinEx
SexMedMinEx collected $0.36 from pot
SexMedMinEx: doesn't show hand 
*** SUMMARY ***
Total pot $0.37 | Rake $0.01 
Board [Qd 2c Jh 6d]
Seat 1: TheEsli folded before Flop (didn't bet)
Seat 2: Barusal folded before Flop (didn't bet)
Seat 3: kamoka06 (button) folded before Flop (didn't bet)
Seat 4: Guilhermanoo (small blind) folded before Flop
Seat 5: fredgrande (big blind) folded on the Turn
Seat 6: Dorex2007 folded before Flop (didn't bet)
Seat 7: yopo23 folded on the Flop
Seat 8: SexMedMinEx collected ($0.36)
Seat 9: m3lkiyway folded before Flop (didn't bet)



PokerStars Hand #232889349846:  Hold'em No Limit ($0.01/$0.02 USD) - 2022/01/06 17:26:55 PT [2022/01/06 20:26:55 ET]
Table 'Walinskia II' 9-max Seat #4 is the button
Seat 1: TheEsli ($3.92 in chips) 
Seat 2: Barusal ($0.34 in chips) 
Seat 3: kamoka06 ($6.43 in chips) 
Seat 4: Guilhermanoo ($0.77 in chips) 
Seat 5: fredgrande ($1.84 in chips) 
Seat 6: Dorex2007 ($2 in chips) 
Seat 7: yopo23 ($0.68 in chips) 
Seat 8: SexMedMinEx ($1.35 in chips) 
Seat 9: m3lkiyway ($4.76 in chips) 
fredgrande: posts small blind $0.01
Dorex2007: posts big blind $0.02
*** HOLE CARDS ***
Dealt to Dorex2007 [7s Ks]
yopo23: folds 
SexMedMinEx: calls $0.02
m3lkiyway: calls $0.02
TheEsli: folds 
Barusal: folds 
kamoka06: calls $0.02
Guilhermanoo: folds 
fredgrande: calls $0.01
Dorex2007: checks 
*** FLOP *** [Js Kc 5s]
fredgrande: checks 
Dorex2007: bets $0.10
SexMedMinEx: calls $0.10
m3lkiyway: calls $0.10
kamoka06: folds 
fredgrande: folds 
*** TURN *** [Js Kc 5s] [2d]
Dorex2007: checks 
SexMedMinEx: checks 
m3lkiyway: bets $0.22
Dorex2007: calls $0.22
SexMedMinEx: calls $0.22
*** RIVER *** [Js Kc 5s 2d] [2c]
Dorex2007: bets $0.51
SexMedMinEx: folds 
m3lkiyway: folds 
Uncalled bet ($0.51) returned to Dorex2007
Dorex2007 collected $1.02 from pot
Dorex2007: doesn't show hand 
*** SUMMARY ***
Total pot $1.06 | Rake $0.04 
Board [Js Kc 5s 2d 2c]
Seat 1: TheEsli folded before Flop (didn't bet)
Seat 2: Barusal folded before Flop (didn't bet)
Seat 3: kamoka06 folded on the Flop
Seat 4: Guilhermanoo (button) folded before Flop (didn't bet)
Seat 5: fredgrande (small blind) folded on the Flop
Seat 6: Dorex2007 (big blind) collected ($1.02)
Seat 7: yopo23 folded before Flop (didn't bet)
Seat 8: SexMedMinEx folded on the River
Seat 9: m3lkiyway folded on the River



PokerStars Hand #232889384154:  Hold'em No Limit ($0.01/$0.02 USD) - 2022/01/06 17:28:10 PT [2022/01/06 20:28:10 ET]
Table 'Walinskia II' 9-max Seat #5 is the button
Seat 1: TheEsli ($3.92 in chips) 
Seat 2: Barusal ($0.34 in chips) 
Seat 3: kamoka06 ($6.41 in chips) 
Seat 4: Guilhermanoo ($0.77 in chips) 
Seat 5: fredgrande ($1.82 in chips) 
Seat 6: Dorex2007 ($2.68 in chips) 
Seat 7: yopo23 ($0.68 in chips) 
Seat 8: SexMedMinEx ($1.01 in chips) 
Seat 9: m3lkiyway ($4.42 in chips) 
Dorex2007: posts small blind $0.01
yopo23: posts big blind $0.02
*** HOLE CARDS ***
Dealt to Dorex2007 [3d 7c]
SexMedMinEx has timed out
SexMedMinEx: folds 
m3lkiyway: folds 
TheEsli: folds 
Barusal: folds 
kamoka06: folds 
Guilhermanoo: folds 
fredgrande: raises $0.04 to $0.06
Dorex2007: folds 
Dorex2007 said, "As??"
yopo23: folds 
Uncalled bet ($0.04) returned to fredgrande
fredgrande collected $0.05 from pot
*** SUMMARY ***
Total pot $0.05 | Rake $0 
Seat 1: TheEsli folded before Flop (didn't bet)
Seat 2: Barusal folded before Flop (didn't bet)
Seat 3: kamoka06 folded before Flop (didn't bet)
Seat 4: Guilhermanoo folded before Flop (didn't bet)
Seat 5: fredgrande (button) collected ($0.05)
Seat 6: Dorex2007 (small blind) folded before Flop
Seat 7: yopo23 (big blind) folded before Flop
Seat 8: SexMedMinEx folded before Flop (didn't bet)
Seat 9: m3lkiyway folded before Flop (didn't bet)



PokerStars Hand #232889394392:  Hold'em No Limit ($0.01/$0.02 USD) - 2022/01/06 17:28:42 PT [2022/01/06 20:28:42 ET]
Table 'Walinskia II' 9-max Seat #6 is the button
Seat 1: TheEsli ($3.92 in chips) 
Seat 2: Barusal ($0.34 in chips) 
Seat 3: kamoka06 ($6.41 in chips) 
Seat 4: Guilhermanoo ($0.77 in chips) 
Seat 5: fredgrande ($1.85 in chips) 
Seat 6: Dorex2007 ($2.67 in chips) 
Seat 7: yopo23 ($0.66 in chips) 
Seat 8: SexMedMinEx ($1.01 in chips) 
Seat 9: m3lkiyway ($4.42 in chips) 
yopo23: posts small blind $0.01
SexMedMinEx: posts big blind $0.02
*** HOLE CARDS ***
Dealt to Dorex2007 [4d 5s]
m3lkiyway: folds 
fredgrande said, "não"
TheEsli: calls $0.02
Barusal: folds 
kamoka06: folds 
Guilhermanoo: folds 
fredgrande: folds 
Dorex2007: folds 
yopo23: calls $0.01
SexMedMinEx: checks 
*** FLOP *** [8s 7d 2s]
yopo23: bets $0.02
SexMedMinEx: calls $0.02
TheEsli: folds 
*** TURN *** [8s 7d 2s] [Qd]
yopo23: checks 
SexMedMinEx: checks 
*** RIVER *** [8s 7d 2s Qd] [Tc]
yopo23: checks 
SexMedMinEx: checks 
*** SHOW DOWN ***
yopo23: shows [7h 9s] (a pair of Sevens)
SexMedMinEx: shows [9d Th] (a pair of Tens)
SexMedMinEx collected $0.10 from pot
*** SUMMARY ***
Total pot $0.10 | Rake $0 
Board [8s 7d 2s Qd Tc]
Seat 1: TheEsli folded on the Flop
Seat 2: Barusal folded before Flop (didn't bet)
Seat 3: kamoka06 folded before Flop (didn't bet)
Seat 4: Guilhermanoo folded before Flop (didn't bet)
Seat 5: fredgrande folded before Flop (didn't bet)
Seat 6: Dorex2007 (button) folded before Flop (didn't bet)
Seat 7: yopo23 (small blind) showed [7h 9s] and lost with a pair of Sevens
Seat 8: SexMedMinEx (big blind) showed [9d Th] and won ($0.10) with a pair of Tens
Seat 9: m3lkiyway folded before Flop (didn't bet)



PokerStars Hand #232889413593:  Hold'em No Limit ($0.01/$0.02 USD) - 2022/01/06 17:29:33 PT [2022/01/06 20:29:33 ET]
Table 'Walinskia II' 9-max Seat #7 is the button
Seat 1: TheEsli ($3.90 in chips) 
Seat 2: Barusal ($0.34 in chips) 
Seat 3: kamoka06 ($6.41 in chips) 
Seat 4: Guilhermanoo ($0.77 in chips) 
Seat 5: fredgrande ($1.85 in chips) 
Seat 6: Dorex2007 ($2.67 in chips) 
Seat 7: yopo23 ($0.62 in chips) 
Seat 8: SexMedMinEx ($1.07 in chips) 
Seat 9: m3lkiyway ($4.42 in chips) 
SexMedMinEx: posts small blind $0.01
m3lkiyway: posts big blind $0.02
*** HOLE CARDS ***
Dealt to Dorex2007 [9d 6c]
TheEsli: folds 
Barusal: folds 
kamoka06: raises $0.02 to $0.04
Guilhermanoo: folds 
fredgrande: folds 
Dorex2007: folds 
yopo23: folds 
SexMedMinEx: folds 
m3lkiyway: folds 
Uncalled bet ($0.02) returned to kamoka06
kamoka06 collected $0.05 from pot
kamoka06: doesn't show hand 
*** SUMMARY ***
Total pot $0.05 | Rake $0 
Seat 1: TheEsli folded before Flop (didn't bet)
Seat 2: Barusal folded before Flop (didn't bet)
Seat 3: kamoka06 collected ($0.05)
Seat 4: Guilhermanoo folded before Flop (didn't bet)
Seat 5: fredgrande folded before Flop (didn't bet)
Seat 6: Dorex2007 folded before Flop (didn't bet)
Seat 7: yopo23 (button) folded before Flop (didn't bet)
Seat 8: SexMedMinEx (small blind) folded before Flop
Seat 9: m3lkiyway (big blind) folded before Flop



PokerStars Hand #232889421493:  Hold'em No Limit ($0.01/$0.02 USD) - 2022/01/06 17:29:57 PT [2022/01/06 20:29:57 ET]
Table 'Walinskia II' 9-max Seat #8 is the button
Seat 1: TheEsli ($3.90 in chips) 
Seat 2: Barusal ($0.34 in chips) 
Seat 3: kamoka06 ($6.44 in chips) 
Seat 4: Guilhermanoo ($0.77 in chips) 
Seat 5: fredgrande ($1.85 in chips) 
Seat 6: Dorex2007 ($2.67 in chips) 
Seat 7: yopo23 ($0.62 in chips) 
Seat 8: SexMedMinEx ($1.06 in chips) 
Seat 9: m3lkiyway ($4.40 in chips) 
m3lkiyway: posts small blind $0.01
TheEsli: posts big blind $0.02
*** HOLE CARDS ***
Dealt to Dorex2007 [2c 4d]
Barusal: folds 
kamoka06: folds 
Guilhermanoo: folds 
fredgrande: folds 
Dorex2007: folds 
yopo23: folds 
SexMedMinEx: folds 
m3lkiyway: calls $0.01
TheEsli: checks 
*** FLOP *** [4c Qs Kh]
m3lkiyway: bets $0.08
TheEsli: folds 
Uncalled bet ($0.08) returned to m3lkiyway
m3lkiyway collected $0.04 from pot
m3lkiyway: doesn't show hand 
*** SUMMARY ***
Total pot $0.04 | Rake $0 
Board [4c Qs Kh]
Seat 1: TheEsli (big blind) folded on the Flop
Seat 2: Barusal folded before Flop (didn't bet)
Seat 3: kamoka06 folded before Flop (didn't bet)
Seat 4: Guilhermanoo folded before Flop (didn't bet)
Seat 5: fredgrande folded before Flop (didn't bet)
Seat 6: Dorex2007 folded before Flop (didn't bet)
Seat 7: yopo23 folded before Flop (didn't bet)
Seat 8: SexMedMinEx (button) folded before Flop (didn't bet)
Seat 9: m3lkiyway (small blind) collected ($0.04)



PokerStars Hand #232889432960:  Hold'em No Limit ($0.01/$0.02 USD) - 2022/01/06 17:30:32 PT [2022/01/06 20:30:32 ET]
Table 'Walinskia II' 9-max Seat #9 is the button
Seat 1: TheEsli ($3.88 in chips) 
Seat 2: Barusal ($0.34 in chips) 
Seat 3: kamoka06 ($6.44 in chips) 
Seat 4: Guilhermanoo ($0.77 in chips) 
Seat 5: fredgrande ($1.85 in chips) 
Seat 6: Dorex2007 ($2.67 in chips) 
Seat 7: yopo23 ($0.62 in chips) 
Seat 8: SexMedMinEx ($1.06 in chips) 
Seat 9: m3lkiyway ($4.42 in chips) 
TheEsli: posts small blind $0.01
Barusal: posts big blind $0.02
*** HOLE CARDS ***
Dealt to Dorex2007 [Ks 8d]
kamoka06: folds 
Guilhermanoo: folds 
fredgrande: folds 
Dorex2007: folds 
yopo23: folds 
SexMedMinEx: folds 
m3lkiyway: folds 
TheEsli: folds 
Uncalled bet ($0.01) returned to Barusal
Barusal collected $0.02 from pot
*** SUMMARY ***
Total pot $0.02 | Rake $0 
Seat 1: TheEsli (small blind) folded before Flop
Seat 2: Barusal (big blind) collected ($0.02)
Seat 3: kamoka06 folded before Flop (didn't bet)
Seat 4: Guilhermanoo folded before Flop (didn't bet)
Seat 5: fredgrande folded before Flop (didn't bet)
Seat 6: Dorex2007 folded before Flop (didn't bet)
Seat 7: yopo23 folded before Flop (didn't bet)
Seat 8: SexMedMinEx folded before Flop (didn't bet)
Seat 9: m3lkiyway (button) folded before Flop (didn't bet)



PokerStars Hand #232889437659:  Hold'em No Limit ($0.01/$0.02 USD) - 2022/01/06 17:30:46 PT [2022/01/06 20:30:46 ET]
Table 'Walinskia II' 9-max Seat #1 is the button
Seat 1: TheEsli ($3.87 in chips) 
Seat 2: Barusal ($0.35 in chips) 
Seat 3: kamoka06 ($6.44 in chips) 
Seat 4: Guilhermanoo ($0.77 in chips) 
Seat 5: fredgrande ($1.85 in chips) 
Seat 6: Dorex2007 ($2.67 in chips) 
Seat 7: yopo23 ($0.62 in chips) 
Seat 8: SexMedMinEx ($1.06 in chips) 
Seat 9: m3lkiyway ($4.42 in chips) 
Barusal: posts small blind $0.01
kamoka06: posts big blind $0.02
*** HOLE CARDS ***
Dealt to Dorex2007 [Tc Ks]
Guilhermanoo: folds 
fredgrande: folds 
Dorex2007: calls $0.02
yopo23: raises $0.02 to $0.04
SexMedMinEx: folds 
m3lkiyway: folds 
TheEsli: folds 
Barusal: calls $0.03
kamoka06: calls $0.02
Dorex2007: calls $0.02
*** FLOP *** [6h Qc 2d]
Barusal: bets $0.04
kamoka06: calls $0.04
Dorex2007: folds 
yopo23: folds 
*** TURN *** [6h Qc 2d] [Qs]
Barusal: bets $0.04
kamoka06: calls $0.04
*** RIVER *** [6h Qc 2d Qs] [5d]
Barusal: bets $0.23 and is all-in
kamoka06: calls $0.23
*** SHOW DOWN ***
Barusal: shows [Ad Qd] (three of a kind, Queens)
kamoka06: shows [8h 8c] (two pair, Queens and Eights)
Barusal collected $0.75 from pot
*** SUMMARY ***
Total pot $0.78 | Rake $0.03 
Board [6h Qc 2d Qs 5d]
Seat 1: TheEsli (button) folded before Flop (didn't bet)
Seat 2: Barusal (small blind) showed [Ad Qd] and won ($0.75) with three of a kind, Queens
Seat 3: kamoka06 (big blind) showed [8h 8c] and lost with two pair, Queens and Eights
Seat 4: Guilhermanoo folded before Flop (didn't bet)
Seat 5: fredgrande folded before Flop (didn't bet)
Seat 6: Dorex2007 folded on the Flop
Seat 7: yopo23 folded on the Flop
Seat 8: SexMedMinEx folded before Flop (didn't bet)
Seat 9: m3lkiyway folded before Flop (didn't bet)



PokerStars Hand #232889458090:  Hold'em No Limit ($0.01/$0.02 USD) - 2022/01/06 17:31:49 PT [2022/01/06 20:31:49 ET]
Table 'Walinskia II' 9-max Seat #2 is the button
Seat 1: TheEsli ($3.87 in chips) 
Seat 2: Barusal ($0.75 in chips) 
Seat 3: kamoka06 ($6.09 in chips) 
Seat 4: Guilhermanoo ($0.77 in chips) 
Seat 5: fredgrande ($1.85 in chips) 
Seat 6: Dorex2007 ($2.63 in chips) 
Seat 7: yopo23 ($0.58 in chips) 
Seat 8: SexMedMinEx ($1.06 in chips) 
Seat 9: m3lkiyway ($4.42 in chips) 
kamoka06: posts small blind $0.01
Guilhermanoo: posts big blind $0.02
*** HOLE CARDS ***
Dealt to Dorex2007 [Js 7c]
fredgrande: folds 
Dorex2007: folds 
yopo23: calls $0.02
SexMedMinEx: folds 
m3lkiyway: calls $0.02
TheEsli: folds 
Barusal: calls $0.02
kamoka06: calls $0.01
Guilhermanoo: checks 
*** FLOP *** [Ts Ks Qs]
kamoka06: bets $0.02
Guilhermanoo: calls $0.02
yopo23: folds 
m3lkiyway: folds 
Barusal: folds 
*** TURN *** [Ts Ks Qs] [9s]
kamoka06: checks 
Guilhermanoo: bets $0.06
kamoka06: calls $0.06
*** RIVER *** [Ts Ks Qs 9s] [Ah]
kamoka06: bets $0.04
Guilhermanoo: raises $0.12 to $0.16
kamoka06: calls $0.12
*** SHOW DOWN ***
Guilhermanoo: shows [As 4c] (a flush, Ace high)
kamoka06: mucks hand 
Guilhermanoo collected $0.56 from pot
*** SUMMARY ***
Total pot $0.58 | Rake $0.02 
Board [Ts Ks Qs 9s Ah]
Seat 1: TheEsli folded before Flop (didn't bet)
Seat 2: Barusal (button) folded on the Flop
Seat 3: kamoka06 (small blind) mucked [3h Jh]
Seat 4: Guilhermanoo (big blind) showed [As 4c] and won ($0.56) with a flush, Ace high
Seat 5: fredgrande folded before Flop (didn't bet)
Seat 6: Dorex2007 folded before Flop (didn't bet)
Seat 7: yopo23 folded on the Flop
Seat 8: SexMedMinEx folded before Flop (didn't bet)
Seat 9: m3lkiyway folded on the Flop



PokerStars Hand #232889484433:  Hold'em No Limit ($0.01/$0.02 USD) - 2022/01/06 17:33:11 PT [2022/01/06 20:33:11 ET]
Table 'Walinskia II' 9-max Seat #3 is the button
Seat 1: TheEsli ($3.87 in chips) 
Seat 2: Barusal ($0.73 in chips) 
Seat 3: kamoka06 ($5.83 in chips) 
Seat 4: Guilhermanoo ($1.07 in chips) 
Seat 5: fredgrande ($1.85 in chips) 
Seat 6: Dorex2007 ($2.63 in chips) 
Seat 7: yopo23 ($0.56 in chips) 
Seat 8: SexMedMinEx ($1.06 in chips) 
Seat 9: m3lkiyway ($4.40 in chips) 
Guilhermanoo: posts small blind $0.01
fredgrande: posts big blind $0.02
*** HOLE CARDS ***
Dealt to Dorex2007 [4d 3d]
Dorex2007: folds 
yopo23: folds 
SexMedMinEx: folds 
m3lkiyway: calls $0.02
TheEsli: calls $0.02
Barusal: folds 
kamoka06: calls $0.02
Guilhermanoo: calls $0.01
fredgrande: checks 
*** FLOP *** [5c 2h 8s]
Guilhermanoo: checks 
fredgrande: bets $0.04
m3lkiyway: folds 
TheEsli: calls $0.04
kamoka06: calls $0.04
Guilhermanoo: folds 
*** TURN *** [5c 2h 8s] [Jh]
fredgrande: checks 
TheEsli: checks 
kamoka06: checks 
*** RIVER *** [5c 2h 8s Jh] [4h]
fredgrande: bets $0.08
TheEsli: folds 
kamoka06: calls $0.08
*** SHOW DOWN ***
fredgrande: shows [Kh 8d] (a pair of Eights)
kamoka06: mucks hand 
fredgrande collected $0.37 from pot
*** SUMMARY ***
Total pot $0.38 | Rake $0.01 
Board [5c 2h 8s Jh 4h]
Seat 1: TheEsli folded on the River
Seat 2: Barusal folded before Flop (didn't bet)
Seat 3: kamoka06 (button) mucked [6h Ad]
Seat 4: Guilhermanoo (small blind) folded on the Flop
Seat 5: fredgrande (big blind) showed [Kh 8d] and won ($0.37) with a pair of Eights
Seat 6: Dorex2007 folded before Flop (didn't bet)
Seat 7: yopo23 folded before Flop (didn't bet)
Seat 8: SexMedMinEx folded before Flop (didn't bet)
Seat 9: m3lkiyway folded on the Flop



PokerStars Hand #232889502759:  Hold'em No Limit ($0.01/$0.02 USD) - 2022/01/06 17:34:07 PT [2022/01/06 20:34:07 ET]
Table 'Walinskia II' 9-max Seat #4 is the button
Seat 1: TheEsli ($3.81 in chips) 
Seat 2: Barusal ($0.73 in chips) 
Seat 3: kamoka06 ($5.69 in chips) 
Seat 4: Guilhermanoo ($1.05 in chips) 
Seat 5: fredgrande ($2.08 in chips) 
Seat 6: Dorex2007 ($2.63 in chips) 
Seat 7: yopo23 ($0.56 in chips) 
Seat 8: SexMedMinEx ($1.06 in chips) 
Seat 9: m3lkiyway ($4.38 in chips) 
fredgrande: posts small blind $0.01
Dorex2007: posts big blind $0.02
*** HOLE CARDS ***
Dealt to Dorex2007 [Js 6c]
yopo23: folds 
SexMedMinEx: calls $0.02
m3lkiyway: calls $0.02
TheEsli: calls $0.02
Barusal: calls $0.02
kamoka06: calls $0.02
Guilhermanoo: folds 
fredgrande: calls $0.01
Dorex2007: checks 
*** FLOP *** [Qd 4s 6s]
fredgrande: checks 
Dorex2007: checks 
SexMedMinEx: checks 
m3lkiyway: checks 
TheEsli: checks 
Barusal: checks 
kamoka06: checks 
*** TURN *** [Qd 4s 6s] [Jc]
fredgrande: bets $0.04
Dorex2007: calls $0.04
SexMedMinEx: calls $0.04
m3lkiyway: folds 
TheEsli: calls $0.04
Barusal: folds 
kamoka06: raises $0.28 to $0.32
fredgrande: folds 
Dorex2007: folds 
SexMedMinEx: calls $0.28
TheEsli: calls $0.28
*** RIVER *** [Qd 4s 6s Jc] [As]
SexMedMinEx: checks 
TheEsli: bets $0.14
kamoka06: raises $1.86 to $2
SexMedMinEx: calls $0.72 and is all-in
TheEsli: folds 
Uncalled bet ($1.28) returned to kamoka06
*** SHOW DOWN ***
kamoka06: shows [4h 6d] (two pair, Sixes and Fours)
SexMedMinEx: shows [Kd Ad] (a pair of Aces)
kamoka06 collected $2.66 from pot
*** SUMMARY ***
Total pot $2.76 | Rake $0.10 
Board [Qd 4s 6s Jc As]
Seat 1: TheEsli folded on the River
Seat 2: Barusal folded on the Turn
Seat 3: kamoka06 showed [4h 6d] and won ($2.66) with two pair, Sixes and Fours
Seat 4: Guilhermanoo (button) folded before Flop (didn't bet)
Seat 5: fredgrande (small blind) folded on the Turn
Seat 6: Dorex2007 (big blind) folded on the Turn
Seat 7: yopo23 folded before Flop (didn't bet)
Seat 8: SexMedMinEx showed [Kd Ad] and lost with a pair of Aces
Seat 9: m3lkiyway folded on the Turn



PokerStars Hand #232889533233:  Hold'em No Limit ($0.01/$0.02 USD) - 2022/01/06 17:35:36 PT [2022/01/06 20:35:36 ET]
Table 'Walinskia II' 9-max Seat #5 is the button
Seat 1: TheEsli ($3.33 in chips) 
Seat 2: Barusal ($0.71 in chips) 
Seat 3: kamoka06 ($7.29 in chips) 
Seat 4: Guilhermanoo ($1.05 in chips) 
Seat 5: fredgrande ($2.02 in chips) 
Seat 6: Dorex2007 ($2.57 in chips) 
Seat 7: yopo23 ($0.56 in chips) 
Seat 9: m3lkiyway ($4.36 in chips) 
Dorex2007: posts small blind $0.01
yopo23: posts big blind $0.02
*** HOLE CARDS ***
Dealt to Dorex2007 [5h 6c]
m3lkiyway: folds 
TheEsli: folds 
Barusal: calls $0.02
kamoka06: calls $0.02
Guilhermanoo: folds 
fredgrande: raises $0.04 to $0.06
Dorex2007: folds 
yopo23: folds 
Barusal: calls $0.04
Dorex2007 said, "gutsy play. Stupid, but gutsy ;)"
kamoka06: calls $0.04
*** FLOP *** [8h Ts Ks]
Barusal: checks 
kamoka06: checks 
fredgrande: bets $0.04
Barusal: calls $0.04
kamoka06: folds 
*** TURN *** [8h Ts Ks] [9h]
Barusal: checks 
fredgrande: bets $0.10
Barusal: folds 
Uncalled bet ($0.10) returned to fredgrande
fredgrande collected $0.28 from pot
*** SUMMARY ***
Total pot $0.29 | Rake $0.01 
Board [8h Ts Ks 9h]
Seat 1: TheEsli folded before Flop (didn't bet)
Seat 2: Barusal folded on the Turn
Seat 3: kamoka06 folded on the Flop
Seat 4: Guilhermanoo folded before Flop (didn't bet)
Seat 5: fredgrande (button) collected ($0.28)
Seat 6: Dorex2007 (small blind) folded before Flop
Seat 7: yopo23 (big blind) folded before Flop
Seat 9: m3lkiyway folded before Flop (didn't bet)



PokerStars Hand #232889554626:  Hold'em No Limit ($0.01/$0.02 USD) - 2022/01/06 17:36:42 PT [2022/01/06 20:36:42 ET]
Table 'Walinskia II' 9-max Seat #6 is the button
Seat 1: TheEsli ($3.33 in chips) 
Seat 2: Barusal ($0.61 in chips) 
Seat 3: kamoka06 ($7.23 in chips) 
Seat 4: Guilhermanoo ($1.05 in chips) 
Seat 5: fredgrande ($2.20 in chips) 
Seat 6: Dorex2007 ($2.56 in chips) 
Seat 7: yopo23 ($0.54 in chips) 
Seat 8: SexMedMinEx ($2 in chips) 
Seat 9: m3lkiyway ($4.36 in chips) 
yopo23: posts small blind $0.01
SexMedMinEx: posts big blind $0.02
*** HOLE CARDS ***
Dealt to Dorex2007 [6h Ts]
m3lkiyway: calls $0.02
TheEsli: calls $0.02
Barusal: folds 
kamoka06: calls $0.02
Guilhermanoo: folds 
fredgrande: folds 
Dorex2007: folds 
yopo23: calls $0.01
SexMedMinEx: checks 
*** FLOP *** [5c 2s 8c]
yopo23: checks 
SexMedMinEx: bets $0.10
m3lkiyway: folds 
TheEsli: folds 
kamoka06: folds 
yopo23: folds 
Uncalled bet ($0.10) returned to SexMedMinEx
SexMedMinEx collected $0.10 from pot
SexMedMinEx: doesn't show hand 
*** SUMMARY ***
Total pot $0.10 | Rake $0 
Board [5c 2s 8c]
Seat 1: TheEsli folded on the Flop
Seat 2: Barusal folded before Flop (didn't bet)
Seat 3: kamoka06 folded on the Flop
Seat 4: Guilhermanoo folded before Flop (didn't bet)
Seat 5: fredgrande folded before Flop (didn't bet)
Seat 6: Dorex2007 (button) folded before Flop (didn't bet)
Seat 7: yopo23 (small blind) folded on the Flop
Seat 8: SexMedMinEx (big blind) collected ($0.10)
Seat 9: m3lkiyway folded on the Flop



PokerStars Hand #232889563639:  Hold'em No Limit ($0.01/$0.02 USD) - 2022/01/06 17:37:11 PT [2022/01/06 20:37:11 ET]
Table 'Walinskia II' 9-max Seat #7 is the button
Seat 1: TheEsli ($3.31 in chips) 
Seat 2: Barusal ($0.61 in chips) 
Seat 3: kamoka06 ($7.21 in chips) 
Seat 4: Guilhermanoo ($1.05 in chips) 
Seat 5: fredgrande ($2.20 in chips) 
Seat 6: Dorex2007 ($2.56 in chips) 
Seat 7: yopo23 ($0.52 in chips) 
Seat 8: SexMedMinEx ($2.08 in chips) 
Seat 9: m3lkiyway ($4.34 in chips) 
SexMedMinEx: posts small blind $0.01
m3lkiyway: posts big blind $0.02
*** HOLE CARDS ***
Dealt to Dorex2007 [5d 2s]
TheEsli: folds 
Barusal: calls $0.02
kamoka06: calls $0.02
Guilhermanoo: calls $0.02
fredgrande: folds 
Dorex2007: folds 
yopo23: folds 
SexMedMinEx: calls $0.01
m3lkiyway: checks 
*** FLOP *** [5s Jd Td]
SexMedMinEx: checks 
m3lkiyway: bets $0.04
Barusal: folds 
kamoka06: calls $0.04
Guilhermanoo: calls $0.04
SexMedMinEx: folds 
*** TURN *** [5s Jd Td] [9d]
m3lkiyway: bets $0.12
kamoka06: raises $0.12 to $0.24
Guilhermanoo: raises $0.75 to $0.99 and is all-in
m3lkiyway: folds 
kamoka06: calls $0.75
*** RIVER *** [5s Jd Td 9d] [6h]
*** SHOW DOWN ***
kamoka06: shows [Ts 9s] (two pair, Tens and Nines)
Guilhermanoo: shows [4d Ad] (a flush, Ace high)
kamoka06 cashed out the hand for $0.21
Guilhermanoo cashed out the hand for $2.01 | Cash Out Fee $0.02
*** SUMMARY ***
Total pot $2.32 | Rake $0.08 
Board [5s Jd Td 9d 6h]
Seat 1: TheEsli folded before Flop (didn't bet)
Seat 2: Barusal folded on the Flop
Seat 3: kamoka06 showed [Ts 9s] and lost with two pair, Tens and Nines (cashed out).
Seat 4: Guilhermanoo showed [4d Ad] and won ($2.24) with a flush, Ace high (pot not awarded as player cashed out)
Seat 5: fredgrande folded before Flop (didn't bet)
Seat 6: Dorex2007 folded before Flop (didn't bet)
Seat 7: yopo23 (button) folded before Flop (didn't bet)
Seat 8: SexMedMinEx (small blind) folded on the Flop
Seat 9: m3lkiyway (big blind) folded on the Turn



PokerStars Hand #232889587373:  Hold'em No Limit ($0.01/$0.02 USD) - 2022/01/06 17:38:25 PT [2022/01/06 20:38:25 ET]
Table 'Walinskia II' 9-max Seat #8 is the button
Seat 1: TheEsli ($3.31 in chips) 
Seat 2: Barusal ($0.59 in chips) 
Seat 3: kamoka06 ($6.37 in chips) 
Seat 4: Guilhermanoo ($2.01 in chips) 
Seat 5: fredgrande ($2.20 in chips) 
Seat 6: Dorex2007 ($2.56 in chips) 
Seat 7: yopo23 ($0.52 in chips) 
Seat 8: SexMedMinEx ($2.06 in chips) 
Seat 9: m3lkiyway ($4.16 in chips) 
m3lkiyway: posts small blind $0.01
TheEsli: posts big blind $0.02
*** HOLE CARDS ***
Dealt to Dorex2007 [3h 6s]
Barusal: folds 
kamoka06: calls $0.02
Guilhermanoo: folds 
fredgrande: raises $0.04 to $0.06
Dorex2007: folds 
Barusal leaves the table
yopo23: folds 
SexMedMinEx: folds 
m3lkiyway: folds 
Avorazh joins the table at seat #2 
TheEsli: folds 
kamoka06: calls $0.04
*** FLOP *** [2s Jh 9h]
kamoka06: checks 
fredgrande: bets $0.04
kamoka06: calls $0.04
*** TURN *** [2s Jh 9h] [5c]
kamoka06: checks 
fredgrande: bets $0.10
kamoka06: raises $0.10 to $0.20
fredgrande: folds 
Uncalled bet ($0.10) returned to kamoka06
kamoka06 collected $0.41 from pot
kamoka06: doesn't show hand 
*** SUMMARY ***
Total pot $0.43 | Rake $0.02 
Board [2s Jh 9h 5c]
Seat 1: TheEsli (big blind) folded before Flop
Seat 2: Barusal folded before Flop (didn't bet)
Seat 3: kamoka06 collected ($0.41)
Seat 4: Guilhermanoo folded before Flop (didn't bet)
Seat 5: fredgrande folded on the Turn
Seat 6: Dorex2007 folded before Flop (didn't bet)
Seat 7: yopo23 folded before Flop (didn't bet)
Seat 8: SexMedMinEx (button) folded before Flop (didn't bet)
Seat 9: m3lkiyway (small blind) folded before Flop



PokerStars Hand #232889603970:  Hold'em No Limit ($0.01/$0.02 USD) - 2022/01/06 17:39:17 PT [2022/01/06 20:39:17 ET]
Table 'Walinskia II' 9-max Seat #9 is the button
Seat 1: TheEsli ($3.29 in chips) 
Seat 2: Avorazh ($2 in chips) 
Seat 3: kamoka06 ($6.58 in chips) 
Seat 4: Guilhermanoo ($2.01 in chips) 
Seat 5: fredgrande ($2 in chips) 
Seat 6: Dorex2007 ($2.56 in chips) 
Seat 7: yopo23 ($0.52 in chips) 
Seat 8: SexMedMinEx ($2.06 in chips) 
Seat 9: m3lkiyway ($4.15 in chips) 
TheEsli: posts small blind $0.01
Avorazh: posts big blind $0.02
*** HOLE CARDS ***
Dealt to Dorex2007 [4c 4h]
kamoka06: calls $0.02
Guilhermanoo: folds 
fredgrande: folds 
Dorex2007: folds 
yopo23: folds 
SexMedMinEx: calls $0.02
m3lkiyway: calls $0.02
TheEsli: calls $0.01
Avorazh: checks 
*** FLOP *** [8c 7d Qd]
TheEsli: checks 
Avorazh: checks 
kamoka06: checks 
SexMedMinEx: checks 
m3lkiyway: checks 
*** TURN *** [8c 7d Qd] [Jd]
TheEsli: checks 
Avorazh: checks 
kamoka06: checks 
SexMedMinEx: bets $0.05
m3lkiyway: calls $0.05
TheEsli: folds 
Avorazh: calls $0.05
kamoka06: folds 
*** RIVER *** [8c 7d Qd Jd] [Jh]
Avorazh: checks 
SexMedMinEx: bets $0.24
m3lkiyway: raises $0.24 to $0.48
Avorazh: folds 
SexMedMinEx: raises $1.51 to $1.99 and is all-in
m3lkiyway: calls $1.51
*** SHOW DOWN ***
SexMedMinEx: shows [Tc 9s] (a straight, Eight to Queen)
m3lkiyway: shows [Js Kh] (three of a kind, Jacks)
SexMedMinEx collected $4.08 from pot
*** SUMMARY ***
Total pot $4.23 | Rake $0.15 
Board [8c 7d Qd Jd Jh]
Seat 1: TheEsli (small blind) folded on the Turn
Seat 2: Avorazh (big blind) folded on the River
Seat 3: kamoka06 folded on the Turn
Seat 4: Guilhermanoo folded before Flop (didn't bet)
Seat 5: fredgrande folded before Flop (didn't bet)
Seat 6: Dorex2007 folded before Flop (didn't bet)
Seat 7: yopo23 folded before Flop (didn't bet)
Seat 8: SexMedMinEx showed [Tc 9s] and won ($4.08) with a straight, Eight to Queen
Seat 9: m3lkiyway (button) showed [Js Kh] and lost with three of a kind, Jacks



PokerStars Hand #232889640897:  Hold'em No Limit ($0.01/$0.02 USD) - 2022/01/06 17:40:57 PT [2022/01/06 20:40:57 ET]
Table 'Walinskia II' 9-max Seat #1 is the button
Seat 1: TheEsli ($3.27 in chips) 
Seat 2: Avorazh ($2 in chips) 
Seat 3: kamoka06 ($6.56 in chips) 
Seat 4: Guilhermanoo ($2.01 in chips) 
Seat 5: fredgrande ($2 in chips) 
Seat 6: Dorex2007 ($2.56 in chips) 
Seat 7: yopo23 ($0.52 in chips) 
Seat 8: SexMedMinEx ($4.08 in chips) 
Seat 9: m3lkiyway ($2.09 in chips) 
Avorazh: posts small blind $0.01
kamoka06: posts big blind $0.02
*** HOLE CARDS ***
Dealt to Dorex2007 [8c 2d]
Guilhermanoo: folds 
fredgrande: raises $0.04 to $0.06
Dorex2007: folds 
yopo23: calls $0.06
SexMedMinEx: calls $0.06
m3lkiyway: calls $0.06
TheEsli: calls $0.06
Avorazh: folds 
kamoka06: calls $0.04
*** FLOP *** [4d Js Kd]
kamoka06: checks 
fredgrande: bets $0.10
yopo23: folds 
SexMedMinEx: folds 
m3lkiyway: folds 
TheEsli: calls $0.10
kamoka06: folds 
*** TURN *** [4d Js Kd] [Ts]
fredgrande: bets $0.18
TheEsli: calls $0.18
*** RIVER *** [4d Js Kd Ts] [Jc]
fredgrande: bets $0.30
TheEsli: folds 
Uncalled bet ($0.30) returned to fredgrande
fredgrande collected $0.90 from pot
*** SUMMARY ***
Total pot $0.93 | Rake $0.03 
Board [4d Js Kd Ts Jc]
Seat 1: TheEsli (button) folded on the River
Seat 2: Avorazh (small blind) folded before Flop
Seat 3: kamoka06 (big blind) folded on the Flop
Seat 4: Guilhermanoo folded before Flop (didn't bet)
Seat 5: fredgrande collected ($0.90)
Seat 6: Dorex2007 folded before Flop (didn't bet)
Seat 7: yopo23 folded on the Flop
Seat 8: SexMedMinEx folded on the Flop
Seat 9: m3lkiyway folded on the Flop



PokerStars Hand #232889663042:  Hold'em No Limit ($0.01/$0.02 USD) - 2022/01/06 17:42:06 PT [2022/01/06 20:42:06 ET]
Table 'Walinskia II' 9-max Seat #2 is the button
Seat 1: TheEsli ($2.93 in chips) 
Seat 2: Avorazh ($2 in chips) 
Seat 3: kamoka06 ($6.50 in chips) 
Seat 4: Guilhermanoo ($2.01 in chips) 
Seat 5: fredgrande ($2.56 in chips) 
Seat 6: Dorex2007 ($2.56 in chips) 
Seat 7: yopo23 ($0.46 in chips) 
Seat 8: SexMedMinEx ($4.02 in chips) 
Seat 9: m3lkiyway ($2.03 in chips) 
kamoka06: posts small blind $0.01
Guilhermanoo: posts big blind $0.02
*** HOLE CARDS ***
Dealt to Dorex2007 [Jc 5h]
fredgrande: folds 
Dorex2007: folds 
yopo23: folds 
SexMedMinEx: raises $0.02 to $0.04
m3lkiyway: folds 
TheEsli: folds 
Avorazh: folds 
kamoka06: calls $0.03
Guilhermanoo: folds 
*** FLOP *** [7d As 8d]
kamoka06: bets $0.02
SexMedMinEx: calls $0.02
*** TURN *** [7d As 8d] [4s]
kamoka06: bets $0.02
SexMedMinEx: calls $0.02
*** RIVER *** [7d As 8d 4s] [3d]
kamoka06: bets $0.10
SexMedMinEx: folds 
Uncalled bet ($0.10) returned to kamoka06
kamoka06 collected $0.17 from pot
kamoka06: doesn't show hand 
*** SUMMARY ***
Total pot $0.18 | Rake $0.01 
Board [7d As 8d 4s 3d]
Seat 1: TheEsli folded before Flop (didn't bet)
Seat 2: Avorazh (button) folded before Flop (didn't bet)
Seat 3: kamoka06 (small blind) collected ($0.17)
Seat 4: Guilhermanoo (big blind) folded before Flop
Seat 5: fredgrande folded before Flop (didn't bet)
Seat 6: Dorex2007 folded before Flop (didn't bet)
Seat 7: yopo23 folded before Flop (didn't bet)
Seat 8: SexMedMinEx folded on the River
Seat 9: m3lkiyway folded before Flop (didn't bet)



PokerStars Hand #232889682052:  Hold'em No Limit ($0.01/$0.02 USD) - 2022/01/06 17:42:57 PT [2022/01/06 20:42:57 ET]
Table 'Walinskia II' 9-max Seat #3 is the button
Seat 1: TheEsli ($2.93 in chips) 
Seat 2: Avorazh ($2 in chips) 
Seat 3: kamoka06 ($6.59 in chips) 
Seat 4: Guilhermanoo ($1.99 in chips) 
Seat 5: fredgrande ($2.56 in chips) 
Seat 6: Dorex2007 ($2.56 in chips) 
Seat 7: yopo23 ($0.46 in chips) 
Seat 8: SexMedMinEx ($3.94 in chips) 
Seat 9: m3lkiyway ($2.03 in chips) 
Guilhermanoo: posts small blind $0.01
fredgrande: posts big blind $0.02
*** HOLE CARDS ***
Dealt to Dorex2007 [Ac Ah]
Dorex2007: raises $0.02 to $0.04
yopo23: folds 
SexMedMinEx: calls $0.04
m3lkiyway: folds 
TheEsli: folds 
Avorazh: folds 
kamoka06: calls $0.04
Guilhermanoo: calls $0.03
fredgrande: calls $0.02
*** FLOP *** [3c 2c Qs]
Guilhermanoo: checks 
fredgrande: checks 
Dorex2007: bets $0.19
SexMedMinEx: folds 
kamoka06: folds 
Guilhermanoo: folds 
fredgrande: folds 
Uncalled bet ($0.19) returned to Dorex2007
Dorex2007 collected $0.19 from pot
Dorex2007: doesn't show hand 
*** SUMMARY ***
Total pot $0.20 | Rake $0.01 
Board [3c 2c Qs]
Seat 1: TheEsli folded before Flop (didn't bet)
Seat 2: Avorazh folded before Flop (didn't bet)
Seat 3: kamoka06 (button) folded on the Flop
Seat 4: Guilhermanoo (small blind) folded on the Flop
Seat 5: fredgrande (big blind) folded on the Flop
Seat 6: Dorex2007 collected ($0.19)
Seat 7: yopo23 folded before Flop (didn't bet)
Seat 8: SexMedMinEx folded on the Flop
Seat 9: m3lkiyway folded before Flop (didn't bet)



PokerStars Hand #232889693690:  Hold'em No Limit ($0.01/$0.02 USD) - 2022/01/06 17:43:33 PT [2022/01/06 20:43:33 ET]
Table 'Walinskia II' 9-max Seat #4 is the button
Seat 1: TheEsli ($2.93 in chips) 
Seat 2: Avorazh ($2 in chips) 
Seat 3: kamoka06 ($6.55 in chips) 
Seat 4: Guilhermanoo ($1.95 in chips) 
Seat 5: fredgrande ($2.52 in chips) 
Seat 6: Dorex2007 ($2.71 in chips) 
Seat 7: yopo23 ($0.46 in chips) 
Seat 8: SexMedMinEx ($3.90 in chips) 
Seat 9: m3lkiyway ($2.03 in chips) 
fredgrande: posts small blind $0.01
Dorex2007: posts big blind $0.02
*** HOLE CARDS ***
Dealt to Dorex2007 [Ad 9h]
yopo23: folds 
SexMedMinEx: calls $0.02
m3lkiyway: folds 
TheEsli: folds 
Avorazh: folds 
kamoka06: folds 
Guilhermanoo: folds 
fredgrande: raises $0.04 to $0.06
Dorex2007: folds 
SexMedMinEx: calls $0.04
*** FLOP *** [8c 2s 8h]
fredgrande: bets $0.04
SexMedMinEx: calls $0.04
*** TURN *** [8c 2s 8h] [Jd]
fredgrande: bets $0.10
SexMedMinEx: folds 
Uncalled bet ($0.10) returned to fredgrande
fredgrande collected $0.21 from pot
fredgrande: doesn't show hand 
*** SUMMARY ***
Total pot $0.22 | Rake $0.01 
Board [8c 2s 8h Jd]
Seat 1: TheEsli folded before Flop (didn't bet)
Seat 2: Avorazh folded before Flop (didn't bet)
Seat 3: kamoka06 folded before Flop (didn't bet)
Seat 4: Guilhermanoo (button) folded before Flop (didn't bet)
Seat 5: fredgrande (small blind) collected ($0.21)
Seat 6: Dorex2007 (big blind) folded before Flop
Seat 7: yopo23 folded before Flop (didn't bet)
Seat 8: SexMedMinEx folded on the Turn
Seat 9: m3lkiyway folded before Flop (didn't bet)



PokerStars Hand #232889705339:  Hold'em No Limit ($0.01/$0.02 USD) - 2022/01/06 17:44:09 PT [2022/01/06 20:44:09 ET]
Table 'Walinskia II' 9-max Seat #5 is the button
Seat 1: TheEsli ($2.93 in chips) 
Seat 2: Avorazh ($2 in chips) 
Seat 3: kamoka06 ($6.55 in chips) 
Seat 4: Guilhermanoo ($1.95 in chips) 
Seat 5: fredgrande ($2.63 in chips) 
Seat 6: Dorex2007 ($2.69 in chips) 
Seat 7: yopo23 ($0.46 in chips) 
Seat 8: SexMedMinEx ($3.80 in chips) 
Seat 9: m3lkiyway ($2.03 in chips) 
Dorex2007: posts small blind $0.01
yopo23: posts big blind $0.02
*** HOLE CARDS ***
Dealt to Dorex2007 [Qd 3s]
SexMedMinEx: folds 
m3lkiyway: folds 
TheEsli: folds 
Avorazh has timed out
Avorazh: folds 
kamoka06: folds 
Guilhermanoo: folds 
fredgrande: folds 
Dorex2007: folds 
Uncalled bet ($0.01) returned to yopo23
yopo23 collected $0.02 from pot
yopo23: doesn't show hand 
*** SUMMARY ***
Total pot $0.02 | Rake $0 
Seat 1: TheEsli folded before Flop (didn't bet)
Seat 2: Avorazh folded before Flop (didn't bet)
Seat 3: kamoka06 folded before Flop (didn't bet)
Seat 4: Guilhermanoo folded before Flop (didn't bet)
Seat 5: fredgrande (button) folded before Flop (didn't bet)
Seat 6: Dorex2007 (small blind) folded before Flop
Seat 7: yopo23 (big blind) collected ($0.02)
Seat 8: SexMedMinEx folded before Flop (didn't bet)
Seat 9: m3lkiyway folded before Flop (didn't bet)



PokerStars Hand #232889712936:  Hold'em No Limit ($0.01/$0.02 USD) - 2022/01/06 17:44:33 PT [2022/01/06 20:44:33 ET]
Table 'Walinskia II' 9-max Seat #6 is the button
Seat 1: TheEsli ($2.93 in chips) 
Seat 2: Avorazh ($2 in chips) 
Seat 3: kamoka06 ($6.55 in chips) 
Seat 4: Guilhermanoo ($1.95 in chips) 
Seat 5: fredgrande ($2.63 in chips) 
Seat 6: Dorex2007 ($2.68 in chips) 
Seat 7: yopo23 ($0.47 in chips) 
Seat 8: SexMedMinEx ($3.80 in chips) 
Seat 9: m3lkiyway ($2.03 in chips) 
yopo23: posts small blind $0.01
SexMedMinEx: posts big blind $0.02
*** HOLE CARDS ***
Dealt to Dorex2007 [Ad 8s]
m3lkiyway: calls $0.02
TheEsli: calls $0.02
Avorazh: folds 
kamoka06: calls $0.02
Guilhermanoo: folds 
fredgrande: calls $0.02
Dorex2007: folds 
yopo23: calls $0.01
SexMedMinEx: checks 
*** FLOP *** [Jd 3h 7d]
yopo23: checks 
SexMedMinEx: checks 
m3lkiyway: checks 
TheEsli: checks 
kamoka06: checks 
fredgrande: checks 
*** TURN *** [Jd 3h 7d] [Th]
yopo23: checks 
SexMedMinEx: checks 
m3lkiyway: checks 
TheEsli: checks 
kamoka06: checks 
fredgrande: checks 
*** RIVER *** [Jd 3h 7d Th] [Qc]
yopo23: checks 
SexMedMinEx: checks 
m3lkiyway: checks 
TheEsli: bets $0.04
kamoka06: raises $0.06 to $0.10
fredgrande: folds 
yopo23: folds 
SexMedMinEx: folds 
m3lkiyway: folds 
TheEsli: calls $0.06
*** SHOW DOWN ***
kamoka06: shows [8d Tc] (a pair of Tens)
TheEsli: shows [Qh 6c] (a pair of Queens)
TheEsli collected $0.31 from pot
*** SUMMARY ***
Total pot $0.32 | Rake $0.01 
Board [Jd 3h 7d Th Qc]
Seat 1: TheEsli showed [Qh 6c] and won ($0.31) with a pair of Queens
Seat 2: Avorazh folded before Flop (didn't bet)
Seat 3: kamoka06 showed [8d Tc] and lost with a pair of Tens
Seat 4: Guilhermanoo folded before Flop (didn't bet)
Seat 5: fredgrande folded on the River
Seat 6: Dorex2007 (button) folded before Flop (didn't bet)
Seat 7: yopo23 (small blind) folded on the River
Seat 8: SexMedMinEx (big blind) folded on the River
Seat 9: m3lkiyway folded on the River



PokerStars Hand #232889740530:  Hold'em No Limit ($0.01/$0.02 USD) - 2022/01/06 17:45:54 PT [2022/01/06 20:45:54 ET]
Table 'Walinskia II' 9-max Seat #7 is the button
Seat 1: TheEsli ($3.12 in chips) 
Seat 2: Avorazh ($2 in chips) 
Seat 3: kamoka06 ($6.43 in chips) 
Seat 4: Guilhermanoo ($1.95 in chips) 
Seat 5: fredgrande ($2.61 in chips) 
Seat 6: Dorex2007 ($2.68 in chips) 
Seat 7: yopo23 ($0.45 in chips) 
Seat 8: SexMedMinEx ($3.78 in chips) 
Seat 9: m3lkiyway ($2.01 in chips) 
SexMedMinEx: posts small blind $0.01
m3lkiyway: posts big blind $0.02
*** HOLE CARDS ***
Dealt to Dorex2007 [5h 5d]
TheEsli: folds 
Avorazh: folds 
kamoka06: folds 
Guilhermanoo: raises $0.04 to $0.06
fredgrande: calls $0.06
Dorex2007: folds 
yopo23: folds 
SexMedMinEx: calls $0.05
m3lkiyway: calls $0.04
*** FLOP *** [3s 8c 9s]
SexMedMinEx: checks 
m3lkiyway: checks 
Guilhermanoo: checks 
fredgrande: bets $0.10
SexMedMinEx: folds 
m3lkiyway: folds 
Guilhermanoo: folds 
Uncalled bet ($0.10) returned to fredgrande
fredgrande collected $0.23 from pot
*** SUMMARY ***
Total pot $0.24 | Rake $0.01 
Board [3s 8c 9s]
Seat 1: TheEsli folded before Flop (didn't bet)
Seat 2: Avorazh folded before Flop (didn't bet)
Seat 3: kamoka06 folded before Flop (didn't bet)
Seat 4: Guilhermanoo folded on the Flop
Seat 5: fredgrande collected ($0.23)
Seat 6: Dorex2007 folded before Flop (didn't bet)
Seat 7: yopo23 (button) folded before Flop (didn't bet)
Seat 8: SexMedMinEx (small blind) folded on the Flop
Seat 9: m3lkiyway (big blind) folded on the Flop



PokerStars Hand #232889752167:  Hold'em No Limit ($0.01/$0.02 USD) - 2022/01/06 17:46:31 PT [2022/01/06 20:46:31 ET]
Table 'Walinskia II' 9-max Seat #8 is the button
Seat 1: TheEsli ($3.12 in chips) 
Seat 2: Avorazh ($2 in chips) 
Seat 3: kamoka06 ($6.43 in chips) 
Seat 4: Guilhermanoo ($1.89 in chips) 
Seat 5: fredgrande ($2.78 in chips) 
Seat 6: Dorex2007 ($2.68 in chips) 
Seat 7: yopo23 ($0.45 in chips) 
Seat 8: SexMedMinEx ($3.72 in chips) 
Seat 9: m3lkiyway ($1.95 in chips) 
m3lkiyway: posts small blind $0.01
TheEsli: posts big blind $0.02
*** HOLE CARDS ***
Dealt to Dorex2007 [2s Qc]
Avorazh: folds 
kamoka06: folds 
Guilhermanoo: folds 
fredgrande: calls $0.02
Dorex2007: folds 
yopo23: folds 
SexMedMinEx: calls $0.02
m3lkiyway: calls $0.01
TheEsli: checks 
*** FLOP *** [As 4c 3d]
m3lkiyway: checks 
TheEsli: checks 
fredgrande: checks 
SexMedMinEx: checks 
*** TURN *** [As 4c 3d] [Ks]
m3lkiyway: checks 
TheEsli: checks 
fredgrande: checks 
SexMedMinEx: checks 
*** RIVER *** [As 4c 3d Ks] [Ts]
m3lkiyway: checks 
TheEsli: checks 
fredgrande: bets $0.04
SexMedMinEx: raises $0.16 to $0.20
m3lkiyway: folds 
TheEsli: folds 
fredgrande: folds 
Uncalled bet ($0.16) returned to SexMedMinEx
SexMedMinEx collected $0.15 from pot
SexMedMinEx: doesn't show hand 
*** SUMMARY ***
Total pot $0.16 | Rake $0.01 
Board [As 4c 3d Ks Ts]
Seat 1: TheEsli (big blind) folded on the River
Seat 2: Avorazh folded before Flop (didn't bet)
Seat 3: kamoka06 folded before Flop (didn't bet)
Seat 4: Guilhermanoo folded before Flop (didn't bet)
Seat 5: fredgrande folded on the River
Seat 6: Dorex2007 folded before Flop (didn't bet)
Seat 7: yopo23 folded before Flop (didn't bet)
Seat 8: SexMedMinEx (button) collected ($0.15)
Seat 9: m3lkiyway (small blind) folded on the River



PokerStars Hand #232889768061:  Hold'em No Limit ($0.01/$0.02 USD) - 2022/01/06 17:47:22 PT [2022/01/06 20:47:22 ET]
Table 'Walinskia II' 9-max Seat #9 is the button
Seat 1: TheEsli ($3.10 in chips) 
Seat 2: Avorazh ($2 in chips) 
Seat 3: kamoka06 ($6.43 in chips) 
Seat 4: Guilhermanoo ($1.89 in chips) 
Seat 5: fredgrande ($2.72 in chips) 
Seat 6: Dorex2007 ($2.68 in chips) 
Seat 7: yopo23 ($0.45 in chips) 
Seat 8: SexMedMinEx ($3.81 in chips) 
Seat 9: m3lkiyway ($1.93 in chips) 
TheEsli: posts small blind $0.01
Avorazh: posts big blind $0.02
*** HOLE CARDS ***
Dealt to Dorex2007 [Js 7c]
kamoka06: calls $0.02
Guilhermanoo: folds 
fredgrande: calls $0.02
Dorex2007: folds 
yopo23: calls $0.02
SexMedMinEx: folds 
m3lkiyway: calls $0.02
TheEsli: calls $0.01
Avorazh: checks 
*** FLOP *** [Qh Kh Ac]
TheEsli: checks 
Avorazh: checks 
kamoka06: checks 
fredgrande: bets $0.04
yopo23: raises $0.06 to $0.10
m3lkiyway: calls $0.10
TheEsli: folds 
Avorazh: folds 
kamoka06: folds 
fredgrande: folds 
*** TURN *** [Qh Kh Ac] [7d]
yopo23: bets $0.33 and is all-in
m3lkiyway: calls $0.33
*** RIVER *** [Qh Kh Ac 7d] [Ks]
*** SHOW DOWN ***
yopo23: shows [Tc Jc] (a straight, Ten to Ace)
m3lkiyway: shows [Ts Kc] (three of a kind, Kings)
yopo23 collected $0.98 from pot
m3lkiyway cashed out the hand for $0.03
*** SUMMARY ***
Total pot $1.02 | Rake $0.04 
Board [Qh Kh Ac 7d Ks]
Seat 1: TheEsli (small blind) folded on the Flop
Seat 2: Avorazh (big blind) folded on the Flop
Seat 3: kamoka06 folded on the Flop
Seat 4: Guilhermanoo folded before Flop (didn't bet)
Seat 5: fredgrande folded on the Flop
Seat 6: Dorex2007 folded before Flop (didn't bet)
Seat 7: yopo23 showed [Tc Jc] and won ($0.98) with a straight, Ten to Ace
Seat 8: SexMedMinEx folded before Flop (didn't bet)
Seat 9: m3lkiyway (button) showed [Ts Kc] and lost with three of a kind, Kings (cashed out).



PokerStars Hand #232889797637:  Hold'em No Limit ($0.01/$0.02 USD) - 2022/01/06 17:48:57 PT [2022/01/06 20:48:57 ET]
Table 'Walinskia II' 9-max Seat #1 is the button
Seat 1: TheEsli ($3.08 in chips) 
Seat 2: Avorazh ($2 in chips) 
Seat 3: kamoka06 ($6.41 in chips) 
Seat 4: Guilhermanoo ($1.89 in chips) 
Seat 5: fredgrande ($2.66 in chips) 
Seat 6: Dorex2007 ($2.68 in chips) 
Seat 7: yopo23 ($0.98 in chips) 
Seat 8: SexMedMinEx ($3.81 in chips) 
Seat 9: m3lkiyway ($1.51 in chips) 
Avorazh: posts small blind $0.01
kamoka06: posts big blind $0.02
*** HOLE CARDS ***
Dealt to Dorex2007 [5d 8h]
Guilhermanoo: folds 
fredgrande: raises $0.04 to $0.06
Dorex2007: folds 
yopo23: folds 
SexMedMinEx: calls $0.06
m3lkiyway: folds 
TheEsli: calls $0.06
Avorazh: folds 
kamoka06: calls $0.04
*** FLOP *** [Ad Jc Ts]
kamoka06: checks 
fredgrande: checks 
SexMedMinEx: bets $0.24
TheEsli: calls $0.24
kamoka06: folds 
fredgrande: folds 
*** TURN *** [Ad Jc Ts] [Qh]
SexMedMinEx: checks 
TheEsli: bets $0.35
SexMedMinEx: calls $0.35
*** RIVER *** [Ad Jc Ts Qh] [3h]
SexMedMinEx: checks 
TheEsli: bets $0.74
SexMedMinEx: calls $0.74
*** SHOW DOWN ***
TheEsli: shows [Kc Kh] (a straight, Ten to Ace)
SexMedMinEx: mucks hand 
TheEsli collected $2.81 from pot
*** SUMMARY ***
Total pot $2.91 | Rake $0.10 
Board [Ad Jc Ts Qh 3h]
Seat 1: TheEsli (button) showed [Kc Kh] and won ($2.81) with a straight, Ten to Ace
Seat 2: Avorazh (small blind) folded before Flop
Seat 3: kamoka06 (big blind) folded on the Flop
Seat 4: Guilhermanoo folded before Flop (didn't bet)
Seat 5: fredgrande folded on the Flop
Seat 6: Dorex2007 folded before Flop (didn't bet)
Seat 7: yopo23 folded before Flop (didn't bet)
Seat 8: SexMedMinEx mucked [Ah 8d]
Seat 9: m3lkiyway folded before Flop (didn't bet)



PokerStars Hand #232889825922:  Hold'em No Limit ($0.01/$0.02 USD) - 2022/01/06 17:50:06 PT [2022/01/06 20:50:06 ET]
Table 'Walinskia II' 9-max Seat #2 is the button
Seat 1: TheEsli ($4.50 in chips) 
Seat 2: Avorazh ($2 in chips) 
Seat 3: kamoka06 ($6.35 in chips) 
Seat 4: Guilhermanoo ($1.89 in chips) 
Seat 5: fredgrande ($2.60 in chips) 
Seat 6: Dorex2007 ($2.68 in chips) 
Seat 7: yopo23 ($0.98 in chips) 
Seat 8: SexMedMinEx ($2.42 in chips) 
Seat 9: m3lkiyway ($1.51 in chips) 
kamoka06: posts small blind $0.01
Guilhermanoo: posts big blind $0.02
*** HOLE CARDS ***
Dealt to Dorex2007 [Qd 2c]
fredgrande: raises $0.04 to $0.06
Dorex2007: folds 
yopo23: folds 
SexMedMinEx: raises $2.36 to $2.42 and is all-in
m3lkiyway: folds 
TheEsli: folds 
Avorazh: folds 
kamoka06: folds 
Guilhermanoo: calls $1.87 and is all-in
fredgrande: folds 
Uncalled bet ($0.53) returned to SexMedMinEx
*** FLOP *** [6d 5d 5c]
*** TURN *** [6d 5d 5c] [Kh]
*** RIVER *** [6d 5d 5c Kh] [6c]
*** SHOW DOWN ***
Guilhermanoo: shows [Ah Ad] (two pair, Aces and Sixes)
SexMedMinEx: shows [9c Td] (two pair, Sixes and Fives)
Guilhermanoo cashed out the hand for $3.01 | Cash Out Fee $0.03
*** SUMMARY ***
Total pot $3.85 | Rake $0.13 
Board [6d 5d 5c Kh 6c]
Seat 1: TheEsli folded before Flop (didn't bet)
Seat 2: Avorazh (button) folded before Flop (didn't bet)
Seat 3: kamoka06 (small blind) folded before Flop
Seat 4: Guilhermanoo (big blind) showed [Ah Ad] and won ($3.72) with two pair, Aces and Sixes (pot not awarded as player cashed out)
Seat 5: fredgrande folded before Flop
Seat 6: Dorex2007 folded before Flop (didn't bet)
Seat 7: yopo23 folded before Flop (didn't bet)
Seat 8: SexMedMinEx showed [9c Td] and lost with two pair, Sixes and Fives
Seat 9: m3lkiyway folded before Flop (didn't bet)



PokerStars Hand #232889840842:  Hold'em No Limit ($0.01/$0.02 USD) - 2022/01/06 17:50:38 PT [2022/01/06 20:50:38 ET]
Table 'Walinskia II' 9-max Seat #3 is the button
Seat 1: TheEsli ($4.50 in chips) 
Seat 2: Avorazh ($2 in chips) 
Seat 3: kamoka06 ($6.34 in chips) 
Seat 4: Guilhermanoo ($3.01 in chips) 
Seat 5: fredgrande ($2.54 in chips) 
Seat 6: Dorex2007 ($2.68 in chips) 
Seat 7: yopo23 ($0.98 in chips) 
Seat 8: SexMedMinEx ($0.53 in chips) 
Seat 9: m3lkiyway ($1.51 in chips) 
Guilhermanoo: posts small blind $0.01
fredgrande: posts big blind $0.02
*** HOLE CARDS ***
Dealt to Dorex2007 [Kd 9h]
Dorex2007: folds 
yopo23: calls $0.02
SexMedMinEx: raises $0.51 to $0.53 and is all-in
m3lkiyway: folds 
TheEsli: folds 
Avorazh: folds 
kamoka06: calls $0.53
Guilhermanoo: folds 
fredgrande: folds 
yopo23: folds 
*** FLOP *** [2s 6s 7c]
*** TURN *** [2s 6s 7c] [9s]
*** RIVER *** [2s 6s 7c 9s] [6c]
*** SHOW DOWN ***
SexMedMinEx: shows [4c Tc] (a pair of Sixes)
kamoka06: shows [5h 3h] (a pair of Sixes - lower kicker)
SexMedMinEx collected $1.07 from pot
*** SUMMARY ***
Total pot $1.11 | Rake $0.04 
Board [2s 6s 7c 9s 6c]
Seat 1: TheEsli folded before Flop (didn't bet)
Seat 2: Avorazh folded before Flop (didn't bet)
Seat 3: kamoka06 (button) showed [5h 3h] and lost with a pair of Sixes
Seat 4: Guilhermanoo (small blind) folded before Flop
Seat 5: fredgrande (big blind) folded before Flop
Seat 6: Dorex2007 folded before Flop (didn't bet)
Seat 7: yopo23 folded before Flop
Seat 8: SexMedMinEx showed [4c Tc] and won ($1.07) with a pair of Sixes
Seat 9: m3lkiyway folded before Flop (didn't bet)



PokerStars Hand #232889851957:  Hold'em No Limit ($0.01/$0.02 USD) - 2022/01/06 17:51:15 PT [2022/01/06 20:51:15 ET]
Table 'Walinskia II' 9-max Seat #4 is the button
Seat 1: TheEsli ($4.50 in chips) 
Seat 2: Avorazh ($2 in chips) 
Seat 3: kamoka06 ($5.81 in chips) 
Seat 4: Guilhermanoo ($3 in chips) 
Seat 5: fredgrande ($2.52 in chips) 
Seat 6: Dorex2007 ($2.68 in chips) 
Seat 7: yopo23 ($0.96 in chips) 
Seat 8: SexMedMinEx ($1.07 in chips) 
Seat 9: m3lkiyway ($1.51 in chips) 
fredgrande: posts small blind $0.01
Dorex2007: posts big blind $0.02
*** HOLE CARDS ***
Dealt to Dorex2007 [9s 6c]
yopo23: folds 
SexMedMinEx: raises $1.05 to $1.07 and is all-in
m3lkiyway: folds 
TheEsli: folds 
Avorazh: folds 
kamoka06: folds 
Guilhermanoo: folds 
fredgrande: folds 
Dorex2007: folds 
Uncalled bet ($1.05) returned to SexMedMinEx
SexMedMinEx collected $0.05 from pot
SexMedMinEx: doesn't show hand 
*** SUMMARY ***
Total pot $0.05 | Rake $0 
Seat 1: TheEsli folded before Flop (didn't bet)
Seat 2: Avorazh folded before Flop (didn't bet)
Seat 3: kamoka06 folded before Flop (didn't bet)
Seat 4: Guilhermanoo (button) folded before Flop (didn't bet)
Seat 5: fredgrande (small blind) folded before Flop
Seat 6: Dorex2007 (big blind) folded before Flop
Seat 7: yopo23 folded before Flop (didn't bet)
Seat 8: SexMedMinEx collected ($0.05)
Seat 9: m3lkiyway folded before Flop (didn't bet)



PokerStars Hand #232889859675:  Hold'em No Limit ($0.01/$0.02 USD) - 2022/01/06 17:51:40 PT [2022/01/06 20:51:40 ET]
Table 'Walinskia II' 9-max Seat #5 is the button
Seat 1: TheEsli ($4.50 in chips) 
Seat 2: Avorazh ($2 in chips) 
Seat 3: kamoka06 ($5.81 in chips) 
Seat 4: Guilhermanoo ($3 in chips) 
Seat 5: fredgrande ($2.51 in chips) 
Seat 6: Dorex2007 ($2.66 in chips) 
Seat 8: SexMedMinEx ($1.10 in chips) 
Seat 9: m3lkiyway ($1.51 in chips) 
Dorex2007: posts small blind $0.01
yopo23: is sitting out 
yopo23 leaves the table
SexMedMinEx: posts big blind $0.02
*** HOLE CARDS ***
Dealt to Dorex2007 [Ks 6d]
m3lkiyway: folds 
TheEsli: folds 
Avorazh: folds 
kamoka06: calls $0.02
Guilhermanoo: folds 
fredgrande: calls $0.02
Dorex2007: folds 
SexMedMinEx: checks 
*** FLOP *** [8h 3h 2c]
SexMedMinEx: checks 
kamoka06: checks 
fredgrande: bets $0.02
SexMedMinEx: calls $0.02
kamoka06: calls $0.02
*** TURN *** [8h 3h 2c] [5h]
SexMedMinEx: checks 
kamoka06: bets $0.07
fredgrande: folds 
SexMedMinEx: calls $0.07
*** RIVER *** [8h 3h 2c 5h] [Kd]
SexMedMinEx: checks 
kamoka06: bets $1.06
SexMedMinEx: folds 
Uncalled bet ($1.06) returned to kamoka06
kamoka06 collected $0.26 from pot
kamoka06: doesn't show hand 
*** SUMMARY ***
Total pot $0.27 | Rake $0.01 
Board [8h 3h 2c 5h Kd]
Seat 1: TheEsli folded before Flop (didn't bet)
Seat 2: Avorazh folded before Flop (didn't bet)
Seat 3: kamoka06 collected ($0.26)
Seat 4: Guilhermanoo folded before Flop (didn't bet)
Seat 5: fredgrande (button) folded on the Turn
Seat 6: Dorex2007 (small blind) folded before Flop
Seat 8: SexMedMinEx (big blind) folded on the River
Seat 9: m3lkiyway folded before Flop (didn't bet)



PokerStars Hand #232889880356:  Hold'em No Limit ($0.01/$0.02 USD) - 2022/01/06 17:52:48 PT [2022/01/06 20:52:48 ET]
Table 'Walinskia II' 9-max Seat #6 is the button
Seat 1: TheEsli ($4.50 in chips) 
Seat 2: Avorazh ($2 in chips) 
Seat 3: kamoka06 ($5.96 in chips) 
Seat 4: Guilhermanoo ($3 in chips) 
Seat 5: fredgrande ($2.47 in chips) 
Seat 6: Dorex2007 ($2.65 in chips) 
Seat 8: SexMedMinEx ($0.99 in chips) 
Seat 9: m3lkiyway ($1.51 in chips) 
SexMedMinEx: posts small blind $0.01
m3lkiyway: posts big blind $0.02
*** HOLE CARDS ***
Dealt to Dorex2007 [Ac Js]
TheEsli: calls $0.02
Avorazh: folds 
kamoka06: calls $0.02
Guilhermanoo: folds 
fredgrande: folds 
Dorex2007: calls $0.02
SexMedMinEx: folds 
m3lkiyway: checks 
*** FLOP *** [Kh 2h 9h]
LuckyGranpa joins the table at seat #7 
SexMedMinEx leaves the table
m3lkiyway: checks 
TheEsli: bets $0.04
kamoka06: folds 
Dorex2007: folds 
m3lkiyway: folds 
Uncalled bet ($0.04) returned to TheEsli
TheEsli collected $0.09 from pot
TheEsli: doesn't show hand 
*** SUMMARY ***
Total pot $0.09 | Rake $0 
Board [Kh 2h 9h]
Seat 1: TheEsli collected ($0.09)
Seat 2: Avorazh folded before Flop (didn't bet)
Seat 3: kamoka06 folded on the Flop
Seat 4: Guilhermanoo folded before Flop (didn't bet)
Seat 5: fredgrande folded before Flop (didn't bet)
Seat 6: Dorex2007 (button) folded on the Flop
Seat 8: SexMedMinEx (small blind) folded before Flop
Seat 9: m3lkiyway (big blind) folded on the Flop



PokerStars Hand #232889889878:  Hold'em No Limit ($0.01/$0.02 USD) - 2022/01/06 17:53:20 PT [2022/01/06 20:53:20 ET]
Table 'Walinskia II' 9-max Seat #9 is the button
Seat 1: TheEsli ($4.57 in chips) 
Seat 2: Avorazh ($2 in chips) 
Seat 3: kamoka06 ($5.94 in chips) 
Seat 4: Guilhermanoo ($3 in chips) 
Seat 5: fredgrande ($2.47 in chips) 
Seat 6: Dorex2007 ($2.63 in chips) 
Seat 7: LuckyGranpa ($0.80 in chips) 
Seat 9: m3lkiyway ($1.49 in chips) 
TheEsli: posts small blind $0.01
Avorazh: posts big blind $0.02
LuckyGranpa: posts big blind $0.02
*** HOLE CARDS ***
Dealt to Dorex2007 [Jd As]
kamoka06: raises $0.02 to $0.04
Guilhermanoo: folds 
fredgrande: folds 
Dorex2007: calls $0.04
LuckyGranpa: calls $0.02
m3lkiyway: folds 
niqiubao joins the table at seat #8 
TheEsli: folds 
Avorazh: folds 
*** FLOP *** [2s 5d Kd]
kamoka06: bets $0.02
Dorex2007: calls $0.02
LuckyGranpa: raises $0.20 to $0.22
kamoka06: calls $0.20
Dorex2007: folds 
*** TURN *** [2s 5d Kd] [Qs]
kamoka06: bets $0.10
LuckyGranpa: raises $0.44 to $0.54 and is all-in
kamoka06: folds 
Uncalled bet ($0.44) returned to LuckyGranpa
LuckyGranpa collected $0.78 from pot
LuckyGranpa: doesn't show hand 
*** SUMMARY ***
Total pot $0.81 | Rake $0.03 
Board [2s 5d Kd Qs]
Seat 1: TheEsli (small blind) folded before Flop
Seat 2: Avorazh (big blind) folded before Flop
Seat 3: kamoka06 folded on the Turn
Seat 4: Guilhermanoo folded before Flop (didn't bet)
Seat 5: fredgrande folded before Flop (didn't bet)
Seat 6: Dorex2007 folded on the Flop
Seat 7: LuckyGranpa collected ($0.78)
Seat 9: m3lkiyway (button) folded before Flop (didn't bet)



PokerStars Hand #232889903797:  Hold'em No Limit ($0.01/$0.02 USD) - 2022/01/06 17:54:06 PT [2022/01/06 20:54:06 ET]
Table 'Walinskia II' 9-max Seat #1 is the button
Seat 1: TheEsli ($4.56 in chips) 
Seat 2: Avorazh ($2 in chips) 
Seat 3: kamoka06 ($5.58 in chips) 
Seat 4: Guilhermanoo ($3 in chips) 
Seat 5: fredgrande ($2.47 in chips) 
Seat 6: Dorex2007 ($2.57 in chips) 
Seat 7: LuckyGranpa ($1.22 in chips) 
Seat 9: m3lkiyway ($1.49 in chips) 
Avorazh: posts small blind $0.01
kamoka06: posts big blind $0.02
niqiubao: sits out 
*** HOLE CARDS ***
Dealt to Dorex2007 [3c Td]
Guilhermanoo: folds 
fredgrande: folds 
Dorex2007: folds 
LuckyGranpa: folds 
m3lkiyway: folds 
TheEsli: folds 
Avorazh: folds 
Uncalled bet ($0.01) returned to kamoka06
kamoka06 collected $0.02 from pot
kamoka06: doesn't show hand 
*** SUMMARY ***
Total pot $0.02 | Rake $0 
Seat 1: TheEsli (button) folded before Flop (didn't bet)
Seat 2: Avorazh (small blind) folded before Flop
Seat 3: kamoka06 (big blind) collected ($0.02)
Seat 4: Guilhermanoo folded before Flop (didn't bet)
Seat 5: fredgrande folded before Flop (didn't bet)
Seat 6: Dorex2007 folded before Flop (didn't bet)
Seat 7: LuckyGranpa folded before Flop (didn't bet)
Seat 9: m3lkiyway folded before Flop (didn't bet)



PokerStars Hand #232889908596:  Hold'em No Limit ($0.01/$0.02 USD) - 2022/01/06 17:54:22 PT [2022/01/06 20:54:22 ET]
Table 'Walinskia II' 9-max Seat #2 is the button
Seat 1: TheEsli ($4.56 in chips) 
Seat 2: Avorazh ($2 in chips) 
Seat 3: kamoka06 ($5.59 in chips) 
Seat 4: Guilhermanoo ($3 in chips) 
Seat 5: fredgrande ($2.47 in chips) 
Seat 6: Dorex2007 ($2.57 in chips) 
Seat 7: LuckyGranpa ($1.22 in chips) 
Seat 9: m3lkiyway ($1.49 in chips) 
kamoka06: posts small blind $0.01
Guilhermanoo: posts big blind $0.02
niqiubao: sits out 
*** HOLE CARDS ***
Dealt to Dorex2007 [Jc Td]
fredgrande: folds 
Dorex2007: folds 
LuckyGranpa: folds 
m3lkiyway: folds 
TheEsli: folds 
Avorazh: folds 
kamoka06: calls $0.01
Guilhermanoo: checks 
*** FLOP *** [Jh 7c 5h]
kamoka06: bets $0.52
Guilhermanoo said, "?????????????????"
Guilhermanoo: folds 
Uncalled bet ($0.52) returned to kamoka06
kamoka06 collected $0.04 from pot
kamoka06: doesn't show hand 
*** SUMMARY ***
Total pot $0.04 | Rake $0 
Board [Jh 7c 5h]
Seat 1: TheEsli folded before Flop (didn't bet)
Seat 2: Avorazh (button) folded before Flop (didn't bet)
Seat 3: kamoka06 (small blind) collected ($0.04)
Seat 4: Guilhermanoo (big blind) folded on the Flop
Seat 5: fredgrande folded before Flop (didn't bet)
Seat 6: Dorex2007 folded before Flop (didn't bet)
Seat 7: LuckyGranpa folded before Flop (didn't bet)
Seat 9: m3lkiyway folded before Flop (didn't bet)



PokerStars Hand #232889918565:  Hold'em No Limit ($0.01/$0.02 USD) - 2022/01/06 17:54:55 PT [2022/01/06 20:54:55 ET]
Table 'Walinskia II' 9-max Seat #3 is the button
Seat 1: TheEsli ($4.56 in chips) 
Seat 2: Avorazh ($2 in chips) 
Seat 3: kamoka06 ($5.61 in chips) 
Seat 4: Guilhermanoo ($2.98 in chips) 
Seat 5: fredgrande ($2.47 in chips) 
Seat 6: Dorex2007 ($2.57 in chips) 
Seat 7: LuckyGranpa ($1.22 in chips) 
Seat 9: m3lkiyway ($1.49 in chips) 
Guilhermanoo: posts small blind $0.01
fredgrande: posts big blind $0.02
niqiubao: sits out 
*** HOLE CARDS ***
Dealt to Dorex2007 [2h 4s]
Dorex2007: folds 
LuckyGranpa: raises $0.04 to $0.06
m3lkiyway: folds 
TheEsli: folds 
Avorazh: folds 
kamoka06: calls $0.06
Guilhermanoo: folds 
fredgrande: calls $0.04
*** FLOP *** [7d 4c Kd]
fredgrande: bets $0.06
LuckyGranpa: raises $0.30 to $0.36
kamoka06: calls $0.36
fredgrande: folds 
*** TURN *** [7d 4c Kd] [6c]
LuckyGranpa: bets $0.80 and is all-in
kamoka06: calls $0.80
*** RIVER *** [7d 4c Kd 6c] [9h]
*** SHOW DOWN ***
LuckyGranpa: shows [Ad Kc] (a pair of Kings)
kamoka06: shows [2c 5c] (high card King)
LuckyGranpa cashed out the hand for $1.68 | Cash Out Fee $0.02
*** SUMMARY ***
Total pot $2.57 | Rake $0.09 
Board [7d 4c Kd 6c 9h]
Seat 1: TheEsli folded before Flop (didn't bet)
Seat 2: Avorazh folded before Flop (didn't bet)
Seat 3: kamoka06 (button) showed [2c 5c] and lost with high card King
Seat 4: Guilhermanoo (small blind) folded before Flop
Seat 5: fredgrande (big blind) folded on the Flop
Seat 6: Dorex2007 folded before Flop (didn't bet)
Seat 7: LuckyGranpa showed [Ad Kc] and won ($2.48) with a pair of Kings (pot not awarded as player cashed out)
Seat 9: m3lkiyway folded before Flop (didn't bet)



PokerStars Hand #232889931878:  Hold'em No Limit ($0.01/$0.02 USD) - 2022/01/06 17:55:47 PT [2022/01/06 20:55:47 ET]
Table 'Walinskia II' 9-max Seat #4 is the button
Seat 1: TheEsli ($4.56 in chips) 
Seat 2: Avorazh ($2 in chips) 
Seat 4: Guilhermanoo ($2.97 in chips) 
Seat 5: fredgrande ($2.35 in chips) 
Seat 6: Dorex2007 ($2.57 in chips) 
Seat 7: LuckyGranpa ($1.68 in chips) 
Seat 9: m3lkiyway ($1.49 in chips) 
fredgrande: posts small blind $0.01
Dorex2007: posts big blind $0.02
niqiubao: sits out 
*** HOLE CARDS ***
Dealt to Dorex2007 [8c 3c]
LuckyGranpa: folds 
kamoka06 leaves the table
m3lkiyway: calls $0.02
TheEsli: calls $0.02
MyTHaeBoka joins the table at seat #3 
Avorazh has timed out
Avorazh: folds 
Guilhermanoo: raises $0.06 to $0.08
fredgrande: folds 
Dorex2007: folds 
m3lkiyway: calls $0.06
TheEsli: calls $0.06
*** FLOP *** [5c 4c Jh]
m3lkiyway: checks 
TheEsli: checks 
Guilhermanoo: bets $0.10
m3lkiyway: folds 
TheEsli: calls $0.10
*** TURN *** [5c 4c Jh] [9c]
TheEsli: checks 
Guilhermanoo: checks 
*** RIVER *** [5c 4c Jh 9c] [Kh]
TheEsli: bets $0.23
Guilhermanoo: calls $0.23
*** SHOW DOWN ***
TheEsli: shows [Js Kd] (two pair, Kings and Jacks)
Guilhermanoo: mucks hand 
TheEsli collected $0.90 from pot
*** SUMMARY ***
Total pot $0.93 | Rake $0.03 
Board [5c 4c Jh 9c Kh]
Seat 1: TheEsli showed [Js Kd] and won ($0.90) with two pair, Kings and Jacks
Seat 2: Avorazh folded before Flop (didn't bet)
Seat 4: Guilhermanoo (button) mucked [Ac Ks]
Seat 5: fredgrande (small blind) folded before Flop
Seat 6: Dorex2007 (big blind) folded before Flop
Seat 7: LuckyGranpa folded before Flop (didn't bet)
Seat 9: m3lkiyway folded on the Flop



PokerStars Hand #232889949025:  Hold'em No Limit ($0.01/$0.02 USD) - 2022/01/06 17:56:57 PT [2022/01/06 20:56:57 ET]
Table 'Walinskia II' 9-max Seat #5 is the button
Seat 1: TheEsli ($5.05 in chips) 
Seat 2: Avorazh ($2 in chips) 
Seat 3: MyTHaeBoka ($2 in chips) 
Seat 4: Guilhermanoo ($2.56 in chips) 
Seat 5: fredgrande ($2.34 in chips) 
Seat 6: Dorex2007 ($2.55 in chips) 
Seat 7: LuckyGranpa ($1.68 in chips) 
Seat 9: m3lkiyway ($1.41 in chips) 
Dorex2007: posts small blind $0.01
LuckyGranpa: posts big blind $0.02
niqiubao: sits out 
MyTHaeBoka: posts big blind $0.02
*** HOLE CARDS ***
Dealt to Dorex2007 [Ad 5s]
m3lkiyway: calls $0.02
TheEsli: folds 
Avorazh: folds 
MyTHaeBoka: checks 
Guilhermanoo: folds 
Guilhermanoo leaves the table
fredgrande: folds 
Dorex2007: folds 
LuckyGranpa: checks 
*** FLOP *** [4d 6d 3s]
LuckyGranpa: checks 
chichi243 joins the table at seat #4 
m3lkiyway: bets $0.10
MyTHaeBoka: calls $0.10
LuckyGranpa: folds 
*** TURN *** [4d 6d 3s] [Qh]
m3lkiyway: bets $0.12
MyTHaeBoka: folds 
Uncalled bet ($0.12) returned to m3lkiyway
m3lkiyway collected $0.26 from pot
m3lkiyway: doesn't show hand 
*** SUMMARY ***
Total pot $0.27 | Rake $0.01 
Board [4d 6d 3s Qh]
Seat 1: TheEsli folded before Flop (didn't bet)
Seat 2: Avorazh folded before Flop (didn't bet)
Seat 3: MyTHaeBoka folded on the Turn
Seat 4: Guilhermanoo folded before Flop (didn't bet)
Seat 5: fredgrande (button) folded before Flop (didn't bet)
Seat 6: Dorex2007 (small blind) folded before Flop
Seat 7: LuckyGranpa (big blind) folded on the Flop
Seat 9: m3lkiyway collected ($0.26)



PokerStars Hand #232889958187:  Hold'em No Limit ($0.01/$0.02 USD) - 2022/01/06 17:57:35 PT [2022/01/06 20:57:35 ET]
Table 'Walinskia II' 9-max Seat #6 is the button
Seat 1: TheEsli ($5.05 in chips) 
Seat 2: Avorazh ($2 in chips) 
Seat 3: MyTHaeBoka ($1.88 in chips) 
Seat 5: fredgrande ($2.34 in chips) 
Seat 6: Dorex2007 ($2.54 in chips) 
Seat 7: LuckyGranpa ($1.66 in chips) 
Seat 8: niqiubao ($1.60 in chips) 
Seat 9: m3lkiyway ($1.55 in chips) 
LuckyGranpa: posts small blind $0.01
niqiubao: posts big blind $0.02
chichi243: sits out 
*** HOLE CARDS ***
Dealt to Dorex2007 [7d Jc]
m3lkiyway: calls $0.02
TheEsli: calls $0.02
Avorazh: folds 
MyTHaeBoka: folds 
fredgrande: calls $0.02
Dorex2007: folds 
LuckyGranpa: calls $0.01
niqiubao: checks 
*** FLOP *** [5s 6s 9d]
LuckyGranpa: checks 
niqiubao: checks 
m3lkiyway: checks 
TheEsli: checks 
fredgrande: checks 
*** TURN *** [5s 6s 9d] [9c]
LuckyGranpa: checks 
niqiubao: checks 
m3lkiyway: checks 
TheEsli: checks 
fredgrande: checks 
*** RIVER *** [5s 6s 9d 9c] [Ad]
LuckyGranpa: checks 
niqiubao: checks 
m3lkiyway: checks 
TheEsli: checks 
fredgrande: checks 
*** SHOW DOWN ***
LuckyGranpa: shows [Ts 8s] (a pair of Nines)
niqiubao: shows [Qs 4d] (a pair of Nines - Ace+Queen kicker)
m3lkiyway: mucks hand 
TheEsli: mucks hand 
fredgrande: shows [3c Kc] (a pair of Nines - Ace+King kicker)
fredgrande collected $0.10 from pot
*** SUMMARY ***
Total pot $0.10 | Rake $0 
Board [5s 6s 9d 9c Ad]
Seat 1: TheEsli mucked [7s 4s]
Seat 2: Avorazh folded before Flop (didn't bet)
Seat 3: MyTHaeBoka folded before Flop (didn't bet)
Seat 5: fredgrande showed [3c Kc] and won ($0.10) with a pair of Nines
Seat 6: Dorex2007 (button) folded before Flop (didn't bet)
Seat 7: LuckyGranpa (small blind) showed [Ts 8s] and lost with a pair of Nines
Seat 8: niqiubao (big blind) showed [Qs 4d] and lost with a pair of Nines
Seat 9: m3lkiyway mucked [3d 8d]



PokerStars Hand #232889980446:  Hold'em No Limit ($0.01/$0.02 USD) - 2022/01/06 17:58:37 PT [2022/01/06 20:58:37 ET]
Table 'Walinskia II' 9-max Seat #7 is the button
Seat 1: TheEsli ($5.03 in chips) 
Seat 2: Avorazh ($2 in chips) 
Seat 3: MyTHaeBoka ($2 in chips) 
Seat 4: chichi243 ($0.80 in chips) 
Seat 5: fredgrande ($2.42 in chips) 
Seat 6: Dorex2007 ($2.54 in chips) 
Seat 7: LuckyGranpa ($1.64 in chips) 
Seat 8: niqiubao ($1.58 in chips) 
Seat 9: m3lkiyway ($1.53 in chips) 
niqiubao: posts small blind $0.01
m3lkiyway: posts big blind $0.02
chichi243: posts big blind $0.02
*** HOLE CARDS ***
Dealt to Dorex2007 [Qs 2h]
TheEsli: folds 
Avorazh: raises $0.07 to $0.09
MyTHaeBoka: folds 
chichi243: calls $0.07
fredgrande: folds 
Dorex2007: folds 
LuckyGranpa: folds 
niqiubao: folds 
m3lkiyway: folds 
*** FLOP *** [Jd Ah 3s]
Avorazh: bets $0.15
chichi243: folds 
Uncalled bet ($0.15) returned to Avorazh
Avorazh collected $0.20 from pot
Avorazh: doesn't show hand 
*** SUMMARY ***
Total pot $0.21 | Rake $0.01 
Board [Jd Ah 3s]
Seat 1: TheEsli folded before Flop (didn't bet)
Seat 2: Avorazh collected ($0.20)
Seat 3: MyTHaeBoka folded before Flop (didn't bet)
Seat 4: chichi243 folded on the Flop
Seat 5: fredgrande folded before Flop (didn't bet)
Seat 6: Dorex2007 folded before Flop (didn't bet)
Seat 7: LuckyGranpa (button) folded before Flop (didn't bet)
Seat 8: niqiubao (small blind) folded before Flop
Seat 9: m3lkiyway (big blind) folded before Flop



PokerStars Hand #232889991695:  Hold'em No Limit ($0.01/$0.02 USD) - 2022/01/06 17:59:23 PT [2022/01/06 20:59:23 ET]
Table 'Walinskia II' 9-max Seat #8 is the button
Seat 1: TheEsli ($5.03 in chips) 
Seat 2: Avorazh ($2.11 in chips) 
Seat 3: MyTHaeBoka ($2 in chips) 
Seat 4: chichi243 ($0.71 in chips) 
Seat 5: fredgrande ($2.42 in chips) 
Seat 6: Dorex2007 ($2.54 in chips) 
Seat 7: LuckyGranpa ($1.64 in chips) 
Seat 8: niqiubao ($1.57 in chips) 
Seat 9: m3lkiyway ($1.51 in chips) 
m3lkiyway: posts small blind $0.01
TheEsli: posts big blind $0.02
*** HOLE CARDS ***
Dealt to Dorex2007 [Tc 9c]
Avorazh: folds 
MyTHaeBoka: folds 
chichi243: folds 
fredgrande: raises $0.04 to $0.06
Dorex2007: folds 
LuckyGranpa: folds 
niqiubao: calls $0.06
m3lkiyway: folds 
TheEsli: calls $0.04
*** FLOP *** [9h Th 3d]
TheEsli: bets $0.04
fredgrande: calls $0.04
niqiubao: calls $0.04
*** TURN *** [9h Th 3d] [2h]
TheEsli: checks 
fredgrande: checks 
niqiubao: checks 
*** RIVER *** [9h Th 3d 2h] [8d]
TheEsli: bets $0.06
fredgrande: folds 
niqiubao: calls $0.06
*** SHOW DOWN ***
TheEsli: shows [Jc 8h] (a pair of Eights)
niqiubao: mucks hand 
TheEsli collected $0.41 from pot
*** SUMMARY ***
Total pot $0.43 | Rake $0.02 
Board [9h Th 3d 2h 8d]
Seat 1: TheEsli (big blind) showed [Jc 8h] and won ($0.41) with a pair of Eights
Seat 2: Avorazh folded before Flop (didn't bet)
Seat 3: MyTHaeBoka folded before Flop (didn't bet)
Seat 4: chichi243 folded before Flop (didn't bet)
Seat 5: fredgrande folded on the River
Seat 6: Dorex2007 folded before Flop (didn't bet)
Seat 7: LuckyGranpa folded before Flop (didn't bet)
Seat 8: niqiubao (button) mucked [6d Ad]
Seat 9: m3lkiyway (small blind) folded before Flop



PokerStars Hand #232890007629:  Hold'em No Limit ($0.01/$0.02 USD) - 2022/01/06 18:00:27 PT [2022/01/06 21:00:27 ET]
Table 'Walinskia II' 9-max Seat #9 is the button
Seat 1: TheEsli ($5.28 in chips) 
Seat 2: Avorazh ($2.11 in chips) 
Seat 3: MyTHaeBoka ($2 in chips) 
Seat 4: chichi243 ($0.71 in chips) 
Seat 5: fredgrande ($2.32 in chips) 
Seat 6: Dorex2007 ($2.54 in chips) 
Seat 7: LuckyGranpa ($1.64 in chips) 
Seat 8: niqiubao ($1.41 in chips) 
Seat 9: m3lkiyway ($1.50 in chips) 
TheEsli: posts small blind $0.01
Avorazh: posts big blind $0.02
*** HOLE CARDS ***
Dealt to Dorex2007 [8c 8s]
MyTHaeBoka: folds 
chichi243: raises $0.04 to $0.06
fredgrande: calls $0.06
Dorex2007: folds 
LuckyGranpa: folds 
niqiubao: folds 
m3lkiyway: calls $0.06
TheEsli: calls $0.05
Avorazh: folds 
*** FLOP *** [Jd 6h Td]
TheEsli: checks 
chichi243: bets $0.13
fredgrande: folds 
m3lkiyway: calls $0.13
TheEsli: calls $0.13
*** TURN *** [Jd 6h Td] [3s]
TheEsli: checks 
chichi243: bets $0.32
m3lkiyway: calls $0.32
TheEsli: folds 
*** RIVER *** [Jd 6h Td 3s] [5h]
chichi243: checks 
m3lkiyway: bets $0.26
chichi243: calls $0.20 and is all-in
Uncalled bet ($0.06) returned to m3lkiyway
*** SHOW DOWN ***
m3lkiyway: shows [Kd Qd] (high card King)
chichi243: shows [Ad 3d] (a pair of Threes)
chichi243 collected $1.63 from pot
*** SUMMARY ***
Total pot $1.69 | Rake $0.06 
Board [Jd 6h Td 3s 5h]
Seat 1: TheEsli (small blind) folded on the Turn
Seat 2: Avorazh (big blind) folded before Flop
Seat 3: MyTHaeBoka folded before Flop (didn't bet)
Seat 4: chichi243 showed [Ad 3d] and won ($1.63) with a pair of Threes
Seat 5: fredgrande folded on the Flop
Seat 6: Dorex2007 folded before Flop (didn't bet)
Seat 7: LuckyGranpa folded before Flop (didn't bet)
Seat 8: niqiubao folded before Flop (didn't bet)
Seat 9: m3lkiyway (button) showed [Kd Qd] and lost with high card King



PokerStars Hand #232890027583:  Hold'em No Limit ($0.01/$0.02 USD) - 2022/01/06 18:01:38 PT [2022/01/06 21:01:38 ET]
Table 'Walinskia II' 9-max Seat #1 is the button
Seat 1: TheEsli ($5.09 in chips) 
Seat 2: Avorazh ($2.09 in chips) 
Seat 3: MyTHaeBoka ($2 in chips) 
Seat 4: chichi243 ($1.63 in chips) 
Seat 5: fredgrande ($2.26 in chips) 
Seat 6: Dorex2007 ($2.54 in chips) 
Seat 7: LuckyGranpa ($1.64 in chips) 
Seat 8: niqiubao ($1.41 in chips) 
Seat 9: m3lkiyway ($0.79 in chips) 
Avorazh: posts small blind $0.01
MyTHaeBoka: posts big blind $0.02
*** HOLE CARDS ***
Dealt to Dorex2007 [2s 4h]
chichi243: folds 
fredgrande: folds 
Dorex2007: folds 
LuckyGranpa: folds 
niqiubao: folds 
m3lkiyway: folds 
TheEsli: folds 
Avorazh: folds 
Uncalled bet ($0.01) returned to MyTHaeBoka
MyTHaeBoka collected $0.02 from pot
MyTHaeBoka: doesn't show hand 
*** SUMMARY ***
Total pot $0.02 | Rake $0 
Seat 1: TheEsli (button) folded before Flop (didn't bet)
Seat 2: Avorazh (small blind) folded before Flop
Seat 3: MyTHaeBoka (big blind) collected ($0.02)
Seat 4: chichi243 folded before Flop (didn't bet)
Seat 5: fredgrande folded before Flop (didn't bet)
Seat 6: Dorex2007 folded before Flop (didn't bet)
Seat 7: LuckyGranpa folded before Flop (didn't bet)
Seat 8: niqiubao folded before Flop (didn't bet)
Seat 9: m3lkiyway folded before Flop (didn't bet)



PokerStars Hand #232890032477:  Hold'em No Limit ($0.01/$0.02 USD) - 2022/01/06 18:01:55 PT [2022/01/06 21:01:55 ET]
Table 'Walinskia II' 9-max Seat #2 is the button
Seat 1: TheEsli ($5.09 in chips) 
Seat 2: Avorazh ($2.08 in chips) 
Seat 3: MyTHaeBoka ($2.01 in chips) 
Seat 4: chichi243 ($1.63 in chips) 
Seat 5: fredgrande ($2.26 in chips) 
Seat 6: Dorex2007 ($2.54 in chips) 
Seat 7: LuckyGranpa ($1.64 in chips) 
Seat 8: niqiubao ($1.41 in chips) 
Seat 9: m3lkiyway ($0.79 in chips) 
MyTHaeBoka: posts small blind $0.01
chichi243: posts big blind $0.02
*** HOLE CARDS ***
Dealt to Dorex2007 [5h 2c]
fredgrande: raises $0.04 to $0.06
Dorex2007: folds 
LuckyGranpa: folds 
niqiubao: raises $0.04 to $0.10
m3lkiyway: folds 
TheEsli: folds 
Avorazh: folds 
MyTHaeBoka: folds 
chichi243: folds 
fredgrande: calls $0.04
*** FLOP *** [Ad 9c As]
fredgrande: bets $0.12
niqiubao: folds 
Uncalled bet ($0.12) returned to fredgrande
fredgrande collected $0.22 from pot
*** SUMMARY ***
Total pot $0.23 | Rake $0.01 
Board [Ad 9c As]
Seat 1: TheEsli folded before Flop (didn't bet)
Seat 2: Avorazh (button) folded before Flop (didn't bet)
Seat 3: MyTHaeBoka (small blind) folded before Flop
Seat 4: chichi243 (big blind) folded before Flop
Seat 5: fredgrande collected ($0.22)
Seat 6: Dorex2007 folded before Flop (didn't bet)
Seat 7: LuckyGranpa folded before Flop (didn't bet)
Seat 8: niqiubao folded on the Flop
Seat 9: m3lkiyway folded before Flop (didn't bet)



PokerStars Hand #232890041345:  Hold'em No Limit ($0.01/$0.02 USD) - 2022/01/06 18:02:27 PT [2022/01/06 21:02:27 ET]
Table 'Walinskia II' 9-max Seat #3 is the button
Seat 1: TheEsli ($5.09 in chips) 
Seat 2: Avorazh ($2.08 in chips) 
Seat 3: MyTHaeBoka ($2 in chips) 
Seat 4: chichi243 ($1.61 in chips) 
Seat 5: fredgrande ($2.38 in chips) 
Seat 6: Dorex2007 ($2.54 in chips) 
Seat 7: LuckyGranpa ($1.64 in chips) 
Seat 8: niqiubao ($1.31 in chips) 
Seat 9: m3lkiyway ($0.79 in chips) 
chichi243: posts small blind $0.01
fredgrande: posts big blind $0.02
*** HOLE CARDS ***
Dealt to Dorex2007 [4s Th]
Dorex2007: folds 
LuckyGranpa: folds 
niqiubao has timed out
niqiubao: folds 
m3lkiyway: folds 
TheEsli: folds 
Avorazh: raises $0.04 to $0.06
MyTHaeBoka: folds 
chichi243: folds 
fredgrande: calls $0.04
*** FLOP *** [3c 2h 6c]
fredgrande: checks 
Avorazh: checks 
*** TURN *** [3c 2h 6c] [3h]
fredgrande: bets $0.04
Avorazh: calls $0.04
*** RIVER *** [3c 2h 6c 3h] [Ac]
fredgrande: bets $0.10
Avorazh: calls $0.10
*** SHOW DOWN ***
fredgrande: shows [Kc Ah] (two pair, Aces and Threes)
Avorazh: mucks hand 
fredgrande collected $0.40 from pot
*** SUMMARY ***
Total pot $0.41 | Rake $0.01 
Board [3c 2h 6c 3h Ac]
Seat 1: TheEsli folded before Flop (didn't bet)
Seat 2: Avorazh mucked [Js As]
Seat 3: MyTHaeBoka (button) folded before Flop (didn't bet)
Seat 4: chichi243 (small blind) folded before Flop
Seat 5: fredgrande (big blind) showed [Kc Ah] and won ($0.40) with two pair, Aces and Threes
Seat 6: Dorex2007 folded before Flop (didn't bet)
Seat 7: LuckyGranpa folded before Flop (didn't bet)
Seat 8: niqiubao folded before Flop (didn't bet)
Seat 9: m3lkiyway folded before Flop (didn't bet)



PokerStars Hand #232890070253:  Hold'em No Limit ($0.01/$0.02 USD) - 2022/01/06 18:03:34 PT [2022/01/06 21:03:34 ET]
Table 'Walinskia II' 9-max Seat #4 is the button
Seat 1: TheEsli ($5.09 in chips) 
Seat 2: Avorazh ($2 in chips) 
Seat 3: MyTHaeBoka ($2 in chips) 
Seat 4: chichi243 ($1.60 in chips) 
Seat 5: fredgrande ($2.58 in chips) 
Seat 6: Dorex2007 ($2.54 in chips) 
Seat 7: LuckyGranpa ($1.64 in chips) 
Seat 8: niqiubao ($1.31 in chips) 
Seat 9: m3lkiyway ($0.79 in chips) 
fredgrande: posts small blind $0.01
Dorex2007: posts big blind $0.02
*** HOLE CARDS ***
Dealt to Dorex2007 [2c 8h]
LuckyGranpa: folds 
niqiubao: folds 
m3lkiyway: calls $0.02
TheEsli: calls $0.02
LuckyGranpa leaves the table
Avorazh: folds 
MyTHaeBoka: folds 
chichi243: raises $0.04 to $0.06
fredgrande: folds 
Dorex2007: folds 
m3lkiyway: folds 
TheEsli: calls $0.04
*** FLOP *** [8d 8s Qd]
fredgrande leaves the table
TheEsli: checks 
syk819kf joins the table at seat #7 
chichi243: bets $0.08
TheEsli: folds 
Uncalled bet ($0.08) returned to chichi243
chichi243 collected $0.16 from pot
chichi243: doesn't show hand 
*** SUMMARY ***
Total pot $0.17 | Rake $0.01 
Board [8d 8s Qd]
Seat 1: TheEsli folded on the Flop
Seat 2: Avorazh folded before Flop (didn't bet)
Seat 3: MyTHaeBoka folded before Flop (didn't bet)
Seat 4: chichi243 (button) collected ($0.16)
Seat 5: fredgrande (small blind) folded before Flop
Seat 6: Dorex2007 (big blind) folded before Flop
Seat 7: LuckyGranpa folded before Flop (didn't bet)
Seat 8: niqiubao folded before Flop (didn't bet)
Seat 9: m3lkiyway folded before Flop



PokerStars Hand #232890081228:  Hold'em No Limit ($0.01/$0.02 USD) - 2022/01/06 18:04:11 PT [2022/01/06 21:04:11 ET]
Table 'Walinskia II' 9-max Seat #6 is the button
Seat 1: TheEsli ($5.03 in chips) 
Seat 2: Avorazh ($2 in chips) 
Seat 3: MyTHaeBoka ($2 in chips) 
Seat 4: chichi243 ($1.70 in chips) 
Seat 6: Dorex2007 ($2.52 in chips) 
Seat 8: niqiubao ($1.31 in chips) 
Seat 9: m3lkiyway ($0.77 in chips) 
niqiubao: posts small blind $0.01
m3lkiyway: posts big blind $0.02
*** HOLE CARDS ***
Dealt to Dorex2007 [Ah Js]
TheEsli: calls $0.02
Avorazh: folds 
MyTHaeBoka: folds 
chichi243: raises $0.04 to $0.06
Dorex2007: folds 
niqiubao: folds 
m3lkiyway: folds 
TheEsli: calls $0.04
*** FLOP *** [5h As 4c]
TheEsli: checks 
chichi243: bets $0.07
TheEsli: folds 
Uncalled bet ($0.07) returned to chichi243
chichi243 collected $0.14 from pot
chichi243: doesn't show hand 
*** SUMMARY ***
Total pot $0.15 | Rake $0.01 
Board [5h As 4c]
Seat 1: TheEsli folded on the Flop
Seat 2: Avorazh folded before Flop (didn't bet)
Seat 3: MyTHaeBoka folded before Flop (didn't bet)
Seat 4: chichi243 collected ($0.14)
Seat 6: Dorex2007 (button) folded before Flop (didn't bet)
Seat 8: niqiubao (small blind) folded before Flop
Seat 9: m3lkiyway (big blind) folded before Flop



PokerStars Hand #232890089251:  Hold'em No Limit ($0.01/$0.02 USD) - 2022/01/06 18:04:38 PT [2022/01/06 21:04:38 ET]
Table 'Walinskia II' 9-max Seat #8 is the button
Seat 1: TheEsli ($4.97 in chips) 
Seat 2: Avorazh ($2 in chips) 
Seat 3: MyTHaeBoka ($2 in chips) 
Seat 4: chichi243 ($1.78 in chips) 
Seat 6: Dorex2007 ($2.52 in chips) 
Seat 8: niqiubao ($1.30 in chips) 
Seat 9: m3lkiyway ($0.75 in chips) 
m3lkiyway: posts small blind $0.01
TheEsli: posts big blind $0.02
syk819kf: sits out 
*** HOLE CARDS ***
Dealt to Dorex2007 [8s 2d]
Avorazh: folds 
MyTHaeBoka: folds 
chichi243: folds 
Dorex2007: folds 
niqiubao: folds 
m3lkiyway: calls $0.01
TheEsli: checks 
*** FLOP *** [Kd 4h 9c]
m3lkiyway: checks 
TheEsli: checks 
*** TURN *** [Kd 4h 9c] [8d]
m3lkiyway: checks 
TheEsli: checks 
*** RIVER *** [Kd 4h 9c 8d] [5c]
m3lkiyway: checks 
TheEsli: bets $0.06
m3lkiyway: calls $0.06
*** SHOW DOWN ***
TheEsli: shows [Qd Js] (high card King)
m3lkiyway: shows [2c Ah] (high card Ace)
m3lkiyway collected $0.15 from pot
*** SUMMARY ***
Total pot $0.16 | Rake $0.01 
Board [Kd 4h 9c 8d 5c]
Seat 1: TheEsli (big blind) showed [Qd Js] and lost with high card King
Seat 2: Avorazh folded before Flop (didn't bet)
Seat 3: MyTHaeBoka folded before Flop (didn't bet)
Seat 4: chichi243 folded before Flop (didn't bet)
Seat 6: Dorex2007 folded before Flop (didn't bet)
Seat 8: niqiubao (button) folded before Flop (didn't bet)
Seat 9: m3lkiyway (small blind) showed [2c Ah] and won ($0.15) with high card Ace



PokerStars Hand #232890100504:  Hold'em No Limit ($0.01/$0.02 USD) - 2022/01/06 18:05:16 PT [2022/01/06 21:05:16 ET]
Table 'Walinskia II' 9-max Seat #9 is the button
Seat 1: TheEsli ($4.89 in chips) 
Seat 2: Avorazh ($2 in chips) 
Seat 3: MyTHaeBoka ($2 in chips) 
Seat 4: chichi243 ($1.78 in chips) 
Seat 6: Dorex2007 ($2.52 in chips) 
Seat 7: syk819kf ($2 in chips) 
Seat 8: niqiubao ($1.30 in chips) 
Seat 9: m3lkiyway ($0.82 in chips) 
TheEsli: posts small blind $0.01
Avorazh: posts big blind $0.02
syk819kf: posts big blind $0.02
*** HOLE CARDS ***
Dealt to Dorex2007 [Ac 7c]
MyTHaeBoka: folds 
chichi243: folds 
Dorex2007: folds 
syk819kf: checks 
niqiubao: folds 
m3lkiyway: calls $0.02
TheEsli: folds 
Avorazh: checks 
*** FLOP *** [6c 3s 8h]
zloycooper joins the table at seat #5 
Avorazh: checks 
syk819kf: bets $0.04
m3lkiyway: folds 
Avorazh: calls $0.04
*** TURN *** [6c 3s 8h] [Qs]
Avorazh: checks 
syk819kf: checks 
*** RIVER *** [6c 3s 8h Qs] [Ks]
Avorazh: checks 
syk819kf: checks 
*** SHOW DOWN ***
Avorazh: shows [6s Td] (a pair of Sixes)
syk819kf: shows [5h 8d] (a pair of Eights)
syk819kf collected $0.14 from pot
*** SUMMARY ***
Total pot $0.15 | Rake $0.01 
Board [6c 3s 8h Qs Ks]
Seat 1: TheEsli (small blind) folded before Flop
Seat 2: Avorazh (big blind) showed [6s Td] and lost with a pair of Sixes
Seat 3: MyTHaeBoka folded before Flop (didn't bet)
Seat 4: chichi243 folded before Flop (didn't bet)
Seat 6: Dorex2007 folded before Flop (didn't bet)
Seat 7: syk819kf showed [5h 8d] and won ($0.14) with a pair of Eights
Seat 8: niqiubao folded before Flop (didn't bet)
Seat 9: m3lkiyway (button) folded on the Flop



PokerStars Hand #232890123728:  Hold'em No Limit ($0.01/$0.02 USD) - 2022/01/06 18:06:34 PT [2022/01/06 21:06:34 ET]
Table 'Walinskia II' 9-max Seat #1 is the button
Seat 1: TheEsli ($4.88 in chips) 
Seat 2: Avorazh ($2 in chips) 
Seat 3: MyTHaeBoka ($2 in chips) 
Seat 4: chichi243 ($1.78 in chips) 
Seat 6: Dorex2007 ($2.52 in chips) 
Seat 7: syk819kf ($2.08 in chips) 
Seat 8: niqiubao ($1.30 in chips) 
Seat 9: m3lkiyway ($0.80 in chips) 
Avorazh: posts small blind $0.01
MyTHaeBoka: posts big blind $0.02
zloycooper: sits out 
*** HOLE CARDS ***
Dealt to Dorex2007 [2h 9h]
chichi243: folds 
Dorex2007: folds 
syk819kf: raises $0.02 to $0.04
niqiubao: folds 
m3lkiyway: folds 
TheEsli: folds 
Avorazh: folds 
MyTHaeBoka: calls $0.02
*** FLOP *** [4h 7h 4s]
MyTHaeBoka: bets $0.05
syk819kf: folds 
Uncalled bet ($0.05) returned to MyTHaeBoka
MyTHaeBoka collected $0.09 from pot
MyTHaeBoka: doesn't show hand 
*** SUMMARY ***
Total pot $0.09 | Rake $0 
Board [4h 7h 4s]
Seat 1: TheEsli (button) folded before Flop (didn't bet)
Seat 2: Avorazh (small blind) folded before Flop
Seat 3: MyTHaeBoka (big blind) collected ($0.09)
Seat 4: chichi243 folded before Flop (didn't bet)
Seat 6: Dorex2007 folded before Flop (didn't bet)
Seat 7: syk819kf folded on the Flop
Seat 8: niqiubao folded before Flop (didn't bet)
Seat 9: m3lkiyway folded before Flop (didn't bet)



PokerStars Hand #232890139223:  Hold'em No Limit ($0.01/$0.02 USD) - 2022/01/06 18:07:14 PT [2022/01/06 21:07:14 ET]
Table 'Walinskia II' 9-max Seat #2 is the button
Seat 1: TheEsli ($4.88 in chips) 
Seat 2: Avorazh ($2 in chips) 
Seat 3: MyTHaeBoka ($2.05 in chips) 
Seat 4: chichi243 ($1.78 in chips) 
Seat 6: Dorex2007 ($2.52 in chips) 
Seat 7: syk819kf ($2.04 in chips) 
Seat 8: niqiubao ($1.30 in chips) 
Seat 9: m3lkiyway ($0.80 in chips) 
MyTHaeBoka: posts small blind $0.01
chichi243: posts big blind $0.02
zloycooper: sits out 
*** HOLE CARDS ***
Dealt to Dorex2007 [4d Qd]
Dorex2007: folds 
syk819kf: folds 
niqiubao: folds 
m3lkiyway: calls $0.02
TheEsli: folds 
Avorazh: folds 
MyTHaeBoka: calls $0.01
chichi243: checks 
*** FLOP *** [5s 7d 2h]
MyTHaeBoka: checks 
chichi243: checks 
m3lkiyway: bets $0.04
MyTHaeBoka: calls $0.04
chichi243: folds 
*** TURN *** [5s 7d 2h] [4h]
MyTHaeBoka: checks 
m3lkiyway: bets $0.06
MyTHaeBoka: calls $0.06
*** RIVER *** [5s 7d 2h 4h] [5c]
MyTHaeBoka: bets $0.08
m3lkiyway: raises $0.08 to $0.16
MyTHaeBoka: calls $0.08
*** SHOW DOWN ***
m3lkiyway: shows [7c 9d] (two pair, Sevens and Fives)
MyTHaeBoka: shows [5d 6d] (three of a kind, Fives)
MyTHaeBoka collected $0.56 from pot
*** SUMMARY ***
Total pot $0.58 | Rake $0.02 
Board [5s 7d 2h 4h 5c]
Seat 1: TheEsli folded before Flop (didn't bet)
Seat 2: Avorazh (button) folded before Flop (didn't bet)
Seat 3: MyTHaeBoka (small blind) showed [5d 6d] and won ($0.56) with three of a kind, Fives
Seat 4: chichi243 (big blind) folded on the Flop
Seat 6: Dorex2007 folded before Flop (didn't bet)
Seat 7: syk819kf folded before Flop (didn't bet)
Seat 8: niqiubao folded before Flop (didn't bet)
Seat 9: m3lkiyway showed [7c 9d] and lost with two pair, Sevens and Fives



PokerStars Hand #232890162828:  Hold'em No Limit ($0.01/$0.02 USD) - 2022/01/06 18:08:34 PT [2022/01/06 21:08:34 ET]
Table 'Walinskia II' 9-max Seat #3 is the button
Seat 1: TheEsli ($4.88 in chips) 
Seat 2: Avorazh ($2 in chips) 
Seat 3: MyTHaeBoka ($2.33 in chips) 
Seat 4: chichi243 ($1.76 in chips) 
Seat 6: Dorex2007 ($2.52 in chips) 
Seat 7: syk819kf ($2.04 in chips) 
Seat 8: niqiubao ($1.30 in chips) 
Seat 9: m3lkiyway ($0.52 in chips) 
chichi243: posts small blind $0.01
Dorex2007: posts big blind $0.02
*** HOLE CARDS ***
Dealt to Dorex2007 [Ah 2c]
syk819kf: folds 
niqiubao: folds 
m3lkiyway: folds 
TheEsli: folds 
Avorazh: folds 
MyTHaeBoka: folds 
chichi243: folds 
Uncalled bet ($0.01) returned to Dorex2007
Dorex2007 collected $0.02 from pot
Dorex2007: doesn't show hand 
*** SUMMARY ***
Total pot $0.02 | Rake $0 
Seat 1: TheEsli folded before Flop (didn't bet)
Seat 2: Avorazh folded before Flop (didn't bet)
Seat 3: MyTHaeBoka (button) folded before Flop (didn't bet)
Seat 4: chichi243 (small blind) folded before Flop
Seat 6: Dorex2007 (big blind) collected ($0.02)
Seat 7: syk819kf folded before Flop (didn't bet)
Seat 8: niqiubao folded before Flop (didn't bet)
Seat 9: m3lkiyway folded before Flop (didn't bet)



PokerStars Hand #232890168499:  Hold'em No Limit ($0.01/$0.02 USD) - 2022/01/06 18:08:53 PT [2022/01/06 21:08:53 ET]
Table 'Walinskia II' 9-max Seat #4 is the button
Seat 1: TheEsli ($4.88 in chips) 
Seat 2: Avorazh ($2 in chips) 
Seat 3: MyTHaeBoka ($2.33 in chips) 
Seat 4: chichi243 ($1.75 in chips) 
Seat 6: Dorex2007 ($2.53 in chips) 
Seat 7: syk819kf ($2.04 in chips) 
Seat 8: niqiubao ($1.30 in chips) 
Seat 9: m3lkiyway ($0.52 in chips) 
Dorex2007: posts small blind $0.01
syk819kf: posts big blind $0.02
*** HOLE CARDS ***
Dealt to Dorex2007 [4s 6d]
niqiubao has timed out
niqiubao: folds 
m3lkiyway: calls $0.02
TheEsli: folds 
Avorazh: folds 
MyTHaeBoka: folds 
chichi243: folds 
Dorex2007: folds 
syk819kf: checks 
*** FLOP *** [8s Ah 5h]
syk819kf: checks 
m3lkiyway: checks 
*** TURN *** [8s Ah 5h] [5c]
syk819kf: checks 
m3lkiyway: checks 
*** RIVER *** [8s Ah 5h 5c] [Qh]
syk819kf: checks 
m3lkiyway: checks 
*** SHOW DOWN ***
syk819kf: shows [2h 2c] (two pair, Fives and Deuces)
m3lkiyway: mucks hand 
syk819kf collected $0.05 from pot
*** SUMMARY ***
Total pot $0.05 | Rake $0 
Board [8s Ah 5h 5c Qh]
Seat 1: TheEsli folded before Flop (didn't bet)
Seat 2: Avorazh folded before Flop (didn't bet)
Seat 3: MyTHaeBoka folded before Flop (didn't bet)
Seat 4: chichi243 (button) folded before Flop (didn't bet)
Seat 6: Dorex2007 (small blind) folded before Flop
Seat 7: syk819kf (big blind) showed [2h 2c] and won ($0.05) with two pair, Fives and Deuces
Seat 8: niqiubao folded before Flop (didn't bet)
Seat 9: m3lkiyway mucked [Jd Kc]



PokerStars Hand #232890179546:  Hold'em No Limit ($0.01/$0.02 USD) - 2022/01/06 18:09:30 PT [2022/01/06 21:09:30 ET]
Table 'Walinskia II' 9-max Seat #6 is the button
Seat 1: TheEsli ($4.88 in chips) 
Seat 2: Avorazh ($2 in chips) 
Seat 3: MyTHaeBoka ($2.33 in chips) 
Seat 4: chichi243 ($1.75 in chips) 
Seat 6: Dorex2007 ($2.52 in chips) 
Seat 7: syk819kf ($2.07 in chips) 
Seat 8: niqiubao ($1.30 in chips) 
Seat 9: m3lkiyway ($0.50 in chips) 
syk819kf: posts small blind $0.01
niqiubao: posts big blind $0.02
*** HOLE CARDS ***
Dealt to Dorex2007 [Qd 6c]
m3lkiyway: folds 
TheEsli: folds 
Avorazh: folds 
MyTHaeBoka: raises $0.03 to $0.05
chichi243: folds 
Dorex2007: folds 
syk819kf: folds 
niqiubao: raises $0.03 to $0.08
MyTHaeBoka: calls $0.03
*** FLOP *** [Ac Jh Qs]
niqiubao: bets $0.11
MyTHaeBoka: folds 
Uncalled bet ($0.11) returned to niqiubao
niqiubao collected $0.16 from pot
niqiubao: doesn't show hand 
*** SUMMARY ***
Total pot $0.17 | Rake $0.01 
Board [Ac Jh Qs]
Seat 1: TheEsli folded before Flop (didn't bet)
Seat 2: Avorazh folded before Flop (didn't bet)
Seat 3: MyTHaeBoka folded on the Flop
Seat 4: chichi243 folded before Flop (didn't bet)
Seat 6: Dorex2007 (button) folded before Flop (didn't bet)
Seat 7: syk819kf (small blind) folded before Flop
Seat 8: niqiubao (big blind) collected ($0.16)
Seat 9: m3lkiyway folded before Flop (didn't bet)



PokerStars Hand #232890190585:  Hold'em No Limit ($0.01/$0.02 USD) - 2022/01/06 18:10:08 PT [2022/01/06 21:10:08 ET]
Table 'Walinskia II' 9-max Seat #7 is the button
Seat 1: TheEsli ($4.88 in chips) 
Seat 2: Avorazh ($2 in chips) 
Seat 3: MyTHaeBoka ($2.25 in chips) 
Seat 4: chichi243 ($1.75 in chips) 
Seat 5: zloycooper ($2 in chips) 
Seat 6: Dorex2007 ($2.52 in chips) 
Seat 7: syk819kf ($2.06 in chips) 
Seat 8: niqiubao ($1.38 in chips) 
Seat 9: m3lkiyway ($0.50 in chips) 
niqiubao: posts small blind $0.01
m3lkiyway: posts big blind $0.02
zloycooper: posts big blind $0.02
*** HOLE CARDS ***
Dealt to Dorex2007 [6c Qh]
TheEsli: calls $0.02
Avorazh: folds 
MyTHaeBoka: folds 
chichi243: folds 
zloycooper: checks 
Dorex2007: folds 
syk819kf: folds 
niqiubao: folds 
m3lkiyway: checks 
*** FLOP *** [5s 4d 6s]
m3lkiyway: checks 
TheEsli: checks 
zloycooper: bets $0.06
m3lkiyway: folds 
TheEsli: calls $0.06
*** TURN *** [5s 4d 6s] [Jd]
TheEsli: bets $0.14
zloycooper: calls $0.14
*** RIVER *** [5s 4d 6s Jd] [8c]
TheEsli: bets $0.02
zloycooper: folds 
Uncalled bet ($0.02) returned to TheEsli
TheEsli collected $0.45 from pot
TheEsli: doesn't show hand 
*** SUMMARY ***
Total pot $0.47 | Rake $0.02 
Board [5s 4d 6s Jd 8c]
Seat 1: TheEsli collected ($0.45)
Seat 2: Avorazh folded before Flop (didn't bet)
Seat 3: MyTHaeBoka folded before Flop (didn't bet)
Seat 4: chichi243 folded before Flop (didn't bet)
Seat 5: zloycooper folded on the River
Seat 6: Dorex2007 folded before Flop (didn't bet)
Seat 7: syk819kf (button) folded before Flop (didn't bet)
Seat 8: niqiubao (small blind) folded before Flop
Seat 9: m3lkiyway (big blind) folded on the Flop



PokerStars Hand #232890212845:  Hold'em No Limit ($0.01/$0.02 USD) - 2022/01/06 18:11:25 PT [2022/01/06 21:11:25 ET]
Table 'Walinskia II' 9-max Seat #8 is the button
Seat 1: TheEsli ($5.11 in chips) 
Seat 2: Avorazh ($2 in chips) 
Seat 3: MyTHaeBoka ($2.25 in chips) 
Seat 4: chichi243 ($1.75 in chips) 
Seat 5: zloycooper ($1.78 in chips) 
Seat 6: Dorex2007 ($2.52 in chips) 
Seat 7: syk819kf ($2.06 in chips) 
Seat 8: niqiubao ($1.37 in chips) 
Seat 9: m3lkiyway ($0.48 in chips) 
m3lkiyway: posts small blind $0.01
TheEsli: posts big blind $0.02
*** HOLE CARDS ***
Dealt to Dorex2007 [5h 7d]
Avorazh: folds 
MyTHaeBoka: folds 
chichi243: raises $0.04 to $0.06
zloycooper: folds 
Dorex2007: folds 
syk819kf: folds 
niqiubao: calls $0.06
m3lkiyway: folds 
TheEsli: folds 
*** FLOP *** [6s Ad 9s]
chichi243: checks 
niqiubao: checks 
*** TURN *** [6s Ad 9s] [Tc]
chichi243: checks 
niqiubao: checks 
*** RIVER *** [6s Ad 9s Tc] [Ac]
chichi243: bets $0.07
niqiubao: folds 
Uncalled bet ($0.07) returned to chichi243
chichi243 collected $0.14 from pot
chichi243: doesn't show hand 
*** SUMMARY ***
Total pot $0.15 | Rake $0.01 
Board [6s Ad 9s Tc Ac]
Seat 1: TheEsli (big blind) folded before Flop
Seat 2: Avorazh folded before Flop (didn't bet)
Seat 3: MyTHaeBoka folded before Flop (didn't bet)
Seat 4: chichi243 collected ($0.14)
Seat 5: zloycooper folded before Flop (didn't bet)
Seat 6: Dorex2007 folded before Flop (didn't bet)
Seat 7: syk819kf folded before Flop (didn't bet)
Seat 8: niqiubao (button) folded on the River
Seat 9: m3lkiyway (small blind) folded before Flop



PokerStars Hand #232890239319:  Hold'em No Limit ($0.01/$0.02 USD) - 2022/01/06 18:12:56 PT [2022/01/06 21:12:56 ET]
Table 'Walinskia II' 9-max Seat #1 is the button
Seat 1: TheEsli ($5.03 in chips) 
Seat 2: Avorazh ($2 in chips) 
Seat 3: MyTHaeBoka ($2.25 in chips) 
Seat 4: chichi243 ($1.91 in chips) 
Seat 5: zloycooper ($2 in chips) 
Seat 6: Dorex2007 ($2.52 in chips) 
Seat 7: syk819kf ($2.06 in chips) 
Seat 8: niqiubao ($1.31 in chips) 
Seat 9: m3lkiyway ($0.47 in chips) 
Avorazh: posts small blind $0.01
MyTHaeBoka: posts big blind $0.02
*** HOLE CARDS ***
Dealt to Dorex2007 [Jh Qh]
chichi243: folds 
zloycooper: folds 
Dorex2007: raises $0.02 to $0.04
syk819kf: folds 
niqiubao: folds 
m3lkiyway: folds 
TheEsli: calls $0.04
Avorazh: folds 
MyTHaeBoka: calls $0.02
*** FLOP *** [Qd 2c 7s]
MyTHaeBoka: checks 
Dorex2007: bets $0.09
TheEsli: folds 
MyTHaeBoka: folds 
Uncalled bet ($0.09) returned to Dorex2007
Dorex2007 collected $0.13 from pot
Dorex2007: doesn't show hand 
*** SUMMARY ***
Total pot $0.13 | Rake $0 
Board [Qd 2c 7s]
Seat 1: TheEsli (button) folded on the Flop
Seat 2: Avorazh (small blind) folded before Flop
Seat 3: MyTHaeBoka (big blind) folded on the Flop
Seat 4: chichi243 folded before Flop (didn't bet)
Seat 5: zloycooper folded before Flop (didn't bet)
Seat 6: Dorex2007 collected ($0.13)
Seat 7: syk819kf folded before Flop (didn't bet)
Seat 8: niqiubao folded before Flop (didn't bet)
Seat 9: m3lkiyway folded before Flop (didn't bet)



PokerStars Hand #232890248602:  Hold'em No Limit ($0.01/$0.02 USD) - 2022/01/06 18:13:27 PT [2022/01/06 21:13:27 ET]
Table 'Walinskia II' 9-max Seat #2 is the button
Seat 1: TheEsli ($4.99 in chips) 
Seat 2: Avorazh ($2 in chips) 
Seat 3: MyTHaeBoka ($2.21 in chips) 
Seat 4: chichi243 ($1.91 in chips) 
Seat 5: zloycooper ($2 in chips) 
Seat 6: Dorex2007 ($2.61 in chips) 
Seat 7: syk819kf ($2.06 in chips) 
Seat 8: niqiubao ($1.31 in chips) 
Seat 9: m3lkiyway ($0.47 in chips) 
MyTHaeBoka: posts small blind $0.01
chichi243: posts big blind $0.02
*** HOLE CARDS ***
Dealt to Dorex2007 [Kh 4h]
zloycooper: folds 
Dorex2007: folds 
syk819kf: folds 
niqiubao: folds 
m3lkiyway: calls $0.02
TheEsli: calls $0.02
Avorazh: folds 
MyTHaeBoka: calls $0.01
chichi243: checks 
*** FLOP *** [7s 3c 7d]
MyTHaeBoka: checks 
chichi243: checks 
m3lkiyway: checks 
TheEsli: checks 
*** TURN *** [7s 3c 7d] [Ac]
MyTHaeBoka: checks 
chichi243: checks 
m3lkiyway: bets $0.08
TheEsli: folds 
MyTHaeBoka: folds 
chichi243: folds 
Uncalled bet ($0.08) returned to m3lkiyway
m3lkiyway collected $0.08 from pot
m3lkiyway: doesn't show hand 
*** SUMMARY ***
Total pot $0.08 | Rake $0 
Board [7s 3c 7d Ac]
Seat 1: TheEsli folded on the Turn
Seat 2: Avorazh (button) folded before Flop (didn't bet)
Seat 3: MyTHaeBoka (small blind) folded on the Turn
Seat 4: chichi243 (big blind) folded on the Turn
Seat 5: zloycooper folded before Flop (didn't bet)
Seat 6: Dorex2007 folded before Flop (didn't bet)
Seat 7: syk819kf folded before Flop (didn't bet)
Seat 8: niqiubao folded before Flop (didn't bet)
Seat 9: m3lkiyway collected ($0.08)



