PokerStars Hand #238074597280:  Hold'em No Limit ($0.02/$0.05 USD) - 2022/08/18 15:42:45 PT [2022/08/18 18:42:45 ET]
Table 'Oceax IV' 9-max Seat #2 is the button
Seat 1: Dorex2007 ($5 in chips) 
Seat 2: Markplayeruk ($5 in chips) 
Seat 4: juokingas525 ($1.43 in chips) 
Seat 5: davegoa ($5 in chips) 
Seat 6: Kallem28 ($4.54 in chips) 
Seat 7: Danil27 ($5 in chips) 
Seat 8: metinski_d ($20.35 in chips) 
Seat 9: Tasmalt ($9.87 in chips) 
juokingas525: posts small blind $0.02
davegoa: posts big blind $0.05
Dorex2007: posts big blind $0.05
*** HOLE CARDS ***
Dealt to Dorex2007 [6h 2c]
Kallem28: folds 
Danil27: raises $0.15 to $0.20
metinski_d: folds 
Tasmalt: folds 
Dorex2007: folds 
Markplayeruk: folds 
juokingas525: raises $0.50 to $0.70
davegoa: folds 
Danil27: raises $0.90 to $1.60
juokingas525: calls $0.73 and is all-in
Uncalled bet ($0.17) returned to Danil27
*** FLOP *** [7d 7s 8h]
*** TURN *** [7d 7s 8h] [Kc]
*** RIVER *** [7d 7s 8h Kc] [2d]
*** SHOW DOWN ***
juokingas525: shows [5c 5s] (two pair, Sevens and Fives)
Danil27: shows [Ts Tc] (two pair, Tens and Sevens)
Danil27 collected $2.84 from pot
*** SUMMARY ***
Total pot $2.96 | Rake $0.12 
Board [7d 7s 8h Kc 2d]
Seat 1: Dorex2007 folded before Flop (didn't bet)
Seat 2: Markplayeruk (button) folded before Flop (didn't bet)
Seat 4: juokingas525 (small blind) showed [5c 5s] and lost with two pair, Sevens and Fives
Seat 5: davegoa (big blind) folded before Flop
Seat 6: Kallem28 folded before Flop (didn't bet)
Seat 7: Danil27 showed [Ts Tc] and won ($2.84) with two pair, Tens and Sevens
Seat 8: metinski_d folded before Flop (didn't bet)
Seat 9: Tasmalt folded before Flop (didn't bet)



PokerStars Hand #238074610848:  Hold'em No Limit ($0.02/$0.05 USD) - 2022/08/18 15:43:28 PT [2022/08/18 18:43:28 ET]
Table 'Oceax IV' 9-max Seat #5 is the button
Seat 1: Dorex2007 ($5 in chips) 
Seat 2: Markplayeruk ($5 in chips) 
Seat 5: davegoa ($5 in chips) 
Seat 6: Kallem28 ($4.54 in chips) 
Seat 7: Danil27 ($6.41 in chips) 
Seat 8: metinski_d ($20.35 in chips) 
Seat 9: Tasmalt ($9.87 in chips) 
Kallem28: posts small blind $0.02
Danil27: posts big blind $0.05
Derevtsssova has timed out
Derevtsssova: is sitting out 
*** HOLE CARDS ***
Dealt to Dorex2007 [As 4c]
juokingas525 leaves the table
metinski_d: folds 
Tasmalt: folds 
Dorex2007: folds 
Markplayeruk: folds 
kodiakrb joins the table at seat #4 
Markplayeruk leaves the table
davegoa: raises $0.07 to $0.12
Kallem28: folds 
NewKidOnTheFlop joins the table at seat #2 
Danil27: raises $0.38 to $0.50
davegoa: folds 
Uncalled bet ($0.38) returned to Danil27
Danil27 collected $0.26 from pot
Danil27: doesn't show hand 
*** SUMMARY ***
Total pot $0.26 | Rake $0 
Seat 1: Dorex2007 folded before Flop (didn't bet)
Seat 2: Markplayeruk folded before Flop (didn't bet)
Seat 5: davegoa (button) folded before Flop
Seat 6: Kallem28 (small blind) folded before Flop
Seat 7: Danil27 (big blind) collected ($0.26)
Seat 8: metinski_d folded before Flop (didn't bet)
Seat 9: Tasmalt folded before Flop (didn't bet)



PokerStars Hand #238074628692:  Hold'em No Limit ($0.02/$0.05 USD) - 2022/08/18 15:44:25 PT [2022/08/18 18:44:25 ET]
Table 'Oceax IV' 9-max Seat #6 is the button
Seat 1: Dorex2007 ($5 in chips) 
Seat 4: kodiakrb ($3.09 in chips) 
Seat 5: davegoa ($5 in chips) 
Seat 6: Kallem28 ($4.52 in chips) 
Seat 7: Danil27 ($6.55 in chips) 
Seat 8: metinski_d ($20.35 in chips) 
Seat 9: Tasmalt ($9.87 in chips) 
Danil27: posts small blind $0.02
metinski_d: posts big blind $0.05
NewKidOnTheFlop: sits out 
kodiakrb: posts big blind $0.05
*** HOLE CARDS ***
Dealt to Dorex2007 [4h 7c]
Tasmalt: raises $0.05 to $0.10
Dorex2007: folds 
kodiakrb: calls $0.05
davegoa: calls $0.10
Kallem28: folds 
Danil27: raises $0.55 to $0.65
metinski_d: folds 
Tasmalt: folds 
kodiakrb: calls $0.55
davegoa: folds 
*** FLOP *** [8h Qs 6d]
Danil27: bets $0.80
kodiakrb: raises $1.64 to $2.44 and is all-in
Danil27: calls $1.64
*** TURN *** [8h Qs 6d] [5c]
*** RIVER *** [8h Qs 6d 5c] [3c]
*** SHOW DOWN ***
Danil27: shows [Ac Qc] (a pair of Queens)
kodiakrb: shows [3h Qh] (two pair, Queens and Threes)
kodiakrb collected $6.16 from pot
*** SUMMARY ***
Total pot $6.43 | Rake $0.27 
Board [8h Qs 6d 5c 3c]
Seat 1: Dorex2007 folded before Flop (didn't bet)
Seat 4: kodiakrb showed [3h Qh] and won ($6.16) with two pair, Queens and Threes
Seat 5: davegoa folded before Flop
Seat 6: Kallem28 (button) folded before Flop (didn't bet)
Seat 7: Danil27 (small blind) showed [Ac Qc] and lost with a pair of Queens
Seat 8: metinski_d (big blind) folded before Flop
Seat 9: Tasmalt folded before Flop



PokerStars Hand #238074648712:  Hold'em No Limit ($0.02/$0.05 USD) - 2022/08/18 15:45:30 PT [2022/08/18 18:45:30 ET]
Table 'Oceax IV' 9-max Seat #7 is the button
Seat 1: Dorex2007 ($5 in chips) 
Seat 4: kodiakrb ($6.16 in chips) 
Seat 5: davegoa ($5 in chips) 
Seat 6: Kallem28 ($4.52 in chips) 
Seat 7: Danil27 ($5 in chips) 
Seat 8: metinski_d ($20.30 in chips) 
Seat 9: Tasmalt ($9.77 in chips) 
metinski_d: posts small blind $0.02
Tasmalt: posts big blind $0.05
NewKidOnTheFlop: sits out 
*** HOLE CARDS ***
Dealt to Dorex2007 [8s 3h]
Dorex2007: folds 
kodiakrb: folds 
davegoa: folds 
Kallem28: folds 
Danil27: raises $0.05 to $0.10
metinski_d: calls $0.08
Tasmalt: folds 
*** FLOP *** [Qh Kd 4c]
metinski_d: checks 
Danil27: bets $0.16
metinski_d: calls $0.16
*** TURN *** [Qh Kd 4c] [6c]
metinski_d: checks 
Danil27: checks 
*** RIVER *** [Qh Kd 4c 6c] [5s]
metinski_d: bets $0.40
Danil27: folds 
Uncalled bet ($0.40) returned to metinski_d
metinski_d collected $0.55 from pot
metinski_d: doesn't show hand 
*** SUMMARY ***
Total pot $0.57 | Rake $0.02 
Board [Qh Kd 4c 6c 5s]
Seat 1: Dorex2007 folded before Flop (didn't bet)
Seat 4: kodiakrb folded before Flop (didn't bet)
Seat 5: davegoa folded before Flop (didn't bet)
Seat 6: Kallem28 folded before Flop (didn't bet)
Seat 7: Danil27 (button) folded on the River
Seat 8: metinski_d (small blind) collected ($0.55)
Seat 9: Tasmalt (big blind) folded before Flop



PokerStars Hand #238074672890:  Hold'em No Limit ($0.02/$0.05 USD) - 2022/08/18 15:46:39 PT [2022/08/18 18:46:39 ET]
Table 'Oceax IV' 9-max Seat #8 is the button
Seat 1: Dorex2007 ($5 in chips) 
Seat 4: kodiakrb ($6.16 in chips) 
Seat 5: davegoa ($5 in chips) 
Seat 6: Kallem28 ($4.52 in chips) 
Seat 7: Danil27 ($5 in chips) 
Seat 8: metinski_d ($20.59 in chips) 
Seat 9: Tasmalt ($9.72 in chips) 
Tasmalt: posts small blind $0.02
Dorex2007: posts big blind $0.05
NewKidOnTheFlop: sits out 
Derevtsssova: sits out 
*** HOLE CARDS ***
Dealt to Dorex2007 [4c Kh]
kodiakrb: folds 
davegoa: folds 
Kallem28: raises $0.15 to $0.20
Danil27: folds 
metinski_d: calls $0.20
Tasmalt: folds 
Dorex2007: folds 
*** FLOP *** [9h 7d 8h]
Kallem28: checks 
metinski_d: bets $0.23
Kallem28: calls $0.23
*** TURN *** [9h 7d 8h] [Js]
Kallem28: checks 
metinski_d: checks 
*** RIVER *** [9h 7d 8h Js] [5s]
Kallem28: checks 
metinski_d: bets $0.45
Kallem28: calls $0.45
*** SHOW DOWN ***
metinski_d: shows [Kd Qh] (high card King)
Kallem28: shows [Ac Jc] (a pair of Jacks)
Kallem28 collected $1.75 from pot
*** SUMMARY ***
Total pot $1.83 | Rake $0.08 
Board [9h 7d 8h Js 5s]
Seat 1: Dorex2007 (big blind) folded before Flop
Seat 4: kodiakrb folded before Flop (didn't bet)
Seat 5: davegoa folded before Flop (didn't bet)
Seat 6: Kallem28 showed [Ac Jc] and won ($1.75) with a pair of Jacks
Seat 7: Danil27 folded before Flop (didn't bet)
Seat 8: metinski_d (button) showed [Kd Qh] and lost with high card King
Seat 9: Tasmalt (small blind) folded before Flop



PokerStars Hand #238074683748:  Hold'em No Limit ($0.02/$0.05 USD) - 2022/08/18 15:47:14 PT [2022/08/18 18:47:14 ET]
Table 'Oceax IV' 9-max Seat #9 is the button
Seat 1: Dorex2007 ($5 in chips) 
Seat 2: NewKidOnTheFlop ($5 in chips) 
Seat 4: kodiakrb ($6.16 in chips) 
Seat 5: davegoa ($5 in chips) 
Seat 6: Kallem28 ($5.39 in chips) 
Seat 7: Danil27 ($5 in chips) 
Seat 8: metinski_d ($19.71 in chips) 
Seat 9: Tasmalt ($9.70 in chips) 
Dorex2007: posts small blind $0.02
NewKidOnTheFlop: posts big blind $0.05
Derevtsssova: sits out 
*** HOLE CARDS ***
Dealt to Dorex2007 [9h 6c]
kodiakrb: raises $0.05 to $0.10
davegoa: calls $0.10
Kallem28: calls $0.10
Danil27: raises $0.50 to $0.60
metinski_d: folds 
Tasmalt: folds 
Dorex2007: folds 
NewKidOnTheFlop: folds 
kodiakrb: calls $0.50
davegoa: folds 
Kallem28: folds 
*** FLOP *** [Qc Kh Qs]
kodiakrb: bets $0.70
Danil27: calls $0.70
*** TURN *** [Qc Kh Qs] [4c]
kodiakrb: bets $1.37
Danil27: calls $1.37
*** RIVER *** [Qc Kh Qs 4c] [8h]
kodiakrb: checks 
Danil27: bets $2.33 and is all-in
kodiakrb: calls $2.33
*** SHOW DOWN ***
Danil27: shows [Kd Kc] (a full house, Kings full of Queens)
kodiakrb: shows [Jd Js] (two pair, Queens and Jacks)
Danil27 collected $9.84 from pot
*** SUMMARY ***
Total pot $10.27 | Rake $0.43 
Board [Qc Kh Qs 4c 8h]
Seat 1: Dorex2007 (small blind) folded before Flop
Seat 2: NewKidOnTheFlop (big blind) folded before Flop
Seat 4: kodiakrb showed [Jd Js] and lost with two pair, Queens and Jacks
Seat 5: davegoa folded before Flop
Seat 6: Kallem28 folded before Flop
Seat 7: Danil27 showed [Kd Kc] and won ($9.84) with a full house, Kings full of Queens
Seat 8: metinski_d folded before Flop (didn't bet)
Seat 9: Tasmalt (button) folded before Flop (didn't bet)



PokerStars Hand #238074705564:  Hold'em No Limit ($0.02/$0.05 USD) - 2022/08/18 15:48:25 PT [2022/08/18 18:48:25 ET]
Table 'Oceax IV' 9-max Seat #1 is the button
Seat 1: Dorex2007 ($5 in chips) 
Seat 2: NewKidOnTheFlop ($5 in chips) 
Seat 3: Derevtsssova ($5 in chips) 
Seat 4: kodiakrb ($1.16 in chips) 
Seat 5: davegoa ($5 in chips) 
Seat 6: Kallem28 ($5.29 in chips) 
Seat 7: Danil27 ($9.84 in chips) 
Seat 8: metinski_d ($19.71 in chips) 
Seat 9: Tasmalt ($9.70 in chips) 
NewKidOnTheFlop: posts small blind $0.02
Derevtsssova: posts big blind $0.05
*** HOLE CARDS ***
Dealt to Dorex2007 [Qc Qs]
kodiakrb: folds 
davegoa: folds 
Kallem28: folds 
Danil27: folds 
metinski_d: folds 
Tasmalt: raises $0.05 to $0.10
Dorex2007: raises $0.25 to $0.35
NewKidOnTheFlop: folds 
Derevtsssova: folds 
Tasmalt: calls $0.25
*** FLOP *** [3d Qh As]
Tasmalt: bets $0.37
Dorex2007: calls $0.37
*** TURN *** [3d Qh As] [Tc]
Tasmalt: bets $0.72
Dorex2007: calls $0.72
*** RIVER *** [3d Qh As Tc] [5d]
Tasmalt: bets $1.41
Dorex2007: raises $2.15 to $3.56 and is all-in
Tasmalt: calls $2.15
*** SHOW DOWN ***
Dorex2007: shows [Qc Qs] (three of a kind, Queens)
Tasmalt: shows [Ah Td] (two pair, Aces and Tens)
Dorex2007 collected $9.65 from pot
*** SUMMARY ***
Total pot $10.07 | Rake $0.42 
Board [3d Qh As Tc 5d]
Seat 1: Dorex2007 (button) showed [Qc Qs] and won ($9.65) with three of a kind, Queens
Seat 2: NewKidOnTheFlop (small blind) folded before Flop
Seat 3: Derevtsssova (big blind) folded before Flop
Seat 4: kodiakrb folded before Flop (didn't bet)
Seat 5: davegoa folded before Flop (didn't bet)
Seat 6: Kallem28 folded before Flop (didn't bet)
Seat 7: Danil27 folded before Flop (didn't bet)
Seat 8: metinski_d folded before Flop (didn't bet)
Seat 9: Tasmalt showed [Ah Td] and lost with two pair, Aces and Tens



PokerStars Hand #238074720254:  Hold'em No Limit ($0.02/$0.05 USD) - 2022/08/18 15:49:12 PT [2022/08/18 18:49:12 ET]
Table 'Oceax IV' 9-max Seat #2 is the button
Seat 1: Dorex2007 ($9.65 in chips) 
Seat 2: NewKidOnTheFlop ($5 in chips) 
Seat 3: Derevtsssova ($5 in chips) 
Seat 4: kodiakrb ($1.16 in chips) 
Seat 5: davegoa ($5 in chips) 
Seat 6: Kallem28 ($5.29 in chips) 
Seat 7: Danil27 ($9.84 in chips) 
Seat 8: metinski_d ($19.71 in chips) 
Seat 9: Tasmalt ($4.70 in chips) 
Derevtsssova: posts small blind $0.02
kodiakrb: posts big blind $0.05
*** HOLE CARDS ***
Dealt to Dorex2007 [3d 9d]
davegoa: folds 
davegoa leaves the table
Kallem28: folds 
Danil27: folds 
metinski_d: folds 
wleoni joins the table at seat #5 
Tasmalt: raises $0.05 to $0.10
Dorex2007: folds 
NewKidOnTheFlop: calls $0.10
Derevtsssova: folds 
kodiakrb: calls $0.05
*** FLOP *** [7c Jh 5d]
kodiakrb: checks 
Tasmalt: checks 
NewKidOnTheFlop: bets $0.15
kodiakrb: raises $0.30 to $0.45
Tasmalt: folds 
NewKidOnTheFlop: calls $0.30
*** TURN *** [7c Jh 5d] [7d]
Tasmalt leaves the table
kodiakrb: bets $0.58
NewKidOnTheFlop: raises $0.62 to $1.20
kodiakrb: calls $0.03 and is all-in
Uncalled bet ($0.59) returned to NewKidOnTheFlop
*** RIVER *** [7c Jh 5d 7d] [Kh]
*** SHOW DOWN ***
kodiakrb: shows [Js Td] (two pair, Jacks and Sevens)
NewKidOnTheFlop: shows [Ah 7h] (three of a kind, Sevens)
NewKidOnTheFlop collected $2.32 from pot
*** SUMMARY ***
Total pot $2.44 | Rake $0.12 
Board [7c Jh 5d 7d Kh]
Seat 1: Dorex2007 folded before Flop (didn't bet)
Seat 2: NewKidOnTheFlop (button) showed [Ah 7h] and won ($2.32) with three of a kind, Sevens
Seat 3: Derevtsssova (small blind) folded before Flop
Seat 4: kodiakrb (big blind) showed [Js Td] and lost with two pair, Jacks and Sevens
Seat 5: davegoa folded before Flop (didn't bet)
Seat 6: Kallem28 folded before Flop (didn't bet)
Seat 7: Danil27 folded before Flop (didn't bet)
Seat 8: metinski_d folded before Flop (didn't bet)
Seat 9: Tasmalt folded on the Flop



PokerStars Hand #238074740169:  Hold'em No Limit ($0.02/$0.05 USD) - 2022/08/18 15:50:17 PT [2022/08/18 18:50:17 ET]
Table 'Oceax IV' 9-max Seat #3 is the button
Seat 1: Dorex2007 ($9.65 in chips) 
Seat 2: NewKidOnTheFlop ($6.16 in chips) 
Seat 3: Derevtsssova ($5 in chips) 
Seat 6: Kallem28 ($5.29 in chips) 
Seat 7: Danil27 ($9.84 in chips) 
Seat 8: metinski_d ($19.71 in chips) 
Kallem28: posts small blind $0.02
Danil27: posts big blind $0.05
*** HOLE CARDS ***
Dealt to Dorex2007 [Kc 2c]
metinski_d: folds 
Dorex2007: folds 
NewKidOnTheFlop: folds 
Derevtsssova: folds 
Kallem28: raises $0.10 to $0.15
Ramkha joins the table at seat #9 
Danil27: calls $0.10
*** FLOP *** [7d 8s Kd]
Kallem28: bets $0.16
Danil27: folds 
Uncalled bet ($0.16) returned to Kallem28
Kallem28 collected $0.29 from pot
Kallem28: doesn't show hand 
*** SUMMARY ***
Total pot $0.30 | Rake $0.01 
Board [7d 8s Kd]
Seat 1: Dorex2007 folded before Flop (didn't bet)
Seat 2: NewKidOnTheFlop folded before Flop (didn't bet)
Seat 3: Derevtsssova (button) folded before Flop (didn't bet)
Seat 6: Kallem28 (small blind) collected ($0.29)
Seat 7: Danil27 (big blind) folded on the Flop
Seat 8: metinski_d folded before Flop (didn't bet)



PokerStars Hand #238074746994:  Hold'em No Limit ($0.02/$0.05 USD) - 2022/08/18 15:50:40 PT [2022/08/18 18:50:40 ET]
Table 'Oceax IV' 9-max Seat #6 is the button
Seat 1: Dorex2007 ($9.65 in chips) 
Seat 2: NewKidOnTheFlop ($6.16 in chips) 
Seat 3: Derevtsssova ($5 in chips) 
Seat 4: kodiakrb ($5 in chips) 
Seat 6: Kallem28 ($5.43 in chips) 
Seat 7: Danil27 ($9.69 in chips) 
Seat 8: metinski_d ($19.71 in chips) 
Danil27: posts small blind $0.02
metinski_d: posts big blind $0.05
Ramkha: sits out 
kodiakrb: posts small blind $0.02
wleoni: sits out 
*** HOLE CARDS ***
Dealt to Dorex2007 [2h 3c]
Dorex2007: folds 
NewKidOnTheFlop: folds 
Derevtsssova: folds 
kodiakrb: folds 
Kallem28: folds 
Danil27: raises $0.07 to $0.12
metinski_d: folds 
Uncalled bet ($0.07) returned to Danil27
Danil27 collected $0.12 from pot
Danil27: doesn't show hand 
*** SUMMARY ***
Total pot $0.12 | Rake $0 
Seat 1: Dorex2007 folded before Flop (didn't bet)
Seat 2: NewKidOnTheFlop folded before Flop (didn't bet)
Seat 3: Derevtsssova folded before Flop (didn't bet)
Seat 4: kodiakrb folded before Flop (didn't bet)
Seat 6: Kallem28 (button) folded before Flop (didn't bet)
Seat 7: Danil27 (small blind) collected ($0.12)
Seat 8: metinski_d (big blind) folded before Flop



PokerStars Hand #238074754033:  Hold'em No Limit ($0.02/$0.05 USD) - 2022/08/18 15:51:03 PT [2022/08/18 18:51:03 ET]
Table 'Oceax IV' 9-max Seat #7 is the button
Seat 1: Dorex2007 ($9.65 in chips) 
Seat 2: NewKidOnTheFlop ($6.16 in chips) 
Seat 3: Derevtsssova ($5 in chips) 
Seat 4: kodiakrb ($4.98 in chips) 
Seat 6: Kallem28 ($5.43 in chips) 
Seat 7: Danil27 ($9.76 in chips) 
Seat 8: metinski_d ($19.66 in chips) 
Seat 9: Ramkha ($5 in chips) 
metinski_d: posts small blind $0.02
Ramkha: posts big blind $0.05
wleoni: sits out 
*** HOLE CARDS ***
Dealt to Dorex2007 [Ts Ad]
Dorex2007: folds 
NewKidOnTheFlop: folds 
Derevtsssova: folds 
kodiakrb: folds 
Kallem28: folds 
Danil27: raises $0.05 to $0.10
metinski_d: calls $0.08
Ramkha: folds 
*** FLOP *** [As Jd 8s]
metinski_d: checks 
Danil27: bets $0.16
metinski_d: folds 
Uncalled bet ($0.16) returned to Danil27
Danil27 collected $0.24 from pot
Danil27: doesn't show hand 
*** SUMMARY ***
Total pot $0.25 | Rake $0.01 
Board [As Jd 8s]
Seat 1: Dorex2007 folded before Flop (didn't bet)
Seat 2: NewKidOnTheFlop folded before Flop (didn't bet)
Seat 3: Derevtsssova folded before Flop (didn't bet)
Seat 4: kodiakrb folded before Flop (didn't bet)
Seat 6: Kallem28 folded before Flop (didn't bet)
Seat 7: Danil27 (button) collected ($0.24)
Seat 8: metinski_d (small blind) folded on the Flop
Seat 9: Ramkha (big blind) folded before Flop



PokerStars Hand #238074765558:  Hold'em No Limit ($0.02/$0.05 USD) - 2022/08/18 15:51:40 PT [2022/08/18 18:51:40 ET]
Table 'Oceax IV' 9-max Seat #8 is the button
Seat 1: Dorex2007 ($9.65 in chips) 
Seat 2: NewKidOnTheFlop ($6.16 in chips) 
Seat 3: Derevtsssova ($5 in chips) 
Seat 4: kodiakrb ($4.98 in chips) 
Seat 6: Kallem28 ($5.43 in chips) 
Seat 7: Danil27 ($9.90 in chips) 
Seat 8: metinski_d ($19.56 in chips) 
Seat 9: Ramkha ($5 in chips) 
Ramkha: posts small blind $0.02
Dorex2007: posts big blind $0.05
wleoni: sits out 
*** HOLE CARDS ***
Dealt to Dorex2007 [4d 6c]
NewKidOnTheFlop: folds 
Derevtsssova: folds 
kodiakrb: calls $0.05
Kallem28: folds 
Danil27: calls $0.05
metinski_d: folds 
Ramkha: folds 
Dorex2007: checks 
*** FLOP *** [2c Kh 3s]
Dorex2007: checks 
kodiakrb: bets $0.08
Danil27: folds 
Dorex2007: calls $0.08
*** TURN *** [2c Kh 3s] [3d]
Dorex2007: checks 
kodiakrb: checks 
*** RIVER *** [2c Kh 3s 3d] [9d]
Dorex2007: bets $0.21
kodiakrb: calls $0.21
*** SHOW DOWN ***
Dorex2007: shows [4d 6c] (a pair of Threes)
kodiakrb: shows [Ac Js] (a pair of Threes - Ace kicker)
kodiakrb collected $0.72 from pot
*** SUMMARY ***
Total pot $0.75 | Rake $0.03 
Board [2c Kh 3s 3d 9d]
Seat 1: Dorex2007 (big blind) showed [4d 6c] and lost with a pair of Threes
Seat 2: NewKidOnTheFlop folded before Flop (didn't bet)
Seat 3: Derevtsssova folded before Flop (didn't bet)
Seat 4: kodiakrb showed [Ac Js] and won ($0.72) with a pair of Threes
Seat 6: Kallem28 folded before Flop (didn't bet)
Seat 7: Danil27 folded on the Flop
Seat 8: metinski_d (button) folded before Flop (didn't bet)
Seat 9: Ramkha (small blind) folded before Flop



PokerStars Hand #238074781126:  Hold'em No Limit ($0.02/$0.05 USD) - 2022/08/18 15:52:31 PT [2022/08/18 18:52:31 ET]
Table 'Oceax IV' 9-max Seat #9 is the button
Seat 1: Dorex2007 ($9.31 in chips) 
Seat 3: Derevtsssova ($5 in chips) 
Seat 4: kodiakrb ($5.36 in chips) 
Seat 6: Kallem28 ($5.43 in chips) 
Seat 7: Danil27 ($9.85 in chips) 
Seat 8: metinski_d ($19.56 in chips) 
Seat 9: Ramkha ($5 in chips) 
Dorex2007: posts small blind $0.02
NewKidOnTheFlop: is sitting out 
Derevtsssova: posts big blind $0.05
wleoni: sits out 
*** HOLE CARDS ***
Dealt to Dorex2007 [2d 6d]
kodiakrb: raises $0.05 to $0.10
Kallem28: folds 
Danil27: folds 
metinski_d: folds 
Ramkha: calls $0.10
Dorex2007: folds 
Derevtsssova: folds 
*** FLOP *** [3s Jd Qd]
kodiakrb: checks 
Ramkha: bets $0.08
kodiakrb: calls $0.08
*** TURN *** [3s Jd Qd] [Qh]
kodiakrb: checks 
Ramkha: checks 
*** RIVER *** [3s Jd Qd Qh] [8d]
kodiakrb: checks 
Ramkha: checks 
*** SHOW DOWN ***
kodiakrb: shows [8s Ac] (two pair, Queens and Eights)
Ramkha: mucks hand 
kodiakrb collected $0.41 from pot
*** SUMMARY ***
Total pot $0.43 | Rake $0.02 
Board [3s Jd Qd Qh 8d]
Seat 1: Dorex2007 (small blind) folded before Flop
Seat 3: Derevtsssova (big blind) folded before Flop
Seat 4: kodiakrb showed [8s Ac] and won ($0.41) with two pair, Queens and Eights
Seat 6: Kallem28 folded before Flop (didn't bet)
Seat 7: Danil27 folded before Flop (didn't bet)
Seat 8: metinski_d folded before Flop (didn't bet)
Seat 9: Ramkha (button) mucked [7s 7d]



PokerStars Hand #238074795502:  Hold'em No Limit ($0.02/$0.05 USD) - 2022/08/18 15:53:19 PT [2022/08/18 18:53:19 ET]
Table 'Oceax IV' 9-max Seat #1 is the button
Seat 1: Dorex2007 ($9.29 in chips) 
Seat 3: Derevtsssova ($5 in chips) 
Seat 4: kodiakrb ($5.59 in chips) 
Seat 6: Kallem28 ($5.43 in chips) 
Seat 7: Danil27 ($9.85 in chips) 
Seat 8: metinski_d ($19.56 in chips) 
Seat 9: Ramkha ($5 in chips) 
Derevtsssova: posts small blind $0.02
kodiakrb: posts big blind $0.05
wleoni: sits out 
*** HOLE CARDS ***
Dealt to Dorex2007 [3h 9s]
Kallem28: folds 
Danil27: folds 
metinski_d: folds 
Ramkha: folds 
Dorex2007: folds 
Derevtsssova: folds 
Uncalled bet ($0.03) returned to kodiakrb
kodiakrb collected $0.04 from pot
*** SUMMARY ***
Total pot $0.04 | Rake $0 
Seat 1: Dorex2007 (button) folded before Flop (didn't bet)
Seat 3: Derevtsssova (small blind) folded before Flop
Seat 4: kodiakrb (big blind) collected ($0.04)
Seat 6: Kallem28 folded before Flop (didn't bet)
Seat 7: Danil27 folded before Flop (didn't bet)
Seat 8: metinski_d folded before Flop (didn't bet)
Seat 9: Ramkha folded before Flop (didn't bet)



PokerStars Hand #238074801549:  Hold'em No Limit ($0.02/$0.05 USD) - 2022/08/18 15:53:39 PT [2022/08/18 18:53:39 ET]
Table 'Oceax IV' 9-max Seat #3 is the button
Seat 1: Dorex2007 ($9.29 in chips) 
Seat 3: Derevtsssova ($5 in chips) 
Seat 4: kodiakrb ($5.61 in chips) 
Seat 5: wleoni ($2 in chips) 
Seat 6: Kallem28 ($5.43 in chips) 
Seat 7: Danil27 ($9.85 in chips) 
Seat 8: metinski_d ($19.56 in chips) 
Seat 9: Ramkha ($5 in chips) 
kodiakrb: posts small blind $0.02
wleoni: posts big blind $0.05
*** HOLE CARDS ***
Dealt to Dorex2007 [Jc 6s]
Kallem28: raises $0.15 to $0.20
Danil27: folds 
metinski_d: folds 
Ramkha: folds 
Dorex2007: folds 
Derevtsssova: calls $0.20
kodiakrb: folds 
wleoni: folds 
*** FLOP *** [Jd 5d As]
Kallem28: bets $0.15
Derevtsssova: calls $0.15
*** TURN *** [Jd 5d As] [9d]
Kallem28: bets $0.24
Derevtsssova: folds 
Uncalled bet ($0.24) returned to Kallem28
Kallem28 collected $0.74 from pot
Kallem28: doesn't show hand 
*** SUMMARY ***
Total pot $0.77 | Rake $0.03 
Board [Jd 5d As 9d]
Seat 1: Dorex2007 folded before Flop (didn't bet)
Seat 3: Derevtsssova (button) folded on the Turn
Seat 4: kodiakrb (small blind) folded before Flop
Seat 5: wleoni (big blind) folded before Flop
Seat 6: Kallem28 collected ($0.74)
Seat 7: Danil27 folded before Flop (didn't bet)
Seat 8: metinski_d folded before Flop (didn't bet)
Seat 9: Ramkha folded before Flop (didn't bet)



PokerStars Hand #238074811354:  Hold'em No Limit ($0.02/$0.05 USD) - 2022/08/18 15:54:12 PT [2022/08/18 18:54:12 ET]
Table 'Oceax IV' 9-max Seat #4 is the button
Seat 1: Dorex2007 ($9.29 in chips) 
Seat 3: Derevtsssova ($5 in chips) 
Seat 4: kodiakrb ($5.59 in chips) 
Seat 5: wleoni ($1.95 in chips) 
Seat 6: Kallem28 ($5.82 in chips) 
Seat 7: Danil27 ($9.85 in chips) 
Seat 8: metinski_d ($19.56 in chips) 
Seat 9: Ramkha ($5 in chips) 
wleoni: posts small blind $0.02
Kallem28: posts big blind $0.05
*** HOLE CARDS ***
Dealt to Dorex2007 [Jd 9h]
Danil27: raises $0.12 to $0.17
metinski_d: calls $0.17
Ramkha: folds 
Dorex2007: folds 
Derevtsssova: calls $0.17
kodiakrb: folds 
wleoni: folds 
Kallem28: folds 
*** FLOP *** [Jc Qd 9d]
Danil27: checks 
metinski_d: bets $0.28
Derevtsssova: raises $0.77 to $1.05
Danil27: calls $1.05
metinski_d: folds 
*** TURN *** [Jc Qd 9d] [9s]
Danil27: checks 
Derevtsssova: bets $3.35
Danil27: folds 
Uncalled bet ($3.35) returned to Derevtsssova
Derevtsssova collected $2.84 from pot
Derevtsssova: doesn't show hand 
*** SUMMARY ***
Total pot $2.96 | Rake $0.12 
Board [Jc Qd 9d 9s]
Seat 1: Dorex2007 folded before Flop (didn't bet)
Seat 3: Derevtsssova collected ($2.84)
Seat 4: kodiakrb (button) folded before Flop (didn't bet)
Seat 5: wleoni (small blind) folded before Flop
Seat 6: Kallem28 (big blind) folded before Flop
Seat 7: Danil27 folded on the Turn
Seat 8: metinski_d folded on the Flop
Seat 9: Ramkha folded before Flop (didn't bet)



PokerStars Hand #238074831752:  Hold'em No Limit ($0.02/$0.05 USD) - 2022/08/18 15:55:23 PT [2022/08/18 18:55:23 ET]
Table 'Oceax IV' 9-max Seat #5 is the button
Seat 1: Dorex2007 ($9.29 in chips) 
Seat 3: Derevtsssova ($6.62 in chips) 
Seat 4: kodiakrb ($5.59 in chips) 
Seat 5: wleoni ($1.93 in chips) 
Seat 6: Kallem28 ($5.77 in chips) 
Seat 7: Danil27 ($8.63 in chips) 
Seat 8: metinski_d ($19.11 in chips) 
Seat 9: Ramkha ($5 in chips) 
Kallem28: posts small blind $0.02
Danil27: posts big blind $0.05
*** HOLE CARDS ***
Dealt to Dorex2007 [4s 2s]
metinski_d: folds 
Ramkha: folds 
Dorex2007: folds 
Derevtsssova: folds 
kodiakrb: raises $0.10 to $0.15
wleoni: folds 
Kallem28: folds 
Danil27: folds 
Uncalled bet ($0.10) returned to kodiakrb
kodiakrb collected $0.12 from pot
*** SUMMARY ***
Total pot $0.12 | Rake $0 
Seat 1: Dorex2007 folded before Flop (didn't bet)
Seat 3: Derevtsssova folded before Flop (didn't bet)
Seat 4: kodiakrb collected ($0.12)
Seat 5: wleoni (button) folded before Flop (didn't bet)
Seat 6: Kallem28 (small blind) folded before Flop
Seat 7: Danil27 (big blind) folded before Flop
Seat 8: metinski_d folded before Flop (didn't bet)
Seat 9: Ramkha folded before Flop (didn't bet)



PokerStars Hand #238074835916:  Hold'em No Limit ($0.02/$0.05 USD) - 2022/08/18 15:55:40 PT [2022/08/18 18:55:40 ET]
Table 'Oceax IV' 9-max Seat #6 is the button
Seat 1: Dorex2007 ($9.29 in chips) 
Seat 3: Derevtsssova ($6.62 in chips) 
Seat 4: kodiakrb ($5.66 in chips) 
Seat 5: wleoni ($1.93 in chips) 
Seat 6: Kallem28 ($5.75 in chips) 
Seat 7: Danil27 ($8.58 in chips) 
Seat 8: metinski_d ($19.11 in chips) 
Seat 9: Ramkha ($5 in chips) 
Danil27: posts small blind $0.02
metinski_d: posts big blind $0.05
*** HOLE CARDS ***
Dealt to Dorex2007 [Qh 7h]
Ramkha: raises $0.07 to $0.12
Dorex2007: folds 
Derevtsssova: folds 
kodiakrb: folds 
wleoni: folds 
Kallem28: folds 
Danil27: folds 
metinski_d: folds 
Uncalled bet ($0.07) returned to Ramkha
Ramkha collected $0.12 from pot
Ramkha: doesn't show hand 
*** SUMMARY ***
Total pot $0.12 | Rake $0 
Seat 1: Dorex2007 folded before Flop (didn't bet)
Seat 3: Derevtsssova folded before Flop (didn't bet)
Seat 4: kodiakrb folded before Flop (didn't bet)
Seat 5: wleoni folded before Flop (didn't bet)
Seat 6: Kallem28 (button) folded before Flop (didn't bet)
Seat 7: Danil27 (small blind) folded before Flop
Seat 8: metinski_d (big blind) folded before Flop
Seat 9: Ramkha collected ($0.12)



PokerStars Hand #238074840802:  Hold'em No Limit ($0.02/$0.05 USD) - 2022/08/18 15:56:00 PT [2022/08/18 18:56:00 ET]
Table 'Oceax IV' 9-max Seat #7 is the button
Seat 1: Dorex2007 ($9.29 in chips) 
Seat 3: Derevtsssova ($6.62 in chips) 
Seat 4: kodiakrb ($5.66 in chips) 
Seat 5: wleoni ($1.93 in chips) 
Seat 6: Kallem28 ($5.75 in chips) 
Seat 7: Danil27 ($8.56 in chips) 
Seat 8: metinski_d ($19.06 in chips) 
Seat 9: Ramkha ($5.07 in chips) 
metinski_d: posts small blind $0.02
Ramkha: posts big blind $0.05
*** HOLE CARDS ***
Dealt to Dorex2007 [3s 6h]
Dorex2007: folds 
Derevtsssova: folds 
kodiakrb: folds 
wleoni: folds 
Kallem28: folds 
Danil27: raises $0.05 to $0.10
metinski_d: folds 
Ramkha: folds 
Uncalled bet ($0.05) returned to Danil27
Danil27 collected $0.12 from pot
Danil27: doesn't show hand 
*** SUMMARY ***
Total pot $0.12 | Rake $0 
Seat 1: Dorex2007 folded before Flop (didn't bet)
Seat 3: Derevtsssova folded before Flop (didn't bet)
Seat 4: kodiakrb folded before Flop (didn't bet)
Seat 5: wleoni folded before Flop (didn't bet)
Seat 6: Kallem28 folded before Flop (didn't bet)
Seat 7: Danil27 (button) collected ($0.12)
Seat 8: metinski_d (small blind) folded before Flop
Seat 9: Ramkha (big blind) folded before Flop



PokerStars Hand #238074846027:  Hold'em No Limit ($0.02/$0.05 USD) - 2022/08/18 15:56:21 PT [2022/08/18 18:56:21 ET]
Table 'Oceax IV' 9-max Seat #8 is the button
Seat 1: Dorex2007 ($9.29 in chips) 
Seat 3: Derevtsssova ($6.62 in chips) 
Seat 4: kodiakrb ($5.66 in chips) 
Seat 5: wleoni ($1.93 in chips) 
Seat 6: Kallem28 ($5.75 in chips) 
Seat 7: Danil27 ($8.63 in chips) 
Seat 8: metinski_d ($19.04 in chips) 
Seat 9: Ramkha ($5.02 in chips) 
Ramkha: posts small blind $0.02
Dorex2007: posts big blind $0.05
*** HOLE CARDS ***
Dealt to Dorex2007 [Qd 3c]
Derevtsssova: raises $0.10 to $0.15
kodiakrb: calls $0.15
wleoni: folds 
Kallem28: folds 
Danil27: folds 
metinski_d: folds 
Ramkha: folds 
Dorex2007: folds 
*** FLOP *** [Ts Ac 4c]
Derevtsssova: bets $0.12
kodiakrb: calls $0.12
*** TURN *** [Ts Ac 4c] [8h]
Derevtsssova: bets $0.44
kodiakrb: raises $0.69 to $1.13
Derevtsssova: calls $0.69
*** RIVER *** [Ts Ac 4c 8h] [6d]
Derevtsssova: checks 
kodiakrb: bets $1.52
Derevtsssova: folds 
Uncalled bet ($1.52) returned to kodiakrb
kodiakrb collected $2.75 from pot
*** SUMMARY ***
Total pot $2.87 | Rake $0.12 
Board [Ts Ac 4c 8h 6d]
Seat 1: Dorex2007 (big blind) folded before Flop
Seat 3: Derevtsssova folded on the River
Seat 4: kodiakrb collected ($2.75)
Seat 5: wleoni folded before Flop (didn't bet)
Seat 6: Kallem28 folded before Flop (didn't bet)
Seat 7: Danil27 folded before Flop (didn't bet)
Seat 8: metinski_d (button) folded before Flop (didn't bet)
Seat 9: Ramkha (small blind) folded before Flop



PokerStars Hand #238074865609:  Hold'em No Limit ($0.02/$0.05 USD) - 2022/08/18 15:57:41 PT [2022/08/18 18:57:41 ET]
Table 'Oceax IV' 9-max Seat #9 is the button
Seat 1: Dorex2007 ($9.24 in chips) 
Seat 3: Derevtsssova ($5.22 in chips) 
Seat 4: kodiakrb ($7.01 in chips) 
Seat 5: wleoni ($1.93 in chips) 
Seat 6: Kallem28 ($5.75 in chips) 
Seat 7: Danil27 ($8.63 in chips) 
Seat 8: metinski_d ($19.04 in chips) 
Seat 9: Ramkha ($5 in chips) 
Dorex2007: posts small blind $0.02
Derevtsssova: posts big blind $0.05
*** HOLE CARDS ***
Dealt to Dorex2007 [2d 7h]
kodiakrb: calls $0.05
wleoni: raises $0.10 to $0.15
Kallem28: folds 
Danil27: calls $0.15
metinski_d: folds 
Ramkha: folds 
Dorex2007: folds 
Derevtsssova: calls $0.10
kodiakrb: calls $0.10
*** FLOP *** [Qc 6d 3c]
Derevtsssova: checks 
kodiakrb: checks 
wleoni: bets $0.20
Danil27: calls $0.20
Derevtsssova: folds 
kodiakrb: raises $0.45 to $0.65
wleoni: calls $0.45
Danil27: folds 
*** TURN *** [Qc 6d 3c] [9d]
kodiakrb: bets $1.25
wleoni: calls $1.13 and is all-in
Uncalled bet ($0.12) returned to kodiakrb
*** RIVER *** [Qc 6d 3c 9d] [6s]
*** SHOW DOWN ***
kodiakrb: shows [Qd 9c] (two pair, Queens and Nines)
wleoni: shows [Qs Jd] (two pair, Queens and Sixes)
kodiakrb collected $4.20 from pot
wleoni cashed out the hand for $0.28
*** SUMMARY ***
Total pot $4.38 | Rake $0.18 
Board [Qc 6d 3c 9d 6s]
Seat 1: Dorex2007 (small blind) folded before Flop
Seat 3: Derevtsssova (big blind) folded on the Flop
Seat 4: kodiakrb showed [Qd 9c] and won ($4.20) with two pair, Queens and Nines
Seat 5: wleoni showed [Qs Jd] and lost with two pair, Queens and Sixes (cashed out).
Seat 6: Kallem28 folded before Flop (didn't bet)
Seat 7: Danil27 folded on the Flop
Seat 8: metinski_d folded before Flop (didn't bet)
Seat 9: Ramkha (button) folded before Flop (didn't bet)



PokerStars Hand #238074886180:  Hold'em No Limit ($0.02/$0.05 USD) - 2022/08/18 15:59:05 PT [2022/08/18 18:59:05 ET]
Table 'Oceax IV' 9-max Seat #1 is the button
Seat 1: Dorex2007 ($9.22 in chips) 
Seat 3: Derevtsssova ($5.07 in chips) 
Seat 4: kodiakrb ($9.28 in chips) 
Seat 5: wleoni ($0.28 in chips) 
Seat 6: Kallem28 ($5.75 in chips) 
Seat 7: Danil27 ($8.28 in chips) 
Seat 8: metinski_d ($19.04 in chips) 
Seat 9: Ramkha ($5 in chips) 
Derevtsssova: posts small blind $0.02
kodiakrb: posts big blind $0.05
*** HOLE CARDS ***
Dealt to Dorex2007 [7s 6c]
wleoni: folds 
Kallem28: folds 
Danil27: folds 
metinski_d: folds 
Ramkha: folds 
Dorex2007: folds 
Derevtsssova: folds 
Uncalled bet ($0.03) returned to kodiakrb
kodiakrb collected $0.04 from pot
*** SUMMARY ***
Total pot $0.04 | Rake $0 
Seat 1: Dorex2007 (button) folded before Flop (didn't bet)
Seat 3: Derevtsssova (small blind) folded before Flop
Seat 4: kodiakrb (big blind) collected ($0.04)
Seat 5: wleoni folded before Flop (didn't bet)
Seat 6: Kallem28 folded before Flop (didn't bet)
Seat 7: Danil27 folded before Flop (didn't bet)
Seat 8: metinski_d folded before Flop (didn't bet)
Seat 9: Ramkha folded before Flop (didn't bet)



PokerStars Hand #238074890203:  Hold'em No Limit ($0.02/$0.05 USD) - 2022/08/18 15:59:22 PT [2022/08/18 18:59:22 ET]
Table 'Oceax IV' 9-max Seat #3 is the button
Seat 1: Dorex2007 ($9.22 in chips) 
Seat 3: Derevtsssova ($5.05 in chips) 
Seat 4: kodiakrb ($9.30 in chips) 
Seat 5: wleoni ($0.28 in chips) 
Seat 6: Kallem28 ($5.75 in chips) 
Seat 7: Danil27 ($8.28 in chips) 
Seat 8: metinski_d ($19.04 in chips) 
Seat 9: Ramkha ($5 in chips) 
kodiakrb: posts small blind $0.02
wleoni: posts big blind $0.05
NewKidOnTheFlop: sits out 
*** HOLE CARDS ***
Dealt to Dorex2007 [Ts 7h]
Kallem28: folds 
Danil27: folds 
metinski_d: folds 
Ramkha: folds 
Dorex2007: folds 
Derevtsssova: folds 
kodiakrb: raises $0.20 to $0.25
wleoni: folds 
Uncalled bet ($0.20) returned to kodiakrb
kodiakrb collected $0.10 from pot
*** SUMMARY ***
Total pot $0.10 | Rake $0 
Seat 1: Dorex2007 folded before Flop (didn't bet)
Seat 3: Derevtsssova (button) folded before Flop (didn't bet)
Seat 4: kodiakrb (small blind) collected ($0.10)
Seat 5: wleoni (big blind) folded before Flop
Seat 6: Kallem28 folded before Flop (didn't bet)
Seat 7: Danil27 folded before Flop (didn't bet)
Seat 8: metinski_d folded before Flop (didn't bet)
Seat 9: Ramkha folded before Flop (didn't bet)



PokerStars Hand #238074895393:  Hold'em No Limit ($0.02/$0.05 USD) - 2022/08/18 15:59:43 PT [2022/08/18 18:59:43 ET]
Table 'Oceax IV' 9-max Seat #4 is the button
Seat 1: Dorex2007 ($9.22 in chips) 
Seat 3: Derevtsssova ($5.05 in chips) 
Seat 4: kodiakrb ($9.35 in chips) 
Seat 5: wleoni ($0.23 in chips) 
Seat 6: Kallem28 ($5.75 in chips) 
Seat 7: Danil27 ($8.28 in chips) 
Seat 8: metinski_d ($19.04 in chips) 
Seat 9: Ramkha ($5 in chips) 
wleoni: posts small blind $0.02
Kallem28: posts big blind $0.05
NewKidOnTheFlop: sits out 
*** HOLE CARDS ***
Dealt to Dorex2007 [4c 9s]
Danil27: folds 
metinski_d: folds 
Ramkha: folds 
Dorex2007: folds 
Derevtsssova: raises $0.10 to $0.15
kodiakrb: calls $0.15
wleoni: raises $0.08 to $0.23 and is all-in
Kallem28: folds 
Derevtsssova: calls $0.08
kodiakrb: calls $0.08
*** FLOP *** [9h 6s 4h]
Derevtsssova: checks 
kodiakrb: checks 
*** TURN *** [9h 6s 4h] [Ks]
Derevtsssova: checks 
kodiakrb: checks 
*** RIVER *** [9h 6s 4h Ks] [Ad]
Derevtsssova: checks 
kodiakrb: checks 
*** SHOW DOWN ***
wleoni: shows [8c Ah] (a pair of Aces)
Derevtsssova: mucks hand 
kodiakrb: shows [8h Ac] (a pair of Aces)
wleoni collected $0.36 from pot
kodiakrb collected $0.35 from pot
*** SUMMARY ***
Total pot $0.74 | Rake $0.03 
Board [9h 6s 4h Ks Ad]
Seat 1: Dorex2007 folded before Flop (didn't bet)
Seat 3: Derevtsssova mucked [Jc Qh]
Seat 4: kodiakrb (button) showed [8h Ac] and won ($0.35) with a pair of Aces
Seat 5: wleoni (small blind) showed [8c Ah] and won ($0.36) with a pair of Aces
Seat 6: Kallem28 (big blind) folded before Flop
Seat 7: Danil27 folded before Flop (didn't bet)
Seat 8: metinski_d folded before Flop (didn't bet)
Seat 9: Ramkha folded before Flop (didn't bet)



PokerStars Hand #238074905976:  Hold'em No Limit ($0.02/$0.05 USD) - 2022/08/18 16:00:25 PT [2022/08/18 19:00:25 ET]
Table 'Oceax IV' 9-max Seat #5 is the button
Seat 1: Dorex2007 ($9.22 in chips) 
Seat 3: Derevtsssova ($5 in chips) 
Seat 4: kodiakrb ($9.47 in chips) 
Seat 5: wleoni ($0.36 in chips) 
Seat 6: Kallem28 ($5.70 in chips) 
Seat 7: Danil27 ($8.28 in chips) 
Seat 8: metinski_d ($19.04 in chips) 
Seat 9: Ramkha ($5 in chips) 
Kallem28: posts small blind $0.02
Danil27: posts big blind $0.05
NewKidOnTheFlop: sits out 
*** HOLE CARDS ***
Dealt to Dorex2007 [6s 9s]
metinski_d: folds 
Ramkha: folds 
Dorex2007: folds 
Derevtsssova: raises $0.10 to $0.15
kodiakrb: folds 
wleoni: folds 
Kallem28: folds 
Danil27: folds 
Uncalled bet ($0.10) returned to Derevtsssova
Derevtsssova collected $0.12 from pot
Derevtsssova: doesn't show hand 
*** SUMMARY ***
Total pot $0.12 | Rake $0 
Seat 1: Dorex2007 folded before Flop (didn't bet)
Seat 3: Derevtsssova collected ($0.12)
Seat 4: kodiakrb folded before Flop (didn't bet)
Seat 5: wleoni (button) folded before Flop (didn't bet)
Seat 6: Kallem28 (small blind) folded before Flop
Seat 7: Danil27 (big blind) folded before Flop
Seat 8: metinski_d folded before Flop (didn't bet)
Seat 9: Ramkha folded before Flop (didn't bet)



PokerStars Hand #238074921181:  Hold'em No Limit ($0.02/$0.05 USD) - 2022/08/18 16:00:46 PT [2022/08/18 19:00:46 ET]
Table 'Oceax IV' 9-max Seat #6 is the button
Seat 1: Dorex2007 ($9.22 in chips) 
Seat 3: Derevtsssova ($5.07 in chips) 
Seat 4: kodiakrb ($9.47 in chips) 
Seat 5: wleoni ($0.36 in chips) 
Seat 6: Kallem28 ($5.68 in chips) 
Seat 7: Danil27 ($8.23 in chips) 
Seat 9: Ramkha ($5 in chips) 
Danil27: posts small blind $0.02
metinski_d: is sitting out 
Ramkha: posts big blind $0.05
NewKidOnTheFlop: sits out 
*** HOLE CARDS ***
Dealt to Dorex2007 [7h Ac]
Dorex2007: folds 
Derevtsssova: folds 
kodiakrb: folds 
wleoni: raises $0.31 to $0.36 and is all-in
Kallem28: folds 
Danil27: raises $0.31 to $0.67
Ramkha: folds 
Uncalled bet ($0.31) returned to Danil27
*** FLOP *** [Tc 4h 9s]
*** TURN *** [Tc 4h 9s] [8d]
*** RIVER *** [Tc 4h 9s 8d] [2h]
*** SHOW DOWN ***
Danil27: shows [As Jd] (high card Ace)
wleoni: shows [Kc 6d] (high card King)
Danil27 collected $0.74 from pot
*** SUMMARY ***
Total pot $0.77 | Rake $0.03 
Board [Tc 4h 9s 8d 2h]
Seat 1: Dorex2007 folded before Flop (didn't bet)
Seat 3: Derevtsssova folded before Flop (didn't bet)
Seat 4: kodiakrb folded before Flop (didn't bet)
Seat 5: wleoni showed [Kc 6d] and lost with high card King
Seat 6: Kallem28 (button) folded before Flop (didn't bet)
Seat 7: Danil27 (small blind) showed [As Jd] and won ($0.74) with high card Ace
Seat 9: Ramkha (big blind) folded before Flop



PokerStars Hand #238074929244:  Hold'em No Limit ($0.02/$0.05 USD) - 2022/08/18 16:01:14 PT [2022/08/18 19:01:14 ET]
Table 'Oceax IV' 9-max Seat #7 is the button
Seat 1: Dorex2007 ($9.22 in chips) 
Seat 3: Derevtsssova ($5.07 in chips) 
Seat 4: kodiakrb ($9.47 in chips) 
Seat 6: Kallem28 ($5.68 in chips) 
Seat 7: Danil27 ($8.61 in chips) 
Seat 9: Ramkha ($5 in chips) 
Ramkha: posts small blind $0.02
Dorex2007: posts big blind $0.05
NewKidOnTheFlop: sits out 
*** HOLE CARDS ***
Dealt to Dorex2007 [4s 5d]
Derevtsssova: folds 
kodiakrb: folds 
Kallem28: folds 
Danil27: folds 
Ramkha: raises $0.10 to $0.15
Dorex2007: folds 
Uncalled bet ($0.10) returned to Ramkha
Ramkha collected $0.10 from pot
Ramkha: doesn't show hand 
*** SUMMARY ***
Total pot $0.10 | Rake $0 
Seat 1: Dorex2007 (big blind) folded before Flop
Seat 3: Derevtsssova folded before Flop (didn't bet)
Seat 4: kodiakrb folded before Flop (didn't bet)
Seat 6: Kallem28 folded before Flop (didn't bet)
Seat 7: Danil27 (button) folded before Flop (didn't bet)
Seat 9: Ramkha (small blind) collected ($0.10)



PokerStars Hand #238074934001:  Hold'em No Limit ($0.02/$0.05 USD) - 2022/08/18 16:01:31 PT [2022/08/18 19:01:31 ET]
Table 'Oceax IV' 9-max Seat #9 is the button
Seat 1: Dorex2007 ($9.17 in chips) 
Seat 2: NewKidOnTheFlop ($6.16 in chips) 
Seat 3: Derevtsssova ($5.07 in chips) 
Seat 4: kodiakrb ($9.47 in chips) 
Seat 5: wleoni ($2 in chips) 
Seat 6: Kallem28 ($5.68 in chips) 
Seat 7: Danil27 ($8.61 in chips) 
Seat 8: metinski_d ($19.04 in chips) 
Seat 9: Ramkha ($5.05 in chips) 
Dorex2007: posts small blind $0.02
NewKidOnTheFlop: posts big blind $0.05
metinski_d: posts small & big blinds $0.07
*** HOLE CARDS ***
Dealt to Dorex2007 [Qh 2h]
Derevtsssova: folds 
kodiakrb has timed out
kodiakrb: folds 
wleoni: folds 
Kallem28: folds 
Danil27: folds 
metinski_d: checks 
Ramkha: folds 
Dorex2007: folds 
NewKidOnTheFlop: checks 
*** FLOP *** [7c Ts Qc]
NewKidOnTheFlop: checks 
metinski_d: checks 
*** TURN *** [7c Ts Qc] [4h]
NewKidOnTheFlop: checks 
metinski_d: checks 
*** RIVER *** [7c Ts Qc 4h] [9h]
NewKidOnTheFlop: bets $0.10
metinski_d: folds 
Uncalled bet ($0.10) returned to NewKidOnTheFlop
NewKidOnTheFlop collected $0.13 from pot
NewKidOnTheFlop: doesn't show hand 
*** SUMMARY ***
Total pot $0.14 | Rake $0.01 
Board [7c Ts Qc 4h 9h]
Seat 1: Dorex2007 (small blind) folded before Flop
Seat 2: NewKidOnTheFlop (big blind) collected ($0.13)
Seat 3: Derevtsssova folded before Flop (didn't bet)
Seat 4: kodiakrb folded before Flop (didn't bet)
Seat 5: wleoni folded before Flop (didn't bet)
Seat 6: Kallem28 folded before Flop (didn't bet)
Seat 7: Danil27 folded before Flop (didn't bet)
Seat 8: metinski_d folded on the River (didn't bet)
Seat 9: Ramkha (button) folded before Flop (didn't bet)



PokerStars Hand #238074951490:  Hold'em No Limit ($0.02/$0.05 USD) - 2022/08/18 16:02:30 PT [2022/08/18 19:02:30 ET]
Table 'Oceax IV' 9-max Seat #1 is the button
Seat 1: Dorex2007 ($9.15 in chips) 
Seat 2: NewKidOnTheFlop ($6.24 in chips) 
Seat 3: Derevtsssova ($5.07 in chips) 
Seat 4: kodiakrb ($9.47 in chips) 
Seat 5: wleoni ($2 in chips) 
Seat 6: Kallem28 ($5.68 in chips) 
Seat 7: Danil27 ($8.61 in chips) 
Seat 8: metinski_d ($18.97 in chips) 
Seat 9: Ramkha ($5.05 in chips) 
NewKidOnTheFlop: posts small blind $0.02
Derevtsssova: posts big blind $0.05
*** HOLE CARDS ***
Dealt to Dorex2007 [Jc Qs]
kodiakrb: folds 
wleoni: folds 
Kallem28: folds 
Danil27: folds 
metinski_d: raises $0.10 to $0.15
Ramkha: folds 
Dorex2007: calls $0.15
NewKidOnTheFlop: folds 
Derevtsssova: calls $0.10
*** FLOP *** [8c 3s Jh]
Derevtsssova: checks 
metinski_d: checks 
Dorex2007: checks 
*** TURN *** [8c 3s Jh] [9s]
Derevtsssova: bets $0.34
metinski_d: folds 
Dorex2007: raises $1.13 to $1.47
Derevtsssova: calls $1.13
*** RIVER *** [8c 3s Jh 9s] [8d]
Derevtsssova: checks 
Dorex2007: bets $3.27
Derevtsssova: folds 
Uncalled bet ($3.27) returned to Dorex2007
Dorex2007 collected $3.27 from pot
Dorex2007: doesn't show hand 
*** SUMMARY ***
Total pot $3.41 | Rake $0.14 
Board [8c 3s Jh 9s 8d]
Seat 1: Dorex2007 (button) collected ($3.27)
Seat 2: NewKidOnTheFlop (small blind) folded before Flop
Seat 3: Derevtsssova (big blind) folded on the River
Seat 4: kodiakrb folded before Flop (didn't bet)
Seat 5: wleoni folded before Flop (didn't bet)
Seat 6: Kallem28 folded before Flop (didn't bet)
Seat 7: Danil27 folded before Flop (didn't bet)
Seat 8: metinski_d folded on the Turn
Seat 9: Ramkha folded before Flop (didn't bet)



PokerStars Hand #238074971332:  Hold'em No Limit ($0.02/$0.05 USD) - 2022/08/18 16:03:37 PT [2022/08/18 19:03:37 ET]
Table 'Oceax IV' 9-max Seat #2 is the button
Seat 1: Dorex2007 ($10.80 in chips) 
Seat 2: NewKidOnTheFlop ($6.22 in chips) 
Seat 3: Derevtsssova ($5 in chips) 
Seat 4: kodiakrb ($9.47 in chips) 
Seat 5: wleoni ($2 in chips) 
Seat 6: Kallem28 ($5.68 in chips) 
Seat 7: Danil27 ($8.61 in chips) 
Seat 8: metinski_d ($18.82 in chips) 
Seat 9: Ramkha ($5.05 in chips) 
Derevtsssova: posts small blind $0.02
kodiakrb: posts big blind $0.05
*** HOLE CARDS ***
Dealt to Dorex2007 [Jd As]
wleoni: raises $0.15 to $0.20
Kallem28: folds 
Danil27: raises $0.45 to $0.65
metinski_d: folds 
Ramkha: folds 
Dorex2007: folds 
NewKidOnTheFlop: folds 
Derevtsssova: folds 
kodiakrb: folds 
wleoni: folds 
Uncalled bet ($0.45) returned to Danil27
Danil27 collected $0.47 from pot
Danil27: doesn't show hand 
*** SUMMARY ***
Total pot $0.47 | Rake $0 
Seat 1: Dorex2007 folded before Flop (didn't bet)
Seat 2: NewKidOnTheFlop (button) folded before Flop (didn't bet)
Seat 3: Derevtsssova (small blind) folded before Flop
Seat 4: kodiakrb (big blind) folded before Flop
Seat 5: wleoni folded before Flop
Seat 6: Kallem28 folded before Flop (didn't bet)
Seat 7: Danil27 collected ($0.47)
Seat 8: metinski_d folded before Flop (didn't bet)
Seat 9: Ramkha folded before Flop (didn't bet)



PokerStars Hand #238074979366:  Hold'em No Limit ($0.02/$0.05 USD) - 2022/08/18 16:04:05 PT [2022/08/18 19:04:05 ET]
Table 'Oceax IV' 9-max Seat #3 is the button
Seat 1: Dorex2007 ($10.80 in chips) 
Seat 2: NewKidOnTheFlop ($6.22 in chips) 
Seat 3: Derevtsssova ($5 in chips) 
Seat 4: kodiakrb ($9.42 in chips) 
Seat 5: wleoni ($1.80 in chips) 
Seat 6: Kallem28 ($5.68 in chips) 
Seat 7: Danil27 ($8.88 in chips) 
Seat 8: metinski_d ($18.82 in chips) 
Seat 9: Ramkha ($5.05 in chips) 
kodiakrb: posts small blind $0.02
wleoni: posts big blind $0.05
*** HOLE CARDS ***
Dealt to Dorex2007 [Qh 4h]
Kallem28: folds 
Danil27: folds 
metinski_d: folds 
Ramkha: folds 
Dorex2007: folds 
NewKidOnTheFlop: folds 
Derevtsssova: folds 
kodiakrb: raises $0.10 to $0.15
wleoni: folds 
Uncalled bet ($0.10) returned to kodiakrb
kodiakrb collected $0.10 from pot
*** SUMMARY ***
Total pot $0.10 | Rake $0 
Seat 1: Dorex2007 folded before Flop (didn't bet)
Seat 2: NewKidOnTheFlop folded before Flop (didn't bet)
Seat 3: Derevtsssova (button) folded before Flop (didn't bet)
Seat 4: kodiakrb (small blind) collected ($0.10)
Seat 5: wleoni (big blind) folded before Flop
Seat 6: Kallem28 folded before Flop (didn't bet)
Seat 7: Danil27 folded before Flop (didn't bet)
Seat 8: metinski_d folded before Flop (didn't bet)
Seat 9: Ramkha folded before Flop (didn't bet)



PokerStars Hand #238074984571:  Hold'em No Limit ($0.02/$0.05 USD) - 2022/08/18 16:04:23 PT [2022/08/18 19:04:23 ET]
Table 'Oceax IV' 9-max Seat #4 is the button
Seat 1: Dorex2007 ($10.80 in chips) 
Seat 2: NewKidOnTheFlop ($6.22 in chips) 
Seat 3: Derevtsssova ($5 in chips) 
Seat 4: kodiakrb ($9.47 in chips) 
Seat 5: wleoni ($1.75 in chips) 
Seat 6: Kallem28 ($5.68 in chips) 
Seat 7: Danil27 ($8.88 in chips) 
Seat 8: metinski_d ($18.82 in chips) 
Seat 9: Ramkha ($5.05 in chips) 
wleoni: posts small blind $0.02
Kallem28: posts big blind $0.05
*** HOLE CARDS ***
Dealt to Dorex2007 [6h 9s]
Danil27: folds 
metinski_d: folds 
Ramkha: folds 
Dorex2007: folds 
NewKidOnTheFlop: folds 
Derevtsssova: folds 
kodiakrb: raises $0.10 to $0.15
wleoni: folds 
Kallem28: raises $0.25 to $0.40
kodiakrb: calls $0.25
*** FLOP *** [Ad Th 9h]
Kallem28: bets $0.26
kodiakrb: calls $0.26
*** TURN *** [Ad Th 9h] [8d]
Kallem28: bets $0.42
kodiakrb: calls $0.42
*** RIVER *** [Ad Th 9h 8d] [7s]
Kallem28: checks 
kodiakrb: checks 
*** SHOW DOWN ***
Kallem28: shows [Js Qc] (a straight, Eight to Queen)
kodiakrb: mucks hand 
Kallem28 collected $2.09 from pot
*** SUMMARY ***
Total pot $2.18 | Rake $0.09 
Board [Ad Th 9h 8d 7s]
Seat 1: Dorex2007 folded before Flop (didn't bet)
Seat 2: NewKidOnTheFlop folded before Flop (didn't bet)
Seat 3: Derevtsssova folded before Flop (didn't bet)
Seat 4: kodiakrb (button) mucked [2c Ac]
Seat 5: wleoni (small blind) folded before Flop
Seat 6: Kallem28 (big blind) showed [Js Qc] and won ($2.09) with a straight, Eight to Queen
Seat 7: Danil27 folded before Flop (didn't bet)
Seat 8: metinski_d folded before Flop (didn't bet)
Seat 9: Ramkha folded before Flop (didn't bet)



PokerStars Hand #238075006381:  Hold'em No Limit ($0.02/$0.05 USD) - 2022/08/18 16:05:23 PT [2022/08/18 19:05:23 ET]
Table 'Oceax IV' 9-max Seat #5 is the button
Seat 1: Dorex2007 ($10.80 in chips) 
Seat 2: NewKidOnTheFlop ($6.22 in chips) 
Seat 3: Derevtsssova ($5 in chips) 
Seat 4: kodiakrb ($8.39 in chips) 
Seat 5: wleoni ($1.73 in chips) 
Seat 6: Kallem28 ($6.69 in chips) 
Seat 7: Danil27 ($8.88 in chips) 
Seat 8: metinski_d ($18.82 in chips) 
Seat 9: Ramkha ($5.05 in chips) 
Kallem28: posts small blind $0.02
Danil27: posts big blind $0.05
*** HOLE CARDS ***
Dealt to Dorex2007 [7c 6s]
metinski_d: folds 
Ramkha: folds 
Dorex2007: folds 
NewKidOnTheFlop: folds 
Derevtsssova: raises $0.10 to $0.15
kodiakrb: folds 
wleoni: calls $0.15
Kallem28: calls $0.13
Danil27: folds 
*** FLOP *** [2s As Kh]
Kallem28: checks 
Derevtsssova: bets $0.12
wleoni: folds 
Kallem28: folds 
Uncalled bet ($0.12) returned to Derevtsssova
Derevtsssova collected $0.48 from pot
Derevtsssova: doesn't show hand 
*** SUMMARY ***
Total pot $0.50 | Rake $0.02 
Board [2s As Kh]
Seat 1: Dorex2007 folded before Flop (didn't bet)
Seat 2: NewKidOnTheFlop folded before Flop (didn't bet)
Seat 3: Derevtsssova collected ($0.48)
Seat 4: kodiakrb folded before Flop (didn't bet)
Seat 5: wleoni (button) folded on the Flop
Seat 6: Kallem28 (small blind) folded on the Flop
Seat 7: Danil27 (big blind) folded before Flop
Seat 8: metinski_d folded before Flop (didn't bet)
Seat 9: Ramkha folded before Flop (didn't bet)



PokerStars Hand #238075013610:  Hold'em No Limit ($0.02/$0.05 USD) - 2022/08/18 16:05:48 PT [2022/08/18 19:05:48 ET]
Table 'Oceax IV' 9-max Seat #6 is the button
Seat 1: Dorex2007 ($10.80 in chips) 
Seat 2: NewKidOnTheFlop ($6.22 in chips) 
Seat 3: Derevtsssova ($5.33 in chips) 
Seat 4: kodiakrb ($8.39 in chips) 
Seat 5: wleoni ($1.58 in chips) 
Seat 6: Kallem28 ($6.54 in chips) 
Seat 7: Danil27 ($8.83 in chips) 
Seat 8: metinski_d ($18.82 in chips) 
Seat 9: Ramkha ($5.05 in chips) 
Danil27: posts small blind $0.02
metinski_d: posts big blind $0.05
*** HOLE CARDS ***
Dealt to Dorex2007 [3h As]
Ramkha: folds 
Dorex2007: folds 
NewKidOnTheFlop: folds 
Derevtsssova: raises $0.10 to $0.15
kodiakrb: calls $0.15
wleoni: folds 
Kallem28: raises $0.30 to $0.45
Danil27: folds 
metinski_d: calls $0.40
Derevtsssova: calls $0.30
kodiakrb: calls $0.30
*** FLOP *** [7c Jd Ac]
metinski_d: checks 
Derevtsssova: checks 
kodiakrb: checks 
Kallem28: checks 
*** TURN *** [7c Jd Ac] [6s]
metinski_d: checks 
Derevtsssova: checks 
kodiakrb: bets $1.12
Kallem28: folds 
metinski_d: folds 
Derevtsssova: calls $1.12
*** RIVER *** [7c Jd Ac 6s] [2d]
Derevtsssova: checks 
kodiakrb: checks 
*** SHOW DOWN ***
Derevtsssova: shows [Kh Jc] (a pair of Jacks)
kodiakrb: mucks hand 
Derevtsssova collected $3.89 from pot
*** SUMMARY ***
Total pot $4.06 | Rake $0.17 
Board [7c Jd Ac 6s 2d]
Seat 1: Dorex2007 folded before Flop (didn't bet)
Seat 2: NewKidOnTheFlop folded before Flop (didn't bet)
Seat 3: Derevtsssova showed [Kh Jc] and won ($3.89) with a pair of Jacks
Seat 4: kodiakrb mucked [5h 7h]
Seat 5: wleoni folded before Flop (didn't bet)
Seat 6: Kallem28 (button) folded on the Turn
Seat 7: Danil27 (small blind) folded before Flop
Seat 8: metinski_d (big blind) folded on the Turn
Seat 9: Ramkha folded before Flop (didn't bet)



PokerStars Hand #238075042791:  Hold'em No Limit ($0.02/$0.05 USD) - 2022/08/18 16:07:28 PT [2022/08/18 19:07:28 ET]
Table 'Oceax IV' 9-max Seat #7 is the button
Seat 1: Dorex2007 ($10.80 in chips) 
Seat 2: NewKidOnTheFlop ($6.22 in chips) 
Seat 3: Derevtsssova ($7.65 in chips) 
Seat 4: kodiakrb ($6.82 in chips) 
Seat 5: wleoni ($1.58 in chips) 
Seat 6: Kallem28 ($6.09 in chips) 
Seat 7: Danil27 ($8.81 in chips) 
Seat 8: metinski_d ($18.37 in chips) 
Seat 9: Ramkha ($5.05 in chips) 
metinski_d: posts small blind $0.02
Ramkha: posts big blind $0.05
*** HOLE CARDS ***
Dealt to Dorex2007 [4s Ts]
Dorex2007: folds 
NewKidOnTheFlop: folds 
Derevtsssova: folds 
kodiakrb: folds 
wleoni: folds 
Kallem28: folds 
Danil27: folds 
metinski_d: raises $0.10 to $0.15
Ramkha: calls $0.10
*** FLOP *** [Qh 7d Td]
metinski_d: checks 
Ramkha: checks 
*** TURN *** [Qh 7d Td] [Ad]
metinski_d: checks 
Ramkha: checks 
*** RIVER *** [Qh 7d Td Ad] [7s]
metinski_d: bets $0.29
Ramkha: folds 
Uncalled bet ($0.29) returned to metinski_d
metinski_d collected $0.29 from pot
metinski_d: doesn't show hand 
*** SUMMARY ***
Total pot $0.30 | Rake $0.01 
Board [Qh 7d Td Ad 7s]
Seat 1: Dorex2007 folded before Flop (didn't bet)
Seat 2: NewKidOnTheFlop folded before Flop (didn't bet)
Seat 3: Derevtsssova folded before Flop (didn't bet)
Seat 4: kodiakrb folded before Flop (didn't bet)
Seat 5: wleoni folded before Flop (didn't bet)
Seat 6: Kallem28 folded before Flop (didn't bet)
Seat 7: Danil27 (button) folded before Flop (didn't bet)
Seat 8: metinski_d (small blind) collected ($0.29)
Seat 9: Ramkha (big blind) folded on the River



PokerStars Hand #238075057617:  Hold'em No Limit ($0.02/$0.05 USD) - 2022/08/18 16:08:20 PT [2022/08/18 19:08:20 ET]
Table 'Oceax IV' 9-max Seat #8 is the button
Seat 1: Dorex2007 ($10.80 in chips) 
Seat 2: NewKidOnTheFlop ($6.22 in chips) 
Seat 3: Derevtsssova ($7.65 in chips) 
Seat 4: kodiakrb ($6.82 in chips) 
Seat 5: wleoni ($1.58 in chips) 
Seat 6: Kallem28 ($6.09 in chips) 
Seat 7: Danil27 ($8.81 in chips) 
Seat 8: metinski_d ($18.51 in chips) 
Seat 9: Ramkha ($5 in chips) 
Ramkha: posts small blind $0.02
Dorex2007: posts big blind $0.05
*** HOLE CARDS ***
Dealt to Dorex2007 [Ac Th]
NewKidOnTheFlop: raises $0.10 to $0.15
Derevtsssova: folds 
kodiakrb: calls $0.15
wleoni: folds 
Kallem28: folds 
Danil27: calls $0.15
metinski_d: folds 
Ramkha: folds 
Dorex2007: calls $0.10
*** FLOP *** [Td 9h 4d]
Dorex2007: bets $0.59
NewKidOnTheFlop: folds 
kodiakrb: calls $0.59
Danil27: calls $0.59
*** TURN *** [Td 9h 4d] [Jc]
Dorex2007: checks 
kodiakrb: checks 
Danil27: checks 
*** RIVER *** [Td 9h 4d Jc] [2d]
Dorex2007: checks 
kodiakrb: checks 
Danil27: checks 
*** SHOW DOWN ***
Dorex2007: shows [Ac Th] (a pair of Tens)
kodiakrb: shows [Jh Kd] (a pair of Jacks)
Danil27: mucks hand 
kodiakrb collected $2.29 from pot
*** SUMMARY ***
Total pot $2.39 | Rake $0.10 
Board [Td 9h 4d Jc 2d]
Seat 1: Dorex2007 (big blind) showed [Ac Th] and lost with a pair of Tens
Seat 2: NewKidOnTheFlop folded on the Flop
Seat 3: Derevtsssova folded before Flop (didn't bet)
Seat 4: kodiakrb showed [Jh Kd] and won ($2.29) with a pair of Jacks
Seat 5: wleoni folded before Flop (didn't bet)
Seat 6: Kallem28 folded before Flop (didn't bet)
Seat 7: Danil27 mucked [Tc Ah]
Seat 8: metinski_d (button) folded before Flop (didn't bet)
Seat 9: Ramkha (small blind) folded before Flop



PokerStars Hand #238075079376:  Hold'em No Limit ($0.02/$0.05 USD) - 2022/08/18 16:09:35 PT [2022/08/18 19:09:35 ET]
Table 'Oceax IV' 9-max Seat #9 is the button
Seat 1: Dorex2007 ($10.06 in chips) 
Seat 2: NewKidOnTheFlop ($6.07 in chips) 
Seat 3: Derevtsssova ($7.65 in chips) 
Seat 4: kodiakrb ($8.37 in chips) 
Seat 5: wleoni ($1.58 in chips) 
Seat 6: Kallem28 ($6.09 in chips) 
Seat 7: Danil27 ($8.07 in chips) 
Seat 8: metinski_d ($18.51 in chips) 
Seat 9: Ramkha ($5 in chips) 
Dorex2007: posts small blind $0.02
NewKidOnTheFlop: posts big blind $0.05
*** HOLE CARDS ***
Dealt to Dorex2007 [2s 3h]
Derevtsssova: folds 
kodiakrb: folds 
wleoni: folds 
Kallem28: folds 
Danil27: raises $0.10 to $0.15
metinski_d: calls $0.15
Ramkha: folds 
Dorex2007: folds 
NewKidOnTheFlop: folds 
*** FLOP *** [5s 3c 7s]
Danil27: bets $0.23
metinski_d: folds 
Uncalled bet ($0.23) returned to Danil27
Danil27 collected $0.35 from pot
Danil27: doesn't show hand 
*** SUMMARY ***
Total pot $0.37 | Rake $0.02 
Board [5s 3c 7s]
Seat 1: Dorex2007 (small blind) folded before Flop
Seat 2: NewKidOnTheFlop (big blind) folded before Flop
Seat 3: Derevtsssova folded before Flop (didn't bet)
Seat 4: kodiakrb folded before Flop (didn't bet)
Seat 5: wleoni folded before Flop (didn't bet)
Seat 6: Kallem28 folded before Flop (didn't bet)
Seat 7: Danil27 collected ($0.35)
Seat 8: metinski_d folded on the Flop
Seat 9: Ramkha (button) folded before Flop (didn't bet)



PokerStars Hand #238075088223:  Hold'em No Limit ($0.02/$0.05 USD) - 2022/08/18 16:10:06 PT [2022/08/18 19:10:06 ET]
Table 'Oceax IV' 9-max Seat #1 is the button
Seat 1: Dorex2007 ($10.04 in chips) 
Seat 2: NewKidOnTheFlop ($6.02 in chips) 
Seat 3: Derevtsssova ($7.65 in chips) 
Seat 4: kodiakrb ($8.37 in chips) 
Seat 5: wleoni ($1.58 in chips) 
Seat 6: Kallem28 ($6.09 in chips) 
Seat 7: Danil27 ($8.27 in chips) 
Seat 8: metinski_d ($18.36 in chips) 
Seat 9: Ramkha ($5 in chips) 
NewKidOnTheFlop: posts small blind $0.02
Derevtsssova: posts big blind $0.05
*** HOLE CARDS ***
Dealt to Dorex2007 [8h Kc]
kodiakrb: raises $0.05 to $0.10
wleoni: calls $0.10
Kallem28: folds 
Danil27: raises $0.35 to $0.45
metinski_d: folds 
Ramkha: folds 
Dorex2007: folds 
NewKidOnTheFlop: folds 
Derevtsssova: calls $0.40
kodiakrb: calls $0.35
wleoni: folds 
*** FLOP *** [Qs 3c 5c]
Derevtsssova: checks 
kodiakrb: checks 
Danil27: bets $0.75
Derevtsssova: calls $0.75
kodiakrb: calls $0.75
*** TURN *** [Qs 3c 5c] [Qd]
Derevtsssova: checks 
kodiakrb: checks 
Danil27: bets $1.70
Derevtsssova: folds 
kodiakrb: calls $1.70
*** RIVER *** [Qs 3c 5c Qd] [4h]
kodiakrb: bets $5.07
Danil27: calls $5.07
*** SHOW DOWN ***
kodiakrb: shows [8c Tc] (a pair of Queens)
Danil27: shows [Ts Td] (two pair, Queens and Tens)
Danil27 collected $16.54 from pot
*** SUMMARY ***
Total pot $17.26 | Rake $0.72 
Board [Qs 3c 5c Qd 4h]
Seat 1: Dorex2007 (button) folded before Flop (didn't bet)
Seat 2: NewKidOnTheFlop (small blind) folded before Flop
Seat 3: Derevtsssova (big blind) folded on the Turn
Seat 4: kodiakrb showed [8c Tc] and lost with a pair of Queens
Seat 5: wleoni folded before Flop
Seat 6: Kallem28 folded before Flop (didn't bet)
Seat 7: Danil27 showed [Ts Td] and won ($16.54) with two pair, Queens and Tens
Seat 8: metinski_d folded before Flop (didn't bet)
Seat 9: Ramkha folded before Flop (didn't bet)



PokerStars Hand #238075140958:  Hold'em No Limit ($0.02/$0.05 USD) - 2022/08/18 16:13:06 PT [2022/08/18 19:13:06 ET]
Table 'Oceax IV' 9-max Seat #2 is the button
Seat 1: Dorex2007 ($10.04 in chips) 
Seat 2: NewKidOnTheFlop ($6 in chips) 
Seat 3: Derevtsssova ($6.45 in chips) 
Seat 4: kodiakrb ($0.40 in chips) 
Seat 5: wleoni ($1.48 in chips) 
Seat 6: Kallem28 ($6.09 in chips) 
Seat 7: Danil27 ($16.84 in chips) 
Seat 8: metinski_d ($18.36 in chips) 
Seat 9: Ramkha ($5 in chips) 
Derevtsssova: posts small blind $0.02
kodiakrb: posts big blind $0.05
*** HOLE CARDS ***
Dealt to Dorex2007 [2d Jc]
wleoni: folds 
Kallem28: folds 
wleoni leaves the table
Danil27: raises $0.10 to $0.15
metinski_d: folds 
Ramkha: folds 
STM32 joins the table at seat #5 
Dorex2007: folds 
NewKidOnTheFlop: folds 
Derevtsssova: folds 
kodiakrb: raises $0.25 to $0.40 and is all-in
Danil27: calls $0.25
*** FLOP *** [5c Kd 8h]
*** TURN *** [5c Kd 8h] [4s]
*** RIVER *** [5c Kd 8h 4s] [6s]
*** SHOW DOWN ***
kodiakrb: shows [8c Th] (a pair of Eights)
Danil27: shows [Jd Kh] (a pair of Kings)
Danil27 collected $0.79 from pot
*** SUMMARY ***
Total pot $0.82 | Rake $0.03 
Board [5c Kd 8h 4s 6s]
Seat 1: Dorex2007 folded before Flop (didn't bet)
Seat 2: NewKidOnTheFlop (button) folded before Flop (didn't bet)
Seat 3: Derevtsssova (small blind) folded before Flop
Seat 4: kodiakrb (big blind) showed [8c Th] and lost with a pair of Eights
Seat 5: wleoni folded before Flop (didn't bet)
Seat 6: Kallem28 folded before Flop (didn't bet)
Seat 7: Danil27 showed [Jd Kh] and won ($0.79) with a pair of Kings
Seat 8: metinski_d folded before Flop (didn't bet)
Seat 9: Ramkha folded before Flop (didn't bet)



PokerStars Hand #238075149504:  Hold'em No Limit ($0.02/$0.05 USD) - 2022/08/18 16:13:36 PT [2022/08/18 19:13:36 ET]
Table 'Oceax IV' 9-max Seat #3 is the button
Seat 1: Dorex2007 ($10.04 in chips) 
Seat 2: NewKidOnTheFlop ($6 in chips) 
Seat 3: Derevtsssova ($6.43 in chips) 
Seat 6: Kallem28 ($6.09 in chips) 
Seat 7: Danil27 ($17.23 in chips) 
Seat 8: metinski_d ($18.36 in chips) 
Seat 9: Ramkha ($5 in chips) 
Kallem28: posts small blind $0.02
Danil27: posts big blind $0.05
*** HOLE CARDS ***
Dealt to Dorex2007 [7s Ts]
metinski_d: folds 
Ramkha: folds 
Dorex2007: folds 
NewKidOnTheFlop: folds 
Derevtsssova: raises $0.10 to $0.15
Kallem28: raises $0.25 to $0.40
Danil27: folds 
Derevtsssova: raises $0.85 to $1.25
Kallem28: raises $1.25 to $2.50
Derevtsssova: calls $1.25
*** FLOP *** [Td 4c Qs]
Kallem28: bets $3.59 and is all-in
Derevtsssova: calls $3.59
Derevtsssova has timed out
*** TURN *** [Td 4c Qs] [5d]
*** RIVER *** [Td 4c Qs 5d] [8h]
*** SHOW DOWN ***
Kallem28: shows [Ah Ad] (a pair of Aces)
Derevtsssova: shows [Ac Qc] (a pair of Queens)
Kallem28 cashed out the hand for $10 | Cash Out Fee $0.10
*** SUMMARY ***
Total pot $12.23 | Rake $0.51 
Board [Td 4c Qs 5d 8h]
Seat 1: Dorex2007 folded before Flop (didn't bet)
Seat 2: NewKidOnTheFlop folded before Flop (didn't bet)
Seat 3: Derevtsssova (button) showed [Ac Qc] and lost with a pair of Queens
Seat 6: Kallem28 (small blind) showed [Ah Ad] and won ($11.72) with a pair of Aces (pot not awarded as player cashed out)
Seat 7: Danil27 (big blind) folded before Flop
Seat 8: metinski_d folded before Flop (didn't bet)
Seat 9: Ramkha folded before Flop (didn't bet)



PokerStars Hand #238075167136:  Hold'em No Limit ($0.02/$0.05 USD) - 2022/08/18 16:14:39 PT [2022/08/18 19:14:39 ET]
Table 'Oceax IV' 9-max Seat #6 is the button
Seat 1: Dorex2007 ($10.04 in chips) 
Seat 2: NewKidOnTheFlop ($6 in chips) 
Seat 3: Derevtsssova ($5 in chips) 
Seat 4: kodiakrb ($5 in chips) 
Seat 6: Kallem28 ($10 in chips) 
Seat 7: Danil27 ($17.18 in chips) 
Seat 8: metinski_d ($18.36 in chips) 
Seat 9: Ramkha ($5 in chips) 
Danil27: posts small blind $0.02
metinski_d: posts big blind $0.05
kodiakrb: posts small blind $0.02
STM32: sits out 
*** HOLE CARDS ***
Dealt to Dorex2007 [2h As]
Ramkha: folds 
Dorex2007: folds 
NewKidOnTheFlop: folds 
Derevtsssova: folds 
kodiakrb: raises $0.05 to $0.10
Kallem28: folds 
Danil27: folds 
metinski_d: folds 
Uncalled bet ($0.05) returned to kodiakrb
kodiakrb collected $0.14 from pot
*** SUMMARY ***
Total pot $0.14 | Rake $0 
Seat 1: Dorex2007 folded before Flop (didn't bet)
Seat 2: NewKidOnTheFlop folded before Flop (didn't bet)
Seat 3: Derevtsssova folded before Flop (didn't bet)
Seat 4: kodiakrb collected ($0.14)
Seat 6: Kallem28 (button) folded before Flop (didn't bet)
Seat 7: Danil27 (small blind) folded before Flop
Seat 8: metinski_d (big blind) folded before Flop
Seat 9: Ramkha folded before Flop (didn't bet)



PokerStars Hand #238075172463:  Hold'em No Limit ($0.02/$0.05 USD) - 2022/08/18 16:14:58 PT [2022/08/18 19:14:58 ET]
Table 'Oceax IV' 9-max Seat #7 is the button
Seat 1: Dorex2007 ($10.04 in chips) 
Seat 2: NewKidOnTheFlop ($6 in chips) 
Seat 3: Derevtsssova ($5 in chips) 
Seat 4: kodiakrb ($5.07 in chips) 
Seat 6: Kallem28 ($10 in chips) 
Seat 7: Danil27 ($17.16 in chips) 
Seat 8: metinski_d ($18.31 in chips) 
Seat 9: Ramkha ($5 in chips) 
metinski_d: posts small blind $0.02
Ramkha: posts big blind $0.05
STM32: sits out 
*** HOLE CARDS ***
Dealt to Dorex2007 [4c Td]
Dorex2007: folds 
NewKidOnTheFlop: folds 
Derevtsssova: folds 
kodiakrb: folds 
Kallem28: folds 
Danil27: raises $0.05 to $0.10
metinski_d: folds 
Ramkha: calls $0.05
*** FLOP *** [8s Th Qc]
Ramkha: checks 
Danil27: checks 
*** TURN *** [8s Th Qc] [5s]
Ramkha: checks 
Danil27: bets $0.11
Ramkha: raises $0.49 to $0.60
Danil27: folds 
Uncalled bet ($0.49) returned to Ramkha
Ramkha collected $0.42 from pot
Ramkha: doesn't show hand 
*** SUMMARY ***
Total pot $0.44 | Rake $0.02 
Board [8s Th Qc 5s]
Seat 1: Dorex2007 folded before Flop (didn't bet)
Seat 2: NewKidOnTheFlop folded before Flop (didn't bet)
Seat 3: Derevtsssova folded before Flop (didn't bet)
Seat 4: kodiakrb folded before Flop (didn't bet)
Seat 6: Kallem28 folded before Flop (didn't bet)
Seat 7: Danil27 (button) folded on the Turn
Seat 8: metinski_d (small blind) folded before Flop
Seat 9: Ramkha (big blind) collected ($0.42)



PokerStars Hand #238075187588:  Hold'em No Limit ($0.02/$0.05 USD) - 2022/08/18 16:15:31 PT [2022/08/18 19:15:31 ET]
Table 'Oceax IV' 9-max Seat #8 is the button
Seat 1: Dorex2007 ($10.04 in chips) 
Seat 2: NewKidOnTheFlop ($6 in chips) 
Seat 3: Derevtsssova ($5 in chips) 
Seat 4: kodiakrb ($5.07 in chips) 
Seat 6: Kallem28 ($10 in chips) 
Seat 7: Danil27 ($16.95 in chips) 
Seat 8: metinski_d ($18.29 in chips) 
Seat 9: Ramkha ($5.21 in chips) 
Ramkha: posts small blind $0.02
Dorex2007: posts big blind $0.05
STM32: sits out 
*** HOLE CARDS ***
Dealt to Dorex2007 [3h Ah]
NewKidOnTheFlop: folds 
Derevtsssova: raises $0.10 to $0.15
kodiakrb: folds 
Kallem28: folds 
Danil27: folds 
metinski_d: folds 
Ramkha: folds 
Dorex2007: calls $0.10
*** FLOP *** [Qd 9d 5c]
Dorex2007: checks 
Derevtsssova: checks 
*** TURN *** [Qd 9d 5c] [6d]
Dorex2007: checks 
Derevtsssova: bets $0.23
Dorex2007: folds 
Uncalled bet ($0.23) returned to Derevtsssova
Derevtsssova collected $0.31 from pot
Derevtsssova: doesn't show hand 
*** SUMMARY ***
Total pot $0.32 | Rake $0.01 
Board [Qd 9d 5c 6d]
Seat 1: Dorex2007 (big blind) folded on the Turn
Seat 2: NewKidOnTheFlop folded before Flop (didn't bet)
Seat 3: Derevtsssova collected ($0.31)
Seat 4: kodiakrb folded before Flop (didn't bet)
Seat 6: Kallem28 folded before Flop (didn't bet)
Seat 7: Danil27 folded before Flop (didn't bet)
Seat 8: metinski_d (button) folded before Flop (didn't bet)
Seat 9: Ramkha (small blind) folded before Flop



PokerStars Hand #238075198503:  Hold'em No Limit ($0.02/$0.05 USD) - 2022/08/18 16:16:11 PT [2022/08/18 19:16:11 ET]
Table 'Oceax IV' 9-max Seat #9 is the button
Seat 1: Dorex2007 ($9.89 in chips) 
Seat 2: NewKidOnTheFlop ($6 in chips) 
Seat 3: Derevtsssova ($5.16 in chips) 
Seat 4: kodiakrb ($5.07 in chips) 
Seat 6: Kallem28 ($10 in chips) 
Seat 7: Danil27 ($16.95 in chips) 
Seat 8: metinski_d ($18.29 in chips) 
Seat 9: Ramkha ($5.19 in chips) 
Dorex2007: posts small blind $0.02
NewKidOnTheFlop: posts big blind $0.05
STM32: sits out 
*** HOLE CARDS ***
Dealt to Dorex2007 [Th Kc]
Derevtsssova: folds 
kodiakrb: folds 
Kallem28: folds 
Danil27: raises $0.10 to $0.15
metinski_d: calls $0.15
Ramkha: folds 
Dorex2007: folds 
NewKidOnTheFlop: calls $0.10
*** FLOP *** [8c 6c Ts]
NewKidOnTheFlop: checks 
Danil27: bets $0.30
metinski_d: folds 
NewKidOnTheFlop: folds 
Uncalled bet ($0.30) returned to Danil27
Danil27 collected $0.45 from pot
Danil27: doesn't show hand 
*** SUMMARY ***
Total pot $0.47 | Rake $0.02 
Board [8c 6c Ts]
Seat 1: Dorex2007 (small blind) folded before Flop
Seat 2: NewKidOnTheFlop (big blind) folded on the Flop
Seat 3: Derevtsssova folded before Flop (didn't bet)
Seat 4: kodiakrb folded before Flop (didn't bet)
Seat 6: Kallem28 folded before Flop (didn't bet)
Seat 7: Danil27 collected ($0.45)
Seat 8: metinski_d folded on the Flop
Seat 9: Ramkha (button) folded before Flop (didn't bet)



PokerStars Hand #238075210196:  Hold'em No Limit ($0.02/$0.05 USD) - 2022/08/18 16:16:52 PT [2022/08/18 19:16:52 ET]
Table 'Oceax IV' 9-max Seat #1 is the button
Seat 1: Dorex2007 ($9.87 in chips) 
Seat 2: NewKidOnTheFlop ($5.85 in chips) 
Seat 3: Derevtsssova ($5.16 in chips) 
Seat 4: kodiakrb ($5.07 in chips) 
Seat 6: Kallem28 ($10 in chips) 
Seat 7: Danil27 ($17.25 in chips) 
Seat 8: metinski_d ($18.14 in chips) 
Seat 9: Ramkha ($5.19 in chips) 
NewKidOnTheFlop: posts small blind $0.02
Derevtsssova: posts big blind $0.05
STM32: sits out 
*** HOLE CARDS ***
Dealt to Dorex2007 [8h 3c]
kodiakrb: raises $0.05 to $0.10
Kallem28: folds 
Danil27: folds 
metinski_d: folds 
Ramkha: folds 
Dorex2007: folds 
NewKidOnTheFlop: calls $0.08
Derevtsssova: folds 
*** FLOP *** [Jh 2c 9c]
NewKidOnTheFlop: bets $0.12
kodiakrb: calls $0.12
*** TURN *** [Jh 2c 9c] [8s]
NewKidOnTheFlop: bets $0.27
kodiakrb: calls $0.27
*** RIVER *** [Jh 2c 9c 8s] [7d]
NewKidOnTheFlop: bets $1
kodiakrb: calls $1
*** SHOW DOWN ***
NewKidOnTheFlop: shows [Jd Td] (a straight, Seven to Jack)
kodiakrb: mucks hand 
NewKidOnTheFlop collected $2.87 from pot
*** SUMMARY ***
Total pot $3.03 | Rake $0.16 
Board [Jh 2c 9c 8s 7d]
Seat 1: Dorex2007 (button) folded before Flop (didn't bet)
Seat 2: NewKidOnTheFlop (small blind) showed [Jd Td] and won ($2.87) with a straight, Seven to Jack
Seat 3: Derevtsssova (big blind) folded before Flop
Seat 4: kodiakrb mucked [7s Qs]
Seat 6: Kallem28 folded before Flop (didn't bet)
Seat 7: Danil27 folded before Flop (didn't bet)
Seat 8: metinski_d folded before Flop (didn't bet)
Seat 9: Ramkha folded before Flop (didn't bet)



PokerStars Hand #238075222882:  Hold'em No Limit ($0.02/$0.05 USD) - 2022/08/18 16:17:38 PT [2022/08/18 19:17:38 ET]
Table 'Oceax IV' 9-max Seat #2 is the button
Seat 1: Dorex2007 ($9.87 in chips) 
Seat 2: NewKidOnTheFlop ($7.23 in chips) 
Seat 3: Derevtsssova ($5.11 in chips) 
Seat 4: kodiakrb ($3.58 in chips) 
Seat 6: Kallem28 ($10 in chips) 
Seat 7: Danil27 ($17.25 in chips) 
Seat 8: metinski_d ($18.14 in chips) 
Seat 9: Ramkha ($5.19 in chips) 
Derevtsssova: posts small blind $0.02
kodiakrb: posts big blind $0.05
STM32: sits out 
*** HOLE CARDS ***
Dealt to Dorex2007 [Ah 5c]
Kallem28: folds 
Danil27: raises $0.10 to $0.15
metinski_d: calls $0.15
Ramkha: folds 
Dorex2007: folds 
NewKidOnTheFlop: folds 
Derevtsssova: folds 
kodiakrb: calls $0.10
*** FLOP *** [8h Ac 2h]
kodiakrb: checks 
Danil27: bets $0.29
metinski_d: calls $0.29
kodiakrb: raises $0.76 to $1.05
Danil27: folds 
metinski_d: folds 
Uncalled bet ($0.76) returned to kodiakrb
kodiakrb collected $1.28 from pot
*** SUMMARY ***
Total pot $1.34 | Rake $0.06 
Board [8h Ac 2h]
Seat 1: Dorex2007 folded before Flop (didn't bet)
Seat 2: NewKidOnTheFlop (button) folded before Flop (didn't bet)
Seat 3: Derevtsssova (small blind) folded before Flop
Seat 4: kodiakrb (big blind) collected ($1.28)
Seat 6: Kallem28 folded before Flop (didn't bet)
Seat 7: Danil27 folded on the Flop
Seat 8: metinski_d folded on the Flop
Seat 9: Ramkha folded before Flop (didn't bet)



PokerStars Hand #238075237110:  Hold'em No Limit ($0.02/$0.05 USD) - 2022/08/18 16:18:29 PT [2022/08/18 19:18:29 ET]
Table 'Oceax IV' 9-max Seat #3 is the button
Seat 1: Dorex2007 ($9.87 in chips) 
Seat 2: NewKidOnTheFlop ($7.23 in chips) 
Seat 3: Derevtsssova ($5.09 in chips) 
Seat 4: kodiakrb ($4.42 in chips) 
Seat 5: STM32 ($4.20 in chips) 
Seat 6: Kallem28 ($10 in chips) 
Seat 7: Danil27 ($16.81 in chips) 
Seat 8: metinski_d ($17.70 in chips) 
Seat 9: Ramkha ($5.19 in chips) 
kodiakrb: posts small blind $0.02
STM32: posts big blind $0.05
*** HOLE CARDS ***
Dealt to Dorex2007 [Qd 6h]
Kallem28: folds 
Danil27: folds 
metinski_d: folds 
Ramkha: folds 
Dorex2007: folds 
NewKidOnTheFlop: folds 
Derevtsssova: calls $0.05
kodiakrb: calls $0.03
STM32: checks 
*** FLOP *** [3d 5c 3h]
kodiakrb: bets $0.07
STM32: calls $0.07
Derevtsssova: folds 
*** TURN *** [3d 5c 3h] [8d]
kodiakrb: checks 
STM32: checks 
*** RIVER *** [3d 5c 3h 8d] [3c]
kodiakrb: bets $0.14
STM32: calls $0.14
*** SHOW DOWN ***
kodiakrb: shows [Ts 8h] (a full house, Threes full of Eights)
STM32: mucks hand 
kodiakrb collected $0.55 from pot
*** SUMMARY ***
Total pot $0.57 | Rake $0.02 
Board [3d 5c 3h 8d 3c]
Seat 1: Dorex2007 folded before Flop (didn't bet)
Seat 2: NewKidOnTheFlop folded before Flop (didn't bet)
Seat 3: Derevtsssova (button) folded on the Flop
Seat 4: kodiakrb (small blind) showed [Ts 8h] and won ($0.55) with a full house, Threes full of Eights
Seat 5: STM32 (big blind) mucked [Ah 7h]
Seat 6: Kallem28 folded before Flop (didn't bet)
Seat 7: Danil27 folded before Flop (didn't bet)
Seat 8: metinski_d folded before Flop (didn't bet)
Seat 9: Ramkha folded before Flop (didn't bet)



PokerStars Hand #238075250074:  Hold'em No Limit ($0.02/$0.05 USD) - 2022/08/18 16:19:16 PT [2022/08/18 19:19:16 ET]
Table 'Oceax IV' 9-max Seat #4 is the button
Seat 1: Dorex2007 ($9.87 in chips) 
Seat 2: NewKidOnTheFlop ($7.23 in chips) 
Seat 3: Derevtsssova ($5.04 in chips) 
Seat 4: kodiakrb ($4.71 in chips) 
Seat 5: STM32 ($4.20 in chips) 
Seat 6: Kallem28 ($10 in chips) 
Seat 7: Danil27 ($16.81 in chips) 
Seat 8: metinski_d ($17.70 in chips) 
Seat 9: Ramkha ($5.19 in chips) 
STM32: posts small blind $0.02
Kallem28: posts big blind $0.05
*** HOLE CARDS ***
Dealt to Dorex2007 [Ac Qs]
Danil27: folds 
metinski_d: folds 
Ramkha: folds 
Dorex2007: raises $0.15 to $0.20
NewKidOnTheFlop: folds 
Derevtsssova: calls $0.20
kodiakrb: calls $0.20
STM32: folds 
Kallem28: calls $0.15
*** FLOP *** [6c Qh 3s]
Kallem28: checks 
Dorex2007: bets $0.79
Derevtsssova: folds 
kodiakrb: folds 
Kallem28: folds 
Uncalled bet ($0.79) returned to Dorex2007
Dorex2007 collected $0.79 from pot
Dorex2007: doesn't show hand 
*** SUMMARY ***
Total pot $0.82 | Rake $0.03 
Board [6c Qh 3s]
Seat 1: Dorex2007 collected ($0.79)
Seat 2: NewKidOnTheFlop folded before Flop (didn't bet)
Seat 3: Derevtsssova folded on the Flop
Seat 4: kodiakrb (button) folded on the Flop
Seat 5: STM32 (small blind) folded before Flop
Seat 6: Kallem28 (big blind) folded on the Flop
Seat 7: Danil27 folded before Flop (didn't bet)
Seat 8: metinski_d folded before Flop (didn't bet)
Seat 9: Ramkha folded before Flop (didn't bet)



PokerStars Hand #238075261598:  Hold'em No Limit ($0.02/$0.05 USD) - 2022/08/18 16:19:57 PT [2022/08/18 19:19:57 ET]
Table 'Oceax IV' 9-max Seat #5 is the button
Seat 1: Dorex2007 ($10.46 in chips) 
Seat 2: NewKidOnTheFlop ($7.23 in chips) 
Seat 3: Derevtsssova ($5 in chips) 
Seat 4: kodiakrb ($4.51 in chips) 
Seat 5: STM32 ($4.20 in chips) 
Seat 6: Kallem28 ($9.80 in chips) 
Seat 7: Danil27 ($16.81 in chips) 
Seat 8: metinski_d ($17.70 in chips) 
Seat 9: Ramkha ($5.19 in chips) 
Kallem28: posts small blind $0.02
Danil27: posts big blind $0.05
*** HOLE CARDS ***
Dealt to Dorex2007 [8s Qc]
metinski_d: folds 
Ramkha: folds 
Dorex2007: folds 
NewKidOnTheFlop: folds 
Derevtsssova: folds 
kodiakrb: raises $0.10 to $0.15
STM32: folds 
Kallem28: folds 
Danil27: folds 
Uncalled bet ($0.10) returned to kodiakrb
kodiakrb collected $0.12 from pot
*** SUMMARY ***
Total pot $0.12 | Rake $0 
Seat 1: Dorex2007 folded before Flop (didn't bet)
Seat 2: NewKidOnTheFlop folded before Flop (didn't bet)
Seat 3: Derevtsssova folded before Flop (didn't bet)
Seat 4: kodiakrb collected ($0.12)
Seat 5: STM32 (button) folded before Flop (didn't bet)
Seat 6: Kallem28 (small blind) folded before Flop
Seat 7: Danil27 (big blind) folded before Flop
Seat 8: metinski_d folded before Flop (didn't bet)
Seat 9: Ramkha folded before Flop (didn't bet)



PokerStars Hand #238075266560:  Hold'em No Limit ($0.02/$0.05 USD) - 2022/08/18 16:20:15 PT [2022/08/18 19:20:15 ET]
Table 'Oceax IV' 9-max Seat #6 is the button
Seat 1: Dorex2007 ($10.46 in chips) 
Seat 2: NewKidOnTheFlop ($7.23 in chips) 
Seat 3: Derevtsssova ($5 in chips) 
Seat 4: kodiakrb ($4.58 in chips) 
Seat 5: STM32 ($4.20 in chips) 
Seat 6: Kallem28 ($9.78 in chips) 
Seat 7: Danil27 ($16.76 in chips) 
Seat 9: Ramkha ($5.19 in chips) 
Danil27: posts small blind $0.02
metinski_d: is sitting out 
Ramkha: posts big blind $0.05
*** HOLE CARDS ***
Dealt to Dorex2007 [7s Qd]
Dorex2007: folds 
metinski_d leaves the table
NewKidOnTheFlop: folds 
Derevtsssova: folds 
kodiakrb: folds 
STM32: folds 
Kallem28: folds 
Danil27: folds 
Uncalled bet ($0.03) returned to Ramkha
Ramkha collected $0.04 from pot
Ramkha: doesn't show hand 
*** SUMMARY ***
Total pot $0.04 | Rake $0 
Seat 1: Dorex2007 folded before Flop (didn't bet)
Seat 2: NewKidOnTheFlop folded before Flop (didn't bet)
Seat 3: Derevtsssova folded before Flop (didn't bet)
Seat 4: kodiakrb folded before Flop (didn't bet)
Seat 5: STM32 folded before Flop (didn't bet)
Seat 6: Kallem28 (button) folded before Flop (didn't bet)
Seat 7: Danil27 (small blind) folded before Flop
Seat 9: Ramkha (big blind) collected ($0.04)



PokerStars Hand #238075271877:  Hold'em No Limit ($0.02/$0.05 USD) - 2022/08/18 16:20:34 PT [2022/08/18 19:20:34 ET]
Table 'Oceax IV' 9-max Seat #7 is the button
Seat 1: Dorex2007 ($10.46 in chips) 
Seat 2: NewKidOnTheFlop ($7.23 in chips) 
Seat 3: Derevtsssova ($5 in chips) 
Seat 4: kodiakrb ($4.58 in chips) 
Seat 5: STM32 ($4.20 in chips) 
Seat 6: Kallem28 ($9.78 in chips) 
Seat 7: Danil27 ($16.74 in chips) 
Seat 9: Ramkha ($5.21 in chips) 
Ramkha: posts small blind $0.02
Dorex2007: posts big blind $0.05
*** HOLE CARDS ***
Dealt to Dorex2007 [Kc Ac]
NewKidOnTheFlop: raises $0.10 to $0.15
Derevtsssova: folds 
kodiakrb: folds 
STM32: folds 
Kallem28: folds 
Danil27: folds 
Ramkha: folds 
Dorex2007: raises $0.30 to $0.45
KAAS467 joins the table at seat #8 
NewKidOnTheFlop: calls $0.30
*** FLOP *** [5c 3s 8s]
Dorex2007: bets $0.88
NewKidOnTheFlop: folds 
Uncalled bet ($0.88) returned to Dorex2007
Dorex2007 collected $0.88 from pot
Dorex2007: doesn't show hand 
*** SUMMARY ***
Total pot $0.92 | Rake $0.04 
Board [5c 3s 8s]
Seat 1: Dorex2007 (big blind) collected ($0.88)
Seat 2: NewKidOnTheFlop folded on the Flop
Seat 3: Derevtsssova folded before Flop (didn't bet)
Seat 4: kodiakrb folded before Flop (didn't bet)
Seat 5: STM32 folded before Flop (didn't bet)
Seat 6: Kallem28 folded before Flop (didn't bet)
Seat 7: Danil27 (button) folded before Flop (didn't bet)
Seat 9: Ramkha (small blind) folded before Flop



PokerStars Hand #238075287121:  Hold'em No Limit ($0.02/$0.05 USD) - 2022/08/18 16:21:29 PT [2022/08/18 19:21:29 ET]
Table 'Oceax IV' 9-max Seat #9 is the button
Seat 1: Dorex2007 ($10.89 in chips) 
Seat 2: NewKidOnTheFlop ($6.78 in chips) 
Seat 3: Derevtsssova ($5 in chips) 
Seat 4: kodiakrb ($4.58 in chips) 
Seat 5: STM32 ($4.20 in chips) 
Seat 6: Kallem28 ($9.78 in chips) 
Seat 7: Danil27 ($16.74 in chips) 
Seat 8: KAAS467 ($5 in chips) 
Seat 9: Ramkha ($5.19 in chips) 
Dorex2007: posts small blind $0.02
NewKidOnTheFlop: posts big blind $0.05
KAAS467: posts big blind $0.05
*** HOLE CARDS ***
Dealt to Dorex2007 [Ah 6h]
Derevtsssova: folds 
kodiakrb: folds 
STM32: folds 
Kallem28: folds 
Danil27: folds 
KAAS467: checks 
Ramkha: folds 
Dorex2007: calls $0.03
NewKidOnTheFlop: checks 
*** FLOP *** [6s 9s Kh]
Dorex2007: checks 
NewKidOnTheFlop: checks 
KAAS467: checks 
*** TURN *** [6s 9s Kh] [3h]
Dorex2007: bets $0.07
NewKidOnTheFlop: folds 
KAAS467: folds 
Uncalled bet ($0.07) returned to Dorex2007
Dorex2007 collected $0.14 from pot
Dorex2007: doesn't show hand 
*** SUMMARY ***
Total pot $0.15 | Rake $0.01 
Board [6s 9s Kh 3h]
Seat 1: Dorex2007 (small blind) collected ($0.14)
Seat 2: NewKidOnTheFlop (big blind) folded on the Turn
Seat 3: Derevtsssova folded before Flop (didn't bet)
Seat 4: kodiakrb folded before Flop (didn't bet)
Seat 5: STM32 folded before Flop (didn't bet)
Seat 6: Kallem28 folded before Flop (didn't bet)
Seat 7: Danil27 folded before Flop (didn't bet)
Seat 8: KAAS467 folded on the Turn (didn't bet)
Seat 9: Ramkha (button) folded before Flop (didn't bet)



PokerStars Hand #238075299267:  Hold'em No Limit ($0.02/$0.05 USD) - 2022/08/18 16:22:14 PT [2022/08/18 19:22:14 ET]
Table 'Oceax IV' 9-max Seat #1 is the button
Seat 1: Dorex2007 ($10.98 in chips) 
Seat 2: NewKidOnTheFlop ($6.73 in chips) 
Seat 3: Derevtsssova ($5 in chips) 
Seat 4: kodiakrb ($4.58 in chips) 
Seat 5: STM32 ($4.20 in chips) 
Seat 6: Kallem28 ($9.78 in chips) 
Seat 7: Danil27 ($16.74 in chips) 
Seat 8: KAAS467 ($4.95 in chips) 
Seat 9: Ramkha ($5.19 in chips) 
NewKidOnTheFlop: posts small blind $0.02
Derevtsssova: posts big blind $0.05
*** HOLE CARDS ***
Dealt to Dorex2007 [Ts Tc]
kodiakrb: folds 
STM32: folds 
Kallem28: folds 
Danil27: folds 
KAAS467: folds 
Ramkha: folds 
Dorex2007: calls $0.05
NewKidOnTheFlop: folds 
Derevtsssova: checks 
*** FLOP *** [5s Ac 2c]
Derevtsssova: bets $0.20
Dorex2007: folds 
Uncalled bet ($0.20) returned to Derevtsssova
Derevtsssova collected $0.12 from pot
Derevtsssova: doesn't show hand 
*** SUMMARY ***
Total pot $0.12 | Rake $0 
Board [5s Ac 2c]
Seat 1: Dorex2007 (button) folded on the Flop
Seat 2: NewKidOnTheFlop (small blind) folded before Flop
Seat 3: Derevtsssova (big blind) collected ($0.12)
Seat 4: kodiakrb folded before Flop (didn't bet)
Seat 5: STM32 folded before Flop (didn't bet)
Seat 6: Kallem28 folded before Flop (didn't bet)
Seat 7: Danil27 folded before Flop (didn't bet)
Seat 8: KAAS467 folded before Flop (didn't bet)
Seat 9: Ramkha folded before Flop (didn't bet)



PokerStars Hand #238075310645:  Hold'em No Limit ($0.02/$0.05 USD) - 2022/08/18 16:22:55 PT [2022/08/18 19:22:55 ET]
Table 'Oceax IV' 9-max Seat #2 is the button
Seat 1: Dorex2007 ($10.93 in chips) 
Seat 2: NewKidOnTheFlop ($6.71 in chips) 
Seat 3: Derevtsssova ($5.07 in chips) 
Seat 4: kodiakrb ($4.58 in chips) 
Seat 5: STM32 ($4.20 in chips) 
Seat 6: Kallem28 ($9.78 in chips) 
Seat 7: Danil27 ($16.74 in chips) 
Seat 8: KAAS467 ($4.95 in chips) 
Seat 9: Ramkha ($5.19 in chips) 
Derevtsssova: posts small blind $0.02
kodiakrb: posts big blind $0.05
*** HOLE CARDS ***
Dealt to Dorex2007 [5d 5h]
STM32: raises $0.10 to $0.15
Kallem28: folds 
Danil27: folds 
KAAS467: raises $0.37 to $0.52
Ramkha: folds 
Dorex2007: folds 
NewKidOnTheFlop: folds 
Derevtsssova: folds 
kodiakrb: folds 
STM32: folds 
Uncalled bet ($0.37) returned to KAAS467
KAAS467 collected $0.37 from pot
KAAS467: doesn't show hand 
*** SUMMARY ***
Total pot $0.37 | Rake $0 
Seat 1: Dorex2007 folded before Flop (didn't bet)
Seat 2: NewKidOnTheFlop (button) folded before Flop (didn't bet)
Seat 3: Derevtsssova (small blind) folded before Flop
Seat 4: kodiakrb (big blind) folded before Flop
Seat 5: STM32 folded before Flop
Seat 6: Kallem28 folded before Flop (didn't bet)
Seat 7: Danil27 folded before Flop (didn't bet)
Seat 8: KAAS467 collected ($0.37)
Seat 9: Ramkha folded before Flop (didn't bet)



PokerStars Hand #238075319908:  Hold'em No Limit ($0.02/$0.05 USD) - 2022/08/18 16:23:29 PT [2022/08/18 19:23:29 ET]
Table 'Oceax IV' 9-max Seat #3 is the button
Seat 1: Dorex2007 ($10.93 in chips) 
Seat 2: NewKidOnTheFlop ($6.71 in chips) 
Seat 3: Derevtsssova ($5.05 in chips) 
Seat 4: kodiakrb ($4.53 in chips) 
Seat 5: STM32 ($4.20 in chips) 
Seat 6: Kallem28 ($9.78 in chips) 
Seat 7: Danil27 ($16.74 in chips) 
Seat 8: KAAS467 ($5.17 in chips) 
Seat 9: Ramkha ($5.19 in chips) 
kodiakrb: posts small blind $0.02
STM32: posts big blind $0.05
*** HOLE CARDS ***
Dealt to Dorex2007 [Ah 6s]
Kallem28: raises $0.10 to $0.15
Danil27: folds 
KAAS467: raises $0.37 to $0.52
Ramkha: folds 
Dorex2007: folds 
NewKidOnTheFlop: folds 
Derevtsssova: folds 
kodiakrb: folds 
STM32: folds 
Kallem28: calls $0.37
*** FLOP *** [3s 8d 5c]
Kallem28: checks 
KAAS467: checks 
*** TURN *** [3s 8d 5c] [Td]
Kallem28: checks 
KAAS467: checks 
*** RIVER *** [3s 8d 5c Td] [Ts]
Kallem28: bets $0.35
KAAS467: folds 
Uncalled bet ($0.35) returned to Kallem28
Kallem28 collected $1.06 from pot
Kallem28: doesn't show hand 
*** SUMMARY ***
Total pot $1.11 | Rake $0.05 
Board [3s 8d 5c Td Ts]
Seat 1: Dorex2007 folded before Flop (didn't bet)
Seat 2: NewKidOnTheFlop folded before Flop (didn't bet)
Seat 3: Derevtsssova (button) folded before Flop (didn't bet)
Seat 4: kodiakrb (small blind) folded before Flop
Seat 5: STM32 (big blind) folded before Flop
Seat 6: Kallem28 collected ($1.06)
Seat 7: Danil27 folded before Flop (didn't bet)
Seat 8: KAAS467 folded on the River
Seat 9: Ramkha folded before Flop (didn't bet)



PokerStars Hand #238075334363:  Hold'em No Limit ($0.02/$0.05 USD) - 2022/08/18 16:24:23 PT [2022/08/18 19:24:23 ET]
Table 'Oceax IV' 9-max Seat #4 is the button
Seat 1: Dorex2007 ($10.93 in chips) 
Seat 2: NewKidOnTheFlop ($6.71 in chips) 
Seat 3: Derevtsssova ($5.05 in chips) 
Seat 4: kodiakrb ($4.51 in chips) 
Seat 5: STM32 ($4.20 in chips) 
Seat 6: Kallem28 ($10.32 in chips) 
Seat 7: Danil27 ($16.74 in chips) 
Seat 8: KAAS467 ($4.65 in chips) 
Seat 9: Ramkha ($5.19 in chips) 
STM32: posts small blind $0.02
Kallem28: posts big blind $0.05
*** HOLE CARDS ***
Dealt to Dorex2007 [3c 7d]
Danil27: folds 
KAAS467: folds 
Ramkha: folds 
Dorex2007: folds 
NewKidOnTheFlop: folds 
Derevtsssova: folds 
kodiakrb: folds 
STM32: raises $0.10 to $0.15
Kallem28: folds 
Uncalled bet ($0.10) returned to STM32
STM32 collected $0.10 from pot
STM32: doesn't show hand 
*** SUMMARY ***
Total pot $0.10 | Rake $0 
Seat 1: Dorex2007 folded before Flop (didn't bet)
Seat 2: NewKidOnTheFlop folded before Flop (didn't bet)
Seat 3: Derevtsssova folded before Flop (didn't bet)
Seat 4: kodiakrb (button) folded before Flop (didn't bet)
Seat 5: STM32 (small blind) collected ($0.10)
Seat 6: Kallem28 (big blind) folded before Flop
Seat 7: Danil27 folded before Flop (didn't bet)
Seat 8: KAAS467 folded before Flop (didn't bet)
Seat 9: Ramkha folded before Flop (didn't bet)



PokerStars Hand #238075341998:  Hold'em No Limit ($0.02/$0.05 USD) - 2022/08/18 16:24:50 PT [2022/08/18 19:24:50 ET]
Table 'Oceax IV' 9-max Seat #5 is the button
Seat 1: Dorex2007 ($10.93 in chips) 
Seat 2: NewKidOnTheFlop ($6.71 in chips) 
Seat 3: Derevtsssova ($5.05 in chips) 
Seat 4: kodiakrb ($4.51 in chips) 
Seat 5: STM32 ($4.25 in chips) 
Seat 6: Kallem28 ($10.27 in chips) 
Seat 7: Danil27 ($16.74 in chips) 
Seat 8: KAAS467 ($4.65 in chips) 
Seat 9: Ramkha ($5.19 in chips) 
Kallem28: posts small blind $0.02
Danil27: posts big blind $0.05
*** HOLE CARDS ***
Dealt to Dorex2007 [Ts Js]
KAAS467: folds 
Ramkha: folds 
Dorex2007: raises $0.05 to $0.10
NewKidOnTheFlop: folds 
Derevtsssova: folds 
kodiakrb: folds 
STM32: calls $0.10
Kallem28: calls $0.08
Danil27: folds 
*** FLOP *** [Qs 9c Qc]
Kallem28: checks 
Dorex2007: checks 
STM32: bets $0.10
Kallem28: folds 
Dorex2007: calls $0.10
*** TURN *** [Qs 9c Qc] [6s]
Dorex2007: checks 
STM32: checks 
*** RIVER *** [Qs 9c Qc 6s] [Qd]
Dorex2007: checks 
STM32: bets $0.30
Dorex2007: folds 
Uncalled bet ($0.30) returned to STM32
STM32 collected $0.53 from pot
STM32: doesn't show hand 
*** SUMMARY ***
Total pot $0.55 | Rake $0.02 
Board [Qs 9c Qc 6s Qd]
Seat 1: Dorex2007 folded on the River
Seat 2: NewKidOnTheFlop folded before Flop (didn't bet)
Seat 3: Derevtsssova folded before Flop (didn't bet)
Seat 4: kodiakrb folded before Flop (didn't bet)
Seat 5: STM32 (button) collected ($0.53)
Seat 6: Kallem28 (small blind) folded on the Flop
Seat 7: Danil27 (big blind) folded before Flop
Seat 8: KAAS467 folded before Flop (didn't bet)
Seat 9: Ramkha folded before Flop (didn't bet)



PokerStars Hand #238075363758:  Hold'em No Limit ($0.02/$0.05 USD) - 2022/08/18 16:26:10 PT [2022/08/18 19:26:10 ET]
Table 'Oceax IV' 9-max Seat #6 is the button
Seat 1: Dorex2007 ($10.73 in chips) 
Seat 2: NewKidOnTheFlop ($6.71 in chips) 
Seat 3: Derevtsssova ($5.05 in chips) 
Seat 4: kodiakrb ($4.51 in chips) 
Seat 5: STM32 ($4.58 in chips) 
Seat 6: Kallem28 ($10.17 in chips) 
Seat 7: Danil27 ($16.69 in chips) 
Seat 8: KAAS467 ($4.65 in chips) 
Seat 9: Ramkha ($5.19 in chips) 
Danil27: posts small blind $0.02
KAAS467: posts big blind $0.05
*** HOLE CARDS ***
Dealt to Dorex2007 [6c 8s]
Ramkha: folds 
Dorex2007: folds 
NewKidOnTheFlop: folds 
Derevtsssova: folds 
kodiakrb: folds 
STM32: folds 
Kallem28: raises $0.10 to $0.15
Danil27: raises $0.40 to $0.55
KAAS467: folds 
Kallem28: folds 
Uncalled bet ($0.40) returned to Danil27
Danil27 collected $0.35 from pot
Danil27: doesn't show hand 
*** SUMMARY ***
Total pot $0.35 | Rake $0 
Seat 1: Dorex2007 folded before Flop (didn't bet)
Seat 2: NewKidOnTheFlop folded before Flop (didn't bet)
Seat 3: Derevtsssova folded before Flop (didn't bet)
Seat 4: kodiakrb folded before Flop (didn't bet)
Seat 5: STM32 folded before Flop (didn't bet)
Seat 6: Kallem28 (button) folded before Flop
Seat 7: Danil27 (small blind) collected ($0.35)
Seat 8: KAAS467 (big blind) folded before Flop
Seat 9: Ramkha folded before Flop (didn't bet)



PokerStars Hand #238075372538:  Hold'em No Limit ($0.02/$0.05 USD) - 2022/08/18 16:26:42 PT [2022/08/18 19:26:42 ET]
Table 'Oceax IV' 9-max Seat #7 is the button
Seat 1: Dorex2007 ($10.73 in chips) 
Seat 2: NewKidOnTheFlop ($6.71 in chips) 
Seat 3: Derevtsssova ($5.05 in chips) 
Seat 4: kodiakrb ($4.51 in chips) 
Seat 5: STM32 ($4.58 in chips) 
Seat 6: Kallem28 ($10.02 in chips) 
Seat 7: Danil27 ($16.89 in chips) 
Seat 8: KAAS467 ($4.60 in chips) 
Seat 9: Ramkha ($5.19 in chips) 
KAAS467: posts small blind $0.02
Ramkha: posts big blind $0.05
*** HOLE CARDS ***
Dealt to Dorex2007 [5s 4c]
Dorex2007: folds 
NewKidOnTheFlop: folds 
Derevtsssova: folds 
kodiakrb: raises $0.05 to $0.10
STM32: folds 
Kallem28: folds 
Danil27: folds 
KAAS467: folds 
Ramkha: folds 
Uncalled bet ($0.05) returned to kodiakrb
kodiakrb collected $0.12 from pot
*** SUMMARY ***
Total pot $0.12 | Rake $0 
Seat 1: Dorex2007 folded before Flop (didn't bet)
Seat 2: NewKidOnTheFlop folded before Flop (didn't bet)
Seat 3: Derevtsssova folded before Flop (didn't bet)
Seat 4: kodiakrb collected ($0.12)
Seat 5: STM32 folded before Flop (didn't bet)
Seat 6: Kallem28 folded before Flop (didn't bet)
Seat 7: Danil27 (button) folded before Flop (didn't bet)
Seat 8: KAAS467 (small blind) folded before Flop
Seat 9: Ramkha (big blind) folded before Flop



PokerStars Hand #238075377610:  Hold'em No Limit ($0.02/$0.05 USD) - 2022/08/18 16:27:01 PT [2022/08/18 19:27:01 ET]
Table 'Oceax IV' 9-max Seat #8 is the button
Seat 1: Dorex2007 ($10.73 in chips) 
Seat 2: NewKidOnTheFlop ($6.71 in chips) 
Seat 3: Derevtsssova ($5.05 in chips) 
Seat 4: kodiakrb ($4.58 in chips) 
Seat 5: STM32 ($4.58 in chips) 
Seat 6: Kallem28 ($10.02 in chips) 
Seat 7: Danil27 ($16.89 in chips) 
Seat 8: KAAS467 ($4.58 in chips) 
Seat 9: Ramkha ($5.14 in chips) 
Ramkha: posts small blind $0.02
Dorex2007: posts big blind $0.05
*** HOLE CARDS ***
Dealt to Dorex2007 [Tc 4h]
NewKidOnTheFlop: folds 
Derevtsssova: folds 
kodiakrb: calls $0.05
STM32: folds 
Kallem28: folds 
Danil27: raises $0.12 to $0.17
KAAS467: folds 
Ramkha: raises $0.43 to $0.60
Dorex2007: folds 
kodiakrb: folds 
Danil27: folds 
Uncalled bet ($0.43) returned to Ramkha
Ramkha collected $0.44 from pot
Ramkha: doesn't show hand 
*** SUMMARY ***
Total pot $0.44 | Rake $0 
Seat 1: Dorex2007 (big blind) folded before Flop
Seat 2: NewKidOnTheFlop folded before Flop (didn't bet)
Seat 3: Derevtsssova folded before Flop (didn't bet)
Seat 4: kodiakrb folded before Flop
Seat 5: STM32 folded before Flop (didn't bet)
Seat 6: Kallem28 folded before Flop (didn't bet)
Seat 7: Danil27 folded before Flop
Seat 8: KAAS467 (button) folded before Flop (didn't bet)
Seat 9: Ramkha (small blind) collected ($0.44)



PokerStars Hand #238075390338:  Hold'em No Limit ($0.02/$0.05 USD) - 2022/08/18 16:27:48 PT [2022/08/18 19:27:48 ET]
Table 'Oceax IV' 9-max Seat #9 is the button
Seat 1: Dorex2007 ($10.68 in chips) 
Seat 2: NewKidOnTheFlop ($6.71 in chips) 
Seat 3: Derevtsssova ($5.05 in chips) 
Seat 4: kodiakrb ($4.53 in chips) 
Seat 5: STM32 ($4.58 in chips) 
Seat 6: Kallem28 ($10.02 in chips) 
Seat 7: Danil27 ($16.72 in chips) 
Seat 8: KAAS467 ($4.58 in chips) 
Seat 9: Ramkha ($5.41 in chips) 
Dorex2007: posts small blind $0.02
NewKidOnTheFlop: posts big blind $0.05
*** HOLE CARDS ***
Dealt to Dorex2007 [Qd 8s]
Derevtsssova: folds 
kodiakrb: raises $0.05 to $0.10
STM32: folds 
Kallem28: folds 
Danil27: folds 
KAAS467: folds 
Ramkha: folds 
Dorex2007: folds 
NewKidOnTheFlop: folds 
Uncalled bet ($0.05) returned to kodiakrb
kodiakrb collected $0.12 from pot
*** SUMMARY ***
Total pot $0.12 | Rake $0 
Seat 1: Dorex2007 (small blind) folded before Flop
Seat 2: NewKidOnTheFlop (big blind) folded before Flop
Seat 3: Derevtsssova folded before Flop (didn't bet)
Seat 4: kodiakrb collected ($0.12)
Seat 5: STM32 folded before Flop (didn't bet)
Seat 6: Kallem28 folded before Flop (didn't bet)
Seat 7: Danil27 folded before Flop (didn't bet)
Seat 8: KAAS467 folded before Flop (didn't bet)
Seat 9: Ramkha (button) folded before Flop (didn't bet)



PokerStars Hand #238075396073:  Hold'em No Limit ($0.02/$0.05 USD) - 2022/08/18 16:28:09 PT [2022/08/18 19:28:09 ET]
Table 'Oceax IV' 9-max Seat #1 is the button
Seat 1: Dorex2007 ($10.66 in chips) 
Seat 2: NewKidOnTheFlop ($6.66 in chips) 
Seat 3: Derevtsssova ($5.05 in chips) 
Seat 4: kodiakrb ($4.60 in chips) 
Seat 5: STM32 ($4.58 in chips) 
Seat 6: Kallem28 ($10.02 in chips) 
Seat 7: Danil27 ($16.72 in chips) 
Seat 8: KAAS467 ($4.58 in chips) 
Seat 9: Ramkha ($5.41 in chips) 
NewKidOnTheFlop: posts small blind $0.02
Derevtsssova: posts big blind $0.05
*** HOLE CARDS ***
Dealt to Dorex2007 [Ac 6h]
kodiakrb: folds 
STM32: folds 
Kallem28: folds 
Danil27: folds 
KAAS467: folds 
Ramkha: raises $0.07 to $0.12
Dorex2007: folds 
NewKidOnTheFlop: folds 
Derevtsssova: calls $0.07
*** FLOP *** [7s 4d Js]
Derevtsssova: checks 
Ramkha: bets $0.13
Derevtsssova: calls $0.13
*** TURN *** [7s 4d Js] [Jc]
Derevtsssova: checks 
Ramkha: bets $0.40
Derevtsssova: calls $0.40
*** RIVER *** [7s 4d Js Jc] [9d]
Derevtsssova: checks 
Ramkha: checks 
*** SHOW DOWN ***
Derevtsssova: shows [7h Qh] (two pair, Jacks and Sevens)
Ramkha: shows [Qs Qd] (two pair, Queens and Jacks)
Ramkha collected $1.27 from pot
*** SUMMARY ***
Total pot $1.32 | Rake $0.05 
Board [7s 4d Js Jc 9d]
Seat 1: Dorex2007 (button) folded before Flop (didn't bet)
Seat 2: NewKidOnTheFlop (small blind) folded before Flop
Seat 3: Derevtsssova (big blind) showed [7h Qh] and lost with two pair, Jacks and Sevens
Seat 4: kodiakrb folded before Flop (didn't bet)
Seat 5: STM32 folded before Flop (didn't bet)
Seat 6: Kallem28 folded before Flop (didn't bet)
Seat 7: Danil27 folded before Flop (didn't bet)
Seat 8: KAAS467 folded before Flop (didn't bet)
Seat 9: Ramkha showed [Qs Qd] and won ($1.27) with two pair, Queens and Jacks



PokerStars Hand #238075419103:  Hold'em No Limit ($0.02/$0.05 USD) - 2022/08/18 16:29:10 PT [2022/08/18 19:29:10 ET]
Table 'Oceax IV' 9-max Seat #2 is the button
Seat 1: Dorex2007 ($10.66 in chips) 
Seat 2: NewKidOnTheFlop ($6.64 in chips) 
Seat 3: Derevtsssova ($5 in chips) 
Seat 4: kodiakrb ($4.60 in chips) 
Seat 5: STM32 ($4.58 in chips) 
Seat 6: Kallem28 ($10.02 in chips) 
Seat 7: Danil27 ($16.72 in chips) 
Seat 8: KAAS467 ($4.58 in chips) 
Seat 9: Ramkha ($6.03 in chips) 
Derevtsssova: posts small blind $0.02
kodiakrb: posts big blind $0.05
*** HOLE CARDS ***
Dealt to Dorex2007 [4s Kh]
STM32: folds 
Kallem28: folds 
Danil27: folds 
KAAS467: folds 
Ramkha: folds 
Dorex2007: folds 
NewKidOnTheFlop: folds 
Derevtsssova: folds 
Uncalled bet ($0.03) returned to kodiakrb
kodiakrb collected $0.04 from pot
*** SUMMARY ***
Total pot $0.04 | Rake $0 
Seat 1: Dorex2007 folded before Flop (didn't bet)
Seat 2: NewKidOnTheFlop (button) folded before Flop (didn't bet)
Seat 3: Derevtsssova (small blind) folded before Flop
Seat 4: kodiakrb (big blind) collected ($0.04)
Seat 5: STM32 folded before Flop (didn't bet)
Seat 6: Kallem28 folded before Flop (didn't bet)
Seat 7: Danil27 folded before Flop (didn't bet)
Seat 8: KAAS467 folded before Flop (didn't bet)
Seat 9: Ramkha folded before Flop (didn't bet)



PokerStars Hand #238075424348:  Hold'em No Limit ($0.02/$0.05 USD) - 2022/08/18 16:29:30 PT [2022/08/18 19:29:30 ET]
Table 'Oceax IV' 9-max Seat #3 is the button
Seat 1: Dorex2007 ($10.66 in chips) 
Seat 2: NewKidOnTheFlop ($6.64 in chips) 
Seat 3: Derevtsssova ($5 in chips) 
Seat 4: kodiakrb ($4.62 in chips) 
Seat 5: STM32 ($4.58 in chips) 
Seat 6: Kallem28 ($10.02 in chips) 
Seat 7: Danil27 ($16.72 in chips) 
Seat 8: KAAS467 ($4.58 in chips) 
Seat 9: Ramkha ($6.03 in chips) 
kodiakrb: posts small blind $0.02
STM32: posts big blind $0.05
*** HOLE CARDS ***
Dealt to Dorex2007 [5d 9s]
Kallem28: folds 
Danil27: raises $0.12 to $0.17
KAAS467: folds 
Ramkha: folds 
Dorex2007: folds 
NewKidOnTheFlop: folds 
Derevtsssova: calls $0.17
kodiakrb: folds 
STM32: folds 
*** FLOP *** [Qh Kc 2h]
Danil27: bets $0.25
Derevtsssova: calls $0.25
*** TURN *** [Qh Kc 2h] [2s]
Danil27: bets $0.60
Derevtsssova: calls $0.60
*** RIVER *** [Qh Kc 2h 2s] [7c]
Danil27: bets $1.60
Derevtsssova: folds 
Uncalled bet ($1.60) returned to Danil27
Danil27 collected $2.02 from pot
Danil27: doesn't show hand 
*** SUMMARY ***
Total pot $2.11 | Rake $0.09 
Board [Qh Kc 2h 2s 7c]
Seat 1: Dorex2007 folded before Flop (didn't bet)
Seat 2: NewKidOnTheFlop folded before Flop (didn't bet)
Seat 3: Derevtsssova (button) folded on the River
Seat 4: kodiakrb (small blind) folded before Flop
Seat 5: STM32 (big blind) folded before Flop
Seat 6: Kallem28 folded before Flop (didn't bet)
Seat 7: Danil27 collected ($2.02)
Seat 8: KAAS467 folded before Flop (didn't bet)
Seat 9: Ramkha folded before Flop (didn't bet)



PokerStars Hand #238075465158:  Hold'em No Limit ($0.02/$0.05 USD) - 2022/08/18 16:31:32 PT [2022/08/18 19:31:32 ET]
Table 'Oceax IV' 9-max Seat #4 is the button
Seat 1: Dorex2007 ($10.66 in chips) 
Seat 2: NewKidOnTheFlop ($6.64 in chips) 
Seat 3: Derevtsssova ($5 in chips) 
Seat 4: kodiakrb ($4.60 in chips) 
Seat 5: STM32 ($4.53 in chips) 
Seat 6: Kallem28 ($10.02 in chips) 
Seat 7: Danil27 ($17.72 in chips) 
Seat 8: KAAS467 ($4.58 in chips) 
Seat 9: Ramkha ($6.03 in chips) 
STM32: posts small blind $0.02
Kallem28: posts big blind $0.05
*** HOLE CARDS ***
Dealt to Dorex2007 [Qh Kc]
Danil27: folds 
KAAS467: folds 
Ramkha: folds 
Dorex2007: folds 
NewKidOnTheFlop: folds 
Derevtsssova: folds 
kodiakrb: raises $0.05 to $0.10
STM32: calls $0.08
Kallem28: folds 
*** FLOP *** [6d Jc Kh]
STM32: checks 
kodiakrb: bets $0.19
STM32: folds 
Uncalled bet ($0.19) returned to kodiakrb
kodiakrb collected $0.24 from pot
*** SUMMARY ***
Total pot $0.25 | Rake $0.01 
Board [6d Jc Kh]
Seat 1: Dorex2007 folded before Flop (didn't bet)
Seat 2: NewKidOnTheFlop folded before Flop (didn't bet)
Seat 3: Derevtsssova folded before Flop (didn't bet)
Seat 4: kodiakrb (button) collected ($0.24)
Seat 5: STM32 (small blind) folded on the Flop
Seat 6: Kallem28 (big blind) folded before Flop
Seat 7: Danil27 folded before Flop (didn't bet)
Seat 8: KAAS467 folded before Flop (didn't bet)
Seat 9: Ramkha folded before Flop (didn't bet)



PokerStars Hand #238075475126:  Hold'em No Limit ($0.02/$0.05 USD) - 2022/08/18 16:32:09 PT [2022/08/18 19:32:09 ET]
Table 'Oceax IV' 9-max Seat #5 is the button
Seat 1: Dorex2007 ($10.66 in chips) 
Seat 2: NewKidOnTheFlop ($6.64 in chips) 
Seat 4: kodiakrb ($4.74 in chips) 
Seat 5: STM32 ($4.43 in chips) 
Seat 6: Kallem28 ($9.97 in chips) 
Seat 7: Danil27 ($17.72 in chips) 
Seat 8: KAAS467 ($4.58 in chips) 
Seat 9: Ramkha ($6.03 in chips) 
Kallem28: posts small blind $0.02
Danil27: posts big blind $0.05
*** HOLE CARDS ***
Dealt to Dorex2007 [Jd Kd]
KAAS467: folds 
Ramkha: folds 
Dorex2007: raises $0.10 to $0.15
NewKidOnTheFlop: folds 
kodiakrb: folds 
STM32: calls $0.15
Kallem28: folds 
Danil27: folds 
*** FLOP *** [9h Qd 6s]
Dorex2007: checks 
STM32: checks 
*** TURN *** [9h Qd 6s] [4d]
Dorex2007: bets $0.17
Derevtsssova leaves the table
STM32: calls $0.17
*** RIVER *** [9h Qd 6s 4d] [Qs]
Dorex2007: checks 
STM32: checks 
*** SHOW DOWN ***
Dorex2007: shows [Jd Kd] (a pair of Queens)
STM32: shows [Ks Ah] (a pair of Queens - Ace kicker)
STM32 collected $0.68 from pot
*** SUMMARY ***
Total pot $0.71 | Rake $0.03 
Board [9h Qd 6s 4d Qs]
Seat 1: Dorex2007 showed [Jd Kd] and lost with a pair of Queens
Seat 2: NewKidOnTheFlop folded before Flop (didn't bet)
Seat 4: kodiakrb folded before Flop (didn't bet)
Seat 5: STM32 (button) showed [Ks Ah] and won ($0.68) with a pair of Queens
Seat 6: Kallem28 (small blind) folded before Flop
Seat 7: Danil27 (big blind) folded before Flop
Seat 8: KAAS467 folded before Flop (didn't bet)
Seat 9: Ramkha folded before Flop (didn't bet)



PokerStars Hand #238075486421:  Hold'em No Limit ($0.02/$0.05 USD) - 2022/08/18 16:32:52 PT [2022/08/18 19:32:52 ET]
Table 'Oceax IV' 9-max Seat #6 is the button
Seat 1: Dorex2007 ($10.34 in chips) 
Seat 2: NewKidOnTheFlop ($6.64 in chips) 
Seat 4: kodiakrb ($4.74 in chips) 
Seat 5: STM32 ($4.79 in chips) 
Seat 6: Kallem28 ($9.95 in chips) 
Seat 7: Danil27 ($17.67 in chips) 
Seat 8: KAAS467 ($4.58 in chips) 
Seat 9: Ramkha ($6.03 in chips) 
Danil27: posts small blind $0.02
KAAS467: posts big blind $0.05
*** HOLE CARDS ***
Dealt to Dorex2007 [6c 2h]
Ramkha: folds 
Dorex2007: folds 
NewKidOnTheFlop: folds 
kodiakrb: folds 
dc972155 joins the table at seat #3 
STM32: raises $0.10 to $0.15
Kallem28: folds 
Danil27: raises $0.35 to $0.50
KAAS467: folds 
STM32: folds 
Uncalled bet ($0.35) returned to Danil27
Danil27 collected $0.35 from pot
Danil27: doesn't show hand 
*** SUMMARY ***
Total pot $0.35 | Rake $0 
Seat 1: Dorex2007 folded before Flop (didn't bet)
Seat 2: NewKidOnTheFlop folded before Flop (didn't bet)
Seat 4: kodiakrb folded before Flop (didn't bet)
Seat 5: STM32 folded before Flop
Seat 6: Kallem28 (button) folded before Flop (didn't bet)
Seat 7: Danil27 (small blind) collected ($0.35)
Seat 8: KAAS467 (big blind) folded before Flop
Seat 9: Ramkha folded before Flop (didn't bet)



PokerStars Hand #238075494292:  Hold'em No Limit ($0.02/$0.05 USD) - 2022/08/18 16:33:22 PT [2022/08/18 19:33:22 ET]
Table 'Oceax IV' 9-max Seat #7 is the button
Seat 1: Dorex2007 ($10.34 in chips) 
Seat 2: NewKidOnTheFlop ($6.64 in chips) 
Seat 4: kodiakrb ($4.74 in chips) 
Seat 5: STM32 ($4.64 in chips) 
Seat 6: Kallem28 ($9.95 in chips) 
Seat 7: Danil27 ($17.87 in chips) 
Seat 8: KAAS467 ($4.53 in chips) 
Seat 9: Ramkha ($6.03 in chips) 
KAAS467: posts small blind $0.02
Ramkha: posts big blind $0.05
dc972155: sits out 
*** HOLE CARDS ***
Dealt to Dorex2007 [2h 5c]
Dorex2007: folds 
NewKidOnTheFlop: folds 
kodiakrb: raises $0.10 to $0.15
STM32: folds 
Kallem28: folds 
Danil27: folds 
KAAS467: calls $0.13
Ramkha: folds 
*** FLOP *** [3h Kd Jd]
KAAS467: bets $0.23
kodiakrb: raises $0.33 to $0.56
KAAS467: calls $0.33
*** TURN *** [3h Kd Jd] [Ks]
KAAS467: checks 
kodiakrb: bets $0.85
KAAS467: folds 
Uncalled bet ($0.85) returned to kodiakrb
kodiakrb collected $1.41 from pot
*** SUMMARY ***
Total pot $1.47 | Rake $0.06 
Board [3h Kd Jd Ks]
Seat 1: Dorex2007 folded before Flop (didn't bet)
Seat 2: NewKidOnTheFlop folded before Flop (didn't bet)
Seat 4: kodiakrb collected ($1.41)
Seat 5: STM32 folded before Flop (didn't bet)
Seat 6: Kallem28 folded before Flop (didn't bet)
Seat 7: Danil27 (button) folded before Flop (didn't bet)
Seat 8: KAAS467 (small blind) folded on the Turn
Seat 9: Ramkha (big blind) folded before Flop



PokerStars Hand #238075509285:  Hold'em No Limit ($0.02/$0.05 USD) - 2022/08/18 16:34:19 PT [2022/08/18 19:34:19 ET]
Table 'Oceax IV' 9-max Seat #8 is the button
Seat 1: Dorex2007 ($10.34 in chips) 
Seat 2: NewKidOnTheFlop ($6.64 in chips) 
Seat 4: kodiakrb ($5.44 in chips) 
Seat 5: STM32 ($4.64 in chips) 
Seat 6: Kallem28 ($9.95 in chips) 
Seat 7: Danil27 ($17.87 in chips) 
Seat 8: KAAS467 ($3.82 in chips) 
Seat 9: Ramkha ($5.98 in chips) 
Ramkha: posts small blind $0.02
Dorex2007: posts big blind $0.05
dc972155: sits out 
*** HOLE CARDS ***
Dealt to Dorex2007 [5d 3c]
NewKidOnTheFlop: folds 
kodiakrb: calls $0.05
STM32: folds 
Kallem28: folds 
Danil27: raises $0.12 to $0.17
KAAS467: calls $0.17
Ramkha: folds 
Dorex2007: folds 
kodiakrb: calls $0.12
*** FLOP *** [2d 3h 2h]
kodiakrb: checks 
Danil27: checks 
KAAS467: checks 
*** TURN *** [2d 3h 2h] [Ts]
kodiakrb: checks 
Danil27: checks 
KAAS467: checks 
*** RIVER *** [2d 3h 2h Ts] [Ad]
kodiakrb: checks 
Danil27: bets $0.42
KAAS467: folds 
kodiakrb: calls $0.42
*** SHOW DOWN ***
Danil27: shows [7s 6s] (a pair of Deuces)
kodiakrb: shows [5s Ac] (two pair, Aces and Deuces)
kodiakrb collected $1.36 from pot
*** SUMMARY ***
Total pot $1.42 | Rake $0.06 
Board [2d 3h 2h Ts Ad]
Seat 1: Dorex2007 (big blind) folded before Flop
Seat 2: NewKidOnTheFlop folded before Flop (didn't bet)
Seat 4: kodiakrb showed [5s Ac] and won ($1.36) with two pair, Aces and Deuces
Seat 5: STM32 folded before Flop (didn't bet)
Seat 6: Kallem28 folded before Flop (didn't bet)
Seat 7: Danil27 showed [7s 6s] and lost with a pair of Deuces
Seat 8: KAAS467 (button) folded on the River
Seat 9: Ramkha (small blind) folded before Flop



PokerStars Hand #238075523574:  Hold'em No Limit ($0.02/$0.05 USD) - 2022/08/18 16:35:13 PT [2022/08/18 19:35:13 ET]
Table 'Oceax IV' 9-max Seat #9 is the button
Seat 1: Dorex2007 ($10.29 in chips) 
Seat 2: NewKidOnTheFlop ($6.64 in chips) 
Seat 4: kodiakrb ($6.21 in chips) 
Seat 5: STM32 ($4.64 in chips) 
Seat 6: Kallem28 ($9.95 in chips) 
Seat 7: Danil27 ($17.28 in chips) 
Seat 8: KAAS467 ($3.65 in chips) 
Seat 9: Ramkha ($5.96 in chips) 
Dorex2007: posts small blind $0.02
NewKidOnTheFlop: posts big blind $0.05
dc972155: sits out 
*** HOLE CARDS ***
Dealt to Dorex2007 [Kh 2d]
kodiakrb: folds 
STM32: folds 
Kallem28: folds 
Danil27: raises $0.10 to $0.15
KAAS467: folds 
Ramkha: folds 
Dorex2007: folds 
NewKidOnTheFlop: calls $0.10
*** FLOP *** [8d 5h 4h]
NewKidOnTheFlop: checks 
Danil27: bets $0.20
NewKidOnTheFlop: calls $0.20
*** TURN *** [8d 5h 4h] [3h]
NewKidOnTheFlop: checks 
Danil27: checks 
*** RIVER *** [8d 5h 4h 3h] [8h]
NewKidOnTheFlop: bets $0.39
Danil27: folds 
Uncalled bet ($0.39) returned to NewKidOnTheFlop
NewKidOnTheFlop collected $0.68 from pot
NewKidOnTheFlop: doesn't show hand 
*** SUMMARY ***
Total pot $0.72 | Rake $0.04 
Board [8d 5h 4h 3h 8h]
Seat 1: Dorex2007 (small blind) folded before Flop
Seat 2: NewKidOnTheFlop (big blind) collected ($0.68)
Seat 4: kodiakrb folded before Flop (didn't bet)
Seat 5: STM32 folded before Flop (didn't bet)
Seat 6: Kallem28 folded before Flop (didn't bet)
Seat 7: Danil27 folded on the River
Seat 8: KAAS467 folded before Flop (didn't bet)
Seat 9: Ramkha (button) folded before Flop (didn't bet)



PokerStars Hand #238075540304:  Hold'em No Limit ($0.02/$0.05 USD) - 2022/08/18 16:36:17 PT [2022/08/18 19:36:17 ET]
Table 'Oceax IV' 9-max Seat #1 is the button
Seat 1: Dorex2007 ($10.27 in chips) 
Seat 2: NewKidOnTheFlop ($6.97 in chips) 
Seat 3: dc972155 ($5 in chips) 
Seat 4: kodiakrb ($6.21 in chips) 
Seat 5: STM32 ($4.64 in chips) 
Seat 6: Kallem28 ($9.95 in chips) 
Seat 7: Danil27 ($16.93 in chips) 
Seat 8: KAAS467 ($3.65 in chips) 
Seat 9: Ramkha ($5.96 in chips) 
NewKidOnTheFlop: posts small blind $0.02
dc972155: posts big blind $0.05
*** HOLE CARDS ***
Dealt to Dorex2007 [As 7c]
kodiakrb: folds 
STM32: folds 
Kallem28: raises $0.10 to $0.15
Danil27: folds 
KAAS467: folds 
Ramkha: raises $0.30 to $0.45
Dorex2007: folds 
NewKidOnTheFlop: folds 
dc972155: folds 
Kallem28: folds 
Uncalled bet ($0.30) returned to Ramkha
Ramkha collected $0.37 from pot
Ramkha: doesn't show hand 
*** SUMMARY ***
Total pot $0.37 | Rake $0 
Seat 1: Dorex2007 (button) folded before Flop (didn't bet)
Seat 2: NewKidOnTheFlop (small blind) folded before Flop
Seat 3: dc972155 (big blind) folded before Flop
Seat 4: kodiakrb folded before Flop (didn't bet)
Seat 5: STM32 folded before Flop (didn't bet)
Seat 6: Kallem28 folded before Flop
Seat 7: Danil27 folded before Flop (didn't bet)
Seat 8: KAAS467 folded before Flop (didn't bet)
Seat 9: Ramkha collected ($0.37)



PokerStars Hand #238075546959:  Hold'em No Limit ($0.02/$0.05 USD) - 2022/08/18 16:36:42 PT [2022/08/18 19:36:42 ET]
Table 'Oceax IV' 9-max Seat #2 is the button
Seat 1: Dorex2007 ($10.27 in chips) 
Seat 2: NewKidOnTheFlop ($6.95 in chips) 
Seat 3: dc972155 ($4.95 in chips) 
Seat 4: kodiakrb ($6.21 in chips) 
Seat 5: STM32 ($4.64 in chips) 
Seat 6: Kallem28 ($9.80 in chips) 
Seat 7: Danil27 ($16.93 in chips) 
Seat 8: KAAS467 ($3.65 in chips) 
Seat 9: Ramkha ($6.18 in chips) 
dc972155: posts small blind $0.02
kodiakrb: posts big blind $0.05
*** HOLE CARDS ***
Dealt to Dorex2007 [Kh 8h]
STM32: folds 
Kallem28: folds 
Danil27: folds 
KAAS467: folds 
Ramkha: folds 
Dorex2007: folds 
NewKidOnTheFlop: raises $0.10 to $0.15
dc972155: folds 
kodiakrb: calls $0.10
*** FLOP *** [Qh 6s Js]
kodiakrb: checks 
NewKidOnTheFlop: checks 
*** TURN *** [Qh 6s Js] [2h]
kodiakrb: bets $0.20
NewKidOnTheFlop: calls $0.20
*** RIVER *** [Qh 6s Js 2h] [8c]
kodiakrb: bets $0.34
NewKidOnTheFlop: calls $0.34
*** SHOW DOWN ***
kodiakrb: shows [4h Jc] (a pair of Jacks)
NewKidOnTheFlop: shows [Ad Jh] (a pair of Jacks - Ace kicker)
NewKidOnTheFlop collected $1.32 from pot
*** SUMMARY ***
Total pot $1.40 | Rake $0.08 
Board [Qh 6s Js 2h 8c]
Seat 1: Dorex2007 folded before Flop (didn't bet)
Seat 2: NewKidOnTheFlop (button) showed [Ad Jh] and won ($1.32) with a pair of Jacks
Seat 3: dc972155 (small blind) folded before Flop
Seat 4: kodiakrb (big blind) showed [4h Jc] and lost with a pair of Jacks
Seat 5: STM32 folded before Flop (didn't bet)
Seat 6: Kallem28 folded before Flop (didn't bet)
Seat 7: Danil27 folded before Flop (didn't bet)
Seat 8: KAAS467 folded before Flop (didn't bet)
Seat 9: Ramkha folded before Flop (didn't bet)



PokerStars Hand #238075563725:  Hold'em No Limit ($0.02/$0.05 USD) - 2022/08/18 16:37:46 PT [2022/08/18 19:37:46 ET]
Table 'Oceax IV' 9-max Seat #3 is the button
Seat 1: Dorex2007 ($10.27 in chips) 
Seat 2: NewKidOnTheFlop ($7.58 in chips) 
Seat 3: dc972155 ($4.93 in chips) 
Seat 4: kodiakrb ($5.52 in chips) 
Seat 5: STM32 ($4.64 in chips) 
Seat 6: Kallem28 ($9.80 in chips) 
Seat 7: Danil27 ($16.93 in chips) 
Seat 8: KAAS467 ($3.65 in chips) 
Seat 9: Ramkha ($6.18 in chips) 
kodiakrb: posts small blind $0.02
STM32: posts big blind $0.05
*** HOLE CARDS ***
Dealt to Dorex2007 [Ts Ks]
Kallem28: folds 
Danil27: folds 
KAAS467: folds 
Ramkha: folds 
Dorex2007: raises $0.10 to $0.15
NewKidOnTheFlop: folds 
dc972155: folds 
kodiakrb: calls $0.13
STM32: folds 
*** FLOP *** [4c 8s Jd]
kodiakrb: bets $0.17
Dorex2007: folds 
Uncalled bet ($0.17) returned to kodiakrb
kodiakrb collected $0.34 from pot
*** SUMMARY ***
Total pot $0.35 | Rake $0.01 
Board [4c 8s Jd]
Seat 1: Dorex2007 folded on the Flop
Seat 2: NewKidOnTheFlop folded before Flop (didn't bet)
Seat 3: dc972155 (button) folded before Flop (didn't bet)
Seat 4: kodiakrb (small blind) collected ($0.34)
Seat 5: STM32 (big blind) folded before Flop
Seat 6: Kallem28 folded before Flop (didn't bet)
Seat 7: Danil27 folded before Flop (didn't bet)
Seat 8: KAAS467 folded before Flop (didn't bet)
Seat 9: Ramkha folded before Flop (didn't bet)



PokerStars Hand #238075573780:  Hold'em No Limit ($0.02/$0.05 USD) - 2022/08/18 16:38:25 PT [2022/08/18 19:38:25 ET]
Table 'Oceax IV' 9-max Seat #4 is the button
Seat 1: Dorex2007 ($10.12 in chips) 
Seat 2: NewKidOnTheFlop ($7.58 in chips) 
Seat 3: dc972155 ($4.93 in chips) 
Seat 4: kodiakrb ($5.71 in chips) 
Seat 5: STM32 ($4.59 in chips) 
Seat 6: Kallem28 ($9.80 in chips) 
Seat 7: Danil27 ($16.93 in chips) 
Seat 8: KAAS467 ($3.65 in chips) 
Seat 9: Ramkha ($6.18 in chips) 
STM32: posts small blind $0.02
Kallem28: posts big blind $0.05
*** HOLE CARDS ***
Dealt to Dorex2007 [Jd 4d]
Danil27: folds 
KAAS467: folds 
Ramkha: folds 
Dorex2007: folds 
NewKidOnTheFlop: folds 
dc972155: folds 
kodiakrb: folds 
STM32: calls $0.03
Kallem28: raises $0.15 to $0.20
STM32: calls $0.15
*** FLOP *** [Qd Jc 3s]
STM32: checks 
Kallem28: bets $0.13
STM32: folds 
Uncalled bet ($0.13) returned to Kallem28
Kallem28 collected $0.38 from pot
Kallem28: doesn't show hand 
*** SUMMARY ***
Total pot $0.40 | Rake $0.02 
Board [Qd Jc 3s]
Seat 1: Dorex2007 folded before Flop (didn't bet)
Seat 2: NewKidOnTheFlop folded before Flop (didn't bet)
Seat 3: dc972155 folded before Flop (didn't bet)
Seat 4: kodiakrb (button) folded before Flop (didn't bet)
Seat 5: STM32 (small blind) folded on the Flop
Seat 6: Kallem28 (big blind) collected ($0.38)
Seat 7: Danil27 folded before Flop (didn't bet)
Seat 8: KAAS467 folded before Flop (didn't bet)
Seat 9: Ramkha folded before Flop (didn't bet)



PokerStars Hand #238075583316:  Hold'em No Limit ($0.02/$0.05 USD) - 2022/08/18 16:39:02 PT [2022/08/18 19:39:02 ET]
Table 'Oceax IV' 9-max Seat #5 is the button
Seat 1: Dorex2007 ($10.12 in chips) 
Seat 2: NewKidOnTheFlop ($7.58 in chips) 
Seat 3: dc972155 ($4.93 in chips) 
Seat 4: kodiakrb ($5.71 in chips) 
Seat 5: STM32 ($4.39 in chips) 
Seat 6: Kallem28 ($9.98 in chips) 
Seat 8: KAAS467 ($3.65 in chips) 
Seat 9: Ramkha ($6.18 in chips) 
Kallem28: posts small blind $0.02
Danil27: is sitting out 
KAAS467: posts big blind $0.05
*** HOLE CARDS ***
Dealt to Dorex2007 [Kh Qh]
Danil27 leaves the table
Ramkha: folds 
Dorex2007: calls $0.05
NewKidOnTheFlop: raises $0.15 to $0.20
dc972155: folds 
kodiakrb: calls $0.20
STM32: folds 
Kallem28: folds 
KAAS467: folds 
Dorex2007: calls $0.15
*** FLOP *** [3c 6s 9d]
Dorex2007: checks 
NewKidOnTheFlop: bets $0.31
kodiakrb: raises $0.41 to $0.72
Dorex2007: folds 
NewKidOnTheFlop: calls $0.41
*** TURN *** [3c 6s 9d] [5s]
NewKidOnTheFlop: checks 
kodiakrb: bets $1.46
NewKidOnTheFlop: calls $1.46
*** RIVER *** [3c 6s 9d 5s] [9h]
NewKidOnTheFlop: checks 
kodiakrb: bets $3.33 and is all-in
NewKidOnTheFlop: folds 
Uncalled bet ($3.33) returned to kodiakrb
kodiakrb collected $4.82 from pot
*** SUMMARY ***
Total pot $5.03 | Rake $0.21 
Board [3c 6s 9d 5s 9h]
Seat 1: Dorex2007 folded on the Flop
Seat 2: NewKidOnTheFlop folded on the River
Seat 3: dc972155 folded before Flop (didn't bet)
Seat 4: kodiakrb collected ($4.82)
Seat 5: STM32 (button) folded before Flop (didn't bet)
Seat 6: Kallem28 (small blind) folded before Flop
Seat 8: KAAS467 (big blind) folded before Flop
Seat 9: Ramkha folded before Flop (didn't bet)



PokerStars Hand #238075620628:  Hold'em No Limit ($0.02/$0.05 USD) - 2022/08/18 16:41:26 PT [2022/08/18 19:41:26 ET]
Table 'Oceax IV' 9-max Seat #6 is the button
Seat 1: Dorex2007 ($9.92 in chips) 
Seat 2: NewKidOnTheFlop ($5.20 in chips) 
Seat 3: dc972155 ($4.93 in chips) 
Seat 4: kodiakrb ($8.15 in chips) 
Seat 5: STM32 ($4.39 in chips) 
Seat 6: Kallem28 ($9.96 in chips) 
Seat 8: KAAS467 ($3.60 in chips) 
Seat 9: Ramkha ($6.18 in chips) 
KAAS467: posts small blind $0.02
Ramkha: posts big blind $0.05
*** HOLE CARDS ***
Dealt to Dorex2007 [9h 8h]
Dorex2007: folds 
NewKidOnTheFlop: folds 
dc972155: folds 
kodiakrb: raises $0.05 to $0.10
STM32: folds 
Kallem28: folds 
vvillos joins the table at seat #7 
KAAS467: raises $0.25 to $0.35
vvillos leaves the table
Ramkha: folds 
Zauberer_1 joins the table at seat #7 
kodiakrb: calls $0.25
*** FLOP *** [Ks 4c Qs]
KAAS467: bets $0.65
kodiakrb: folds 
Uncalled bet ($0.65) returned to KAAS467
KAAS467 collected $0.72 from pot
KAAS467: doesn't show hand 
*** SUMMARY ***
Total pot $0.75 | Rake $0.03 
Board [Ks 4c Qs]
Seat 1: Dorex2007 folded before Flop (didn't bet)
Seat 2: NewKidOnTheFlop folded before Flop (didn't bet)
Seat 3: dc972155 folded before Flop (didn't bet)
Seat 4: kodiakrb folded on the Flop
Seat 5: STM32 folded before Flop (didn't bet)
Seat 6: Kallem28 (button) folded before Flop (didn't bet)
Seat 8: KAAS467 (small blind) collected ($0.72)
Seat 9: Ramkha (big blind) folded before Flop



PokerStars Hand #238075636224:  Hold'em No Limit ($0.02/$0.05 USD) - 2022/08/18 16:42:26 PT [2022/08/18 19:42:26 ET]
Table 'Oceax IV' 9-max Seat #8 is the button
Seat 1: Dorex2007 ($9.92 in chips) 
Seat 2: NewKidOnTheFlop ($5.20 in chips) 
Seat 3: dc972155 ($4.93 in chips) 
Seat 4: kodiakrb ($7.80 in chips) 
Seat 5: STM32 ($4.39 in chips) 
Seat 6: Kallem28 ($9.96 in chips) 
Seat 7: Zauberer_1 ($5 in chips) 
Seat 8: KAAS467 ($3.97 in chips) 
Seat 9: Ramkha ($6.13 in chips) 
Ramkha: posts small blind $0.02
Dorex2007: posts big blind $0.05
Zauberer_1: posts big blind $0.05
*** HOLE CARDS ***
Dealt to Dorex2007 [8h Tc]
NewKidOnTheFlop: folds 
dc972155: folds 
kodiakrb: folds 
STM32: folds 
Kallem28: folds 
Zauberer_1: checks 
KAAS467: folds 
Ramkha: folds 
Dorex2007: checks 
*** FLOP *** [6c Th 3c]
Dorex2007: checks 
Zauberer_1: checks 
*** TURN *** [6c Th 3c] [4h]
Dorex2007: bets $0.06
Zauberer_1: folds 
Uncalled bet ($0.06) returned to Dorex2007
Dorex2007 collected $0.12 from pot
Dorex2007: doesn't show hand 
*** SUMMARY ***
Total pot $0.12 | Rake $0 
Board [6c Th 3c 4h]
Seat 1: Dorex2007 (big blind) collected ($0.12)
Seat 2: NewKidOnTheFlop folded before Flop (didn't bet)
Seat 3: dc972155 folded before Flop (didn't bet)
Seat 4: kodiakrb folded before Flop (didn't bet)
Seat 5: STM32 folded before Flop (didn't bet)
Seat 6: Kallem28 folded before Flop (didn't bet)
Seat 7: Zauberer_1 folded on the Turn (didn't bet)
Seat 8: KAAS467 (button) folded before Flop (didn't bet)
Seat 9: Ramkha (small blind) folded before Flop



PokerStars Hand #238075644629:  Hold'em No Limit ($0.02/$0.05 USD) - 2022/08/18 16:42:59 PT [2022/08/18 19:42:59 ET]
Table 'Oceax IV' 9-max Seat #9 is the button
Seat 1: Dorex2007 ($9.99 in chips) 
Seat 2: NewKidOnTheFlop ($5.20 in chips) 
Seat 3: dc972155 ($4.93 in chips) 
Seat 4: kodiakrb ($7.80 in chips) 
Seat 5: STM32 ($4.39 in chips) 
Seat 6: Kallem28 ($9.96 in chips) 
Seat 7: Zauberer_1 ($5 in chips) 
Seat 8: KAAS467 ($3.97 in chips) 
Seat 9: Ramkha ($6.11 in chips) 
Dorex2007: posts small blind $0.02
NewKidOnTheFlop: posts big blind $0.05
*** HOLE CARDS ***
Dealt to Dorex2007 [3s Qd]
dc972155: folds 
kodiakrb: raises $0.05 to $0.10
STM32: folds 
Kallem28: raises $0.20 to $0.30
Zauberer_1: calls $0.30
KAAS467: folds 
Ramkha: folds 
Dorex2007: folds 
NewKidOnTheFlop: folds 
kodiakrb: calls $0.20
*** FLOP *** [4d Kc 8h]
kodiakrb: checks 
Kallem28: checks 
Zauberer_1: checks 
*** TURN *** [4d Kc 8h] [6s]
kodiakrb: bets $0.63
Kallem28: calls $0.63
Zauberer_1: folds 
*** RIVER *** [4d Kc 8h 6s] [4h]
kodiakrb: checks 
Kallem28: checks 
*** SHOW DOWN ***
kodiakrb: shows [7h 8d] (two pair, Eights and Fours)
Kallem28: shows [Kh As] (two pair, Kings and Fours)
Kallem28 collected $2.14 from pot
*** SUMMARY ***
Total pot $2.23 | Rake $0.09 
Board [4d Kc 8h 6s 4h]
Seat 1: Dorex2007 (small blind) folded before Flop
Seat 2: NewKidOnTheFlop (big blind) folded before Flop
Seat 3: dc972155 folded before Flop (didn't bet)
Seat 4: kodiakrb showed [7h 8d] and lost with two pair, Eights and Fours
Seat 5: STM32 folded before Flop (didn't bet)
Seat 6: Kallem28 showed [Kh As] and won ($2.14) with two pair, Kings and Fours
Seat 7: Zauberer_1 folded on the Turn
Seat 8: KAAS467 folded before Flop (didn't bet)
Seat 9: Ramkha (button) folded before Flop (didn't bet)



PokerStars Hand #238075663047:  Hold'em No Limit ($0.02/$0.05 USD) - 2022/08/18 16:44:11 PT [2022/08/18 19:44:11 ET]
Table 'Oceax IV' 9-max Seat #1 is the button
Seat 1: Dorex2007 ($9.97 in chips) 
Seat 2: NewKidOnTheFlop ($5.15 in chips) 
Seat 3: dc972155 ($4.93 in chips) 
Seat 4: kodiakrb ($6.87 in chips) 
Seat 5: STM32 ($4.39 in chips) 
Seat 6: Kallem28 ($11.17 in chips) 
Seat 7: Zauberer_1 ($5 in chips) 
Seat 8: KAAS467 ($3.97 in chips) 
Seat 9: Ramkha ($6.11 in chips) 
NewKidOnTheFlop: posts small blind $0.02
dc972155: posts big blind $0.05
*** HOLE CARDS ***
Dealt to Dorex2007 [6d Qd]
kodiakrb: calls $0.05
STM32: folds 
Kallem28: folds 
Zauberer_1: calls $0.05
KAAS467: folds 
Ramkha: folds 
Dorex2007: folds 
NewKidOnTheFlop: folds 
dc972155: checks 
*** FLOP *** [As 2h 6c]
dc972155: checks 
kodiakrb: checks 
Zauberer_1: bets $0.10
dc972155: folds 
kodiakrb: calls $0.10
*** TURN *** [As 2h 6c] [6h]
kodiakrb: bets $0.17
Zauberer_1: calls $0.17
*** RIVER *** [As 2h 6c 6h] [4h]
kodiakrb: bets $0.54
Zauberer_1: folds 
Uncalled bet ($0.54) returned to kodiakrb
kodiakrb collected $0.68 from pot
*** SUMMARY ***
Total pot $0.71 | Rake $0.03 
Board [As 2h 6c 6h 4h]
Seat 1: Dorex2007 (button) folded before Flop (didn't bet)
Seat 2: NewKidOnTheFlop (small blind) folded before Flop
Seat 3: dc972155 (big blind) folded on the Flop
Seat 4: kodiakrb collected ($0.68)
Seat 5: STM32 folded before Flop (didn't bet)
Seat 6: Kallem28 folded before Flop (didn't bet)
Seat 7: Zauberer_1 folded on the River
Seat 8: KAAS467 folded before Flop (didn't bet)
Seat 9: Ramkha folded before Flop (didn't bet)



PokerStars Hand #238075677379:  Hold'em No Limit ($0.02/$0.05 USD) - 2022/08/18 16:45:07 PT [2022/08/18 19:45:07 ET]
Table 'Oceax IV' 9-max Seat #2 is the button
Seat 1: Dorex2007 ($9.97 in chips) 
Seat 2: NewKidOnTheFlop ($5.13 in chips) 
Seat 3: dc972155 ($4.88 in chips) 
Seat 4: kodiakrb ($7.23 in chips) 
Seat 5: STM32 ($4.39 in chips) 
Seat 6: Kallem28 ($11.17 in chips) 
Seat 7: Zauberer_1 ($5 in chips) 
Seat 8: KAAS467 ($3.97 in chips) 
Seat 9: Ramkha ($6.11 in chips) 
dc972155: posts small blind $0.02
kodiakrb: posts big blind $0.05
*** HOLE CARDS ***
Dealt to Dorex2007 [3c 3s]
STM32: folds 
Kallem28: folds 
Zauberer_1: folds 
KAAS467: folds 
Ramkha: raises $0.07 to $0.12
Dorex2007: calls $0.12
NewKidOnTheFlop: calls $0.12
dc972155: folds 
kodiakrb: raises $0.27 to $0.39
Ramkha: calls $0.27
Dorex2007: folds 
NewKidOnTheFlop: folds 
*** FLOP *** [2s 5d Ac]
kodiakrb: checks 
Ramkha: bets $0.75
kodiakrb: raises $2.40 to $3.15
Ramkha: raises $2.57 to $5.72 and is all-in
kodiakrb: calls $2.57
*** TURN *** [2s 5d Ac] [5h]
*** RIVER *** [2s 5d Ac 5h] [8h]
*** SHOW DOWN ***
kodiakrb: shows [5s Ah] (a full house, Fives full of Aces)
Ramkha: shows [Qc Ad] (two pair, Aces and Fives)
kodiakrb collected $11.96 from pot
*** SUMMARY ***
Total pot $12.48 | Rake $0.52 
Board [2s 5d Ac 5h 8h]
Seat 1: Dorex2007 folded before Flop
Seat 2: NewKidOnTheFlop (button) folded before Flop
Seat 3: dc972155 (small blind) folded before Flop
Seat 4: kodiakrb (big blind) showed [5s Ah] and won ($11.96) with a full house, Fives full of Aces
Seat 5: STM32 folded before Flop (didn't bet)
Seat 6: Kallem28 folded before Flop (didn't bet)
Seat 7: Zauberer_1 folded before Flop (didn't bet)
Seat 8: KAAS467 folded before Flop (didn't bet)
Seat 9: Ramkha showed [Qc Ad] and lost with two pair, Aces and Fives



PokerStars Hand #238075702377:  Hold'em No Limit ($0.02/$0.05 USD) - 2022/08/18 16:46:47 PT [2022/08/18 19:46:47 ET]
Table 'Oceax IV' 9-max Seat #3 is the button
Seat 1: Dorex2007 ($9.85 in chips) 
Seat 2: NewKidOnTheFlop ($5.01 in chips) 
Seat 3: dc972155 ($4.86 in chips) 
Seat 4: kodiakrb ($13.08 in chips) 
Seat 5: STM32 ($4.39 in chips) 
Seat 6: Kallem28 ($11.17 in chips) 
Seat 7: Zauberer_1 ($5 in chips) 
Seat 8: KAAS467 ($3.97 in chips) 
Seat 9: Ramkha ($5 in chips) 
kodiakrb: posts small blind $0.02
STM32: posts big blind $0.05
*** HOLE CARDS ***
Dealt to Dorex2007 [Jc 3c]
Kallem28: raises $0.15 to $0.20
Zauberer_1: folds 
KAAS467: folds 
Ramkha: folds 
Dorex2007: folds 
NewKidOnTheFlop: folds 
dc972155: folds 
kodiakrb: folds 
STM32: folds 
Uncalled bet ($0.15) returned to Kallem28
Kallem28 collected $0.12 from pot
Kallem28: doesn't show hand 
*** SUMMARY ***
Total pot $0.12 | Rake $0 
Seat 1: Dorex2007 folded before Flop (didn't bet)
Seat 2: NewKidOnTheFlop folded before Flop (didn't bet)
Seat 3: dc972155 (button) folded before Flop (didn't bet)
Seat 4: kodiakrb (small blind) folded before Flop
Seat 5: STM32 (big blind) folded before Flop
Seat 6: Kallem28 collected ($0.12)
Seat 7: Zauberer_1 folded before Flop (didn't bet)
Seat 8: KAAS467 folded before Flop (didn't bet)
Seat 9: Ramkha folded before Flop (didn't bet)



PokerStars Hand #238075708201:  Hold'em No Limit ($0.02/$0.05 USD) - 2022/08/18 16:47:10 PT [2022/08/18 19:47:10 ET]
Table 'Oceax IV' 9-max Seat #4 is the button
Seat 1: Dorex2007 ($9.85 in chips) 
Seat 2: NewKidOnTheFlop ($5.01 in chips) 
Seat 3: dc972155 ($4.86 in chips) 
Seat 4: kodiakrb ($13.06 in chips) 
Seat 5: STM32 ($4.34 in chips) 
Seat 6: Kallem28 ($11.24 in chips) 
Seat 7: Zauberer_1 ($5 in chips) 
Seat 8: KAAS467 ($3.97 in chips) 
Seat 9: Ramkha ($5 in chips) 
STM32: posts small blind $0.02
Kallem28: posts big blind $0.05
*** HOLE CARDS ***
Dealt to Dorex2007 [6h Jh]
Zauberer_1: folds 
KAAS467: folds 
Ramkha: raises $0.07 to $0.12
Dorex2007: folds 
NewKidOnTheFlop: folds 
dc972155: folds 
kodiakrb: folds 
STM32: calls $0.10
Kallem28: calls $0.07
*** FLOP *** [3h 9h 8d]
STM32: checks 
Kallem28: bets $0.15
Ramkha: folds 
STM32: folds 
Uncalled bet ($0.15) returned to Kallem28
Kallem28 collected $0.35 from pot
Kallem28: doesn't show hand 
*** SUMMARY ***
Total pot $0.36 | Rake $0.01 
Board [3h 9h 8d]
Seat 1: Dorex2007 folded before Flop (didn't bet)
Seat 2: NewKidOnTheFlop folded before Flop (didn't bet)
Seat 3: dc972155 folded before Flop (didn't bet)
Seat 4: kodiakrb (button) folded before Flop (didn't bet)
Seat 5: STM32 (small blind) folded on the Flop
Seat 6: Kallem28 (big blind) collected ($0.35)
Seat 7: Zauberer_1 folded before Flop (didn't bet)
Seat 8: KAAS467 folded before Flop (didn't bet)
Seat 9: Ramkha folded on the Flop



PokerStars Hand #238075726526:  Hold'em No Limit ($0.02/$0.05 USD) - 2022/08/18 16:47:46 PT [2022/08/18 19:47:46 ET]
Table 'Oceax IV' 9-max Seat #5 is the button
Seat 1: Dorex2007 ($9.85 in chips) 
Seat 2: NewKidOnTheFlop ($5.01 in chips) 
Seat 3: dc972155 ($4.86 in chips) 
Seat 4: kodiakrb ($13.06 in chips) 
Seat 5: STM32 ($4.22 in chips) 
Seat 6: Kallem28 ($11.47 in chips) 
Seat 7: Zauberer_1 ($5 in chips) 
Seat 8: KAAS467 ($3.97 in chips) 
Seat 9: Ramkha ($5 in chips) 
Kallem28: posts small blind $0.02
Zauberer_1: posts big blind $0.05
*** HOLE CARDS ***
Dealt to Dorex2007 [5d Ac]
KAAS467: folds 
Ramkha: raises $0.07 to $0.12
Dorex2007: folds 
NewKidOnTheFlop: folds 
dc972155: folds 
kodiakrb: raises $0.17 to $0.29
STM32: folds 
Kallem28: folds 
Zauberer_1: folds 
Ramkha: raises $4.71 to $5 and is all-in
kodiakrb: calls $4.71
*** FLOP *** [3h Td 6s]
*** TURN *** [3h Td 6s] [2h]
*** RIVER *** [3h Td 6s 2h] [3s]
*** SHOW DOWN ***
Ramkha: shows [Kc Kd] (two pair, Kings and Threes)
kodiakrb: shows [5c 5h] (two pair, Fives and Threes)
Ramkha collected $9.65 from pot
*** SUMMARY ***
Total pot $10.07 | Rake $0.42 
Board [3h Td 6s 2h 3s]
Seat 1: Dorex2007 folded before Flop (didn't bet)
Seat 2: NewKidOnTheFlop folded before Flop (didn't bet)
Seat 3: dc972155 folded before Flop (didn't bet)
Seat 4: kodiakrb showed [5c 5h] and lost with two pair, Fives and Threes
Seat 5: STM32 (button) folded before Flop (didn't bet)
Seat 6: Kallem28 (small blind) folded before Flop
Seat 7: Zauberer_1 (big blind) folded before Flop
Seat 8: KAAS467 folded before Flop (didn't bet)
Seat 9: Ramkha showed [Kc Kd] and won ($9.65) with two pair, Kings and Threes



PokerStars Hand #238075737103:  Hold'em No Limit ($0.02/$0.05 USD) - 2022/08/18 16:48:28 PT [2022/08/18 19:48:28 ET]
Table 'Oceax IV' 9-max Seat #6 is the button
Seat 1: Dorex2007 ($9.85 in chips) 
Seat 2: NewKidOnTheFlop ($5.01 in chips) 
Seat 3: dc972155 ($4.86 in chips) 
Seat 4: kodiakrb ($8.06 in chips) 
Seat 5: STM32 ($4.22 in chips) 
Seat 6: Kallem28 ($11.45 in chips) 
Seat 7: Zauberer_1 ($5 in chips) 
Seat 8: KAAS467 ($3.97 in chips) 
Seat 9: Ramkha ($9.65 in chips) 
Zauberer_1: posts small blind $0.02
KAAS467: posts big blind $0.05
*** HOLE CARDS ***
Dealt to Dorex2007 [Qh Ac]
Ramkha: folds 
Dorex2007: raises $0.10 to $0.15
NewKidOnTheFlop: calls $0.15
dc972155: folds 
kodiakrb: calls $0.15
STM32: calls $0.15
Kallem28: folds 
Zauberer_1: calls $0.13
KAAS467: folds 
*** FLOP *** [9c 6h Jd]
Zauberer_1: checks 
Dorex2007: checks 
NewKidOnTheFlop: checks 
kodiakrb: bets $0.53
STM32: calls $0.53
Zauberer_1: folds 
Dorex2007: folds 
NewKidOnTheFlop: folds 
*** TURN *** [9c 6h Jd] [As]
kodiakrb: checks 
STM32: checks 
*** RIVER *** [9c 6h Jd As] [Kd]
kodiakrb: bets $2.55
STM32: raises $0.99 to $3.54 and is all-in
kodiakrb: calls $0.99
*** SHOW DOWN ***
STM32: shows [Qs Ts] (a straight, Ten to Ace)
kodiakrb: shows [Th Qd] (a straight, Ten to Ace)
kodiakrb collected $4.29 from pot
STM32 collected $4.28 from pot
*** SUMMARY ***
Total pot $8.94 | Rake $0.37 
Board [9c 6h Jd As Kd]
Seat 1: Dorex2007 folded on the Flop
Seat 2: NewKidOnTheFlop folded on the Flop
Seat 3: dc972155 folded before Flop (didn't bet)
Seat 4: kodiakrb showed [Th Qd] and won ($4.29) with a straight, Ten to Ace
Seat 5: STM32 showed [Qs Ts] and won ($4.28) with a straight, Ten to Ace
Seat 6: Kallem28 (button) folded before Flop (didn't bet)
Seat 7: Zauberer_1 (small blind) folded on the Flop
Seat 8: KAAS467 (big blind) folded before Flop
Seat 9: Ramkha folded before Flop (didn't bet)



PokerStars Hand #238075759869:  Hold'em No Limit ($0.02/$0.05 USD) - 2022/08/18 16:49:58 PT [2022/08/18 19:49:58 ET]
Table 'Oceax IV' 9-max Seat #7 is the button
Seat 1: Dorex2007 ($9.70 in chips) 
Seat 2: NewKidOnTheFlop ($5 in chips) 
Seat 3: dc972155 ($4.86 in chips) 
Seat 4: kodiakrb ($8.13 in chips) 
Seat 5: STM32 ($4.28 in chips) 
Seat 6: Kallem28 ($11.45 in chips) 
Seat 7: Zauberer_1 ($5 in chips) 
Seat 8: KAAS467 ($3.92 in chips) 
Seat 9: Ramkha ($9.65 in chips) 
KAAS467: posts small blind $0.02
Ramkha: posts big blind $0.05
*** HOLE CARDS ***
Dealt to Dorex2007 [7h Th]
Dorex2007: folds 
NewKidOnTheFlop: raises $0.10 to $0.15
dc972155: folds 
kodiakrb: folds 
STM32: folds 
Kallem28: folds 
Zauberer_1: folds 
KAAS467: folds 
Ramkha: calls $0.10
*** FLOP *** [Qs 9h As]
Ramkha: checks 
NewKidOnTheFlop: bets $0.15
Ramkha: calls $0.15
*** TURN *** [Qs 9h As] [2s]
Ramkha: checks 
NewKidOnTheFlop: bets $0.28
Ramkha: folds 
Uncalled bet ($0.28) returned to NewKidOnTheFlop
NewKidOnTheFlop collected $0.58 from pot
NewKidOnTheFlop: doesn't show hand 
*** SUMMARY ***
Total pot $0.62 | Rake $0.04 
Board [Qs 9h As 2s]
Seat 1: Dorex2007 folded before Flop (didn't bet)
Seat 2: NewKidOnTheFlop collected ($0.58)
Seat 3: dc972155 folded before Flop (didn't bet)
Seat 4: kodiakrb folded before Flop (didn't bet)
Seat 5: STM32 folded before Flop (didn't bet)
Seat 6: Kallem28 folded before Flop (didn't bet)
Seat 7: Zauberer_1 (button) folded before Flop (didn't bet)
Seat 8: KAAS467 (small blind) folded before Flop
Seat 9: Ramkha (big blind) folded on the Turn



PokerStars Hand #238075772280:  Hold'em No Limit ($0.02/$0.05 USD) - 2022/08/18 16:50:36 PT [2022/08/18 19:50:36 ET]
Table 'Oceax IV' 9-max Seat #8 is the button
Seat 1: Dorex2007 ($9.70 in chips) 
Seat 2: NewKidOnTheFlop ($5.28 in chips) 
Seat 3: dc972155 ($4.86 in chips) 
Seat 4: kodiakrb ($8.13 in chips) 
Seat 5: STM32 ($4.28 in chips) 
Seat 6: Kallem28 ($11.45 in chips) 
Seat 7: Zauberer_1 ($5 in chips) 
Seat 8: KAAS467 ($3.90 in chips) 
Seat 9: Ramkha ($9.35 in chips) 
Ramkha: posts small blind $0.02
Dorex2007: posts big blind $0.05
*** HOLE CARDS ***
Dealt to Dorex2007 [4d 7c]
NewKidOnTheFlop: folds 
dc972155: folds 
kodiakrb: folds 
STM32: folds 
Kallem28: raises $0.10 to $0.15
Zauberer_1: folds 
KAAS467: calls $0.15
Ramkha: folds 
Dorex2007: folds 
*** FLOP *** [Jc Jd 4c]
Kallem28: checks 
KAAS467: bets $0.17
Kallem28: folds 
Uncalled bet ($0.17) returned to KAAS467
KAAS467 collected $0.35 from pot
KAAS467: doesn't show hand 
*** SUMMARY ***
Total pot $0.37 | Rake $0.02 
Board [Jc Jd 4c]
Seat 1: Dorex2007 (big blind) folded before Flop
Seat 2: NewKidOnTheFlop folded before Flop (didn't bet)
Seat 3: dc972155 folded before Flop (didn't bet)
Seat 4: kodiakrb folded before Flop (didn't bet)
Seat 5: STM32 folded before Flop (didn't bet)
Seat 6: Kallem28 folded on the Flop
Seat 7: Zauberer_1 folded before Flop (didn't bet)
Seat 8: KAAS467 (button) collected ($0.35)
Seat 9: Ramkha (small blind) folded before Flop



PokerStars Hand #238075781728:  Hold'em No Limit ($0.02/$0.05 USD) - 2022/08/18 16:51:14 PT [2022/08/18 19:51:14 ET]
Table 'Oceax IV' 9-max Seat #9 is the button
Seat 1: Dorex2007 ($9.65 in chips) 
Seat 3: dc972155 ($4.86 in chips) 
Seat 4: kodiakrb ($8.13 in chips) 
Seat 5: STM32 ($4.28 in chips) 
Seat 6: Kallem28 ($11.30 in chips) 
Seat 7: Zauberer_1 ($5 in chips) 
Seat 8: KAAS467 ($4.10 in chips) 
Seat 9: Ramkha ($9.33 in chips) 
Dorex2007: posts small blind $0.02
dc972155: posts big blind $0.05
*** HOLE CARDS ***
Dealt to Dorex2007 [3h Ks]
kodiakrb: calls $0.05
STM32: folds 
Kallem28: folds 
Zauberer_1: calls $0.05
KAAS467: folds 
Ramkha: raises $0.20 to $0.25
Dorex2007: folds 
dc972155: calls $0.20
kodiakrb: raises $0.70 to $0.95
Zauberer_1: folds 
Ramkha: folds 
dc972155: raises $2.22 to $3.17
kodiakrb: raises $4.96 to $8.13 and is all-in
dc972155: calls $1.69 and is all-in
Uncalled bet ($3.27) returned to kodiakrb
*** FLOP *** [6d Kh 8h]
*** TURN *** [6d Kh 8h] [4s]
*** RIVER *** [6d Kh 8h 4s] [3d]
*** SHOW DOWN ***
dc972155: shows [Ac Qh] (high card Ace)
kodiakrb: shows [As Qs] (high card Ace)
dc972155 collected $4.81 from pot
kodiakrb collected $4.81 from pot
*** SUMMARY ***
Total pot $10.04 | Rake $0.42 
Board [6d Kh 8h 4s 3d]
Seat 1: Dorex2007 (small blind) folded before Flop
Seat 3: dc972155 (big blind) showed [Ac Qh] and won ($4.81) with high card Ace
Seat 4: kodiakrb showed [As Qs] and won ($4.81) with high card Ace
Seat 5: STM32 folded before Flop (didn't bet)
Seat 6: Kallem28 folded before Flop (didn't bet)
Seat 7: Zauberer_1 folded before Flop
Seat 8: KAAS467 folded before Flop (didn't bet)
Seat 9: Ramkha (button) folded before Flop



PokerStars Hand #238075797814:  Hold'em No Limit ($0.02/$0.05 USD) - 2022/08/18 16:52:19 PT [2022/08/18 19:52:19 ET]
Table 'Oceax IV' 9-max Seat #1 is the button
Seat 1: Dorex2007 ($9.63 in chips) 
Seat 3: dc972155 ($4.81 in chips) 
Seat 4: kodiakrb ($8.08 in chips) 
Seat 5: STM32 ($4.28 in chips) 
Seat 6: Kallem28 ($11.30 in chips) 
Seat 7: Zauberer_1 ($5 in chips) 
Seat 8: KAAS467 ($4.10 in chips) 
Seat 9: Ramkha ($9.08 in chips) 
dc972155: posts small blind $0.02
kodiakrb: posts big blind $0.05
*** HOLE CARDS ***
Dealt to Dorex2007 [Th Ks]
STM32: folds 
Kallem28: folds 
Zauberer_1: folds 
KAAS467: folds 
Ramkha: raises $0.07 to $0.12
Dorex2007: folds 
dc972155: folds 
kodiakrb: calls $0.07
*** FLOP *** [9c 5d 2h]
kodiakrb: checks 
Ramkha: bets $0.08
kodiakrb: calls $0.08
*** TURN *** [9c 5d 2h] [9d]
kodiakrb: checks 
Ramkha: checks 
*** RIVER *** [9c 5d 2h 9d] [5s]
kodiakrb: bets $0.30
Ramkha: folds 
Uncalled bet ($0.30) returned to kodiakrb
kodiakrb collected $0.40 from pot
*** SUMMARY ***
Total pot $0.42 | Rake $0.02 
Board [9c 5d 2h 9d 5s]
Seat 1: Dorex2007 (button) folded before Flop (didn't bet)
Seat 3: dc972155 (small blind) folded before Flop
Seat 4: kodiakrb (big blind) collected ($0.40)
Seat 5: STM32 folded before Flop (didn't bet)
Seat 6: Kallem28 folded before Flop (didn't bet)
Seat 7: Zauberer_1 folded before Flop (didn't bet)
Seat 8: KAAS467 folded before Flop (didn't bet)
Seat 9: Ramkha folded on the River



PokerStars Hand #238075812155:  Hold'em No Limit ($0.02/$0.05 USD) - 2022/08/18 16:53:17 PT [2022/08/18 19:53:17 ET]
Table 'Oceax IV' 9-max Seat #3 is the button
Seat 1: Dorex2007 ($9.63 in chips) 
Seat 3: dc972155 ($4.79 in chips) 
Seat 4: kodiakrb ($8.28 in chips) 
Seat 5: STM32 ($4.28 in chips) 
Seat 6: Kallem28 ($11.30 in chips) 
Seat 7: Zauberer_1 ($5 in chips) 
Seat 8: KAAS467 ($4.10 in chips) 
Seat 9: Ramkha ($8.88 in chips) 
kodiakrb: posts small blind $0.02
STM32: posts big blind $0.05
*** HOLE CARDS ***
Dealt to Dorex2007 [3s 8h]
Kallem28: folds 
Zauberer_1: raises $0.10 to $0.15
KAAS467: folds 
Ramkha: folds 
Dorex2007: folds 
dc972155: folds 
kodiakrb: calls $0.13
STM32: calls $0.10
*** FLOP *** [7h 9d Ts]
kodiakrb: checks 
STM32: bets $0.22
Zauberer_1: folds 
kodiakrb: folds 
Uncalled bet ($0.22) returned to STM32
STM32 collected $0.43 from pot
STM32: doesn't show hand 
*** SUMMARY ***
Total pot $0.45 | Rake $0.02 
Board [7h 9d Ts]
Seat 1: Dorex2007 folded before Flop (didn't bet)
Seat 3: dc972155 (button) folded before Flop (didn't bet)
Seat 4: kodiakrb (small blind) folded on the Flop
Seat 5: STM32 (big blind) collected ($0.43)
Seat 6: Kallem28 folded before Flop (didn't bet)
Seat 7: Zauberer_1 folded on the Flop
Seat 8: KAAS467 folded before Flop (didn't bet)
Seat 9: Ramkha folded before Flop (didn't bet)



PokerStars Hand #238075821884:  Hold'em No Limit ($0.02/$0.05 USD) - 2022/08/18 16:53:57 PT [2022/08/18 19:53:57 ET]
Table 'Oceax IV' 9-max Seat #4 is the button
Seat 1: Dorex2007 ($9.63 in chips) 
Seat 3: dc972155 ($4.79 in chips) 
Seat 4: kodiakrb ($8.13 in chips) 
Seat 5: STM32 ($4.56 in chips) 
Seat 6: Kallem28 ($11.30 in chips) 
Seat 7: Zauberer_1 ($5 in chips) 
Seat 8: KAAS467 ($4.10 in chips) 
Seat 9: Ramkha ($8.88 in chips) 
STM32: posts small blind $0.02
Kallem28: posts big blind $0.05
*** HOLE CARDS ***
Dealt to Dorex2007 [Jh 5s]
Zauberer_1: calls $0.05
KAAS467: folds 
Ramkha: folds 
Dorex2007: folds 
dc972155: folds 
kodiakrb: folds 
STM32: calls $0.03
Kallem28: checks 
*** FLOP *** [8d Js 8h]
STM32: checks 
Kallem28: checks 
Zauberer_1: bets $0.11
STM32: calls $0.11
Kallem28: folds 
*** TURN *** [8d Js 8h] [6c]
STM32: checks 
Zauberer_1: bets $0.17
STM32: calls $0.17
*** RIVER *** [8d Js 8h 6c] [Ts]
STM32: checks 
Zauberer_1: checks 
*** SHOW DOWN ***
STM32: shows [7d Jd] (two pair, Jacks and Eights)
Zauberer_1: shows [Qh Jc] (two pair, Jacks and Eights - Queen kicker)
Zauberer_1 collected $0.67 from pot
*** SUMMARY ***
Total pot $0.71 | Rake $0.04 
Board [8d Js 8h 6c Ts]
Seat 1: Dorex2007 folded before Flop (didn't bet)
Seat 3: dc972155 folded before Flop (didn't bet)
Seat 4: kodiakrb (button) folded before Flop (didn't bet)
Seat 5: STM32 (small blind) showed [7d Jd] and lost with two pair, Jacks and Eights
Seat 6: Kallem28 (big blind) folded on the Flop
Seat 7: Zauberer_1 showed [Qh Jc] and won ($0.67) with two pair, Jacks and Eights
Seat 8: KAAS467 folded before Flop (didn't bet)
Seat 9: Ramkha folded before Flop (didn't bet)



PokerStars Hand #238075835842:  Hold'em No Limit ($0.02/$0.05 USD) - 2022/08/18 16:54:54 PT [2022/08/18 19:54:54 ET]
Table 'Oceax IV' 9-max Seat #5 is the button
Seat 1: Dorex2007 ($9.63 in chips) 
Seat 3: dc972155 ($4.79 in chips) 
Seat 4: kodiakrb ($8.13 in chips) 
Seat 5: STM32 ($4.23 in chips) 
Seat 6: Kallem28 ($11.25 in chips) 
Seat 8: KAAS467 ($4.10 in chips) 
Seat 9: Ramkha ($8.88 in chips) 
Kallem28: posts small blind $0.02
Zauberer_1: is sitting out 
KAAS467: posts big blind $0.05
*** HOLE CARDS ***
Dealt to Dorex2007 [2c Jd]
Ramkha: folds 
Dorex2007: folds 
dc972155: folds 
Zauberer_1 leaves the table
kodiakrb has timed out
kodiakrb: folds 
STM32: raises $0.10 to $0.15
Kallem28: folds 
KAAS467: folds 
Uncalled bet ($0.10) returned to STM32
STM32 collected $0.12 from pot
STM32: doesn't show hand 
*** SUMMARY ***
Total pot $0.12 | Rake $0 
Seat 1: Dorex2007 folded before Flop (didn't bet)
Seat 3: dc972155 folded before Flop (didn't bet)
Seat 4: kodiakrb folded before Flop (didn't bet)
Seat 5: STM32 (button) collected ($0.12)
Seat 6: Kallem28 (small blind) folded before Flop
Seat 8: KAAS467 (big blind) folded before Flop
Seat 9: Ramkha folded before Flop (didn't bet)



PokerStars Hand #238075840828:  Hold'em No Limit ($0.02/$0.05 USD) - 2022/08/18 16:55:16 PT [2022/08/18 19:55:16 ET]
Table 'Oceax IV' 9-max Seat #6 is the button
Seat 1: Dorex2007 ($9.63 in chips) 
Seat 3: dc972155 ($4.79 in chips) 
Seat 4: kodiakrb ($8.13 in chips) 
Seat 5: STM32 ($4.30 in chips) 
Seat 6: Kallem28 ($11.23 in chips) 
Seat 8: KAAS467 ($4.05 in chips) 
Seat 9: Ramkha ($8.88 in chips) 
KAAS467: posts small blind $0.02
Ramkha: posts big blind $0.05
*** HOLE CARDS ***
Dealt to Dorex2007 [Th Ac]
psfleury joins the table at seat #7 
Dorex2007: folds 
dc972155: folds 
kodiakrb: raises $0.10 to $0.15
STM32: calls $0.15
Kallem28: folds 
KAAS467: folds 
Ramkha: folds 
*** FLOP *** [2h 8h 6s]
kodiakrb: bets $0.30
STM32: folds 
Uncalled bet ($0.30) returned to kodiakrb
kodiakrb collected $0.35 from pot
*** SUMMARY ***
Total pot $0.37 | Rake $0.02 
Board [2h 8h 6s]
Seat 1: Dorex2007 folded before Flop (didn't bet)
Seat 3: dc972155 folded before Flop (didn't bet)
Seat 4: kodiakrb collected ($0.35)
Seat 5: STM32 folded on the Flop
Seat 6: Kallem28 (button) folded before Flop (didn't bet)
Seat 8: KAAS467 (small blind) folded before Flop
Seat 9: Ramkha (big blind) folded before Flop



PokerStars Hand #238075861204:  Hold'em No Limit ($0.02/$0.05 USD) - 2022/08/18 16:56:10 PT [2022/08/18 19:56:10 ET]
Table 'Oceax IV' 9-max Seat #8 is the button
Seat 1: Dorex2007 ($9.63 in chips) 
Seat 3: dc972155 ($4.79 in chips) 
Seat 4: kodiakrb ($8.33 in chips) 
Seat 5: STM32 ($4.20 in chips) 
Seat 7: psfleury ($5 in chips) 
Seat 8: KAAS467 ($4.03 in chips) 
Seat 9: Ramkha ($8.83 in chips) 
Ramkha: posts small blind $0.02
Dorex2007: posts big blind $0.05
psfleury: posts big blind $0.05
*** HOLE CARDS ***
Dealt to Dorex2007 [Jc 4c]
dc972155: folds 
kodiakrb: folds 
STM32: folds 
psfleury: checks 
KAAS467: raises $0.10 to $0.15
Ramkha: folds 
Dorex2007: folds 
psfleury: calls $0.10
*** FLOP *** [Tc Td Ks]
psfleury: checks 
KAAS467: checks 
*** TURN *** [Tc Td Ks] [Js]
psfleury: checks 
KAAS467: checks 
*** RIVER *** [Tc Td Ks Js] [9c]
psfleury: checks 
KAAS467: checks 
*** SHOW DOWN ***
psfleury: shows [9d 2d] (two pair, Tens and Nines)
KAAS467: mucks hand 
psfleury collected $0.35 from pot
*** SUMMARY ***
Total pot $0.37 | Rake $0.02 
Board [Tc Td Ks Js 9c]
Seat 1: Dorex2007 (big blind) folded before Flop
Seat 3: dc972155 folded before Flop (didn't bet)
Seat 4: kodiakrb folded before Flop (didn't bet)
Seat 5: STM32 folded before Flop (didn't bet)
Seat 7: psfleury showed [9d 2d] and won ($0.35) with two pair, Tens and Nines
Seat 8: KAAS467 (button) mucked [Ah 3h]
Seat 9: Ramkha (small blind) folded before Flop



PokerStars Hand #238075870493:  Hold'em No Limit ($0.02/$0.05 USD) - 2022/08/18 16:56:54 PT [2022/08/18 19:56:54 ET]
Table 'Oceax IV' 9-max Seat #9 is the button
Seat 1: Dorex2007 ($9.58 in chips) 
Seat 3: dc972155 ($4.79 in chips) 
Seat 4: kodiakrb ($8.33 in chips) 
Seat 5: STM32 ($4.20 in chips) 
Seat 7: psfleury ($5.20 in chips) 
Seat 8: KAAS467 ($3.88 in chips) 
Seat 9: Ramkha ($8.81 in chips) 
Dorex2007: posts small blind $0.02
dc972155: posts big blind $0.05
*** HOLE CARDS ***
Dealt to Dorex2007 [9s 3c]
kodiakrb: folds 
STM32: folds 
psfleury: calls $0.05
KAAS467: raises $0.10 to $0.15
Ramkha: raises $0.30 to $0.45
Dorex2007: folds 
dc972155: calls $0.40
psfleury is disconnected 
psfleury is connected 
psfleury: folds 
KAAS467: folds 
*** FLOP *** [6h Th 4h]
dc972155: checks 
Ramkha: bets $0.54
dc972155: calls $0.54
*** TURN *** [6h Th 4h] [2c]
dc972155: bets $1.41
Ramkha: calls $1.41
*** RIVER *** [6h Th 4h 2c] [5h]
dc972155: checks 
Ramkha: bets $2.50
dc972155: folds 
Uncalled bet ($2.50) returned to Ramkha
Ramkha collected $4.81 from pot
Ramkha: doesn't show hand 
*** SUMMARY ***
Total pot $5.02 | Rake $0.21 
Board [6h Th 4h 2c 5h]
Seat 1: Dorex2007 (small blind) folded before Flop
Seat 3: dc972155 (big blind) folded on the River
Seat 4: kodiakrb folded before Flop (didn't bet)
Seat 5: STM32 folded before Flop (didn't bet)
Seat 7: psfleury folded before Flop
Seat 8: KAAS467 folded before Flop
Seat 9: Ramkha (button) collected ($4.81)



PokerStars Hand #238075902790:  Hold'em No Limit ($0.02/$0.05 USD) - 2022/08/18 16:58:53 PT [2022/08/18 19:58:53 ET]
Table 'Oceax IV' 9-max Seat #1 is the button
Seat 1: Dorex2007 ($9.56 in chips) 
Seat 3: dc972155 ($2.39 in chips) 
Seat 4: kodiakrb ($8.33 in chips) 
Seat 5: STM32 ($4.20 in chips) 
Seat 7: psfleury ($5.15 in chips) 
Seat 8: KAAS467 ($3.73 in chips) 
Seat 9: Ramkha ($11.22 in chips) 
dc972155: posts small blind $0.02
kodiakrb: posts big blind $0.05
*** HOLE CARDS ***
Dealt to Dorex2007 [2h 2c]
STM32: folds 
psfleury: folds 
KAAS467: folds 
Ramkha: folds 
Dorex2007: raises $0.05 to $0.10
dc972155: folds 
kodiakrb: raises $0.20 to $0.30
Dorex2007: folds 
Uncalled bet ($0.20) returned to kodiakrb
kodiakrb collected $0.22 from pot
*** SUMMARY ***
Total pot $0.22 | Rake $0 
Seat 1: Dorex2007 (button) folded before Flop
Seat 3: dc972155 (small blind) folded before Flop
Seat 4: kodiakrb (big blind) collected ($0.22)
Seat 5: STM32 folded before Flop (didn't bet)
Seat 7: psfleury folded before Flop (didn't bet)
Seat 8: KAAS467 folded before Flop (didn't bet)
Seat 9: Ramkha folded before Flop (didn't bet)



PokerStars Hand #238075908997:  Hold'em No Limit ($0.02/$0.05 USD) - 2022/08/18 16:59:23 PT [2022/08/18 19:59:23 ET]
Table 'Oceax IV' 9-max Seat #3 is the button
Seat 1: Dorex2007 ($9.46 in chips) 
Seat 3: dc972155 ($5 in chips) 
Seat 4: kodiakrb ($8.45 in chips) 
Seat 5: STM32 ($4.20 in chips) 
Seat 7: psfleury ($5.15 in chips) 
Seat 8: KAAS467 ($3.73 in chips) 
Seat 9: Ramkha ($11.22 in chips) 
kodiakrb: posts small blind $0.02
STM32: posts big blind $0.05
NewKidOnTheFlop: sits out 
*** HOLE CARDS ***
Dealt to Dorex2007 [8c 5s]
psfleury: folds 
KAAS467: folds 
Ramkha: folds 
Dorex2007: folds 
dc972155: raises $0.10 to $0.15
kodiakrb: raises $0.45 to $0.60
STM32: folds 
dc972155: raises $1.30 to $1.90
kodiakrb: raises $6.55 to $8.45 and is all-in
dc972155: calls $3.10 and is all-in
Uncalled bet ($3.45) returned to kodiakrb
*** FLOP *** [5h 8s 9c]
*** TURN *** [5h 8s 9c] [7h]
*** RIVER *** [5h 8s 9c 7h] [9s]
*** SHOW DOWN ***
kodiakrb: shows [Kh As] (a pair of Nines)
dc972155: shows [Jh Qh] (a pair of Nines - lower kicker)
kodiakrb collected $9.63 from pot
*** SUMMARY ***
Total pot $10.05 | Rake $0.42 
Board [5h 8s 9c 7h 9s]
Seat 1: Dorex2007 folded before Flop (didn't bet)
Seat 3: dc972155 (button) showed [Jh Qh] and lost with a pair of Nines
Seat 4: kodiakrb (small blind) showed [Kh As] and won ($9.63) with a pair of Nines
Seat 5: STM32 (big blind) folded before Flop
Seat 7: psfleury folded before Flop (didn't bet)
Seat 8: KAAS467 folded before Flop (didn't bet)
Seat 9: Ramkha folded before Flop (didn't bet)



PokerStars Hand #238075919538:  Hold'em No Limit ($0.02/$0.05 USD) - 2022/08/18 17:00:13 PT [2022/08/18 20:00:13 ET]
Table 'Oceax IV' 9-max Seat #4 is the button
Seat 1: Dorex2007 ($9.46 in chips) 
Seat 4: kodiakrb ($13.08 in chips) 
Seat 5: STM32 ($4.20 in chips) 
Seat 6: Kallem28 ($11.23 in chips) 
Seat 7: psfleury ($5.15 in chips) 
Seat 8: KAAS467 ($3.73 in chips) 
Seat 9: Ramkha ($11.22 in chips) 
STM32: posts small blind $0.02
Kallem28: posts big blind $0.05
NewKidOnTheFlop: sits out 
*** HOLE CARDS ***
Dealt to Dorex2007 [Ts 8c]
psfleury: folds 
KAAS467: folds 
Ramkha: folds 
Dorex2007: folds 
kodiakrb: raises $0.10 to $0.15
STM32: folds 
Kallem28: folds 
Uncalled bet ($0.10) returned to kodiakrb
kodiakrb collected $0.12 from pot
*** SUMMARY ***
Total pot $0.12 | Rake $0 
Seat 1: Dorex2007 folded before Flop (didn't bet)
Seat 4: kodiakrb (button) collected ($0.12)
Seat 5: STM32 (small blind) folded before Flop
Seat 6: Kallem28 (big blind) folded before Flop
Seat 7: psfleury folded before Flop (didn't bet)
Seat 8: KAAS467 folded before Flop (didn't bet)
Seat 9: Ramkha folded before Flop (didn't bet)



PokerStars Hand #238075924299:  Hold'em No Limit ($0.02/$0.05 USD) - 2022/08/18 17:00:35 PT [2022/08/18 20:00:35 ET]
Table 'Oceax IV' 9-max Seat #5 is the button
Seat 1: Dorex2007 ($9.46 in chips) 
Seat 3: dc972155 ($5 in chips) 
Seat 4: kodiakrb ($13.15 in chips) 
Seat 5: STM32 ($4.20 in chips) 
Seat 6: Kallem28 ($11.18 in chips) 
Seat 7: psfleury ($5.15 in chips) 
Seat 8: KAAS467 ($3.73 in chips) 
Seat 9: Ramkha ($11.22 in chips) 
Kallem28: posts small blind $0.02
psfleury: posts big blind $0.05
NewKidOnTheFlop: sits out 
*** HOLE CARDS ***
Dealt to Dorex2007 [Js 6d]
KAAS467: folds 
Ramkha: folds 
Dorex2007: folds 
dc972155: folds 
kodiakrb: raises $0.10 to $0.15
STM32: folds 
Kallem28: folds 
psfleury: folds 
Uncalled bet ($0.10) returned to kodiakrb
kodiakrb collected $0.12 from pot
*** SUMMARY ***
Total pot $0.12 | Rake $0 
Seat 1: Dorex2007 folded before Flop (didn't bet)
Seat 3: dc972155 folded before Flop (didn't bet)
Seat 4: kodiakrb collected ($0.12)
Seat 5: STM32 (button) folded before Flop (didn't bet)
Seat 6: Kallem28 (small blind) folded before Flop
Seat 7: psfleury (big blind) folded before Flop
Seat 8: KAAS467 folded before Flop (didn't bet)
Seat 9: Ramkha folded before Flop (didn't bet)



PokerStars Hand #238075929518:  Hold'em No Limit ($0.02/$0.05 USD) - 2022/08/18 17:00:58 PT [2022/08/18 20:00:58 ET]
Table 'Oceax IV' 9-max Seat #6 is the button
Seat 1: Dorex2007 ($9.46 in chips) 
Seat 3: dc972155 ($5 in chips) 
Seat 4: kodiakrb ($13.22 in chips) 
Seat 5: STM32 ($4.20 in chips) 
Seat 6: Kallem28 ($11.16 in chips) 
Seat 7: psfleury ($5.10 in chips) 
Seat 8: KAAS467 ($3.73 in chips) 
Seat 9: Ramkha ($11.22 in chips) 
psfleury: posts small blind $0.02
KAAS467: posts big blind $0.05
NewKidOnTheFlop: sits out 
*** HOLE CARDS ***
Dealt to Dorex2007 [Js Jd]
Ramkha: folds 
Dorex2007: raises $0.05 to $0.10
dc972155: folds 
kodiakrb: folds 
STM32: folds 
Kallem28: folds 
psfleury: folds 
KAAS467: raises $0.22 to $0.32
Dorex2007: raises $9.14 to $9.46 and is all-in
KAAS467: folds 
Uncalled bet ($9.14) returned to Dorex2007
Dorex2007 collected $0.66 from pot
Dorex2007: doesn't show hand 
*** SUMMARY ***
Total pot $0.66 | Rake $0 
Seat 1: Dorex2007 collected ($0.66)
Seat 3: dc972155 folded before Flop (didn't bet)
Seat 4: kodiakrb folded before Flop (didn't bet)
Seat 5: STM32 folded before Flop (didn't bet)
Seat 6: Kallem28 (button) folded before Flop (didn't bet)
Seat 7: psfleury (small blind) folded before Flop
Seat 8: KAAS467 (big blind) folded before Flop
Seat 9: Ramkha folded before Flop (didn't bet)



PokerStars Hand #238075940644:  Hold'em No Limit ($0.02/$0.05 USD) - 2022/08/18 17:01:44 PT [2022/08/18 20:01:44 ET]
Table 'Oceax IV' 9-max Seat #7 is the button
Seat 1: Dorex2007 ($9.80 in chips) 
Seat 3: dc972155 ($5 in chips) 
Seat 4: kodiakrb ($13.22 in chips) 
Seat 5: STM32 ($4.20 in chips) 
Seat 6: Kallem28 ($11.16 in chips) 
Seat 7: psfleury ($5.08 in chips) 
Seat 8: KAAS467 ($3.41 in chips) 
Seat 9: Ramkha ($11.22 in chips) 
KAAS467: posts small blind $0.02
Ramkha: posts big blind $0.05
NewKidOnTheFlop: sits out 
*** HOLE CARDS ***
Dealt to Dorex2007 [2h 3d]
Dorex2007: folds 
dc972155: folds 
kodiakrb: folds 
STM32: folds 
Kallem28: folds 
psfleury: calls $0.05
KAAS467: calls $0.03
Ramkha: checks 
*** FLOP *** [2s Qc Tc]
KAAS467: bets $0.09
Ramkha: folds 
psfleury: folds 
Uncalled bet ($0.09) returned to KAAS467
KAAS467 collected $0.14 from pot
KAAS467: doesn't show hand 
*** SUMMARY ***
Total pot $0.15 | Rake $0.01 
Board [2s Qc Tc]
Seat 1: Dorex2007 folded before Flop (didn't bet)
Seat 3: dc972155 folded before Flop (didn't bet)
Seat 4: kodiakrb folded before Flop (didn't bet)
Seat 5: STM32 folded before Flop (didn't bet)
Seat 6: Kallem28 folded before Flop (didn't bet)
Seat 7: psfleury (button) folded on the Flop
Seat 8: KAAS467 (small blind) collected ($0.14)
Seat 9: Ramkha (big blind) folded on the Flop



PokerStars Hand #238075952132:  Hold'em No Limit ($0.02/$0.05 USD) - 2022/08/18 17:02:32 PT [2022/08/18 20:02:32 ET]
Table 'Oceax IV' 9-max Seat #8 is the button
Seat 1: Dorex2007 ($9.80 in chips) 
Seat 3: dc972155 ($5 in chips) 
Seat 4: kodiakrb ($13.22 in chips) 
Seat 5: STM32 ($4.20 in chips) 
Seat 6: Kallem28 ($11.16 in chips) 
Seat 7: psfleury ($5.03 in chips) 
Seat 8: KAAS467 ($3.50 in chips) 
Seat 9: Ramkha ($11.17 in chips) 
Ramkha: posts small blind $0.02
Dorex2007: posts big blind $0.05
NewKidOnTheFlop: sits out 
*** HOLE CARDS ***
Dealt to Dorex2007 [5c Ks]
dc972155: folds 
kodiakrb: calls $0.05
STM32: folds 
Kallem28: folds 
psfleury: raises $0.10 to $0.15
KAAS467: folds 
Ramkha: folds 
Dorex2007: folds 
kodiakrb: calls $0.10
*** FLOP *** [8c 8d 9d]
kodiakrb: bets $0.17
psfleury: folds 
Uncalled bet ($0.17) returned to kodiakrb
kodiakrb collected $0.35 from pot
*** SUMMARY ***
Total pot $0.37 | Rake $0.02 
Board [8c 8d 9d]
Seat 1: Dorex2007 (big blind) folded before Flop
Seat 3: dc972155 folded before Flop (didn't bet)
Seat 4: kodiakrb collected ($0.35)
Seat 5: STM32 folded before Flop (didn't bet)
Seat 6: Kallem28 folded before Flop (didn't bet)
Seat 7: psfleury folded on the Flop
Seat 8: KAAS467 (button) folded before Flop (didn't bet)
Seat 9: Ramkha (small blind) folded before Flop



PokerStars Hand #238075961413:  Hold'em No Limit ($0.02/$0.05 USD) - 2022/08/18 17:03:10 PT [2022/08/18 20:03:10 ET]
Table 'Oceax IV' 9-max Seat #9 is the button
Seat 1: Dorex2007 ($9.75 in chips) 
Seat 2: NewKidOnTheFlop ($5.28 in chips) 
Seat 3: dc972155 ($5 in chips) 
Seat 4: kodiakrb ($13.42 in chips) 
Seat 5: STM32 ($4.20 in chips) 
Seat 6: Kallem28 ($11.16 in chips) 
Seat 7: psfleury ($4.88 in chips) 
Seat 8: KAAS467 ($3.50 in chips) 
Seat 9: Ramkha ($11.15 in chips) 
psfleury is disconnected 
Dorex2007: posts small blind $0.02
NewKidOnTheFlop: posts big blind $0.05
*** HOLE CARDS ***
Dealt to Dorex2007 [3d As]
dc972155: folds 
kodiakrb: raises $0.05 to $0.10
STM32: folds 
Kallem28: folds 
psfleury has timed out while disconnected
psfleury: folds 
KAAS467: folds 
Ramkha: raises $0.30 to $0.40
Dorex2007: folds 
NewKidOnTheFlop: folds 
kodiakrb: calls $0.30
*** FLOP *** [Qc 2c Ac]
kodiakrb: bets $13.02 and is all-in
Ramkha: folds 
Uncalled bet ($13.02) returned to kodiakrb
kodiakrb collected $0.83 from pot
*** SUMMARY ***
Total pot $0.87 | Rake $0.04 
Board [Qc 2c Ac]
Seat 1: Dorex2007 (small blind) folded before Flop
Seat 2: NewKidOnTheFlop (big blind) folded before Flop
Seat 3: dc972155 folded before Flop (didn't bet)
Seat 4: kodiakrb collected ($0.83)
Seat 5: STM32 folded before Flop (didn't bet)
Seat 6: Kallem28 folded before Flop (didn't bet)
Seat 7: psfleury folded before Flop (didn't bet)
Seat 8: KAAS467 folded before Flop (didn't bet)
Seat 9: Ramkha (button) folded on the Flop



PokerStars Hand #238075974578:  Hold'em No Limit ($0.02/$0.05 USD) - 2022/08/18 17:04:03 PT [2022/08/18 20:04:03 ET]
Table 'Oceax IV' 9-max Seat #1 is the button
Seat 1: Dorex2007 ($9.73 in chips) 
Seat 2: NewKidOnTheFlop ($5.23 in chips) 
Seat 3: dc972155 ($5 in chips) 
Seat 4: kodiakrb ($13.85 in chips) 
Seat 5: STM32 ($4.20 in chips) 
Seat 6: Kallem28 ($11.16 in chips) 
Seat 7: psfleury ($4.88 in chips) 
Seat 8: KAAS467 ($3.50 in chips) 
Seat 9: Ramkha ($10.75 in chips) 
NewKidOnTheFlop: posts small blind $0.02
dc972155: posts big blind $0.05
*** HOLE CARDS ***
Dealt to Dorex2007 [Qs 3c]
kodiakrb: raises $0.05 to $0.10
STM32: folds 
Kallem28: folds 
psfleury: calls $0.10
KAAS467: folds 
Ramkha: folds 
Dorex2007: folds 
NewKidOnTheFlop: folds 
dc972155: folds 
*** FLOP *** [Qc 2d 2h]
kodiakrb: bets $0.13
psfleury: folds 
Uncalled bet ($0.13) returned to kodiakrb
kodiakrb collected $0.26 from pot
*** SUMMARY ***
Total pot $0.27 | Rake $0.01 
Board [Qc 2d 2h]
Seat 1: Dorex2007 (button) folded before Flop (didn't bet)
Seat 2: NewKidOnTheFlop (small blind) folded before Flop
Seat 3: dc972155 (big blind) folded before Flop
Seat 4: kodiakrb collected ($0.26)
Seat 5: STM32 folded before Flop (didn't bet)
Seat 6: Kallem28 folded before Flop (didn't bet)
Seat 7: psfleury folded on the Flop
Seat 8: KAAS467 folded before Flop (didn't bet)
Seat 9: Ramkha folded before Flop (didn't bet)



PokerStars Hand #238075980566:  Hold'em No Limit ($0.02/$0.05 USD) - 2022/08/18 17:04:27 PT [2022/08/18 20:04:27 ET]
Table 'Oceax IV' 9-max Seat #2 is the button
Seat 1: Dorex2007 ($9.73 in chips) 
Seat 2: NewKidOnTheFlop ($5.21 in chips) 
Seat 3: dc972155 ($4.95 in chips) 
Seat 4: kodiakrb ($14.01 in chips) 
Seat 5: STM32 ($4.20 in chips) 
Seat 6: Kallem28 ($11.16 in chips) 
Seat 7: psfleury ($4.78 in chips) 
Seat 8: KAAS467 ($3.50 in chips) 
Seat 9: Ramkha ($10.75 in chips) 
dc972155: posts small blind $0.02
kodiakrb: posts big blind $0.05
*** HOLE CARDS ***
Dealt to Dorex2007 [6s 5d]
STM32: folds 
Kallem28: raises $0.10 to $0.15
psfleury: folds 
KAAS467: folds 
Ramkha: folds 
Dorex2007: folds 
NewKidOnTheFlop: folds 
dc972155: folds 
kodiakrb: folds 
Uncalled bet ($0.10) returned to Kallem28
Kallem28 collected $0.12 from pot
Kallem28: doesn't show hand 
*** SUMMARY ***
Total pot $0.12 | Rake $0 
Seat 1: Dorex2007 folded before Flop (didn't bet)
Seat 2: NewKidOnTheFlop (button) folded before Flop (didn't bet)
Seat 3: dc972155 (small blind) folded before Flop
Seat 4: kodiakrb (big blind) folded before Flop
Seat 5: STM32 folded before Flop (didn't bet)
Seat 6: Kallem28 collected ($0.12)
Seat 7: psfleury folded before Flop (didn't bet)
Seat 8: KAAS467 folded before Flop (didn't bet)
Seat 9: Ramkha folded before Flop (didn't bet)



PokerStars Hand #238075985008:  Hold'em No Limit ($0.02/$0.05 USD) - 2022/08/18 17:04:45 PT [2022/08/18 20:04:45 ET]
Table 'Oceax IV' 9-max Seat #3 is the button
Seat 1: Dorex2007 ($9.73 in chips) 
Seat 2: NewKidOnTheFlop ($5.21 in chips) 
Seat 3: dc972155 ($4.93 in chips) 
Seat 4: kodiakrb ($13.96 in chips) 
Seat 5: STM32 ($4.20 in chips) 
Seat 6: Kallem28 ($11.23 in chips) 
Seat 7: psfleury ($4.78 in chips) 
Seat 8: KAAS467 ($3.50 in chips) 
Seat 9: Ramkha ($10.75 in chips) 
kodiakrb: posts small blind $0.02
STM32: posts big blind $0.05
*** HOLE CARDS ***
Dealt to Dorex2007 [Kd Ks]
Kallem28: folds 
psfleury: folds 
KAAS467: folds 
Ramkha: folds 
Dorex2007: raises $0.10 to $0.15
NewKidOnTheFlop: folds 
dc972155: folds 
kodiakrb: folds 
STM32: calls $0.10
*** FLOP *** [Th Qs 7c]
STM32: checks 
Dorex2007: bets $0.31
STM32: folds 
Uncalled bet ($0.31) returned to Dorex2007
Dorex2007 collected $0.31 from pot
Dorex2007: doesn't show hand 
*** SUMMARY ***
Total pot $0.32 | Rake $0.01 
Board [Th Qs 7c]
Seat 1: Dorex2007 collected ($0.31)
Seat 2: NewKidOnTheFlop folded before Flop (didn't bet)
Seat 3: dc972155 (button) folded before Flop (didn't bet)
Seat 4: kodiakrb (small blind) folded before Flop
Seat 5: STM32 (big blind) folded on the Flop
Seat 6: Kallem28 folded before Flop (didn't bet)
Seat 7: psfleury folded before Flop (didn't bet)
Seat 8: KAAS467 folded before Flop (didn't bet)
Seat 9: Ramkha folded before Flop (didn't bet)



PokerStars Hand #238075997131:  Hold'em No Limit ($0.02/$0.05 USD) - 2022/08/18 17:05:35 PT [2022/08/18 20:05:35 ET]
Table 'Oceax IV' 9-max Seat #4 is the button
Seat 1: Dorex2007 ($9.89 in chips) 
Seat 2: NewKidOnTheFlop ($5.21 in chips) 
Seat 3: dc972155 ($4.93 in chips) 
Seat 4: kodiakrb ($13.94 in chips) 
Seat 5: STM32 ($4.20 in chips) 
Seat 6: Kallem28 ($11.23 in chips) 
Seat 7: psfleury ($4.78 in chips) 
Seat 8: KAAS467 ($3.50 in chips) 
Seat 9: Ramkha ($10.75 in chips) 
STM32: posts small blind $0.02
Kallem28: posts big blind $0.05
*** HOLE CARDS ***
Dealt to Dorex2007 [5h 7h]
psfleury: calls $0.05
KAAS467: folds 
Ramkha: folds 
Dorex2007: folds 
NewKidOnTheFlop: folds 
dc972155: raises $0.15 to $0.20
kodiakrb: raises $0.25 to $0.45
STM32: folds 
Kallem28: folds 
psfleury: folds 
dc972155: raises $0.95 to $1.40
kodiakrb: calls $0.95
*** FLOP *** [Td 9s 2s]
dc972155: bets $1.40
kodiakrb: raises $1.40 to $2.80
dc972155: folds 
Uncalled bet ($1.40) returned to kodiakrb
kodiakrb collected $5.48 from pot
*** SUMMARY ***
Total pot $5.72 | Rake $0.24 
Board [Td 9s 2s]
Seat 1: Dorex2007 folded before Flop (didn't bet)
Seat 2: NewKidOnTheFlop folded before Flop (didn't bet)
Seat 3: dc972155 folded on the Flop
Seat 4: kodiakrb (button) collected ($5.48)
Seat 5: STM32 (small blind) folded before Flop
Seat 6: Kallem28 (big blind) folded before Flop
Seat 7: psfleury folded before Flop
Seat 8: KAAS467 folded before Flop (didn't bet)
Seat 9: Ramkha folded before Flop (didn't bet)



PokerStars Hand #238076012131:  Hold'em No Limit ($0.02/$0.05 USD) - 2022/08/18 17:06:37 PT [2022/08/18 20:06:37 ET]
Table 'Oceax IV' 9-max Seat #5 is the button
Seat 1: Dorex2007 ($9.89 in chips) 
Seat 2: NewKidOnTheFlop ($5.21 in chips) 
Seat 3: dc972155 ($2.13 in chips) 
Seat 4: kodiakrb ($16.62 in chips) 
Seat 5: STM32 ($4.20 in chips) 
Seat 6: Kallem28 ($11.18 in chips) 
Seat 7: psfleury ($4.73 in chips) 
Seat 8: KAAS467 ($3.50 in chips) 
Seat 9: Ramkha ($10.75 in chips) 
Kallem28: posts small blind $0.02
psfleury: posts big blind $0.05
*** HOLE CARDS ***
Dealt to Dorex2007 [3d Ac]
KAAS467: folds 
Ramkha: raises $0.07 to $0.12
Dorex2007: folds 
NewKidOnTheFlop: folds 
dc972155: folds 
kodiakrb: folds 
STM32: calls $0.12
Kallem28: folds 
psfleury: folds 
*** FLOP *** [2h 7d 3s]
Ramkha: checks 
STM32: bets $0.10
Ramkha: calls $0.10
*** TURN *** [2h 7d 3s] [Ad]
Ramkha: checks 
STM32: bets $0.30
Ramkha: folds 
Uncalled bet ($0.30) returned to STM32
STM32 collected $0.49 from pot
STM32: doesn't show hand 
*** SUMMARY ***
Total pot $0.51 | Rake $0.02 
Board [2h 7d 3s Ad]
Seat 1: Dorex2007 folded before Flop (didn't bet)
Seat 2: NewKidOnTheFlop folded before Flop (didn't bet)
Seat 3: dc972155 folded before Flop (didn't bet)
Seat 4: kodiakrb folded before Flop (didn't bet)
Seat 5: STM32 (button) collected ($0.49)
Seat 6: Kallem28 (small blind) folded before Flop
Seat 7: psfleury (big blind) folded before Flop
Seat 8: KAAS467 folded before Flop (didn't bet)
Seat 9: Ramkha folded on the Turn



PokerStars Hand #238076027990:  Hold'em No Limit ($0.02/$0.05 USD) - 2022/08/18 17:07:42 PT [2022/08/18 20:07:42 ET]
Table 'Oceax IV' 9-max Seat #6 is the button
Seat 1: Dorex2007 ($9.89 in chips) 
Seat 2: NewKidOnTheFlop ($5.21 in chips) 
Seat 3: dc972155 ($5 in chips) 
Seat 4: kodiakrb ($16.62 in chips) 
Seat 5: STM32 ($4.47 in chips) 
Seat 6: Kallem28 ($11.16 in chips) 
Seat 7: psfleury ($4.68 in chips) 
Seat 8: KAAS467 ($3.50 in chips) 
Seat 9: Ramkha ($10.53 in chips) 
psfleury: posts small blind $0.02
KAAS467: posts big blind $0.05
*** HOLE CARDS ***
Dealt to Dorex2007 [9d 3c]
Ramkha: folds 
Dorex2007: folds 
NewKidOnTheFlop: folds 
dc972155: folds 
kodiakrb: raises $0.15 to $0.20
STM32: folds 
Kallem28: folds 
psfleury: calls $0.18
KAAS467: folds 
*** FLOP *** [5d Th Ad]
psfleury: checks 
kodiakrb: checks 
*** TURN *** [5d Th Ad] [8h]
psfleury: checks 
kodiakrb: bets $0.33
psfleury: calls $0.33
*** RIVER *** [5d Th Ad 8h] [Kd]
psfleury: checks 
kodiakrb: checks 
*** SHOW DOWN ***
psfleury: shows [Qh Jh] (a straight, Ten to Ace)
psfleury is disconnected 
kodiakrb: mucks hand 
psfleury collected $1.06 from pot
*** SUMMARY ***
Total pot $1.11 | Rake $0.05 
Board [5d Th Ad 8h Kd]
Seat 1: Dorex2007 folded before Flop (didn't bet)
Seat 2: NewKidOnTheFlop folded before Flop (didn't bet)
Seat 3: dc972155 folded before Flop (didn't bet)
Seat 4: kodiakrb mucked [Qd Kh]
Seat 5: STM32 folded before Flop (didn't bet)
Seat 6: Kallem28 (button) folded before Flop (didn't bet)
Seat 7: psfleury (small blind) showed [Qh Jh] and won ($1.06) with a straight, Ten to Ace
Seat 8: KAAS467 (big blind) folded before Flop
Seat 9: Ramkha folded before Flop (didn't bet)



PokerStars Hand #238076046183:  Hold'em No Limit ($0.02/$0.05 USD) - 2022/08/18 17:08:57 PT [2022/08/18 20:08:57 ET]
Table 'Oceax IV' 9-max Seat #7 is the button
Seat 1: Dorex2007 ($9.89 in chips) 
Seat 2: NewKidOnTheFlop ($5.21 in chips) 
Seat 3: dc972155 ($5 in chips) 
Seat 4: kodiakrb ($16.09 in chips) 
Seat 5: STM32 ($4.47 in chips) 
Seat 6: Kallem28 ($11.16 in chips) 
Seat 7: psfleury ($5.21 in chips) 
Seat 8: KAAS467 ($3.45 in chips) 
Seat 9: Ramkha ($10.53 in chips) 
KAAS467: posts small blind $0.02
Ramkha: posts big blind $0.05
*** HOLE CARDS ***
Dealt to Dorex2007 [7h 8s]
Dorex2007: folds 
NewKidOnTheFlop: folds 
dc972155: folds 
kodiakrb: raises $0.10 to $0.15
STM32: folds 
Kallem28: raises $0.25 to $0.40
psfleury is connected 
psfleury: folds 
KAAS467: folds 
Ramkha: folds 
kodiakrb: calls $0.25
*** FLOP *** [8c Ts Th]
kodiakrb: checks 
Kallem28: checks 
*** TURN *** [8c Ts Th] [9c]
kodiakrb: bets $0.51
Kallem28: calls $0.51
*** RIVER *** [8c Ts Th 9c] [3d]
kodiakrb: bets $1.25
Kallem28: calls $1.25
*** SHOW DOWN ***
kodiakrb: shows [Qs 9s] (two pair, Tens and Nines)
Kallem28: shows [Ah As] (two pair, Aces and Tens)
Kallem28 collected $4.21 from pot
*** SUMMARY ***
Total pot $4.39 | Rake $0.18 
Board [8c Ts Th 9c 3d]
Seat 1: Dorex2007 folded before Flop (didn't bet)
Seat 2: NewKidOnTheFlop folded before Flop (didn't bet)
Seat 3: dc972155 folded before Flop (didn't bet)
Seat 4: kodiakrb showed [Qs 9s] and lost with two pair, Tens and Nines
Seat 5: STM32 folded before Flop (didn't bet)
Seat 6: Kallem28 showed [Ah As] and won ($4.21) with two pair, Aces and Tens
Seat 7: psfleury (button) folded before Flop (didn't bet)
Seat 8: KAAS467 (small blind) folded before Flop
Seat 9: Ramkha (big blind) folded before Flop



PokerStars Hand #238076067220:  Hold'em No Limit ($0.02/$0.05 USD) - 2022/08/18 17:10:25 PT [2022/08/18 20:10:25 ET]
Table 'Oceax IV' 9-max Seat #8 is the button
Seat 1: Dorex2007 ($9.89 in chips) 
Seat 2: NewKidOnTheFlop ($5.21 in chips) 
Seat 3: dc972155 ($5 in chips) 
Seat 4: kodiakrb ($13.93 in chips) 
Seat 5: STM32 ($4.47 in chips) 
Seat 6: Kallem28 ($13.21 in chips) 
Seat 7: psfleury ($5.21 in chips) 
Seat 8: KAAS467 ($3.43 in chips) 
Seat 9: Ramkha ($10.48 in chips) 
Ramkha: posts small blind $0.02
Dorex2007: posts big blind $0.05
*** HOLE CARDS ***
Dealt to Dorex2007 [7d 7s]
NewKidOnTheFlop: folds 
dc972155: raises $0.10 to $0.15
kodiakrb: folds 
STM32: folds 
Kallem28: folds 
psfleury: folds 
KAAS467: folds 
Ramkha: folds 
Dorex2007: calls $0.10
*** FLOP *** [Ks 2d Ad]
Dorex2007: checks 
NewKidOnTheFlop leaves the table
dc972155: bets $0.15
Dorex2007: folds 
Uncalled bet ($0.15) returned to dc972155
dc972155 collected $0.31 from pot
dc972155: doesn't show hand 
*** SUMMARY ***
Total pot $0.32 | Rake $0.01 
Board [Ks 2d Ad]
Seat 1: Dorex2007 (big blind) folded on the Flop
Seat 2: NewKidOnTheFlop folded before Flop (didn't bet)
Seat 3: dc972155 collected ($0.31)
Seat 4: kodiakrb folded before Flop (didn't bet)
Seat 5: STM32 folded before Flop (didn't bet)
Seat 6: Kallem28 folded before Flop (didn't bet)
Seat 7: psfleury folded before Flop (didn't bet)
Seat 8: KAAS467 (button) folded before Flop (didn't bet)
Seat 9: Ramkha (small blind) folded before Flop



PokerStars Hand #238076075473:  Hold'em No Limit ($0.02/$0.05 USD) - 2022/08/18 17:10:59 PT [2022/08/18 20:10:59 ET]
Table 'Oceax IV' 9-max Seat #9 is the button
Seat 1: Dorex2007 ($9.74 in chips) 
Seat 3: dc972155 ($5.16 in chips) 
Seat 4: kodiakrb ($13.93 in chips) 
Seat 5: STM32 ($4.47 in chips) 
Seat 6: Kallem28 ($13.21 in chips) 
Seat 7: psfleury ($5.21 in chips) 
Seat 8: KAAS467 ($3.43 in chips) 
Seat 9: Ramkha ($10.46 in chips) 
Dorex2007: posts small blind $0.02
dc972155: posts big blind $0.05
*** HOLE CARDS ***
Dealt to Dorex2007 [Th Ah]
kodiakrb: raises $0.05 to $0.10
STM32: folds 
Kallem28: folds 
psfleury: calls $0.10
KAAS467: folds 
Ramkha: folds 
Dorex2007: calls $0.08
dc972155: calls $0.05
*** FLOP *** [Tc Ad 8d]
Dorex2007: bets $0.38
dc972155: folds 
kodiakrb: calls $0.38
psfleury: folds 
*** TURN *** [Tc Ad 8d] [9h]
Dorex2007: bets $9.26 and is all-in
kodiakrb: folds 
Uncalled bet ($9.26) returned to Dorex2007
Dorex2007 collected $1.11 from pot
Dorex2007: doesn't show hand 
*** SUMMARY ***
Total pot $1.16 | Rake $0.05 
Board [Tc Ad 8d 9h]
Seat 1: Dorex2007 (small blind) collected ($1.11)
Seat 3: dc972155 (big blind) folded on the Flop
Seat 4: kodiakrb folded on the Turn
Seat 5: STM32 folded before Flop (didn't bet)
Seat 6: Kallem28 folded before Flop (didn't bet)
Seat 7: psfleury folded on the Flop
Seat 8: KAAS467 folded before Flop (didn't bet)
Seat 9: Ramkha (button) folded before Flop (didn't bet)



PokerStars Hand #238076093632:  Hold'em No Limit ($0.02/$0.05 USD) - 2022/08/18 17:12:15 PT [2022/08/18 20:12:15 ET]
Table 'Oceax IV' 9-max Seat #1 is the button
Seat 1: Dorex2007 ($10.37 in chips) 
Seat 3: dc972155 ($5.06 in chips) 
Seat 4: kodiakrb ($13.45 in chips) 
Seat 5: STM32 ($4.47 in chips) 
Seat 6: Kallem28 ($13.21 in chips) 
Seat 7: psfleury ($5.11 in chips) 
Seat 8: KAAS467 ($3.43 in chips) 
Seat 9: Ramkha ($10.46 in chips) 
dc972155: posts small blind $0.02
kodiakrb: posts big blind $0.05
*** HOLE CARDS ***
Dealt to Dorex2007 [2h 6c]
STM32: folds 
Kallem28: folds 
psfleury: folds 
KAAS467: folds 
Ramkha: folds 
Dorex2007: folds 
dc972155: raises $0.10 to $0.15
kodiakrb: calls $0.10
*** FLOP *** [9h Ts Qc]
dc972155: bets $0.14
kodiakrb: calls $0.14
*** TURN *** [9h Ts Qc] [8s]
dc972155: checks 
JuanchiBasile14 joins the table at seat #2 
kodiakrb: bets $0.56
dc972155: raises $1.19 to $1.75
kodiakrb: calls $1.19
*** RIVER *** [9h Ts Qc 8s] [3d]
dc972155: bets $3.02 and is all-in
kodiakrb: folds 
Uncalled bet ($3.02) returned to dc972155
dc972155 collected $3.91 from pot
dc972155: doesn't show hand 
*** SUMMARY ***
Total pot $4.08 | Rake $0.17 
Board [9h Ts Qc 8s 3d]
Seat 1: Dorex2007 (button) folded before Flop (didn't bet)
Seat 3: dc972155 (small blind) collected ($3.91)
Seat 4: kodiakrb (big blind) folded on the River
Seat 5: STM32 folded before Flop (didn't bet)
Seat 6: Kallem28 folded before Flop (didn't bet)
Seat 7: psfleury folded before Flop (didn't bet)
Seat 8: KAAS467 folded before Flop (didn't bet)
Seat 9: Ramkha folded before Flop (didn't bet)



PokerStars Hand #238076110012:  Hold'em No Limit ($0.02/$0.05 USD) - 2022/08/18 17:13:24 PT [2022/08/18 20:13:24 ET]
Table 'Oceax IV' 9-max Seat #3 is the button
Seat 1: Dorex2007 ($10.37 in chips) 
Seat 2: JuanchiBasile14 ($4.70 in chips) 
Seat 3: dc972155 ($6.93 in chips) 
Seat 4: kodiakrb ($11.41 in chips) 
Seat 5: STM32 ($4.47 in chips) 
Seat 6: Kallem28 ($13.21 in chips) 
Seat 7: psfleury ($5.11 in chips) 
Seat 8: KAAS467 ($3.43 in chips) 
Seat 9: Ramkha ($10.46 in chips) 
kodiakrb: posts small blind $0.02
STM32: posts big blind $0.05
JuanchiBasile14: posts big blind $0.05
*** HOLE CARDS ***
Dealt to Dorex2007 [5d 2c]
Kallem28: folds 
psfleury: calls $0.05
KAAS467: folds 
Ramkha: folds 
Dorex2007: folds 
JuanchiBasile14: checks 
dc972155: folds 
kodiakrb: folds 
STM32: checks 
*** FLOP *** [Kd 6d Qs]
STM32: checks 
psfleury: checks 
JuanchiBasile14: bets $0.16
STM32: folds 
psfleury: folds 
Uncalled bet ($0.16) returned to JuanchiBasile14
JuanchiBasile14 collected $0.16 from pot
*** SUMMARY ***
Total pot $0.17 | Rake $0.01 
Board [Kd 6d Qs]
Seat 1: Dorex2007 folded before Flop (didn't bet)
Seat 2: JuanchiBasile14 collected ($0.16)
Seat 3: dc972155 (button) folded before Flop (didn't bet)
Seat 4: kodiakrb (small blind) folded before Flop
Seat 5: STM32 (big blind) folded on the Flop
Seat 6: Kallem28 folded before Flop (didn't bet)
Seat 7: psfleury folded on the Flop
Seat 8: KAAS467 folded before Flop (didn't bet)
Seat 9: Ramkha folded before Flop (didn't bet)



PokerStars Hand #238076118932:  Hold'em No Limit ($0.02/$0.05 USD) - 2022/08/18 17:14:02 PT [2022/08/18 20:14:02 ET]
Table 'Oceax IV' 9-max Seat #4 is the button
Seat 1: Dorex2007 ($10.37 in chips) 
Seat 2: JuanchiBasile14 ($4.81 in chips) 
Seat 3: dc972155 ($6.93 in chips) 
Seat 4: kodiakrb ($11.39 in chips) 
Seat 5: STM32 ($4.42 in chips) 
Seat 6: Kallem28 ($13.21 in chips) 
Seat 7: psfleury ($5.06 in chips) 
Seat 8: KAAS467 ($3.43 in chips) 
Seat 9: Ramkha ($10.46 in chips) 
STM32: posts small blind $0.02
Kallem28: posts big blind $0.05
*** HOLE CARDS ***
Dealt to Dorex2007 [2h 8c]
psfleury: folds 
KAAS467: folds 
Ramkha: folds 
Dorex2007: folds 
JuanchiBasile14: raises $0.05 to $0.10
dc972155: folds 
psfleury is disconnected 
kodiakrb: raises $0.35 to $0.45
STM32: folds 
Kallem28: folds 
JuanchiBasile14: calls $0.35
*** FLOP *** [4d Td 2d]
JuanchiBasile14: checks 
kodiakrb: bets $0.93
JuanchiBasile14: folds 
Uncalled bet ($0.93) returned to kodiakrb
kodiakrb collected $0.93 from pot
*** SUMMARY ***
Total pot $0.97 | Rake $0.04 
Board [4d Td 2d]
Seat 1: Dorex2007 folded before Flop (didn't bet)
Seat 2: JuanchiBasile14 folded on the Flop
Seat 3: dc972155 folded before Flop (didn't bet)
Seat 4: kodiakrb (button) collected ($0.93)
Seat 5: STM32 (small blind) folded before Flop
Seat 6: Kallem28 (big blind) folded before Flop
Seat 7: psfleury folded before Flop (didn't bet)
Seat 8: KAAS467 folded before Flop (didn't bet)
Seat 9: Ramkha folded before Flop (didn't bet)



PokerStars Hand #238076131526:  Hold'em No Limit ($0.02/$0.05 USD) - 2022/08/18 17:14:56 PT [2022/08/18 20:14:56 ET]
Table 'Oceax IV' 9-max Seat #5 is the button
Seat 1: Dorex2007 ($10.37 in chips) 
Seat 2: JuanchiBasile14 ($4.36 in chips) 
Seat 3: dc972155 ($6.93 in chips) 
Seat 4: kodiakrb ($11.87 in chips) 
Seat 5: STM32 ($4.40 in chips) 
Seat 6: Kallem28 ($13.16 in chips) 
Seat 7: psfleury ($5.06 in chips) 
Seat 8: KAAS467 ($3.43 in chips) 
Seat 9: Ramkha ($10.46 in chips) 
Kallem28: posts small blind $0.02
psfleury is connected 
psfleury: posts big blind $0.05
*** HOLE CARDS ***
Dealt to Dorex2007 [Ah Qs]
KAAS467: folds 
Ramkha: folds 
Dorex2007: raises $0.10 to $0.15
JuanchiBasile14: folds 
dc972155: folds 
kodiakrb: calls $0.15
STM32: folds 
Kallem28: folds 
psfleury: folds 
*** FLOP *** [7d 5h Qh]
Dorex2007: bets $0.35
kodiakrb: calls $0.35
*** TURN *** [7d 5h Qh] [As]
Dorex2007: bets $9.87 and is all-in
kodiakrb: calls $9.87
*** RIVER *** [7d 5h Qh As] [Jc]
*** SHOW DOWN ***
Dorex2007: shows [Ah Qs] (two pair, Aces and Queens)
kodiakrb: shows [9d Ad] (a pair of Aces)
Dorex2007 collected $19.95 from pot
*** SUMMARY ***
Total pot $20.81 | Rake $0.86 
Board [7d 5h Qh As Jc]
Seat 1: Dorex2007 showed [Ah Qs] and won ($19.95) with two pair, Aces and Queens
Seat 2: JuanchiBasile14 folded before Flop (didn't bet)
Seat 3: dc972155 folded before Flop (didn't bet)
Seat 4: kodiakrb showed [9d Ad] and lost with a pair of Aces
Seat 5: STM32 (button) folded before Flop (didn't bet)
Seat 6: Kallem28 (small blind) folded before Flop
Seat 7: psfleury (big blind) folded before Flop
Seat 8: KAAS467 folded before Flop (didn't bet)
Seat 9: Ramkha folded before Flop (didn't bet)



PokerStars Hand #238076144034:  Hold'em No Limit ($0.02/$0.05 USD) - 2022/08/18 17:15:49 PT [2022/08/18 20:15:49 ET]
Table 'Oceax IV' 9-max Seat #6 is the button
Seat 1: Dorex2007 ($19.95 in chips) 
Seat 2: JuanchiBasile14 ($4.36 in chips) 
Seat 3: dc972155 ($6.93 in chips) 
Seat 4: kodiakrb ($1.50 in chips) 
Seat 5: STM32 ($4.40 in chips) 
Seat 6: Kallem28 ($13.14 in chips) 
Seat 7: psfleury ($5.01 in chips) 
Seat 8: KAAS467 ($3.43 in chips) 
Seat 9: Ramkha ($10.46 in chips) 
psfleury: posts small blind $0.02
KAAS467: posts big blind $0.05
*** HOLE CARDS ***
Dealt to Dorex2007 [As Kh]
Ramkha: folds 
Dorex2007: calls $0.05
JuanchiBasile14: folds 
dc972155: folds 
kodiakrb: raises $0.20 to $0.25
STM32: folds 
Kallem28: folds 
psfleury: folds 
KAAS467: calls $0.20
Dorex2007: calls $0.20
*** FLOP *** [Qd 4c 2d]
KAAS467: checks 
Dorex2007: checks 
kodiakrb: bets $1.25 and is all-in
KAAS467: folds 
Dorex2007: folds 
Uncalled bet ($1.25) returned to kodiakrb
kodiakrb collected $0.74 from pot
*** SUMMARY ***
Total pot $0.77 | Rake $0.03 
Board [Qd 4c 2d]
Seat 1: Dorex2007 folded on the Flop
Seat 2: JuanchiBasile14 folded before Flop (didn't bet)
Seat 3: dc972155 folded before Flop (didn't bet)
Seat 4: kodiakrb collected ($0.74)
Seat 5: STM32 folded before Flop (didn't bet)
Seat 6: Kallem28 (button) folded before Flop (didn't bet)
Seat 7: psfleury (small blind) folded before Flop
Seat 8: KAAS467 (big blind) folded on the Flop
Seat 9: Ramkha folded before Flop (didn't bet)



PokerStars Hand #238076158145:  Hold'em No Limit ($0.02/$0.05 USD) - 2022/08/18 17:16:35 PT [2022/08/18 20:16:35 ET]
Table 'Oceax IV' 9-max Seat #7 is the button
Seat 1: Dorex2007 ($19.70 in chips) 
Seat 2: JuanchiBasile14 ($4.36 in chips) 
Seat 3: dc972155 ($6.93 in chips) 
Seat 4: kodiakrb ($1.99 in chips) 
Seat 5: STM32 ($4.40 in chips) 
Seat 6: Kallem28 ($13.14 in chips) 
Seat 7: psfleury ($4.99 in chips) 
Seat 8: KAAS467 ($3.18 in chips) 
Seat 9: Ramkha ($10.46 in chips) 
KAAS467: posts small blind $0.02
Ramkha: posts big blind $0.05
*** HOLE CARDS ***
Dealt to Dorex2007 [4d 7s]
Dorex2007: folds 
JuanchiBasile14: calls $0.05
dc972155: folds 
kodiakrb: raises $0.05 to $0.10
STM32: folds 
Kallem28: folds 
psfleury: calls $0.10
KAAS467: folds 
Ramkha: folds 
JuanchiBasile14: calls $0.05
*** FLOP *** [Qd 5d 3h]
JuanchiBasile14: checks 
kodiakrb: bets $0.17
psfleury: folds 
JuanchiBasile14: folds 
Uncalled bet ($0.17) returned to kodiakrb
kodiakrb collected $0.35 from pot
*** SUMMARY ***
Total pot $0.37 | Rake $0.02 
Board [Qd 5d 3h]
Seat 1: Dorex2007 folded before Flop (didn't bet)
Seat 2: JuanchiBasile14 folded on the Flop
Seat 3: dc972155 folded before Flop (didn't bet)
Seat 4: kodiakrb collected ($0.35)
Seat 5: STM32 folded before Flop (didn't bet)
Seat 6: Kallem28 folded before Flop (didn't bet)
Seat 7: psfleury (button) folded on the Flop
Seat 8: KAAS467 (small blind) folded before Flop
Seat 9: Ramkha (big blind) folded before Flop



PokerStars Hand #238076167120:  Hold'em No Limit ($0.02/$0.05 USD) - 2022/08/18 17:17:13 PT [2022/08/18 20:17:13 ET]
Table 'Oceax IV' 9-max Seat #8 is the button
Seat 1: Dorex2007 ($19.70 in chips) 
Seat 2: JuanchiBasile14 ($4.26 in chips) 
Seat 3: dc972155 ($6.93 in chips) 
Seat 4: kodiakrb ($2.24 in chips) 
Seat 5: STM32 ($4.40 in chips) 
Seat 6: Kallem28 ($13.14 in chips) 
Seat 7: psfleury ($4.89 in chips) 
Seat 8: KAAS467 ($3.16 in chips) 
Seat 9: Ramkha ($10.41 in chips) 
Ramkha: posts small blind $0.02
Dorex2007: posts big blind $0.05
*** HOLE CARDS ***
Dealt to Dorex2007 [Js 2h]
JuanchiBasile14: folds 
dc972155: raises $0.10 to $0.15
kodiakrb: calls $0.15
STM32: folds 
Kallem28: calls $0.15
psfleury: folds 
KAAS467: folds 
Ramkha: folds 
Dorex2007: folds 
*** FLOP *** [6c Tc Ts]
dc972155: checks 
kodiakrb: bets $0.20
Kallem28: calls $0.20
dc972155: folds 
*** TURN *** [6c Tc Ts] [8d]
kodiakrb: bets $0.34
Kallem28: calls $0.34
*** RIVER *** [6c Tc Ts 8d] [2s]
Ramkha leaves the table
kodiakrb: bets $0.76
Kallem28: calls $0.76
*** SHOW DOWN ***
kodiakrb: shows [5d 2d] (two pair, Tens and Deuces)
Kallem28: shows [Td Ad] (three of a kind, Tens)
Kallem28 collected $2.99 from pot
*** SUMMARY ***
Total pot $3.12 | Rake $0.13 
Board [6c Tc Ts 8d 2s]
Seat 1: Dorex2007 (big blind) folded before Flop
Seat 2: JuanchiBasile14 folded before Flop (didn't bet)
Seat 3: dc972155 folded on the Flop
Seat 4: kodiakrb showed [5d 2d] and lost with two pair, Tens and Deuces
Seat 5: STM32 folded before Flop (didn't bet)
Seat 6: Kallem28 showed [Td Ad] and won ($2.99) with three of a kind, Tens
Seat 7: psfleury folded before Flop (didn't bet)
Seat 8: KAAS467 (button) folded before Flop (didn't bet)
Seat 9: Ramkha (small blind) folded before Flop



PokerStars Hand #238076179645:  Hold'em No Limit ($0.02/$0.05 USD) - 2022/08/18 17:18:06 PT [2022/08/18 20:18:06 ET]
Table 'Oceax IV' 9-max Seat #1 is the button
Seat 1: Dorex2007 ($19.65 in chips) 
Seat 2: JuanchiBasile14 ($4.26 in chips) 
Seat 3: dc972155 ($6.78 in chips) 
Seat 4: kodiakrb ($0.79 in chips) 
Seat 5: STM32 ($4.40 in chips) 
Seat 6: Kallem28 ($14.68 in chips) 
Seat 7: psfleury ($4.89 in chips) 
Seat 8: KAAS467 ($3.16 in chips) 
JuanchiBasile14: posts small blind $0.02
dc972155: posts big blind $0.05
*** HOLE CARDS ***
Dealt to Dorex2007 [Js 5s]
kodiakrb: folds 
STM32: folds 
Kallem28: raises $0.10 to $0.15
psfleury: raises $0.15 to $0.30
KAAS467: folds 
lucas080101 joins the table at seat #9 
Dorex2007: folds 
JuanchiBasile14: folds 
dc972155: folds 
Kallem28: calls $0.15
*** FLOP *** [4h 8s Tc]
Kallem28: checks 
psfleury: checks 
*** TURN *** [4h 8s Tc] [7d]
Kallem28: bets $0.21
psfleury: raises $0.39 to $0.60
Kallem28: calls $0.39
*** RIVER *** [4h 8s Tc 7d] [8h]
Kallem28: checks 
psfleury: bets $1.79
Kallem28: folds [Td]
Uncalled bet ($1.79) returned to psfleury
psfleury collected $1.79 from pot
psfleury: doesn't show hand 
*** SUMMARY ***
Total pot $1.87 | Rake $0.08 
Board [4h 8s Tc 7d 8h]
Seat 1: Dorex2007 (button) folded before Flop (didn't bet)
Seat 2: JuanchiBasile14 (small blind) folded before Flop
Seat 3: dc972155 (big blind) folded before Flop
Seat 4: kodiakrb folded before Flop (didn't bet)
Seat 5: STM32 folded before Flop (didn't bet)
Seat 6: Kallem28 folded on the River
Seat 7: psfleury collected ($1.79)
Seat 8: KAAS467 folded before Flop (didn't bet)



PokerStars Hand #238076193708:  Hold'em No Limit ($0.02/$0.05 USD) - 2022/08/18 17:19:06 PT [2022/08/18 20:19:06 ET]
Table 'Oceax IV' 9-max Seat #2 is the button
Seat 1: Dorex2007 ($19.65 in chips) 
Seat 2: JuanchiBasile14 ($4.24 in chips) 
Seat 3: dc972155 ($6.73 in chips) 
Seat 4: kodiakrb ($0.79 in chips) 
Seat 5: STM32 ($4.40 in chips) 
Seat 6: Kallem28 ($13.78 in chips) 
Seat 7: psfleury ($5.78 in chips) 
Seat 8: KAAS467 ($3.16 in chips) 
Seat 9: lucas080101 ($5 in chips) 
dc972155: posts small blind $0.02
kodiakrb: posts big blind $0.05
lucas080101: posts big blind $0.05
*** HOLE CARDS ***
Dealt to Dorex2007 [Th 7h]
STM32: folds 
Kallem28: folds 
psfleury: folds 
KAAS467: folds 
lucas080101: checks 
Dorex2007: folds 
JuanchiBasile14: folds 
dc972155: calls $0.03
kodiakrb: raises $0.20 to $0.25
lucas080101: calls $0.20
dc972155: raises $0.55 to $0.80
kodiakrb: calls $0.54 and is all-in
lucas080101: calls $0.55
*** FLOP *** [3d 6d 6c]
dc972155: checks 
lucas080101: checks 
*** TURN *** [3d 6d 6c] [As]
dc972155: checks 
lucas080101: checks 
*** RIVER *** [3d 6d 6c As] [8d]
dc972155: checks 
lucas080101: checks 
*** SHOW DOWN ***
dc972155: shows [8c Kc] (two pair, Eights and Sixes)
lucas080101: mucks hand 
dc972155 collected $0.02 from side pot
kodiakrb: mucks hand 
dc972155 collected $2.27 from main pot
*** SUMMARY ***
Total pot $2.39 Main pot $2.27. Side pot $0.02. | Rake $0.10 
Board [3d 6d 6c As 8d]
Seat 1: Dorex2007 folded before Flop (didn't bet)
Seat 2: JuanchiBasile14 (button) folded before Flop (didn't bet)
Seat 3: dc972155 (small blind) showed [8c Kc] and won ($2.29) with two pair, Eights and Sixes
Seat 4: kodiakrb (big blind) mucked [2h 3s]
Seat 5: STM32 folded before Flop (didn't bet)
Seat 6: Kallem28 folded before Flop (didn't bet)
Seat 7: psfleury folded before Flop (didn't bet)
Seat 8: KAAS467 folded before Flop (didn't bet)
Seat 9: lucas080101 mucked [2d 2c]



PokerStars Hand #238076208639:  Hold'em No Limit ($0.02/$0.05 USD) - 2022/08/18 17:20:10 PT [2022/08/18 20:20:10 ET]
Table 'Oceax IV' 9-max Seat #3 is the button
Seat 1: Dorex2007 ($19.65 in chips) 
Seat 2: JuanchiBasile14 ($4.24 in chips) 
Seat 3: dc972155 ($8.22 in chips) 
Seat 5: STM32 ($4.40 in chips) 
Seat 6: Kallem28 ($13.78 in chips) 
Seat 7: psfleury ($5.78 in chips) 
Seat 8: KAAS467 ($3.16 in chips) 
Seat 9: lucas080101 ($4.20 in chips) 
STM32: posts small blind $0.02
Kallem28: posts big blind $0.05
*** HOLE CARDS ***
Dealt to Dorex2007 [Ks 2h]
psfleury: folds 
KAAS467: folds 
kodiakrb leaves the table
lucas080101: calls $0.05
Dorex2007: folds 
tanyaa1956 joins the table at seat #4 
JuanchiBasile14: folds 
dc972155: folds 
STM32: calls $0.03
Kallem28: checks 
*** FLOP *** [Kh Qs 6c]
STM32: checks 
Kallem28: checks 
lucas080101: bets $0.05
STM32: folds 
Kallem28: folds 
Uncalled bet ($0.05) returned to lucas080101
lucas080101 collected $0.14 from pot
*** SUMMARY ***
Total pot $0.15 | Rake $0.01 
Board [Kh Qs 6c]
Seat 1: Dorex2007 folded before Flop (didn't bet)
Seat 2: JuanchiBasile14 folded before Flop (didn't bet)
Seat 3: dc972155 (button) folded before Flop (didn't bet)
Seat 5: STM32 (small blind) folded on the Flop
Seat 6: Kallem28 (big blind) folded on the Flop
Seat 7: psfleury folded before Flop (didn't bet)
Seat 8: KAAS467 folded before Flop (didn't bet)
Seat 9: lucas080101 collected ($0.14)



PokerStars Hand #238076217195:  Hold'em No Limit ($0.02/$0.05 USD) - 2022/08/18 17:20:47 PT [2022/08/18 20:20:47 ET]
Table 'Oceax IV' 9-max Seat #5 is the button
Seat 1: Dorex2007 ($19.65 in chips) 
Seat 2: JuanchiBasile14 ($4.24 in chips) 
Seat 3: dc972155 ($8.22 in chips) 
Seat 5: STM32 ($4.35 in chips) 
Seat 6: Kallem28 ($13.73 in chips) 
Seat 7: psfleury ($5.78 in chips) 
Seat 8: KAAS467 ($3.16 in chips) 
Seat 9: lucas080101 ($4.29 in chips) 
Kallem28: posts small blind $0.02
psfleury: posts big blind $0.05
tanyaa1956: sits out 
*** HOLE CARDS ***
Dealt to Dorex2007 [Th Jd]
KAAS467: folds 
lucas080101: calls $0.05
Dorex2007: folds 
JuanchiBasile14: folds 
dc972155: folds 
STM32: raises $0.15 to $0.20
Kallem28: folds 
psfleury: calls $0.15
lucas080101: calls $0.15
*** FLOP *** [8d Ah Tc]
psfleury: checks 
lucas080101: checks 
STM32: checks 
*** TURN *** [8d Ah Tc] [Kc]
psfleury: checks 
lucas080101: checks 
STM32: checks 
*** RIVER *** [8d Ah Tc Kc] [Td]
psfleury: bets $0.59
lucas080101: folds 
STM32: folds 
Uncalled bet ($0.59) returned to psfleury
psfleury collected $0.59 from pot
psfleury: doesn't show hand 
*** SUMMARY ***
Total pot $0.62 | Rake $0.03 
Board [8d Ah Tc Kc Td]
Seat 1: Dorex2007 folded before Flop (didn't bet)
Seat 2: JuanchiBasile14 folded before Flop (didn't bet)
Seat 3: dc972155 folded before Flop (didn't bet)
Seat 5: STM32 (button) folded on the River
Seat 6: Kallem28 (small blind) folded before Flop
Seat 7: psfleury (big blind) collected ($0.59)
Seat 8: KAAS467 folded before Flop (didn't bet)
Seat 9: lucas080101 folded on the River



PokerStars Hand #238076231437:  Hold'em No Limit ($0.02/$0.05 USD) - 2022/08/18 17:21:48 PT [2022/08/18 20:21:48 ET]
Table 'Oceax IV' 9-max Seat #6 is the button
Seat 1: Dorex2007 ($19.65 in chips) 
Seat 2: JuanchiBasile14 ($4.24 in chips) 
Seat 3: dc972155 ($8.22 in chips) 
Seat 5: STM32 ($4.20 in chips) 
Seat 6: Kallem28 ($13.71 in chips) 
Seat 7: psfleury ($6.17 in chips) 
Seat 8: KAAS467 ($3.16 in chips) 
Seat 9: lucas080101 ($4.09 in chips) 
psfleury: posts small blind $0.02
KAAS467: posts big blind $0.05
tanyaa1956: sits out 
*** HOLE CARDS ***
Dealt to Dorex2007 [As 3d]
lucas080101: calls $0.05
Dorex2007: folds 
JuanchiBasile14: folds 
dc972155: folds 
STM32: folds 
Kallem28: folds 
psfleury: folds 
KAAS467: checks 
*** FLOP *** [4h 2h Td]
KAAS467: checks 
lucas080101: checks 
*** TURN *** [4h 2h Td] [2c]
KAAS467: checks 
lucas080101: checks 
*** RIVER *** [4h 2h Td 2c] [Ts]
KAAS467: checks 
lucas080101: checks 
*** SHOW DOWN ***
KAAS467: shows [9c Kd] (two pair, Tens and Deuces)
lucas080101: mucks hand 
KAAS467 collected $0.12 from pot
*** SUMMARY ***
Total pot $0.12 | Rake $0 
Board [4h 2h Td 2c Ts]
Seat 1: Dorex2007 folded before Flop (didn't bet)
Seat 2: JuanchiBasile14 folded before Flop (didn't bet)
Seat 3: dc972155 folded before Flop (didn't bet)
Seat 5: STM32 folded before Flop (didn't bet)
Seat 6: Kallem28 (button) folded before Flop (didn't bet)
Seat 7: psfleury (small blind) folded before Flop
Seat 8: KAAS467 (big blind) showed [9c Kd] and won ($0.12) with two pair, Tens and Deuces
Seat 9: lucas080101 mucked [6d 7d]



PokerStars Hand #238076241334:  Hold'em No Limit ($0.02/$0.05 USD) - 2022/08/18 17:22:30 PT [2022/08/18 20:22:30 ET]
Table 'Oceax IV' 9-max Seat #7 is the button
Seat 1: Dorex2007 ($19.65 in chips) 
Seat 2: JuanchiBasile14 ($4.24 in chips) 
Seat 3: dc972155 ($8.22 in chips) 
Seat 5: STM32 ($4.20 in chips) 
Seat 6: Kallem28 ($13.71 in chips) 
Seat 7: psfleury ($6.15 in chips) 
Seat 8: KAAS467 ($3.23 in chips) 
Seat 9: lucas080101 ($4.04 in chips) 
KAAS467: posts small blind $0.02
lucas080101: posts big blind $0.05
tanyaa1956: sits out 
*** HOLE CARDS ***
Dealt to Dorex2007 [6c Js]
Dorex2007: folds 
JuanchiBasile14: calls $0.05
dc972155: folds 
STM32: folds 
Kallem28: folds 
psfleury: calls $0.05
KAAS467: calls $0.03
lucas080101: checks 
*** FLOP *** [Ah Kd 3d]
KAAS467: checks 
lucas080101: checks 
JuanchiBasile14: checks 
psfleury: bets $0.15
KAAS467: folds 
lucas080101: calls $0.15
JuanchiBasile14: folds 
*** TURN *** [Ah Kd 3d] [3c]
lucas080101: bets $0.50
psfleury: calls $0.50
*** RIVER *** [Ah Kd 3d 3c] [Kc]
lucas080101: bets $3.34 and is all-in
psfleury: folds 
Uncalled bet ($3.34) returned to lucas080101
lucas080101 collected $1.44 from pot
*** SUMMARY ***
Total pot $1.50 | Rake $0.06 
Board [Ah Kd 3d 3c Kc]
Seat 1: Dorex2007 folded before Flop (didn't bet)
Seat 2: JuanchiBasile14 folded on the Flop
Seat 3: dc972155 folded before Flop (didn't bet)
Seat 5: STM32 folded before Flop (didn't bet)
Seat 6: Kallem28 folded before Flop (didn't bet)
Seat 7: psfleury (button) folded on the River
Seat 8: KAAS467 (small blind) folded on the Flop
Seat 9: lucas080101 (big blind) collected ($1.44)



PokerStars Hand #238076257459:  Hold'em No Limit ($0.02/$0.05 USD) - 2022/08/18 17:23:33 PT [2022/08/18 20:23:33 ET]
Table 'Oceax IV' 9-max Seat #8 is the button
Seat 1: Dorex2007 ($19.65 in chips) 
Seat 2: JuanchiBasile14 ($4.19 in chips) 
Seat 3: dc972155 ($8.22 in chips) 
Seat 5: STM32 ($4.20 in chips) 
Seat 6: Kallem28 ($13.71 in chips) 
Seat 7: psfleury ($5.45 in chips) 
Seat 8: KAAS467 ($3.18 in chips) 
Seat 9: lucas080101 ($4.78 in chips) 
lucas080101: posts small blind $0.02
Dorex2007: posts big blind $0.05
tanyaa1956: sits out 
*** HOLE CARDS ***
Dealt to Dorex2007 [3h 7c]
JuanchiBasile14: calls $0.05
dc972155: folds 
STM32: folds 
Kallem28: folds 
psfleury: folds 
psfleury leaves the table
KAAS467: raises $0.10 to $0.15
lucas080101: folds 
Dorex2007: folds 
JuanchiBasile14: calls $0.10
*** FLOP *** [4h Qc 5h]
JuanchiBasile14: checks 
KAAS467: checks 
*** TURN *** [4h Qc 5h] [2c]
JuanchiBasile14: bets $0.17
KAAS467: folds 
Uncalled bet ($0.17) returned to JuanchiBasile14
JuanchiBasile14 collected $0.35 from pot
*** SUMMARY ***
Total pot $0.37 | Rake $0.02 
Board [4h Qc 5h 2c]
Seat 1: Dorex2007 (big blind) folded before Flop
Seat 2: JuanchiBasile14 collected ($0.35)
Seat 3: dc972155 folded before Flop (didn't bet)
Seat 5: STM32 folded before Flop (didn't bet)
Seat 6: Kallem28 folded before Flop (didn't bet)
Seat 7: psfleury folded before Flop (didn't bet)
Seat 8: KAAS467 (button) folded on the Turn
Seat 9: lucas080101 (small blind) folded before Flop



PokerStars Hand #238076265278:  Hold'em No Limit ($0.02/$0.05 USD) - 2022/08/18 17:24:07 PT [2022/08/18 20:24:07 ET]
Table 'Oceax IV' 9-max Seat #9 is the button
Seat 1: Dorex2007 ($19.60 in chips) 
Seat 2: JuanchiBasile14 ($4.39 in chips) 
Seat 3: dc972155 ($8.22 in chips) 
Seat 5: STM32 ($4.20 in chips) 
Seat 6: Kallem28 ($13.71 in chips) 
Seat 8: KAAS467 ($3.03 in chips) 
Seat 9: lucas080101 ($4.76 in chips) 
Dorex2007: posts small blind $0.02
JuanchiBasile14: posts big blind $0.05
tanyaa1956: sits out 
*** HOLE CARDS ***
Dealt to Dorex2007 [9h 5s]
dc972155: folds 
STM32: raises $0.10 to $0.15
Kallem28: calls $0.15
KAAS467: raises $0.52 to $0.67
lucas080101: calls $0.67
Dorex2007: folds 
JuanchiBasile14: folds 
STM32: folds 
Kallem28: folds 
*** FLOP *** [Ad 3h Qs]
KAAS467: bets $0.82
lucas080101: calls $0.82
*** TURN *** [Ad 3h Qs] [8s]
KAAS467: checks 
lucas080101: checks 
*** RIVER *** [Ad 3h Qs 8s] [7h]
KAAS467: bets $1.54 and is all-in
lucas080101: folds 
Uncalled bet ($1.54) returned to KAAS467
KAAS467 collected $3.21 from pot
KAAS467: doesn't show hand 
*** SUMMARY ***
Total pot $3.35 | Rake $0.14 
Board [Ad 3h Qs 8s 7h]
Seat 1: Dorex2007 (small blind) folded before Flop
Seat 2: JuanchiBasile14 (big blind) folded before Flop
Seat 3: dc972155 folded before Flop (didn't bet)
Seat 5: STM32 folded before Flop
Seat 6: Kallem28 folded before Flop
Seat 8: KAAS467 collected ($3.21)
Seat 9: lucas080101 (button) folded on the River



PokerStars Hand #238076281987:  Hold'em No Limit ($0.02/$0.05 USD) - 2022/08/18 17:25:20 PT [2022/08/18 20:25:20 ET]
Table 'Oceax IV' 9-max Seat #1 is the button
Seat 1: Dorex2007 ($19.58 in chips) 
Seat 2: JuanchiBasile14 ($4.34 in chips) 
Seat 3: dc972155 ($8.22 in chips) 
Seat 5: STM32 ($4.20 in chips) 
Seat 6: Kallem28 ($13.56 in chips) 
Seat 8: KAAS467 ($4.75 in chips) 
Seat 9: lucas080101 ($3.27 in chips) 
JuanchiBasile14: posts small blind $0.02
dc972155: posts big blind $0.05
tanyaa1956: sits out 
*** HOLE CARDS ***
Dealt to Dorex2007 [9h 7s]
STM32: folds 
Kallem28: folds 
KAAS467: raises $0.10 to $0.15
lucas080101: calls $0.15
Dorex2007: folds 
JuanchiBasile14: calls $0.13
dc972155: folds 
*** FLOP *** [Ac Jh 3s]
JuanchiBasile14: checks 
KAAS467: checks 
lucas080101: checks 
*** TURN *** [Ac Jh 3s] [2h]
JuanchiBasile14: bets $0.24
KAAS467: folds 
lucas080101: folds 
Uncalled bet ($0.24) returned to JuanchiBasile14
JuanchiBasile14 collected $0.48 from pot
*** SUMMARY ***
Total pot $0.50 | Rake $0.02 
Board [Ac Jh 3s 2h]
Seat 1: Dorex2007 (button) folded before Flop (didn't bet)
Seat 2: JuanchiBasile14 (small blind) collected ($0.48)
Seat 3: dc972155 (big blind) folded before Flop
Seat 5: STM32 folded before Flop (didn't bet)
Seat 6: Kallem28 folded before Flop (didn't bet)
Seat 8: KAAS467 folded on the Turn
Seat 9: lucas080101 folded on the Turn



PokerStars Hand #238076288881:  Hold'em No Limit ($0.02/$0.05 USD) - 2022/08/18 17:25:50 PT [2022/08/18 20:25:50 ET]
Table 'Oceax IV' 9-max Seat #2 is the button
Seat 1: Dorex2007 ($19.58 in chips) 
Seat 2: JuanchiBasile14 ($4.67 in chips) 
Seat 3: dc972155 ($8.17 in chips) 
Seat 4: tanyaa1956 ($5 in chips) 
Seat 5: STM32 ($4.20 in chips) 
Seat 6: Kallem28 ($13.56 in chips) 
Seat 8: KAAS467 ($4.60 in chips) 
Seat 9: lucas080101 ($3.12 in chips) 
123456789mcm joins the table at seat #7 
dc972155: posts small blind $0.02
tanyaa1956: posts big blind $0.05
*** HOLE CARDS ***
Dealt to Dorex2007 [4h 9s]
STM32: folds 
123456789mcm leaves the table
Kallem28: folds 
KAAS467: raises $0.10 to $0.15
lucas080101: raises $0.10 to $0.25
Dorex2007: folds 
JuanchiBasile14: folds 
dc972155: folds 
tanyaa1956: folds 
KAAS467: calls $0.10
*** FLOP *** [9d Jh 3s]
KAAS467: checks 
lucas080101: checks 
*** TURN *** [9d Jh 3s] [8h]
Kpoqs joins the table at seat #7 
KAAS467: checks 
lucas080101: checks 
*** RIVER *** [9d Jh 3s 8h] [Jd]
KAAS467: checks 
lucas080101: checks 
*** SHOW DOWN ***
KAAS467: shows [7h 7d] (two pair, Jacks and Sevens)
lucas080101: shows [Th Tc] (two pair, Jacks and Tens)
lucas080101 collected $0.55 from pot
*** SUMMARY ***
Total pot $0.57 | Rake $0.02 
Board [9d Jh 3s 8h Jd]
Seat 1: Dorex2007 folded before Flop (didn't bet)
Seat 2: JuanchiBasile14 (button) folded before Flop (didn't bet)
Seat 3: dc972155 (small blind) folded before Flop
Seat 4: tanyaa1956 (big blind) folded before Flop
Seat 5: STM32 folded before Flop (didn't bet)
Seat 6: Kallem28 folded before Flop (didn't bet)
Seat 8: KAAS467 showed [7h 7d] and lost with two pair, Jacks and Sevens
Seat 9: lucas080101 showed [Th Tc] and won ($0.55) with two pair, Jacks and Tens



PokerStars Hand #238076297921:  Hold'em No Limit ($0.02/$0.05 USD) - 2022/08/18 17:26:30 PT [2022/08/18 20:26:30 ET]
Table 'Oceax IV' 9-max Seat #3 is the button
Seat 1: Dorex2007 ($19.58 in chips) 
Seat 2: JuanchiBasile14 ($4.67 in chips) 
Seat 3: dc972155 ($8.15 in chips) 
Seat 4: tanyaa1956 ($5 in chips) 
Seat 5: STM32 ($4.20 in chips) 
Seat 6: Kallem28 ($13.56 in chips) 
Seat 8: KAAS467 ($4.35 in chips) 
Seat 9: lucas080101 ($3.42 in chips) 
tanyaa1956: posts small blind $0.02
STM32: posts big blind $0.05
Kpoqs: sits out 
*** HOLE CARDS ***
Dealt to Dorex2007 [7c 2c]
Kallem28: raises $0.15 to $0.20
KAAS467: folds 
lucas080101: calls $0.20
Dorex2007: folds 
JuanchiBasile14: folds 
dc972155: folds 
tanyaa1956: folds 
STM32: calls $0.15
*** FLOP *** [6c 3s 4d]
STM32: checks 
Kallem28: checks 
lucas080101: checks 
*** TURN *** [6c 3s 4d] [5c]
STM32: checks 
Kallem28: checks 
lucas080101: bets $0.45
STM32: folds 
Kallem28: folds 
Uncalled bet ($0.45) returned to lucas080101
lucas080101 collected $0.59 from pot
*** SUMMARY ***
Total pot $0.62 | Rake $0.03 
Board [6c 3s 4d 5c]
Seat 1: Dorex2007 folded before Flop (didn't bet)
Seat 2: JuanchiBasile14 folded before Flop (didn't bet)
Seat 3: dc972155 (button) folded before Flop (didn't bet)
Seat 4: tanyaa1956 (small blind) folded before Flop
Seat 5: STM32 (big blind) folded on the Turn
Seat 6: Kallem28 folded on the Turn
Seat 8: KAAS467 folded before Flop (didn't bet)
Seat 9: lucas080101 collected ($0.59)



PokerStars Hand #238076308726:  Hold'em No Limit ($0.02/$0.05 USD) - 2022/08/18 17:27:12 PT [2022/08/18 20:27:12 ET]
Table 'Oceax IV' 9-max Seat #4 is the button
Seat 1: Dorex2007 ($19.58 in chips) 
Seat 2: JuanchiBasile14 ($4.67 in chips) 
Seat 3: dc972155 ($8.15 in chips) 
Seat 4: tanyaa1956 ($5 in chips) 
Seat 5: STM32 ($4.20 in chips) 
Seat 6: Kallem28 ($13.36 in chips) 
Seat 8: KAAS467 ($4.35 in chips) 
Seat 9: lucas080101 ($3.81 in chips) 
STM32: posts small blind $0.02
Kallem28: posts big blind $0.05
Kpoqs: sits out 
*** HOLE CARDS ***
Dealt to Dorex2007 [9h Jd]
KAAS467: folds 
lucas080101: calls $0.05
Dorex2007: folds 
JuanchiBasile14: raises $0.10 to $0.15
dc972155: folds 
tanyaa1956: calls $0.15
STM32: folds 
Kallem28: folds 
lucas080101: calls $0.10
*** FLOP *** [Ks 9d 5c]
lucas080101: checks 
JuanchiBasile14: bets $0.25
tanyaa1956: calls $0.25
lucas080101: calls $0.25
*** TURN *** [Ks 9d 5c] [Ts]
lucas080101: checks 
JuanchiBasile14: bets $0.61
tanyaa1956: folds 
lucas080101: folds 
Uncalled bet ($0.61) returned to JuanchiBasile14
JuanchiBasile14 collected $1.22 from pot
*** SUMMARY ***
Total pot $1.27 | Rake $0.05 
Board [Ks 9d 5c Ts]
Seat 1: Dorex2007 folded before Flop (didn't bet)
Seat 2: JuanchiBasile14 collected ($1.22)
Seat 3: dc972155 folded before Flop (didn't bet)
Seat 4: tanyaa1956 (button) folded on the Turn
Seat 5: STM32 (small blind) folded before Flop
Seat 6: Kallem28 (big blind) folded before Flop
Seat 8: KAAS467 folded before Flop (didn't bet)
Seat 9: lucas080101 folded on the Turn



