PokerStars Hand #237985175846:  Hold'em No Limit ($0.02/$0.05 USD) - 2022/08/14 8:36:50 PT [2022/08/14 11:36:50 ET]
Table 'Brangane III' 9-max Seat #5 is the button
Seat 1: 6tee ($3.62 in chips) 
Seat 2: SebastianJames ($4.11 in chips) 
Seat 3: Tsaaras ($3.49 in chips) 
Seat 4: 0RB BR0 ($5.95 in chips) 
Seat 5: Snoro72 ($5.11 in chips) 
Seat 6: Junior_GreyM ($1.91 in chips) 
Seat 7: Dorex2007 ($5 in chips) 
Seat 9: 1tillit1 ($5 in chips) 
Junior_GreyM: posts small blind $0.02
Dorex2007: posts big blind $0.05
Larry-s1980: sits out 
*** HOLE CARDS ***
Dealt to Dorex2007 [Ks 3s]
1tillit1: folds 
6tee has timed out
6tee: folds 
SebastianJames: calls $0.05
Tsaaras: calls $0.05
0RB BR0: folds 
Snoro72: folds 
Junior_GreyM: calls $0.03
Dorex2007: checks 
*** FLOP *** [9s Qd 5d]
Junior_GreyM: bets $0.05
Dorex2007: folds 
SebastianJames: calls $0.05
Tsaaras: calls $0.05
*** TURN *** [9s Qd 5d] [9h]
Junior_GreyM: bets $0.17
SebastianJames: folds 
Tsaaras: calls $0.17
*** RIVER *** [9s Qd 5d 9h] [6c]
Junior_GreyM: bets $0.45
Tsaaras: folds 
Uncalled bet ($0.45) returned to Junior_GreyM
Junior_GreyM collected $0.66 from pot
Junior_GreyM: doesn't show hand 
*** SUMMARY ***
Total pot $0.69 | Rake $0.03 
Board [9s Qd 5d 9h 6c]
Seat 1: 6tee folded before Flop (didn't bet)
Seat 2: SebastianJames folded on the Turn
Seat 3: Tsaaras folded on the River
Seat 4: 0RB BR0 folded before Flop (didn't bet)
Seat 5: Snoro72 (button) folded before Flop (didn't bet)
Seat 6: Junior_GreyM (small blind) collected ($0.66)
Seat 7: Dorex2007 (big blind) folded on the Flop
Seat 9: 1tillit1 folded before Flop (didn't bet)



PokerStars Hand #237985198178:  Hold'em No Limit ($0.02/$0.05 USD) - 2022/08/14 8:38:02 PT [2022/08/14 11:38:02 ET]
Table 'Brangane III' 9-max Seat #6 is the button
Seat 1: 6tee ($3.62 in chips) 
Seat 2: SebastianJames ($4.01 in chips) 
Seat 3: Tsaaras ($3.22 in chips) 
Seat 4: 0RB BR0 ($5.95 in chips) 
Seat 5: Snoro72 ($5.11 in chips) 
Seat 6: Junior_GreyM ($2.30 in chips) 
Seat 7: Dorex2007 ($5 in chips) 
Seat 8: Larry-s1980 ($5 in chips) 
Seat 9: 1tillit1 ($5 in chips) 
Dorex2007: posts small blind $0.02
Larry-s1980: posts big blind $0.05
*** HOLE CARDS ***
Dealt to Dorex2007 [Js Jh]
1tillit1: folds 
6tee: folds 
SebastianJames: folds 
Tsaaras: folds 
0RB BR0: raises $0.10 to $0.15
Snoro72: folds 
Junior_GreyM: calls $0.15
Dorex2007: raises $0.25 to $0.40
Larry-s1980: folds 
0RB BR0: folds 
Junior_GreyM: calls $0.25
*** FLOP *** [9s Ad Qc]
Dorex2007: checks 
Junior_GreyM: checks 
*** TURN *** [9s Ad Qc] [3s]
Dorex2007: checks 
Junior_GreyM: bets $0.48
Dorex2007: folds 
Uncalled bet ($0.48) returned to Junior_GreyM
SebastianJames leaves the table
Junior_GreyM collected $0.96 from pot
*** SUMMARY ***
Total pot $1 | Rake $0.04 
Board [9s Ad Qc 3s]
Seat 1: 6tee folded before Flop (didn't bet)
Seat 2: SebastianJames folded before Flop (didn't bet)
Seat 3: Tsaaras folded before Flop (didn't bet)
Seat 4: 0RB BR0 folded before Flop
Seat 5: Snoro72 folded before Flop (didn't bet)
Seat 6: Junior_GreyM (button) collected ($0.96)
Seat 7: Dorex2007 (small blind) folded on the Turn
Seat 8: Larry-s1980 (big blind) folded before Flop
Seat 9: 1tillit1 folded before Flop (didn't bet)



PokerStars Hand #237985211757:  Hold'em No Limit ($0.02/$0.05 USD) - 2022/08/14 8:38:47 PT [2022/08/14 11:38:47 ET]
Table 'Brangane III' 9-max Seat #7 is the button
Seat 1: 6tee ($3.62 in chips) 
Seat 3: Tsaaras ($3.22 in chips) 
Seat 4: 0RB BR0 ($5.80 in chips) 
Seat 5: Snoro72 ($5.11 in chips) 
Seat 6: Junior_GreyM ($2.86 in chips) 
Seat 7: Dorex2007 ($5 in chips) 
Seat 8: Larry-s1980 ($4.95 in chips) 
Seat 9: 1tillit1 ($5 in chips) 
Larry-s1980: posts small blind $0.02
1tillit1: posts big blind $0.05
*** HOLE CARDS ***
Dealt to Dorex2007 [5s 7c]
6tee: folds 
Tsaaras: calls $0.05
0RB BR0: calls $0.05
Snoro72: folds 
Junior_GreyM: folds 
Dorex2007: folds 
Larry-s1980: calls $0.03
1tillit1: checks 
*** FLOP *** [Th 3d Qd]
Larry-s1980: checks 
1tillit1: bets $0.10
Tsaaras: calls $0.10
0RB BR0: folds 
Larry-s1980: folds 
*** TURN *** [Th 3d Qd] [4s]
1tillit1: bets $0.25
Tsaaras: calls $0.25
*** RIVER *** [Th 3d Qd 4s] [8c]
1tillit1: bets $0.45
Tsaaras: raises $1.35 to $1.80
Evan181804 joins the table at seat #2 
1tillit1: folds 
Uncalled bet ($1.35) returned to Tsaaras
Tsaaras collected $1.73 from pot
Tsaaras: doesn't show hand 
*** SUMMARY ***
Total pot $1.80 | Rake $0.07 
Board [Th 3d Qd 4s 8c]
Seat 1: 6tee folded before Flop (didn't bet)
Seat 3: Tsaaras collected ($1.73)
Seat 4: 0RB BR0 folded on the Flop
Seat 5: Snoro72 folded before Flop (didn't bet)
Seat 6: Junior_GreyM folded before Flop (didn't bet)
Seat 7: Dorex2007 (button) folded before Flop (didn't bet)
Seat 8: Larry-s1980 (small blind) folded on the Flop
Seat 9: 1tillit1 (big blind) folded on the River



PokerStars Hand #237985235463:  Hold'em No Limit ($0.02/$0.05 USD) - 2022/08/14 8:40:04 PT [2022/08/14 11:40:04 ET]
Table 'Brangane III' 9-max Seat #8 is the button
Seat 1: 6tee ($3.62 in chips) 
Seat 3: Tsaaras ($4.10 in chips) 
Seat 4: 0RB BR0 ($5.75 in chips) 
Seat 5: Snoro72 ($5.11 in chips) 
Seat 6: Junior_GreyM ($2.86 in chips) 
Seat 7: Dorex2007 ($5 in chips) 
Seat 8: Larry-s1980 ($4.90 in chips) 
Seat 9: 1tillit1 ($5 in chips) 
1tillit1: posts small blind $0.02
6tee: posts big blind $0.05
Evan181804: sits out 
*** HOLE CARDS ***
Dealt to Dorex2007 [7h Js]
Tsaaras: raises $0.05 to $0.10
0RB BR0: calls $0.10
Snoro72: folds 
Junior_GreyM: calls $0.10
Dorex2007: folds 
Larry-s1980: folds 
1tillit1: folds 
6tee: folds 
*** FLOP *** [2s 4d 4h]
Tsaaras: bets $0.15
0RB BR0: folds 
Junior_GreyM: calls $0.15
*** TURN *** [2s 4d 4h] [3d]
Tsaaras: bets $0.15
Junior_GreyM: raises $0.94 to $1.09
Tsaaras: folds 
Uncalled bet ($0.94) returned to Junior_GreyM
Junior_GreyM collected $0.93 from pot
Junior_GreyM: doesn't show hand 
*** SUMMARY ***
Total pot $0.97 | Rake $0.04 
Board [2s 4d 4h 3d]
Seat 1: 6tee (big blind) folded before Flop
Seat 3: Tsaaras folded on the Turn
Seat 4: 0RB BR0 folded on the Flop
Seat 5: Snoro72 folded before Flop (didn't bet)
Seat 6: Junior_GreyM collected ($0.93)
Seat 7: Dorex2007 folded before Flop (didn't bet)
Seat 8: Larry-s1980 (button) folded before Flop (didn't bet)
Seat 9: 1tillit1 (small blind) folded before Flop



PokerStars Hand #237985254183:  Hold'em No Limit ($0.02/$0.05 USD) - 2022/08/14 8:41:05 PT [2022/08/14 11:41:05 ET]
Table 'Brangane III' 9-max Seat #9 is the button
Seat 3: Tsaaras ($3.70 in chips) 
Seat 4: 0RB BR0 ($5.65 in chips) 
Seat 5: Snoro72 ($5.11 in chips) 
Seat 6: Junior_GreyM ($3.39 in chips) 
Seat 7: Dorex2007 ($5 in chips) 
Seat 8: Larry-s1980 ($4.90 in chips) 
Seat 9: 1tillit1 ($5 in chips) 
Tsaaras: posts small blind $0.02
0RB BR0: posts big blind $0.05
*** HOLE CARDS ***
Dealt to Dorex2007 [Ks Kh]
Snoro72: folds 
Junior_GreyM: folds 
Dorex2007: raises $0.15 to $0.20
Larry-s1980: folds 
1tillit1: folds 
Tsaaras: folds 
0RB BR0: folds 
Uncalled bet ($0.15) returned to Dorex2007
Dorex2007 collected $0.12 from pot
Dorex2007: doesn't show hand 
*** SUMMARY ***
Total pot $0.12 | Rake $0 
Seat 3: Tsaaras (small blind) folded before Flop
Seat 4: 0RB BR0 (big blind) folded before Flop
Seat 5: Snoro72 folded before Flop (didn't bet)
Seat 6: Junior_GreyM folded before Flop (didn't bet)
Seat 7: Dorex2007 collected ($0.12)
Seat 8: Larry-s1980 folded before Flop (didn't bet)
Seat 9: 1tillit1 (button) folded before Flop (didn't bet)



PokerStars Hand #237985258593:  Hold'em No Limit ($0.02/$0.05 USD) - 2022/08/14 8:41:20 PT [2022/08/14 11:41:20 ET]
Table 'Brangane III' 9-max Seat #3 is the button
Seat 3: Tsaaras ($3.68 in chips) 
Seat 4: 0RB BR0 ($5.60 in chips) 
Seat 5: Snoro72 ($5.11 in chips) 
Seat 6: Junior_GreyM ($3.39 in chips) 
Seat 7: Dorex2007 ($5.07 in chips) 
Seat 8: Larry-s1980 ($4.90 in chips) 
Seat 9: 1tillit1 ($5 in chips) 
0RB BR0: posts small blind $0.02
Snoro72: posts big blind $0.05
Evan181804: sits out 
*** HOLE CARDS ***
Dealt to Dorex2007 [5c 8h]
Junior_GreyM: folds 
Dorex2007: folds 
Larry-s1980: folds 
1tillit1: folds 
Tsaaras: folds 
0RB BR0: raises $0.10 to $0.15
Snoro72: folds 
Uncalled bet ($0.10) returned to 0RB BR0
0RB BR0 collected $0.10 from pot
*** SUMMARY ***
Total pot $0.10 | Rake $0 
Seat 3: Tsaaras (button) folded before Flop (didn't bet)
Seat 4: 0RB BR0 (small blind) collected ($0.10)
Seat 5: Snoro72 (big blind) folded before Flop
Seat 6: Junior_GreyM folded before Flop (didn't bet)
Seat 7: Dorex2007 folded before Flop (didn't bet)
Seat 8: Larry-s1980 folded before Flop (didn't bet)
Seat 9: 1tillit1 folded before Flop (didn't bet)



PokerStars Hand #237985262574:  Hold'em No Limit ($0.02/$0.05 USD) - 2022/08/14 8:41:33 PT [2022/08/14 11:41:33 ET]
Table 'Brangane III' 9-max Seat #4 is the button
Seat 3: Tsaaras ($3.68 in chips) 
Seat 4: 0RB BR0 ($5.65 in chips) 
Seat 5: Snoro72 ($5.06 in chips) 
Seat 6: Junior_GreyM ($3.39 in chips) 
Seat 7: Dorex2007 ($5.07 in chips) 
Seat 8: Larry-s1980 ($4.90 in chips) 
Seat 9: 1tillit1 ($5 in chips) 
Snoro72: posts small blind $0.02
Junior_GreyM: posts big blind $0.05
Evan181804: sits out 
*** HOLE CARDS ***
Dealt to Dorex2007 [4d 8d]
Dorex2007: folds 
Larry-s1980: folds 
1tillit1: folds 
Tsaaras: calls $0.05
0RB BR0: folds 
Snoro72: folds 
Junior_GreyM: checks 
*** FLOP *** [8s Qh Tc]
Junior_GreyM: checks 
Tsaaras: checks 
*** TURN *** [8s Qh Tc] [Qc]
Junior_GreyM: checks 
Tsaaras: bets $0.25
Junior_GreyM: folds 
Uncalled bet ($0.25) returned to Tsaaras
Tsaaras collected $0.12 from pot
Tsaaras: doesn't show hand 
*** SUMMARY ***
Total pot $0.12 | Rake $0 
Board [8s Qh Tc Qc]
Seat 3: Tsaaras collected ($0.12)
Seat 4: 0RB BR0 (button) folded before Flop (didn't bet)
Seat 5: Snoro72 (small blind) folded before Flop
Seat 6: Junior_GreyM (big blind) folded on the Turn
Seat 7: Dorex2007 folded before Flop (didn't bet)
Seat 8: Larry-s1980 folded before Flop (didn't bet)
Seat 9: 1tillit1 folded before Flop (didn't bet)



PokerStars Hand #237985272241:  Hold'em No Limit ($0.02/$0.05 USD) - 2022/08/14 8:42:04 PT [2022/08/14 11:42:04 ET]
Table 'Brangane III' 9-max Seat #5 is the button
Seat 3: Tsaaras ($3.75 in chips) 
Seat 4: 0RB BR0 ($5.65 in chips) 
Seat 5: Snoro72 ($5.04 in chips) 
Seat 6: Junior_GreyM ($3.34 in chips) 
Seat 7: Dorex2007 ($5.07 in chips) 
Seat 8: Larry-s1980 ($4.90 in chips) 
Seat 9: 1tillit1 ($5 in chips) 
Junior_GreyM: posts small blind $0.02
Dorex2007: posts big blind $0.05
Evan181804: sits out 
*** HOLE CARDS ***
Dealt to Dorex2007 [6c Ac]
Larry-s1980: folds 
1tillit1: folds 
Tsaaras: folds 
0RB BR0: folds 
Snoro72: folds 
Junior_GreyM: calls $0.03
Dorex2007: checks 
*** FLOP *** [6h 8c 2s]
Junior_GreyM: bets $0.05
Dorex2007: calls $0.05
*** TURN *** [6h 8c 2s] [2d]
Junior_GreyM: bets $0.19
Dorex2007: folds 
Uncalled bet ($0.19) returned to Junior_GreyM
Junior_GreyM collected $0.19 from pot
*** SUMMARY ***
Total pot $0.20 | Rake $0.01 
Board [6h 8c 2s 2d]
Seat 3: Tsaaras folded before Flop (didn't bet)
Seat 4: 0RB BR0 folded before Flop (didn't bet)
Seat 5: Snoro72 (button) folded before Flop (didn't bet)
Seat 6: Junior_GreyM (small blind) collected ($0.19)
Seat 7: Dorex2007 (big blind) folded on the Turn
Seat 8: Larry-s1980 folded before Flop (didn't bet)
Seat 9: 1tillit1 folded before Flop (didn't bet)



PokerStars Hand #237985288078:  Hold'em No Limit ($0.02/$0.05 USD) - 2022/08/14 8:42:52 PT [2022/08/14 11:42:52 ET]
Table 'Brangane III' 9-max Seat #6 is the button
Seat 3: Tsaaras ($3.75 in chips) 
Seat 4: 0RB BR0 ($5.65 in chips) 
Seat 5: Snoro72 ($5.04 in chips) 
Seat 6: Junior_GreyM ($3.43 in chips) 
Seat 7: Dorex2007 ($5 in chips) 
Seat 8: Larry-s1980 ($4.90 in chips) 
Seat 9: 1tillit1 ($5 in chips) 
Dorex2007: posts small blind $0.02
Larry-s1980: posts big blind $0.05
Evan181804: sits out 
*** HOLE CARDS ***
Dealt to Dorex2007 [9h Th]
1tillit1: folds 
Tsaaras: calls $0.05
0RB BR0: calls $0.05
Snoro72: folds 
Junior_GreyM: folds 
Dorex2007: folds 
Larry-s1980: checks 
*** FLOP *** [2c 7s 4d]
Larry-s1980: checks 
Tsaaras: checks 
0RB BR0: bets $0.16
Larry-s1980: folds 
Tsaaras: folds 
Uncalled bet ($0.16) returned to 0RB BR0
0RB BR0 collected $0.16 from pot
*** SUMMARY ***
Total pot $0.17 | Rake $0.01 
Board [2c 7s 4d]
Seat 3: Tsaaras folded on the Flop
Seat 4: 0RB BR0 collected ($0.16)
Seat 5: Snoro72 folded before Flop (didn't bet)
Seat 6: Junior_GreyM (button) folded before Flop (didn't bet)
Seat 7: Dorex2007 (small blind) folded before Flop
Seat 8: Larry-s1980 (big blind) folded on the Flop
Seat 9: 1tillit1 folded before Flop (didn't bet)



PokerStars Hand #237985298401:  Hold'em No Limit ($0.02/$0.05 USD) - 2022/08/14 8:43:26 PT [2022/08/14 11:43:26 ET]
Table 'Brangane III' 9-max Seat #7 is the button
Seat 3: Tsaaras ($3.70 in chips) 
Seat 4: 0RB BR0 ($5.76 in chips) 
Seat 5: Snoro72 ($5.04 in chips) 
Seat 6: Junior_GreyM ($3.43 in chips) 
Seat 7: Dorex2007 ($5 in chips) 
Seat 8: Larry-s1980 ($4.85 in chips) 
Seat 9: 1tillit1 ($5 in chips) 
Larry-s1980: posts small blind $0.02
1tillit1: posts big blind $0.05
Evan181804: sits out 
*** HOLE CARDS ***
Dealt to Dorex2007 [2h Th]
Tsaaras: folds 
0RB BR0: folds 
Snoro72: raises $0.10 to $0.15
Junior_GreyM: folds 
Dorex2007: folds 
Larry-s1980: folds 
1tillit1: folds 
Uncalled bet ($0.10) returned to Snoro72
Snoro72 collected $0.12 from pot
Snoro72: doesn't show hand 
*** SUMMARY ***
Total pot $0.12 | Rake $0 
Seat 3: Tsaaras folded before Flop (didn't bet)
Seat 4: 0RB BR0 folded before Flop (didn't bet)
Seat 5: Snoro72 collected ($0.12)
Seat 6: Junior_GreyM folded before Flop (didn't bet)
Seat 7: Dorex2007 (button) folded before Flop (didn't bet)
Seat 8: Larry-s1980 (small blind) folded before Flop
Seat 9: 1tillit1 (big blind) folded before Flop



PokerStars Hand #237985302698:  Hold'em No Limit ($0.02/$0.05 USD) - 2022/08/14 8:43:40 PT [2022/08/14 11:43:40 ET]
Table 'Brangane III' 9-max Seat #8 is the button
Seat 2: Evan181804 ($2.91 in chips) 
Seat 3: Tsaaras ($3.70 in chips) 
Seat 4: 0RB BR0 ($5.76 in chips) 
Seat 5: Snoro72 ($5.11 in chips) 
Seat 6: Junior_GreyM ($3.43 in chips) 
Seat 7: Dorex2007 ($5 in chips) 
Seat 8: Larry-s1980 ($4.83 in chips) 
Seat 9: 1tillit1 ($5 in chips) 
1tillit1: posts small blind $0.02
Evan181804: posts big blind $0.05
*** HOLE CARDS ***
Dealt to Dorex2007 [2d 2c]
Tsaaras: folds 
0RB BR0: folds 
Snoro72: folds 
Junior_GreyM: raises $0.10 to $0.15
Dorex2007: calls $0.15
Larry-s1980: folds 
1tillit1: folds 
Evan181804: calls $0.10
*** FLOP *** [Ac Kh 8s]
Evan181804: checks 
Junior_GreyM: checks 
Dorex2007: checks 
*** TURN *** [Ac Kh 8s] [9d]
Evan181804: checks 
Junior_GreyM: bets $0.22
Dorex2007: folds 
Evan181804: folds 
Uncalled bet ($0.22) returned to Junior_GreyM
Junior_GreyM collected $0.45 from pot
Junior_GreyM: doesn't show hand 
*** SUMMARY ***
Total pot $0.47 | Rake $0.02 
Board [Ac Kh 8s 9d]
Seat 2: Evan181804 (big blind) folded on the Turn
Seat 3: Tsaaras folded before Flop (didn't bet)
Seat 4: 0RB BR0 folded before Flop (didn't bet)
Seat 5: Snoro72 folded before Flop (didn't bet)
Seat 6: Junior_GreyM collected ($0.45)
Seat 7: Dorex2007 folded on the Turn
Seat 8: Larry-s1980 (button) folded before Flop (didn't bet)
Seat 9: 1tillit1 (small blind) folded before Flop



PokerStars Hand #237985315421:  Hold'em No Limit ($0.02/$0.05 USD) - 2022/08/14 8:44:21 PT [2022/08/14 11:44:21 ET]
Table 'Brangane III' 9-max Seat #9 is the button
Seat 2: Evan181804 ($2.76 in chips) 
Seat 3: Tsaaras ($3.70 in chips) 
Seat 4: 0RB BR0 ($5.76 in chips) 
Seat 5: Snoro72 ($5.11 in chips) 
Seat 6: Junior_GreyM ($3.73 in chips) 
Seat 7: Dorex2007 ($5 in chips) 
Seat 8: Larry-s1980 ($4.83 in chips) 
Seat 9: 1tillit1 ($5 in chips) 
Evan181804: posts small blind $0.02
Tsaaras: posts big blind $0.05
*** HOLE CARDS ***
Dealt to Dorex2007 [Jc 9h]
0RB BR0: folds 
Snoro72: folds 
Junior_GreyM: folds 
Dorex2007: folds 
Larry-s1980: folds 
1tillit1: folds 
Evan181804: folds 
Uncalled bet ($0.03) returned to Tsaaras
Tsaaras collected $0.04 from pot
Tsaaras: doesn't show hand 
*** SUMMARY ***
Total pot $0.04 | Rake $0 
Seat 2: Evan181804 (small blind) folded before Flop
Seat 3: Tsaaras (big blind) collected ($0.04)
Seat 4: 0RB BR0 folded before Flop (didn't bet)
Seat 5: Snoro72 folded before Flop (didn't bet)
Seat 6: Junior_GreyM folded before Flop (didn't bet)
Seat 7: Dorex2007 folded before Flop (didn't bet)
Seat 8: Larry-s1980 folded before Flop (didn't bet)
Seat 9: 1tillit1 (button) folded before Flop (didn't bet)



PokerStars Hand #237985320422:  Hold'em No Limit ($0.02/$0.05 USD) - 2022/08/14 8:44:38 PT [2022/08/14 11:44:38 ET]
Table 'Brangane III' 9-max Seat #2 is the button
Seat 2: Evan181804 ($2.74 in chips) 
Seat 3: Tsaaras ($3.72 in chips) 
Seat 4: 0RB BR0 ($5.76 in chips) 
Seat 5: Snoro72 ($5.11 in chips) 
Seat 6: Junior_GreyM ($3.73 in chips) 
Seat 7: Dorex2007 ($5 in chips) 
Seat 8: Larry-s1980 ($4.83 in chips) 
Seat 9: 1tillit1 ($5 in chips) 
Tsaaras: posts small blind $0.02
0RB BR0: posts big blind $0.05
*** HOLE CARDS ***
Dealt to Dorex2007 [Ad Qd]
Snoro72: folds 
Junior_GreyM: folds 
Dorex2007: raises $0.25 to $0.30
Larry-s1980: folds 
1tillit1: folds 
Evan181804: calls $0.30
Tsaaras: folds 
0RB BR0: folds 
*** FLOP *** [5s 8c 2d]
Dorex2007: bets $0.32
Evan181804: raises $2.12 to $2.44 and is all-in
Dorex2007: folds 
Uncalled bet ($2.12) returned to Evan181804
Evan181804 collected $1.26 from pot
*** SUMMARY ***
Total pot $1.31 | Rake $0.05 
Board [5s 8c 2d]
Seat 2: Evan181804 (button) collected ($1.26)
Seat 3: Tsaaras (small blind) folded before Flop
Seat 4: 0RB BR0 (big blind) folded before Flop
Seat 5: Snoro72 folded before Flop (didn't bet)
Seat 6: Junior_GreyM folded before Flop (didn't bet)
Seat 7: Dorex2007 folded on the Flop
Seat 8: Larry-s1980 folded before Flop (didn't bet)
Seat 9: 1tillit1 folded before Flop (didn't bet)



PokerStars Hand #237985329400:  Hold'em No Limit ($0.02/$0.05 USD) - 2022/08/14 8:45:07 PT [2022/08/14 11:45:07 ET]
Table 'Brangane III' 9-max Seat #3 is the button
Seat 2: Evan181804 ($3.38 in chips) 
Seat 3: Tsaaras ($3.70 in chips) 
Seat 4: 0RB BR0 ($5.71 in chips) 
Seat 5: Snoro72 ($5.11 in chips) 
Seat 6: Junior_GreyM ($3.73 in chips) 
Seat 7: Dorex2007 ($5 in chips) 
Seat 8: Larry-s1980 ($4.83 in chips) 
Seat 9: 1tillit1 ($5 in chips) 
0RB BR0: posts small blind $0.02
Snoro72: posts big blind $0.05
*** HOLE CARDS ***
Dealt to Dorex2007 [9d 2c]
Junior_GreyM: folds 
Dorex2007: folds 
Larry-s1980: raises $0.10 to $0.15
1tillit1: folds 
Evan181804: folds 
Tsaaras: folds 
0RB BR0: folds 
Snoro72: folds 
Uncalled bet ($0.10) returned to Larry-s1980
Larry-s1980 collected $0.12 from pot
Larry-s1980: doesn't show hand 
*** SUMMARY ***
Total pot $0.12 | Rake $0 
Seat 2: Evan181804 folded before Flop (didn't bet)
Seat 3: Tsaaras (button) folded before Flop (didn't bet)
Seat 4: 0RB BR0 (small blind) folded before Flop
Seat 5: Snoro72 (big blind) folded before Flop
Seat 6: Junior_GreyM folded before Flop (didn't bet)
Seat 7: Dorex2007 folded before Flop (didn't bet)
Seat 8: Larry-s1980 collected ($0.12)
Seat 9: 1tillit1 folded before Flop (didn't bet)



PokerStars Hand #237985334441:  Hold'em No Limit ($0.02/$0.05 USD) - 2022/08/14 8:45:22 PT [2022/08/14 11:45:22 ET]
Table 'Brangane III' 9-max Seat #4 is the button
Seat 2: Evan181804 ($3.38 in chips) 
Seat 3: Tsaaras ($3.70 in chips) 
Seat 4: 0RB BR0 ($5.69 in chips) 
Seat 5: Snoro72 ($5.06 in chips) 
Seat 6: Junior_GreyM ($3.73 in chips) 
Seat 7: Dorex2007 ($5 in chips) 
Seat 8: Larry-s1980 ($4.90 in chips) 
Seat 9: 1tillit1 ($5 in chips) 
Snoro72: posts small blind $0.02
Junior_GreyM: posts big blind $0.05
*** HOLE CARDS ***
Dealt to Dorex2007 [Th 7d]
Dorex2007: folds 
Larry-s1980: folds 
1tillit1: raises $0.12 to $0.17
Evan181804: folds 
Tsaaras: folds 
0RB BR0: folds 
Snoro72: folds 
Junior_GreyM: folds 
Uncalled bet ($0.12) returned to 1tillit1
1tillit1 collected $0.12 from pot
1tillit1: doesn't show hand 
*** SUMMARY ***
Total pot $0.12 | Rake $0 
Seat 2: Evan181804 folded before Flop (didn't bet)
Seat 3: Tsaaras folded before Flop (didn't bet)
Seat 4: 0RB BR0 (button) folded before Flop (didn't bet)
Seat 5: Snoro72 (small blind) folded before Flop
Seat 6: Junior_GreyM (big blind) folded before Flop
Seat 7: Dorex2007 folded before Flop (didn't bet)
Seat 8: Larry-s1980 folded before Flop (didn't bet)
Seat 9: 1tillit1 collected ($0.12)



PokerStars Hand #237985342123:  Hold'em No Limit ($0.02/$0.05 USD) - 2022/08/14 8:45:47 PT [2022/08/14 11:45:47 ET]
Table 'Brangane III' 9-max Seat #5 is the button
Seat 2: Evan181804 ($3.38 in chips) 
Seat 3: Tsaaras ($3.70 in chips) 
Seat 4: 0RB BR0 ($5.69 in chips) 
Seat 5: Snoro72 ($5.04 in chips) 
Seat 6: Junior_GreyM ($3.68 in chips) 
Seat 7: Dorex2007 ($5 in chips) 
Seat 8: Larry-s1980 ($4.90 in chips) 
Seat 9: 1tillit1 ($5.07 in chips) 
Junior_GreyM: posts small blind $0.02
Dorex2007: posts big blind $0.05
*** HOLE CARDS ***
Dealt to Dorex2007 [Th 5d]
Larry-s1980: folds 
1tillit1: folds 
Evan181804 has timed out
Evan181804: folds 
Tsaaras: calls $0.05
0RB BR0: folds 
Snoro72: folds 
Junior_GreyM: folds 
Dorex2007: checks 
*** FLOP *** [7d 6h 8d]
Dorex2007: checks 
Tsaaras: bets $0.15
Dorex2007: calls $0.15
*** TURN *** [7d 6h 8d] [Qc]
Dorex2007: checks 
Tsaaras: bets $0.15
Dorex2007: folds 
Uncalled bet ($0.15) returned to Tsaaras
Tsaaras collected $0.40 from pot
Tsaaras: doesn't show hand 
*** SUMMARY ***
Total pot $0.42 | Rake $0.02 
Board [7d 6h 8d Qc]
Seat 2: Evan181804 folded before Flop (didn't bet)
Seat 3: Tsaaras collected ($0.40)
Seat 4: 0RB BR0 folded before Flop (didn't bet)
Seat 5: Snoro72 (button) folded before Flop (didn't bet)
Seat 6: Junior_GreyM (small blind) folded before Flop
Seat 7: Dorex2007 (big blind) folded on the Turn
Seat 8: Larry-s1980 folded before Flop (didn't bet)
Seat 9: 1tillit1 folded before Flop (didn't bet)



PokerStars Hand #237985360896:  Hold'em No Limit ($0.02/$0.05 USD) - 2022/08/14 8:46:47 PT [2022/08/14 11:46:47 ET]
Table 'Brangane III' 9-max Seat #6 is the button
Seat 2: Evan181804 ($3.38 in chips) 
Seat 3: Tsaaras ($3.90 in chips) 
Seat 4: 0RB BR0 ($5.69 in chips) 
Seat 5: Snoro72 ($5.04 in chips) 
Seat 6: Junior_GreyM ($3.66 in chips) 
Seat 7: Dorex2007 ($5 in chips) 
Seat 8: Larry-s1980 ($4.90 in chips) 
Seat 9: 1tillit1 ($5.07 in chips) 
Dorex2007: posts small blind $0.02
Larry-s1980: posts big blind $0.05
*** HOLE CARDS ***
Dealt to Dorex2007 [2s 3c]
1tillit1: folds 
Evan181804: folds 
Tsaaras: folds 
0RB BR0: folds 
Snoro72: folds 
Junior_GreyM: raises $0.10 to $0.15
Dorex2007: folds 
Larry-s1980: folds 
Uncalled bet ($0.10) returned to Junior_GreyM
Junior_GreyM collected $0.12 from pot
Junior_GreyM: doesn't show hand 
*** SUMMARY ***
Total pot $0.12 | Rake $0 
Seat 2: Evan181804 folded before Flop (didn't bet)
Seat 3: Tsaaras folded before Flop (didn't bet)
Seat 4: 0RB BR0 folded before Flop (didn't bet)
Seat 5: Snoro72 folded before Flop (didn't bet)
Seat 6: Junior_GreyM (button) collected ($0.12)
Seat 7: Dorex2007 (small blind) folded before Flop
Seat 8: Larry-s1980 (big blind) folded before Flop
Seat 9: 1tillit1 folded before Flop (didn't bet)



PokerStars Hand #237985366594:  Hold'em No Limit ($0.02/$0.05 USD) - 2022/08/14 8:47:06 PT [2022/08/14 11:47:06 ET]
Table 'Brangane III' 9-max Seat #7 is the button
Seat 2: Evan181804 ($3.38 in chips) 
Seat 3: Tsaaras ($3.90 in chips) 
Seat 4: 0RB BR0 ($5.69 in chips) 
Seat 5: Snoro72 ($5.04 in chips) 
Seat 6: Junior_GreyM ($3.73 in chips) 
Seat 7: Dorex2007 ($5 in chips) 
Seat 8: Larry-s1980 ($4.85 in chips) 
Seat 9: 1tillit1 ($5.07 in chips) 
Larry-s1980: posts small blind $0.02
1tillit1: posts big blind $0.05
*** HOLE CARDS ***
Dealt to Dorex2007 [Kd Ts]
Evan181804: folds 
Tsaaras: folds 
0RB BR0: folds 
Snoro72: folds 
Junior_GreyM: folds 
Dorex2007: raises $0.05 to $0.10
Larry-s1980: folds 
1tillit1: folds 
Uncalled bet ($0.05) returned to Dorex2007
Dorex2007 collected $0.12 from pot
Dorex2007: doesn't show hand 
*** SUMMARY ***
Total pot $0.12 | Rake $0 
Seat 2: Evan181804 folded before Flop (didn't bet)
Seat 3: Tsaaras folded before Flop (didn't bet)
Seat 4: 0RB BR0 folded before Flop (didn't bet)
Seat 5: Snoro72 folded before Flop (didn't bet)
Seat 6: Junior_GreyM folded before Flop (didn't bet)
Seat 7: Dorex2007 (button) collected ($0.12)
Seat 8: Larry-s1980 (small blind) folded before Flop
Seat 9: 1tillit1 (big blind) folded before Flop



PokerStars Hand #237985373615:  Hold'em No Limit ($0.02/$0.05 USD) - 2022/08/14 8:47:27 PT [2022/08/14 11:47:27 ET]
Table 'Brangane III' 9-max Seat #8 is the button
Seat 2: Evan181804 ($3.38 in chips) 
Seat 3: Tsaaras ($3.90 in chips) 
Seat 4: 0RB BR0 ($5.69 in chips) 
Seat 5: Snoro72 ($5.04 in chips) 
Seat 6: Junior_GreyM ($3.73 in chips) 
Seat 7: Dorex2007 ($5.07 in chips) 
Seat 8: Larry-s1980 ($4.83 in chips) 
Seat 9: 1tillit1 ($5.02 in chips) 
1tillit1: posts small blind $0.02
Evan181804: posts big blind $0.05
*** HOLE CARDS ***
Dealt to Dorex2007 [8c 4c]
Tsaaras: folds 
0RB BR0: calls $0.05
Snoro72: folds 
Junior_GreyM: folds 
Dorex2007: folds 
Larry-s1980: folds 
1tillit1: raises $0.20 to $0.25
Evan181804: folds 
0RB BR0: folds 
Uncalled bet ($0.20) returned to 1tillit1
1tillit1 collected $0.15 from pot
1tillit1: doesn't show hand 
*** SUMMARY ***
Total pot $0.15 | Rake $0 
Seat 2: Evan181804 (big blind) folded before Flop
Seat 3: Tsaaras folded before Flop (didn't bet)
Seat 4: 0RB BR0 folded before Flop
Seat 5: Snoro72 folded before Flop (didn't bet)
Seat 6: Junior_GreyM folded before Flop (didn't bet)
Seat 7: Dorex2007 folded before Flop (didn't bet)
Seat 8: Larry-s1980 (button) folded before Flop (didn't bet)
Seat 9: 1tillit1 (small blind) collected ($0.15)



PokerStars Hand #237985382111:  Hold'em No Limit ($0.02/$0.05 USD) - 2022/08/14 8:47:54 PT [2022/08/14 11:47:54 ET]
Table 'Brangane III' 9-max Seat #9 is the button
Seat 2: Evan181804 ($3.33 in chips) 
Seat 3: Tsaaras ($3.90 in chips) 
Seat 4: 0RB BR0 ($5.64 in chips) 
Seat 5: Snoro72 ($5.04 in chips) 
Seat 6: Junior_GreyM ($3.73 in chips) 
Seat 7: Dorex2007 ($5.07 in chips) 
Seat 8: Larry-s1980 ($4.83 in chips) 
Seat 9: 1tillit1 ($5.12 in chips) 
Evan181804: posts small blind $0.02
Tsaaras: posts big blind $0.05
*** HOLE CARDS ***
Dealt to Dorex2007 [8d Ah]
0RB BR0: folds 
Snoro72: folds 
Junior_GreyM: folds 
Dorex2007: folds 
Larry-s1980: folds 
1tillit1: folds 
Evan181804: raises $0.15 to $0.20
Tsaaras: calls $0.15
*** FLOP *** [7h Jc Kh]
Evan181804: checks 
Tsaaras: bets $0.25
Evan181804: folds 
Uncalled bet ($0.25) returned to Tsaaras
Tsaaras collected $0.38 from pot
Tsaaras: doesn't show hand 
*** SUMMARY ***
Total pot $0.40 | Rake $0.02 
Board [7h Jc Kh]
Seat 2: Evan181804 (small blind) folded on the Flop
Seat 3: Tsaaras (big blind) collected ($0.38)
Seat 4: 0RB BR0 folded before Flop (didn't bet)
Seat 5: Snoro72 folded before Flop (didn't bet)
Seat 6: Junior_GreyM folded before Flop (didn't bet)
Seat 7: Dorex2007 folded before Flop (didn't bet)
Seat 8: Larry-s1980 folded before Flop (didn't bet)
Seat 9: 1tillit1 (button) folded before Flop (didn't bet)



PokerStars Hand #237985392219:  Hold'em No Limit ($0.02/$0.05 USD) - 2022/08/14 8:48:26 PT [2022/08/14 11:48:26 ET]
Table 'Brangane III' 9-max Seat #2 is the button
Seat 2: Evan181804 ($3.13 in chips) 
Seat 3: Tsaaras ($4.08 in chips) 
Seat 4: 0RB BR0 ($5.64 in chips) 
Seat 5: Snoro72 ($5.04 in chips) 
Seat 6: Junior_GreyM ($3.73 in chips) 
Seat 7: Dorex2007 ($5.07 in chips) 
Seat 8: Larry-s1980 ($4.83 in chips) 
Seat 9: 1tillit1 ($5.12 in chips) 
Tsaaras: posts small blind $0.02
0RB BR0: posts big blind $0.05
*** HOLE CARDS ***
Dealt to Dorex2007 [9h 9d]
Snoro72: folds 
Junior_GreyM: folds 
Dorex2007: calls $0.05
Larry-s1980: folds 
1tillit1: folds 
Evan181804: folds 
Tsaaras: folds 
0RB BR0: checks 
*** FLOP *** [Ks As Ad]
0RB BR0: checks 
Dorex2007: bets $0.06
0RB BR0: folds 
Uncalled bet ($0.06) returned to Dorex2007
Dorex2007 collected $0.12 from pot
Dorex2007: doesn't show hand 
*** SUMMARY ***
Total pot $0.12 | Rake $0 
Board [Ks As Ad]
Seat 2: Evan181804 (button) folded before Flop (didn't bet)
Seat 3: Tsaaras (small blind) folded before Flop
Seat 4: 0RB BR0 (big blind) folded on the Flop
Seat 5: Snoro72 folded before Flop (didn't bet)
Seat 6: Junior_GreyM folded before Flop (didn't bet)
Seat 7: Dorex2007 collected ($0.12)
Seat 8: Larry-s1980 folded before Flop (didn't bet)
Seat 9: 1tillit1 folded before Flop (didn't bet)



PokerStars Hand #237985399749:  Hold'em No Limit ($0.02/$0.05 USD) - 2022/08/14 8:48:50 PT [2022/08/14 11:48:50 ET]
Table 'Brangane III' 9-max Seat #3 is the button
Seat 2: Evan181804 ($3.13 in chips) 
Seat 3: Tsaaras ($4.06 in chips) 
Seat 4: 0RB BR0 ($5.59 in chips) 
Seat 5: Snoro72 ($5.04 in chips) 
Seat 6: Junior_GreyM ($3.73 in chips) 
Seat 7: Dorex2007 ($5.14 in chips) 
Seat 8: Larry-s1980 ($4.83 in chips) 
Seat 9: 1tillit1 ($5.12 in chips) 
0RB BR0: posts small blind $0.02
Snoro72: posts big blind $0.05
*** HOLE CARDS ***
Dealt to Dorex2007 [8h 5s]
Junior_GreyM: folds 
Dorex2007: folds 
Larry-s1980: folds 
1tillit1: raises $0.10 to $0.15
Evan181804: calls $0.15
Tsaaras: calls $0.15
0RB BR0: folds 
Snoro72: folds 
*** FLOP *** [Td 4h 3d]
1tillit1: checks 
Evan181804: bets $0.20
Tsaaras: folds 
1tillit1: folds 
Uncalled bet ($0.20) returned to Evan181804
Evan181804 collected $0.50 from pot
*** SUMMARY ***
Total pot $0.52 | Rake $0.02 
Board [Td 4h 3d]
Seat 2: Evan181804 collected ($0.50)
Seat 3: Tsaaras (button) folded on the Flop
Seat 4: 0RB BR0 (small blind) folded before Flop
Seat 5: Snoro72 (big blind) folded before Flop
Seat 6: Junior_GreyM folded before Flop (didn't bet)
Seat 7: Dorex2007 folded before Flop (didn't bet)
Seat 8: Larry-s1980 folded before Flop (didn't bet)
Seat 9: 1tillit1 folded on the Flop



PokerStars Hand #237985420872:  Hold'em No Limit ($0.02/$0.05 USD) - 2022/08/14 8:49:33 PT [2022/08/14 11:49:33 ET]
Table 'Brangane III' 9-max Seat #4 is the button
Seat 2: Evan181804 ($3.48 in chips) 
Seat 3: Tsaaras ($3.91 in chips) 
Seat 4: 0RB BR0 ($5.57 in chips) 
Seat 5: Snoro72 ($5 in chips) 
Seat 6: Junior_GreyM ($3.73 in chips) 
Seat 7: Dorex2007 ($5.14 in chips) 
Seat 8: Larry-s1980 ($4.83 in chips) 
Seat 9: 1tillit1 ($5 in chips) 
Snoro72: posts small blind $0.02
Junior_GreyM: posts big blind $0.05
*** HOLE CARDS ***
Dealt to Dorex2007 [2s Td]
Dorex2007: folds 
Larry-s1980: folds 
1tillit1: folds 
Evan181804: folds 
Tsaaras: folds 
0RB BR0: folds 
Snoro72: raises $0.10 to $0.15
Junior_GreyM: calls $0.10
*** FLOP *** [5c 7s 6d]
Snoro72: checks 
Junior_GreyM: checks 
*** TURN *** [5c 7s 6d] [Ad]
Snoro72: checks 
Junior_GreyM: checks 
*** RIVER *** [5c 7s 6d Ad] [2h]
Snoro72: bets $0.15
Junior_GreyM: folds 
Uncalled bet ($0.15) returned to Snoro72
Snoro72 collected $0.29 from pot
Snoro72: doesn't show hand 
*** SUMMARY ***
Total pot $0.30 | Rake $0.01 
Board [5c 7s 6d Ad 2h]
Seat 2: Evan181804 folded before Flop (didn't bet)
Seat 3: Tsaaras folded before Flop (didn't bet)
Seat 4: 0RB BR0 (button) folded before Flop (didn't bet)
Seat 5: Snoro72 (small blind) collected ($0.29)
Seat 6: Junior_GreyM (big blind) folded on the River
Seat 7: Dorex2007 folded before Flop (didn't bet)
Seat 8: Larry-s1980 folded before Flop (didn't bet)
Seat 9: 1tillit1 folded before Flop (didn't bet)



PokerStars Hand #237985432856:  Hold'em No Limit ($0.02/$0.05 USD) - 2022/08/14 8:50:11 PT [2022/08/14 11:50:11 ET]
Table 'Brangane III' 9-max Seat #5 is the button
Seat 2: Evan181804 ($3.48 in chips) 
Seat 3: Tsaaras ($3.91 in chips) 
Seat 4: 0RB BR0 ($5.57 in chips) 
Seat 5: Snoro72 ($5.14 in chips) 
Seat 6: Junior_GreyM ($3.58 in chips) 
Seat 7: Dorex2007 ($5.14 in chips) 
Seat 8: Larry-s1980 ($4.83 in chips) 
Seat 9: 1tillit1 ($5 in chips) 
Junior_GreyM: posts small blind $0.02
Dorex2007: posts big blind $0.05
*** HOLE CARDS ***
Dealt to Dorex2007 [Kh 9d]
Larry-s1980: folds 
1tillit1: folds 
Evan181804: folds 
Tsaaras: folds 
0RB BR0: folds 
Snoro72: folds 
Junior_GreyM: folds 
Uncalled bet ($0.03) returned to Dorex2007
Dorex2007 collected $0.04 from pot
Dorex2007: doesn't show hand 
*** SUMMARY ***
Total pot $0.04 | Rake $0 
Seat 2: Evan181804 folded before Flop (didn't bet)
Seat 3: Tsaaras folded before Flop (didn't bet)
Seat 4: 0RB BR0 folded before Flop (didn't bet)
Seat 5: Snoro72 (button) folded before Flop (didn't bet)
Seat 6: Junior_GreyM (small blind) folded before Flop
Seat 7: Dorex2007 (big blind) collected ($0.04)
Seat 8: Larry-s1980 folded before Flop (didn't bet)
Seat 9: 1tillit1 folded before Flop (didn't bet)



PokerStars Hand #237985436496:  Hold'em No Limit ($0.02/$0.05 USD) - 2022/08/14 8:50:23 PT [2022/08/14 11:50:23 ET]
Table 'Brangane III' 9-max Seat #6 is the button
Seat 2: Evan181804 ($3.48 in chips) 
Seat 3: Tsaaras ($3.91 in chips) 
Seat 4: 0RB BR0 ($5.57 in chips) 
Seat 5: Snoro72 ($5.14 in chips) 
Seat 6: Junior_GreyM ($3.56 in chips) 
Seat 7: Dorex2007 ($5.16 in chips) 
Seat 8: Larry-s1980 ($4.83 in chips) 
Seat 9: 1tillit1 ($5 in chips) 
Dorex2007: posts small blind $0.02
Larry-s1980: posts big blind $0.05
*** HOLE CARDS ***
Dealt to Dorex2007 [8s Qs]
1tillit1: folds 
Evan181804: folds 
Tsaaras: folds 
0RB BR0: raises $0.05 to $0.10
Snoro72: folds 
Junior_GreyM: folds 
Dorex2007: folds 
Larry-s1980: calls $0.05
*** FLOP *** [Qh 4h 3c]
Larry-s1980: checks 
0RB BR0: bets $0.10
Larry-s1980: calls $0.10
*** TURN *** [Qh 4h 3c] [Jh]
Larry-s1980: checks 
0RB BR0: checks 
*** RIVER *** [Qh 4h 3c Jh] [Tc]
Larry-s1980: checks 
0RB BR0: checks 
*** SHOW DOWN ***
Larry-s1980: shows [Jc Ad] (a pair of Jacks)
0RB BR0: mucks hand 
Larry-s1980 collected $0.40 from pot
*** SUMMARY ***
Total pot $0.42 | Rake $0.02 
Board [Qh 4h 3c Jh Tc]
Seat 2: Evan181804 folded before Flop (didn't bet)
Seat 3: Tsaaras folded before Flop (didn't bet)
Seat 4: 0RB BR0 mucked [As 4s]
Seat 5: Snoro72 folded before Flop (didn't bet)
Seat 6: Junior_GreyM (button) folded before Flop (didn't bet)
Seat 7: Dorex2007 (small blind) folded before Flop
Seat 8: Larry-s1980 (big blind) showed [Jc Ad] and won ($0.40) with a pair of Jacks
Seat 9: 1tillit1 folded before Flop (didn't bet)



PokerStars Hand #237985449196:  Hold'em No Limit ($0.02/$0.05 USD) - 2022/08/14 8:51:04 PT [2022/08/14 11:51:04 ET]
Table 'Brangane III' 9-max Seat #7 is the button
Seat 2: Evan181804 ($3.48 in chips) 
Seat 3: Tsaaras ($3.91 in chips) 
Seat 4: 0RB BR0 ($5.37 in chips) 
Seat 5: Snoro72 ($5.14 in chips) 
Seat 6: Junior_GreyM ($3.56 in chips) 
Seat 7: Dorex2007 ($5.14 in chips) 
Seat 8: Larry-s1980 ($5.03 in chips) 
Seat 9: 1tillit1 ($5 in chips) 
Larry-s1980: posts small blind $0.02
1tillit1: posts big blind $0.05
*** HOLE CARDS ***
Dealt to Dorex2007 [7c 3d]
Evan181804: raises $0.10 to $0.15
Tsaaras: calls $0.15
0RB BR0: folds 
Snoro72: folds 
Junior_GreyM: calls $0.15
Dorex2007: folds 
Larry-s1980: folds 
1tillit1: calls $0.10
*** FLOP *** [4s 9c 2d]
1tillit1: checks 
Evan181804: bets $0.25
Tsaaras: calls $0.25
Junior_GreyM: raises $0.25 to $0.50
1tillit1: folds 
Evan181804: folds 
Tsaaras: calls $0.25
*** TURN *** [4s 9c 2d] [7h]
Tsaaras: checks 
Junior_GreyM: bets $0.89
Tsaaras: calls $0.89
*** RIVER *** [4s 9c 2d 7h] [Js]
Tsaaras: checks 
Junior_GreyM: bets $0.70
Tsaaras: calls $0.70
*** SHOW DOWN ***
Junior_GreyM: shows [4h 4d] (three of a kind, Fours)
Tsaaras: mucks hand 
Junior_GreyM collected $4.84 from pot
*** SUMMARY ***
Total pot $5.05 | Rake $0.21 
Board [4s 9c 2d 7h Js]
Seat 2: Evan181804 folded on the Flop
Seat 3: Tsaaras mucked [Ah Qd]
Seat 4: 0RB BR0 folded before Flop (didn't bet)
Seat 5: Snoro72 folded before Flop (didn't bet)
Seat 6: Junior_GreyM showed [4h 4d] and won ($4.84) with three of a kind, Fours
Seat 7: Dorex2007 (button) folded before Flop (didn't bet)
Seat 8: Larry-s1980 (small blind) folded before Flop
Seat 9: 1tillit1 (big blind) folded on the Flop



PokerStars Hand #237985470276:  Hold'em No Limit ($0.02/$0.05 USD) - 2022/08/14 8:52:12 PT [2022/08/14 11:52:12 ET]
Table 'Brangane III' 9-max Seat #8 is the button
Seat 2: Evan181804 ($3.08 in chips) 
Seat 3: Tsaaras ($1.67 in chips) 
Seat 4: 0RB BR0 ($5.37 in chips) 
Seat 5: Snoro72 ($5.14 in chips) 
Seat 6: Junior_GreyM ($6.16 in chips) 
Seat 7: Dorex2007 ($5.14 in chips) 
Seat 8: Larry-s1980 ($5.01 in chips) 
Seat 9: 1tillit1 ($5 in chips) 
1tillit1: posts small blind $0.02
Evan181804: posts big blind $0.05
*** HOLE CARDS ***
Dealt to Dorex2007 [5s 3c]
Tsaaras: folds 
0RB BR0: calls $0.05
Snoro72: folds 
Junior_GreyM: raises $0.17 to $0.22
Dorex2007: folds 
Larry-s1980: folds 
1tillit1: folds 
Evan181804: folds 
0RB BR0: folds 
Uncalled bet ($0.17) returned to Junior_GreyM
Junior_GreyM collected $0.17 from pot
6tee leaves the table
Junior_GreyM: doesn't show hand 
*** SUMMARY ***
Total pot $0.17 | Rake $0 
Seat 2: Evan181804 (big blind) folded before Flop
Seat 3: Tsaaras folded before Flop (didn't bet)
Seat 4: 0RB BR0 folded before Flop
Seat 5: Snoro72 folded before Flop (didn't bet)
Seat 6: Junior_GreyM collected ($0.17)
Seat 7: Dorex2007 folded before Flop (didn't bet)
Seat 8: Larry-s1980 (button) folded before Flop (didn't bet)
Seat 9: 1tillit1 (small blind) folded before Flop



PokerStars Hand #237985477087:  Hold'em No Limit ($0.02/$0.05 USD) - 2022/08/14 8:52:34 PT [2022/08/14 11:52:34 ET]
Table 'Brangane III' 9-max Seat #9 is the button
Seat 2: Evan181804 ($3.03 in chips) 
Seat 3: Tsaaras ($1.67 in chips) 
Seat 4: 0RB BR0 ($5.32 in chips) 
Seat 5: Snoro72 ($5.14 in chips) 
Seat 6: Junior_GreyM ($6.28 in chips) 
Seat 7: Dorex2007 ($5.14 in chips) 
Seat 8: Larry-s1980 ($5.01 in chips) 
Seat 9: 1tillit1 ($5 in chips) 
Evan181804: posts small blind $0.02
Tsaaras: posts big blind $0.05
*** HOLE CARDS ***
Dealt to Dorex2007 [Jh 5h]
0RB BR0: folds 
Snoro72: folds 
Junior_GreyM: folds 
Dorex2007: folds 
Larry-s1980: folds 
1tillit1: folds 
Evan181804: folds 
Uncalled bet ($0.03) returned to Tsaaras
Tsaaras collected $0.04 from pot
Tsaaras: doesn't show hand 
*** SUMMARY ***
Total pot $0.04 | Rake $0 
Seat 2: Evan181804 (small blind) folded before Flop
Seat 3: Tsaaras (big blind) collected ($0.04)
Seat 4: 0RB BR0 folded before Flop (didn't bet)
Seat 5: Snoro72 folded before Flop (didn't bet)
Seat 6: Junior_GreyM folded before Flop (didn't bet)
Seat 7: Dorex2007 folded before Flop (didn't bet)
Seat 8: Larry-s1980 folded before Flop (didn't bet)
Seat 9: 1tillit1 (button) folded before Flop (didn't bet)



PokerStars Hand #237985481631:  Hold'em No Limit ($0.02/$0.05 USD) - 2022/08/14 8:52:49 PT [2022/08/14 11:52:49 ET]
Table 'Brangane III' 9-max Seat #2 is the button
Seat 2: Evan181804 ($3.01 in chips) 
Seat 3: Tsaaras ($1.69 in chips) 
Seat 4: 0RB BR0 ($5.32 in chips) 
Seat 5: Snoro72 ($5.14 in chips) 
Seat 6: Junior_GreyM ($6.28 in chips) 
Seat 7: Dorex2007 ($5.14 in chips) 
Seat 8: Larry-s1980 ($5.01 in chips) 
Seat 9: 1tillit1 ($5 in chips) 
Tsaaras: posts small blind $0.02
0RB BR0: posts big blind $0.05
*** HOLE CARDS ***
Dealt to Dorex2007 [Qs 5d]
Snoro72: folds 
Junior_GreyM: raises $0.10 to $0.15
Dorex2007: folds 
Larry-s1980: folds 
1tillit1: folds 
Evan181804: folds 
Tsaaras: folds 
Cathal/1608 joins the table at seat #1 
0RB BR0: folds 
Uncalled bet ($0.10) returned to Junior_GreyM
Junior_GreyM collected $0.12 from pot
Junior_GreyM: doesn't show hand 
*** SUMMARY ***
Total pot $0.12 | Rake $0 
Seat 2: Evan181804 (button) folded before Flop (didn't bet)
Seat 3: Tsaaras (small blind) folded before Flop
Seat 4: 0RB BR0 (big blind) folded before Flop
Seat 5: Snoro72 folded before Flop (didn't bet)
Seat 6: Junior_GreyM collected ($0.12)
Seat 7: Dorex2007 folded before Flop (didn't bet)
Seat 8: Larry-s1980 folded before Flop (didn't bet)
Seat 9: 1tillit1 folded before Flop (didn't bet)



PokerStars Hand #237985486306:  Hold'em No Limit ($0.02/$0.05 USD) - 2022/08/14 8:53:04 PT [2022/08/14 11:53:04 ET]
Table 'Brangane III' 9-max Seat #3 is the button
Seat 2: Evan181804 ($3.01 in chips) 
Seat 3: Tsaaras ($1.67 in chips) 
Seat 4: 0RB BR0 ($5.27 in chips) 
Seat 5: Snoro72 ($5.14 in chips) 
Seat 6: Junior_GreyM ($6.35 in chips) 
Seat 7: Dorex2007 ($5.14 in chips) 
Seat 8: Larry-s1980 ($5.01 in chips) 
Seat 9: 1tillit1 ($5 in chips) 
0RB BR0: posts small blind $0.02
Snoro72: posts big blind $0.05
Cathal/1608: sits out 
*** HOLE CARDS ***
Dealt to Dorex2007 [Js 9c]
Junior_GreyM: raises $0.10 to $0.15
Dorex2007: folds 
Larry-s1980: folds 
1tillit1: folds 
Evan181804: raises $0.30 to $0.45
Tsaaras: folds 
0RB BR0: folds 
Snoro72: folds 
Junior_GreyM: calls $0.30
*** FLOP *** [Ad 2s Ks]
Junior_GreyM: checks 
Evan181804: checks 
*** TURN *** [Ad 2s Ks] [Jd]
Junior_GreyM: bets $0.65
Evan181804: calls $0.65
*** RIVER *** [Ad 2s Ks Jd] [9d]
Junior_GreyM: bets $1.09
Evan181804: calls $1.09
*** SHOW DOWN ***
Junior_GreyM: shows [Jh Jc] (three of a kind, Jacks)
Evan181804: mucks hand 
Junior_GreyM collected $4.27 from pot
*** SUMMARY ***
Total pot $4.45 | Rake $0.18 
Board [Ad 2s Ks Jd 9d]
Seat 2: Evan181804 mucked [As Kh]
Seat 3: Tsaaras (button) folded before Flop (didn't bet)
Seat 4: 0RB BR0 (small blind) folded before Flop
Seat 5: Snoro72 (big blind) folded before Flop
Seat 6: Junior_GreyM showed [Jh Jc] and won ($4.27) with three of a kind, Jacks
Seat 7: Dorex2007 folded before Flop (didn't bet)
Seat 8: Larry-s1980 folded before Flop (didn't bet)
Seat 9: 1tillit1 folded before Flop (didn't bet)



PokerStars Hand #237985499943:  Hold'em No Limit ($0.02/$0.05 USD) - 2022/08/14 8:53:47 PT [2022/08/14 11:53:47 ET]
Table 'Brangane III' 9-max Seat #4 is the button
Seat 1: Cathal/1608 ($5 in chips) 
Seat 2: Evan181804 ($0.82 in chips) 
Seat 3: Tsaaras ($1.67 in chips) 
Seat 4: 0RB BR0 ($5.25 in chips) 
Seat 5: Snoro72 ($5.09 in chips) 
Seat 6: Junior_GreyM ($8.43 in chips) 
Seat 7: Dorex2007 ($5.14 in chips) 
Seat 8: Larry-s1980 ($5.01 in chips) 
Seat 9: 1tillit1 ($5 in chips) 
Snoro72: posts small blind $0.02
Junior_GreyM: posts big blind $0.05
Cathal/1608: posts big blind $0.05
*** HOLE CARDS ***
Dealt to Dorex2007 [2h 8c]
Dorex2007: folds 
Larry-s1980: folds 
1tillit1: folds 
Cathal/1608: checks 
Evan181804: raises $0.77 to $0.82 and is all-in
Tsaaras: folds 
0RB BR0: folds 
Snoro72: folds 
Junior_GreyM: folds 
Cathal/1608: folds 
Uncalled bet ($0.77) returned to Evan181804
Evan181804 collected $0.17 from pot
*** SUMMARY ***
Total pot $0.17 | Rake $0 
Seat 1: Cathal/1608 folded before Flop (didn't bet)
Seat 2: Evan181804 collected ($0.17)
Seat 3: Tsaaras folded before Flop (didn't bet)
Seat 4: 0RB BR0 (button) folded before Flop (didn't bet)
Seat 5: Snoro72 (small blind) folded before Flop
Seat 6: Junior_GreyM (big blind) folded before Flop
Seat 7: Dorex2007 folded before Flop (didn't bet)
Seat 8: Larry-s1980 folded before Flop (didn't bet)
Seat 9: 1tillit1 folded before Flop (didn't bet)



PokerStars Hand #237985507689:  Hold'em No Limit ($0.02/$0.05 USD) - 2022/08/14 8:54:12 PT [2022/08/14 11:54:12 ET]
Table 'Brangane III' 9-max Seat #5 is the button
Seat 1: Cathal/1608 ($4.95 in chips) 
Seat 2: Evan181804 ($0.94 in chips) 
Seat 3: Tsaaras ($1.67 in chips) 
Seat 4: 0RB BR0 ($5.25 in chips) 
Seat 5: Snoro72 ($5.07 in chips) 
Seat 6: Junior_GreyM ($8.38 in chips) 
Seat 7: Dorex2007 ($5.14 in chips) 
Seat 8: Larry-s1980 ($5.01 in chips) 
Seat 9: 1tillit1 ($5 in chips) 
Junior_GreyM: posts small blind $0.02
Dorex2007: posts big blind $0.05
*** HOLE CARDS ***
Dealt to Dorex2007 [4c Jd]
Larry-s1980: folds 
1tillit1: folds 
Cathal/1608: folds 
Evan181804: raises $0.89 to $0.94 and is all-in
Tsaaras: folds 
0RB BR0: folds 
Snoro72: folds 
Junior_GreyM: calls $0.92
Dorex2007: folds 
*** FLOP *** [3h Jh Qs]
*** TURN *** [3h Jh Qs] [Js]
*** RIVER *** [3h Jh Qs Js] [Th]
*** SHOW DOWN ***
Junior_GreyM: shows [6d As] (a pair of Jacks)
Evan181804: shows [2h Ah] (a flush, Ace high)
Evan181804 collected $1.85 from pot
*** SUMMARY ***
Total pot $1.93 | Rake $0.08 
Board [3h Jh Qs Js Th]
Seat 1: Cathal/1608 folded before Flop (didn't bet)
Seat 2: Evan181804 showed [2h Ah] and won ($1.85) with a flush, Ace high
Seat 3: Tsaaras folded before Flop (didn't bet)
Seat 4: 0RB BR0 folded before Flop (didn't bet)
Seat 5: Snoro72 (button) folded before Flop (didn't bet)
Seat 6: Junior_GreyM (small blind) showed [6d As] and lost with a pair of Jacks
Seat 7: Dorex2007 (big blind) folded before Flop
Seat 8: Larry-s1980 folded before Flop (didn't bet)
Seat 9: 1tillit1 folded before Flop (didn't bet)



PokerStars Hand #237985517111:  Hold'em No Limit ($0.02/$0.05 USD) - 2022/08/14 8:54:43 PT [2022/08/14 11:54:43 ET]
Table 'Brangane III' 9-max Seat #6 is the button
Seat 1: Cathal/1608 ($4.95 in chips) 
Seat 2: Evan181804 ($1.85 in chips) 
Seat 3: Tsaaras ($1.67 in chips) 
Seat 4: 0RB BR0 ($5.25 in chips) 
Seat 5: Snoro72 ($5.07 in chips) 
Seat 6: Junior_GreyM ($7.44 in chips) 
Seat 7: Dorex2007 ($5.09 in chips) 
Seat 8: Larry-s1980 ($5.01 in chips) 
Seat 9: 1tillit1 ($5 in chips) 
Dorex2007: posts small blind $0.02
Larry-s1980: posts big blind $0.05
*** HOLE CARDS ***
Dealt to Dorex2007 [2c 7s]
1tillit1: raises $0.15 to $0.20
Cathal/1608: folds 
Evan181804: calls $0.20
Tsaaras: folds 
0RB BR0: folds 
Snoro72: folds 
Junior_GreyM: folds 
Dorex2007: folds 
Larry-s1980: folds 
*** FLOP *** [7c 8d 2d]
1tillit1: bets $0.30
Evan181804: folds 
Uncalled bet ($0.30) returned to 1tillit1
1tillit1 collected $0.45 from pot
1tillit1: doesn't show hand 
*** SUMMARY ***
Total pot $0.47 | Rake $0.02 
Board [7c 8d 2d]
Seat 1: Cathal/1608 folded before Flop (didn't bet)
Seat 2: Evan181804 folded on the Flop
Seat 3: Tsaaras folded before Flop (didn't bet)
Seat 4: 0RB BR0 folded before Flop (didn't bet)
Seat 5: Snoro72 folded before Flop (didn't bet)
Seat 6: Junior_GreyM (button) folded before Flop (didn't bet)
Seat 7: Dorex2007 (small blind) folded before Flop
Seat 8: Larry-s1980 (big blind) folded before Flop
Seat 9: 1tillit1 collected ($0.45)



PokerStars Hand #237985526950:  Hold'em No Limit ($0.02/$0.05 USD) - 2022/08/14 8:55:17 PT [2022/08/14 11:55:17 ET]
Table 'Brangane III' 9-max Seat #7 is the button
Seat 1: Cathal/1608 ($4.95 in chips) 
Seat 2: Evan181804 ($1.65 in chips) 
Seat 3: Tsaaras ($1.67 in chips) 
Seat 4: 0RB BR0 ($5.25 in chips) 
Seat 5: Snoro72 ($5.07 in chips) 
Seat 6: Junior_GreyM ($7.44 in chips) 
Seat 7: Dorex2007 ($5.07 in chips) 
Seat 8: Larry-s1980 ($4.96 in chips) 
Seat 9: 1tillit1 ($5.25 in chips) 
Larry-s1980: posts small blind $0.02
1tillit1: posts big blind $0.05
*** HOLE CARDS ***
Dealt to Dorex2007 [Tc 8c]
Cathal/1608: folds 
Evan181804: folds 
Tsaaras: raises $0.10 to $0.15
0RB BR0: folds 
Cathal/1608 leaves the table
Snoro72: folds 
Junior_GreyM: folds 
Dorex2007: folds 
Larry-s1980: folds 
1tillit1: folds 
Uncalled bet ($0.10) returned to Tsaaras
Tsaaras collected $0.12 from pot
Tsaaras: doesn't show hand 
*** SUMMARY ***
Total pot $0.12 | Rake $0 
Seat 1: Cathal/1608 folded before Flop (didn't bet)
Seat 2: Evan181804 folded before Flop (didn't bet)
Seat 3: Tsaaras collected ($0.12)
Seat 4: 0RB BR0 folded before Flop (didn't bet)
Seat 5: Snoro72 folded before Flop (didn't bet)
Seat 6: Junior_GreyM folded before Flop (didn't bet)
Seat 7: Dorex2007 (button) folded before Flop (didn't bet)
Seat 8: Larry-s1980 (small blind) folded before Flop
Seat 9: 1tillit1 (big blind) folded before Flop



PokerStars Hand #237985531190:  Hold'em No Limit ($0.02/$0.05 USD) - 2022/08/14 8:55:36 PT [2022/08/14 11:55:36 ET]
Table 'Brangane III' 9-max Seat #8 is the button
Seat 2: Evan181804 ($1.65 in chips) 
Seat 3: Tsaaras ($1.74 in chips) 
Seat 4: 0RB BR0 ($5.25 in chips) 
Seat 5: Snoro72 ($5.07 in chips) 
Seat 6: Junior_GreyM ($7.44 in chips) 
Seat 7: Dorex2007 ($5.07 in chips) 
Seat 8: Larry-s1980 ($4.94 in chips) 
Seat 9: 1tillit1 ($5.20 in chips) 
1tillit1: posts small blind $0.02
Evan181804: posts big blind $0.05
*** HOLE CARDS ***
Dealt to Dorex2007 [2c Ks]
Tsaaras: raises $0.05 to $0.10
0RB BR0: folds 
Snoro72: folds 
Junior_GreyM: calls $0.10
Dorex2007: folds 
Larry-s1980: folds 
1tillit1: folds 
Evan181804: folds 
*** FLOP *** [2h 5c 9c]
Tsaaras: checks 
Junior_GreyM: bets $0.26
Tsaaras: calls $0.26
*** TURN *** [2h 5c 9c] [8c]
MAJ3ST!C89 joins the table at seat #1 
Tsaaras: checks 
Junior_GreyM: checks 
*** RIVER *** [2h 5c 9c 8c] [Jd]
Tsaaras: bets $0.40
Junior_GreyM: calls $0.40
*** SHOW DOWN ***
Tsaaras: shows [Kh Js] (a pair of Jacks)
Junior_GreyM: mucks hand 
Tsaaras collected $1.52 from pot
*** SUMMARY ***
Total pot $1.59 | Rake $0.07 
Board [2h 5c 9c 8c Jd]
Seat 2: Evan181804 (big blind) folded before Flop
Seat 3: Tsaaras showed [Kh Js] and won ($1.52) with a pair of Jacks
Seat 4: 0RB BR0 folded before Flop (didn't bet)
Seat 5: Snoro72 folded before Flop (didn't bet)
Seat 6: Junior_GreyM mucked [Qd 5d]
Seat 7: Dorex2007 folded before Flop (didn't bet)
Seat 8: Larry-s1980 (button) folded before Flop (didn't bet)
Seat 9: 1tillit1 (small blind) folded before Flop



PokerStars Hand #237985539014:  Hold'em No Limit ($0.02/$0.05 USD) - 2022/08/14 8:56:11 PT [2022/08/14 11:56:11 ET]
Table 'Brangane III' 9-max Seat #9 is the button
Seat 2: Evan181804 ($1.60 in chips) 
Seat 3: Tsaaras ($2.50 in chips) 
Seat 4: 0RB BR0 ($5.25 in chips) 
Seat 5: Snoro72 ($5.07 in chips) 
Seat 6: Junior_GreyM ($6.68 in chips) 
Seat 7: Dorex2007 ($5.07 in chips) 
Seat 8: Larry-s1980 ($4.94 in chips) 
Seat 9: 1tillit1 ($5.18 in chips) 
Evan181804: posts small blind $0.02
Tsaaras: posts big blind $0.05
*** HOLE CARDS ***
Dealt to Dorex2007 [7h 8s]
0RB BR0: folds 
Snoro72: folds 
Junior_GreyM: calls $0.05
Dorex2007: folds 
Larry-s1980: folds 
1tillit1: folds 
Evan181804: folds 
Tsaaras: checks 
*** FLOP *** [8c 8d 2d]
Tsaaras: checks 
Junior_GreyM: bets $0.05
Tsaaras: calls $0.05
*** TURN *** [8c 8d 2d] [Ks]
Tsaaras: checks 
Junior_GreyM: checks 
*** RIVER *** [8c 8d 2d Ks] [Td]
Tsaaras: bets $0.15
Junior_GreyM: folds 
Uncalled bet ($0.15) returned to Tsaaras
Tsaaras collected $0.21 from pot
Tsaaras: doesn't show hand 
*** SUMMARY ***
Total pot $0.22 | Rake $0.01 
Board [8c 8d 2d Ks Td]
Seat 2: Evan181804 (small blind) folded before Flop
Seat 3: Tsaaras (big blind) collected ($0.21)
Seat 4: 0RB BR0 folded before Flop (didn't bet)
Seat 5: Snoro72 folded before Flop (didn't bet)
Seat 6: Junior_GreyM folded on the River
Seat 7: Dorex2007 folded before Flop (didn't bet)
Seat 8: Larry-s1980 folded before Flop (didn't bet)
Seat 9: 1tillit1 (button) folded before Flop (didn't bet)



PokerStars Hand #237985551018:  Hold'em No Limit ($0.02/$0.05 USD) - 2022/08/14 8:56:45 PT [2022/08/14 11:56:45 ET]
Table 'Brangane III' 9-max Seat #2 is the button
Seat 1: MAJ3ST!C89 ($5 in chips) 
Seat 2: Evan181804 ($1.58 in chips) 
Seat 3: Tsaaras ($2.61 in chips) 
Seat 4: 0RB BR0 ($5.25 in chips) 
Seat 5: Snoro72 ($5.07 in chips) 
Seat 6: Junior_GreyM ($6.58 in chips) 
Seat 7: Dorex2007 ($5.07 in chips) 
Seat 8: Larry-s1980 ($4.94 in chips) 
Seat 9: 1tillit1 ($5.18 in chips) 
Tsaaras: posts small blind $0.02
0RB BR0: posts big blind $0.05
MAJ3ST!C89: posts big blind $0.05
*** HOLE CARDS ***
Dealt to Dorex2007 [Th Kc]
Snoro72: folds 
Junior_GreyM: folds 
Dorex2007: folds 
Larry-s1980: raises $0.07 to $0.12
1tillit1: folds 
MAJ3ST!C89: folds 
Evan181804: folds 
Tsaaras: calls $0.10
0RB BR0: folds 
*** FLOP *** [9s Ts 7c]
Tsaaras: checks 
Larry-s1980: bets $0.15
Tsaaras: calls $0.15
*** TURN *** [9s Ts 7c] [Qd]
Tsaaras: checks 
Larry-s1980: bets $0.30
Tsaaras: folds 
Uncalled bet ($0.30) returned to Larry-s1980
Larry-s1980 collected $0.61 from pot
Larry-s1980: doesn't show hand 
*** SUMMARY ***
Total pot $0.64 | Rake $0.03 
Board [9s Ts 7c Qd]
Seat 1: MAJ3ST!C89 folded before Flop (didn't bet)
Seat 2: Evan181804 (button) folded before Flop (didn't bet)
Seat 3: Tsaaras (small blind) folded on the Turn
Seat 4: 0RB BR0 (big blind) folded before Flop
Seat 5: Snoro72 folded before Flop (didn't bet)
Seat 6: Junior_GreyM folded before Flop (didn't bet)
Seat 7: Dorex2007 folded before Flop (didn't bet)
Seat 8: Larry-s1980 collected ($0.61)
Seat 9: 1tillit1 folded before Flop (didn't bet)



PokerStars Hand #237985562932:  Hold'em No Limit ($0.02/$0.05 USD) - 2022/08/14 8:57:38 PT [2022/08/14 11:57:38 ET]
Table 'Brangane III' 9-max Seat #3 is the button
Seat 1: MAJ3ST!C89 ($4.95 in chips) 
Seat 2: Evan181804 ($1.58 in chips) 
Seat 3: Tsaaras ($2.34 in chips) 
Seat 4: 0RB BR0 ($5.20 in chips) 
Seat 5: Snoro72 ($5.07 in chips) 
Seat 6: Junior_GreyM ($6.58 in chips) 
Seat 7: Dorex2007 ($5.07 in chips) 
Seat 8: Larry-s1980 ($5.28 in chips) 
Seat 9: 1tillit1 ($5.18 in chips) 
0RB BR0: posts small blind $0.02
Snoro72: posts big blind $0.05
*** HOLE CARDS ***
Dealt to Dorex2007 [Kh Kc]
Junior_GreyM: folds 
Dorex2007: raises $0.10 to $0.15
Larry-s1980: folds 
1tillit1: folds 
MAJ3ST!C89: folds 
Evan181804: calls $0.15
Tsaaras: folds 
0RB BR0: folds 
Snoro72: folds 
*** FLOP *** [Ac Tc Jc]
Dorex2007: bets $0.17
Evan181804: folds 
Uncalled bet ($0.17) returned to Dorex2007
Dorex2007 collected $0.35 from pot
Dorex2007: doesn't show hand 
*** SUMMARY ***
Total pot $0.37 | Rake $0.02 
Board [Ac Tc Jc]
Seat 1: MAJ3ST!C89 folded before Flop (didn't bet)
Seat 2: Evan181804 folded on the Flop
Seat 3: Tsaaras (button) folded before Flop (didn't bet)
Seat 4: 0RB BR0 (small blind) folded before Flop
Seat 5: Snoro72 (big blind) folded before Flop
Seat 6: Junior_GreyM folded before Flop (didn't bet)
Seat 7: Dorex2007 collected ($0.35)
Seat 8: Larry-s1980 folded before Flop (didn't bet)
Seat 9: 1tillit1 folded before Flop (didn't bet)



PokerStars Hand #237985568652:  Hold'em No Limit ($0.02/$0.05 USD) - 2022/08/14 8:58:03 PT [2022/08/14 11:58:03 ET]
Table 'Brangane III' 9-max Seat #4 is the button
Seat 1: MAJ3ST!C89 ($4.95 in chips) 
Seat 2: Evan181804 ($1.43 in chips) 
Seat 3: Tsaaras ($2.34 in chips) 
Seat 4: 0RB BR0 ($5.18 in chips) 
Seat 5: Snoro72 ($5.02 in chips) 
Seat 6: Junior_GreyM ($6.58 in chips) 
Seat 7: Dorex2007 ($5.27 in chips) 
Seat 8: Larry-s1980 ($5.28 in chips) 
Seat 9: 1tillit1 ($5.18 in chips) 
Snoro72: posts small blind $0.02
Junior_GreyM: posts big blind $0.05
*** HOLE CARDS ***
Dealt to Dorex2007 [9s 3d]
Dorex2007: folds 
Larry-s1980: folds 
1tillit1: folds 
MAJ3ST!C89: calls $0.05
Evan181804: folds 
Tsaaras: folds 
0RB BR0: folds 
Snoro72: folds 
Junior_GreyM: checks 
*** FLOP *** [2h Ks 8h]
Junior_GreyM: checks 
MAJ3ST!C89: checks 
*** TURN *** [2h Ks 8h] [Qs]
Junior_GreyM: bets $0.12
MAJ3ST!C89: calls $0.12
*** RIVER *** [2h Ks 8h Qs] [As]
Junior_GreyM: bets $0.05
MAJ3ST!C89: raises $0.23 to $0.28
Junior_GreyM: calls $0.23
*** SHOW DOWN ***
MAJ3ST!C89: shows [Ah Ac] (three of a kind, Aces)
Junior_GreyM: mucks hand 
MAJ3ST!C89 collected $0.88 from pot
*** SUMMARY ***
Total pot $0.92 | Rake $0.04 
Board [2h Ks 8h Qs As]
Seat 1: MAJ3ST!C89 showed [Ah Ac] and won ($0.88) with three of a kind, Aces
Seat 2: Evan181804 folded before Flop (didn't bet)
Seat 3: Tsaaras folded before Flop (didn't bet)
Seat 4: 0RB BR0 (button) folded before Flop (didn't bet)
Seat 5: Snoro72 (small blind) folded before Flop
Seat 6: Junior_GreyM (big blind) mucked [8s Qc]
Seat 7: Dorex2007 folded before Flop (didn't bet)
Seat 8: Larry-s1980 folded before Flop (didn't bet)
Seat 9: 1tillit1 folded before Flop (didn't bet)



PokerStars Hand #237985577710:  Hold'em No Limit ($0.02/$0.05 USD) - 2022/08/14 8:58:44 PT [2022/08/14 11:58:44 ET]
Table 'Brangane III' 9-max Seat #5 is the button
Seat 1: MAJ3ST!C89 ($5.38 in chips) 
Seat 2: Evan181804 ($1.43 in chips) 
Seat 3: Tsaaras ($2.34 in chips) 
Seat 4: 0RB BR0 ($5.18 in chips) 
Seat 5: Snoro72 ($5 in chips) 
Seat 6: Junior_GreyM ($6.13 in chips) 
Seat 7: Dorex2007 ($5.27 in chips) 
Seat 8: Larry-s1980 ($5.28 in chips) 
Seat 9: 1tillit1 ($5.18 in chips) 
Junior_GreyM: posts small blind $0.02
Dorex2007: posts big blind $0.05
*** HOLE CARDS ***
Dealt to Dorex2007 [Kc 5s]
Larry-s1980: folds 
1tillit1: folds 
MAJ3ST!C89: calls $0.05
Evan181804: folds 
Tsaaras: folds 
0RB BR0: folds 
Snoro72: folds 
Junior_GreyM: calls $0.03
Dorex2007: checks 
*** FLOP *** [2d 7c 9s]
Junior_GreyM: checks 
Dorex2007: checks 
MAJ3ST!C89: bets $0.07
Junior_GreyM: folds 
Dorex2007: folds 
Uncalled bet ($0.07) returned to MAJ3ST!C89
MAJ3ST!C89 collected $0.14 from pot
*** SUMMARY ***
Total pot $0.15 | Rake $0.01 
Board [2d 7c 9s]
Seat 1: MAJ3ST!C89 collected ($0.14)
Seat 2: Evan181804 folded before Flop (didn't bet)
Seat 3: Tsaaras folded before Flop (didn't bet)
Seat 4: 0RB BR0 folded before Flop (didn't bet)
Seat 5: Snoro72 (button) folded before Flop (didn't bet)
Seat 6: Junior_GreyM (small blind) folded on the Flop
Seat 7: Dorex2007 (big blind) folded on the Flop
Seat 8: Larry-s1980 folded before Flop (didn't bet)
Seat 9: 1tillit1 folded before Flop (didn't bet)



PokerStars Hand #237985584143:  Hold'em No Limit ($0.02/$0.05 USD) - 2022/08/14 8:59:13 PT [2022/08/14 11:59:13 ET]
Table 'Brangane III' 9-max Seat #6 is the button
Seat 1: MAJ3ST!C89 ($5.47 in chips) 
Seat 2: Evan181804 ($1.43 in chips) 
Seat 3: Tsaaras ($2.34 in chips) 
Seat 4: 0RB BR0 ($5.18 in chips) 
Seat 5: Snoro72 ($5 in chips) 
Seat 6: Junior_GreyM ($6.08 in chips) 
Seat 7: Dorex2007 ($5.22 in chips) 
Seat 8: Larry-s1980 ($5.28 in chips) 
Seat 9: 1tillit1 ($5.18 in chips) 
Dorex2007: posts small blind $0.02
Larry-s1980: posts big blind $0.05
*** HOLE CARDS ***
Dealt to Dorex2007 [7h Qh]
1tillit1: folds 
MAJ3ST!C89: calls $0.05
Evan181804: calls $0.05
Tsaaras: calls $0.05
0RB BR0: folds 
Snoro72: folds 
Junior_GreyM: folds 
Dorex2007: folds 
Larry-s1980: checks 
*** FLOP *** [9h 6c Kd]
Larry-s1980: checks 
MAJ3ST!C89: checks 
Evan181804: bets $0.10
Tsaaras: folds 
Larry-s1980: raises $0.25 to $0.35
MAJ3ST!C89: folds 
Evan181804: calls $0.25
*** TURN *** [9h 6c Kd] [8c]
Larry-s1980: bets $0.66
Evan181804: folds 
Uncalled bet ($0.66) returned to Larry-s1980
Larry-s1980 collected $0.88 from pot
Larry-s1980: doesn't show hand 
*** SUMMARY ***
Total pot $0.92 | Rake $0.04 
Board [9h 6c Kd 8c]
Seat 1: MAJ3ST!C89 folded on the Flop
Seat 2: Evan181804 folded on the Turn
Seat 3: Tsaaras folded on the Flop
Seat 4: 0RB BR0 folded before Flop (didn't bet)
Seat 5: Snoro72 folded before Flop (didn't bet)
Seat 6: Junior_GreyM (button) folded before Flop (didn't bet)
Seat 7: Dorex2007 (small blind) folded before Flop
Seat 8: Larry-s1980 (big blind) collected ($0.88)
Seat 9: 1tillit1 folded before Flop (didn't bet)



PokerStars Hand #237985595904:  Hold'em No Limit ($0.02/$0.05 USD) - 2022/08/14 9:00:05 PT [2022/08/14 12:00:05 ET]
Table 'Brangane III' 9-max Seat #7 is the button
Seat 1: MAJ3ST!C89 ($5.42 in chips) 
Seat 2: Evan181804 ($1.03 in chips) 
Seat 3: Tsaaras ($2.29 in chips) 
Seat 4: 0RB BR0 ($5.18 in chips) 
Seat 5: Snoro72 ($5 in chips) 
Seat 6: Junior_GreyM ($6.08 in chips) 
Seat 7: Dorex2007 ($5.20 in chips) 
Seat 8: Larry-s1980 ($5.76 in chips) 
Seat 9: 1tillit1 ($5.18 in chips) 
Larry-s1980: posts small blind $0.02
1tillit1: posts big blind $0.05
*** HOLE CARDS ***
Dealt to Dorex2007 [2d Qs]
MAJ3ST!C89: calls $0.05
Evan181804: raises $0.98 to $1.03 and is all-in
Tsaaras: folds 
0RB BR0: folds 
Snoro72: folds 
Junior_GreyM: folds 
Dorex2007: folds 
Larry-s1980: folds 
1tillit1: folds 
MAJ3ST!C89: folds 
Uncalled bet ($0.98) returned to Evan181804
Evan181804 collected $0.17 from pot
*** SUMMARY ***
Total pot $0.17 | Rake $0 
Seat 1: MAJ3ST!C89 folded before Flop
Seat 2: Evan181804 collected ($0.17)
Seat 3: Tsaaras folded before Flop (didn't bet)
Seat 4: 0RB BR0 folded before Flop (didn't bet)
Seat 5: Snoro72 folded before Flop (didn't bet)
Seat 6: Junior_GreyM folded before Flop (didn't bet)
Seat 7: Dorex2007 (button) folded before Flop (didn't bet)
Seat 8: Larry-s1980 (small blind) folded before Flop
Seat 9: 1tillit1 (big blind) folded before Flop



PokerStars Hand #237985599767:  Hold'em No Limit ($0.02/$0.05 USD) - 2022/08/14 9:00:22 PT [2022/08/14 12:00:22 ET]
Table 'Brangane III' 9-max Seat #8 is the button
Seat 1: MAJ3ST!C89 ($5.37 in chips) 
Seat 2: Evan181804 ($1.15 in chips) 
Seat 3: Tsaaras ($2.29 in chips) 
Seat 4: 0RB BR0 ($5.18 in chips) 
Seat 5: Snoro72 ($5 in chips) 
Seat 6: Junior_GreyM ($6.08 in chips) 
Seat 7: Dorex2007 ($5.20 in chips) 
Seat 8: Larry-s1980 ($5.74 in chips) 
Seat 9: 1tillit1 ($5.13 in chips) 
1tillit1: posts small blind $0.02
MAJ3ST!C89: posts big blind $0.05
*** HOLE CARDS ***
Dealt to Dorex2007 [Ts Qd]
Evan181804: folds 
Tsaaras: folds 
0RB BR0: folds 
Snoro72: raises $0.10 to $0.15
Junior_GreyM: folds 
Dorex2007: calls $0.15
Larry-s1980: folds 
1tillit1: folds 
MAJ3ST!C89: calls $0.10
*** FLOP *** [Ks Ac 4d]
MAJ3ST!C89: checks 
Snoro72: checks 
Dorex2007: checks 
*** TURN *** [Ks Ac 4d] [Kc]
Evan181804 leaves the table
MAJ3ST!C89: checks 
Snoro72: checks 
Dorex2007: checks 
*** RIVER *** [Ks Ac 4d Kc] [6d]
MAJ3ST!C89: bets $0.22
Snoro72: folds 
Dorex2007: folds 
Uncalled bet ($0.22) returned to MAJ3ST!C89
MAJ3ST!C89 collected $0.45 from pot
*** SUMMARY ***
Total pot $0.47 | Rake $0.02 
Board [Ks Ac 4d Kc 6d]
Seat 1: MAJ3ST!C89 (big blind) collected ($0.45)
Seat 2: Evan181804 folded before Flop (didn't bet)
Seat 3: Tsaaras folded before Flop (didn't bet)
Seat 4: 0RB BR0 folded before Flop (didn't bet)
Seat 5: Snoro72 folded on the River
Seat 6: Junior_GreyM folded before Flop (didn't bet)
Seat 7: Dorex2007 folded on the River
Seat 8: Larry-s1980 (button) folded before Flop (didn't bet)
Seat 9: 1tillit1 (small blind) folded before Flop



PokerStars Hand #237985614111:  Hold'em No Limit ($0.02/$0.05 USD) - 2022/08/14 9:01:18 PT [2022/08/14 12:01:18 ET]
Table 'Brangane III' 9-max Seat #9 is the button
Seat 1: MAJ3ST!C89 ($5.67 in chips) 
Seat 3: Tsaaras ($2.29 in chips) 
Seat 4: 0RB BR0 ($5.18 in chips) 
Seat 5: Snoro72 ($5 in chips) 
Seat 6: Junior_GreyM ($6.08 in chips) 
Seat 7: Dorex2007 ($5.05 in chips) 
Seat 8: Larry-s1980 ($5.74 in chips) 
Seat 9: 1tillit1 ($5.11 in chips) 
MAJ3ST!C89: posts small blind $0.02
Tsaaras: posts big blind $0.05
*** HOLE CARDS ***
Dealt to Dorex2007 [9c Qh]
0RB BR0: folds 
Snoro72: folds 
Junior_GreyM: folds 
Dorex2007: folds 
Zzzanderman joins the table at seat #2 
Larry-s1980: folds 
1tillit1: folds 
MAJ3ST!C89: calls $0.03
Tsaaras: checks 
*** FLOP *** [Ts 7s 5h]
MAJ3ST!C89: bets $0.05
Tsaaras: folds 
Uncalled bet ($0.05) returned to MAJ3ST!C89
MAJ3ST!C89 collected $0.10 from pot
*** SUMMARY ***
Total pot $0.10 | Rake $0 
Board [Ts 7s 5h]
Seat 1: MAJ3ST!C89 (small blind) collected ($0.10)
Seat 3: Tsaaras (big blind) folded on the Flop
Seat 4: 0RB BR0 folded before Flop (didn't bet)
Seat 5: Snoro72 folded before Flop (didn't bet)
Seat 6: Junior_GreyM folded before Flop (didn't bet)
Seat 7: Dorex2007 folded before Flop (didn't bet)
Seat 8: Larry-s1980 folded before Flop (didn't bet)
Seat 9: 1tillit1 (button) folded before Flop (didn't bet)



PokerStars Hand #237985621287:  Hold'em No Limit ($0.02/$0.05 USD) - 2022/08/14 9:01:41 PT [2022/08/14 12:01:41 ET]
Table 'Brangane III' 9-max Seat #1 is the button
Seat 1: MAJ3ST!C89 ($5.72 in chips) 
Seat 3: Tsaaras ($2.24 in chips) 
Seat 4: 0RB BR0 ($5.18 in chips) 
Seat 5: Snoro72 ($5 in chips) 
Seat 6: Junior_GreyM ($6.08 in chips) 
Seat 7: Dorex2007 ($5.05 in chips) 
Seat 8: Larry-s1980 ($5.74 in chips) 
Seat 9: 1tillit1 ($5.11 in chips) 
Tsaaras: posts small blind $0.02
0RB BR0: posts big blind $0.05
*** HOLE CARDS ***
Dealt to Dorex2007 [Js As]
Snoro72: folds 
Junior_GreyM: folds 
Dorex2007: raises $0.10 to $0.15
Larry-s1980: folds 
1tillit1: folds 
MAJ3ST!C89: calls $0.15
Tsaaras: folds 
0RB BR0: calls $0.10
*** FLOP *** [Ad Jh Qc]
0RB BR0: checks 
Dorex2007: bets $0.55
MAJ3ST!C89: folds 
0RB BR0: folds 
Uncalled bet ($0.55) returned to Dorex2007
Dorex2007 collected $0.45 from pot
Dorex2007: doesn't show hand 
*** SUMMARY ***
Total pot $0.47 | Rake $0.02 
Board [Ad Jh Qc]
Seat 1: MAJ3ST!C89 (button) folded on the Flop
Seat 3: Tsaaras (small blind) folded before Flop
Seat 4: 0RB BR0 (big blind) folded on the Flop
Seat 5: Snoro72 folded before Flop (didn't bet)
Seat 6: Junior_GreyM folded before Flop (didn't bet)
Seat 7: Dorex2007 collected ($0.45)
Seat 8: Larry-s1980 folded before Flop (didn't bet)
Seat 9: 1tillit1 folded before Flop (didn't bet)



PokerStars Hand #237985630747:  Hold'em No Limit ($0.02/$0.05 USD) - 2022/08/14 9:02:13 PT [2022/08/14 12:02:13 ET]
Table 'Brangane III' 9-max Seat #3 is the button
Seat 1: MAJ3ST!C89 ($5.57 in chips) 
Seat 2: Zzzanderman ($5 in chips) 
Seat 3: Tsaaras ($2.22 in chips) 
Seat 4: 0RB BR0 ($5.03 in chips) 
Seat 5: Snoro72 ($5 in chips) 
Seat 6: Junior_GreyM ($6.08 in chips) 
Seat 7: Dorex2007 ($5.35 in chips) 
Seat 8: Larry-s1980 ($5.74 in chips) 
Seat 9: 1tillit1 ($5.11 in chips) 
0RB BR0: posts small blind $0.02
Snoro72: posts big blind $0.05
Zzzanderman: posts big blind $0.05
*** HOLE CARDS ***
Dealt to Dorex2007 [2d 3h]
Junior_GreyM: calls $0.05
Dorex2007: folds 
Larry-s1980: folds 
1tillit1: folds 
MAJ3ST!C89: calls $0.05
Zzzanderman: checks 
Tsaaras: folds 
0RB BR0: raises $0.10 to $0.15
Snoro72: calls $0.10
Junior_GreyM: calls $0.10
MAJ3ST!C89: calls $0.10
Zzzanderman: calls $0.10
*** FLOP *** [Ah 8h 4h]
0RB BR0: bets $0.05
Snoro72: folds 
Junior_GreyM: folds 
MAJ3ST!C89: folds 
Zzzanderman: folds 
Uncalled bet ($0.05) returned to 0RB BR0
0RB BR0 collected $0.72 from pot
*** SUMMARY ***
Total pot $0.75 | Rake $0.03 
Board [Ah 8h 4h]
Seat 1: MAJ3ST!C89 folded on the Flop
Seat 2: Zzzanderman folded on the Flop
Seat 3: Tsaaras (button) folded before Flop (didn't bet)
Seat 4: 0RB BR0 (small blind) collected ($0.72)
Seat 5: Snoro72 (big blind) folded on the Flop
Seat 6: Junior_GreyM folded on the Flop
Seat 7: Dorex2007 folded before Flop (didn't bet)
Seat 8: Larry-s1980 folded before Flop (didn't bet)
Seat 9: 1tillit1 folded before Flop (didn't bet)



PokerStars Hand #237985641393:  Hold'em No Limit ($0.02/$0.05 USD) - 2022/08/14 9:02:47 PT [2022/08/14 12:02:47 ET]
Table 'Brangane III' 9-max Seat #4 is the button
Seat 1: MAJ3ST!C89 ($5.42 in chips) 
Seat 2: Zzzanderman ($4.85 in chips) 
Seat 3: Tsaaras ($2.22 in chips) 
Seat 4: 0RB BR0 ($5.60 in chips) 
Seat 5: Snoro72 ($5 in chips) 
Seat 6: Junior_GreyM ($5.93 in chips) 
Seat 7: Dorex2007 ($5.35 in chips) 
Seat 8: Larry-s1980 ($5.74 in chips) 
Seat 9: 1tillit1 ($5.11 in chips) 
Snoro72: posts small blind $0.02
Junior_GreyM: posts big blind $0.05
*** HOLE CARDS ***
Dealt to Dorex2007 [4c 4d]
Dorex2007: folds 
Larry-s1980: folds 
1tillit1: folds 
MAJ3ST!C89: calls $0.05
Zzzanderman: calls $0.05
Tsaaras: folds 
0RB BR0: folds 
Snoro72: folds 
Junior_GreyM: checks 
*** FLOP *** [Ac 9s 2h]
Junior_GreyM: checks 
MAJ3ST!C89: bets $0.05
Tsaaras leaves the table
Zzzanderman: raises $0.26 to $0.31
Junior_GreyM: folds 
MAJ3ST!C89: folds 
Uncalled bet ($0.26) returned to Zzzanderman
Zzzanderman collected $0.26 from pot
Zzzanderman: doesn't show hand 
*** SUMMARY ***
Total pot $0.27 | Rake $0.01 
Board [Ac 9s 2h]
Seat 1: MAJ3ST!C89 folded on the Flop
Seat 2: Zzzanderman collected ($0.26)
Seat 3: Tsaaras folded before Flop (didn't bet)
Seat 4: 0RB BR0 (button) folded before Flop (didn't bet)
Seat 5: Snoro72 (small blind) folded before Flop
Seat 6: Junior_GreyM (big blind) folded on the Flop
Seat 7: Dorex2007 folded before Flop (didn't bet)
Seat 8: Larry-s1980 folded before Flop (didn't bet)
Seat 9: 1tillit1 folded before Flop (didn't bet)



PokerStars Hand #237985650899:  Hold'em No Limit ($0.02/$0.05 USD) - 2022/08/14 9:03:18 PT [2022/08/14 12:03:18 ET]
Table 'Brangane III' 9-max Seat #5 is the button
Seat 1: MAJ3ST!C89 ($5.32 in chips) 
Seat 2: Zzzanderman ($5.01 in chips) 
Seat 4: 0RB BR0 ($5.60 in chips) 
Seat 5: Snoro72 ($5 in chips) 
Seat 6: Junior_GreyM ($5.88 in chips) 
Seat 7: Dorex2007 ($5.35 in chips) 
Seat 8: Larry-s1980 ($5.74 in chips) 
Seat 9: 1tillit1 ($5.11 in chips) 
Junior_GreyM: posts small blind $0.02
Dorex2007: posts big blind $0.05
*** HOLE CARDS ***
Dealt to Dorex2007 [6d 8s]
Larry-s1980: folds 
1tillit1: folds 
MAJ3ST!C89: calls $0.05
Zzzanderman: folds 
0RB BR0: folds 
Snoro72: calls $0.05
Junior_GreyM: raises $0.10 to $0.15
Dorex2007: folds 
MAJ3ST!C89: calls $0.10
Snoro72: calls $0.10
*** FLOP *** [Jh 2s Kd]
Junior_GreyM: bets $0.05
MAJ3ST!C89: folds 
Snoro72: calls $0.05
*** TURN *** [Jh 2s Kd] [Qs]
Junior_GreyM: bets $0.05
Snoro72: calls $0.05
*** RIVER *** [Jh 2s Kd Qs] [5c]
Junior_GreyM: bets $0.05
buburuza1417 joins the table at seat #3 
Snoro72: raises $0.23 to $0.28
Junior_GreyM: calls $0.23
*** SHOW DOWN ***
Snoro72: shows [Ks Tc] (a pair of Kings)
Junior_GreyM: mucks hand 
Snoro72 collected $1.21 from pot
*** SUMMARY ***
Total pot $1.26 | Rake $0.05 
Board [Jh 2s Kd Qs 5c]
Seat 1: MAJ3ST!C89 folded on the Flop
Seat 2: Zzzanderman folded before Flop (didn't bet)
Seat 4: 0RB BR0 folded before Flop (didn't bet)
Seat 5: Snoro72 (button) showed [Ks Tc] and won ($1.21) with a pair of Kings
Seat 6: Junior_GreyM (small blind) mucked [Jc Ac]
Seat 7: Dorex2007 (big blind) folded before Flop
Seat 8: Larry-s1980 folded before Flop (didn't bet)
Seat 9: 1tillit1 folded before Flop (didn't bet)



PokerStars Hand #237985667051:  Hold'em No Limit ($0.02/$0.05 USD) - 2022/08/14 9:04:11 PT [2022/08/14 12:04:11 ET]
Table 'Brangane III' 9-max Seat #6 is the button
Seat 1: MAJ3ST!C89 ($5.17 in chips) 
Seat 2: Zzzanderman ($5.01 in chips) 
Seat 4: 0RB BR0 ($5.60 in chips) 
Seat 5: Snoro72 ($5.68 in chips) 
Seat 6: Junior_GreyM ($5.35 in chips) 
Seat 7: Dorex2007 ($5.30 in chips) 
Seat 8: Larry-s1980 ($5.74 in chips) 
Seat 9: 1tillit1 ($5.11 in chips) 
Dorex2007: posts small blind $0.02
Larry-s1980: posts big blind $0.05
buburuza1417: sits out 
*** HOLE CARDS ***
Dealt to Dorex2007 [7s 6h]
1tillit1: folds 
MAJ3ST!C89: calls $0.05
Zzzanderman: folds 
0RB BR0: raises $0.10 to $0.15
Snoro72: folds 
Junior_GreyM: calls $0.15
Dorex2007: folds 
Larry-s1980: calls $0.10
MAJ3ST!C89: calls $0.10
*** FLOP *** [9h Kh 9d]
Larry-s1980: checks 
MAJ3ST!C89: checks 
0RB BR0: bets $0.29
Junior_GreyM: folds 
Larry-s1980: folds 
MAJ3ST!C89: folds 
Uncalled bet ($0.29) returned to 0RB BR0
0RB BR0 collected $0.59 from pot
*** SUMMARY ***
Total pot $0.62 | Rake $0.03 
Board [9h Kh 9d]
Seat 1: MAJ3ST!C89 folded on the Flop
Seat 2: Zzzanderman folded before Flop (didn't bet)
Seat 4: 0RB BR0 collected ($0.59)
Seat 5: Snoro72 folded before Flop (didn't bet)
Seat 6: Junior_GreyM (button) folded on the Flop
Seat 7: Dorex2007 (small blind) folded before Flop
Seat 8: Larry-s1980 (big blind) folded on the Flop
Seat 9: 1tillit1 folded before Flop (didn't bet)



PokerStars Hand #237985677888:  Hold'em No Limit ($0.02/$0.05 USD) - 2022/08/14 9:04:46 PT [2022/08/14 12:04:46 ET]
Table 'Brangane III' 9-max Seat #7 is the button
Seat 1: MAJ3ST!C89 ($5.02 in chips) 
Seat 2: Zzzanderman ($5.01 in chips) 
Seat 3: buburuza1417 ($4.16 in chips) 
Seat 4: 0RB BR0 ($6.04 in chips) 
Seat 5: Snoro72 ($5.68 in chips) 
Seat 6: Junior_GreyM ($5.20 in chips) 
Seat 7: Dorex2007 ($5.28 in chips) 
Seat 8: Larry-s1980 ($5.59 in chips) 
Seat 9: 1tillit1 ($5.11 in chips) 
Larry-s1980: posts small blind $0.02
1tillit1: posts big blind $0.05
buburuza1417: posts big blind $0.05
*** HOLE CARDS ***
Dealt to Dorex2007 [8s 2h]
MAJ3ST!C89: calls $0.05
Zzzanderman: folds 
buburuza1417: checks 
0RB BR0: folds 
Snoro72: folds 
Junior_GreyM: calls $0.05
Dorex2007: folds 
Larry-s1980: folds 
1tillit1: checks 
*** FLOP *** [3s 7d 6c]
1tillit1: checks 
MAJ3ST!C89: checks 
buburuza1417: checks 
Junior_GreyM: bets $0.10
1tillit1: folds 
MAJ3ST!C89: folds 
buburuza1417: calls $0.10
*** TURN *** [3s 7d 6c] [5s]
buburuza1417: checks 
Junior_GreyM: bets $0.15
buburuza1417: calls $0.15
*** RIVER *** [3s 7d 6c 5s] [7s]
buburuza1417: checks 
Junior_GreyM: bets $0.34
buburuza1417: folds 
Uncalled bet ($0.34) returned to Junior_GreyM
Junior_GreyM collected $0.69 from pot
Junior_GreyM: doesn't show hand 
*** SUMMARY ***
Total pot $0.72 | Rake $0.03 
Board [3s 7d 6c 5s 7s]
Seat 1: MAJ3ST!C89 folded on the Flop
Seat 2: Zzzanderman folded before Flop (didn't bet)
Seat 3: buburuza1417 folded on the River
Seat 4: 0RB BR0 folded before Flop (didn't bet)
Seat 5: Snoro72 folded before Flop (didn't bet)
Seat 6: Junior_GreyM collected ($0.69)
Seat 7: Dorex2007 (button) folded before Flop (didn't bet)
Seat 8: Larry-s1980 (small blind) folded before Flop
Seat 9: 1tillit1 (big blind) folded on the Flop



PokerStars Hand #237985696662:  Hold'em No Limit ($0.02/$0.05 USD) - 2022/08/14 9:05:46 PT [2022/08/14 12:05:46 ET]
Table 'Brangane III' 9-max Seat #8 is the button
Seat 1: MAJ3ST!C89 ($4.97 in chips) 
Seat 2: Zzzanderman ($5.01 in chips) 
Seat 3: buburuza1417 ($3.86 in chips) 
Seat 4: 0RB BR0 ($6.04 in chips) 
Seat 5: Snoro72 ($5.68 in chips) 
Seat 6: Junior_GreyM ($5.59 in chips) 
Seat 7: Dorex2007 ($5.28 in chips) 
Seat 8: Larry-s1980 ($5.57 in chips) 
Seat 9: 1tillit1 ($5.06 in chips) 
1tillit1: posts small blind $0.02
MAJ3ST!C89: posts big blind $0.05
*** HOLE CARDS ***
Dealt to Dorex2007 [4h Qc]
Zzzanderman: folds 
buburuza1417: calls $0.05
0RB BR0: folds 
Snoro72: folds 
Junior_GreyM: folds 
Dorex2007: folds 
Larry-s1980: raises $0.05 to $0.10
1tillit1: folds 
MAJ3ST!C89: calls $0.05
buburuza1417: calls $0.05
*** FLOP *** [9s 6h 3d]
MAJ3ST!C89: checks 
buburuza1417: checks 
Larry-s1980: bets $0.10
MAJ3ST!C89: calls $0.10
buburuza1417: calls $0.10
*** TURN *** [9s 6h 3d] [Ks]
MAJ3ST!C89: checks 
buburuza1417: checks 
Larry-s1980: bets $0.39
MAJ3ST!C89: folds 
buburuza1417: folds 
Uncalled bet ($0.39) returned to Larry-s1980
Larry-s1980 collected $0.59 from pot
Larry-s1980: doesn't show hand 
*** SUMMARY ***
Total pot $0.62 | Rake $0.03 
Board [9s 6h 3d Ks]
Seat 1: MAJ3ST!C89 (big blind) folded on the Turn
Seat 2: Zzzanderman folded before Flop (didn't bet)
Seat 3: buburuza1417 folded on the Turn
Seat 4: 0RB BR0 folded before Flop (didn't bet)
Seat 5: Snoro72 folded before Flop (didn't bet)
Seat 6: Junior_GreyM folded before Flop (didn't bet)
Seat 7: Dorex2007 folded before Flop (didn't bet)
Seat 8: Larry-s1980 (button) collected ($0.59)
Seat 9: 1tillit1 (small blind) folded before Flop



PokerStars Hand #237985712087:  Hold'em No Limit ($0.02/$0.05 USD) - 2022/08/14 9:06:33 PT [2022/08/14 12:06:33 ET]
Table 'Brangane III' 9-max Seat #9 is the button
Seat 1: MAJ3ST!C89 ($4.77 in chips) 
Seat 2: Zzzanderman ($5.01 in chips) 
Seat 3: buburuza1417 ($3.66 in chips) 
Seat 4: 0RB BR0 ($6.04 in chips) 
Seat 5: Snoro72 ($5.68 in chips) 
Seat 6: Junior_GreyM ($5.59 in chips) 
Seat 7: Dorex2007 ($5.28 in chips) 
Seat 8: Larry-s1980 ($5.96 in chips) 
Seat 9: 1tillit1 ($5.04 in chips) 
MAJ3ST!C89: posts small blind $0.02
Zzzanderman: posts big blind $0.05
*** HOLE CARDS ***
Dealt to Dorex2007 [8d 6h]
buburuza1417: folds 
0RB BR0: folds 
Snoro72: folds 
Junior_GreyM: folds 
Dorex2007: folds 
Larry-s1980: folds 
1tillit1: raises $0.07 to $0.12
MAJ3ST!C89: calls $0.10
Zzzanderman: folds 
*** FLOP *** [Js 2c Ad]
MAJ3ST!C89: checks 
1tillit1: checks 
*** TURN *** [Js 2c Ad] [Kc]
MAJ3ST!C89: bets $0.05
1tillit1: raises $0.10 to $0.15
MAJ3ST!C89: calls $0.10
*** RIVER *** [Js 2c Ad Kc] [Qd]
MAJ3ST!C89: bets $0.28
1tillit1: folds 
Uncalled bet ($0.28) returned to MAJ3ST!C89
MAJ3ST!C89 collected $0.57 from pot
*** SUMMARY ***
Total pot $0.59 | Rake $0.02 
Board [Js 2c Ad Kc Qd]
Seat 1: MAJ3ST!C89 (small blind) collected ($0.57)
Seat 2: Zzzanderman (big blind) folded before Flop
Seat 3: buburuza1417 folded before Flop (didn't bet)
Seat 4: 0RB BR0 folded before Flop (didn't bet)
Seat 5: Snoro72 folded before Flop (didn't bet)
Seat 6: Junior_GreyM folded before Flop (didn't bet)
Seat 7: Dorex2007 folded before Flop (didn't bet)
Seat 8: Larry-s1980 folded before Flop (didn't bet)
Seat 9: 1tillit1 (button) folded on the River



PokerStars Hand #237985728103:  Hold'em No Limit ($0.02/$0.05 USD) - 2022/08/14 9:07:25 PT [2022/08/14 12:07:25 ET]
Table 'Brangane III' 9-max Seat #1 is the button
Seat 1: MAJ3ST!C89 ($5.07 in chips) 
Seat 2: Zzzanderman ($4.96 in chips) 
Seat 3: buburuza1417 ($3.66 in chips) 
Seat 4: 0RB BR0 ($6.04 in chips) 
Seat 5: Snoro72 ($5.68 in chips) 
Seat 6: Junior_GreyM ($5.59 in chips) 
Seat 7: Dorex2007 ($5.28 in chips) 
Seat 8: Larry-s1980 ($5.96 in chips) 
Seat 9: 1tillit1 ($5 in chips) 
Zzzanderman: posts small blind $0.02
buburuza1417: posts big blind $0.05
*** HOLE CARDS ***
Dealt to Dorex2007 [9d 6d]
0RB BR0: folds 
Snoro72: folds 
Junior_GreyM: folds 
Dorex2007: folds 
Larry-s1980: folds 
Snoro72 leaves the table
1tillit1: raises $0.10 to $0.15
MAJ3ST!C89: calls $0.15
Zzzanderman: folds 
buburuza1417: calls $0.10
*** FLOP *** [Th Ts 2c]
buburuza1417: checks 
Alex366296 joins the table at seat #5 
1tillit1: bets $0.25
MAJ3ST!C89: folds 
buburuza1417: calls $0.25
*** TURN *** [Th Ts 2c] [7d]
buburuza1417: checks 
1tillit1: bets $0.50
buburuza1417: calls $0.50
*** RIVER *** [Th Ts 2c 7d] [Kh]
buburuza1417: checks 
1tillit1: checks 
*** SHOW DOWN ***
buburuza1417: shows [As Td] (three of a kind, Tens)
1tillit1: mucks hand 
buburuza1417 collected $1.89 from pot
*** SUMMARY ***
Total pot $1.97 | Rake $0.08 
Board [Th Ts 2c 7d Kh]
Seat 1: MAJ3ST!C89 (button) folded on the Flop
Seat 2: Zzzanderman (small blind) folded before Flop
Seat 3: buburuza1417 (big blind) showed [As Td] and won ($1.89) with three of a kind, Tens
Seat 4: 0RB BR0 folded before Flop (didn't bet)
Seat 5: Snoro72 folded before Flop (didn't bet)
Seat 6: Junior_GreyM folded before Flop (didn't bet)
Seat 7: Dorex2007 folded before Flop (didn't bet)
Seat 8: Larry-s1980 folded before Flop (didn't bet)
Seat 9: 1tillit1 mucked [Jh Jc]



PokerStars Hand #237985745887:  Hold'em No Limit ($0.02/$0.05 USD) - 2022/08/14 9:08:22 PT [2022/08/14 12:08:22 ET]
Table 'Brangane III' 9-max Seat #2 is the button
Seat 1: MAJ3ST!C89 ($4.92 in chips) 
Seat 2: Zzzanderman ($4.94 in chips) 
Seat 3: buburuza1417 ($4.65 in chips) 
Seat 4: 0RB BR0 ($6.04 in chips) 
Seat 6: Junior_GreyM ($5.59 in chips) 
Seat 7: Dorex2007 ($5.28 in chips) 
Seat 8: Larry-s1980 ($5.96 in chips) 
Seat 9: 1tillit1 ($5 in chips) 
buburuza1417: posts small blind $0.02
0RB BR0: posts big blind $0.05
Alex366296: sits out 
*** HOLE CARDS ***
Dealt to Dorex2007 [Ks 4c]
Junior_GreyM: folds 
Dorex2007: folds 
Larry-s1980: folds 
1tillit1: folds 
MAJ3ST!C89: calls $0.05
Zzzanderman: folds 
buburuza1417: calls $0.03
0RB BR0: checks 
*** FLOP *** [Kh Ah Jd]
buburuza1417: checks 
0RB BR0: checks 
MAJ3ST!C89: checks 
*** TURN *** [Kh Ah Jd] [2s]
buburuza1417: checks 
0RB BR0: checks 
MAJ3ST!C89: bets $0.05
buburuza1417: folds 
0RB BR0: folds 
Uncalled bet ($0.05) returned to MAJ3ST!C89
MAJ3ST!C89 collected $0.14 from pot
*** SUMMARY ***
Total pot $0.15 | Rake $0.01 
Board [Kh Ah Jd 2s]
Seat 1: MAJ3ST!C89 collected ($0.14)
Seat 2: Zzzanderman (button) folded before Flop (didn't bet)
Seat 3: buburuza1417 (small blind) folded on the Turn
Seat 4: 0RB BR0 (big blind) folded on the Turn
Seat 6: Junior_GreyM folded before Flop (didn't bet)
Seat 7: Dorex2007 folded before Flop (didn't bet)
Seat 8: Larry-s1980 folded before Flop (didn't bet)
Seat 9: 1tillit1 folded before Flop (didn't bet)



PokerStars Hand #237985756617:  Hold'em No Limit ($0.02/$0.05 USD) - 2022/08/14 9:08:57 PT [2022/08/14 12:08:57 ET]
Table 'Brangane III' 9-max Seat #3 is the button
Seat 1: MAJ3ST!C89 ($5.01 in chips) 
Seat 2: Zzzanderman ($4.94 in chips) 
Seat 3: buburuza1417 ($4.60 in chips) 
Seat 4: 0RB BR0 ($5.99 in chips) 
Seat 5: Alex366296 ($5 in chips) 
Seat 6: Junior_GreyM ($5.59 in chips) 
Seat 7: Dorex2007 ($5.28 in chips) 
Seat 8: Larry-s1980 ($5.96 in chips) 
Seat 9: 1tillit1 ($5 in chips) 
0RB BR0: posts small blind $0.02
Alex366296: posts big blind $0.05
*** HOLE CARDS ***
Dealt to Dorex2007 [As Ts]
Junior_GreyM: raises $0.10 to $0.15
Dorex2007: folds 
Larry-s1980: folds 
1tillit1: folds 
MAJ3ST!C89: folds 
Zzzanderman: folds 
buburuza1417: folds 
0RB BR0: folds 
Alex366296: folds 
Uncalled bet ($0.10) returned to Junior_GreyM
Junior_GreyM collected $0.12 from pot
Junior_GreyM: doesn't show hand 
*** SUMMARY ***
Total pot $0.12 | Rake $0 
Seat 1: MAJ3ST!C89 folded before Flop (didn't bet)
Seat 2: Zzzanderman folded before Flop (didn't bet)
Seat 3: buburuza1417 (button) folded before Flop (didn't bet)
Seat 4: 0RB BR0 (small blind) folded before Flop
Seat 5: Alex366296 (big blind) folded before Flop
Seat 6: Junior_GreyM collected ($0.12)
Seat 7: Dorex2007 folded before Flop (didn't bet)
Seat 8: Larry-s1980 folded before Flop (didn't bet)
Seat 9: 1tillit1 folded before Flop (didn't bet)



PokerStars Hand #237985763069:  Hold'em No Limit ($0.02/$0.05 USD) - 2022/08/14 9:09:18 PT [2022/08/14 12:09:18 ET]
Table 'Brangane III' 9-max Seat #4 is the button
Seat 1: MAJ3ST!C89 ($5.01 in chips) 
Seat 2: Zzzanderman ($4.94 in chips) 
Seat 3: buburuza1417 ($4.60 in chips) 
Seat 4: 0RB BR0 ($5.97 in chips) 
Seat 5: Alex366296 ($5 in chips) 
Seat 6: Junior_GreyM ($5.66 in chips) 
Seat 7: Dorex2007 ($5.28 in chips) 
Seat 8: Larry-s1980 ($5.96 in chips) 
Seat 9: 1tillit1 ($5 in chips) 
Alex366296: posts small blind $0.02
Junior_GreyM: posts big blind $0.05
*** HOLE CARDS ***
Dealt to Dorex2007 [9s 9h]
Dorex2007: calls $0.05
Larry-s1980: folds 
1tillit1: folds 
MAJ3ST!C89: calls $0.05
Zzzanderman: folds 
buburuza1417: raises $0.05 to $0.10
0RB BR0: folds 
Alex366296: folds 
Junior_GreyM: calls $0.05
Dorex2007: calls $0.05
MAJ3ST!C89: calls $0.05
*** FLOP *** [Tc Qc Td]
Junior_GreyM: checks 
Dorex2007: bets $0.20
MAJ3ST!C89: calls $0.20
buburuza1417: calls $0.20
Junior_GreyM: calls $0.20
*** TURN *** [Tc Qc Td] [8h]
Junior_GreyM: checks 
Dorex2007: checks 
MAJ3ST!C89: bets $0.25
buburuza1417: raises $0.25 to $0.50
Junior_GreyM: folds 
Dorex2007: folds 
MAJ3ST!C89: folds 
Uncalled bet ($0.25) returned to buburuza1417
buburuza1417 collected $1.65 from pot
*** SUMMARY ***
Total pot $1.72 | Rake $0.07 
Board [Tc Qc Td 8h]
Seat 1: MAJ3ST!C89 folded on the Turn
Seat 2: Zzzanderman folded before Flop (didn't bet)
Seat 3: buburuza1417 collected ($1.65)
Seat 4: 0RB BR0 (button) folded before Flop (didn't bet)
Seat 5: Alex366296 (small blind) folded before Flop
Seat 6: Junior_GreyM (big blind) folded on the Turn
Seat 7: Dorex2007 folded on the Turn
Seat 8: Larry-s1980 folded before Flop (didn't bet)
Seat 9: 1tillit1 folded before Flop (didn't bet)



PokerStars Hand #237985785304:  Hold'em No Limit ($0.02/$0.05 USD) - 2022/08/14 9:10:16 PT [2022/08/14 12:10:16 ET]
Table 'Brangane III' 9-max Seat #5 is the button
Seat 1: MAJ3ST!C89 ($4.46 in chips) 
Seat 2: Zzzanderman ($4.94 in chips) 
Seat 3: buburuza1417 ($5.70 in chips) 
Seat 4: 0RB BR0 ($5.97 in chips) 
Seat 5: Alex366296 ($5 in chips) 
Seat 6: Junior_GreyM ($5.36 in chips) 
Seat 7: Dorex2007 ($5 in chips) 
Seat 8: Larry-s1980 ($5.96 in chips) 
Seat 9: 1tillit1 ($5 in chips) 
Junior_GreyM: posts small blind $0.02
Dorex2007: posts big blind $0.05
*** HOLE CARDS ***
Dealt to Dorex2007 [4s 5h]
Larry-s1980: folds 
1tillit1: folds 
MAJ3ST!C89: calls $0.05
Zzzanderman: folds 
buburuza1417: calls $0.05
0RB BR0: folds 
Alex366296: raises $0.13 to $0.18
Junior_GreyM: folds 
Dorex2007: folds 
MAJ3ST!C89: calls $0.13
buburuza1417: calls $0.13
*** FLOP *** [3h Jc 8s]
MAJ3ST!C89: checks 
buburuza1417: checks 
Alex366296: checks 
*** TURN *** [3h Jc 8s] [Kd]
MAJ3ST!C89: checks 
buburuza1417: bets $0.29
Alex366296: folds 
MAJ3ST!C89: folds 
Uncalled bet ($0.29) returned to buburuza1417
buburuza1417 collected $0.58 from pot
*** SUMMARY ***
Total pot $0.61 | Rake $0.03 
Board [3h Jc 8s Kd]
Seat 1: MAJ3ST!C89 folded on the Turn
Seat 2: Zzzanderman folded before Flop (didn't bet)
Seat 3: buburuza1417 collected ($0.58)
Seat 4: 0RB BR0 folded before Flop (didn't bet)
Seat 5: Alex366296 (button) folded on the Turn
Seat 6: Junior_GreyM (small blind) folded before Flop
Seat 7: Dorex2007 (big blind) folded before Flop
Seat 8: Larry-s1980 folded before Flop (didn't bet)
Seat 9: 1tillit1 folded before Flop (didn't bet)



PokerStars Hand #237985800142:  Hold'em No Limit ($0.02/$0.05 USD) - 2022/08/14 9:11:04 PT [2022/08/14 12:11:04 ET]
Table 'Brangane III' 9-max Seat #6 is the button
Seat 1: MAJ3ST!C89 ($4.28 in chips) 
Seat 2: Zzzanderman ($4.94 in chips) 
Seat 3: buburuza1417 ($6.10 in chips) 
Seat 4: 0RB BR0 ($5.97 in chips) 
Seat 5: Alex366296 ($5 in chips) 
Seat 6: Junior_GreyM ($5.34 in chips) 
Seat 7: Dorex2007 ($5 in chips) 
Seat 8: Larry-s1980 ($5.96 in chips) 
Seat 9: 1tillit1 ($5 in chips) 
Dorex2007: posts small blind $0.02
Larry-s1980: posts big blind $0.05
*** HOLE CARDS ***
Dealt to Dorex2007 [5h 9s]
1tillit1: folds 
MAJ3ST!C89: calls $0.05
Zzzanderman: folds 
buburuza1417: calls $0.05
0RB BR0: folds 
Alex366296: folds 
Junior_GreyM: calls $0.05
Dorex2007: folds 
Larry-s1980: checks 
*** FLOP *** [Td Ts 6h]
Larry-s1980: checks 
MAJ3ST!C89: checks 
buburuza1417: checks 
Junior_GreyM: checks 
*** TURN *** [Td Ts 6h] [3h]
Larry-s1980: checks 
MAJ3ST!C89: checks 
buburuza1417: checks 
Junior_GreyM: checks 
*** RIVER *** [Td Ts 6h 3h] [Ah]
Larry-s1980: checks 
MAJ3ST!C89: bets $0.10
buburuza1417: calls $0.10
Junior_GreyM: folds 
Larry-s1980: folds 
*** SHOW DOWN ***
MAJ3ST!C89: shows [8c 5d] (a pair of Tens)
buburuza1417: shows [2d 2c] (two pair, Tens and Deuces)
buburuza1417 collected $0.40 from pot
*** SUMMARY ***
Total pot $0.42 | Rake $0.02 
Board [Td Ts 6h 3h Ah]
Seat 1: MAJ3ST!C89 showed [8c 5d] and lost with a pair of Tens
Seat 2: Zzzanderman folded before Flop (didn't bet)
Seat 3: buburuza1417 showed [2d 2c] and won ($0.40) with two pair, Tens and Deuces
Seat 4: 0RB BR0 folded before Flop (didn't bet)
Seat 5: Alex366296 folded before Flop (didn't bet)
Seat 6: Junior_GreyM (button) folded on the River
Seat 7: Dorex2007 (small blind) folded before Flop
Seat 8: Larry-s1980 (big blind) folded on the River
Seat 9: 1tillit1 folded before Flop (didn't bet)



PokerStars Hand #237985814958:  Hold'em No Limit ($0.02/$0.05 USD) - 2022/08/14 9:11:51 PT [2022/08/14 12:11:51 ET]
Table 'Brangane III' 9-max Seat #7 is the button
Seat 1: MAJ3ST!C89 ($4.13 in chips) 
Seat 2: Zzzanderman ($4.94 in chips) 
Seat 3: buburuza1417 ($6.35 in chips) 
Seat 4: 0RB BR0 ($5.97 in chips) 
Seat 5: Alex366296 ($5 in chips) 
Seat 6: Junior_GreyM ($5.29 in chips) 
Seat 7: Dorex2007 ($5 in chips) 
Seat 8: Larry-s1980 ($5.91 in chips) 
Seat 9: 1tillit1 ($5 in chips) 
Larry-s1980: posts small blind $0.02
1tillit1: posts big blind $0.05
*** HOLE CARDS ***
Dealt to Dorex2007 [4c 8c]
MAJ3ST!C89: calls $0.05
Zzzanderman: folds 
buburuza1417: calls $0.05
0RB BR0: folds 
Alex366296: folds 
Junior_GreyM: folds 
Dorex2007: folds 
Larry-s1980: folds 
1tillit1: checks 
*** FLOP *** [6s 5d 7s]
1tillit1: checks 
MAJ3ST!C89: checks 
buburuza1417: checks 
*** TURN *** [6s 5d 7s] [7h]
1tillit1: checks 
MAJ3ST!C89: checks 
buburuza1417: bets $0.05
1tillit1: folds 
MAJ3ST!C89: calls $0.05
*** RIVER *** [6s 5d 7s 7h] [4s]
MAJ3ST!C89: bets $0.05
buburuza1417: calls $0.05
*** SHOW DOWN ***
MAJ3ST!C89: shows [9c Jc] (a pair of Sevens)
buburuza1417: shows [Jd 4d] (two pair, Sevens and Fours)
buburuza1417 collected $0.35 from pot
*** SUMMARY ***
Total pot $0.37 | Rake $0.02 
Board [6s 5d 7s 7h 4s]
Seat 1: MAJ3ST!C89 showed [9c Jc] and lost with a pair of Sevens
Seat 2: Zzzanderman folded before Flop (didn't bet)
Seat 3: buburuza1417 showed [Jd 4d] and won ($0.35) with two pair, Sevens and Fours
Seat 4: 0RB BR0 folded before Flop (didn't bet)
Seat 5: Alex366296 folded before Flop (didn't bet)
Seat 6: Junior_GreyM folded before Flop (didn't bet)
Seat 7: Dorex2007 (button) folded before Flop (didn't bet)
Seat 8: Larry-s1980 (small blind) folded before Flop
Seat 9: 1tillit1 (big blind) folded on the Turn



PokerStars Hand #237985829981:  Hold'em No Limit ($0.02/$0.05 USD) - 2022/08/14 9:12:40 PT [2022/08/14 12:12:40 ET]
Table 'Brangane III' 9-max Seat #8 is the button
Seat 1: MAJ3ST!C89 ($3.98 in chips) 
Seat 2: Zzzanderman ($4.94 in chips) 
Seat 3: buburuza1417 ($6.55 in chips) 
Seat 4: 0RB BR0 ($5.97 in chips) 
Seat 5: Alex366296 ($5 in chips) 
Seat 6: Junior_GreyM ($5.29 in chips) 
Seat 7: Dorex2007 ($5 in chips) 
Seat 8: Larry-s1980 ($5.89 in chips) 
Seat 9: 1tillit1 ($5 in chips) 
1tillit1: posts small blind $0.02
MAJ3ST!C89: posts big blind $0.05
*** HOLE CARDS ***
Dealt to Dorex2007 [4d 5c]
Zzzanderman: folds 
buburuza1417: raises $0.05 to $0.10
0RB BR0: folds 
Alex366296: folds 
Junior_GreyM: calls $0.10
Dorex2007: folds 
Larry-s1980: folds 
1tillit1: folds 
MAJ3ST!C89: calls $0.05
*** FLOP *** [8d Qs 6h]
MAJ3ST!C89: checks 
buburuza1417: checks 
Junior_GreyM: checks 
*** TURN *** [8d Qs 6h] [9s]
MAJ3ST!C89: checks 
buburuza1417: checks 
Junior_GreyM: bets $0.10
MAJ3ST!C89: calls $0.10
buburuza1417: calls $0.10
*** RIVER *** [8d Qs 6h 9s] [7h]
MAJ3ST!C89: bets $0.29
buburuza1417: raises $0.29 to $0.58
Junior_GreyM: folds 
MAJ3ST!C89: folds 
Uncalled bet ($0.29) returned to buburuza1417
buburuza1417 collected $1.15 from pot
*** SUMMARY ***
Total pot $1.20 | Rake $0.05 
Board [8d Qs 6h 9s 7h]
Seat 1: MAJ3ST!C89 (big blind) folded on the River
Seat 2: Zzzanderman folded before Flop (didn't bet)
Seat 3: buburuza1417 collected ($1.15)
Seat 4: 0RB BR0 folded before Flop (didn't bet)
Seat 5: Alex366296 folded before Flop (didn't bet)
Seat 6: Junior_GreyM folded on the River
Seat 7: Dorex2007 folded before Flop (didn't bet)
Seat 8: Larry-s1980 (button) folded before Flop (didn't bet)
Seat 9: 1tillit1 (small blind) folded before Flop



PokerStars Hand #237985843597:  Hold'em No Limit ($0.02/$0.05 USD) - 2022/08/14 9:13:23 PT [2022/08/14 12:13:23 ET]
Table 'Brangane III' 9-max Seat #9 is the button
Seat 1: MAJ3ST!C89 ($3.49 in chips) 
Seat 2: Zzzanderman ($4.94 in chips) 
Seat 3: buburuza1417 ($7.21 in chips) 
Seat 4: 0RB BR0 ($5.97 in chips) 
Seat 5: Alex366296 ($5 in chips) 
Seat 6: Junior_GreyM ($5.09 in chips) 
Seat 7: Dorex2007 ($5 in chips) 
Seat 8: Larry-s1980 ($5.89 in chips) 
Seat 9: 1tillit1 ($5 in chips) 
MAJ3ST!C89: posts small blind $0.02
Zzzanderman: posts big blind $0.05
*** HOLE CARDS ***
Dealt to Dorex2007 [5s Kc]
buburuza1417: raises $0.10 to $0.15
0RB BR0: folds 
Alex366296: folds 
Junior_GreyM: folds 
Dorex2007: folds 
Larry-s1980: folds 
1tillit1: folds 
MAJ3ST!C89: folds 
Zzzanderman: folds 
Uncalled bet ($0.10) returned to buburuza1417
buburuza1417 collected $0.12 from pot
*** SUMMARY ***
Total pot $0.12 | Rake $0 
Seat 1: MAJ3ST!C89 (small blind) folded before Flop
Seat 2: Zzzanderman (big blind) folded before Flop
Seat 3: buburuza1417 collected ($0.12)
Seat 4: 0RB BR0 folded before Flop (didn't bet)
Seat 5: Alex366296 folded before Flop (didn't bet)
Seat 6: Junior_GreyM folded before Flop (didn't bet)
Seat 7: Dorex2007 folded before Flop (didn't bet)
Seat 8: Larry-s1980 folded before Flop (didn't bet)
Seat 9: 1tillit1 (button) folded before Flop (didn't bet)



PokerStars Hand #237985849006:  Hold'em No Limit ($0.02/$0.05 USD) - 2022/08/14 9:13:41 PT [2022/08/14 12:13:41 ET]
Table 'Brangane III' 9-max Seat #1 is the button
Seat 1: MAJ3ST!C89 ($3.47 in chips) 
Seat 2: Zzzanderman ($4.89 in chips) 
Seat 3: buburuza1417 ($7.28 in chips) 
Seat 4: 0RB BR0 ($5.97 in chips) 
Seat 5: Alex366296 ($5 in chips) 
Seat 6: Junior_GreyM ($5.09 in chips) 
Seat 7: Dorex2007 ($5 in chips) 
Seat 8: Larry-s1980 ($5.89 in chips) 
Seat 9: 1tillit1 ($5 in chips) 
Zzzanderman: posts small blind $0.02
buburuza1417: posts big blind $0.05
*** HOLE CARDS ***
Dealt to Dorex2007 [Ah 7c]
0RB BR0: folds 
Alex366296: folds 
Junior_GreyM: raises $0.10 to $0.15
Dorex2007: folds 
Larry-s1980: folds 
1tillit1: folds 
MAJ3ST!C89: calls $0.15
Zzzanderman: folds 
buburuza1417: calls $0.10
*** FLOP *** [7s 2d Ac]
buburuza1417: bets $0.22
Junior_GreyM: folds 
MAJ3ST!C89: calls $0.22
*** TURN *** [7s 2d Ac] [2h]
buburuza1417: bets $0.43
MAJ3ST!C89: folds 
Uncalled bet ($0.43) returned to buburuza1417
buburuza1417 collected $0.87 from pot
*** SUMMARY ***
Total pot $0.91 | Rake $0.04 
Board [7s 2d Ac 2h]
Seat 1: MAJ3ST!C89 (button) folded on the Turn
Seat 2: Zzzanderman (small blind) folded before Flop
Seat 3: buburuza1417 (big blind) collected ($0.87)
Seat 4: 0RB BR0 folded before Flop (didn't bet)
Seat 5: Alex366296 folded before Flop (didn't bet)
Seat 6: Junior_GreyM folded on the Flop
Seat 7: Dorex2007 folded before Flop (didn't bet)
Seat 8: Larry-s1980 folded before Flop (didn't bet)
Seat 9: 1tillit1 folded before Flop (didn't bet)



PokerStars Hand #237985863432:  Hold'em No Limit ($0.02/$0.05 USD) - 2022/08/14 9:14:27 PT [2022/08/14 12:14:27 ET]
Table 'Brangane III' 9-max Seat #2 is the button
Seat 1: MAJ3ST!C89 ($3.10 in chips) 
Seat 2: Zzzanderman ($4.87 in chips) 
Seat 3: buburuza1417 ($7.78 in chips) 
Seat 4: 0RB BR0 ($5.97 in chips) 
Seat 5: Alex366296 ($5 in chips) 
Seat 6: Junior_GreyM ($4.94 in chips) 
Seat 7: Dorex2007 ($5 in chips) 
Seat 8: Larry-s1980 ($5.89 in chips) 
Seat 9: 1tillit1 ($5 in chips) 
buburuza1417: posts small blind $0.02
0RB BR0: posts big blind $0.05
*** HOLE CARDS ***
Dealt to Dorex2007 [8d 3d]
Alex366296: folds 
Junior_GreyM: calls $0.05
Dorex2007: folds 
Larry-s1980: folds 
1tillit1: folds 
MAJ3ST!C89: calls $0.05
Zzzanderman: folds 
buburuza1417: calls $0.03
0RB BR0: checks 
*** FLOP *** [Ah Kh 3s]
buburuza1417: checks 
0RB BR0: checks 
Junior_GreyM: bets $0.05
MAJ3ST!C89: calls $0.05
buburuza1417: folds 
0RB BR0: folds 
*** TURN *** [Ah Kh 3s] [2h]
Junior_GreyM: checks 
MAJ3ST!C89: bets $0.05
Junior_GreyM: calls $0.05
*** RIVER *** [Ah Kh 3s 2h] [Kd]
Junior_GreyM: checks 
MAJ3ST!C89: bets $0.19
Junior_GreyM: folds 
Uncalled bet ($0.19) returned to MAJ3ST!C89
MAJ3ST!C89 collected $0.38 from pot
*** SUMMARY ***
Total pot $0.40 | Rake $0.02 
Board [Ah Kh 3s 2h Kd]
Seat 1: MAJ3ST!C89 collected ($0.38)
Seat 2: Zzzanderman (button) folded before Flop (didn't bet)
Seat 3: buburuza1417 (small blind) folded on the Flop
Seat 4: 0RB BR0 (big blind) folded on the Flop
Seat 5: Alex366296 folded before Flop (didn't bet)
Seat 6: Junior_GreyM folded on the River
Seat 7: Dorex2007 folded before Flop (didn't bet)
Seat 8: Larry-s1980 folded before Flop (didn't bet)
Seat 9: 1tillit1 folded before Flop (didn't bet)



PokerStars Hand #237985883388:  Hold'em No Limit ($0.02/$0.05 USD) - 2022/08/14 9:15:32 PT [2022/08/14 12:15:32 ET]
Table 'Brangane III' 9-max Seat #3 is the button
Seat 1: MAJ3ST!C89 ($3.33 in chips) 
Seat 2: Zzzanderman ($4.87 in chips) 
Seat 3: buburuza1417 ($7.73 in chips) 
Seat 4: 0RB BR0 ($5.92 in chips) 
Seat 5: Alex366296 ($5 in chips) 
Seat 6: Junior_GreyM ($4.79 in chips) 
Seat 7: Dorex2007 ($5 in chips) 
Seat 8: Larry-s1980 ($5.89 in chips) 
Seat 9: 1tillit1 ($5 in chips) 
0RB BR0: posts small blind $0.02
Alex366296: posts big blind $0.05
*** HOLE CARDS ***
Dealt to Dorex2007 [4h As]
Junior_GreyM: folds 
Dorex2007: folds 
Larry-s1980: folds 
1tillit1: folds 
MAJ3ST!C89: calls $0.05
Zzzanderman: folds 
buburuza1417: calls $0.05
0RB BR0: calls $0.03
Alex366296: checks 
*** FLOP *** [Qc 4s Ac]
0RB BR0: checks 
Alex366296: checks 
MAJ3ST!C89: checks 
buburuza1417: checks 
*** TURN *** [Qc 4s Ac] [Td]
0RB BR0: checks 
Alex366296: checks 
MAJ3ST!C89: checks 
buburuza1417: checks 
*** RIVER *** [Qc 4s Ac Td] [Jh]
0RB BR0: checks 
Alex366296: checks 
MAJ3ST!C89: bets $0.09
buburuza1417: folds 
0RB BR0: folds 
Alex366296: folds 
Uncalled bet ($0.09) returned to MAJ3ST!C89
MAJ3ST!C89 collected $0.19 from pot
*** SUMMARY ***
Total pot $0.20 | Rake $0.01 
Board [Qc 4s Ac Td Jh]
Seat 1: MAJ3ST!C89 collected ($0.19)
Seat 2: Zzzanderman folded before Flop (didn't bet)
Seat 3: buburuza1417 (button) folded on the River
Seat 4: 0RB BR0 (small blind) folded on the River
Seat 5: Alex366296 (big blind) folded on the River
Seat 6: Junior_GreyM folded before Flop (didn't bet)
Seat 7: Dorex2007 folded before Flop (didn't bet)
Seat 8: Larry-s1980 folded before Flop (didn't bet)
Seat 9: 1tillit1 folded before Flop (didn't bet)



PokerStars Hand #237985905500:  Hold'em No Limit ($0.02/$0.05 USD) - 2022/08/14 9:16:44 PT [2022/08/14 12:16:44 ET]
Table 'Brangane III' 9-max Seat #4 is the button
Seat 1: MAJ3ST!C89 ($3.47 in chips) 
Seat 2: Zzzanderman ($4.87 in chips) 
Seat 3: buburuza1417 ($7.68 in chips) 
Seat 4: 0RB BR0 ($5.87 in chips) 
Seat 5: Alex366296 ($5 in chips) 
Seat 6: Junior_GreyM ($4.79 in chips) 
Seat 7: Dorex2007 ($5 in chips) 
Seat 8: Larry-s1980 ($5.89 in chips) 
Seat 9: 1tillit1 ($5 in chips) 
Alex366296: posts small blind $0.02
Junior_GreyM: posts big blind $0.05
*** HOLE CARDS ***
Dealt to Dorex2007 [4d 9c]
Dorex2007: folds 
Larry-s1980: folds 
1tillit1: folds 
MAJ3ST!C89: calls $0.05
Zzzanderman: folds 
buburuza1417: calls $0.05
0RB BR0: calls $0.05
Alex366296: raises $0.30 to $0.35
Junior_GreyM: folds 
MAJ3ST!C89: calls $0.30
buburuza1417: folds 
0RB BR0: folds 
*** FLOP *** [9s 3h Js]
Alex366296: bets $0.75
MAJ3ST!C89: folds 
Uncalled bet ($0.75) returned to Alex366296
Alex366296 collected $0.81 from pot
Alex366296: doesn't show hand 
*** SUMMARY ***
Total pot $0.85 | Rake $0.04 
Board [9s 3h Js]
Seat 1: MAJ3ST!C89 folded on the Flop
Seat 2: Zzzanderman folded before Flop (didn't bet)
Seat 3: buburuza1417 folded before Flop
Seat 4: 0RB BR0 (button) folded before Flop
Seat 5: Alex366296 (small blind) collected ($0.81)
Seat 6: Junior_GreyM (big blind) folded before Flop
Seat 7: Dorex2007 folded before Flop (didn't bet)
Seat 8: Larry-s1980 folded before Flop (didn't bet)
Seat 9: 1tillit1 folded before Flop (didn't bet)



PokerStars Hand #237985921083:  Hold'em No Limit ($0.02/$0.05 USD) - 2022/08/14 9:17:35 PT [2022/08/14 12:17:35 ET]
Table 'Brangane III' 9-max Seat #5 is the button
Seat 1: MAJ3ST!C89 ($3.12 in chips) 
Seat 2: Zzzanderman ($4.87 in chips) 
Seat 3: buburuza1417 ($7.63 in chips) 
Seat 4: 0RB BR0 ($5.82 in chips) 
Seat 5: Alex366296 ($5.46 in chips) 
Seat 6: Junior_GreyM ($4.74 in chips) 
Seat 7: Dorex2007 ($5 in chips) 
Seat 8: Larry-s1980 ($5.89 in chips) 
Seat 9: 1tillit1 ($5 in chips) 
Junior_GreyM: posts small blind $0.02
Dorex2007: posts big blind $0.05
*** HOLE CARDS ***
Dealt to Dorex2007 [6d 9s]
Larry-s1980: folds 
1tillit1: raises $0.15 to $0.20
MAJ3ST!C89: folds 
Zzzanderman: folds 
buburuza1417: calls $0.20
0RB BR0: folds 
Alex366296: folds 
Junior_GreyM: folds 
Dorex2007: folds 
*** FLOP *** [Kh 2d 3c]
1tillit1: checks 
buburuza1417: checks 
*** TURN *** [Kh 2d 3c] [Qh]
1tillit1: checks 
buburuza1417: bets $0.05
1tillit1: calls $0.05
*** RIVER *** [Kh 2d 3c Qh] [As]
1tillit1: checks 
buburuza1417: bets $0.05
1tillit1: folds 
Uncalled bet ($0.05) returned to buburuza1417
buburuza1417 collected $0.55 from pot
*** SUMMARY ***
Total pot $0.57 | Rake $0.02 
Board [Kh 2d 3c Qh As]
Seat 1: MAJ3ST!C89 folded before Flop (didn't bet)
Seat 2: Zzzanderman folded before Flop (didn't bet)
Seat 3: buburuza1417 collected ($0.55)
Seat 4: 0RB BR0 folded before Flop (didn't bet)
Seat 5: Alex366296 (button) folded before Flop (didn't bet)
Seat 6: Junior_GreyM (small blind) folded before Flop
Seat 7: Dorex2007 (big blind) folded before Flop
Seat 8: Larry-s1980 folded before Flop (didn't bet)
Seat 9: 1tillit1 folded on the River



PokerStars Hand #237985935218:  Hold'em No Limit ($0.02/$0.05 USD) - 2022/08/14 9:18:21 PT [2022/08/14 12:18:21 ET]
Table 'Brangane III' 9-max Seat #6 is the button
Seat 1: MAJ3ST!C89 ($3.12 in chips) 
Seat 2: Zzzanderman ($4.87 in chips) 
Seat 3: buburuza1417 ($7.93 in chips) 
Seat 4: 0RB BR0 ($5.82 in chips) 
Seat 5: Alex366296 ($5.46 in chips) 
Seat 6: Junior_GreyM ($4.72 in chips) 
Seat 7: Dorex2007 ($5 in chips) 
Seat 8: Larry-s1980 ($5.89 in chips) 
Seat 9: 1tillit1 ($5 in chips) 
Dorex2007: posts small blind $0.02
Larry-s1980: posts big blind $0.05
*** HOLE CARDS ***
Dealt to Dorex2007 [Ts 9c]
1tillit1: folds 
MAJ3ST!C89: calls $0.05
Zzzanderman: folds 
buburuza1417: calls $0.05
0RB BR0: folds 
Alex366296: folds 
Junior_GreyM: raises $0.10 to $0.15
Dorex2007: folds 
Larry-s1980: folds 
MAJ3ST!C89: calls $0.10
buburuza1417: folds 
*** FLOP *** [Ad 5d Kc]
MAJ3ST!C89: checks 
Junior_GreyM: bets $0.20
MAJ3ST!C89: calls $0.20
*** TURN *** [Ad 5d Kc] [5s]
MAJ3ST!C89: checks 
Junior_GreyM: checks 
*** RIVER *** [Ad 5d Kc 5s] [Qd]
MAJ3ST!C89: bets $0.79
Junior_GreyM: folds 
Uncalled bet ($0.79) returned to MAJ3ST!C89
MAJ3ST!C89 collected $0.79 from pot
*** SUMMARY ***
Total pot $0.82 | Rake $0.03 
Board [Ad 5d Kc 5s Qd]
Seat 1: MAJ3ST!C89 collected ($0.79)
Seat 2: Zzzanderman folded before Flop (didn't bet)
Seat 3: buburuza1417 folded before Flop
Seat 4: 0RB BR0 folded before Flop (didn't bet)
Seat 5: Alex366296 folded before Flop (didn't bet)
Seat 6: Junior_GreyM (button) folded on the River
Seat 7: Dorex2007 (small blind) folded before Flop
Seat 8: Larry-s1980 (big blind) folded before Flop
Seat 9: 1tillit1 folded before Flop (didn't bet)



PokerStars Hand #237985946040:  Hold'em No Limit ($0.02/$0.05 USD) - 2022/08/14 9:18:56 PT [2022/08/14 12:18:56 ET]
Table 'Brangane III' 9-max Seat #7 is the button
Seat 1: MAJ3ST!C89 ($3.56 in chips) 
Seat 2: Zzzanderman ($4.87 in chips) 
Seat 3: buburuza1417 ($7.88 in chips) 
Seat 4: 0RB BR0 ($5.82 in chips) 
Seat 5: Alex366296 ($5.46 in chips) 
Seat 6: Junior_GreyM ($4.37 in chips) 
Seat 7: Dorex2007 ($5 in chips) 
Seat 8: Larry-s1980 ($5.84 in chips) 
Seat 9: 1tillit1 ($5 in chips) 
Larry-s1980: posts small blind $0.02
1tillit1: posts big blind $0.05
*** HOLE CARDS ***
Dealt to Dorex2007 [5c Td]
MAJ3ST!C89: calls $0.05
Zzzanderman: folds 
buburuza1417: calls $0.05
0RB BR0: calls $0.05
Alex366296: folds 
Junior_GreyM: folds 
Dorex2007: folds 
Larry-s1980: calls $0.03
1tillit1: checks 
*** FLOP *** [9c 5h 3d]
Larry-s1980: checks 
1tillit1: checks 
MAJ3ST!C89: checks 
buburuza1417: bets $0.10
0RB BR0: folds 
Larry-s1980: folds 
1tillit1: calls $0.10
MAJ3ST!C89: calls $0.10
*** TURN *** [9c 5h 3d] [Jc]
1tillit1: checks 
MAJ3ST!C89: checks 
buburuza1417: bets $0.10
1tillit1: calls $0.10
MAJ3ST!C89: calls $0.10
*** RIVER *** [9c 5h 3d Jc] [Qs]
1tillit1: checks 
MAJ3ST!C89: bets $0.40
buburuza1417: folds 
1tillit1: folds 
Uncalled bet ($0.40) returned to MAJ3ST!C89
MAJ3ST!C89 collected $0.81 from pot
*** SUMMARY ***
Total pot $0.85 | Rake $0.04 
Board [9c 5h 3d Jc Qs]
Seat 1: MAJ3ST!C89 collected ($0.81)
Seat 2: Zzzanderman folded before Flop (didn't bet)
Seat 3: buburuza1417 folded on the River
Seat 4: 0RB BR0 folded on the Flop
Seat 5: Alex366296 folded before Flop (didn't bet)
Seat 6: Junior_GreyM folded before Flop (didn't bet)
Seat 7: Dorex2007 (button) folded before Flop (didn't bet)
Seat 8: Larry-s1980 (small blind) folded on the Flop
Seat 9: 1tillit1 (big blind) folded on the River



PokerStars Hand #237985972235:  Hold'em No Limit ($0.02/$0.05 USD) - 2022/08/14 9:20:22 PT [2022/08/14 12:20:22 ET]
Table 'Brangane III' 9-max Seat #8 is the button
Seat 1: MAJ3ST!C89 ($4.12 in chips) 
Seat 2: Zzzanderman ($4.87 in chips) 
Seat 3: buburuza1417 ($7.63 in chips) 
Seat 4: 0RB BR0 ($5.77 in chips) 
Seat 5: Alex366296 ($5.46 in chips) 
Seat 7: Dorex2007 ($5 in chips) 
Seat 8: Larry-s1980 ($5.79 in chips) 
Seat 9: 1tillit1 ($5 in chips) 
1tillit1: posts small blind $0.02
MAJ3ST!C89: posts big blind $0.05
*** HOLE CARDS ***
Dealt to Dorex2007 [Qs Kh]
Zzzanderman: folds 
buburuza1417: raises $0.05 to $0.10
0RB BR0: folds 
Alex366296: folds 
Dorex2007: calls $0.10
Larry-s1980: folds 
1tillit1: folds 
MAJ3ST!C89: calls $0.05
*** FLOP *** [4d 2c 7s]
MAJ3ST!C89: bets $0.05
buburuza1417: calls $0.05
Dorex2007: calls $0.05
*** TURN *** [4d 2c 7s] [2h]
MAJ3ST!C89: bets $0.05
buburuza1417: calls $0.05
Dorex2007: folds 
*** RIVER *** [4d 2c 7s 2h] [Jd]
MAJ3ST!C89: bets $0.27
buburuza1417: folds 
Uncalled bet ($0.27) returned to MAJ3ST!C89
MAJ3ST!C89 collected $0.55 from pot
*** SUMMARY ***
Total pot $0.57 | Rake $0.02 
Board [4d 2c 7s 2h Jd]
Seat 1: MAJ3ST!C89 (big blind) collected ($0.55)
Seat 2: Zzzanderman folded before Flop (didn't bet)
Seat 3: buburuza1417 folded on the River
Seat 4: 0RB BR0 folded before Flop (didn't bet)
Seat 5: Alex366296 folded before Flop (didn't bet)
Seat 7: Dorex2007 folded on the Turn
Seat 8: Larry-s1980 (button) folded before Flop (didn't bet)
Seat 9: 1tillit1 (small blind) folded before Flop



PokerStars Hand #237985987917:  Hold'em No Limit ($0.02/$0.05 USD) - 2022/08/14 9:21:13 PT [2022/08/14 12:21:13 ET]
Table 'Brangane III' 9-max Seat #9 is the button
Seat 1: MAJ3ST!C89 ($4.47 in chips) 
Seat 2: Zzzanderman ($4.87 in chips) 
Seat 3: buburuza1417 ($7.43 in chips) 
Seat 4: 0RB BR0 ($5.77 in chips) 
Seat 5: Alex366296 ($5.46 in chips) 
Seat 7: Dorex2007 ($5 in chips) 
Seat 8: Larry-s1980 ($5.79 in chips) 
Seat 9: 1tillit1 ($5 in chips) 
MAJ3ST!C89: posts small blind $0.02
Zzzanderman: posts big blind $0.05
*** HOLE CARDS ***
Dealt to Dorex2007 [Ts Tc]
buburuza1417: calls $0.05
0RB BR0: folds 
Alex366296: folds 
Dorex2007: raises $0.10 to $0.15
Larry-s1980: folds 
1tillit1: folds 
MAJ3ST!C89: calls $0.13
Zzzanderman: folds 
buburuza1417: calls $0.10
*** FLOP *** [Kd 6d 3h]
MAJ3ST!C89: checks 
buburuza1417: checks 
Dorex2007: bets $0.24
MAJ3ST!C89: folds 
buburuza1417: folds 
Uncalled bet ($0.24) returned to Dorex2007
Dorex2007 collected $0.48 from pot
Dorex2007: doesn't show hand 
*** SUMMARY ***
Total pot $0.50 | Rake $0.02 
Board [Kd 6d 3h]
Seat 1: MAJ3ST!C89 (small blind) folded on the Flop
Seat 2: Zzzanderman (big blind) folded before Flop
Seat 3: buburuza1417 folded on the Flop
Seat 4: 0RB BR0 folded before Flop (didn't bet)
Seat 5: Alex366296 folded before Flop (didn't bet)
Seat 7: Dorex2007 collected ($0.48)
Seat 8: Larry-s1980 folded before Flop (didn't bet)
Seat 9: 1tillit1 (button) folded before Flop (didn't bet)



PokerStars Hand #237985997565:  Hold'em No Limit ($0.02/$0.05 USD) - 2022/08/14 9:21:44 PT [2022/08/14 12:21:44 ET]
Table 'Brangane III' 9-max Seat #1 is the button
Seat 1: MAJ3ST!C89 ($4.32 in chips) 
Seat 2: Zzzanderman ($4.82 in chips) 
Seat 3: buburuza1417 ($7.28 in chips) 
Seat 4: 0RB BR0 ($5.77 in chips) 
Seat 5: Alex366296 ($5.46 in chips) 
Seat 7: Dorex2007 ($5.33 in chips) 
Seat 8: Larry-s1980 ($5.79 in chips) 
Seat 9: 1tillit1 ($5 in chips) 
Zzzanderman: posts small blind $0.02
buburuza1417: posts big blind $0.05
*** HOLE CARDS ***
Dealt to Dorex2007 [4h 8s]
0RB BR0: folds 
Alex366296: folds 
Dorex2007: folds 
Larry-s1980: raises $0.07 to $0.12
1tillit1: folds 
MAJ3ST!C89: calls $0.12
Zzzanderman: calls $0.10
buburuza1417: calls $0.07
*** FLOP *** [Ks 5c 6d]
Zzzanderman: checks 
buburuza1417: checks 
Larry-s1980: bets $0.15
MAJ3ST!C89: calls $0.15
Zzzanderman: folds 
buburuza1417: folds 
*** TURN *** [Ks 5c 6d] [Jh]
Larry-s1980: bets $0.56
MAJ3ST!C89: folds 
Uncalled bet ($0.56) returned to Larry-s1980
Larry-s1980 collected $0.75 from pot
Larry-s1980: doesn't show hand 
*** SUMMARY ***
Total pot $0.78 | Rake $0.03 
Board [Ks 5c 6d Jh]
Seat 1: MAJ3ST!C89 (button) folded on the Turn
Seat 2: Zzzanderman (small blind) folded on the Flop
Seat 3: buburuza1417 (big blind) folded on the Flop
Seat 4: 0RB BR0 folded before Flop (didn't bet)
Seat 5: Alex366296 folded before Flop (didn't bet)
Seat 7: Dorex2007 folded before Flop (didn't bet)
Seat 8: Larry-s1980 collected ($0.75)
Seat 9: 1tillit1 folded before Flop (didn't bet)



PokerStars Hand #237986018703:  Hold'em No Limit ($0.02/$0.05 USD) - 2022/08/14 9:22:52 PT [2022/08/14 12:22:52 ET]
Table 'Brangane III' 9-max Seat #2 is the button
Seat 1: MAJ3ST!C89 ($4.05 in chips) 
Seat 2: Zzzanderman ($4.70 in chips) 
Seat 3: buburuza1417 ($7.16 in chips) 
Seat 4: 0RB BR0 ($5.77 in chips) 
Seat 5: Alex366296 ($5.46 in chips) 
Seat 7: Dorex2007 ($5.33 in chips) 
Seat 8: Larry-s1980 ($6.27 in chips) 
Seat 9: 1tillit1 ($5 in chips) 
buburuza1417: posts small blind $0.02
0RB BR0: posts big blind $0.05
*** HOLE CARDS ***
Dealt to Dorex2007 [Jh As]
Alex366296: folds 
Dorex2007: calls $0.05
Larry-s1980: folds 
1tillit1: folds 
MAJ3ST!C89: calls $0.05
Zzzanderman: folds 
buburuza1417: calls $0.03
0RB BR0: checks 
*** FLOP *** [9h 7d 4d]
Zzzanderman leaves the table
buburuza1417: checks 
0RB BR0: checks 
Dorex2007: checks 
MAJ3ST!C89: checks 
*** TURN *** [9h 7d 4d] [7h]
buburuza1417: checks 
0RB BR0: checks 
Dorex2007: checks 
MAJ3ST!C89: checks 
*** RIVER *** [9h 7d 4d 7h] [5d]
Deloys joins the table at seat #2 
buburuza1417: checks 
0RB BR0: checks 
Dorex2007: checks 
MAJ3ST!C89: bets $0.19
buburuza1417: folds 
0RB BR0: folds 
Dorex2007: folds 
Uncalled bet ($0.19) returned to MAJ3ST!C89
MAJ3ST!C89 collected $0.19 from pot
*** SUMMARY ***
Total pot $0.20 | Rake $0.01 
Board [9h 7d 4d 7h 5d]
Seat 1: MAJ3ST!C89 collected ($0.19)
Seat 2: Zzzanderman (button) folded before Flop (didn't bet)
Seat 3: buburuza1417 (small blind) folded on the River
Seat 4: 0RB BR0 (big blind) folded on the River
Seat 5: Alex366296 folded before Flop (didn't bet)
Seat 7: Dorex2007 folded on the River
Seat 8: Larry-s1980 folded before Flop (didn't bet)
Seat 9: 1tillit1 folded before Flop (didn't bet)



PokerStars Hand #237986031959:  Hold'em No Limit ($0.02/$0.05 USD) - 2022/08/14 9:23:36 PT [2022/08/14 12:23:36 ET]
Table 'Brangane III' 9-max Seat #3 is the button
Seat 1: MAJ3ST!C89 ($4.19 in chips) 
Seat 3: buburuza1417 ($7.11 in chips) 
Seat 4: 0RB BR0 ($5.72 in chips) 
Seat 5: Alex366296 ($5.46 in chips) 
Seat 7: Dorex2007 ($5.28 in chips) 
Seat 8: Larry-s1980 ($6.27 in chips) 
Seat 9: 1tillit1 ($5 in chips) 
0RB BR0: posts small blind $0.02
Alex366296: posts big blind $0.05
Deloys: sits out 
*** HOLE CARDS ***
Dealt to Dorex2007 [Ks 7d]
Dorex2007: folds 
Larry-s1980: raises $0.10 to $0.15
1tillit1: folds 
MAJ3ST!C89: calls $0.15
buburuza1417: calls $0.15
0RB BR0: folds 
Alex366296: folds 
*** FLOP *** [5h 4c Kc]
Larry-s1980: checks 
MAJ3ST!C89: checks 
buburuza1417: checks 
*** TURN *** [5h 4c Kc] [Qc]
Larry-s1980: checks 
MAJ3ST!C89: checks 
buburuza1417: bets $0.25
Larry-s1980: folds 
MAJ3ST!C89: folds 
Uncalled bet ($0.25) returned to buburuza1417
buburuza1417 collected $0.50 from pot
*** SUMMARY ***
Total pot $0.52 | Rake $0.02 
Board [5h 4c Kc Qc]
Seat 1: MAJ3ST!C89 folded on the Turn
Seat 3: buburuza1417 (button) collected ($0.50)
Seat 4: 0RB BR0 (small blind) folded before Flop
Seat 5: Alex366296 (big blind) folded before Flop
Seat 7: Dorex2007 folded before Flop (didn't bet)
Seat 8: Larry-s1980 folded on the Turn
Seat 9: 1tillit1 folded before Flop (didn't bet)



PokerStars Hand #237986046098:  Hold'em No Limit ($0.02/$0.05 USD) - 2022/08/14 9:24:22 PT [2022/08/14 12:24:22 ET]
Table 'Brangane III' 9-max Seat #4 is the button
Seat 1: MAJ3ST!C89 ($4.04 in chips) 
Seat 3: buburuza1417 ($7.46 in chips) 
Seat 4: 0RB BR0 ($5.70 in chips) 
Seat 5: Alex366296 ($5.41 in chips) 
Seat 7: Dorex2007 ($5.28 in chips) 
Seat 8: Larry-s1980 ($6.12 in chips) 
Seat 9: 1tillit1 ($5 in chips) 
Alex366296: posts small blind $0.02
Dorex2007: posts big blind $0.05
Deloys: sits out 
*** HOLE CARDS ***
Dealt to Dorex2007 [4c Ts]
Larry-s1980: folds 
1tillit1: folds 
MAJ3ST!C89: calls $0.05
buburuza1417: raises $0.10 to $0.15
0RB BR0: calls $0.15
Alex366296: folds 
Dorex2007: folds 
MAJ3ST!C89: calls $0.10
*** FLOP *** [3s Qc Th]
MAJ3ST!C89: bets $0.25
buburuza1417: calls $0.25
0RB BR0: folds 
*** TURN *** [3s Qc Th] [8d]
MAJ3ST!C89: bets $0.49
buburuza1417: calls $0.49
*** RIVER *** [3s Qc Th 8d] [Kd]
MAJ3ST!C89: bets $3.15 and is all-in
buburuza1417: calls $3.15
*** SHOW DOWN ***
MAJ3ST!C89: shows [6d Ah] (high card Ace)
buburuza1417: shows [Ks Qs] (two pair, Kings and Queens)
buburuza1417 collected $7.96 from pot
*** SUMMARY ***
Total pot $8.30 | Rake $0.34 
Board [3s Qc Th 8d Kd]
Seat 1: MAJ3ST!C89 showed [6d Ah] and lost with high card Ace
Seat 3: buburuza1417 showed [Ks Qs] and won ($7.96) with two pair, Kings and Queens
Seat 4: 0RB BR0 (button) folded on the Flop
Seat 5: Alex366296 (small blind) folded before Flop
Seat 7: Dorex2007 (big blind) folded before Flop
Seat 8: Larry-s1980 folded before Flop (didn't bet)
Seat 9: 1tillit1 folded before Flop (didn't bet)



PokerStars Hand #237986063222:  Hold'em No Limit ($0.02/$0.05 USD) - 2022/08/14 9:25:17 PT [2022/08/14 12:25:17 ET]
Table 'Brangane III' 9-max Seat #5 is the button
Seat 3: buburuza1417 ($11.38 in chips) 
Seat 4: 0RB BR0 ($5.55 in chips) 
Seat 5: Alex366296 ($5.39 in chips) 
Seat 7: Dorex2007 ($5.23 in chips) 
Seat 8: Larry-s1980 ($6.12 in chips) 
Seat 9: 1tillit1 ($5 in chips) 
Dorex2007: posts small blind $0.02
Larry-s1980: posts big blind $0.05
Deloys: sits out 
*** HOLE CARDS ***
Dealt to Dorex2007 [4s 5d]
1tillit1: folds 
buburuza1417: calls $0.05
0RB BR0: folds 
Alex366296: folds 
Dorex2007: folds 
Larry-s1980: checks 
*** FLOP *** [5h 7d 5c]
Larry-s1980: checks 
buburuza1417: checks 
*** TURN *** [5h 7d 5c] [8s]
Larry-s1980: bets $0.06
buburuza1417: folds 
Uncalled bet ($0.06) returned to Larry-s1980
Larry-s1980 collected $0.12 from pot
Larry-s1980: doesn't show hand 
*** SUMMARY ***
Total pot $0.12 | Rake $0 
Board [5h 7d 5c 8s]
Seat 3: buburuza1417 folded on the Turn
Seat 4: 0RB BR0 folded before Flop (didn't bet)
Seat 5: Alex366296 (button) folded before Flop (didn't bet)
Seat 7: Dorex2007 (small blind) folded before Flop
Seat 8: Larry-s1980 (big blind) collected ($0.12)
Seat 9: 1tillit1 folded before Flop (didn't bet)



PokerStars Hand #237986081590:  Hold'em No Limit ($0.02/$0.05 USD) - 2022/08/14 9:25:50 PT [2022/08/14 12:25:50 ET]
Table 'Brangane III' 9-max Seat #7 is the button
Seat 2: Deloys ($5 in chips) 
Seat 3: buburuza1417 ($11.33 in chips) 
Seat 4: 0RB BR0 ($5.55 in chips) 
Seat 5: Alex366296 ($5.39 in chips) 
Seat 7: Dorex2007 ($5.21 in chips) 
Seat 8: Larry-s1980 ($6.19 in chips) 
Larry-s1980: posts small blind $0.02
1tillit1: is sitting out 
Deloys: posts big blind $0.05
*** HOLE CARDS ***
Dealt to Dorex2007 [Kc Qc]
1tillit1 leaves the table
buburuza1417: calls $0.05
0RB BR0: folds 
Alex366296: folds 
Dorex2007: calls $0.05
Larry-s1980: folds 
MAJ3ST!C89 leaves the table
Deloys: checks 
*** FLOP *** [Qs 5d 5c]
Deloys: checks 
buburuza1417: bets $0.10
Dorex2007: raises $0.15 to $0.25
Deloys: folds 
buburuza1417: calls $0.15
*** TURN *** [Qs 5d 5c] [3s]
buburuza1417: bets $0.15
Dorex2007: calls $0.15
*** RIVER *** [Qs 5d 5c 3s] [2c]
buburuza1417: bets $0.25
Dorex2007: calls $0.25
*** SHOW DOWN ***
buburuza1417: shows [2d Td] (two pair, Fives and Deuces)
Dorex2007: shows [Kc Qc] (two pair, Queens and Fives)
Dorex2007 collected $1.41 from pot
*** SUMMARY ***
Total pot $1.47 | Rake $0.06 
Board [Qs 5d 5c 3s 2c]
Seat 2: Deloys (big blind) folded on the Flop
Seat 3: buburuza1417 showed [2d Td] and lost with two pair, Fives and Deuces
Seat 4: 0RB BR0 folded before Flop (didn't bet)
Seat 5: Alex366296 folded before Flop (didn't bet)
Seat 7: Dorex2007 (button) showed [Kc Qc] and won ($1.41) with two pair, Queens and Fives
Seat 8: Larry-s1980 (small blind) folded before Flop



PokerStars Hand #237986097628:  Hold'em No Limit ($0.02/$0.05 USD) - 2022/08/14 9:26:41 PT [2022/08/14 12:26:41 ET]
Table 'Brangane III' 9-max Seat #8 is the button
Seat 2: Deloys ($5 in chips) 
Seat 3: buburuza1417 ($10.63 in chips) 
Seat 4: 0RB BR0 ($5.55 in chips) 
Seat 5: Alex366296 ($5.39 in chips) 
Seat 7: Dorex2007 ($5.92 in chips) 
Seat 8: Larry-s1980 ($6.17 in chips) 
Deloys: posts small blind $0.02
buburuza1417: posts big blind $0.05
*** HOLE CARDS ***
Dealt to Dorex2007 [2c 5d]
0RB BR0: folds 
Alex366296: raises $0.10 to $0.15
Dorex2007: folds 
Larry-s1980: folds 
Deloys: folds 
buburuza1417: folds 
Uncalled bet ($0.10) returned to Alex366296
Alex366296 collected $0.12 from pot
Alex366296: doesn't show hand 
*** SUMMARY ***
Total pot $0.12 | Rake $0 
Seat 2: Deloys (small blind) folded before Flop
Seat 3: buburuza1417 (big blind) folded before Flop
Seat 4: 0RB BR0 folded before Flop (didn't bet)
Seat 5: Alex366296 collected ($0.12)
Seat 7: Dorex2007 folded before Flop (didn't bet)
Seat 8: Larry-s1980 (button) folded before Flop (didn't bet)



PokerStars Hand #237986102396:  Hold'em No Limit ($0.02/$0.05 USD) - 2022/08/14 9:26:56 PT [2022/08/14 12:26:56 ET]
Table 'Brangane III' 9-max Seat #2 is the button
Seat 2: Deloys ($5 in chips) 
Seat 3: buburuza1417 ($10.58 in chips) 
Seat 4: 0RB BR0 ($5.55 in chips) 
Seat 5: Alex366296 ($5.46 in chips) 
Seat 7: Dorex2007 ($5.92 in chips) 
Seat 8: Larry-s1980 ($6.17 in chips) 
buburuza1417: posts small blind $0.02
0RB BR0: posts big blind $0.05
*** HOLE CARDS ***
Dealt to Dorex2007 [Jh 8c]
Alex366296: folds 
Dorex2007: folds 
Larry-s1980: raises $0.10 to $0.15
Deloys: folds 
buburuza1417: calls $0.13
0RB BR0: folds 
*** FLOP *** [2s As 6c]
buburuza1417: bets $0.05
Larry-s1980: raises $0.20 to $0.25
buburuza1417: calls $0.20
*** TURN *** [2s As 6c] [Kc]
buburuza1417: checks 
Larry-s1980: bets $0.40
buburuza1417: calls $0.40
*** RIVER *** [2s As 6c Kc] [3s]
buburuza1417: bets $0.79
Larry-s1980: folds 
Uncalled bet ($0.79) returned to buburuza1417
buburuza1417 collected $1.58 from pot
*** SUMMARY ***
Total pot $1.65 | Rake $0.07 
Board [2s As 6c Kc 3s]
Seat 2: Deloys (button) folded before Flop (didn't bet)
Seat 3: buburuza1417 (small blind) collected ($1.58)
Seat 4: 0RB BR0 (big blind) folded before Flop
Seat 5: Alex366296 folded before Flop (didn't bet)
Seat 7: Dorex2007 folded before Flop (didn't bet)
Seat 8: Larry-s1980 folded on the River



PokerStars Hand #237986121137:  Hold'em No Limit ($0.02/$0.05 USD) - 2022/08/14 9:27:54 PT [2022/08/14 12:27:54 ET]
Table 'Brangane III' 9-max Seat #3 is the button
Seat 2: Deloys ($5 in chips) 
Seat 3: buburuza1417 ($11.36 in chips) 
Seat 4: 0RB BR0 ($5.50 in chips) 
Seat 5: Alex366296 ($5.46 in chips) 
Seat 6: Junior_GreyM ($4.37 in chips) 
Seat 7: Dorex2007 ($5.92 in chips) 
Seat 8: Larry-s1980 ($5.37 in chips) 
0RB BR0: posts small blind $0.02
Alex366296: posts big blind $0.05
Junior_GreyM: posts small & big blinds $0.07
*** HOLE CARDS ***
Dealt to Dorex2007 [3s 5s]
Junior_GreyM: checks 
Dorex2007: folds 
Larry-s1980: folds 
Deloys: folds 
buburuza1417: folds 
0RB BR0: folds 
Alex366296: checks 
*** FLOP *** [Qd 9c 4d]
Alex366296: checks 
Junior_GreyM: checks 
*** TURN *** [Qd 9c 4d] [8c]
Alex366296: checks 
Junior_GreyM: checks 
*** RIVER *** [Qd 9c 4d 8c] [Ks]
Alex366296: checks 
Junior_GreyM: checks 
*** SHOW DOWN ***
Alex366296: shows [3d 5h] (high card King)
Junior_GreyM: shows [6s Tc] (high card King - Queen+Ten kicker)
Junior_GreyM collected $0.13 from pot
*** SUMMARY ***
Total pot $0.14 | Rake $0.01 
Board [Qd 9c 4d 8c Ks]
Seat 2: Deloys folded before Flop (didn't bet)
Seat 3: buburuza1417 (button) folded before Flop (didn't bet)
Seat 4: 0RB BR0 (small blind) folded before Flop
Seat 5: Alex366296 (big blind) showed [3d 5h] and lost with high card King
Seat 6: Junior_GreyM showed [6s Tc] and won ($0.13) with high card King
Seat 7: Dorex2007 folded before Flop (didn't bet)
Seat 8: Larry-s1980 folded before Flop (didn't bet)



PokerStars Hand #237986148533:  Hold'em No Limit ($0.02/$0.05 USD) - 2022/08/14 9:29:21 PT [2022/08/14 12:29:21 ET]
Table 'Brangane III' 9-max Seat #5 is the button
Seat 2: Deloys ($5 in chips) 
Seat 3: buburuza1417 ($12.03 in chips) 
Seat 4: 0RB BR0 ($5.48 in chips) 
Seat 5: Alex366296 ($5.39 in chips) 
Seat 6: Junior_GreyM ($4.23 in chips) 
Seat 7: Dorex2007 ($5.92 in chips) 
Seat 8: Larry-s1980 ($5.37 in chips) 
Junior_GreyM: posts small blind $0.02
Dorex2007: posts big blind $0.05
*** HOLE CARDS ***
Dealt to Dorex2007 [Jc 4d]
Larry-s1980: folds 
Deloys: raises $0.10 to $0.15
Erosh_1987 joins the table at seat #9 
buburuza1417: calls $0.15
0RB BR0: folds 
Alex366296: folds 
Junior_GreyM: calls $0.13
Dorex2007: folds 
*** FLOP *** [3d 8c Kh]
Junior_GreyM: checks 
DaNoNyNo0007 joins the table at seat #1 
Deloys: bets $0.17
buburuza1417: calls $0.17
Junior_GreyM: folds 
*** TURN *** [3d 8c Kh] [4h]
Deloys: bets $0.61
buburuza1417: calls $0.61
*** RIVER *** [3d 8c Kh 4h] [2h]
Deloys: bets $1.70
buburuza1417: calls $1.70
*** SHOW DOWN ***
Deloys: shows [7h Ah] (a flush, Ace high)
buburuza1417: mucks hand 
Deloys collected $5.23 from pot
*** SUMMARY ***
Total pot $5.46 | Rake $0.23 
Board [3d 8c Kh 4h 2h]
Seat 2: Deloys showed [7h Ah] and won ($5.23) with a flush, Ace high
Seat 3: buburuza1417 mucked [Ks 9s]
Seat 4: 0RB BR0 folded before Flop (didn't bet)
Seat 5: Alex366296 (button) folded before Flop (didn't bet)
Seat 6: Junior_GreyM (small blind) folded on the Flop
Seat 7: Dorex2007 (big blind) folded before Flop
Seat 8: Larry-s1980 folded before Flop (didn't bet)



PokerStars Hand #237986167218:  Hold'em No Limit ($0.02/$0.05 USD) - 2022/08/14 9:30:17 PT [2022/08/14 12:30:17 ET]
Table 'Brangane III' 9-max Seat #6 is the button
Seat 2: Deloys ($7.60 in chips) 
Seat 3: buburuza1417 ($9.40 in chips) 
Seat 4: 0RB BR0 ($5.48 in chips) 
Seat 5: Alex366296 ($5.39 in chips) 
Seat 6: Junior_GreyM ($4.08 in chips) 
Seat 7: Dorex2007 ($5.87 in chips) 
Seat 8: Larry-s1980 ($5.37 in chips) 
Dorex2007: posts small blind $0.02
Larry-s1980: posts big blind $0.05
Erosh_1987: sits out 
DaNoNyNo0007: sits out 
*** HOLE CARDS ***
Dealt to Dorex2007 [Tc 9s]
Deloys: folds 
buburuza1417: calls $0.05
0RB BR0: raises $0.10 to $0.15
Alex366296: folds 
Junior_GreyM: raises $0.42 to $0.57
Dorex2007: folds 
Larry-s1980: folds 
buburuza1417: folds 
0RB BR0: folds 
Uncalled bet ($0.42) returned to Junior_GreyM
Junior_GreyM collected $0.42 from pot
Junior_GreyM: doesn't show hand 
*** SUMMARY ***
Total pot $0.42 | Rake $0 
Seat 2: Deloys folded before Flop (didn't bet)
Seat 3: buburuza1417 folded before Flop
Seat 4: 0RB BR0 folded before Flop
Seat 5: Alex366296 folded before Flop (didn't bet)
Seat 6: Junior_GreyM (button) collected ($0.42)
Seat 7: Dorex2007 (small blind) folded before Flop
Seat 8: Larry-s1980 (big blind) folded before Flop



PokerStars Hand #237986173527:  Hold'em No Limit ($0.02/$0.05 USD) - 2022/08/14 9:30:37 PT [2022/08/14 12:30:37 ET]
Table 'Brangane III' 9-max Seat #7 is the button
Seat 1: DaNoNyNo0007 ($2 in chips) 
Seat 2: Deloys ($7.60 in chips) 
Seat 3: buburuza1417 ($9.35 in chips) 
Seat 4: 0RB BR0 ($5.33 in chips) 
Seat 5: Alex366296 ($5.39 in chips) 
Seat 6: Junior_GreyM ($4.35 in chips) 
Seat 7: Dorex2007 ($5.85 in chips) 
Seat 8: Larry-s1980 ($5.32 in chips) 
Seat 9: Erosh_1987 ($2.02 in chips) 
Larry-s1980: posts small blind $0.02
Erosh_1987: posts big blind $0.05
DaNoNyNo0007: posts big blind $0.05
*** HOLE CARDS ***
Dealt to Dorex2007 [5h 3h]
DaNoNyNo0007: checks 
Deloys: folds 
buburuza1417: folds 
0RB BR0: folds 
Alex366296: folds 
Junior_GreyM: calls $0.05
Dorex2007: folds 
Larry-s1980: calls $0.03
Erosh_1987: checks 
*** FLOP *** [Jc 6c 8c]
Larry-s1980: checks 
Erosh_1987: checks 
DaNoNyNo0007: bets $0.10
Junior_GreyM: folds 
Larry-s1980: folds 
Erosh_1987: folds 
Uncalled bet ($0.10) returned to DaNoNyNo0007
DaNoNyNo0007 collected $0.19 from pot
DaNoNyNo0007: doesn't show hand 
*** SUMMARY ***
Total pot $0.20 | Rake $0.01 
Board [Jc 6c 8c]
Seat 1: DaNoNyNo0007 collected ($0.19)
Seat 2: Deloys folded before Flop (didn't bet)
Seat 3: buburuza1417 folded before Flop (didn't bet)
Seat 4: 0RB BR0 folded before Flop (didn't bet)
Seat 5: Alex366296 folded before Flop (didn't bet)
Seat 6: Junior_GreyM folded on the Flop
Seat 7: Dorex2007 (button) folded before Flop (didn't bet)
Seat 8: Larry-s1980 (small blind) folded on the Flop
Seat 9: Erosh_1987 (big blind) folded on the Flop



PokerStars Hand #237986187808:  Hold'em No Limit ($0.02/$0.05 USD) - 2022/08/14 9:31:21 PT [2022/08/14 12:31:21 ET]
Table 'Brangane III' 9-max Seat #8 is the button
Seat 1: DaNoNyNo0007 ($2.14 in chips) 
Seat 2: Deloys ($7.60 in chips) 
Seat 3: buburuza1417 ($9.35 in chips) 
Seat 4: 0RB BR0 ($5.33 in chips) 
Seat 5: Alex366296 ($5.39 in chips) 
Seat 6: Junior_GreyM ($4.30 in chips) 
Seat 7: Dorex2007 ($5.85 in chips) 
Seat 8: Larry-s1980 ($5.27 in chips) 
Seat 9: Erosh_1987 ($1.97 in chips) 
Erosh_1987: posts small blind $0.02
DaNoNyNo0007: posts big blind $0.05
*** HOLE CARDS ***
Dealt to Dorex2007 [3c 9c]
Deloys: folds 
buburuza1417: folds 
0RB BR0: folds 
Alex366296: folds 
Junior_GreyM: calls $0.05
Dorex2007: folds 
Larry-s1980: raises $0.20 to $0.25
Erosh_1987: folds 
DaNoNyNo0007: calls $0.20
Junior_GreyM: calls $0.20
*** FLOP *** [8h 3s 6h]
DaNoNyNo0007: checks 
Junior_GreyM: checks 
Larry-s1980: bets $0.37
DaNoNyNo0007: calls $0.37
Junior_GreyM: folds 
*** TURN *** [8h 3s 6h] [Ks]
DaNoNyNo0007: checks 
Larry-s1980: checks 
*** RIVER *** [8h 3s 6h Ks] [6s]
DaNoNyNo0007: checks 
Larry-s1980: checks 
*** SHOW DOWN ***
DaNoNyNo0007: shows [4h Ah] (a pair of Sixes)
Larry-s1980: shows [7h 7s] (two pair, Sevens and Sixes)
Larry-s1980 collected $1.45 from pot
*** SUMMARY ***
Total pot $1.51 | Rake $0.06 
Board [8h 3s 6h Ks 6s]
Seat 1: DaNoNyNo0007 (big blind) showed [4h Ah] and lost with a pair of Sixes
Seat 2: Deloys folded before Flop (didn't bet)
Seat 3: buburuza1417 folded before Flop (didn't bet)
Seat 4: 0RB BR0 folded before Flop (didn't bet)
Seat 5: Alex366296 folded before Flop (didn't bet)
Seat 6: Junior_GreyM folded on the Flop
Seat 7: Dorex2007 folded before Flop (didn't bet)
Seat 8: Larry-s1980 (button) showed [7h 7s] and won ($1.45) with two pair, Sevens and Sixes
Seat 9: Erosh_1987 (small blind) folded before Flop



PokerStars Hand #237986205513:  Hold'em No Limit ($0.02/$0.05 USD) - 2022/08/14 9:32:14 PT [2022/08/14 12:32:14 ET]
Table 'Brangane III' 9-max Seat #9 is the button
Seat 1: DaNoNyNo0007 ($1.52 in chips) 
Seat 2: Deloys ($7.60 in chips) 
Seat 3: buburuza1417 ($9.35 in chips) 
Seat 4: 0RB BR0 ($5.33 in chips) 
Seat 5: Alex366296 ($5.39 in chips) 
Seat 6: Junior_GreyM ($4.05 in chips) 
Seat 7: Dorex2007 ($5.85 in chips) 
Seat 8: Larry-s1980 ($6.10 in chips) 
Seat 9: Erosh_1987 ($1.95 in chips) 
DaNoNyNo0007: posts small blind $0.02
Deloys: posts big blind $0.05
*** HOLE CARDS ***
Dealt to Dorex2007 [3c 9c]
buburuza1417: calls $0.05
0RB BR0: folds 
Alex366296: folds 
Junior_GreyM has timed out
Junior_GreyM: folds 
Dorex2007: folds 
Larry-s1980: raises $0.07 to $0.12
Erosh_1987: folds 
DaNoNyNo0007: folds 
Deloys: calls $0.07
buburuza1417: calls $0.07
*** FLOP *** [4h 8c 8h]
Deloys: checks 
buburuza1417: checks 
Larry-s1980: checks 
*** TURN *** [4h 8c 8h] [4s]
Deloys: checks 
buburuza1417: checks 
Larry-s1980: bets $0.18
Deloys: folds 
buburuza1417: folds 
Uncalled bet ($0.18) returned to Larry-s1980
Larry-s1980 collected $0.36 from pot
Larry-s1980: doesn't show hand 
*** SUMMARY ***
Total pot $0.38 | Rake $0.02 
Board [4h 8c 8h 4s]
Seat 1: DaNoNyNo0007 (small blind) folded before Flop
Seat 2: Deloys (big blind) folded on the Turn
Seat 3: buburuza1417 folded on the Turn
Seat 4: 0RB BR0 folded before Flop (didn't bet)
Seat 5: Alex366296 folded before Flop (didn't bet)
Seat 6: Junior_GreyM folded before Flop (didn't bet)
Seat 7: Dorex2007 folded before Flop (didn't bet)
Seat 8: Larry-s1980 collected ($0.36)
Seat 9: Erosh_1987 (button) folded before Flop (didn't bet)



PokerStars Hand #237986226680:  Hold'em No Limit ($0.02/$0.05 USD) - 2022/08/14 9:33:18 PT [2022/08/14 12:33:18 ET]
Table 'Brangane III' 9-max Seat #1 is the button
Seat 1: DaNoNyNo0007 ($1.50 in chips) 
Seat 2: Deloys ($7.48 in chips) 
Seat 3: buburuza1417 ($9.23 in chips) 
Seat 4: 0RB BR0 ($5.33 in chips) 
Seat 5: Alex366296 ($5.39 in chips) 
Seat 6: Junior_GreyM ($4.05 in chips) 
Seat 7: Dorex2007 ($5.85 in chips) 
Seat 8: Larry-s1980 ($6.34 in chips) 
Seat 9: Erosh_1987 ($1.95 in chips) 
Deloys: posts small blind $0.02
buburuza1417: posts big blind $0.05
*** HOLE CARDS ***
Dealt to Dorex2007 [6d 9d]
0RB BR0: folds 
Alex366296: folds 
Junior_GreyM: calls $0.05
Dorex2007: folds 
Larry-s1980: folds 
Erosh_1987: folds 
DaNoNyNo0007: calls $0.05
Deloys: folds 
buburuza1417: checks 
*** FLOP *** [7c 3h 4s]
buburuza1417: bets $0.05
Junior_GreyM: calls $0.05
DaNoNyNo0007: folds 
*** TURN *** [7c 3h 4s] [Jd]
buburuza1417: bets $0.05
Junior_GreyM: calls $0.05
*** RIVER *** [7c 3h 4s Jd] [3c]
buburuza1417: bets $0.05
Junior_GreyM: raises $0.23 to $0.28
buburuza1417: calls $0.23
*** SHOW DOWN ***
Junior_GreyM: shows [3d Ad] (three of a kind, Threes)
buburuza1417: mucks hand 
Junior_GreyM collected $0.89 from pot
*** SUMMARY ***
Total pot $0.93 | Rake $0.04 
Board [7c 3h 4s Jd 3c]
Seat 1: DaNoNyNo0007 (button) folded on the Flop
Seat 2: Deloys (small blind) folded before Flop
Seat 3: buburuza1417 (big blind) mucked [Ks 7s]
Seat 4: 0RB BR0 folded before Flop (didn't bet)
Seat 5: Alex366296 folded before Flop (didn't bet)
Seat 6: Junior_GreyM showed [3d Ad] and won ($0.89) with three of a kind, Threes
Seat 7: Dorex2007 folded before Flop (didn't bet)
Seat 8: Larry-s1980 folded before Flop (didn't bet)
Seat 9: Erosh_1987 folded before Flop (didn't bet)



PokerStars Hand #237986242179:  Hold'em No Limit ($0.02/$0.05 USD) - 2022/08/14 9:34:04 PT [2022/08/14 12:34:04 ET]
Table 'Brangane III' 9-max Seat #2 is the button
Seat 1: DaNoNyNo0007 ($1.45 in chips) 
Seat 2: Deloys ($7.46 in chips) 
Seat 3: buburuza1417 ($8.80 in chips) 
Seat 4: 0RB BR0 ($5.33 in chips) 
Seat 5: Alex366296 ($5.39 in chips) 
Seat 6: Junior_GreyM ($4.51 in chips) 
Seat 7: Dorex2007 ($5.85 in chips) 
Seat 8: Larry-s1980 ($6.34 in chips) 
Seat 9: Erosh_1987 ($1.95 in chips) 
buburuza1417: posts small blind $0.02
0RB BR0: posts big blind $0.05
*** HOLE CARDS ***
Dealt to Dorex2007 [9d 8d]
Alex366296: folds 
Junior_GreyM: calls $0.05
Dorex2007: calls $0.05
Larry-s1980: folds 
Erosh_1987: folds 
DaNoNyNo0007: calls $0.05
Deloys: folds 
buburuza1417: folds 
0RB BR0: checks 
*** FLOP *** [7d Qc 5h]
0RB BR0: checks 
Junior_GreyM: checks 
Dorex2007: checks 
DaNoNyNo0007: bets $0.15
0RB BR0: folds 
Junior_GreyM: folds 
Dorex2007: folds 
Uncalled bet ($0.15) returned to DaNoNyNo0007
DaNoNyNo0007 collected $0.21 from pot
DaNoNyNo0007: doesn't show hand 
*** SUMMARY ***
Total pot $0.22 | Rake $0.01 
Board [7d Qc 5h]
Seat 1: DaNoNyNo0007 collected ($0.21)
Seat 2: Deloys (button) folded before Flop (didn't bet)
Seat 3: buburuza1417 (small blind) folded before Flop
Seat 4: 0RB BR0 (big blind) folded on the Flop
Seat 5: Alex366296 folded before Flop (didn't bet)
Seat 6: Junior_GreyM folded on the Flop
Seat 7: Dorex2007 folded on the Flop
Seat 8: Larry-s1980 folded before Flop (didn't bet)
Seat 9: Erosh_1987 folded before Flop (didn't bet)



PokerStars Hand #237986252457:  Hold'em No Limit ($0.02/$0.05 USD) - 2022/08/14 9:34:35 PT [2022/08/14 12:34:35 ET]
Table 'Brangane III' 9-max Seat #3 is the button
Seat 1: DaNoNyNo0007 ($1.61 in chips) 
Seat 2: Deloys ($7.46 in chips) 
Seat 3: buburuza1417 ($8.78 in chips) 
Seat 4: 0RB BR0 ($5.28 in chips) 
Seat 5: Alex366296 ($5.39 in chips) 
Seat 6: Junior_GreyM ($4.46 in chips) 
Seat 7: Dorex2007 ($5.80 in chips) 
Seat 8: Larry-s1980 ($6.34 in chips) 
Seat 9: Erosh_1987 ($1.95 in chips) 
0RB BR0: posts small blind $0.02
Alex366296: posts big blind $0.05
*** HOLE CARDS ***
Dealt to Dorex2007 [3h Kc]
Junior_GreyM: folds 
Dorex2007: folds 
Larry-s1980: folds 
Erosh_1987: raises $0.10 to $0.15
DaNoNyNo0007: folds 
Deloys: folds 
buburuza1417: calls $0.15
0RB BR0: folds 
Alex366296: folds 
*** FLOP *** [5c Jh 2c]
Erosh_1987: checks 
buburuza1417: checks 
*** TURN *** [5c Jh 2c] [6s]
Erosh_1987: bets $0.18
buburuza1417: folds 
Uncalled bet ($0.18) returned to Erosh_1987
Erosh_1987 collected $0.35 from pot
Erosh_1987: doesn't show hand 
*** SUMMARY ***
Total pot $0.37 | Rake $0.02 
Board [5c Jh 2c 6s]
Seat 1: DaNoNyNo0007 folded before Flop (didn't bet)
Seat 2: Deloys folded before Flop (didn't bet)
Seat 3: buburuza1417 (button) folded on the Turn
Seat 4: 0RB BR0 (small blind) folded before Flop
Seat 5: Alex366296 (big blind) folded before Flop
Seat 6: Junior_GreyM folded before Flop (didn't bet)
Seat 7: Dorex2007 folded before Flop (didn't bet)
Seat 8: Larry-s1980 folded before Flop (didn't bet)
Seat 9: Erosh_1987 collected ($0.35)



PokerStars Hand #237986264239:  Hold'em No Limit ($0.02/$0.05 USD) - 2022/08/14 9:35:11 PT [2022/08/14 12:35:11 ET]
Table 'Brangane III' 9-max Seat #4 is the button
Seat 1: DaNoNyNo0007 ($1.61 in chips) 
Seat 2: Deloys ($7.46 in chips) 
Seat 3: buburuza1417 ($8.63 in chips) 
Seat 4: 0RB BR0 ($5.26 in chips) 
Seat 5: Alex366296 ($5.34 in chips) 
Seat 6: Junior_GreyM ($4.46 in chips) 
Seat 7: Dorex2007 ($5.80 in chips) 
Seat 8: Larry-s1980 ($6.34 in chips) 
Seat 9: Erosh_1987 ($2.15 in chips) 
Alex366296: posts small blind $0.02
Junior_GreyM: posts big blind $0.05
*** HOLE CARDS ***
Dealt to Dorex2007 [5d 5h]
Dorex2007: folds 
Larry-s1980: folds 
Erosh_1987: folds 
DaNoNyNo0007: folds 
Deloys: folds 
buburuza1417: folds 
0RB BR0: folds 
Alex366296: folds 
Uncalled bet ($0.03) returned to Junior_GreyM
Junior_GreyM collected $0.04 from pot
Junior_GreyM: doesn't show hand 
*** SUMMARY ***
Total pot $0.04 | Rake $0 
Seat 1: DaNoNyNo0007 folded before Flop (didn't bet)
Seat 2: Deloys folded before Flop (didn't bet)
Seat 3: buburuza1417 folded before Flop (didn't bet)
Seat 4: 0RB BR0 (button) folded before Flop (didn't bet)
Seat 5: Alex366296 (small blind) folded before Flop
Seat 6: Junior_GreyM (big blind) collected ($0.04)
Seat 7: Dorex2007 folded before Flop (didn't bet)
Seat 8: Larry-s1980 folded before Flop (didn't bet)
Seat 9: Erosh_1987 folded before Flop (didn't bet)



PokerStars Hand #237986269501:  Hold'em No Limit ($0.02/$0.05 USD) - 2022/08/14 9:35:26 PT [2022/08/14 12:35:26 ET]
Table 'Brangane III' 9-max Seat #5 is the button
Seat 1: DaNoNyNo0007 ($1.61 in chips) 
Seat 2: Deloys ($7.46 in chips) 
Seat 3: buburuza1417 ($8.63 in chips) 
Seat 4: 0RB BR0 ($5.26 in chips) 
Seat 5: Alex366296 ($5.32 in chips) 
Seat 6: Junior_GreyM ($4.48 in chips) 
Seat 7: Dorex2007 ($5.80 in chips) 
Seat 8: Larry-s1980 ($6.34 in chips) 
Seat 9: Erosh_1987 ($2.15 in chips) 
Junior_GreyM: posts small blind $0.02
Dorex2007: posts big blind $0.05
*** HOLE CARDS ***
Dealt to Dorex2007 [3s 8s]
Larry-s1980: folds 
Erosh_1987: raises $0.10 to $0.15
DaNoNyNo0007: calls $0.15
Deloys: folds 
buburuza1417: calls $0.15
0RB BR0: folds 
Alex366296: folds 
Junior_GreyM: calls $0.13
Dorex2007: folds 
*** FLOP *** [Qh Kd 2d]
Junior_GreyM: checks 
Erosh_1987: checks 
DaNoNyNo0007: checks 
buburuza1417: checks 
*** TURN *** [Qh Kd 2d] [9h]
Junior_GreyM: bets $0.05
Erosh_1987: folds 
DaNoNyNo0007: calls $0.05
buburuza1417: calls $0.05
*** RIVER *** [Qh Kd 2d 9h] [4c]
Junior_GreyM: checks 
DaNoNyNo0007: checks 
buburuza1417: bets $0.20
Junior_GreyM: folds 
DaNoNyNo0007: folds 
Uncalled bet ($0.20) returned to buburuza1417
buburuza1417 collected $0.77 from pot
*** SUMMARY ***
Total pot $0.80 | Rake $0.03 
Board [Qh Kd 2d 9h 4c]
Seat 1: DaNoNyNo0007 folded on the River
Seat 2: Deloys folded before Flop (didn't bet)
Seat 3: buburuza1417 collected ($0.77)
Seat 4: 0RB BR0 folded before Flop (didn't bet)
Seat 5: Alex366296 (button) folded before Flop (didn't bet)
Seat 6: Junior_GreyM (small blind) folded on the River
Seat 7: Dorex2007 (big blind) folded before Flop
Seat 8: Larry-s1980 folded before Flop (didn't bet)
Seat 9: Erosh_1987 folded on the Turn



PokerStars Hand #237986307373:  Hold'em No Limit ($0.02/$0.05 USD) - 2022/08/14 9:36:50 PT [2022/08/14 12:36:50 ET]
Table 'Brangane III' 9-max Seat #6 is the button
Seat 1: DaNoNyNo0007 ($1.41 in chips) 
Seat 2: Deloys ($7.46 in chips) 
Seat 3: buburuza1417 ($9.20 in chips) 
Seat 4: 0RB BR0 ($5.26 in chips) 
Seat 5: Alex366296 ($5.32 in chips) 
Seat 6: Junior_GreyM ($4.28 in chips) 
Seat 7: Dorex2007 ($5.75 in chips) 
Seat 8: Larry-s1980 ($6.34 in chips) 
Seat 9: Erosh_1987 ($2 in chips) 
Dorex2007: posts small blind $0.02
Larry-s1980: posts big blind $0.05
*** HOLE CARDS ***
Dealt to Dorex2007 [3s 8c]
Erosh_1987: folds 
DaNoNyNo0007: folds 
Deloys: folds 
buburuza1417: calls $0.05
0RB BR0: folds 
Alex366296: raises $0.20 to $0.25
Junior_GreyM: folds 
Dorex2007: folds 
Larry-s1980: folds 
buburuza1417: folds 
Uncalled bet ($0.20) returned to Alex366296
Alex366296 collected $0.17 from pot
Alex366296: doesn't show hand 
*** SUMMARY ***
Total pot $0.17 | Rake $0 
Seat 1: DaNoNyNo0007 folded before Flop (didn't bet)
Seat 2: Deloys folded before Flop (didn't bet)
Seat 3: buburuza1417 folded before Flop
Seat 4: 0RB BR0 folded before Flop (didn't bet)
Seat 5: Alex366296 collected ($0.17)
Seat 6: Junior_GreyM (button) folded before Flop (didn't bet)
Seat 7: Dorex2007 (small blind) folded before Flop
Seat 8: Larry-s1980 (big blind) folded before Flop
Seat 9: Erosh_1987 folded before Flop (didn't bet)



PokerStars Hand #237986316037:  Hold'em No Limit ($0.02/$0.05 USD) - 2022/08/14 9:37:16 PT [2022/08/14 12:37:16 ET]
Table 'Brangane III' 9-max Seat #7 is the button
Seat 1: DaNoNyNo0007 ($1.41 in chips) 
Seat 2: Deloys ($7.46 in chips) 
Seat 3: buburuza1417 ($9.15 in chips) 
Seat 4: 0RB BR0 ($5.26 in chips) 
Seat 5: Alex366296 ($5.44 in chips) 
Seat 6: Junior_GreyM ($4.28 in chips) 
Seat 7: Dorex2007 ($5.73 in chips) 
Seat 8: Larry-s1980 ($6.29 in chips) 
Seat 9: Erosh_1987 ($2 in chips) 
Larry-s1980: posts small blind $0.02
Erosh_1987: posts big blind $0.05
*** HOLE CARDS ***
Dealt to Dorex2007 [Ac 5h]
DaNoNyNo0007: folds 
Deloys: folds 
buburuza1417: folds 
0RB BR0: folds 
Alex366296: folds 
Junior_GreyM: folds 
Dorex2007: folds 
Larry-s1980: folds 
Uncalled bet ($0.03) returned to Erosh_1987
Erosh_1987 collected $0.04 from pot
Erosh_1987: doesn't show hand 
*** SUMMARY ***
Total pot $0.04 | Rake $0 
Seat 1: DaNoNyNo0007 folded before Flop (didn't bet)
Seat 2: Deloys folded before Flop (didn't bet)
Seat 3: buburuza1417 folded before Flop (didn't bet)
Seat 4: 0RB BR0 folded before Flop (didn't bet)
Seat 5: Alex366296 folded before Flop (didn't bet)
Seat 6: Junior_GreyM folded before Flop (didn't bet)
Seat 7: Dorex2007 (button) folded before Flop (didn't bet)
Seat 8: Larry-s1980 (small blind) folded before Flop
Seat 9: Erosh_1987 (big blind) collected ($0.04)



PokerStars Hand #237986320508:  Hold'em No Limit ($0.02/$0.05 USD) - 2022/08/14 9:37:29 PT [2022/08/14 12:37:29 ET]
Table 'Brangane III' 9-max Seat #8 is the button
Seat 1: DaNoNyNo0007 ($1.41 in chips) 
Seat 2: Deloys ($7.46 in chips) 
Seat 3: buburuza1417 ($9.15 in chips) 
Seat 4: 0RB BR0 ($5.26 in chips) 
Seat 5: Alex366296 ($5.44 in chips) 
Seat 6: Junior_GreyM ($4.28 in chips) 
Seat 7: Dorex2007 ($5.73 in chips) 
Seat 8: Larry-s1980 ($6.27 in chips) 
Seat 9: Erosh_1987 ($2.02 in chips) 
Erosh_1987: posts small blind $0.02
DaNoNyNo0007: posts big blind $0.05
*** HOLE CARDS ***
Dealt to Dorex2007 [5d Js]
Deloys: folds 
buburuza1417: raises $0.05 to $0.10
0RB BR0: folds 
Alex366296: folds 
Junior_GreyM: raises $0.27 to $0.37
Dorex2007: folds 
Larry-s1980: folds 
Erosh_1987: folds 
DaNoNyNo0007: folds 
buburuza1417: calls $0.27
*** FLOP *** [Ad 3s 3d]
buburuza1417: checks 
Junior_GreyM: bets $0.50
buburuza1417: calls $0.50
*** TURN *** [Ad 3s 3d] [Ks]
buburuza1417: bets $0.86
Junior_GreyM: folds 
Uncalled bet ($0.86) returned to buburuza1417
buburuza1417 collected $1.73 from pot
*** SUMMARY ***
Total pot $1.81 | Rake $0.08 
Board [Ad 3s 3d Ks]
Seat 1: DaNoNyNo0007 (big blind) folded before Flop
Seat 2: Deloys folded before Flop (didn't bet)
Seat 3: buburuza1417 collected ($1.73)
Seat 4: 0RB BR0 folded before Flop (didn't bet)
Seat 5: Alex366296 folded before Flop (didn't bet)
Seat 6: Junior_GreyM folded on the Turn
Seat 7: Dorex2007 folded before Flop (didn't bet)
Seat 8: Larry-s1980 (button) folded before Flop (didn't bet)
Seat 9: Erosh_1987 (small blind) folded before Flop



PokerStars Hand #237986335164:  Hold'em No Limit ($0.02/$0.05 USD) - 2022/08/14 9:38:12 PT [2022/08/14 12:38:12 ET]
Table 'Brangane III' 9-max Seat #9 is the button
Seat 1: DaNoNyNo0007 ($1.36 in chips) 
Seat 2: Deloys ($7.46 in chips) 
Seat 3: buburuza1417 ($10.01 in chips) 
Seat 4: 0RB BR0 ($5.26 in chips) 
Seat 5: Alex366296 ($5.44 in chips) 
Seat 6: Junior_GreyM ($3.41 in chips) 
Seat 7: Dorex2007 ($5.73 in chips) 
Seat 8: Larry-s1980 ($6.27 in chips) 
Seat 9: Erosh_1987 ($2 in chips) 
DaNoNyNo0007: posts small blind $0.02
Deloys: posts big blind $0.05
*** HOLE CARDS ***
Dealt to Dorex2007 [Jc 9c]
buburuza1417: raises $0.05 to $0.10
0RB BR0: folds 
Alex366296: folds 
Junior_GreyM: folds 
Dorex2007: folds 
Larry-s1980: calls $0.10
Erosh_1987: folds 
DaNoNyNo0007: folds 
Deloys: folds 
*** FLOP *** [Jh 8c 3h]
buburuza1417: checks 
Larry-s1980: checks 
*** TURN *** [Jh 8c 3h] [6h]
buburuza1417: checks 
Larry-s1980: checks 
*** RIVER *** [Jh 8c 3h 6h] [Td]
buburuza1417: bets $0.05
Larry-s1980: calls $0.05
*** SHOW DOWN ***
buburuza1417: shows [Th Kc] (a pair of Tens)
Larry-s1980: mucks hand 
buburuza1417 collected $0.35 from pot
*** SUMMARY ***
Total pot $0.37 | Rake $0.02 
Board [Jh 8c 3h 6h Td]
Seat 1: DaNoNyNo0007 (small blind) folded before Flop
Seat 2: Deloys (big blind) folded before Flop
Seat 3: buburuza1417 showed [Th Kc] and won ($0.35) with a pair of Tens
Seat 4: 0RB BR0 folded before Flop (didn't bet)
Seat 5: Alex366296 folded before Flop (didn't bet)
Seat 6: Junior_GreyM folded before Flop (didn't bet)
Seat 7: Dorex2007 folded before Flop (didn't bet)
Seat 8: Larry-s1980 mucked [Ad 7s]
Seat 9: Erosh_1987 (button) folded before Flop (didn't bet)



PokerStars Hand #237986348957:  Hold'em No Limit ($0.02/$0.05 USD) - 2022/08/14 9:38:53 PT [2022/08/14 12:38:53 ET]
Table 'Brangane III' 9-max Seat #1 is the button
Seat 1: DaNoNyNo0007 ($1.34 in chips) 
Seat 2: Deloys ($7.41 in chips) 
Seat 3: buburuza1417 ($10.21 in chips) 
Seat 4: 0RB BR0 ($5.26 in chips) 
Seat 5: Alex366296 ($5.44 in chips) 
Seat 6: Junior_GreyM ($3.41 in chips) 
Seat 7: Dorex2007 ($5.73 in chips) 
Seat 8: Larry-s1980 ($6.12 in chips) 
Seat 9: Erosh_1987 ($2 in chips) 
Deloys: posts small blind $0.02
buburuza1417: posts big blind $0.05
*** HOLE CARDS ***
Dealt to Dorex2007 [9h 9s]
0RB BR0: folds 
Alex366296: folds 
Junior_GreyM: calls $0.05
Dorex2007: calls $0.05
Larry-s1980: folds 
Erosh_1987: folds 
DaNoNyNo0007: folds 
Deloys: folds 
buburuza1417: checks 
*** FLOP *** [7d Th 3s]
buburuza1417: bets $0.08
Junior_GreyM: calls $0.08
Dorex2007: calls $0.08
*** TURN *** [7d Th 3s] [Ks]
buburuza1417: checks 
Junior_GreyM: checks 
Dorex2007: checks 
*** RIVER *** [7d Th 3s Ks] [8d]
buburuza1417: checks 
Junior_GreyM: checks 
Dorex2007: checks 
*** SHOW DOWN ***
buburuza1417: shows [Tc 5h] (a pair of Tens)
Junior_GreyM: mucks hand 
Dorex2007: mucks hand 
buburuza1417 collected $0.39 from pot
*** SUMMARY ***
Total pot $0.41 | Rake $0.02 
Board [7d Th 3s Ks 8d]
Seat 1: DaNoNyNo0007 (button) folded before Flop (didn't bet)
Seat 2: Deloys (small blind) folded before Flop
Seat 3: buburuza1417 (big blind) showed [Tc 5h] and won ($0.39) with a pair of Tens
Seat 4: 0RB BR0 folded before Flop (didn't bet)
Seat 5: Alex366296 folded before Flop (didn't bet)
Seat 6: Junior_GreyM mucked [Js Qs]
Seat 7: Dorex2007 mucked [9h 9s]
Seat 8: Larry-s1980 folded before Flop (didn't bet)
Seat 9: Erosh_1987 folded before Flop (didn't bet)



PokerStars Hand #237986368436:  Hold'em No Limit ($0.02/$0.05 USD) - 2022/08/14 9:39:51 PT [2022/08/14 12:39:51 ET]
Table 'Brangane III' 9-max Seat #2 is the button
Seat 2: Deloys ($7.39 in chips) 
Seat 3: buburuza1417 ($10.47 in chips) 
Seat 4: 0RB BR0 ($5.26 in chips) 
Seat 5: Alex366296 ($5.44 in chips) 
Seat 6: Junior_GreyM ($3.28 in chips) 
Seat 7: Dorex2007 ($5.60 in chips) 
Seat 8: Larry-s1980 ($6.12 in chips) 
Seat 9: Erosh_1987 ($2 in chips) 
buburuza1417: posts small blind $0.02
0RB BR0: posts big blind $0.05
*** HOLE CARDS ***
Dealt to Dorex2007 [As 4s]
Alex366296: folds 
Junior_GreyM: folds 
Dorex2007: calls $0.05
Larry-s1980: folds 
Erosh_1987: folds 
Deloys: folds 
buburuza1417: folds 
0RB BR0: checks 
*** FLOP *** [Ks 3d 9h]
0RB BR0: checks 
Dorex2007: checks 
*** TURN *** [Ks 3d 9h] [8h]
0RB BR0: checks 
Dorex2007: checks 
*** RIVER *** [Ks 3d 9h 8h] [Js]
0RB BR0: bets $0.05
Dorex2007: folds 
Uncalled bet ($0.05) returned to 0RB BR0
0RB BR0 collected $0.12 from pot
*** SUMMARY ***
Total pot $0.12 | Rake $0 
Board [Ks 3d 9h 8h Js]
Seat 2: Deloys (button) folded before Flop (didn't bet)
Seat 3: buburuza1417 (small blind) folded before Flop
Seat 4: 0RB BR0 (big blind) collected ($0.12)
Seat 5: Alex366296 folded before Flop (didn't bet)
Seat 6: Junior_GreyM folded before Flop (didn't bet)
Seat 7: Dorex2007 folded on the River
Seat 8: Larry-s1980 folded before Flop (didn't bet)
Seat 9: Erosh_1987 folded before Flop (didn't bet)



PokerStars Hand #237986380532:  Hold'em No Limit ($0.02/$0.05 USD) - 2022/08/14 9:40:26 PT [2022/08/14 12:40:26 ET]
Table 'Brangane III' 9-max Seat #3 is the button
Seat 2: Deloys ($7.39 in chips) 
Seat 3: buburuza1417 ($10.45 in chips) 
Seat 4: 0RB BR0 ($5.33 in chips) 
Seat 5: Alex366296 ($5.44 in chips) 
Seat 6: Junior_GreyM ($3.28 in chips) 
Seat 7: Dorex2007 ($5.55 in chips) 
Seat 8: Larry-s1980 ($6.12 in chips) 
Seat 9: Erosh_1987 ($2 in chips) 
0RB BR0: posts small blind $0.02
Alex366296: posts big blind $0.05
*** HOLE CARDS ***
Dealt to Dorex2007 [Kd Kh]
Junior_GreyM: folds 
Dorex2007: raises $0.10 to $0.15
Larry-s1980: folds 
Erosh_1987: folds 
Deloys: folds 
buburuza1417: calls $0.15
0RB BR0: folds 
Alex366296: folds 
*** FLOP *** [Kc As 8h]
Dorex2007: checks 
buburuza1417: checks 
*** TURN *** [Kc As 8h] [4h]
Dorex2007: bets $0.23
buburuza1417: folds 
Uncalled bet ($0.23) returned to Dorex2007
Dorex2007 collected $0.35 from pot
Dorex2007: doesn't show hand 
*** SUMMARY ***
Total pot $0.37 | Rake $0.02 
Board [Kc As 8h 4h]
Seat 2: Deloys folded before Flop (didn't bet)
Seat 3: buburuza1417 (button) folded on the Turn
Seat 4: 0RB BR0 (small blind) folded before Flop
Seat 5: Alex366296 (big blind) folded before Flop
Seat 6: Junior_GreyM folded before Flop (didn't bet)
Seat 7: Dorex2007 collected ($0.35)
Seat 8: Larry-s1980 folded before Flop (didn't bet)
Seat 9: Erosh_1987 folded before Flop (didn't bet)



PokerStars Hand #237986395494:  Hold'em No Limit ($0.02/$0.05 USD) - 2022/08/14 9:41:10 PT [2022/08/14 12:41:10 ET]
Table 'Brangane III' 9-max Seat #4 is the button
Seat 2: Deloys ($7.39 in chips) 
Seat 3: buburuza1417 ($10.30 in chips) 
Seat 4: 0RB BR0 ($5.31 in chips) 
Seat 5: Alex366296 ($5.39 in chips) 
Seat 6: Junior_GreyM ($3.28 in chips) 
Seat 7: Dorex2007 ($5.75 in chips) 
Seat 8: Larry-s1980 ($6.12 in chips) 
Seat 9: Erosh_1987 ($2 in chips) 
Alex366296: posts small blind $0.02
Junior_GreyM: posts big blind $0.05
*** HOLE CARDS ***
Dealt to Dorex2007 [Ts 2c]
Dorex2007: folds 
Larry-s1980: folds 
Erosh_1987: folds 
Deloys: folds 
buburuza1417: folds 
0RB BR0: folds 
Alex366296: raises $0.10 to $0.15
Junior_GreyM: folds 
Uncalled bet ($0.10) returned to Alex366296
Alex366296 collected $0.10 from pot
Alex366296: doesn't show hand 
*** SUMMARY ***
Total pot $0.10 | Rake $0 
Seat 2: Deloys folded before Flop (didn't bet)
Seat 3: buburuza1417 folded before Flop (didn't bet)
Seat 4: 0RB BR0 (button) folded before Flop (didn't bet)
Seat 5: Alex366296 (small blind) collected ($0.10)
Seat 6: Junior_GreyM (big blind) folded before Flop
Seat 7: Dorex2007 folded before Flop (didn't bet)
Seat 8: Larry-s1980 folded before Flop (didn't bet)
Seat 9: Erosh_1987 folded before Flop (didn't bet)



