PokerStars Hand #233111041379:  Hold'em No Limit ($0.01/$0.02 USD) - 2022/01/13 17:17:22 PT [2022/01/13 20:17:22 ET]
Table 'Clorinde II' 9-max Seat #9 is the button
Seat 1: doktor533 ($0.38 in chips) 
Seat 2: PAULOGCS ($2.02 in chips) 
Seat 3: hsiffihc ($0.56 in chips) 
Seat 4: umka186 ($2.54 in chips) 
Seat 5: prof 6063 ($3.70 in chips) 
Seat 6: MLL1314168 ($2.37 in chips) 
Seat 7: FilMiami ($0.82 in chips) 
Seat 8: Dorex2007 ($2 in chips) 
Seat 9: thiago N.A ($1.84 in chips) 
doktor533: posts small blind $0.01
PAULOGCS: posts big blind $0.02
Dorex2007: posts big blind $0.02
*** HOLE CARDS ***
Dealt to Dorex2007 [Js 6h]
hsiffihc: folds 
umka186: folds 
prof 6063: calls $0.02
MLL1314168: calls $0.02
FilMiami: folds 
Dorex2007: checks 
thiago N.A: folds 
doktor533: calls $0.01
PAULOGCS: checks 
*** FLOP *** [6s Qc 5d]
doktor533: bets $0.05
PAULOGCS: folds 
prof 6063: folds 
MLL1314168: folds 
Dorex2007: folds 
Uncalled bet ($0.05) returned to doktor533
doktor533 collected $0.10 from pot
doktor533: doesn't show hand 
*** SUMMARY ***
Total pot $0.10 | Rake $0 
Board [6s Qc 5d]
Seat 1: doktor533 (small blind) collected ($0.10)
Seat 2: PAULOGCS (big blind) folded on the Flop
Seat 3: hsiffihc folded before Flop (didn't bet)
Seat 4: umka186 folded before Flop (didn't bet)
Seat 5: prof 6063 folded on the Flop
Seat 6: MLL1314168 folded on the Flop
Seat 7: FilMiami folded before Flop (didn't bet)
Seat 8: Dorex2007 folded on the Flop (didn't bet)
Seat 9: thiago N.A (button) folded before Flop (didn't bet)



PokerStars Hand #233111058403:  Hold'em No Limit ($0.01/$0.02 USD) - 2022/01/13 17:18:17 PT [2022/01/13 20:18:17 ET]
Table 'Clorinde II' 9-max Seat #1 is the button
Seat 1: doktor533 ($0.46 in chips) 
Seat 2: PAULOGCS ($2 in chips) 
Seat 3: hsiffihc ($0.56 in chips) 
Seat 4: umka186 ($2.54 in chips) 
Seat 5: prof 6063 ($3.68 in chips) 
Seat 6: MLL1314168 ($2.35 in chips) 
Seat 7: FilMiami ($0.82 in chips) 
Seat 8: Dorex2007 ($2 in chips) 
Seat 9: thiago N.A ($1.84 in chips) 
PAULOGCS: posts small blind $0.01
hsiffihc: posts big blind $0.02
*** HOLE CARDS ***
Dealt to Dorex2007 [8c Kc]
umka186: folds 
prof 6063: folds 
MLL1314168: folds 
FilMiami: folds 
Dorex2007: raises $0.04 to $0.06
thiago N.A: folds 
doktor533: folds 
PAULOGCS: folds 
hsiffihc: folds 
Uncalled bet ($0.04) returned to Dorex2007
Dorex2007 collected $0.05 from pot
Dorex2007: doesn't show hand 
*** SUMMARY ***
Total pot $0.05 | Rake $0 
Seat 1: doktor533 (button) folded before Flop (didn't bet)
Seat 2: PAULOGCS (small blind) folded before Flop
Seat 3: hsiffihc (big blind) folded before Flop
Seat 4: umka186 folded before Flop (didn't bet)
Seat 5: prof 6063 folded before Flop (didn't bet)
Seat 6: MLL1314168 folded before Flop (didn't bet)
Seat 7: FilMiami folded before Flop (didn't bet)
Seat 8: Dorex2007 collected ($0.05)
Seat 9: thiago N.A folded before Flop (didn't bet)



PokerStars Hand #233111066644:  Hold'em No Limit ($0.01/$0.02 USD) - 2022/01/13 17:18:44 PT [2022/01/13 20:18:44 ET]
Table 'Clorinde II' 9-max Seat #2 is the button
Seat 1: doktor533 ($0.46 in chips) 
Seat 2: PAULOGCS ($1.99 in chips) 
Seat 3: hsiffihc ($0.54 in chips) 
Seat 4: umka186 ($2.54 in chips) 
Seat 5: prof 6063 ($3.68 in chips) 
Seat 6: MLL1314168 ($2.35 in chips) 
Seat 7: FilMiami ($0.82 in chips) 
Seat 8: Dorex2007 ($2.03 in chips) 
Seat 9: thiago N.A ($1.84 in chips) 
hsiffihc: posts small blind $0.01
umka186: posts big blind $0.02
*** HOLE CARDS ***
Dealt to Dorex2007 [Jh 8c]
prof 6063: calls $0.02
MLL1314168 has timed out
MLL1314168: folds 
FilMiami: folds 
Dorex2007: folds 
thiago N.A: folds 
doktor533: calls $0.02
PAULOGCS: raises $0.04 to $0.06
hsiffihc: folds 
umka186: folds 
prof 6063: calls $0.04
doktor533: calls $0.04
*** FLOP *** [6d 6h 9h]
prof 6063: checks 
doktor533: checks 
PAULOGCS: checks 
*** TURN *** [6d 6h 9h] [2d]
prof 6063: checks 
doktor533: checks 
PAULOGCS: bets $0.10
prof 6063: folds 
doktor533: calls $0.10
*** RIVER *** [6d 6h 9h 2d] [5d]
doktor533: bets $0.02
PAULOGCS: raises $0.08 to $0.10
doktor533: folds 
Uncalled bet ($0.08) returned to PAULOGCS
PAULOGCS collected $0.43 from pot
PAULOGCS: doesn't show hand 
*** SUMMARY ***
Total pot $0.45 | Rake $0.02 
Board [6d 6h 9h 2d 5d]
Seat 1: doktor533 folded on the River
Seat 2: PAULOGCS (button) collected ($0.43)
Seat 3: hsiffihc (small blind) folded before Flop
Seat 4: umka186 (big blind) folded before Flop
Seat 5: prof 6063 folded on the Turn
Seat 6: MLL1314168 folded before Flop (didn't bet)
Seat 7: FilMiami folded before Flop (didn't bet)
Seat 8: Dorex2007 folded before Flop (didn't bet)
Seat 9: thiago N.A folded before Flop (didn't bet)



PokerStars Hand #233111106329:  Hold'em No Limit ($0.01/$0.02 USD) - 2022/01/13 17:20:43 PT [2022/01/13 20:20:43 ET]
Table 'Clorinde II' 9-max Seat #3 is the button
Seat 1: doktor533 ($0.28 in chips) 
Seat 2: PAULOGCS ($2.24 in chips) 
Seat 3: hsiffihc ($0.53 in chips) 
Seat 4: umka186 ($2.52 in chips) 
Seat 5: prof 6063 ($3.62 in chips) 
Seat 6: MLL1314168 ($2.35 in chips) 
Seat 7: FilMiami ($0.82 in chips) 
Seat 8: Dorex2007 ($2.03 in chips) 
Seat 9: thiago N.A ($1.84 in chips) 
umka186: posts small blind $0.01
prof 6063: posts big blind $0.02
*** HOLE CARDS ***
Dealt to Dorex2007 [5d Jh]
MLL1314168: folds 
FilMiami: folds 
Dorex2007: folds 
thiago N.A: folds 
thiago N.A leaves the table
doktor533: calls $0.02
PAULOGCS: folds 
PAULOGCS leaves the table
hsiffihc: folds 
umka186: folds 
prof 6063: checks 
*** FLOP *** [Jc 9s 5c]
prof 6063: checks 
doktor533: checks 
*** TURN *** [Jc 9s 5c] [3d]
prof 6063: checks 
chefecoxim joins the table at seat #9 
doktor533: checks 
*** RIVER *** [Jc 9s 5c 3d] [Jd]
prof 6063: checks 
doktor533: checks 
*** SHOW DOWN ***
prof 6063: shows [Tc 8h] (a pair of Jacks)
doktor533: shows [As 6h] (a pair of Jacks - Ace kicker)
doktor533 collected $0.05 from pot
*** SUMMARY ***
Total pot $0.05 | Rake $0 
Board [Jc 9s 5c 3d Jd]
Seat 1: doktor533 showed [As 6h] and won ($0.05) with a pair of Jacks
Seat 2: PAULOGCS folded before Flop (didn't bet)
Seat 3: hsiffihc (button) folded before Flop (didn't bet)
Seat 4: umka186 (small blind) folded before Flop
Seat 5: prof 6063 (big blind) showed [Tc 8h] and lost with a pair of Jacks
Seat 6: MLL1314168 folded before Flop (didn't bet)
Seat 7: FilMiami folded before Flop (didn't bet)
Seat 8: Dorex2007 folded before Flop (didn't bet)
Seat 9: thiago N.A folded before Flop (didn't bet)



PokerStars Hand #233111119387:  Hold'em No Limit ($0.01/$0.02 USD) - 2022/01/13 17:21:24 PT [2022/01/13 20:21:24 ET]
Table 'Clorinde II' 9-max Seat #4 is the button
Seat 1: doktor533 ($0.31 in chips) 
Seat 3: hsiffihc ($0.53 in chips) 
Seat 4: umka186 ($2.51 in chips) 
Seat 5: prof 6063 ($3.60 in chips) 
Seat 6: MLL1314168 ($2.35 in chips) 
Seat 7: FilMiami ($0.82 in chips) 
Seat 8: Dorex2007 ($2.03 in chips) 
Seat 9: chefecoxim ($1.60 in chips) 
prof 6063: posts small blind $0.01
MLL1314168: posts big blind $0.02
chefecoxim: posts big blind $0.02
*** HOLE CARDS ***
Dealt to Dorex2007 [7d 4s]
FilMiami: folds 
Dorex2007: folds 
chefecoxim: checks 
doktor533: calls $0.02
hsiffihc: folds 
umka186: folds 
prof 6063: calls $0.01
MLL1314168: checks 
*** FLOP *** [Jd Js 5d]
prof 6063: checks 
MLL1314168: checks 
chefecoxim: checks 
doktor533: checks 
*** TURN *** [Jd Js 5d] [8s]
prof 6063: checks 
MLL1314168: checks 
chefecoxim: checks 
doktor533: checks 
*** RIVER *** [Jd Js 5d 8s] [2h]
prof 6063: checks 
MLL1314168: checks 
chefecoxim: checks 
doktor533: checks 
*** SHOW DOWN ***
prof 6063: shows [3c Kh] (a pair of Jacks)
MLL1314168: shows [6d 5s] (two pair, Jacks and Fives)
chefecoxim: mucks hand 
doktor533: mucks hand 
MLL1314168 collected $0.08 from pot
*** SUMMARY ***
Total pot $0.08 | Rake $0 
Board [Jd Js 5d 8s 2h]
Seat 1: doktor533 mucked [Td 9h]
Seat 3: hsiffihc folded before Flop (didn't bet)
Seat 4: umka186 (button) folded before Flop (didn't bet)
Seat 5: prof 6063 (small blind) showed [3c Kh] and lost with a pair of Jacks
Seat 6: MLL1314168 (big blind) showed [6d 5s] and won ($0.08) with two pair, Jacks and Fives
Seat 7: FilMiami folded before Flop (didn't bet)
Seat 8: Dorex2007 folded before Flop (didn't bet)
Seat 9: chefecoxim mucked [9s 6h]



PokerStars Hand #233111138290:  Hold'em No Limit ($0.01/$0.02 USD) - 2022/01/13 17:22:25 PT [2022/01/13 20:22:25 ET]
Table 'Clorinde II' 9-max Seat #5 is the button
Seat 1: doktor533 ($0.29 in chips) 
Seat 3: hsiffihc ($0.53 in chips) 
Seat 4: umka186 ($2.51 in chips) 
Seat 5: prof 6063 ($3.58 in chips) 
Seat 6: MLL1314168 ($2.41 in chips) 
Seat 7: FilMiami ($0.82 in chips) 
Seat 8: Dorex2007 ($2.03 in chips) 
Seat 9: chefecoxim ($1.58 in chips) 
MLL1314168: posts small blind $0.01
FilMiami: posts big blind $0.02
*** HOLE CARDS ***
Dealt to Dorex2007 [4h As]
Dorex2007: folds 
chefecoxim: calls $0.02
doktor533: calls $0.02
hsiffihc: folds 
umka186: folds 
prof 6063: folds 
MLL1314168: calls $0.01
FilMiami: checks 
*** FLOP *** [Ks 5c Jh]
MLL1314168: checks 
FilMiami: checks 
chefecoxim: bets $0.04
doktor533: raises $0.04 to $0.08
MLL1314168: folds 
FilMiami: folds 
chefecoxim: calls $0.04
*** TURN *** [Ks 5c Jh] [4c]
chefecoxim: bets $0.04
doktor533: raises $0.15 to $0.19 and is all-in
chefecoxim: folds 
Uncalled bet ($0.15) returned to doktor533
doktor533 collected $0.31 from pot
doktor533: doesn't show hand 
*** SUMMARY ***
Total pot $0.32 | Rake $0.01 
Board [Ks 5c Jh 4c]
Seat 1: doktor533 collected ($0.31)
Seat 3: hsiffihc folded before Flop (didn't bet)
Seat 4: umka186 folded before Flop (didn't bet)
Seat 5: prof 6063 (button) folded before Flop (didn't bet)
Seat 6: MLL1314168 (small blind) folded on the Flop
Seat 7: FilMiami (big blind) folded on the Flop
Seat 8: Dorex2007 folded before Flop (didn't bet)
Seat 9: chefecoxim folded on the Turn



PokerStars Hand #233111155796:  Hold'em No Limit ($0.01/$0.02 USD) - 2022/01/13 17:23:21 PT [2022/01/13 20:23:21 ET]
Table 'Clorinde II' 9-max Seat #6 is the button
Seat 1: doktor533 ($0.46 in chips) 
Seat 3: hsiffihc ($0.53 in chips) 
Seat 4: umka186 ($2.51 in chips) 
Seat 5: prof 6063 ($3.58 in chips) 
Seat 6: MLL1314168 ($2.39 in chips) 
Seat 7: FilMiami ($0.80 in chips) 
Seat 8: Dorex2007 ($2.03 in chips) 
Seat 9: chefecoxim ($1.44 in chips) 
FilMiami: posts small blind $0.01
Dorex2007: posts big blind $0.02
*** HOLE CARDS ***
Dealt to Dorex2007 [5d 2h]
georgebigode joins the table at seat #2 
chefecoxim: folds 
doktor533: folds 
hsiffihc: folds 
doktor533 leaves the table
umka186: folds 
prof 6063: calls $0.02
hgmonegatto89 joins the table at seat #1 
MLL1314168: folds 
FilMiami: raises $0.06 to $0.08
Dorex2007: folds 
prof 6063: calls $0.06
*** FLOP *** [5s 8s Kh]
FilMiami: bets $0.08
prof 6063: folds 
Uncalled bet ($0.08) returned to FilMiami
FilMiami collected $0.17 from pot
FilMiami: doesn't show hand 
*** SUMMARY ***
Total pot $0.18 | Rake $0.01 
Board [5s 8s Kh]
Seat 1: doktor533 folded before Flop (didn't bet)
Seat 3: hsiffihc folded before Flop (didn't bet)
Seat 4: umka186 folded before Flop (didn't bet)
Seat 5: prof 6063 folded on the Flop
Seat 6: MLL1314168 (button) folded before Flop (didn't bet)
Seat 7: FilMiami (small blind) collected ($0.17)
Seat 8: Dorex2007 (big blind) folded before Flop
Seat 9: chefecoxim folded before Flop (didn't bet)



PokerStars Hand #233111172550:  Hold'em No Limit ($0.01/$0.02 USD) - 2022/01/13 17:24:15 PT [2022/01/13 20:24:15 ET]
Table 'Clorinde II' 9-max Seat #7 is the button
Seat 3: hsiffihc ($0.53 in chips) 
Seat 4: umka186 ($2.51 in chips) 
Seat 5: prof 6063 ($3.50 in chips) 
Seat 6: MLL1314168 ($2.39 in chips) 
Seat 7: FilMiami ($0.89 in chips) 
Seat 8: Dorex2007 ($2.01 in chips) 
Seat 9: chefecoxim ($1.44 in chips) 
Dorex2007: posts small blind $0.01
chefecoxim: posts big blind $0.02
hgmonegatto89: sits out 
georgebigode: sits out 
*** HOLE CARDS ***
Dealt to Dorex2007 [3s Qs]
hsiffihc: folds 
umka186: folds 
prof 6063: calls $0.02
MLL1314168: folds 
FilMiami: raises $0.06 to $0.08
Dorex2007: folds 
chefecoxim: folds 
prof 6063: calls $0.06
*** FLOP *** [4c Tc 6d]
MLL1314168 leaves the table
prof 6063: checks 
FilMiami: bets $0.08
prof 6063: calls $0.08
*** TURN *** [4c Tc 6d] [Kc]
prof 6063: checks 
weverson315 joins the table at seat #6 
FilMiami: bets $0.12
prof 6063: folds 
Uncalled bet ($0.12) returned to FilMiami
FilMiami collected $0.34 from pot
FilMiami: doesn't show hand 
*** SUMMARY ***
Total pot $0.35 | Rake $0.01 
Board [4c Tc 6d Kc]
Seat 3: hsiffihc folded before Flop (didn't bet)
Seat 4: umka186 folded before Flop (didn't bet)
Seat 5: prof 6063 folded on the Turn
Seat 6: MLL1314168 folded before Flop (didn't bet)
Seat 7: FilMiami (button) collected ($0.34)
Seat 8: Dorex2007 (small blind) folded before Flop
Seat 9: chefecoxim (big blind) folded before Flop



PokerStars Hand #233111183224:  Hold'em No Limit ($0.01/$0.02 USD) - 2022/01/13 17:24:50 PT [2022/01/13 20:24:50 ET]
Table 'Clorinde II' 9-max Seat #8 is the button
Seat 1: hgmonegatto89 ($1.60 in chips) 
Seat 3: hsiffihc ($0.53 in chips) 
Seat 4: umka186 ($2.51 in chips) 
Seat 5: prof 6063 ($3.34 in chips) 
Seat 6: weverson315 ($2 in chips) 
Seat 7: FilMiami ($1.07 in chips) 
Seat 8: Dorex2007 ($2 in chips) 
Seat 9: chefecoxim ($1.42 in chips) 
chefecoxim: posts small blind $0.01
hgmonegatto89: posts big blind $0.02
georgebigode: sits out 
weverson315: posts big blind $0.02
*** HOLE CARDS ***
Dealt to Dorex2007 [Kc Qc]
hsiffihc: folds 
umka186: folds 
prof 6063: folds 
weverson315: checks 
FilMiami: folds 
Dorex2007: raises $0.02 to $0.04
chefecoxim: calls $0.03
hgmonegatto89: folds 
weverson315: folds 
*** FLOP *** [Ac Td Jd]
chefecoxim: bets $0.02
Dorex2007: raises $0.04 to $0.06
chefecoxim: calls $0.04
*** TURN *** [Ac Td Jd] [Tc]
chefecoxim: bets $0.02
Dorex2007: raises $0.06 to $0.08
chefecoxim: calls $0.06
*** RIVER *** [Ac Td Jd Tc] [As]
chefecoxim: bets $0.02
Dorex2007: calls $0.02
*** SHOW DOWN ***
chefecoxim: shows [Js 8h] (two pair, Aces and Jacks)
Dorex2007: shows [Kc Qc] (a straight, Ten to Ace)
Dorex2007 collected $0.42 from pot
*** SUMMARY ***
Total pot $0.44 | Rake $0.02 
Board [Ac Td Jd Tc As]
Seat 1: hgmonegatto89 (big blind) folded before Flop
Seat 3: hsiffihc folded before Flop (didn't bet)
Seat 4: umka186 folded before Flop (didn't bet)
Seat 5: prof 6063 folded before Flop (didn't bet)
Seat 6: weverson315 folded before Flop (didn't bet)
Seat 7: FilMiami folded before Flop (didn't bet)
Seat 8: Dorex2007 (button) showed [Kc Qc] and won ($0.42) with a straight, Ten to Ace
Seat 9: chefecoxim (small blind) showed [Js 8h] and lost with two pair, Aces and Jacks



PokerStars Hand #233111201607:  Hold'em No Limit ($0.01/$0.02 USD) - 2022/01/13 17:25:47 PT [2022/01/13 20:25:47 ET]
Table 'Clorinde II' 9-max Seat #9 is the button
Seat 1: hgmonegatto89 ($1.58 in chips) 
Seat 2: georgebigode ($0.80 in chips) 
Seat 3: hsiffihc ($0.53 in chips) 
Seat 4: umka186 ($2.51 in chips) 
Seat 5: prof 6063 ($3.34 in chips) 
Seat 6: weverson315 ($2 in chips) 
Seat 7: FilMiami ($1.07 in chips) 
Seat 8: Dorex2007 ($2.22 in chips) 
Seat 9: chefecoxim ($1.22 in chips) 
hgmonegatto89: posts small blind $0.01
georgebigode: posts big blind $0.02
*** HOLE CARDS ***
Dealt to Dorex2007 [Th 7d]
hsiffihc: folds 
umka186: folds 
prof 6063: calls $0.02
weverson315: folds 
FilMiami: folds 
Dorex2007: folds 
chefecoxim: folds 
hgmonegatto89: raises $0.04 to $0.06
georgebigode: folds 
prof 6063: calls $0.04
*** FLOP *** [Js 6h Ad]
hgmonegatto89: checks 
prof 6063: checks 
*** TURN *** [Js 6h Ad] [5s]
hgmonegatto89: bets $0.07
prof 6063: folds 
Uncalled bet ($0.07) returned to hgmonegatto89
hgmonegatto89 collected $0.14 from pot
hgmonegatto89: doesn't show hand 
*** SUMMARY ***
Total pot $0.14 | Rake $0 
Board [Js 6h Ad 5s]
Seat 1: hgmonegatto89 (small blind) collected ($0.14)
Seat 2: georgebigode (big blind) folded before Flop
Seat 3: hsiffihc folded before Flop (didn't bet)
Seat 4: umka186 folded before Flop (didn't bet)
Seat 5: prof 6063 folded on the Turn
Seat 6: weverson315 folded before Flop (didn't bet)
Seat 7: FilMiami folded before Flop (didn't bet)
Seat 8: Dorex2007 folded before Flop (didn't bet)
Seat 9: chefecoxim (button) folded before Flop (didn't bet)



PokerStars Hand #233111213218:  Hold'em No Limit ($0.01/$0.02 USD) - 2022/01/13 17:26:25 PT [2022/01/13 20:26:25 ET]
Table 'Clorinde II' 9-max Seat #1 is the button
Seat 1: hgmonegatto89 ($1.66 in chips) 
Seat 2: georgebigode ($0.78 in chips) 
Seat 3: hsiffihc ($0.53 in chips) 
Seat 4: umka186 ($2.51 in chips) 
Seat 5: prof 6063 ($3.28 in chips) 
Seat 6: weverson315 ($2 in chips) 
Seat 7: FilMiami ($1.07 in chips) 
Seat 8: Dorex2007 ($2.22 in chips) 
Seat 9: chefecoxim ($1.22 in chips) 
georgebigode: posts small blind $0.01
hsiffihc: posts big blind $0.02
*** HOLE CARDS ***
Dealt to Dorex2007 [Ac Js]
umka186: raises $0.04 to $0.06
prof 6063: folds 
weverson315: folds 
FilMiami: folds 
Dorex2007: folds 
chefecoxim: folds 
hgmonegatto89: folds 
georgebigode: folds 
hsiffihc: folds 
Uncalled bet ($0.04) returned to umka186
umka186 collected $0.05 from pot
*** SUMMARY ***
Total pot $0.05 | Rake $0 
Seat 1: hgmonegatto89 (button) folded before Flop (didn't bet)
Seat 2: georgebigode (small blind) folded before Flop
Seat 3: hsiffihc (big blind) folded before Flop
Seat 4: umka186 collected ($0.05)
Seat 5: prof 6063 folded before Flop (didn't bet)
Seat 6: weverson315 folded before Flop (didn't bet)
Seat 7: FilMiami folded before Flop (didn't bet)
Seat 8: Dorex2007 folded before Flop (didn't bet)
Seat 9: chefecoxim folded before Flop (didn't bet)



PokerStars Hand #233111218768:  Hold'em No Limit ($0.01/$0.02 USD) - 2022/01/13 17:26:43 PT [2022/01/13 20:26:43 ET]
Table 'Clorinde II' 9-max Seat #2 is the button
Seat 1: hgmonegatto89 ($1.66 in chips) 
Seat 2: georgebigode ($0.77 in chips) 
Seat 3: hsiffihc ($0.51 in chips) 
Seat 4: umka186 ($2.54 in chips) 
Seat 5: prof 6063 ($3.28 in chips) 
Seat 6: weverson315 ($2 in chips) 
Seat 7: FilMiami ($1.07 in chips) 
Seat 8: Dorex2007 ($2.22 in chips) 
Seat 9: chefecoxim ($1.22 in chips) 
hsiffihc: posts small blind $0.01
umka186: posts big blind $0.02
*** HOLE CARDS ***
Dealt to Dorex2007 [Th Ts]
prof 6063: calls $0.02
weverson315: folds 
FilMiami: folds 
Dorex2007: raises $0.08 to $0.10
chefecoxim: folds 
hgmonegatto89: folds 
georgebigode: folds 
hsiffihc: folds 
umka186: folds 
prof 6063: calls $0.08
*** FLOP *** [Qh 9s Ac]
prof 6063: checks 
Dorex2007: checks 
*** TURN *** [Qh 9s Ac] [Qs]
prof 6063: checks 
Dorex2007: bets $0.11
prof 6063: folds 
Uncalled bet ($0.11) returned to Dorex2007
Dorex2007 collected $0.22 from pot
Dorex2007: doesn't show hand 
*** SUMMARY ***
Total pot $0.23 | Rake $0.01 
Board [Qh 9s Ac Qs]
Seat 1: hgmonegatto89 folded before Flop (didn't bet)
Seat 2: georgebigode (button) folded before Flop (didn't bet)
Seat 3: hsiffihc (small blind) folded before Flop
Seat 4: umka186 (big blind) folded before Flop
Seat 5: prof 6063 folded on the Turn
Seat 6: weverson315 folded before Flop (didn't bet)
Seat 7: FilMiami folded before Flop (didn't bet)
Seat 8: Dorex2007 collected ($0.22)
Seat 9: chefecoxim folded before Flop (didn't bet)



PokerStars Hand #233111227585:  Hold'em No Limit ($0.01/$0.02 USD) - 2022/01/13 17:27:12 PT [2022/01/13 20:27:12 ET]
Table 'Clorinde II' 9-max Seat #3 is the button
Seat 1: hgmonegatto89 ($1.66 in chips) 
Seat 2: georgebigode ($0.77 in chips) 
Seat 3: hsiffihc ($0.50 in chips) 
Seat 4: umka186 ($2.52 in chips) 
Seat 5: prof 6063 ($3.18 in chips) 
Seat 6: weverson315 ($2 in chips) 
Seat 7: FilMiami ($1.07 in chips) 
Seat 8: Dorex2007 ($2.34 in chips) 
Seat 9: chefecoxim ($1.22 in chips) 
umka186: posts small blind $0.01
prof 6063: posts big blind $0.02
*** HOLE CARDS ***
Dealt to Dorex2007 [6d 8s]
weverson315: folds 
FilMiami: folds 
Dorex2007: folds 
chefecoxim: calls $0.02
hgmonegatto89: folds 
georgebigode: folds 
hsiffihc: calls $0.02
umka186: folds 
prof 6063: checks 
*** FLOP *** [2s 7d Qh]
prof 6063: checks 
chefecoxim: checks 
hsiffihc: checks 
*** TURN *** [2s 7d Qh] [6h]
prof 6063: checks 
chefecoxim: checks 
hsiffihc: checks 
*** RIVER *** [2s 7d Qh 6h] [6s]
prof 6063: checks 
chefecoxim: checks 
hsiffihc: checks 
*** SHOW DOWN ***
prof 6063: shows [3h Th] (a pair of Sixes)
chefecoxim: shows [9h Tc] (a pair of Sixes - Queen+Ten+Nine kicker)
hsiffihc: shows [Ac 3d] (a pair of Sixes - Ace kicker)
hsiffihc collected $0.07 from pot
*** SUMMARY ***
Total pot $0.07 | Rake $0 
Board [2s 7d Qh 6h 6s]
Seat 1: hgmonegatto89 folded before Flop (didn't bet)
Seat 2: georgebigode folded before Flop (didn't bet)
Seat 3: hsiffihc (button) showed [Ac 3d] and won ($0.07) with a pair of Sixes
Seat 4: umka186 (small blind) folded before Flop
Seat 5: prof 6063 (big blind) showed [3h Th] and lost with a pair of Sixes
Seat 6: weverson315 folded before Flop (didn't bet)
Seat 7: FilMiami folded before Flop (didn't bet)
Seat 8: Dorex2007 folded before Flop (didn't bet)
Seat 9: chefecoxim showed [9h Tc] and lost with a pair of Sixes



PokerStars Hand #233111247986:  Hold'em No Limit ($0.01/$0.02 USD) - 2022/01/13 17:27:49 PT [2022/01/13 20:27:49 ET]
Table 'Clorinde II' 9-max Seat #4 is the button
Seat 1: hgmonegatto89 ($1.66 in chips) 
Seat 2: georgebigode ($0.77 in chips) 
Seat 3: hsiffihc ($0.55 in chips) 
Seat 4: umka186 ($2.51 in chips) 
Seat 5: prof 6063 ($3.16 in chips) 
Seat 6: weverson315 ($2 in chips) 
Seat 7: FilMiami ($1.07 in chips) 
Seat 8: Dorex2007 ($2.34 in chips) 
Seat 9: chefecoxim ($1.20 in chips) 
prof 6063: posts small blind $0.01
weverson315: posts big blind $0.02
*** HOLE CARDS ***
Dealt to Dorex2007 [8d Ks]
FilMiami: folds 
Dorex2007: folds 
chefecoxim: calls $0.02
hgmonegatto89: raises $0.04 to $0.06
georgebigode: folds 
hsiffihc: folds 
umka186: folds 
prof 6063: calls $0.05
weverson315: folds 
chefecoxim: calls $0.04
*** FLOP *** [Ad Kd 8s]
prof 6063: checks 
chefecoxim: bets $0.04
hgmonegatto89: calls $0.04
prof 6063: folds 
*** TURN *** [Ad Kd 8s] [4h]
chefecoxim: bets $0.04
prof 6063 leaves the table
hgmonegatto89: calls $0.04
*** RIVER *** [Ad Kd 8s 4h] [7s]
chefecoxim: bets $0.04
hgmonegatto89: calls $0.04
*** SHOW DOWN ***
chefecoxim: shows [3h As] (a pair of Aces)
hgmonegatto89: mucks hand 
chefecoxim collected $0.42 from pot
*** SUMMARY ***
Total pot $0.44 | Rake $0.02 
Board [Ad Kd 8s 4h 7s]
Seat 1: hgmonegatto89 mucked [Qd 9d]
Seat 2: georgebigode folded before Flop (didn't bet)
Seat 3: hsiffihc folded before Flop (didn't bet)
Seat 4: umka186 (button) folded before Flop (didn't bet)
Seat 5: prof 6063 (small blind) folded on the Flop
Seat 6: weverson315 (big blind) folded before Flop
Seat 7: FilMiami folded before Flop (didn't bet)
Seat 8: Dorex2007 folded before Flop (didn't bet)
Seat 9: chefecoxim showed [3h As] and won ($0.42) with a pair of Aces



PokerStars Hand #233111264636:  Hold'em No Limit ($0.01/$0.02 USD) - 2022/01/13 17:28:45 PT [2022/01/13 20:28:45 ET]
Table 'Clorinde II' 9-max Seat #6 is the button
Seat 1: hgmonegatto89 ($1.48 in chips) 
Seat 2: georgebigode ($0.77 in chips) 
Seat 3: hsiffihc ($0.55 in chips) 
Seat 4: umka186 ($2.51 in chips) 
Seat 6: weverson315 ($2 in chips) 
Seat 7: FilMiami ($1.07 in chips) 
Seat 8: Dorex2007 ($2.34 in chips) 
Seat 9: chefecoxim ($1.44 in chips) 
FilMiami: posts small blind $0.01
Dorex2007: posts big blind $0.02
*** HOLE CARDS ***
Dealt to Dorex2007 [Jd Ah]
chefecoxim: calls $0.02
hgmonegatto89: folds 
georgebigode: folds 
hsiffihc: folds 
divindor_dnipro joins the table at seat #5 
umka186: calls $0.02
weverson315: folds 
FilMiami: calls $0.01
Dorex2007: raises $0.06 to $0.08
chefecoxim: calls $0.06
umka186: calls $0.06
FilMiami: folds 
*** FLOP *** [Ks Tc 6c]
Dorex2007: bets $0.13
chefecoxim: folds 
umka186: folds 
Uncalled bet ($0.13) returned to Dorex2007
Dorex2007 collected $0.25 from pot
Dorex2007: doesn't show hand 
*** SUMMARY ***
Total pot $0.26 | Rake $0.01 
Board [Ks Tc 6c]
Seat 1: hgmonegatto89 folded before Flop (didn't bet)
Seat 2: georgebigode folded before Flop (didn't bet)
Seat 3: hsiffihc folded before Flop (didn't bet)
Seat 4: umka186 folded on the Flop
Seat 6: weverson315 (button) folded before Flop (didn't bet)
Seat 7: FilMiami (small blind) folded before Flop
Seat 8: Dorex2007 (big blind) collected ($0.25)
Seat 9: chefecoxim folded on the Flop



PokerStars Hand #233111277032:  Hold'em No Limit ($0.01/$0.02 USD) - 2022/01/13 17:29:26 PT [2022/01/13 20:29:26 ET]
Table 'Clorinde II' 9-max Seat #7 is the button
Seat 1: hgmonegatto89 ($1.48 in chips) 
Seat 2: georgebigode ($0.77 in chips) 
Seat 3: hsiffihc ($0.55 in chips) 
Seat 4: umka186 ($2.43 in chips) 
Seat 6: weverson315 ($2 in chips) 
Seat 7: FilMiami ($1.05 in chips) 
Seat 8: Dorex2007 ($2.51 in chips) 
Seat 9: chefecoxim ($1.36 in chips) 
Dorex2007: posts small blind $0.01
chefecoxim: posts big blind $0.02
divindor_dnipro: sits out 
*** HOLE CARDS ***
Dealt to Dorex2007 [As 2s]
hgmonegatto89: raises $0.03 to $0.05
georgebigode: calls $0.05
hsiffihc: folds 
umka186: folds 
weverson315: folds 
FilMiami: calls $0.05
Dorex2007: calls $0.04
chefecoxim: calls $0.03
*** FLOP *** [7h 8s 4s]
Dorex2007: bets $0.16
chefecoxim: folds 
hgmonegatto89: folds 
georgebigode: folds 
FilMiami: folds 
Uncalled bet ($0.16) returned to Dorex2007
Dorex2007 collected $0.24 from pot
Dorex2007: doesn't show hand 
*** SUMMARY ***
Total pot $0.25 | Rake $0.01 
Board [7h 8s 4s]
Seat 1: hgmonegatto89 folded on the Flop
Seat 2: georgebigode folded on the Flop
Seat 3: hsiffihc folded before Flop (didn't bet)
Seat 4: umka186 folded before Flop (didn't bet)
Seat 6: weverson315 folded before Flop (didn't bet)
Seat 7: FilMiami (button) folded on the Flop
Seat 8: Dorex2007 (small blind) collected ($0.24)
Seat 9: chefecoxim (big blind) folded on the Flop



PokerStars Hand #233111299685:  Hold'em No Limit ($0.01/$0.02 USD) - 2022/01/13 17:30:10 PT [2022/01/13 20:30:10 ET]
Table 'Clorinde II' 9-max Seat #8 is the button
Seat 1: hgmonegatto89 ($1.43 in chips) 
Seat 2: georgebigode ($0.72 in chips) 
Seat 3: hsiffihc ($0.55 in chips) 
Seat 4: umka186 ($2.43 in chips) 
Seat 6: weverson315 ($2 in chips) 
Seat 7: FilMiami ($1 in chips) 
Seat 8: Dorex2007 ($2.70 in chips) 
Seat 9: chefecoxim ($1.31 in chips) 
chefecoxim: posts small blind $0.01
hgmonegatto89: posts big blind $0.02
divindor_dnipro: sits out 
*** HOLE CARDS ***
Dealt to Dorex2007 [Qd Qc]
georgebigode: folds 
hsiffihc: folds 
umka186: folds 
weverson315: folds 
FilMiami: raises $0.04 to $0.06
Dorex2007: raises $0.12 to $0.18
chefecoxim: calls $0.17
hgmonegatto89: folds 
FilMiami: calls $0.12
*** FLOP *** [Ts 5c 6d]
chefecoxim: bets $0.02
FilMiami: calls $0.02
Dorex2007: raises $0.30 to $0.32
chefecoxim: folds 
FilMiami: folds 
Uncalled bet ($0.30) returned to Dorex2007
Dorex2007 collected $0.60 from pot
Dorex2007: doesn't show hand 
*** SUMMARY ***
Total pot $0.62 | Rake $0.02 
Board [Ts 5c 6d]
Seat 1: hgmonegatto89 (big blind) folded before Flop
Seat 2: georgebigode folded before Flop (didn't bet)
Seat 3: hsiffihc folded before Flop (didn't bet)
Seat 4: umka186 folded before Flop (didn't bet)
Seat 6: weverson315 folded before Flop (didn't bet)
Seat 7: FilMiami folded on the Flop
Seat 8: Dorex2007 (button) collected ($0.60)
Seat 9: chefecoxim (small blind) folded on the Flop



PokerStars Hand #233111317458:  Hold'em No Limit ($0.01/$0.02 USD) - 2022/01/13 17:31:09 PT [2022/01/13 20:31:09 ET]
Table 'Clorinde II' 9-max Seat #9 is the button
Seat 1: hgmonegatto89 ($1.41 in chips) 
Seat 2: georgebigode ($0.72 in chips) 
Seat 3: hsiffihc ($0.55 in chips) 
Seat 4: umka186 ($2.43 in chips) 
Seat 6: weverson315 ($2 in chips) 
Seat 7: FilMiami ($0.80 in chips) 
Seat 8: Dorex2007 ($3.10 in chips) 
Seat 9: chefecoxim ($1.11 in chips) 
hgmonegatto89: posts small blind $0.01
georgebigode: posts big blind $0.02
divindor_dnipro: sits out 
*** HOLE CARDS ***
Dealt to Dorex2007 [9c 5s]
hsiffihc: folds 
umka186: folds 
weverson315: folds 
FilMiami: folds 
Dorex2007: folds 
chefecoxim: calls $0.02
hgmonegatto89: folds 
georgebigode: checks 
*** FLOP *** [9s Qh Qc]
georgebigode: checks 
chefecoxim: checks 
*** TURN *** [9s Qh Qc] [3d]
georgebigode: bets $0.06
chefecoxim: calls $0.06
*** RIVER *** [9s Qh Qc 3d] [Kc]
georgebigode: checks 
chefecoxim: checks 
*** SHOW DOWN ***
georgebigode: shows [4h 9h] (two pair, Queens and Nines)
chefecoxim: mucks hand 
georgebigode collected $0.16 from pot
*** SUMMARY ***
Total pot $0.17 | Rake $0.01 
Board [9s Qh Qc 3d Kc]
Seat 1: hgmonegatto89 (small blind) folded before Flop
Seat 2: georgebigode (big blind) showed [4h 9h] and won ($0.16) with two pair, Queens and Nines
Seat 3: hsiffihc folded before Flop (didn't bet)
Seat 4: umka186 folded before Flop (didn't bet)
Seat 6: weverson315 folded before Flop (didn't bet)
Seat 7: FilMiami folded before Flop (didn't bet)
Seat 8: Dorex2007 folded before Flop (didn't bet)
Seat 9: chefecoxim (button) mucked [Ah 8d]



PokerStars Hand #233111328008:  Hold'em No Limit ($0.01/$0.02 USD) - 2022/01/13 17:31:43 PT [2022/01/13 20:31:43 ET]
Table 'Clorinde II' 9-max Seat #1 is the button
Seat 1: hgmonegatto89 ($1.40 in chips) 
Seat 2: georgebigode ($0.80 in chips) 
Seat 3: hsiffihc ($0.55 in chips) 
Seat 4: umka186 ($2.43 in chips) 
Seat 6: weverson315 ($2 in chips) 
Seat 7: FilMiami ($0.80 in chips) 
Seat 8: Dorex2007 ($3.10 in chips) 
Seat 9: chefecoxim ($1.03 in chips) 
georgebigode: posts small blind $0.01
hsiffihc: posts big blind $0.02
divindor_dnipro: sits out 
*** HOLE CARDS ***
Dealt to Dorex2007 [Tc 7h]
umka186: folds 
weverson315: folds 
FilMiami: folds 
Dorex2007: folds 
chefecoxim: folds 
hgmonegatto89: raises $0.03 to $0.05
georgebigode: folds 
hsiffihc: raises $0.11 to $0.16
hgmonegatto89: calls $0.11
*** FLOP *** [Th 4d Jh]
hsiffihc: bets $0.32
hgmonegatto89: raises $0.92 to $1.24 and is all-in
hsiffihc: calls $0.07 and is all-in
Uncalled bet ($0.85) returned to hgmonegatto89
*** TURN *** [Th 4d Jh] [8s]
*** RIVER *** [Th 4d Jh 8s] [Jc]
*** SHOW DOWN ***
hsiffihc: shows [Qh Ah] (a pair of Jacks)
hgmonegatto89: shows [9c 9s] (two pair, Jacks and Nines)
hgmonegatto89 collected $1.07 from pot
*** SUMMARY ***
Total pot $1.11 | Rake $0.04 
Board [Th 4d Jh 8s Jc]
Seat 1: hgmonegatto89 (button) showed [9c 9s] and won ($1.07) with two pair, Jacks and Nines
Seat 2: georgebigode (small blind) folded before Flop
Seat 3: hsiffihc (big blind) showed [Qh Ah] and lost with a pair of Jacks
Seat 4: umka186 folded before Flop (didn't bet)
Seat 6: weverson315 folded before Flop (didn't bet)
Seat 7: FilMiami folded before Flop (didn't bet)
Seat 8: Dorex2007 folded before Flop (didn't bet)
Seat 9: chefecoxim folded before Flop (didn't bet)



PokerStars Hand #233111350162:  Hold'em No Limit ($0.01/$0.02 USD) - 2022/01/13 17:32:43 PT [2022/01/13 20:32:43 ET]
Table 'Clorinde II' 9-max Seat #2 is the button
Seat 1: hgmonegatto89 ($1.92 in chips) 
Seat 2: georgebigode ($0.79 in chips) 
Seat 4: umka186 ($2.43 in chips) 
Seat 5: divindor_dnipro ($0.80 in chips) 
Seat 6: weverson315 ($2 in chips) 
Seat 7: FilMiami ($0.80 in chips) 
Seat 8: Dorex2007 ($3.10 in chips) 
Seat 9: chefecoxim ($1.03 in chips) 
umka186: posts small blind $0.01
divindor_dnipro: posts big blind $0.02
*** HOLE CARDS ***
Dealt to Dorex2007 [4d 9h]
hsiffihc leaves the table
weverson315: folds 
FilMiami: raises $0.04 to $0.06
Dorex2007: folds 
chefecoxim: calls $0.06
hgmonegatto89: folds 
georgebigode: calls $0.06
PokerDany_G joins the table at seat #3 
umka186: folds 
divindor_dnipro: calls $0.04
*** FLOP *** [8s Qs 7h]
divindor_dnipro: checks 
FilMiami: bets $0.12
chefecoxim: folds 
georgebigode: folds 
divindor_dnipro: folds 
Uncalled bet ($0.12) returned to FilMiami
FilMiami collected $0.24 from pot
FilMiami: doesn't show hand 
*** SUMMARY ***
Total pot $0.25 | Rake $0.01 
Board [8s Qs 7h]
Seat 1: hgmonegatto89 folded before Flop (didn't bet)
Seat 2: georgebigode (button) folded on the Flop
Seat 4: umka186 (small blind) folded before Flop
Seat 5: divindor_dnipro (big blind) folded on the Flop
Seat 6: weverson315 folded before Flop (didn't bet)
Seat 7: FilMiami collected ($0.24)
Seat 8: Dorex2007 folded before Flop (didn't bet)
Seat 9: chefecoxim folded on the Flop



PokerStars Hand #233111364524:  Hold'em No Limit ($0.01/$0.02 USD) - 2022/01/13 17:33:31 PT [2022/01/13 20:33:31 ET]
Table 'Clorinde II' 9-max Seat #4 is the button
Seat 1: hgmonegatto89 ($1.92 in chips) 
Seat 2: georgebigode ($0.73 in chips) 
Seat 4: umka186 ($2.42 in chips) 
Seat 5: divindor_dnipro ($0.74 in chips) 
Seat 6: weverson315 ($2 in chips) 
Seat 7: FilMiami ($0.98 in chips) 
Seat 8: Dorex2007 ($3.10 in chips) 
Seat 9: chefecoxim ($0.97 in chips) 
divindor_dnipro: posts small blind $0.01
weverson315: posts big blind $0.02
PokerDany_G: sits out 
*** HOLE CARDS ***
Dealt to Dorex2007 [4d 5s]
FilMiami: raises $0.04 to $0.06
Dorex2007: folds 
chefecoxim: raises $0.04 to $0.10
hgmonegatto89: folds 
georgebigode: folds 
umka186: folds 
divindor_dnipro: folds 
weverson315: folds 
FilMiami: calls $0.04
*** FLOP *** [5d 6s 7d]
FilMiami: checks 
chefecoxim: bets $0.04
FilMiami: calls $0.04
*** TURN *** [5d 6s 7d] [Kd]
FilMiami: checks 
chefecoxim: bets $0.08
FilMiami: folds 
Uncalled bet ($0.08) returned to chefecoxim
chefecoxim collected $0.30 from pot
chefecoxim: doesn't show hand 
*** SUMMARY ***
Total pot $0.31 | Rake $0.01 
Board [5d 6s 7d Kd]
Seat 1: hgmonegatto89 folded before Flop (didn't bet)
Seat 2: georgebigode folded before Flop (didn't bet)
Seat 4: umka186 (button) folded before Flop (didn't bet)
Seat 5: divindor_dnipro (small blind) folded before Flop
Seat 6: weverson315 (big blind) folded before Flop
Seat 7: FilMiami folded on the Turn
Seat 8: Dorex2007 folded before Flop (didn't bet)
Seat 9: chefecoxim collected ($0.30)



PokerStars Hand #233111377171:  Hold'em No Limit ($0.01/$0.02 USD) - 2022/01/13 17:34:13 PT [2022/01/13 20:34:13 ET]
Table 'Clorinde II' 9-max Seat #5 is the button
Seat 1: hgmonegatto89 ($1.92 in chips) 
Seat 2: georgebigode ($0.73 in chips) 
Seat 4: umka186 ($2.42 in chips) 
Seat 5: divindor_dnipro ($0.73 in chips) 
Seat 6: weverson315 ($2 in chips) 
Seat 7: FilMiami ($0.84 in chips) 
Seat 8: Dorex2007 ($3.10 in chips) 
Seat 9: chefecoxim ($1.13 in chips) 
weverson315: posts small blind $0.01
FilMiami: posts big blind $0.02
PokerDany_G: sits out 
*** HOLE CARDS ***
Dealt to Dorex2007 [Kc 9d]
Dorex2007: folds 
chefecoxim: folds 
hgmonegatto89: folds 
georgebigode: calls $0.02
umka186: folds 
divindor_dnipro: folds 
weverson315: calls $0.01
FilMiami: raises $0.06 to $0.08
georgebigode: calls $0.06
weverson315: folds 
*** FLOP *** [Ad 6d 2c]
FilMiami: bets $0.08
georgebigode: folds 
Uncalled bet ($0.08) returned to FilMiami
FilMiami collected $0.17 from pot
FilMiami: doesn't show hand 
*** SUMMARY ***
Total pot $0.18 | Rake $0.01 
Board [Ad 6d 2c]
Seat 1: hgmonegatto89 folded before Flop (didn't bet)
Seat 2: georgebigode folded on the Flop
Seat 4: umka186 folded before Flop (didn't bet)
Seat 5: divindor_dnipro (button) folded before Flop (didn't bet)
Seat 6: weverson315 (small blind) folded before Flop
Seat 7: FilMiami (big blind) collected ($0.17)
Seat 8: Dorex2007 folded before Flop (didn't bet)
Seat 9: chefecoxim folded before Flop (didn't bet)



PokerStars Hand #233111389859:  Hold'em No Limit ($0.01/$0.02 USD) - 2022/01/13 17:34:55 PT [2022/01/13 20:34:55 ET]
Table 'Clorinde II' 9-max Seat #6 is the button
Seat 1: hgmonegatto89 ($1.92 in chips) 
Seat 2: georgebigode ($0.65 in chips) 
Seat 4: umka186 ($2.42 in chips) 
Seat 5: divindor_dnipro ($0.73 in chips) 
Seat 6: weverson315 ($2 in chips) 
Seat 7: FilMiami ($0.93 in chips) 
Seat 8: Dorex2007 ($3.10 in chips) 
Seat 9: chefecoxim ($1.13 in chips) 
FilMiami: posts small blind $0.01
Dorex2007: posts big blind $0.02
PokerDany_G: sits out 
*** HOLE CARDS ***
Dealt to Dorex2007 [6c 7d]
chefecoxim: calls $0.02
hgmonegatto89: folds 
georgebigode: folds 
umka186: folds 
divindor_dnipro: folds 
weverson315: folds 
FilMiami: folds 
Dorex2007: checks 
*** FLOP *** [Ac Js 2h]
Dorex2007: checks 
chefecoxim: checks 
*** TURN *** [Ac Js 2h] [8c]
Dorex2007: checks 
chefecoxim: checks 
*** RIVER *** [Ac Js 2h 8c] [8h]
Dorex2007: bets $0.05
chefecoxim: folds 
Uncalled bet ($0.05) returned to Dorex2007
Dorex2007 collected $0.05 from pot
Dorex2007: doesn't show hand 
*** SUMMARY ***
Total pot $0.05 | Rake $0 
Board [Ac Js 2h 8c 8h]
Seat 1: hgmonegatto89 folded before Flop (didn't bet)
Seat 2: georgebigode folded before Flop (didn't bet)
Seat 4: umka186 folded before Flop (didn't bet)
Seat 5: divindor_dnipro folded before Flop (didn't bet)
Seat 6: weverson315 (button) folded before Flop (didn't bet)
Seat 7: FilMiami (small blind) folded before Flop
Seat 8: Dorex2007 (big blind) collected ($0.05)
Seat 9: chefecoxim folded on the River



PokerStars Hand #233111403013:  Hold'em No Limit ($0.01/$0.02 USD) - 2022/01/13 17:35:38 PT [2022/01/13 20:35:38 ET]
Table 'Clorinde II' 9-max Seat #7 is the button
Seat 1: hgmonegatto89 ($1.92 in chips) 
Seat 2: georgebigode ($0.65 in chips) 
Seat 4: umka186 ($2.42 in chips) 
Seat 5: divindor_dnipro ($0.73 in chips) 
Seat 6: weverson315 ($2 in chips) 
Seat 7: FilMiami ($0.92 in chips) 
Seat 8: Dorex2007 ($3.13 in chips) 
Seat 9: chefecoxim ($1.11 in chips) 
Dorex2007: posts small blind $0.01
chefecoxim: posts big blind $0.02
PokerDany_G: sits out 
*** HOLE CARDS ***
Dealt to Dorex2007 [4s Qc]
hgmonegatto89: folds 
georgebigode: calls $0.02
umka186: folds 
hgmonegatto89 leaves the table
divindor_dnipro: calls $0.02
weverson315: folds 
FilMiami: raises $0.06 to $0.08
Dorex2007: folds 
MrTequilaGuy joins the table at seat #1 
chefecoxim: calls $0.06
georgebigode: calls $0.06
divindor_dnipro: folds 
*** FLOP *** [9d 7h As]
chefecoxim: checks 
georgebigode: checks 
FilMiami: bets $0.13
chefecoxim: folds 
georgebigode: calls $0.13
*** TURN *** [9d 7h As] [3c]
georgebigode: checks 
FilMiami: bets $0.48
georgebigode: folds 
Uncalled bet ($0.48) returned to FilMiami
FilMiami collected $0.51 from pot
FilMiami: doesn't show hand 
*** SUMMARY ***
Total pot $0.53 | Rake $0.02 
Board [9d 7h As 3c]
Seat 1: hgmonegatto89 folded before Flop (didn't bet)
Seat 2: georgebigode folded on the Turn
Seat 4: umka186 folded before Flop (didn't bet)
Seat 5: divindor_dnipro folded before Flop
Seat 6: weverson315 folded before Flop (didn't bet)
Seat 7: FilMiami (button) collected ($0.51)
Seat 8: Dorex2007 (small blind) folded before Flop
Seat 9: chefecoxim (big blind) folded on the Flop



PokerStars Hand #233111423718:  Hold'em No Limit ($0.01/$0.02 USD) - 2022/01/13 17:36:45 PT [2022/01/13 20:36:45 ET]
Table 'Clorinde II' 9-max Seat #8 is the button
Seat 1: MrTequilaGuy ($2 in chips) 
Seat 2: georgebigode ($0.44 in chips) 
Seat 4: umka186 ($2.42 in chips) 
Seat 5: divindor_dnipro ($0.71 in chips) 
Seat 6: weverson315 ($2 in chips) 
Seat 7: FilMiami ($1.22 in chips) 
Seat 8: Dorex2007 ($3.12 in chips) 
Seat 9: chefecoxim ($1.03 in chips) 
chefecoxim: posts small blind $0.01
MrTequilaGuy: posts big blind $0.02
PokerDany_G: sits out 
*** HOLE CARDS ***
Dealt to Dorex2007 [Ts 6s]
georgebigode: calls $0.02
umka186: folds 
divindor_dnipro: folds 
weverson315: folds 
FilMiami: folds 
Dorex2007: folds 
chefecoxim: calls $0.01
MrTequilaGuy: checks 
*** FLOP *** [Th 4c 4h]
chefecoxim: bets $0.08
MrTequilaGuy: folds 
georgebigode: folds 
Uncalled bet ($0.08) returned to chefecoxim
chefecoxim collected $0.06 from pot
chefecoxim: doesn't show hand 
*** SUMMARY ***
Total pot $0.06 | Rake $0 
Board [Th 4c 4h]
Seat 1: MrTequilaGuy (big blind) folded on the Flop
Seat 2: georgebigode folded on the Flop
Seat 4: umka186 folded before Flop (didn't bet)
Seat 5: divindor_dnipro folded before Flop (didn't bet)
Seat 6: weverson315 folded before Flop (didn't bet)
Seat 7: FilMiami folded before Flop (didn't bet)
Seat 8: Dorex2007 (button) folded before Flop (didn't bet)
Seat 9: chefecoxim (small blind) collected ($0.06)



PokerStars Hand #233111432559:  Hold'em No Limit ($0.01/$0.02 USD) - 2022/01/13 17:37:14 PT [2022/01/13 20:37:14 ET]
Table 'Clorinde II' 9-max Seat #9 is the button
Seat 1: MrTequilaGuy ($1.98 in chips) 
Seat 2: georgebigode ($0.42 in chips) 
Seat 4: umka186 ($2.42 in chips) 
Seat 5: divindor_dnipro ($0.71 in chips) 
Seat 6: weverson315 ($2 in chips) 
Seat 7: FilMiami ($1.22 in chips) 
Seat 8: Dorex2007 ($3.12 in chips) 
Seat 9: chefecoxim ($1.07 in chips) 
MrTequilaGuy: posts small blind $0.01
georgebigode: posts big blind $0.02
PokerDany_G: sits out 
*** HOLE CARDS ***
Dealt to Dorex2007 [Qs Ah]
umka186: raises $0.04 to $0.06
divindor_dnipro: folds 
weverson315: calls $0.06
FilMiami: folds 
Dorex2007: calls $0.06
chefecoxim: calls $0.06
MrTequilaGuy: folds 
georgebigode: folds 
*** FLOP *** [Jh Kh Td]
umka186: bets $0.10
weverson315: folds 
Dorex2007: raises $0.23 to $0.33
chefecoxim: raises $0.23 to $0.56
umka186: folds 
Dorex2007: raises $2.50 to $3.06 and is all-in
chefecoxim: calls $0.45 and is all-in
Uncalled bet ($2.05) returned to Dorex2007
*** TURN *** [Jh Kh Td] [4h]
*** RIVER *** [Jh Kh Td 4h] [7c]
*** SHOW DOWN ***
Dorex2007: shows [Qs Ah] (a straight, Ten to Ace)
chefecoxim: shows [9h Qd] (a straight, Nine to King)
Dorex2007 cashed out the hand for $2.14 | Cash Out Fee $0.02
*** SUMMARY ***
Total pot $2.39 | Rake $0.08 
Board [Jh Kh Td 4h 7c]
Seat 1: MrTequilaGuy (small blind) folded before Flop
Seat 2: georgebigode (big blind) folded before Flop
Seat 4: umka186 folded on the Flop
Seat 5: divindor_dnipro folded before Flop (didn't bet)
Seat 6: weverson315 folded on the Flop
Seat 7: FilMiami folded before Flop (didn't bet)
Seat 8: Dorex2007 showed [Qs Ah] and won ($2.31) with a straight, Ten to Ace (pot not awarded as player cashed out)
Seat 9: chefecoxim (button) showed [9h Qd] and lost with a straight, Nine to King



PokerStars Hand #233111455956:  Hold'em No Limit ($0.01/$0.02 USD) - 2022/01/13 17:38:32 PT [2022/01/13 20:38:32 ET]
Table 'Clorinde II' 9-max Seat #1 is the button
Seat 1: MrTequilaGuy ($1.97 in chips) 
Seat 2: georgebigode ($0.40 in chips) 
Seat 3: PokerDany_G ($1.60 in chips) 
Seat 4: umka186 ($2.26 in chips) 
Seat 5: divindor_dnipro ($0.71 in chips) 
Seat 6: weverson315 ($2 in chips) 
Seat 7: FilMiami ($1.22 in chips) 
Seat 8: Dorex2007 ($4.19 in chips) 
georgebigode: posts small blind $0.01
PokerDany_G: posts big blind $0.02
*** HOLE CARDS ***
Dealt to Dorex2007 [7s 3s]
umka186: folds 
divindor_dnipro has timed out
divindor_dnipro: folds 
weverson315: folds 
FilMiami: folds 
Dorex2007: folds 
MrTequilaGuy has timed out
MrTequilaGuy: folds 
georgebigode: calls $0.01
PokerDany_G: checks 
*** FLOP *** [Ac 6c Jh]
georgebigode: checks 
PokerDany_G: checks 
*** TURN *** [Ac 6c Jh] [4h]
georgebigode: checks 
PokerDany_G: checks 
*** RIVER *** [Ac 6c Jh 4h] [5c]
georgebigode: checks 
PokerDany_G: checks 
*** SHOW DOWN ***
georgebigode: shows [8c 4d] (a pair of Fours)
PokerDany_G: shows [9h 9d] (a pair of Nines)
PokerDany_G collected $0.04 from pot
*** SUMMARY ***
Total pot $0.04 | Rake $0 
Board [Ac 6c Jh 4h 5c]
Seat 1: MrTequilaGuy (button) folded before Flop (didn't bet)
Seat 2: georgebigode (small blind) showed [8c 4d] and lost with a pair of Fours
Seat 3: PokerDany_G (big blind) showed [9h 9d] and won ($0.04) with a pair of Nines
Seat 4: umka186 folded before Flop (didn't bet)
Seat 5: divindor_dnipro folded before Flop (didn't bet)
Seat 6: weverson315 folded before Flop (didn't bet)
Seat 7: FilMiami folded before Flop (didn't bet)
Seat 8: Dorex2007 folded before Flop (didn't bet)



PokerStars Hand #233111475522:  Hold'em No Limit ($0.01/$0.02 USD) - 2022/01/13 17:39:38 PT [2022/01/13 20:39:38 ET]
Table 'Clorinde II' 9-max Seat #2 is the button
Seat 1: MrTequilaGuy ($1.97 in chips) 
Seat 2: georgebigode ($0.38 in chips) 
Seat 3: PokerDany_G ($1.62 in chips) 
Seat 4: umka186 ($2.26 in chips) 
Seat 5: divindor_dnipro ($0.71 in chips) 
Seat 6: weverson315 ($2 in chips) 
Seat 7: FilMiami ($1.22 in chips) 
Seat 8: Dorex2007 ($4.19 in chips) 
Seat 9: chefecoxim ($2 in chips) 
PokerDany_G: posts small blind $0.01
umka186: posts big blind $0.02
*** HOLE CARDS ***
Dealt to Dorex2007 [Ad Ac]
divindor_dnipro: folds 
divindor_dnipro leaves the table
weverson315: folds 
FilMiami: folds 
Dorex2007: raises $0.06 to $0.08
chefecoxim: calls $0.08
MrTequilaGuy: folds 
georgebigode: folds 
PokerDany_G: folds 
umka186: calls $0.06
*** FLOP *** [6c 8s 9d]
umka186: checks 
Dorex2007: bets $0.16
chefecoxim: folds 
umka186: calls $0.16
*** TURN *** [6c 8s 9d] [Qc]
umka186: checks 
Dorex2007: bets $0.37
xTheGorillaz joins the table at seat #5 
umka186: raises $1.65 to $2.02 and is all-in
Dorex2007: folds 
Uncalled bet ($1.65) returned to umka186
umka186 collected $1.26 from pot
*** SUMMARY ***
Total pot $1.31 | Rake $0.05 
Board [6c 8s 9d Qc]
Seat 1: MrTequilaGuy folded before Flop (didn't bet)
Seat 2: georgebigode (button) folded before Flop (didn't bet)
Seat 3: PokerDany_G (small blind) folded before Flop
Seat 4: umka186 (big blind) collected ($1.26)
Seat 5: divindor_dnipro folded before Flop (didn't bet)
Seat 6: weverson315 folded before Flop (didn't bet)
Seat 7: FilMiami folded before Flop (didn't bet)
Seat 8: Dorex2007 folded on the Turn
Seat 9: chefecoxim folded on the Flop



PokerStars Hand #233111500196:  Hold'em No Limit ($0.01/$0.02 USD) - 2022/01/13 17:40:59 PT [2022/01/13 20:40:59 ET]
Table 'Clorinde II' 9-max Seat #3 is the button
Seat 1: MrTequilaGuy ($1.97 in chips) 
Seat 2: georgebigode ($0.38 in chips) 
Seat 3: PokerDany_G ($1.61 in chips) 
Seat 4: umka186 ($2.91 in chips) 
Seat 5: xTheGorillaz ($1.30 in chips) 
Seat 6: weverson315 ($2 in chips) 
Seat 7: FilMiami ($1.22 in chips) 
Seat 8: Dorex2007 ($3.58 in chips) 
Seat 9: chefecoxim ($1.92 in chips) 
umka186: posts small blind $0.01
xTheGorillaz: posts big blind $0.02
*** HOLE CARDS ***
Dealt to Dorex2007 [Td 7s]
Dorex2007 said, "hope you had a good hand."
weverson315 has timed out
weverson315: folds 
FilMiami: folds 
Dorex2007: folds 
chefecoxim: folds 
MrTequilaGuy: raises $0.02 to $0.04
georgebigode: folds 
PokerDany_G: folds 
umka186: folds 
xTheGorillaz: folds 
Uncalled bet ($0.02) returned to MrTequilaGuy
MrTequilaGuy collected $0.05 from pot
MrTequilaGuy: doesn't show hand 
*** SUMMARY ***
Total pot $0.05 | Rake $0 
Seat 1: MrTequilaGuy collected ($0.05)
Seat 2: georgebigode folded before Flop (didn't bet)
Seat 3: PokerDany_G (button) folded before Flop (didn't bet)
Seat 4: umka186 (small blind) folded before Flop
Seat 5: xTheGorillaz (big blind) folded before Flop
Seat 6: weverson315 folded before Flop (didn't bet)
Seat 7: FilMiami folded before Flop (didn't bet)
Seat 8: Dorex2007 folded before Flop (didn't bet)
Seat 9: chefecoxim folded before Flop (didn't bet)



PokerStars Hand #233111509528:  Hold'em No Limit ($0.01/$0.02 USD) - 2022/01/13 17:41:30 PT [2022/01/13 20:41:30 ET]
Table 'Clorinde II' 9-max Seat #4 is the button
Seat 1: MrTequilaGuy ($2 in chips) 
Seat 2: georgebigode ($0.38 in chips) 
Seat 3: PokerDany_G ($1.61 in chips) 
Seat 4: umka186 ($2.90 in chips) 
Seat 5: xTheGorillaz ($1.28 in chips) 
Seat 6: weverson315 ($2 in chips) 
Seat 7: FilMiami ($1.22 in chips) 
Seat 8: Dorex2007 ($3.58 in chips) 
Seat 9: chefecoxim ($1.92 in chips) 
xTheGorillaz: posts small blind $0.01
weverson315: posts big blind $0.02
*** HOLE CARDS ***
Dealt to Dorex2007 [As Qs]
FilMiami: folds 
FilMiami leaves the table
Dorex2007: raises $0.04 to $0.06
chefecoxim: raises $0.04 to $0.10
MrTequilaGuy: folds 
georgebigode: folds 
PokerDany_G: folds 
umka186: folds 
xTheGorillaz: calls $0.09
weverson315: calls $0.08
Dorex2007: calls $0.04
*** FLOP *** [Jd 5s 4s]
xTheGorillaz: checks 
weverson315: checks 
Dorex2007: bets $0.20
chefecoxim: folds 
xTheGorillaz: folds 
weverson315: raises $1.70 to $1.90 and is all-in
ZDBigTurtle joins the table at seat #7 
Dorex2007: calls $1.70
*** TURN *** [Jd 5s 4s] [Ad]
*** RIVER *** [Jd 5s 4s Ad] [Qc]
*** SHOW DOWN ***
weverson315: shows [Kc Ks] (a pair of Kings)
Dorex2007: shows [As Qs] (two pair, Aces and Queens)
Dorex2007 cashed out the hand for $1.76 | Cash Out Fee $0.02
*** SUMMARY ***
Total pot $4.20 | Rake $0.15 
Board [Jd 5s 4s Ad Qc]
Seat 1: MrTequilaGuy folded before Flop (didn't bet)
Seat 2: georgebigode folded before Flop (didn't bet)
Seat 3: PokerDany_G folded before Flop (didn't bet)
Seat 4: umka186 (button) folded before Flop (didn't bet)
Seat 5: xTheGorillaz (small blind) folded on the Flop
Seat 6: weverson315 (big blind) showed [Kc Ks] and lost with a pair of Kings
Seat 7: FilMiami folded before Flop (didn't bet)
Seat 8: Dorex2007 showed [As Qs] and won ($4.05) with two pair, Aces and Queens (pot not awarded as player cashed out)
Seat 9: chefecoxim folded on the Flop



PokerStars Hand #233111535605:  Hold'em No Limit ($0.01/$0.02 USD) - 2022/01/13 17:42:58 PT [2022/01/13 20:42:58 ET]
Table 'Clorinde II' 9-max Seat #5 is the button
Seat 1: MrTequilaGuy ($2 in chips) 
Seat 2: georgebigode ($0.38 in chips) 
Seat 3: PokerDany_G ($1.61 in chips) 
Seat 4: umka186 ($2.90 in chips) 
Seat 5: xTheGorillaz ($1.18 in chips) 
Seat 6: weverson315 ($2 in chips) 
Seat 7: ZDBigTurtle ($1.60 in chips) 
Seat 8: Dorex2007 ($3.34 in chips) 
Seat 9: chefecoxim ($1.82 in chips) 
weverson315: posts small blind $0.01
ZDBigTurtle: posts big blind $0.02
*** HOLE CARDS ***
Dealt to Dorex2007 [5h 4s]
Dorex2007: folds 
chefecoxim: raises $0.02 to $0.04
MrTequilaGuy: calls $0.04
georgebigode: folds 
PokerDany_G: calls $0.04
umka186: folds 
xTheGorillaz: calls $0.04
weverson315: calls $0.03
ZDBigTurtle: calls $0.02
*** FLOP *** [8s 7h 2c]
weverson315: checks 
ZDBigTurtle: checks 
chefecoxim: bets $0.08
MrTequilaGuy: folds 
PokerDany_G: calls $0.08
xTheGorillaz has timed out
xTheGorillaz: folds 
weverson315: folds 
ZDBigTurtle: folds 
*** TURN *** [8s 7h 2c] [Js]
chefecoxim: bets $0.08
PokerDany_G: calls $0.08
*** RIVER *** [8s 7h 2c Js] [Ks]
chefecoxim: bets $0.06
PokerDany_G: folds 
Uncalled bet ($0.06) returned to chefecoxim
chefecoxim collected $0.54 from pot
chefecoxim: doesn't show hand 
*** SUMMARY ***
Total pot $0.56 | Rake $0.02 
Board [8s 7h 2c Js Ks]
Seat 1: MrTequilaGuy folded on the Flop
Seat 2: georgebigode folded before Flop (didn't bet)
Seat 3: PokerDany_G folded on the River
Seat 4: umka186 folded before Flop (didn't bet)
Seat 5: xTheGorillaz (button) folded on the Flop
Seat 6: weverson315 (small blind) folded on the Flop
Seat 7: ZDBigTurtle (big blind) folded on the Flop
Seat 8: Dorex2007 folded before Flop (didn't bet)
Seat 9: chefecoxim collected ($0.54)



PokerStars Hand #233111574140:  Hold'em No Limit ($0.01/$0.02 USD) - 2022/01/13 17:44:37 PT [2022/01/13 20:44:37 ET]
Table 'Clorinde II' 9-max Seat #6 is the button
Seat 1: MrTequilaGuy ($1.96 in chips) 
Seat 2: georgebigode ($0.38 in chips) 
Seat 3: PokerDany_G ($1.41 in chips) 
Seat 4: umka186 ($2.90 in chips) 
Seat 6: weverson315 ($2 in chips) 
Seat 7: ZDBigTurtle ($1.56 in chips) 
Seat 8: Dorex2007 ($3.34 in chips) 
Seat 9: chefecoxim ($2.16 in chips) 
ZDBigTurtle: posts small blind $0.01
Dorex2007: posts big blind $0.02
*** HOLE CARDS ***
Dealt to Dorex2007 [2c 2d]
chefecoxim: folds 
MrTequilaGuy: raises $0.02 to $0.04
georgebigode: folds 
PokerDany_G: folds 
umka186: folds 
weverson315: folds 
ZDBigTurtle: calls $0.03
Dorex2007: calls $0.02
*** FLOP *** [Ks 7c Td]
ZDBigTurtle: bets $0.04
Dorex2007: folds 
MrTequilaGuy is disconnected 
MrTequilaGuy is connected 
MrTequilaGuy: calls $0.04
*** TURN *** [Ks 7c Td] [6c]
ZDBigTurtle: bets $0.12
MrTequilaGuy: calls $0.12
*** RIVER *** [Ks 7c Td 6c] [5s]
ZDBigTurtle: checks 
MrTequilaGuy: checks 
*** SHOW DOWN ***
ZDBigTurtle: shows [Kc Qs] (a pair of Kings)
MrTequilaGuy: mucks hand 
ZDBigTurtle collected $0.42 from pot
*** SUMMARY ***
Total pot $0.44 | Rake $0.02 
Board [Ks 7c Td 6c 5s]
Seat 1: MrTequilaGuy mucked [Jd Qd]
Seat 2: georgebigode folded before Flop (didn't bet)
Seat 3: PokerDany_G folded before Flop (didn't bet)
Seat 4: umka186 folded before Flop (didn't bet)
Seat 6: weverson315 (button) folded before Flop (didn't bet)
Seat 7: ZDBigTurtle (small blind) showed [Kc Qs] and won ($0.42) with a pair of Kings
Seat 8: Dorex2007 (big blind) folded on the Flop
Seat 9: chefecoxim folded before Flop (didn't bet)



PokerStars Hand #233111604851:  Hold'em No Limit ($0.01/$0.02 USD) - 2022/01/13 17:45:55 PT [2022/01/13 20:45:55 ET]
Table 'Clorinde II' 9-max Seat #7 is the button
Seat 1: MrTequilaGuy ($1.76 in chips) 
Seat 2: georgebigode ($0.38 in chips) 
Seat 3: PokerDany_G ($1.41 in chips) 
Seat 4: umka186 ($2.90 in chips) 
Seat 6: weverson315 ($2 in chips) 
Seat 7: ZDBigTurtle ($1.78 in chips) 
Seat 8: Dorex2007 ($3.30 in chips) 
Seat 9: chefecoxim ($2.16 in chips) 
Dorex2007: posts small blind $0.01
chefecoxim: posts big blind $0.02
*** HOLE CARDS ***
Dealt to Dorex2007 [Td Kh]
MrTequilaGuy: folds 
georgebigode: folds 
PokerDany_G: folds 
umka186: folds 
weverson315: folds 
ZDBigTurtle: calls $0.02
Dorex2007: calls $0.01
chefecoxim: checks 
*** FLOP *** [Ah Th Ts]
Dorex2007: checks 
chefecoxim: bets $0.04
ZDBigTurtle: folds 
xTheGorillaz is disconnected 
Dorex2007: raises $0.08 to $0.12
chefecoxim: calls $0.08
*** TURN *** [Ah Th Ts] [Qs]
Dorex2007: bets $0.29
chefecoxim: folds 
Uncalled bet ($0.29) returned to Dorex2007
Dorex2007 collected $0.29 from pot
Dorex2007: doesn't show hand 
*** SUMMARY ***
Total pot $0.30 | Rake $0.01 
Board [Ah Th Ts Qs]
Seat 1: MrTequilaGuy folded before Flop (didn't bet)
Seat 2: georgebigode folded before Flop (didn't bet)
Seat 3: PokerDany_G folded before Flop (didn't bet)
Seat 4: umka186 folded before Flop (didn't bet)
Seat 6: weverson315 folded before Flop (didn't bet)
Seat 7: ZDBigTurtle (button) folded on the Flop
Seat 8: Dorex2007 (small blind) collected ($0.29)
Seat 9: chefecoxim (big blind) folded on the Turn



PokerStars Hand #233111617461:  Hold'em No Limit ($0.01/$0.02 USD) - 2022/01/13 17:46:38 PT [2022/01/13 20:46:38 ET]
Table 'Clorinde II' 9-max Seat #8 is the button
Seat 1: MrTequilaGuy ($1.76 in chips) 
Seat 2: georgebigode ($0.38 in chips) 
Seat 3: PokerDany_G ($1.41 in chips) 
Seat 4: umka186 ($2.90 in chips) 
Seat 6: weverson315 ($2 in chips) 
Seat 7: ZDBigTurtle ($1.76 in chips) 
Seat 8: Dorex2007 ($3.45 in chips) 
Seat 9: chefecoxim ($2.02 in chips) 
chefecoxim: posts small blind $0.01
MrTequilaGuy: posts big blind $0.02
*** HOLE CARDS ***
Dealt to Dorex2007 [9s 2h]
georgebigode: folds 
PokerDany_G: folds 
umka186: folds 
weverson315: folds 
ZDBigTurtle: calls $0.02
Dorex2007: folds 
chefecoxim: calls $0.01
MrTequilaGuy: checks 
*** FLOP *** [6h Ts 9c]
chefecoxim: checks 
MrTequilaGuy: checks 
ZDBigTurtle: bets $0.04
chefecoxim: folds 
MrTequilaGuy: calls $0.04
*** TURN *** [6h Ts 9c] [6c]
MrTequilaGuy: checks 
ZDBigTurtle: checks 
*** RIVER *** [6h Ts 9c 6c] [Qd]
MrTequilaGuy: bets $0.02
ZDBigTurtle: folds 
Uncalled bet ($0.02) returned to MrTequilaGuy
MrTequilaGuy collected $0.14 from pot
MrTequilaGuy: doesn't show hand 
*** SUMMARY ***
Total pot $0.14 | Rake $0 
Board [6h Ts 9c 6c Qd]
Seat 1: MrTequilaGuy (big blind) collected ($0.14)
Seat 2: georgebigode folded before Flop (didn't bet)
Seat 3: PokerDany_G folded before Flop (didn't bet)
Seat 4: umka186 folded before Flop (didn't bet)
Seat 6: weverson315 folded before Flop (didn't bet)
Seat 7: ZDBigTurtle folded on the River
Seat 8: Dorex2007 (button) folded before Flop (didn't bet)
Seat 9: chefecoxim (small blind) folded on the Flop



PokerStars Hand #233111636779:  Hold'em No Limit ($0.01/$0.02 USD) - 2022/01/13 17:47:44 PT [2022/01/13 20:47:44 ET]
Table 'Clorinde II' 9-max Seat #9 is the button
Seat 1: MrTequilaGuy ($1.84 in chips) 
Seat 2: georgebigode ($0.38 in chips) 
Seat 3: PokerDany_G ($1.41 in chips) 
Seat 4: umka186 ($2.90 in chips) 
Seat 6: weverson315 ($2 in chips) 
Seat 7: ZDBigTurtle ($1.70 in chips) 
Seat 8: Dorex2007 ($3.45 in chips) 
Seat 9: chefecoxim ($2 in chips) 
MrTequilaGuy: posts small blind $0.01
georgebigode: posts big blind $0.02
*** HOLE CARDS ***
Dealt to Dorex2007 [8s 8c]
PokerDany_G: folds 
umka186: folds 
weverson315: folds 
ZDBigTurtle: calls $0.02
Dorex2007: calls $0.02
chefecoxim: folds 
MrTequilaGuy: calls $0.01
georgebigode: raises $0.06 to $0.08
ZDBigTurtle: calls $0.06
Dorex2007: calls $0.06
MrTequilaGuy: folds 
*** FLOP *** [Kh Ks Js]
georgebigode: bets $0.30 and is all-in
ZDBigTurtle: folds 
Dorex2007: folds 
Uncalled bet ($0.30) returned to georgebigode
georgebigode collected $0.25 from pot
*** SUMMARY ***
Total pot $0.26 | Rake $0.01 
Board [Kh Ks Js]
Seat 1: MrTequilaGuy (small blind) folded before Flop
Seat 2: georgebigode (big blind) collected ($0.25)
Seat 3: PokerDany_G folded before Flop (didn't bet)
Seat 4: umka186 folded before Flop (didn't bet)
Seat 6: weverson315 folded before Flop (didn't bet)
Seat 7: ZDBigTurtle folded on the Flop
Seat 8: Dorex2007 folded on the Flop
Seat 9: chefecoxim (button) folded before Flop (didn't bet)



PokerStars Hand #233111652729:  Hold'em No Limit ($0.01/$0.02 USD) - 2022/01/13 17:48:38 PT [2022/01/13 20:48:38 ET]
Table 'Clorinde II' 9-max Seat #1 is the button
Seat 1: MrTequilaGuy ($1.82 in chips) 
Seat 2: georgebigode ($0.55 in chips) 
Seat 3: PokerDany_G ($1.41 in chips) 
Seat 4: umka186 ($2.90 in chips) 
Seat 6: weverson315 ($2 in chips) 
Seat 7: ZDBigTurtle ($1.62 in chips) 
Seat 8: Dorex2007 ($3.37 in chips) 
Seat 9: chefecoxim ($2 in chips) 
georgebigode: posts small blind $0.01
PokerDany_G: posts big blind $0.02
*** HOLE CARDS ***
Dealt to Dorex2007 [Kc Ts]
umka186: folds 
weverson315: folds 
ZDBigTurtle: folds 
Dorex2007: folds 
chefecoxim: calls $0.02
MrTequilaGuy: folds 
georgebigode: calls $0.01
PokerDany_G: checks 
*** FLOP *** [2c 5h 5d]
georgebigode: checks 
PokerDany_G: checks 
chefecoxim: checks 
*** TURN *** [2c 5h 5d] [9s]
georgebigode: checks 
PokerDany_G: checks 
chefecoxim: checks 
*** RIVER *** [2c 5h 5d 9s] [Kd]
georgebigode: checks 
PokerDany_G: checks 
chefecoxim: checks 
*** SHOW DOWN ***
georgebigode: shows [4s Qd] (a pair of Fives)
PokerDany_G: shows [Qc 2s] (two pair, Fives and Deuces)
chefecoxim: mucks hand 
PokerDany_G collected $0.06 from pot
*** SUMMARY ***
Total pot $0.06 | Rake $0 
Board [2c 5h 5d 9s Kd]
Seat 1: MrTequilaGuy (button) folded before Flop (didn't bet)
Seat 2: georgebigode (small blind) showed [4s Qd] and lost with a pair of Fives
Seat 3: PokerDany_G (big blind) showed [Qc 2s] and won ($0.06) with two pair, Fives and Deuces
Seat 4: umka186 folded before Flop (didn't bet)
Seat 6: weverson315 folded before Flop (didn't bet)
Seat 7: ZDBigTurtle folded before Flop (didn't bet)
Seat 8: Dorex2007 folded before Flop (didn't bet)
Seat 9: chefecoxim mucked [Ac 8h]



PokerStars Hand #233111666345:  Hold'em No Limit ($0.01/$0.02 USD) - 2022/01/13 17:49:24 PT [2022/01/13 20:49:24 ET]
Table 'Clorinde II' 9-max Seat #2 is the button
Seat 1: MrTequilaGuy ($1.82 in chips) 
Seat 2: georgebigode ($0.53 in chips) 
Seat 3: PokerDany_G ($1.45 in chips) 
Seat 4: umka186 ($2.90 in chips) 
Seat 6: weverson315 ($2 in chips) 
Seat 7: ZDBigTurtle ($1.62 in chips) 
Seat 8: Dorex2007 ($3.37 in chips) 
Seat 9: chefecoxim ($1.98 in chips) 
PokerDany_G: posts small blind $0.01
umka186: posts big blind $0.02
*** HOLE CARDS ***
Dealt to Dorex2007 [Th 8s]
weverson315: folds 
ZDBigTurtle: calls $0.02
Dorex2007: folds 
chefecoxim: calls $0.02
MrTequilaGuy: folds 
georgebigode: calls $0.02
PokerDany_G: folds 
umka186: checks 
*** FLOP *** [Kc 9s Js]
umka186: checks 
ZDBigTurtle: bets $0.04
chefecoxim: folds 
georgebigode: calls $0.04
umka186: folds 
*** TURN *** [Kc 9s Js] [8d]
ZDBigTurtle: bets $0.06
georgebigode: calls $0.06
*** RIVER *** [Kc 9s Js 8d] [6h]
ZDBigTurtle: checks 
georgebigode: checks 
*** SHOW DOWN ***
ZDBigTurtle: shows [Jh Qc] (a pair of Jacks)
georgebigode: shows [5h Kh] (a pair of Kings)
georgebigode collected $0.28 from pot
*** SUMMARY ***
Total pot $0.29 | Rake $0.01 
Board [Kc 9s Js 8d 6h]
Seat 1: MrTequilaGuy folded before Flop (didn't bet)
Seat 2: georgebigode (button) showed [5h Kh] and won ($0.28) with a pair of Kings
Seat 3: PokerDany_G (small blind) folded before Flop
Seat 4: umka186 (big blind) folded on the Flop
Seat 6: weverson315 folded before Flop (didn't bet)
Seat 7: ZDBigTurtle showed [Jh Qc] and lost with a pair of Jacks
Seat 8: Dorex2007 folded before Flop (didn't bet)
Seat 9: chefecoxim folded on the Flop



PokerStars Hand #233111684321:  Hold'em No Limit ($0.01/$0.02 USD) - 2022/01/13 17:50:25 PT [2022/01/13 20:50:25 ET]
Table 'Clorinde II' 9-max Seat #3 is the button
Seat 1: MrTequilaGuy ($1.82 in chips) 
Seat 2: georgebigode ($0.69 in chips) 
Seat 3: PokerDany_G ($1.44 in chips) 
Seat 4: umka186 ($2.88 in chips) 
Seat 6: weverson315 ($2 in chips) 
Seat 7: ZDBigTurtle ($1.50 in chips) 
Seat 8: Dorex2007 ($3.37 in chips) 
Seat 9: chefecoxim ($1.96 in chips) 
umka186: posts small blind $0.01
weverson315: posts big blind $0.02
*** HOLE CARDS ***
Dealt to Dorex2007 [3h Kh]
ZDBigTurtle: folds 
Dorex2007: folds 
chefecoxim: calls $0.02
MrTequilaGuy: calls $0.02
georgebigode: folds 
PokerDany_G: folds 
umka186: folds 
weverson315: checks 
*** FLOP *** [Ah Jc 8h]
weverson315: checks 
chefecoxim: checks 
MrTequilaGuy: checks 
*** TURN *** [Ah Jc 8h] [Ac]
weverson315: checks 
chefecoxim: checks 
MrTequilaGuy: checks 
*** RIVER *** [Ah Jc 8h Ac] [5c]
weverson315: checks 
chefecoxim: checks 
MrTequilaGuy: checks 
*** SHOW DOWN ***
weverson315: shows [9c 2s] (a pair of Aces)
chefecoxim: shows [Kd 7s] (a pair of Aces - King kicker)
MrTequilaGuy: shows [6s 5s] (two pair, Aces and Fives)
MrTequilaGuy collected $0.07 from pot
*** SUMMARY ***
Total pot $0.07 | Rake $0 
Board [Ah Jc 8h Ac 5c]
Seat 1: MrTequilaGuy showed [6s 5s] and won ($0.07) with two pair, Aces and Fives
Seat 2: georgebigode folded before Flop (didn't bet)
Seat 3: PokerDany_G (button) folded before Flop (didn't bet)
Seat 4: umka186 (small blind) folded before Flop
Seat 6: weverson315 (big blind) showed [9c 2s] and lost with a pair of Aces
Seat 7: ZDBigTurtle folded before Flop (didn't bet)
Seat 8: Dorex2007 folded before Flop (didn't bet)
Seat 9: chefecoxim showed [Kd 7s] and lost with a pair of Aces



PokerStars Hand #233111698448:  Hold'em No Limit ($0.01/$0.02 USD) - 2022/01/13 17:51:13 PT [2022/01/13 20:51:13 ET]
Table 'Clorinde II' 9-max Seat #4 is the button
Seat 1: MrTequilaGuy ($1.87 in chips) 
Seat 2: georgebigode ($0.69 in chips) 
Seat 3: PokerDany_G ($1.44 in chips) 
Seat 4: umka186 ($2.87 in chips) 
Seat 6: weverson315 ($2 in chips) 
Seat 7: ZDBigTurtle ($1.50 in chips) 
Seat 8: Dorex2007 ($3.37 in chips) 
Seat 9: chefecoxim ($1.94 in chips) 
weverson315: posts small blind $0.01
ZDBigTurtle: posts big blind $0.02
*** HOLE CARDS ***
Dealt to Dorex2007 [Ah Ad]
Dorex2007: raises $0.02 to $0.04
chefecoxim: calls $0.04
MrTequilaGuy: folds 
georgebigode: calls $0.04
PokerDany_G: folds 
umka186: folds 
weverson315: calls $0.03
ZDBigTurtle: folds 
*** FLOP *** [As 4d 6d]
weverson315: checks 
Dorex2007: bets $0.09
chefecoxim: folds 
georgebigode: calls $0.09
weverson315: raises $1.87 to $1.96 and is all-in
Dorex2007: raises $1.37 to $3.33 and is all-in
georgebigode: calls $0.56 and is all-in
Uncalled bet ($1.37) returned to Dorex2007
*** TURN *** [As 4d 6d] [7d]
*** RIVER *** [As 4d 6d 7d] [7s]
*** SHOW DOWN ***
weverson315: shows [Qs Ac] (two pair, Aces and Sevens)
Dorex2007: shows [Ah Ad] (a full house, Aces full of Sevens)
georgebigode: shows [Kd 8d] (a flush, King high)
Dorex2007 cashed out the hand for $4.04 | Cash Out Fee $0.04
*** SUMMARY ***
Total pot $4.75 Main pot $2.06. Side pot $2.52. | Rake $0.17 
Board [As 4d 6d 7d 7s]
Seat 1: MrTequilaGuy folded before Flop (didn't bet)
Seat 2: georgebigode showed [Kd 8d] and lost with a flush, King high
Seat 3: PokerDany_G folded before Flop (didn't bet)
Seat 4: umka186 (button) folded before Flop (didn't bet)
Seat 6: weverson315 (small blind) showed [Qs Ac] and lost with two pair, Aces and Sevens
Seat 7: ZDBigTurtle (big blind) folded before Flop
Seat 8: Dorex2007 showed [Ah Ad] and won ($4.58) with a full house, Aces full of Sevens (pot not awarded as player cashed out)
Seat 9: chefecoxim folded on the Flop



PokerStars Hand #233111716502:  Hold'em No Limit ($0.01/$0.02 USD) - 2022/01/13 17:52:14 PT [2022/01/13 20:52:14 ET]
Table 'Clorinde II' 9-max Seat #6 is the button
Seat 1: MrTequilaGuy ($1.87 in chips) 
Seat 3: PokerDany_G ($1.44 in chips) 
Seat 4: umka186 ($2.87 in chips) 
Seat 6: weverson315 ($2 in chips) 
Seat 7: ZDBigTurtle ($1.48 in chips) 
Seat 8: Dorex2007 ($5.41 in chips) 
Seat 9: chefecoxim ($1.90 in chips) 
ZDBigTurtle: posts small blind $0.01
Dorex2007: posts big blind $0.02
*** HOLE CARDS ***
Dealt to Dorex2007 [As 5h]
chefecoxim: folds 
georgebigode leaves the table
MrTequilaGuy: folds 
PokerDany_G: folds 
umka186: folds 
weverson315: calls $0.02
ZDBigTurtle: calls $0.01
Dorex2007: checks 
*** FLOP *** [Th Tc 2d]
ZDBigTurtle: checks 
Dorex2007: checks 
weverson315: checks 
*** TURN *** [Th Tc 2d] [2s]
ZDBigTurtle: checks 
Dorex2007: checks 
weverson315: checks 
*** RIVER *** [Th Tc 2d 2s] [6h]
ZDBigTurtle: checks 
fisheads joins the table at seat #2 
Dorex2007: checks 
weverson315: checks 
*** SHOW DOWN ***
ZDBigTurtle: shows [7h Qc] (two pair, Tens and Deuces)
Dorex2007: shows [As 5h] (two pair, Tens and Deuces - Ace kicker)
weverson315: mucks hand 
Dorex2007 collected $0.06 from pot
*** SUMMARY ***
Total pot $0.06 | Rake $0 
Board [Th Tc 2d 2s 6h]
Seat 1: MrTequilaGuy folded before Flop (didn't bet)
Seat 3: PokerDany_G folded before Flop (didn't bet)
Seat 4: umka186 folded before Flop (didn't bet)
Seat 6: weverson315 (button) mucked [Kh Jh]
Seat 7: ZDBigTurtle (small blind) showed [7h Qc] and lost with two pair, Tens and Deuces
Seat 8: Dorex2007 (big blind) showed [As 5h] and won ($0.06) with two pair, Tens and Deuces
Seat 9: chefecoxim folded before Flop (didn't bet)



PokerStars Hand #233111733813:  Hold'em No Limit ($0.01/$0.02 USD) - 2022/01/13 17:53:13 PT [2022/01/13 20:53:13 ET]
Table 'Clorinde II' 9-max Seat #7 is the button
Seat 1: MrTequilaGuy ($1.87 in chips) 
Seat 3: PokerDany_G ($1.44 in chips) 
Seat 4: umka186 ($2.87 in chips) 
Seat 6: weverson315 ($2 in chips) 
Seat 7: ZDBigTurtle ($1.46 in chips) 
Seat 8: Dorex2007 ($5.45 in chips) 
Seat 9: chefecoxim ($1.90 in chips) 
Dorex2007: posts small blind $0.01
chefecoxim: posts big blind $0.02
fisheads: sits out 
*** HOLE CARDS ***
Dealt to Dorex2007 [Ks 4h]
MrTequilaGuy: raises $0.02 to $0.04
PokerDany_G: folds 
umka186: folds 
weverson315: folds 
ZDBigTurtle: calls $0.04
Dorex2007: folds 
chefecoxim: calls $0.02
*** FLOP *** [6c Jc 3s]
chefecoxim: checks 
MrTequilaGuy: bets $0.02
ZDBigTurtle: folds 
chefecoxim: calls $0.02
*** TURN *** [6c Jc 3s] [Js]
chefecoxim: checks 
MrTequilaGuy: bets $0.08
chefecoxim: folds 
Uncalled bet ($0.08) returned to MrTequilaGuy
MrTequilaGuy collected $0.16 from pot
MrTequilaGuy: doesn't show hand 
*** SUMMARY ***
Total pot $0.17 | Rake $0.01 
Board [6c Jc 3s Js]
Seat 1: MrTequilaGuy collected ($0.16)
Seat 3: PokerDany_G folded before Flop (didn't bet)
Seat 4: umka186 folded before Flop (didn't bet)
Seat 6: weverson315 folded before Flop (didn't bet)
Seat 7: ZDBigTurtle (button) folded on the Flop
Seat 8: Dorex2007 (small blind) folded before Flop
Seat 9: chefecoxim (big blind) folded on the Turn



PokerStars Hand #233111754830:  Hold'em No Limit ($0.01/$0.02 USD) - 2022/01/13 17:54:02 PT [2022/01/13 20:54:02 ET]
Table 'Clorinde II' 9-max Seat #8 is the button
Seat 1: MrTequilaGuy ($1.97 in chips) 
Seat 3: PokerDany_G ($1.44 in chips) 
Seat 4: umka186 ($2.87 in chips) 
Seat 6: weverson315 ($2 in chips) 
Seat 7: ZDBigTurtle ($1.42 in chips) 
Seat 8: Dorex2007 ($5.44 in chips) 
Seat 9: chefecoxim ($1.84 in chips) 
chefecoxim: posts small blind $0.01
MrTequilaGuy: posts big blind $0.02
fisheads: sits out 
*** HOLE CARDS ***
Dealt to Dorex2007 [9h Td]
PokerDany_G: folds 
umka186: folds 
weverson315: calls $0.02
ZDBigTurtle: calls $0.02
Dorex2007: folds 
chefecoxim: folds 
MrTequilaGuy: checks 
*** FLOP *** [8s Ac 7d]
MrTequilaGuy: checks 
weverson315: checks 
ZDBigTurtle: bets $0.06
MrTequilaGuy: folds 
weverson315: folds 
Uncalled bet ($0.06) returned to ZDBigTurtle
ZDBigTurtle collected $0.07 from pot
ZDBigTurtle: doesn't show hand 
*** SUMMARY ***
Total pot $0.07 | Rake $0 
Board [8s Ac 7d]
Seat 1: MrTequilaGuy (big blind) folded on the Flop
Seat 3: PokerDany_G folded before Flop (didn't bet)
Seat 4: umka186 folded before Flop (didn't bet)
Seat 6: weverson315 folded on the Flop
Seat 7: ZDBigTurtle collected ($0.07)
Seat 8: Dorex2007 (button) folded before Flop (didn't bet)
Seat 9: chefecoxim (small blind) folded before Flop



PokerStars Hand #233111766876:  Hold'em No Limit ($0.01/$0.02 USD) - 2022/01/13 17:54:43 PT [2022/01/13 20:54:43 ET]
Table 'Clorinde II' 9-max Seat #9 is the button
Seat 1: MrTequilaGuy ($1.95 in chips) 
Seat 2: fisheads ($2 in chips) 
Seat 3: PokerDany_G ($1.44 in chips) 
Seat 4: umka186 ($2.87 in chips) 
Seat 6: weverson315 ($2 in chips) 
Seat 7: ZDBigTurtle ($1.47 in chips) 
Seat 8: Dorex2007 ($5.44 in chips) 
Seat 9: chefecoxim ($1.83 in chips) 
MrTequilaGuy: posts small blind $0.01
fisheads: posts big blind $0.02
*** HOLE CARDS ***
Dealt to Dorex2007 [8s 6h]
PokerDany_G: folds 
umka186: folds 
weverson315: folds 
ZDBigTurtle: folds 
Dorex2007: folds 
chefecoxim: calls $0.02
MrTequilaGuy: calls $0.01
fisheads: checks 
*** FLOP *** [5d Td 7c]
MrTequilaGuy: checks 
fisheads: bets $0.03
chefecoxim: calls $0.03
MrTequilaGuy: folds 
*** TURN *** [5d Td 7c] [5h]
fisheads: bets $0.06
chefecoxim: calls $0.06
*** RIVER *** [5d Td 7c 5h] [Kd]
fisheads: bets $0.12
chefecoxim: raises $0.12 to $0.24
fisheads: calls $0.12
*** SHOW DOWN ***
chefecoxim: shows [Qd 6d] (a flush, King high)
fisheads: mucks hand 
chefecoxim collected $0.69 from pot
*** SUMMARY ***
Total pot $0.72 | Rake $0.03 
Board [5d Td 7c 5h Kd]
Seat 1: MrTequilaGuy (small blind) folded on the Flop
Seat 2: fisheads (big blind) mucked [Ks Ts]
Seat 3: PokerDany_G folded before Flop (didn't bet)
Seat 4: umka186 folded before Flop (didn't bet)
Seat 6: weverson315 folded before Flop (didn't bet)
Seat 7: ZDBigTurtle folded before Flop (didn't bet)
Seat 8: Dorex2007 folded before Flop (didn't bet)
Seat 9: chefecoxim (button) showed [Qd 6d] and won ($0.69) with a flush, King high



PokerStars Hand #233111782351:  Hold'em No Limit ($0.01/$0.02 USD) - 2022/01/13 17:55:42 PT [2022/01/13 20:55:42 ET]
Table 'Clorinde II' 9-max Seat #1 is the button
Seat 1: MrTequilaGuy ($1.93 in chips) 
Seat 2: fisheads ($1.65 in chips) 
Seat 3: PokerDany_G ($1.44 in chips) 
Seat 4: umka186 ($2.87 in chips) 
Seat 6: weverson315 ($2 in chips) 
Seat 7: ZDBigTurtle ($1.47 in chips) 
Seat 8: Dorex2007 ($5.44 in chips) 
Seat 9: chefecoxim ($2.17 in chips) 
fisheads: posts small blind $0.01
PokerDany_G: posts big blind $0.02
*** HOLE CARDS ***
Dealt to Dorex2007 [Tc Jh]
umka186: folds 
weverson315: folds 
ZDBigTurtle: folds 
Dorex2007: folds 
chefecoxim has timed out
chefecoxim: folds 
MrTequilaGuy: folds 
fisheads: raises $0.04 to $0.06
PokerDany_G: folds 
Uncalled bet ($0.04) returned to fisheads
fisheads collected $0.04 from pot
fisheads: doesn't show hand 
*** SUMMARY ***
Total pot $0.04 | Rake $0 
Seat 1: MrTequilaGuy (button) folded before Flop (didn't bet)
Seat 2: fisheads (small blind) collected ($0.04)
Seat 3: PokerDany_G (big blind) folded before Flop
Seat 4: umka186 folded before Flop (didn't bet)
Seat 6: weverson315 folded before Flop (didn't bet)
Seat 7: ZDBigTurtle folded before Flop (didn't bet)
Seat 8: Dorex2007 folded before Flop (didn't bet)
Seat 9: chefecoxim folded before Flop (didn't bet)



PokerStars Hand #233111789231:  Hold'em No Limit ($0.01/$0.02 USD) - 2022/01/13 17:56:11 PT [2022/01/13 20:56:11 ET]
Table 'Clorinde II' 9-max Seat #2 is the button
Seat 1: MrTequilaGuy ($1.93 in chips) 
Seat 2: fisheads ($1.67 in chips) 
Seat 3: PokerDany_G ($1.42 in chips) 
Seat 4: umka186 ($2.87 in chips) 
Seat 6: weverson315 ($2 in chips) 
Seat 7: ZDBigTurtle ($1.47 in chips) 
Seat 8: Dorex2007 ($5.44 in chips) 
PokerDany_G: posts small blind $0.01
umka186: posts big blind $0.02
*** HOLE CARDS ***
Dealt to Dorex2007 [9s As]
xTheGorillaz leaves the table
weverson315: folds 
ZDBigTurtle: calls $0.02
Dorex2007: calls $0.02
MrTequilaGuy: folds 
Pikachu006 joins the table at seat #5 
fisheads has timed out
fisheads: folds 
PokerDany_G: folds 
umka186: checks 
*** FLOP *** [5c 5d 5h]
umka186: checks 
fisheads is disconnected 
ZDBigTurtle: checks 
Dorex2007: checks 
*** TURN *** [5c 5d 5h] [9c]
umka186: checks 
ZDBigTurtle: checks 
Dorex2007: bets $0.10
umka186: folds 
ZDBigTurtle: folds 
Uncalled bet ($0.10) returned to Dorex2007
Dorex2007 collected $0.07 from pot
Dorex2007: doesn't show hand 
*** SUMMARY ***
Total pot $0.07 | Rake $0 
Board [5c 5d 5h 9c]
Seat 1: MrTequilaGuy folded before Flop (didn't bet)
Seat 2: fisheads (button) folded before Flop (didn't bet)
Seat 3: PokerDany_G (small blind) folded before Flop
Seat 4: umka186 (big blind) folded on the Turn
Seat 6: weverson315 folded before Flop (didn't bet)
Seat 7: ZDBigTurtle folded on the Turn
Seat 8: Dorex2007 collected ($0.07)



PokerStars Hand #233111809732:  Hold'em No Limit ($0.01/$0.02 USD) - 2022/01/13 17:57:37 PT [2022/01/13 20:57:37 ET]
Table 'Clorinde II' 9-max Seat #3 is the button
Seat 1: MrTequilaGuy ($1.93 in chips) 
Seat 3: PokerDany_G ($1.41 in chips) 
Seat 4: umka186 ($2.85 in chips) 
Seat 5: Pikachu006 ($1.98 in chips) 
Seat 6: weverson315 ($2 in chips) 
Seat 7: ZDBigTurtle ($1.45 in chips) 
Seat 8: Dorex2007 ($5.49 in chips) 
umka186: posts small blind $0.01
Pikachu006: posts big blind $0.02
*** HOLE CARDS ***
Dealt to Dorex2007 [Td 2c]
weverson315: folds 
ZDBigTurtle: folds 
Dorex2007: folds 
MrTequilaGuy: folds 
PokerDany_G: folds 
umka186: folds 
Uncalled bet ($0.01) returned to Pikachu006
Pikachu006 collected $0.02 from pot
Pikachu006: doesn't show hand 
*** SUMMARY ***
Total pot $0.02 | Rake $0 
Seat 1: MrTequilaGuy folded before Flop (didn't bet)
Seat 3: PokerDany_G (button) folded before Flop (didn't bet)
Seat 4: umka186 (small blind) folded before Flop
Seat 5: Pikachu006 (big blind) collected ($0.02)
Seat 6: weverson315 folded before Flop (didn't bet)
Seat 7: ZDBigTurtle folded before Flop (didn't bet)
Seat 8: Dorex2007 folded before Flop (didn't bet)



PokerStars Hand #233111812851:  Hold'em No Limit ($0.01/$0.02 USD) - 2022/01/13 17:57:50 PT [2022/01/13 20:57:50 ET]
Table 'Clorinde II' 9-max Seat #4 is the button
Seat 1: MrTequilaGuy ($1.93 in chips) 
Seat 3: PokerDany_G ($1.41 in chips) 
Seat 4: umka186 ($2.84 in chips) 
Seat 5: Pikachu006 ($1.99 in chips) 
Seat 6: weverson315 ($2 in chips) 
Seat 7: ZDBigTurtle ($1.45 in chips) 
Seat 8: Dorex2007 ($5.49 in chips) 
Pikachu006: posts small blind $0.01
weverson315: posts big blind $0.02
*** HOLE CARDS ***
Dealt to Dorex2007 [Qd 5d]
ZDBigTurtle: raises $0.04 to $0.06
Dorex2007: folds 
MrTequilaGuy: folds 
PokerDany_G: folds 
umka186: folds 
Pikachu006: calls $0.05
weverson315: folds 
*** FLOP *** [4s 7h 4h]
Pikachu006: bets $0.02
ZDBigTurtle: raises $0.06 to $0.08
Pikachu006: folds 
Uncalled bet ($0.06) returned to ZDBigTurtle
ZDBigTurtle collected $0.17 from pot
ZDBigTurtle: doesn't show hand 
*** SUMMARY ***
Total pot $0.18 | Rake $0.01 
Board [4s 7h 4h]
Seat 1: MrTequilaGuy folded before Flop (didn't bet)
Seat 3: PokerDany_G folded before Flop (didn't bet)
Seat 4: umka186 (button) folded before Flop (didn't bet)
Seat 5: Pikachu006 (small blind) folded on the Flop
Seat 6: weverson315 (big blind) folded before Flop
Seat 7: ZDBigTurtle collected ($0.17)
Seat 8: Dorex2007 folded before Flop (didn't bet)



PokerStars Hand #233111823041:  Hold'em No Limit ($0.01/$0.02 USD) - 2022/01/13 17:58:33 PT [2022/01/13 20:58:33 ET]
Table 'Clorinde II' 9-max Seat #5 is the button
Seat 1: MrTequilaGuy ($1.93 in chips) 
Seat 3: PokerDany_G ($1.41 in chips) 
Seat 4: umka186 ($2.84 in chips) 
Seat 5: Pikachu006 ($1.91 in chips) 
Seat 6: weverson315 ($2 in chips) 
Seat 7: ZDBigTurtle ($1.54 in chips) 
Seat 8: Dorex2007 ($5.49 in chips) 
weverson315: posts small blind $0.01
ZDBigTurtle: posts big blind $0.02
*** HOLE CARDS ***
Dealt to Dorex2007 [8s Td]
Dorex2007: folds 
MrTequilaGuy: folds 
PokerDany_G: folds 
umka186: folds 
Pikachu006: calls $0.02
weverson315: calls $0.01
ZDBigTurtle: checks 
*** FLOP *** [6s 9d Qs]
weverson315: checks 
ZDBigTurtle: bets $0.04
Pikachu006: folds 
weverson315: folds 
Uncalled bet ($0.04) returned to ZDBigTurtle
ZDBigTurtle collected $0.06 from pot
ZDBigTurtle: doesn't show hand 
*** SUMMARY ***
Total pot $0.06 | Rake $0 
Board [6s 9d Qs]
Seat 1: MrTequilaGuy folded before Flop (didn't bet)
Seat 3: PokerDany_G folded before Flop (didn't bet)
Seat 4: umka186 folded before Flop (didn't bet)
Seat 5: Pikachu006 (button) folded on the Flop
Seat 6: weverson315 (small blind) folded on the Flop
Seat 7: ZDBigTurtle (big blind) collected ($0.06)
Seat 8: Dorex2007 folded before Flop (didn't bet)



PokerStars Hand #233111830366:  Hold'em No Limit ($0.01/$0.02 USD) - 2022/01/13 17:59:04 PT [2022/01/13 20:59:04 ET]
Table 'Clorinde II' 9-max Seat #6 is the button
Seat 1: MrTequilaGuy ($1.93 in chips) 
Seat 3: PokerDany_G ($1.41 in chips) 
Seat 4: umka186 ($2.84 in chips) 
Seat 5: Pikachu006 ($1.89 in chips) 
Seat 6: weverson315 ($2 in chips) 
Seat 7: ZDBigTurtle ($1.58 in chips) 
Seat 8: Dorex2007 ($5.49 in chips) 
Seat 9: chefecoxim ($2.17 in chips) 
ZDBigTurtle: posts small blind $0.01
Dorex2007: posts big blind $0.02
*** HOLE CARDS ***
Dealt to Dorex2007 [9c Ks]
chefecoxim: calls $0.02
MrTequilaGuy: folds 
PokerDany_G: folds 
umka186: folds 
Pikachu006: folds 
weverson315: raises $0.04 to $0.06
ZDBigTurtle: folds 
Dorex2007: folds 
chefecoxim: calls $0.04
*** FLOP *** [8h 3h 2c]
chefecoxim: checks 
weverson315: checks 
*** TURN *** [8h 3h 2c] [5d]
chefecoxim: checks 
weverson315: checks 
*** RIVER *** [8h 3h 2c 5d] [6h]
chefecoxim: checks 
weverson315: checks 
*** SHOW DOWN ***
chefecoxim: shows [8d Jd] (a pair of Eights)
weverson315: mucks hand 
chefecoxim collected $0.14 from pot
*** SUMMARY ***
Total pot $0.15 | Rake $0.01 
Board [8h 3h 2c 5d 6h]
Seat 1: MrTequilaGuy folded before Flop (didn't bet)
Seat 3: PokerDany_G folded before Flop (didn't bet)
Seat 4: umka186 folded before Flop (didn't bet)
Seat 5: Pikachu006 folded before Flop (didn't bet)
Seat 6: weverson315 (button) mucked [Kd Ad]
Seat 7: ZDBigTurtle (small blind) folded before Flop
Seat 8: Dorex2007 (big blind) folded before Flop
Seat 9: chefecoxim showed [8d Jd] and won ($0.14) with a pair of Eights



PokerStars Hand #233111839884:  Hold'em No Limit ($0.01/$0.02 USD) - 2022/01/13 17:59:44 PT [2022/01/13 20:59:44 ET]
Table 'Clorinde II' 9-max Seat #7 is the button
Seat 1: MrTequilaGuy ($1.93 in chips) 
Seat 3: PokerDany_G ($1.41 in chips) 
Seat 4: umka186 ($2.84 in chips) 
Seat 5: Pikachu006 ($1.89 in chips) 
Seat 6: weverson315 ($2 in chips) 
Seat 7: ZDBigTurtle ($1.57 in chips) 
Seat 8: Dorex2007 ($5.47 in chips) 
Seat 9: chefecoxim ($2.25 in chips) 
Dorex2007: posts small blind $0.01
chefecoxim: posts big blind $0.02
*** HOLE CARDS ***
Dealt to Dorex2007 [2s 5c]
MrTequilaGuy: folds 
PokerDany_G: folds 
umka186: folds 
Pikachu006: folds 
weverson315: calls $0.02
ZDBigTurtle: calls $0.02
Dorex2007: folds 
chefecoxim: checks 
*** FLOP *** [3c 4c 5d]
chefecoxim: checks 
weverson315: checks 
ZDBigTurtle: bets $0.04
chefecoxim: folds 
weverson315: calls $0.04
*** TURN *** [3c 4c 5d] [8s]
weverson315: checks 
ZDBigTurtle: bets $0.08
weverson315: folds 
Uncalled bet ($0.08) returned to ZDBigTurtle
ZDBigTurtle collected $0.14 from pot
ZDBigTurtle: doesn't show hand 
*** SUMMARY ***
Total pot $0.15 | Rake $0.01 
Board [3c 4c 5d 8s]
Seat 1: MrTequilaGuy folded before Flop (didn't bet)
Seat 3: PokerDany_G folded before Flop (didn't bet)
Seat 4: umka186 folded before Flop (didn't bet)
Seat 5: Pikachu006 folded before Flop (didn't bet)
Seat 6: weverson315 folded on the Turn
Seat 7: ZDBigTurtle (button) collected ($0.14)
Seat 8: Dorex2007 (small blind) folded before Flop
Seat 9: chefecoxim (big blind) folded on the Flop



PokerStars Hand #233111851705:  Hold'em No Limit ($0.01/$0.02 USD) - 2022/01/13 18:00:32 PT [2022/01/13 21:00:32 ET]
Table 'Clorinde II' 9-max Seat #8 is the button
Seat 1: MrTequilaGuy ($1.93 in chips) 
Seat 3: PokerDany_G ($1.41 in chips) 
Seat 4: umka186 ($2.84 in chips) 
Seat 5: Pikachu006 ($1.89 in chips) 
Seat 6: weverson315 ($2 in chips) 
Seat 7: ZDBigTurtle ($1.65 in chips) 
Seat 8: Dorex2007 ($5.46 in chips) 
Seat 9: chefecoxim ($2.23 in chips) 
chefecoxim: posts small blind $0.01
MrTequilaGuy: posts big blind $0.02
*** HOLE CARDS ***
Dealt to Dorex2007 [6h Ah]
PokerDany_G: calls $0.02
umka186: raises $0.07 to $0.09
Pikachu006: folds 
weverson315: folds 
ZDBigTurtle: folds 
Dorex2007: folds 
chefecoxim: folds 
MrTequilaGuy: folds 
PokerDany_G: calls $0.07
*** FLOP *** [4c 3s Ks]
PokerDany_G: checks 
umka186: bets $0.11
PokerDany_G: calls $0.11
*** TURN *** [4c 3s Ks] [Ad]
PokerDany_G: checks 
umka186: checks 
*** RIVER *** [4c 3s Ks Ad] [Kh]
PokerDany_G: checks 
umka186: checks 
*** SHOW DOWN ***
PokerDany_G: shows [6s 6c] (two pair, Kings and Sixes)
umka186: shows [Ts Th] (two pair, Kings and Tens)
umka186 collected $0.41 from pot
*** SUMMARY ***
Total pot $0.43 | Rake $0.02 
Board [4c 3s Ks Ad Kh]
Seat 1: MrTequilaGuy (big blind) folded before Flop
Seat 3: PokerDany_G showed [6s 6c] and lost with two pair, Kings and Sixes
Seat 4: umka186 showed [Ts Th] and won ($0.41) with two pair, Kings and Tens
Seat 5: Pikachu006 folded before Flop (didn't bet)
Seat 6: weverson315 folded before Flop (didn't bet)
Seat 7: ZDBigTurtle folded before Flop (didn't bet)
Seat 8: Dorex2007 (button) folded before Flop (didn't bet)
Seat 9: chefecoxim (small blind) folded before Flop



PokerStars Hand #233111870995:  Hold'em No Limit ($0.01/$0.02 USD) - 2022/01/13 18:01:22 PT [2022/01/13 21:01:22 ET]
Table 'Clorinde II' 9-max Seat #9 is the button
Seat 1: MrTequilaGuy ($1.91 in chips) 
Seat 3: PokerDany_G ($1.21 in chips) 
Seat 4: umka186 ($3.05 in chips) 
Seat 5: Pikachu006 ($1.89 in chips) 
Seat 6: weverson315 ($2 in chips) 
Seat 7: ZDBigTurtle ($1.65 in chips) 
Seat 8: Dorex2007 ($5.46 in chips) 
Seat 9: chefecoxim ($2.22 in chips) 
MrTequilaGuy: posts small blind $0.01
PokerDany_G: posts big blind $0.02
*** HOLE CARDS ***
Dealt to Dorex2007 [8d Jd]
umka186: folds 
Pikachu006: folds 
weverson315: folds 
ZDBigTurtle: raises $0.02 to $0.04
Dorex2007: folds 
chefecoxim: folds 
MrTequilaGuy: calls $0.03
PokerDany_G: folds 
*** FLOP *** [Kh 5c 9c]
MrTequilaGuy: checks 
ZDBigTurtle: bets $0.04
MrTequilaGuy: raises $0.10 to $0.14
ZDBigTurtle: calls $0.10
*** TURN *** [Kh 5c 9c] [7c]
MrTequilaGuy: bets $0.19
ZDBigTurtle: raises $1.27 to $1.46
MrTequilaGuy: folds 
Uncalled bet ($1.27) returned to ZDBigTurtle
ZDBigTurtle collected $0.73 from pot
ZDBigTurtle: doesn't show hand 
*** SUMMARY ***
Total pot $0.76 | Rake $0.03 
Board [Kh 5c 9c 7c]
Seat 1: MrTequilaGuy (small blind) folded on the Turn
Seat 3: PokerDany_G (big blind) folded before Flop
Seat 4: umka186 folded before Flop (didn't bet)
Seat 5: Pikachu006 folded before Flop (didn't bet)
Seat 6: weverson315 folded before Flop (didn't bet)
Seat 7: ZDBigTurtle collected ($0.73)
Seat 8: Dorex2007 folded before Flop (didn't bet)
Seat 9: chefecoxim (button) folded before Flop (didn't bet)



PokerStars Hand #233111894767:  Hold'em No Limit ($0.01/$0.02 USD) - 2022/01/13 18:02:46 PT [2022/01/13 21:02:46 ET]
Table 'Clorinde II' 9-max Seat #1 is the button
Seat 1: MrTequilaGuy ($1.54 in chips) 
Seat 3: PokerDany_G ($1.19 in chips) 
Seat 4: umka186 ($3.05 in chips) 
Seat 5: Pikachu006 ($1.89 in chips) 
Seat 6: weverson315 ($2 in chips) 
Seat 7: ZDBigTurtle ($2.01 in chips) 
Seat 8: Dorex2007 ($5.46 in chips) 
Seat 9: chefecoxim ($2.22 in chips) 
PokerDany_G: posts small blind $0.01
umka186: posts big blind $0.02
*** HOLE CARDS ***
Dealt to Dorex2007 [Kc Qc]
Pikachu006: folds 
weverson315: folds 
ZDBigTurtle: folds 
Dorex2007: raises $0.04 to $0.06
chefecoxim: calls $0.06
MrTequilaGuy: calls $0.06
PokerDany_G: folds 
umka186: folds 
*** FLOP *** [Jc 5h As]
Pikachu006 leaves the table
Dorex2007: checks 
chefecoxim: checks 
paschtick joins the table at seat #5 
MrTequilaGuy: checks 
*** TURN *** [Jc 5h As] [5c]
Dorex2007: bets $0.13
chefecoxim: calls $0.13
MrTequilaGuy: folds 
*** RIVER *** [Jc 5h As 5c] [Td]
Dorex2007: bets $0.34
chefecoxim: folds 
Uncalled bet ($0.34) returned to Dorex2007
Dorex2007 collected $0.45 from pot
Dorex2007: doesn't show hand 
*** SUMMARY ***
Total pot $0.47 | Rake $0.02 
Board [Jc 5h As 5c Td]
Seat 1: MrTequilaGuy (button) folded on the Turn
Seat 3: PokerDany_G (small blind) folded before Flop
Seat 4: umka186 (big blind) folded before Flop
Seat 5: Pikachu006 folded before Flop (didn't bet)
Seat 6: weverson315 folded before Flop (didn't bet)
Seat 7: ZDBigTurtle folded before Flop (didn't bet)
Seat 8: Dorex2007 collected ($0.45)
Seat 9: chefecoxim folded on the River



PokerStars Hand #233111919116:  Hold'em No Limit ($0.01/$0.02 USD) - 2022/01/13 18:04:10 PT [2022/01/13 21:04:10 ET]
Table 'Clorinde II' 9-max Seat #3 is the button
Seat 1: MrTequilaGuy ($1.48 in chips) 
Seat 3: PokerDany_G ($1.18 in chips) 
Seat 4: umka186 ($3.03 in chips) 
Seat 5: paschtick ($2 in chips) 
Seat 6: weverson315 ($2 in chips) 
Seat 7: ZDBigTurtle ($2.01 in chips) 
Seat 8: Dorex2007 ($5.72 in chips) 
Seat 9: chefecoxim ($2.03 in chips) 
umka186: posts small blind $0.01
paschtick: posts big blind $0.02
*** HOLE CARDS ***
Dealt to Dorex2007 [2s 8c]
weverson315: folds 
ZDBigTurtle: folds 
Dorex2007: folds 
chefecoxim: folds 
MrTequilaGuy: raises $0.02 to $0.04
PokerDany_G: folds 
umka186: folds 
paschtick: calls $0.02
*** FLOP *** [2c 7h Qd]
paschtick: checks 
MrTequilaGuy: checks 
*** TURN *** [2c 7h Qd] [7c]
paschtick: checks 
MrTequilaGuy: bets $0.06
paschtick: folds 
Uncalled bet ($0.06) returned to MrTequilaGuy
MrTequilaGuy collected $0.09 from pot
MrTequilaGuy: doesn't show hand 
*** SUMMARY ***
Total pot $0.09 | Rake $0 
Board [2c 7h Qd 7c]
Seat 1: MrTequilaGuy collected ($0.09)
Seat 3: PokerDany_G (button) folded before Flop (didn't bet)
Seat 4: umka186 (small blind) folded before Flop
Seat 5: paschtick (big blind) folded on the Turn
Seat 6: weverson315 folded before Flop (didn't bet)
Seat 7: ZDBigTurtle folded before Flop (didn't bet)
Seat 8: Dorex2007 folded before Flop (didn't bet)
Seat 9: chefecoxim folded before Flop (didn't bet)



PokerStars Hand #233111931657:  Hold'em No Limit ($0.01/$0.02 USD) - 2022/01/13 18:04:55 PT [2022/01/13 21:04:55 ET]
Table 'Clorinde II' 9-max Seat #4 is the button
Seat 1: MrTequilaGuy ($1.53 in chips) 
Seat 3: PokerDany_G ($1.18 in chips) 
Seat 4: umka186 ($3.02 in chips) 
Seat 5: paschtick ($1.96 in chips) 
Seat 6: weverson315 ($2 in chips) 
Seat 7: ZDBigTurtle ($2.01 in chips) 
Seat 8: Dorex2007 ($5.72 in chips) 
Seat 9: chefecoxim ($2.03 in chips) 
paschtick: posts small blind $0.01
weverson315: posts big blind $0.02
*** HOLE CARDS ***
Dealt to Dorex2007 [Kh Qh]
ZDBigTurtle: folds 
Dorex2007: raises $0.04 to $0.06
chefecoxim: folds 
MrTequilaGuy: calls $0.06
PokerDany_G: folds 
umka186: folds 
paschtick: calls $0.05
weverson315: folds 
*** FLOP *** [Jh 8s 2c]
paschtick: checks 
Dorex2007: checks 
MrTequilaGuy: bets $0.10
paschtick: folds 
Dorex2007: folds 
Uncalled bet ($0.10) returned to MrTequilaGuy
MrTequilaGuy collected $0.19 from pot
MrTequilaGuy: doesn't show hand 
*** SUMMARY ***
Total pot $0.20 | Rake $0.01 
Board [Jh 8s 2c]
Seat 1: MrTequilaGuy collected ($0.19)
Seat 3: PokerDany_G folded before Flop (didn't bet)
Seat 4: umka186 (button) folded before Flop (didn't bet)
Seat 5: paschtick (small blind) folded on the Flop
Seat 6: weverson315 (big blind) folded before Flop
Seat 7: ZDBigTurtle folded before Flop (didn't bet)
Seat 8: Dorex2007 folded on the Flop
Seat 9: chefecoxim folded before Flop (didn't bet)



PokerStars Hand #233111941956:  Hold'em No Limit ($0.01/$0.02 USD) - 2022/01/13 18:05:30 PT [2022/01/13 21:05:30 ET]
Table 'Clorinde II' 9-max Seat #5 is the button
Seat 1: MrTequilaGuy ($1.66 in chips) 
Seat 3: PokerDany_G ($1.18 in chips) 
Seat 4: umka186 ($3.02 in chips) 
Seat 5: paschtick ($1.90 in chips) 
Seat 6: weverson315 ($2 in chips) 
Seat 7: ZDBigTurtle ($2.01 in chips) 
Seat 8: Dorex2007 ($5.66 in chips) 
Seat 9: chefecoxim ($2.03 in chips) 
weverson315: posts small blind $0.01
ZDBigTurtle: posts big blind $0.02
*** HOLE CARDS ***
Dealt to Dorex2007 [9h Kc]
Dorex2007: folds 
chefecoxim: folds 
MrTequilaGuy: folds 
PokerDany_G: raises $0.04 to $0.06
umka186: calls $0.06
paschtick: calls $0.06
weverson315: folds 
ZDBigTurtle: folds 
*** FLOP *** [8c 9s Qd]
PokerDany_G: checks 
umka186: checks 
paschtick: checks 
*** TURN *** [8c 9s Qd] [Qs]
PokerDany_G: checks 
umka186: bets $0.07
paschtick: calls $0.07
PokerDany_G: folds 
*** RIVER *** [8c 9s Qd Qs] [5h]
umka186: checks 
paschtick: bets $0.17
umka186: calls $0.17
*** SHOW DOWN ***
paschtick: shows [Tc Jc] (a straight, Eight to Queen)
umka186: mucks hand 
paschtick collected $0.67 from pot
*** SUMMARY ***
Total pot $0.69 | Rake $0.02 
Board [8c 9s Qd Qs 5h]
Seat 1: MrTequilaGuy folded before Flop (didn't bet)
Seat 3: PokerDany_G folded on the Turn
Seat 4: umka186 mucked [7s 7d]
Seat 5: paschtick (button) showed [Tc Jc] and won ($0.67) with a straight, Eight to Queen
Seat 6: weverson315 (small blind) folded before Flop
Seat 7: ZDBigTurtle (big blind) folded before Flop
Seat 8: Dorex2007 folded before Flop (didn't bet)
Seat 9: chefecoxim folded before Flop (didn't bet)



PokerStars Hand #233111961312:  Hold'em No Limit ($0.01/$0.02 USD) - 2022/01/13 18:06:38 PT [2022/01/13 21:06:38 ET]
Table 'Clorinde II' 9-max Seat #6 is the button
Seat 1: MrTequilaGuy ($1.66 in chips) 
Seat 3: PokerDany_G ($1.12 in chips) 
Seat 4: umka186 ($2.72 in chips) 
Seat 5: paschtick ($2.27 in chips) 
Seat 6: weverson315 ($2 in chips) 
Seat 7: ZDBigTurtle ($1.99 in chips) 
Seat 8: Dorex2007 ($5.66 in chips) 
Seat 9: chefecoxim ($2.03 in chips) 
ZDBigTurtle: posts small blind $0.01
Dorex2007: posts big blind $0.02
*** HOLE CARDS ***
Dealt to Dorex2007 [Th Td]
chefecoxim: folds 
MrTequilaGuy: folds 
PokerDany_G: calls $0.02
umka186: folds 
fisheads leaves the table
paschtick has timed out
paschtick: folds 
weverson315: folds 
ZDBigTurtle: raises $0.04 to $0.06
Dorex2007: calls $0.04
PokerDany_G: calls $0.04
*** FLOP *** [Jh 5s Qh]
vallieresa joins the table at seat #2 
ZDBigTurtle: checks 
Dorex2007: bets $0.06
PokerDany_G: calls $0.06
ZDBigTurtle: folds 
*** TURN *** [Jh 5s Qh] [Jd]
Dorex2007: bets $0.06
PokerDany_G: calls $0.06
*** RIVER *** [Jh 5s Qh Jd] [2h]
Dorex2007: bets $0.21
PokerDany_G: calls $0.21
*** SHOW DOWN ***
Dorex2007: shows [Th Td] (two pair, Jacks and Tens)
PokerDany_G: shows [Tc Qd] (two pair, Queens and Jacks)
PokerDany_G collected $0.81 from pot
*** SUMMARY ***
Total pot $0.84 | Rake $0.03 
Board [Jh 5s Qh Jd 2h]
Seat 1: MrTequilaGuy folded before Flop (didn't bet)
Seat 3: PokerDany_G showed [Tc Qd] and won ($0.81) with two pair, Queens and Jacks
Seat 4: umka186 folded before Flop (didn't bet)
Seat 5: paschtick folded before Flop (didn't bet)
Seat 6: weverson315 (button) folded before Flop (didn't bet)
Seat 7: ZDBigTurtle (small blind) folded on the Flop
Seat 8: Dorex2007 (big blind) showed [Th Td] and lost with two pair, Jacks and Tens
Seat 9: chefecoxim folded before Flop (didn't bet)



PokerStars Hand #233111987247:  Hold'em No Limit ($0.01/$0.02 USD) - 2022/01/13 18:08:10 PT [2022/01/13 21:08:10 ET]
Table 'Clorinde II' 9-max Seat #7 is the button
Seat 1: MrTequilaGuy ($1.66 in chips) 
Seat 2: vallieresa ($2 in chips) 
Seat 3: PokerDany_G ($1.54 in chips) 
Seat 4: umka186 ($2.72 in chips) 
Seat 5: paschtick ($2.27 in chips) 
Seat 6: weverson315 ($2 in chips) 
Seat 7: ZDBigTurtle ($1.93 in chips) 
Seat 8: Dorex2007 ($5.27 in chips) 
Seat 9: chefecoxim ($2.03 in chips) 
Dorex2007: posts small blind $0.01
chefecoxim: posts big blind $0.02
vallieresa: posts big blind $0.02
*** HOLE CARDS ***
Dealt to Dorex2007 [Jc 7s]
MrTequilaGuy: folds 
vallieresa: checks 
PokerDany_G: folds 
umka186: folds 
paschtick: calls $0.02
weverson315: folds 
ZDBigTurtle: calls $0.02
Dorex2007: folds 
chefecoxim: checks 
*** FLOP *** [5h 8c Jh]
chefecoxim: checks 
vallieresa: bets $0.02
paschtick: calls $0.02
ZDBigTurtle: folds 
chefecoxim: calls $0.02
*** TURN *** [5h 8c Jh] [8s]
chefecoxim: checks 
vallieresa: bets $0.02
paschtick: calls $0.02
chefecoxim: raises $0.10 to $0.12
vallieresa: folds 
paschtick: folds 
Uncalled bet ($0.10) returned to chefecoxim
chefecoxim collected $0.20 from pot
chefecoxim: doesn't show hand 
*** SUMMARY ***
Total pot $0.21 | Rake $0.01 
Board [5h 8c Jh 8s]
Seat 1: MrTequilaGuy folded before Flop (didn't bet)
Seat 2: vallieresa folded on the Turn
Seat 3: PokerDany_G folded before Flop (didn't bet)
Seat 4: umka186 folded before Flop (didn't bet)
Seat 5: paschtick folded on the Turn
Seat 6: weverson315 folded before Flop (didn't bet)
Seat 7: ZDBigTurtle (button) folded on the Flop
Seat 8: Dorex2007 (small blind) folded before Flop
Seat 9: chefecoxim (big blind) collected ($0.20)



PokerStars Hand #233112005580:  Hold'em No Limit ($0.01/$0.02 USD) - 2022/01/13 18:09:15 PT [2022/01/13 21:09:15 ET]
Table 'Clorinde II' 9-max Seat #8 is the button
Seat 1: MrTequilaGuy ($1.66 in chips) 
Seat 2: vallieresa ($1.94 in chips) 
Seat 3: PokerDany_G ($1.54 in chips) 
Seat 4: umka186 ($2.72 in chips) 
Seat 5: paschtick ($2.21 in chips) 
Seat 6: weverson315 ($2 in chips) 
Seat 7: ZDBigTurtle ($1.91 in chips) 
Seat 8: Dorex2007 ($5.26 in chips) 
Seat 9: chefecoxim ($2.17 in chips) 
chefecoxim: posts small blind $0.01
MrTequilaGuy: posts big blind $0.02
*** HOLE CARDS ***
Dealt to Dorex2007 [6d 4h]
vallieresa: folds 
PokerDany_G: folds 
umka186: folds 
paschtick: folds 
weverson315: folds 
ZDBigTurtle: calls $0.02
Dorex2007: folds 
chefecoxim: calls $0.01
MrTequilaGuy: checks 
*** FLOP *** [3c Ac 4s]
chefecoxim: checks 
MrTequilaGuy: checks 
ZDBigTurtle: checks 
*** TURN *** [3c Ac 4s] [2c]
chefecoxim: checks 
MrTequilaGuy: checks 
ZDBigTurtle: bets $0.04
chefecoxim: folds 
MrTequilaGuy: calls $0.04
*** RIVER *** [3c Ac 4s 2c] [7d]
MrTequilaGuy: checks 
ZDBigTurtle: bets $0.14
MrTequilaGuy: folds 
Uncalled bet ($0.14) returned to ZDBigTurtle
ZDBigTurtle collected $0.14 from pot
ZDBigTurtle: doesn't show hand 
*** SUMMARY ***
Total pot $0.14 | Rake $0 
Board [3c Ac 4s 2c 7d]
Seat 1: MrTequilaGuy (big blind) folded on the River
Seat 2: vallieresa folded before Flop (didn't bet)
Seat 3: PokerDany_G folded before Flop (didn't bet)
Seat 4: umka186 folded before Flop (didn't bet)
Seat 5: paschtick folded before Flop (didn't bet)
Seat 6: weverson315 folded before Flop (didn't bet)
Seat 7: ZDBigTurtle collected ($0.14)
Seat 8: Dorex2007 (button) folded before Flop (didn't bet)
Seat 9: chefecoxim (small blind) folded on the Turn



PokerStars Hand #233112027535:  Hold'em No Limit ($0.01/$0.02 USD) - 2022/01/13 18:10:17 PT [2022/01/13 21:10:17 ET]
Table 'Clorinde II' 9-max Seat #9 is the button
Seat 1: MrTequilaGuy ($1.60 in chips) 
Seat 2: vallieresa ($1.94 in chips) 
Seat 3: PokerDany_G ($1.54 in chips) 
Seat 4: umka186 ($2.72 in chips) 
Seat 5: paschtick ($2.21 in chips) 
Seat 6: weverson315 ($2 in chips) 
Seat 7: ZDBigTurtle ($1.99 in chips) 
Seat 8: Dorex2007 ($5.26 in chips) 
Seat 9: chefecoxim ($2.15 in chips) 
MrTequilaGuy: posts small blind $0.01
vallieresa: posts big blind $0.02
*** HOLE CARDS ***
Dealt to Dorex2007 [2c 5d]
PokerDany_G: folds 
umka186: folds 
paschtick: folds 
weverson315: folds 
ZDBigTurtle: calls $0.02
Dorex2007: folds 
chefecoxim: calls $0.02
MrTequilaGuy: raises $0.12 to $0.14
vallieresa: folds 
ZDBigTurtle: folds 
chefecoxim: folds 
Uncalled bet ($0.12) returned to MrTequilaGuy
MrTequilaGuy collected $0.08 from pot
MrTequilaGuy: doesn't show hand 
*** SUMMARY ***
Total pot $0.08 | Rake $0 
Seat 1: MrTequilaGuy (small blind) collected ($0.08)
Seat 2: vallieresa (big blind) folded before Flop
Seat 3: PokerDany_G folded before Flop (didn't bet)
Seat 4: umka186 folded before Flop (didn't bet)
Seat 5: paschtick folded before Flop (didn't bet)
Seat 6: weverson315 folded before Flop (didn't bet)
Seat 7: ZDBigTurtle folded before Flop
Seat 8: Dorex2007 folded before Flop (didn't bet)
Seat 9: chefecoxim (button) folded before Flop



PokerStars Hand #233112035612:  Hold'em No Limit ($0.01/$0.02 USD) - 2022/01/13 18:10:45 PT [2022/01/13 21:10:45 ET]
Table 'Clorinde II' 9-max Seat #1 is the button
Seat 1: MrTequilaGuy ($1.66 in chips) 
Seat 2: vallieresa ($1.92 in chips) 
Seat 3: PokerDany_G ($1.54 in chips) 
Seat 4: umka186 ($2.72 in chips) 
Seat 5: paschtick ($2.21 in chips) 
Seat 6: weverson315 ($2 in chips) 
Seat 7: ZDBigTurtle ($1.97 in chips) 
Seat 8: Dorex2007 ($5.26 in chips) 
Seat 9: chefecoxim ($2.13 in chips) 
vallieresa: posts small blind $0.01
PokerDany_G: posts big blind $0.02
*** HOLE CARDS ***
Dealt to Dorex2007 [6s 6h]
umka186: folds 
paschtick has timed out
paschtick: folds 
weverson315: calls $0.02
ZDBigTurtle: folds 
Dorex2007: calls $0.02
chefecoxim: calls $0.02
MrTequilaGuy: raises $0.02 to $0.04
vallieresa: folds 
PokerDany_G: folds 
weverson315: calls $0.02
Dorex2007: calls $0.02
chefecoxim: calls $0.02
*** FLOP *** [Kh 6c 2c]
weverson315: checks 
Dorex2007: bets $0.09
chefecoxim: folds 
MrTequilaGuy: folds 
weverson315: calls $0.09
*** TURN *** [Kh 6c 2c] [3d]
weverson315: checks 
Dorex2007: bets $0.24
weverson315: calls $0.24
*** RIVER *** [Kh 6c 2c 3d] [Ah]
weverson315: checks 
Dorex2007: bets $0.55
weverson315: folds 
Uncalled bet ($0.55) returned to Dorex2007
Dorex2007 collected $0.82 from pot
Dorex2007: doesn't show hand 
*** SUMMARY ***
Total pot $0.85 | Rake $0.03 
Board [Kh 6c 2c 3d Ah]
Seat 1: MrTequilaGuy (button) folded on the Flop
Seat 2: vallieresa (small blind) folded before Flop
Seat 3: PokerDany_G (big blind) folded before Flop
Seat 4: umka186 folded before Flop (didn't bet)
Seat 5: paschtick folded before Flop (didn't bet)
Seat 6: weverson315 folded on the River
Seat 7: ZDBigTurtle folded before Flop (didn't bet)
Seat 8: Dorex2007 collected ($0.82)
Seat 9: chefecoxim folded on the Flop



PokerStars Hand #233112073730:  Hold'em No Limit ($0.01/$0.02 USD) - 2022/01/13 18:12:48 PT [2022/01/13 21:12:48 ET]
Table 'Clorinde II' 9-max Seat #2 is the button
Seat 1: MrTequilaGuy ($1.62 in chips) 
Seat 2: vallieresa ($1.91 in chips) 
Seat 3: PokerDany_G ($1.52 in chips) 
Seat 4: umka186 ($2.72 in chips) 
Seat 5: paschtick ($2.21 in chips) 
Seat 6: weverson315 ($2 in chips) 
Seat 7: ZDBigTurtle ($1.97 in chips) 
Seat 8: Dorex2007 ($5.71 in chips) 
Seat 9: chefecoxim ($2.09 in chips) 
PokerDany_G: posts small blind $0.01
umka186: posts big blind $0.02
*** HOLE CARDS ***
Dealt to Dorex2007 [5s Ad]
paschtick: calls $0.02
weverson315: folds 
ZDBigTurtle: raises $0.04 to $0.06
Dorex2007: folds 
chefecoxim: folds 
MrTequilaGuy: folds 
vallieresa: folds 
PokerDany_G: calls $0.05
umka186: folds 
paschtick: calls $0.04
*** FLOP *** [6d 5c 2s]
PokerDany_G: checks 
paschtick: checks 
ZDBigTurtle: bets $0.06
PokerDany_G: calls $0.06
paschtick: folds 
*** TURN *** [6d 5c 2s] [6s]
PokerDany_G: bets $0.06
ZDBigTurtle: folds 
Uncalled bet ($0.06) returned to PokerDany_G
PokerDany_G collected $0.31 from pot
PokerDany_G: doesn't show hand 
*** SUMMARY ***
Total pot $0.32 | Rake $0.01 
Board [6d 5c 2s 6s]
Seat 1: MrTequilaGuy folded before Flop (didn't bet)
Seat 2: vallieresa (button) folded before Flop (didn't bet)
Seat 3: PokerDany_G (small blind) collected ($0.31)
Seat 4: umka186 (big blind) folded before Flop
Seat 5: paschtick folded on the Flop
Seat 6: weverson315 folded before Flop (didn't bet)
Seat 7: ZDBigTurtle folded on the Turn
Seat 8: Dorex2007 folded before Flop (didn't bet)
Seat 9: chefecoxim folded before Flop (didn't bet)



PokerStars Hand #233112091557:  Hold'em No Limit ($0.01/$0.02 USD) - 2022/01/13 18:13:42 PT [2022/01/13 21:13:42 ET]
Table 'Clorinde II' 9-max Seat #3 is the button
Seat 1: MrTequilaGuy ($1.62 in chips) 
Seat 2: vallieresa ($1.91 in chips) 
Seat 3: PokerDany_G ($1.71 in chips) 
Seat 4: umka186 ($2.70 in chips) 
Seat 5: paschtick ($2.15 in chips) 
Seat 6: weverson315 ($2 in chips) 
Seat 7: ZDBigTurtle ($1.85 in chips) 
Seat 8: Dorex2007 ($5.71 in chips) 
Seat 9: chefecoxim ($2.09 in chips) 
umka186: posts small blind $0.01
paschtick: posts big blind $0.02
*** HOLE CARDS ***
Dealt to Dorex2007 [7s 5d]
weverson315: folds 
ZDBigTurtle: folds 
Dorex2007: folds 
chefecoxim: folds 
MrTequilaGuy: folds 
vallieresa: folds 
PokerDany_G: folds 
umka186: raises $0.03 to $0.05
paschtick: folds 
Uncalled bet ($0.03) returned to umka186
umka186 collected $0.04 from pot
*** SUMMARY ***
Total pot $0.04 | Rake $0 
Seat 1: MrTequilaGuy folded before Flop (didn't bet)
Seat 2: vallieresa folded before Flop (didn't bet)
Seat 3: PokerDany_G (button) folded before Flop (didn't bet)
Seat 4: umka186 (small blind) collected ($0.04)
Seat 5: paschtick (big blind) folded before Flop
Seat 6: weverson315 folded before Flop (didn't bet)
Seat 7: ZDBigTurtle folded before Flop (didn't bet)
Seat 8: Dorex2007 folded before Flop (didn't bet)
Seat 9: chefecoxim folded before Flop (didn't bet)



PokerStars Hand #233112097156:  Hold'em No Limit ($0.01/$0.02 USD) - 2022/01/13 18:14:01 PT [2022/01/13 21:14:01 ET]
Table 'Clorinde II' 9-max Seat #4 is the button
Seat 1: MrTequilaGuy ($1.62 in chips) 
Seat 2: vallieresa ($1.91 in chips) 
Seat 3: PokerDany_G ($1.71 in chips) 
Seat 4: umka186 ($2.72 in chips) 
Seat 5: paschtick ($2.13 in chips) 
Seat 6: weverson315 ($2 in chips) 
Seat 7: ZDBigTurtle ($1.85 in chips) 
Seat 8: Dorex2007 ($5.71 in chips) 
Seat 9: chefecoxim ($2.09 in chips) 
paschtick: posts small blind $0.01
weverson315: posts big blind $0.02
*** HOLE CARDS ***
Dealt to Dorex2007 [2d 6c]
ZDBigTurtle: raises $0.02 to $0.04
Dorex2007: folds 
chefecoxim: folds 
MrTequilaGuy: folds 
vallieresa: folds 
PokerDany_G: folds 
umka186: folds 
paschtick: folds 
weverson315: calls $0.02
*** FLOP *** [4d 5d Ah]
weverson315: checks 
ZDBigTurtle: bets $0.04
weverson315: folds 
Uncalled bet ($0.04) returned to ZDBigTurtle
ZDBigTurtle collected $0.09 from pot
ZDBigTurtle: doesn't show hand 
*** SUMMARY ***
Total pot $0.09 | Rake $0 
Board [4d 5d Ah]
Seat 1: MrTequilaGuy folded before Flop (didn't bet)
Seat 2: vallieresa folded before Flop (didn't bet)
Seat 3: PokerDany_G folded before Flop (didn't bet)
Seat 4: umka186 (button) folded before Flop (didn't bet)
Seat 5: paschtick (small blind) folded before Flop
Seat 6: weverson315 (big blind) folded on the Flop
Seat 7: ZDBigTurtle collected ($0.09)
Seat 8: Dorex2007 folded before Flop (didn't bet)
Seat 9: chefecoxim folded before Flop (didn't bet)



PokerStars Hand #233112104520:  Hold'em No Limit ($0.01/$0.02 USD) - 2022/01/13 18:14:28 PT [2022/01/13 21:14:28 ET]
Table 'Clorinde II' 9-max Seat #5 is the button
Seat 1: MrTequilaGuy ($1.62 in chips) 
Seat 2: vallieresa ($1.91 in chips) 
Seat 3: PokerDany_G ($1.71 in chips) 
Seat 4: umka186 ($2.72 in chips) 
Seat 5: paschtick ($2.12 in chips) 
Seat 6: weverson315 ($2 in chips) 
Seat 7: ZDBigTurtle ($1.90 in chips) 
Seat 8: Dorex2007 ($5.71 in chips) 
Seat 9: chefecoxim ($2.09 in chips) 
weverson315: posts small blind $0.01
ZDBigTurtle: posts big blind $0.02
*** HOLE CARDS ***
Dealt to Dorex2007 [Qc 4h]
Dorex2007: folds 
chefecoxim: folds 
MrTequilaGuy: folds 
vallieresa: raises $0.04 to $0.06
PokerDany_G: calls $0.06
umka186: calls $0.06
paschtick: folds 
weverson315: folds 
ZDBigTurtle: folds 
*** FLOP *** [Ks Jd 6s]
vallieresa: checks 
PokerDany_G: checks 
umka186: checks 
*** TURN *** [Ks Jd 6s] [4s]
vallieresa: checks 
PokerDany_G: checks 
umka186: checks 
*** RIVER *** [Ks Jd 6s 4s] [9s]
vallieresa: bets $0.10
PokerDany_G: folds 
umka186: folds 
Uncalled bet ($0.10) returned to vallieresa
vallieresa collected $0.20 from pot
vallieresa: doesn't show hand 
*** SUMMARY ***
Total pot $0.21 | Rake $0.01 
Board [Ks Jd 6s 4s 9s]
Seat 1: MrTequilaGuy folded before Flop (didn't bet)
Seat 2: vallieresa collected ($0.20)
Seat 3: PokerDany_G folded on the River
Seat 4: umka186 folded on the River
Seat 5: paschtick (button) folded before Flop (didn't bet)
Seat 6: weverson315 (small blind) folded before Flop
Seat 7: ZDBigTurtle (big blind) folded before Flop
Seat 8: Dorex2007 folded before Flop (didn't bet)
Seat 9: chefecoxim folded before Flop (didn't bet)



PokerStars Hand #233112118169:  Hold'em No Limit ($0.01/$0.02 USD) - 2022/01/13 18:15:17 PT [2022/01/13 21:15:17 ET]
Table 'Clorinde II' 9-max Seat #6 is the button
Seat 1: MrTequilaGuy ($1.62 in chips) 
Seat 2: vallieresa ($2.05 in chips) 
Seat 3: PokerDany_G ($1.65 in chips) 
Seat 4: umka186 ($2.66 in chips) 
Seat 5: paschtick ($2.12 in chips) 
Seat 6: weverson315 ($2 in chips) 
Seat 7: ZDBigTurtle ($1.88 in chips) 
Seat 8: Dorex2007 ($5.71 in chips) 
Seat 9: chefecoxim ($2.09 in chips) 
ZDBigTurtle: posts small blind $0.01
Dorex2007: posts big blind $0.02
*** HOLE CARDS ***
Dealt to Dorex2007 [8c 5d]
chefecoxim: calls $0.02
MrTequilaGuy: raises $0.02 to $0.04
vallieresa: folds 
PokerDany_G: folds 
umka186: folds 
paschtick: folds 
weverson315: folds 
ZDBigTurtle: calls $0.03
Dorex2007: folds 
chefecoxim: calls $0.02
*** FLOP *** [5h 6c 4c]
ZDBigTurtle: checks 
chefecoxim: checks 
MrTequilaGuy: checks 
*** TURN *** [5h 6c 4c] [6h]
ZDBigTurtle: checks 
chefecoxim: checks 
MrTequilaGuy: bets $0.12
ZDBigTurtle: folds 
chefecoxim: calls $0.12
*** RIVER *** [5h 6c 4c 6h] [Qc]
chefecoxim: checks 
MrTequilaGuy: checks 
*** SHOW DOWN ***
chefecoxim: shows [Kh 7h] (a pair of Sixes)
MrTequilaGuy: shows [Qh 8h] (two pair, Queens and Sixes)
MrTequilaGuy collected $0.37 from pot
*** SUMMARY ***
Total pot $0.38 | Rake $0.01 
Board [5h 6c 4c 6h Qc]
Seat 1: MrTequilaGuy showed [Qh 8h] and won ($0.37) with two pair, Queens and Sixes
Seat 2: vallieresa folded before Flop (didn't bet)
Seat 3: PokerDany_G folded before Flop (didn't bet)
Seat 4: umka186 folded before Flop (didn't bet)
Seat 5: paschtick folded before Flop (didn't bet)
Seat 6: weverson315 (button) folded before Flop (didn't bet)
Seat 7: ZDBigTurtle (small blind) folded on the Turn
Seat 8: Dorex2007 (big blind) folded before Flop
Seat 9: chefecoxim showed [Kh 7h] and lost with a pair of Sixes



PokerStars Hand #233112143741:  Hold'em No Limit ($0.01/$0.02 USD) - 2022/01/13 18:16:49 PT [2022/01/13 21:16:49 ET]
Table 'Clorinde II' 9-max Seat #7 is the button
Seat 1: MrTequilaGuy ($1.83 in chips) 
Seat 2: vallieresa ($2.05 in chips) 
Seat 3: PokerDany_G ($1.65 in chips) 
Seat 4: umka186 ($2.66 in chips) 
Seat 5: paschtick ($2.12 in chips) 
Seat 6: weverson315 ($2 in chips) 
Seat 7: ZDBigTurtle ($1.84 in chips) 
Seat 8: Dorex2007 ($5.69 in chips) 
Seat 9: chefecoxim ($1.93 in chips) 
Dorex2007: posts small blind $0.01
chefecoxim: posts big blind $0.02
*** HOLE CARDS ***
Dealt to Dorex2007 [2h Ah]
MrTequilaGuy: raises $0.02 to $0.04
vallieresa: folds 
PokerDany_G: folds 
umka186: folds 
paschtick: folds 
weverson315: folds 
ZDBigTurtle: folds 
Dorex2007: calls $0.03
chefecoxim: calls $0.02
*** FLOP *** [3s 5h As]
Dorex2007: checks 
chefecoxim: checks 
MrTequilaGuy: checks 
*** TURN *** [3s 5h As] [5s]
Dorex2007: bets $0.08
chefecoxim: folds 
MrTequilaGuy: folds 
Uncalled bet ($0.08) returned to Dorex2007
Dorex2007 collected $0.12 from pot
Dorex2007: doesn't show hand 
*** SUMMARY ***
Total pot $0.12 | Rake $0 
Board [3s 5h As 5s]
Seat 1: MrTequilaGuy folded on the Turn
Seat 2: vallieresa folded before Flop (didn't bet)
Seat 3: PokerDany_G folded before Flop (didn't bet)
Seat 4: umka186 folded before Flop (didn't bet)
Seat 5: paschtick folded before Flop (didn't bet)
Seat 6: weverson315 folded before Flop (didn't bet)
Seat 7: ZDBigTurtle (button) folded before Flop (didn't bet)
Seat 8: Dorex2007 (small blind) collected ($0.12)
Seat 9: chefecoxim (big blind) folded on the Turn



PokerStars Hand #233112160338:  Hold'em No Limit ($0.01/$0.02 USD) - 2022/01/13 18:17:40 PT [2022/01/13 21:17:40 ET]
Table 'Clorinde II' 9-max Seat #8 is the button
Seat 1: MrTequilaGuy ($1.79 in chips) 
Seat 2: vallieresa ($2.05 in chips) 
Seat 3: PokerDany_G ($1.65 in chips) 
Seat 4: umka186 ($2.66 in chips) 
Seat 5: paschtick ($2.12 in chips) 
Seat 6: weverson315 ($2 in chips) 
Seat 7: ZDBigTurtle ($1.84 in chips) 
Seat 8: Dorex2007 ($5.77 in chips) 
Seat 9: chefecoxim ($1.89 in chips) 
chefecoxim: posts small blind $0.01
MrTequilaGuy: posts big blind $0.02
*** HOLE CARDS ***
Dealt to Dorex2007 [Th 2d]
vallieresa: raises $0.02 to $0.04
PokerDany_G: folds 
umka186: folds 
paschtick: folds 
weverson315: folds 
ZDBigTurtle: calls $0.04
Dorex2007: folds 
chefecoxim: folds 
MrTequilaGuy: calls $0.02
*** FLOP *** [5s Ks Ah]
MrTequilaGuy: checks 
vallieresa: bets $0.06
ZDBigTurtle: calls $0.06
MrTequilaGuy: folds 
*** TURN *** [5s Ks Ah] [Td]
vallieresa: bets $0.12
ZDBigTurtle: folds 
Uncalled bet ($0.12) returned to vallieresa
vallieresa collected $0.24 from pot
vallieresa: doesn't show hand 
*** SUMMARY ***
Total pot $0.25 | Rake $0.01 
Board [5s Ks Ah Td]
Seat 1: MrTequilaGuy (big blind) folded on the Flop
Seat 2: vallieresa collected ($0.24)
Seat 3: PokerDany_G folded before Flop (didn't bet)
Seat 4: umka186 folded before Flop (didn't bet)
Seat 5: paschtick folded before Flop (didn't bet)
Seat 6: weverson315 folded before Flop (didn't bet)
Seat 7: ZDBigTurtle folded on the Turn
Seat 8: Dorex2007 (button) folded before Flop (didn't bet)
Seat 9: chefecoxim (small blind) folded before Flop



PokerStars Hand #233112172966:  Hold'em No Limit ($0.01/$0.02 USD) - 2022/01/13 18:18:26 PT [2022/01/13 21:18:26 ET]
Table 'Clorinde II' 9-max Seat #9 is the button
Seat 1: MrTequilaGuy ($1.75 in chips) 
Seat 2: vallieresa ($2.19 in chips) 
Seat 3: PokerDany_G ($1.65 in chips) 
Seat 4: umka186 ($2.66 in chips) 
Seat 5: paschtick ($2.12 in chips) 
Seat 6: weverson315 ($2 in chips) 
Seat 7: ZDBigTurtle ($1.74 in chips) 
Seat 8: Dorex2007 ($5.77 in chips) 
Seat 9: chefecoxim ($1.88 in chips) 
MrTequilaGuy: posts small blind $0.01
vallieresa: posts big blind $0.02
*** HOLE CARDS ***
Dealt to Dorex2007 [Qd Ac]
PokerDany_G: folds 
umka186: folds 
paschtick: folds 
weverson315: folds 
ZDBigTurtle: folds 
Dorex2007: raises $0.02 to $0.04
chefecoxim: calls $0.04
MrTequilaGuy: folds 
vallieresa: calls $0.02
*** FLOP *** [2d Jh Qh]
vallieresa: checks 
Dorex2007: bets $0.09
chefecoxim: folds 
vallieresa: folds 
Uncalled bet ($0.09) returned to Dorex2007
Dorex2007 collected $0.13 from pot
Dorex2007: doesn't show hand 
*** SUMMARY ***
Total pot $0.13 | Rake $0 
Board [2d Jh Qh]
Seat 1: MrTequilaGuy (small blind) folded before Flop
Seat 2: vallieresa (big blind) folded on the Flop
Seat 3: PokerDany_G folded before Flop (didn't bet)
Seat 4: umka186 folded before Flop (didn't bet)
Seat 5: paschtick folded before Flop (didn't bet)
Seat 6: weverson315 folded before Flop (didn't bet)
Seat 7: ZDBigTurtle folded before Flop (didn't bet)
Seat 8: Dorex2007 collected ($0.13)
Seat 9: chefecoxim (button) folded on the Flop



PokerStars Hand #233112180714:  Hold'em No Limit ($0.01/$0.02 USD) - 2022/01/13 18:18:54 PT [2022/01/13 21:18:54 ET]
Table 'Clorinde II' 9-max Seat #1 is the button
Seat 1: MrTequilaGuy ($1.74 in chips) 
Seat 2: vallieresa ($2.15 in chips) 
Seat 3: PokerDany_G ($1.65 in chips) 
Seat 4: umka186 ($2.66 in chips) 
Seat 5: paschtick ($2.12 in chips) 
Seat 6: weverson315 ($2 in chips) 
Seat 7: ZDBigTurtle ($1.74 in chips) 
Seat 8: Dorex2007 ($5.86 in chips) 
Seat 9: chefecoxim ($1.84 in chips) 
vallieresa: posts small blind $0.01
PokerDany_G: posts big blind $0.02
*** HOLE CARDS ***
Dealt to Dorex2007 [Td 8d]
umka186: folds 
paschtick: folds 
weverson315: folds 
ZDBigTurtle: calls $0.02
Dorex2007: folds 
chefecoxim: calls $0.02
MrTequilaGuy: folds 
vallieresa: calls $0.01
PokerDany_G: raises $0.06 to $0.08
ZDBigTurtle: calls $0.06
chefecoxim: folds 
vallieresa: folds 
*** FLOP *** [7s Qh 9h]
PokerDany_G: bets $0.19
ZDBigTurtle: folds 
Uncalled bet ($0.19) returned to PokerDany_G
PokerDany_G collected $0.19 from pot
PokerDany_G: doesn't show hand 
*** SUMMARY ***
Total pot $0.20 | Rake $0.01 
Board [7s Qh 9h]
Seat 1: MrTequilaGuy (button) folded before Flop (didn't bet)
Seat 2: vallieresa (small blind) folded before Flop
Seat 3: PokerDany_G (big blind) collected ($0.19)
Seat 4: umka186 folded before Flop (didn't bet)
Seat 5: paschtick folded before Flop (didn't bet)
Seat 6: weverson315 folded before Flop (didn't bet)
Seat 7: ZDBigTurtle folded on the Flop
Seat 8: Dorex2007 folded before Flop (didn't bet)
Seat 9: chefecoxim folded before Flop



PokerStars Hand #233112191587:  Hold'em No Limit ($0.01/$0.02 USD) - 2022/01/13 18:19:34 PT [2022/01/13 21:19:34 ET]
Table 'Clorinde II' 9-max Seat #2 is the button
Seat 1: MrTequilaGuy ($1.74 in chips) 
Seat 2: vallieresa ($2.13 in chips) 
Seat 3: PokerDany_G ($1.76 in chips) 
Seat 4: umka186 ($2.66 in chips) 
Seat 5: paschtick ($2.12 in chips) 
Seat 6: weverson315 ($2 in chips) 
Seat 7: ZDBigTurtle ($1.66 in chips) 
Seat 8: Dorex2007 ($5.86 in chips) 
Seat 9: chefecoxim ($1.82 in chips) 
PokerDany_G: posts small blind $0.01
umka186: posts big blind $0.02
*** HOLE CARDS ***
Dealt to Dorex2007 [5h 3c]
paschtick: calls $0.02
weverson315: folds 
ZDBigTurtle: calls $0.02
Dorex2007: folds 
chefecoxim: calls $0.02
MrTequilaGuy: folds 
vallieresa: raises $0.04 to $0.06
PokerDany_G: folds 
umka186: folds 
paschtick: calls $0.04
ZDBigTurtle: folds 
chefecoxim: folds 
*** FLOP *** [2h 3h Kh]
paschtick: checks 
vallieresa: bets $0.11
chefecoxim leaves the table
paschtick: folds 
Uncalled bet ($0.11) returned to vallieresa
vallieresa collected $0.18 from pot
vallieresa: doesn't show hand 
*** SUMMARY ***
Total pot $0.19 | Rake $0.01 
Board [2h 3h Kh]
Seat 1: MrTequilaGuy folded before Flop (didn't bet)
Seat 2: vallieresa (button) collected ($0.18)
Seat 3: PokerDany_G (small blind) folded before Flop
Seat 4: umka186 (big blind) folded before Flop
Seat 5: paschtick folded on the Flop
Seat 6: weverson315 folded before Flop (didn't bet)
Seat 7: ZDBigTurtle folded before Flop
Seat 8: Dorex2007 folded before Flop (didn't bet)
Seat 9: chefecoxim folded before Flop



PokerStars Hand #233112210741:  Hold'em No Limit ($0.01/$0.02 USD) - 2022/01/13 18:20:29 PT [2022/01/13 21:20:29 ET]
Table 'Clorinde II' 9-max Seat #3 is the button
Seat 1: MrTequilaGuy ($1.74 in chips) 
Seat 2: vallieresa ($2.25 in chips) 
Seat 3: PokerDany_G ($1.75 in chips) 
Seat 4: umka186 ($2.64 in chips) 
Seat 5: paschtick ($2.06 in chips) 
Seat 6: weverson315 ($2 in chips) 
Seat 7: ZDBigTurtle ($1.64 in chips) 
Seat 8: Dorex2007 ($5.86 in chips) 
umka186: posts small blind $0.01
paschtick: posts big blind $0.02
*** HOLE CARDS ***
Dealt to Dorex2007 [Jd 6s]
weverson315: folds 
ZDBigTurtle: calls $0.02
Dorex2007: folds 
MrTequilaGuy: raises $0.02 to $0.04
vallieresa: folds 
PokerDany_G: folds 
umka186: folds 
paschtick: folds 
ZDBigTurtle: calls $0.02
*** FLOP *** [3c Qd Kh]
ZDBigTurtle: checks 
MrTequilaGuy: checks 
*** TURN *** [3c Qd Kh] [7d]
ZDBigTurtle: checks 
MrTequilaGuy: checks 
*** RIVER *** [3c Qd Kh 7d] [2d]
ZDBigTurtle: checks 
MrTequilaGuy: bets $0.02
jnaggs joins the table at seat #9 
ZDBigTurtle: folds 
Uncalled bet ($0.02) returned to MrTequilaGuy
MrTequilaGuy collected $0.11 from pot
MrTequilaGuy: doesn't show hand 
*** SUMMARY ***
Total pot $0.11 | Rake $0 
Board [3c Qd Kh 7d 2d]
Seat 1: MrTequilaGuy collected ($0.11)
Seat 2: vallieresa folded before Flop (didn't bet)
Seat 3: PokerDany_G (button) folded before Flop (didn't bet)
Seat 4: umka186 (small blind) folded before Flop
Seat 5: paschtick (big blind) folded before Flop
Seat 6: weverson315 folded before Flop (didn't bet)
Seat 7: ZDBigTurtle folded on the River
Seat 8: Dorex2007 folded before Flop (didn't bet)



PokerStars Hand #233112226396:  Hold'em No Limit ($0.01/$0.02 USD) - 2022/01/13 18:21:27 PT [2022/01/13 21:21:27 ET]
Table 'Clorinde II' 9-max Seat #4 is the button
Seat 1: MrTequilaGuy ($1.81 in chips) 
Seat 2: vallieresa ($2.25 in chips) 
Seat 3: PokerDany_G ($1.75 in chips) 
Seat 4: umka186 ($2.63 in chips) 
Seat 5: paschtick ($2.04 in chips) 
Seat 6: weverson315 ($2 in chips) 
Seat 7: ZDBigTurtle ($1.60 in chips) 
Seat 8: Dorex2007 ($5.86 in chips) 
paschtick: posts small blind $0.01
weverson315: posts big blind $0.02
jnaggs: sits out 
*** HOLE CARDS ***
Dealt to Dorex2007 [7c Jc]
ZDBigTurtle: calls $0.02
Dorex2007: folds 
MrTequilaGuy: folds 
vallieresa: folds 
PokerDany_G: folds 
umka186: folds 
paschtick: calls $0.01
weverson315: checks 
*** FLOP *** [7s Ts 9s]
paschtick: checks 
weverson315: checks 
ZDBigTurtle: bets $0.04
paschtick: folds 
weverson315: folds 
Uncalled bet ($0.04) returned to ZDBigTurtle
ZDBigTurtle collected $0.06 from pot
ZDBigTurtle: doesn't show hand 
*** SUMMARY ***
Total pot $0.06 | Rake $0 
Board [7s Ts 9s]
Seat 1: MrTequilaGuy folded before Flop (didn't bet)
Seat 2: vallieresa folded before Flop (didn't bet)
Seat 3: PokerDany_G folded before Flop (didn't bet)
Seat 4: umka186 (button) folded before Flop (didn't bet)
Seat 5: paschtick (small blind) folded on the Flop
Seat 6: weverson315 (big blind) folded on the Flop
Seat 7: ZDBigTurtle collected ($0.06)
Seat 8: Dorex2007 folded before Flop (didn't bet)



PokerStars Hand #233112241828:  Hold'em No Limit ($0.01/$0.02 USD) - 2022/01/13 18:22:16 PT [2022/01/13 21:22:16 ET]
Table 'Clorinde II' 9-max Seat #5 is the button
Seat 1: MrTequilaGuy ($1.81 in chips) 
Seat 2: vallieresa ($2.25 in chips) 
Seat 3: PokerDany_G ($1.75 in chips) 
Seat 4: umka186 ($2.63 in chips) 
Seat 5: paschtick ($2.02 in chips) 
Seat 6: weverson315 ($2 in chips) 
Seat 7: ZDBigTurtle ($1.64 in chips) 
Seat 8: Dorex2007 ($5.86 in chips) 
Seat 9: jnaggs ($0.80 in chips) 
weverson315: posts small blind $0.01
ZDBigTurtle: posts big blind $0.02
jnaggs: posts big blind $0.02
*** HOLE CARDS ***
Dealt to Dorex2007 [2c Td]
Dorex2007: folds 
jnaggs: checks 
MrTequilaGuy: folds 
vallieresa: folds 
PokerDany_G: folds 
umka186: folds 
paschtick: calls $0.02
weverson315: calls $0.01
ZDBigTurtle: checks 
*** FLOP *** [Ts 9h 9s]
weverson315: checks 
ZDBigTurtle: bets $0.04
jnaggs: folds 
paschtick: folds 
weverson315: folds 
Uncalled bet ($0.04) returned to ZDBigTurtle
ZDBigTurtle collected $0.08 from pot
ZDBigTurtle: doesn't show hand 
*** SUMMARY ***
Total pot $0.08 | Rake $0 
Board [Ts 9h 9s]
Seat 1: MrTequilaGuy folded before Flop (didn't bet)
Seat 2: vallieresa folded before Flop (didn't bet)
Seat 3: PokerDany_G folded before Flop (didn't bet)
Seat 4: umka186 folded before Flop (didn't bet)
Seat 5: paschtick (button) folded on the Flop
Seat 6: weverson315 (small blind) folded on the Flop
Seat 7: ZDBigTurtle (big blind) collected ($0.08)
Seat 8: Dorex2007 folded before Flop (didn't bet)
Seat 9: jnaggs folded on the Flop (didn't bet)



PokerStars Hand #233112255736:  Hold'em No Limit ($0.01/$0.02 USD) - 2022/01/13 18:23:07 PT [2022/01/13 21:23:07 ET]
Table 'Clorinde II' 9-max Seat #6 is the button
Seat 1: MrTequilaGuy ($1.81 in chips) 
Seat 2: vallieresa ($2.25 in chips) 
Seat 3: PokerDany_G ($1.75 in chips) 
Seat 4: umka186 ($2.63 in chips) 
Seat 5: paschtick ($2 in chips) 
Seat 6: weverson315 ($2 in chips) 
Seat 7: ZDBigTurtle ($1.70 in chips) 
Seat 8: Dorex2007 ($5.86 in chips) 
Seat 9: jnaggs ($0.78 in chips) 
ZDBigTurtle: posts small blind $0.01
Dorex2007: posts big blind $0.02
*** HOLE CARDS ***
Dealt to Dorex2007 [Jh 5d]
jnaggs has timed out
jnaggs: folds 
MrTequilaGuy: folds 
vallieresa: raises $0.06 to $0.08
PokerDany_G: folds 
umka186: folds 
paschtick: folds 
weverson315: folds 
ZDBigTurtle: folds 
Dorex2007: folds 
Uncalled bet ($0.06) returned to vallieresa
vallieresa collected $0.05 from pot
vallieresa: doesn't show hand 
*** SUMMARY ***
Total pot $0.05 | Rake $0 
Seat 1: MrTequilaGuy folded before Flop (didn't bet)
Seat 2: vallieresa collected ($0.05)
Seat 3: PokerDany_G folded before Flop (didn't bet)
Seat 4: umka186 folded before Flop (didn't bet)
Seat 5: paschtick folded before Flop (didn't bet)
Seat 6: weverson315 (button) folded before Flop (didn't bet)
Seat 7: ZDBigTurtle (small blind) folded before Flop
Seat 8: Dorex2007 (big blind) folded before Flop
Seat 9: jnaggs folded before Flop (didn't bet)



PokerStars Hand #233112265639:  Hold'em No Limit ($0.01/$0.02 USD) - 2022/01/13 18:23:44 PT [2022/01/13 21:23:44 ET]
Table 'Clorinde II' 9-max Seat #7 is the button
Seat 1: MrTequilaGuy ($1.81 in chips) 
Seat 2: vallieresa ($2.28 in chips) 
Seat 3: PokerDany_G ($1.75 in chips) 
Seat 4: umka186 ($2.63 in chips) 
Seat 5: paschtick ($2 in chips) 
Seat 6: weverson315 ($2 in chips) 
Seat 7: ZDBigTurtle ($1.69 in chips) 
Seat 8: Dorex2007 ($5.84 in chips) 
Seat 9: jnaggs ($0.78 in chips) 
Dorex2007: posts small blind $0.01
jnaggs: posts big blind $0.02
*** HOLE CARDS ***
Dealt to Dorex2007 [Ks 5c]
MrTequilaGuy has timed out
MrTequilaGuy: folds 
vallieresa: folds 
PokerDany_G: folds 
umka186: folds 
paschtick: folds 
weverson315: folds 
ZDBigTurtle: calls $0.02
Dorex2007: folds 
jnaggs: checks 
*** FLOP *** [5h 2c 5s]
paschtick leaves the table
jnaggs: checks 
ZDBigTurtle: bets $0.04
jnaggs: calls $0.04
*** TURN *** [5h 2c 5s] [6d]
jnaggs: bets $0.04
ZDBigTurtle: folds 
Uncalled bet ($0.04) returned to jnaggs
jnaggs collected $0.13 from pot
jnaggs: doesn't show hand 
*** SUMMARY ***
Total pot $0.13 | Rake $0 
Board [5h 2c 5s 6d]
Seat 1: MrTequilaGuy folded before Flop (didn't bet)
Seat 2: vallieresa folded before Flop (didn't bet)
Seat 3: PokerDany_G folded before Flop (didn't bet)
Seat 4: umka186 folded before Flop (didn't bet)
Seat 5: paschtick folded before Flop (didn't bet)
Seat 6: weverson315 folded before Flop (didn't bet)
Seat 7: ZDBigTurtle (button) folded on the Turn
Seat 8: Dorex2007 (small blind) folded before Flop
Seat 9: jnaggs (big blind) collected ($0.13)



PokerStars Hand #233112291954:  Hold'em No Limit ($0.01/$0.02 USD) - 2022/01/13 18:24:50 PT [2022/01/13 21:24:50 ET]
Table 'Clorinde II' 9-max Seat #8 is the button
Seat 1: MrTequilaGuy ($1.81 in chips) 
Seat 2: vallieresa ($2.28 in chips) 
Seat 3: PokerDany_G ($1.75 in chips) 
Seat 4: umka186 ($2.63 in chips) 
Seat 6: weverson315 ($2 in chips) 
Seat 7: ZDBigTurtle ($1.63 in chips) 
Seat 8: Dorex2007 ($5.83 in chips) 
Seat 9: jnaggs ($0.85 in chips) 
jnaggs: posts small blind $0.01
MrTequilaGuy: posts big blind $0.02
*** HOLE CARDS ***
Dealt to Dorex2007 [6h 9h]
vallieresa: folds 
PokerDany_G: folds 
umka186: folds 
weverson315: folds 
vallieresa leaves the table
ZDBigTurtle: calls $0.02
Dorex2007: calls $0.02
jnaggs: folds 
MrTequilaGuy: checks 
*** FLOP *** [4s Qh 9d]
MrTequilaGuy: checks 
ZDBigTurtle: checks 
Dorex2007: bets $0.04
MrTequilaGuy: folds 
ZDBigTurtle: folds 
Uncalled bet ($0.04) returned to Dorex2007
Dorex2007 collected $0.07 from pot
Dorex2007: doesn't show hand 
*** SUMMARY ***
Total pot $0.07 | Rake $0 
Board [4s Qh 9d]
Seat 1: MrTequilaGuy (big blind) folded on the Flop
Seat 2: vallieresa folded before Flop (didn't bet)
Seat 3: PokerDany_G folded before Flop (didn't bet)
Seat 4: umka186 folded before Flop (didn't bet)
Seat 6: weverson315 folded before Flop (didn't bet)
Seat 7: ZDBigTurtle folded on the Flop
Seat 8: Dorex2007 (button) collected ($0.07)
Seat 9: jnaggs (small blind) folded before Flop



PokerStars Hand #233112302805:  Hold'em No Limit ($0.01/$0.02 USD) - 2022/01/13 18:25:22 PT [2022/01/13 21:25:22 ET]
Table 'Clorinde II' 9-max Seat #9 is the button
Seat 1: MrTequilaGuy ($1.79 in chips) 
Seat 3: PokerDany_G ($1.75 in chips) 
Seat 4: umka186 ($2.63 in chips) 
Seat 6: weverson315 ($2 in chips) 
Seat 7: ZDBigTurtle ($1.61 in chips) 
Seat 8: Dorex2007 ($5.88 in chips) 
Seat 9: jnaggs ($0.84 in chips) 
MrTequilaGuy: posts small blind $0.01
PokerDany_G: posts big blind $0.02
*** HOLE CARDS ***
Dealt to Dorex2007 [Th Jd]
umka186: folds 
weverson315 has timed out
weverson315: folds 
ZDBigTurtle: calls $0.02
Dorex2007: calls $0.02
jnaggs: folds 
MrTequilaGuy: raises $0.04 to $0.06
PokerDany_G: folds 
ZDBigTurtle: calls $0.04
Dorex2007: calls $0.04
*** FLOP *** [2h 8c 2d]
MrTequilaGuy: checks 
ZDBigTurtle: bets $0.04
Dorex2007: folds 
MrTequilaGuy: calls $0.04
*** TURN *** [2h 8c 2d] [7h]
MrTequilaGuy: checks 
ZDBigTurtle: checks 
*** RIVER *** [2h 8c 2d 7h] [9s]
MrTequilaGuy: bets $0.27
ZDBigTurtle: folds 
Uncalled bet ($0.27) returned to MrTequilaGuy
MrTequilaGuy collected $0.27 from pot
MrTequilaGuy: doesn't show hand 
*** SUMMARY ***
Total pot $0.28 | Rake $0.01 
Board [2h 8c 2d 7h 9s]
Seat 1: MrTequilaGuy (small blind) collected ($0.27)
Seat 3: PokerDany_G (big blind) folded before Flop
Seat 4: umka186 folded before Flop (didn't bet)
Seat 6: weverson315 folded before Flop (didn't bet)
Seat 7: ZDBigTurtle folded on the River
Seat 8: Dorex2007 folded on the Flop
Seat 9: jnaggs (button) folded before Flop (didn't bet)



PokerStars Hand #233112322137:  Hold'em No Limit ($0.01/$0.02 USD) - 2022/01/13 18:26:32 PT [2022/01/13 21:26:32 ET]
Table 'Clorinde II' 9-max Seat #1 is the button
Seat 1: MrTequilaGuy ($1.96 in chips) 
Seat 3: PokerDany_G ($1.73 in chips) 
Seat 4: umka186 ($2.63 in chips) 
Seat 6: weverson315 ($2 in chips) 
Seat 7: ZDBigTurtle ($1.51 in chips) 
Seat 8: Dorex2007 ($5.82 in chips) 
Seat 9: jnaggs ($0.84 in chips) 
PokerDany_G: posts small blind $0.01
umka186: posts big blind $0.02
*** HOLE CARDS ***
Dealt to Dorex2007 [3c 6c]
perffect16 joins the table at seat #5 
weverson315 has timed out
weverson315: folds 
ZDBigTurtle: raises $0.02 to $0.04
Dorex2007: folds 
J.C.Clo joins the table at seat #2 
jnaggs: calls $0.04
MrTequilaGuy: raises $0.02 to $0.06
PokerDany_G: folds 
umka186: folds 
ZDBigTurtle: calls $0.02
jnaggs: calls $0.02
*** FLOP *** [8d 4s 5c]
ZDBigTurtle: checks 
jnaggs: bets $0.04
MrTequilaGuy: calls $0.04
ZDBigTurtle: folds 
*** TURN *** [8d 4s 5c] [5s]
jnaggs: bets $0.08
MrTequilaGuy: folds 
Uncalled bet ($0.08) returned to jnaggs
jnaggs collected $0.28 from pot
jnaggs: doesn't show hand 
*** SUMMARY ***
Total pot $0.29 | Rake $0.01 
Board [8d 4s 5c 5s]
Seat 1: MrTequilaGuy (button) folded on the Turn
Seat 3: PokerDany_G (small blind) folded before Flop
Seat 4: umka186 (big blind) folded before Flop
Seat 6: weverson315 folded before Flop (didn't bet)
Seat 7: ZDBigTurtle folded on the Flop
Seat 8: Dorex2007 folded before Flop (didn't bet)
Seat 9: jnaggs collected ($0.28)



PokerStars Hand #233112342566:  Hold'em No Limit ($0.01/$0.02 USD) - 2022/01/13 18:27:48 PT [2022/01/13 21:27:48 ET]
Table 'Clorinde II' 9-max Seat #3 is the button
Seat 1: MrTequilaGuy ($1.86 in chips) 
Seat 2: J.C.Clo ($2 in chips) 
Seat 3: PokerDany_G ($1.72 in chips) 
Seat 4: umka186 ($2.61 in chips) 
Seat 5: perffect16 ($2 in chips) 
Seat 6: weverson315 ($2 in chips) 
Seat 7: ZDBigTurtle ($1.45 in chips) 
Seat 8: Dorex2007 ($5.82 in chips) 
Seat 9: jnaggs ($1.02 in chips) 
umka186: posts small blind $0.01
perffect16: posts big blind $0.02
J.C.Clo: posts big blind $0.02
*** HOLE CARDS ***
Dealt to Dorex2007 [5s 9s]
weverson315: folds 
ZDBigTurtle: raises $0.02 to $0.04
Dorex2007: folds 
jnaggs: folds 
MrTequilaGuy: folds 
J.C.Clo: calls $0.02
PokerDany_G: folds 
umka186: folds 
perffect16: folds 
*** FLOP *** [Qc 7s 6s]
ZDBigTurtle: checks 
J.C.Clo: bets $0.02
ZDBigTurtle: folds 
Uncalled bet ($0.02) returned to J.C.Clo
J.C.Clo collected $0.11 from pot
J.C.Clo: doesn't show hand 
*** SUMMARY ***
Total pot $0.11 | Rake $0 
Board [Qc 7s 6s]
Seat 1: MrTequilaGuy folded before Flop (didn't bet)
Seat 2: J.C.Clo collected ($0.11)
Seat 3: PokerDany_G (button) folded before Flop (didn't bet)
Seat 4: umka186 (small blind) folded before Flop
Seat 5: perffect16 (big blind) folded before Flop
Seat 6: weverson315 folded before Flop (didn't bet)
Seat 7: ZDBigTurtle folded on the Flop
Seat 8: Dorex2007 folded before Flop (didn't bet)
Seat 9: jnaggs folded before Flop (didn't bet)



PokerStars Hand #233112354019:  Hold'em No Limit ($0.01/$0.02 USD) - 2022/01/13 18:28:30 PT [2022/01/13 21:28:30 ET]
Table 'Clorinde II' 9-max Seat #4 is the button
Seat 1: MrTequilaGuy ($1.86 in chips) 
Seat 2: J.C.Clo ($2.07 in chips) 
Seat 3: PokerDany_G ($1.72 in chips) 
Seat 4: umka186 ($2.60 in chips) 
Seat 5: perffect16 ($1.98 in chips) 
Seat 6: weverson315 ($2 in chips) 
Seat 7: ZDBigTurtle ($1.41 in chips) 
Seat 8: Dorex2007 ($5.82 in chips) 
Seat 9: jnaggs ($1.02 in chips) 
perffect16: posts small blind $0.01
weverson315: posts big blind $0.02
*** HOLE CARDS ***
Dealt to Dorex2007 [9d Kd]
ZDBigTurtle: raises $0.02 to $0.04
Dorex2007: calls $0.04
jnaggs: calls $0.04
MrTequilaGuy: folds 
J.C.Clo: folds 
PokerDany_G: folds 
umka186: calls $0.04
perffect16: raises $0.14 to $0.18
weverson315: folds 
ZDBigTurtle: calls $0.14
Dorex2007: folds 
jnaggs: folds 
umka186: calls $0.14
*** FLOP *** [3c 7s 7h]
perffect16: checks 
ZDBigTurtle: checks 
umka186: checks 
*** TURN *** [3c 7s 7h] [8d]
perffect16: checks 
ZDBigTurtle: checks 
umka186: bets $0.27
perffect16: calls $0.27
ZDBigTurtle: folds 
*** RIVER *** [3c 7s 7h 8d] [Kc]
perffect16: checks 
umka186: checks 
*** SHOW DOWN ***
perffect16: shows [Qs Ad] (a pair of Sevens)
umka186: shows [9h 8h] (two pair, Eights and Sevens)
umka186 collected $1.14 from pot
*** SUMMARY ***
Total pot $1.18 | Rake $0.04 
Board [3c 7s 7h 8d Kc]
Seat 1: MrTequilaGuy folded before Flop (didn't bet)
Seat 2: J.C.Clo folded before Flop (didn't bet)
Seat 3: PokerDany_G folded before Flop (didn't bet)
Seat 4: umka186 (button) showed [9h 8h] and won ($1.14) with two pair, Eights and Sevens
Seat 5: perffect16 (small blind) showed [Qs Ad] and lost with a pair of Sevens
Seat 6: weverson315 (big blind) folded before Flop
Seat 7: ZDBigTurtle folded on the Turn
Seat 8: Dorex2007 folded before Flop
Seat 9: jnaggs folded before Flop



PokerStars Hand #233112375612:  Hold'em No Limit ($0.01/$0.02 USD) - 2022/01/13 18:29:43 PT [2022/01/13 21:29:43 ET]
Table 'Clorinde II' 9-max Seat #5 is the button
Seat 1: MrTequilaGuy ($1.86 in chips) 
Seat 2: J.C.Clo ($2.07 in chips) 
Seat 3: PokerDany_G ($1.72 in chips) 
Seat 4: umka186 ($3.29 in chips) 
Seat 5: perffect16 ($2 in chips) 
Seat 6: weverson315 ($2 in chips) 
Seat 7: ZDBigTurtle ($1.23 in chips) 
Seat 8: Dorex2007 ($5.78 in chips) 
Seat 9: jnaggs ($0.98 in chips) 
weverson315: posts small blind $0.01
ZDBigTurtle: posts big blind $0.02
*** HOLE CARDS ***
Dealt to Dorex2007 [3d 3c]
Dorex2007: folds 
jnaggs: folds 
MrTequilaGuy: folds 
J.C.Clo: folds 
PokerDany_G: folds 
umka186: folds 
perffect16: folds 
weverson315: folds 
Uncalled bet ($0.01) returned to ZDBigTurtle
ZDBigTurtle collected $0.02 from pot
ZDBigTurtle: doesn't show hand 
*** SUMMARY ***
Total pot $0.02 | Rake $0 
Seat 1: MrTequilaGuy folded before Flop (didn't bet)
Seat 2: J.C.Clo folded before Flop (didn't bet)
Seat 3: PokerDany_G folded before Flop (didn't bet)
Seat 4: umka186 folded before Flop (didn't bet)
Seat 5: perffect16 (button) folded before Flop (didn't bet)
Seat 6: weverson315 (small blind) folded before Flop
Seat 7: ZDBigTurtle (big blind) collected ($0.02)
Seat 8: Dorex2007 folded before Flop (didn't bet)
Seat 9: jnaggs folded before Flop (didn't bet)



PokerStars Hand #233112382159:  Hold'em No Limit ($0.01/$0.02 USD) - 2022/01/13 18:30:07 PT [2022/01/13 21:30:07 ET]
Table 'Clorinde II' 9-max Seat #6 is the button
Seat 1: MrTequilaGuy ($1.86 in chips) 
Seat 2: J.C.Clo ($2.07 in chips) 
Seat 3: PokerDany_G ($1.72 in chips) 
Seat 4: umka186 ($3.29 in chips) 
Seat 5: perffect16 ($2 in chips) 
Seat 6: weverson315 ($2 in chips) 
Seat 7: ZDBigTurtle ($1.24 in chips) 
Seat 8: Dorex2007 ($5.78 in chips) 
Seat 9: jnaggs ($0.98 in chips) 
ZDBigTurtle: posts small blind $0.01
Dorex2007: posts big blind $0.02
*** HOLE CARDS ***
Dealt to Dorex2007 [Qh 5c]
jnaggs: raises $0.02 to $0.04
MrTequilaGuy: calls $0.04
J.C.Clo: folds 
PokerDany_G: calls $0.04
umka186: folds 
perffect16: folds 
weverson315: folds 
ZDBigTurtle: raises $0.06 to $0.10
Dorex2007: folds 
jnaggs: calls $0.06
MrTequilaGuy: calls $0.06
PokerDany_G: calls $0.06
*** FLOP *** [6h 9s 2c]
ZDBigTurtle: checks 
jnaggs: bets $0.04
MrTequilaGuy: calls $0.04
PokerDany_G: calls $0.04
ZDBigTurtle: calls $0.04
*** TURN *** [6h 9s 2c] [Jh]
ZDBigTurtle: checks 
jnaggs: bets $0.06
MrTequilaGuy: calls $0.06
PokerDany_G: calls $0.06
ZDBigTurtle: calls $0.06
*** RIVER *** [6h 9s 2c Jh] [Qd]
ZDBigTurtle: checks 
jnaggs: bets $0.78 and is all-in
MrTequilaGuy: folds 
PokerDany_G: folds 
ZDBigTurtle: folds 
Uncalled bet ($0.78) returned to jnaggs
jnaggs collected $0.79 from pot
jnaggs: doesn't show hand 
*** SUMMARY ***
Total pot $0.82 | Rake $0.03 
Board [6h 9s 2c Jh Qd]
Seat 1: MrTequilaGuy folded on the River
Seat 2: J.C.Clo folded before Flop (didn't bet)
Seat 3: PokerDany_G folded on the River
Seat 4: umka186 folded before Flop (didn't bet)
Seat 5: perffect16 folded before Flop (didn't bet)
Seat 6: weverson315 (button) folded before Flop (didn't bet)
Seat 7: ZDBigTurtle (small blind) folded on the River
Seat 8: Dorex2007 (big blind) folded before Flop
Seat 9: jnaggs collected ($0.79)



PokerStars Hand #233112420237:  Hold'em No Limit ($0.01/$0.02 USD) - 2022/01/13 18:31:44 PT [2022/01/13 21:31:44 ET]
Table 'Clorinde II' 9-max Seat #7 is the button
Seat 1: MrTequilaGuy ($1.66 in chips) 
Seat 2: J.C.Clo ($2.07 in chips) 
Seat 3: PokerDany_G ($1.52 in chips) 
Seat 4: umka186 ($3.29 in chips) 
Seat 5: perffect16 ($2 in chips) 
Seat 6: weverson315 ($2 in chips) 
Seat 7: ZDBigTurtle ($1.04 in chips) 
Seat 8: Dorex2007 ($5.76 in chips) 
Seat 9: jnaggs ($1.57 in chips) 
Dorex2007: posts small blind $0.01
jnaggs: posts big blind $0.02
*** HOLE CARDS ***
Dealt to Dorex2007 [6d Td]
MrTequilaGuy: raises $0.02 to $0.04
J.C.Clo: folds 
PokerDany_G: folds 
umka186: raises $0.11 to $0.15
perffect16: folds 
weverson315: folds 
ZDBigTurtle: folds 
Dorex2007: folds 
jnaggs: folds 
MrTequilaGuy: calls $0.11
*** FLOP *** [2d 5d Ac]
MrTequilaGuy: checks 
umka186: bets $0.17
MrTequilaGuy: folds 
Uncalled bet ($0.17) returned to umka186
umka186 collected $0.32 from pot
*** SUMMARY ***
Total pot $0.33 | Rake $0.01 
Board [2d 5d Ac]
Seat 1: MrTequilaGuy folded on the Flop
Seat 2: J.C.Clo folded before Flop (didn't bet)
Seat 3: PokerDany_G folded before Flop (didn't bet)
Seat 4: umka186 collected ($0.32)
Seat 5: perffect16 folded before Flop (didn't bet)
Seat 6: weverson315 folded before Flop (didn't bet)
Seat 7: ZDBigTurtle (button) folded before Flop (didn't bet)
Seat 8: Dorex2007 (small blind) folded before Flop
Seat 9: jnaggs (big blind) folded before Flop



PokerStars Hand #233112432856:  Hold'em No Limit ($0.01/$0.02 USD) - 2022/01/13 18:32:31 PT [2022/01/13 21:32:31 ET]
Table 'Clorinde II' 9-max Seat #8 is the button
Seat 1: MrTequilaGuy ($1.51 in chips) 
Seat 2: J.C.Clo ($2.07 in chips) 
Seat 3: PokerDany_G ($1.52 in chips) 
Seat 4: umka186 ($3.46 in chips) 
Seat 5: perffect16 ($2 in chips) 
Seat 6: weverson315 ($2 in chips) 
Seat 7: ZDBigTurtle ($1.04 in chips) 
Seat 8: Dorex2007 ($5.75 in chips) 
Seat 9: jnaggs ($1.55 in chips) 
jnaggs: posts small blind $0.01
MrTequilaGuy: posts big blind $0.02
*** HOLE CARDS ***
Dealt to Dorex2007 [Ah 4c]
J.C.Clo: calls $0.02
PokerDany_G: folds 
umka186: folds 
perffect16: raises $0.07 to $0.09
weverson315: folds 
ZDBigTurtle: folds 
Dorex2007: folds 
jnaggs: folds 
MrTequilaGuy: folds 
J.C.Clo: folds 
Uncalled bet ($0.07) returned to perffect16
perffect16 collected $0.07 from pot
perffect16: doesn't show hand 
*** SUMMARY ***
Total pot $0.07 | Rake $0 
Seat 1: MrTequilaGuy (big blind) folded before Flop
Seat 2: J.C.Clo folded before Flop
Seat 3: PokerDany_G folded before Flop (didn't bet)
Seat 4: umka186 folded before Flop (didn't bet)
Seat 5: perffect16 collected ($0.07)
Seat 6: weverson315 folded before Flop (didn't bet)
Seat 7: ZDBigTurtle folded before Flop (didn't bet)
Seat 8: Dorex2007 (button) folded before Flop (didn't bet)
Seat 9: jnaggs (small blind) folded before Flop



PokerStars Hand #233112443450:  Hold'em No Limit ($0.01/$0.02 USD) - 2022/01/13 18:33:11 PT [2022/01/13 21:33:11 ET]
Table 'Clorinde II' 9-max Seat #9 is the button
Seat 1: MrTequilaGuy ($1.49 in chips) 
Seat 2: J.C.Clo ($2.05 in chips) 
Seat 3: PokerDany_G ($1.52 in chips) 
Seat 4: umka186 ($3.46 in chips) 
Seat 5: perffect16 ($2.05 in chips) 
Seat 6: weverson315 ($2 in chips) 
Seat 7: ZDBigTurtle ($1.04 in chips) 
Seat 8: Dorex2007 ($5.75 in chips) 
Seat 9: jnaggs ($1.54 in chips) 
MrTequilaGuy: posts small blind $0.01
J.C.Clo: posts big blind $0.02
*** HOLE CARDS ***
Dealt to Dorex2007 [9c Kd]
PokerDany_G: folds 
umka186: folds 
perffect16: folds 
weverson315 has timed out
weverson315: folds 
ZDBigTurtle: calls $0.02
Dorex2007: folds 
jnaggs: raises $0.02 to $0.04
MrTequilaGuy: folds 
J.C.Clo: calls $0.02
ZDBigTurtle: calls $0.02
*** FLOP *** [4d Jh Th]
J.C.Clo: checks 
ZDBigTurtle: checks 
jnaggs: bets $0.04
J.C.Clo: calls $0.04
ZDBigTurtle: folds 
*** TURN *** [4d Jh Th] [2h]
J.C.Clo: checks 
ZDBigTurtle leaves the table
jnaggs: bets $0.06
J.C.Clo: calls $0.06
*** RIVER *** [4d Jh Th 2h] [7c]
Tobiz89 joins the table at seat #7 
J.C.Clo: checks 
jnaggs: bets $0.08
J.C.Clo: folds 
Uncalled bet ($0.08) returned to jnaggs
jnaggs collected $0.32 from pot
jnaggs: doesn't show hand 
*** SUMMARY ***
Total pot $0.33 | Rake $0.01 
Board [4d Jh Th 2h 7c]
Seat 1: MrTequilaGuy (small blind) folded before Flop
Seat 2: J.C.Clo (big blind) folded on the River
Seat 3: PokerDany_G folded before Flop (didn't bet)
Seat 4: umka186 folded before Flop (didn't bet)
Seat 5: perffect16 folded before Flop (didn't bet)
Seat 6: weverson315 folded before Flop (didn't bet)
Seat 7: ZDBigTurtle folded on the Flop
Seat 8: Dorex2007 folded before Flop (didn't bet)
Seat 9: jnaggs (button) collected ($0.32)



PokerStars Hand #233112464347:  Hold'em No Limit ($0.01/$0.02 USD) - 2022/01/13 18:34:29 PT [2022/01/13 21:34:29 ET]
Table 'Clorinde II' 9-max Seat #1 is the button
Seat 1: MrTequilaGuy ($1.48 in chips) 
Seat 2: J.C.Clo ($1.91 in chips) 
Seat 3: PokerDany_G ($1.52 in chips) 
Seat 4: umka186 ($3.46 in chips) 
Seat 5: perffect16 ($2.05 in chips) 
Seat 6: weverson315 ($2 in chips) 
Seat 8: Dorex2007 ($5.75 in chips) 
Seat 9: jnaggs ($1.72 in chips) 
J.C.Clo: posts small blind $0.01
PokerDany_G: posts big blind $0.02
Tobiz89: sits out 
*** HOLE CARDS ***
Dealt to Dorex2007 [Jc 4d]
umka186: folds 
perffect16: folds 
weverson315: folds 
Dorex2007: folds 
jnaggs: folds 
MrTequilaGuy: folds 
MrTequilaGuy leaves the table
J.C.Clo: calls $0.01
PokerDany_G: checks 
*** FLOP *** [8c 9h 3s]
J.C.Clo: checks 
PokerDany_G: bets $0.04
J.C.Clo: folds 
Uncalled bet ($0.04) returned to PokerDany_G
PokerDany_G collected $0.04 from pot
PokerDany_G: doesn't show hand 
*** SUMMARY ***
Total pot $0.04 | Rake $0 
Board [8c 9h 3s]
Seat 1: MrTequilaGuy (button) folded before Flop (didn't bet)
Seat 2: J.C.Clo (small blind) folded on the Flop
Seat 3: PokerDany_G (big blind) collected ($0.04)
Seat 4: umka186 folded before Flop (didn't bet)
Seat 5: perffect16 folded before Flop (didn't bet)
Seat 6: weverson315 folded before Flop (didn't bet)
Seat 8: Dorex2007 folded before Flop (didn't bet)
Seat 9: jnaggs folded before Flop (didn't bet)



PokerStars Hand #233112471912:  Hold'em No Limit ($0.01/$0.02 USD) - 2022/01/13 18:34:57 PT [2022/01/13 21:34:57 ET]
Table 'Clorinde II' 9-max Seat #2 is the button
Seat 2: J.C.Clo ($1.89 in chips) 
Seat 3: PokerDany_G ($1.54 in chips) 
Seat 4: umka186 ($3.46 in chips) 
Seat 5: perffect16 ($2.05 in chips) 
Seat 6: weverson315 ($2 in chips) 
Seat 8: Dorex2007 ($5.75 in chips) 
Seat 9: jnaggs ($1.72 in chips) 
PokerDany_G: posts small blind $0.01
umka186: posts big blind $0.02
Tobiz89: sits out 
*** HOLE CARDS ***
Dealt to Dorex2007 [Qh Tc]
rogstad08 joins the table at seat #1 
perffect16: raises $0.02 to $0.04
weverson315: folds 
Dorex2007: folds 
jnaggs: calls $0.04
J.C.Clo: folds 
PokerDany_G: folds 
umka186: folds 
*** FLOP *** [6s 7s As]
perffect16: bets $0.02
jnaggs: raises $0.02 to $0.04
perffect16: calls $0.02
*** TURN *** [6s 7s As] [5s]
perffect16: checks 
jnaggs: bets $0.06
perffect16: folds 
Uncalled bet ($0.06) returned to jnaggs
jnaggs collected $0.18 from pot
jnaggs: doesn't show hand 
*** SUMMARY ***
Total pot $0.19 | Rake $0.01 
Board [6s 7s As 5s]
Seat 2: J.C.Clo (button) folded before Flop (didn't bet)
Seat 3: PokerDany_G (small blind) folded before Flop
Seat 4: umka186 (big blind) folded before Flop
Seat 5: perffect16 folded on the Turn
Seat 6: weverson315 folded before Flop (didn't bet)
Seat 8: Dorex2007 folded before Flop (didn't bet)
Seat 9: jnaggs collected ($0.18)



PokerStars Hand #233112490790:  Hold'em No Limit ($0.01/$0.02 USD) - 2022/01/13 18:36:06 PT [2022/01/13 21:36:06 ET]
Table 'Clorinde II' 9-max Seat #3 is the button
Seat 2: J.C.Clo ($1.89 in chips) 
Seat 3: PokerDany_G ($1.53 in chips) 
Seat 4: umka186 ($3.44 in chips) 
Seat 5: perffect16 ($1.97 in chips) 
Seat 6: weverson315 ($2 in chips) 
Seat 8: Dorex2007 ($5.75 in chips) 
Seat 9: jnaggs ($1.82 in chips) 
umka186: posts small blind $0.01
perffect16: posts big blind $0.02
Tobiz89: sits out 
rogstad08: sits out 
*** HOLE CARDS ***
Dealt to Dorex2007 [6s Ks]
weverson315 has timed out
weverson315: folds 
Dorex2007: folds 
jnaggs: raises $0.02 to $0.04
J.C.Clo: folds 
PokerDany_G: folds 
umka186: folds 
perffect16: folds 
Uncalled bet ($0.02) returned to jnaggs
jnaggs collected $0.05 from pot
jnaggs: doesn't show hand 
*** SUMMARY ***
Total pot $0.05 | Rake $0 
Seat 2: J.C.Clo folded before Flop (didn't bet)
Seat 3: PokerDany_G (button) folded before Flop (didn't bet)
Seat 4: umka186 (small blind) folded before Flop
Seat 5: perffect16 (big blind) folded before Flop
Seat 6: weverson315 folded before Flop (didn't bet)
Seat 8: Dorex2007 folded before Flop (didn't bet)
Seat 9: jnaggs collected ($0.05)



PokerStars Hand #233112500314:  Hold'em No Limit ($0.01/$0.02 USD) - 2022/01/13 18:36:42 PT [2022/01/13 21:36:42 ET]
Table 'Clorinde II' 9-max Seat #4 is the button
Seat 2: J.C.Clo ($1.89 in chips) 
Seat 3: PokerDany_G ($1.53 in chips) 
Seat 4: umka186 ($3.43 in chips) 
Seat 5: perffect16 ($1.95 in chips) 
Seat 7: Tobiz89 ($2 in chips) 
Seat 8: Dorex2007 ($5.75 in chips) 
Seat 9: jnaggs ($1.85 in chips) 
perffect16: posts small blind $0.01
Tobiz89: posts big blind $0.02
rogstad08: sits out 
*** HOLE CARDS ***
Dealt to Dorex2007 [Td 7d]
Dorex2007: folds 
jnaggs: raises $0.02 to $0.04
J.C.Clo: folds 
PokerDany_G: calls $0.04
umka186: folds 
perffect16: folds 
Tobiz89: folds 
*** FLOP *** [6s Kc 7c]
jnaggs: checks 
PokerDany_G: bets $0.08
jnaggs: folds 
Uncalled bet ($0.08) returned to PokerDany_G
PokerDany_G collected $0.11 from pot
PokerDany_G: doesn't show hand 
*** SUMMARY ***
Total pot $0.11 | Rake $0 
Board [6s Kc 7c]
Seat 2: J.C.Clo folded before Flop (didn't bet)
Seat 3: PokerDany_G collected ($0.11)
Seat 4: umka186 (button) folded before Flop (didn't bet)
Seat 5: perffect16 (small blind) folded before Flop
Seat 7: Tobiz89 (big blind) folded before Flop
Seat 8: Dorex2007 folded before Flop (didn't bet)
Seat 9: jnaggs folded on the Flop



PokerStars Hand #233112509213:  Hold'em No Limit ($0.01/$0.02 USD) - 2022/01/13 18:37:14 PT [2022/01/13 21:37:14 ET]
Table 'Clorinde II' 9-max Seat #5 is the button
Seat 2: J.C.Clo ($1.89 in chips) 
Seat 3: PokerDany_G ($1.60 in chips) 
Seat 4: umka186 ($3.43 in chips) 
Seat 5: perffect16 ($1.94 in chips) 
Seat 7: Tobiz89 ($2 in chips) 
Seat 8: Dorex2007 ($5.75 in chips) 
Seat 9: jnaggs ($1.81 in chips) 
Tobiz89: posts small blind $0.01
Dorex2007: posts big blind $0.02
rogstad08: sits out 
*** HOLE CARDS ***
Dealt to Dorex2007 [9c Qh]
jnaggs: folds 
J.C.Clo: calls $0.02
PokerDany_G: folds 
umka186: folds 
perffect16: folds 
Tobiz89: folds 
Dorex2007: checks 
*** FLOP *** [7c 2c Kh]
Dorex2007: checks 
J.C.Clo: checks 
*** TURN *** [7c 2c Kh] [As]
Dorex2007: checks 
J.C.Clo: bets $0.02
Dorex2007: folds 
Uncalled bet ($0.02) returned to J.C.Clo
J.C.Clo collected $0.05 from pot
J.C.Clo: doesn't show hand 
*** SUMMARY ***
Total pot $0.05 | Rake $0 
Board [7c 2c Kh As]
Seat 2: J.C.Clo collected ($0.05)
Seat 3: PokerDany_G folded before Flop (didn't bet)
Seat 4: umka186 folded before Flop (didn't bet)
Seat 5: perffect16 (button) folded before Flop (didn't bet)
Seat 7: Tobiz89 (small blind) folded before Flop
Seat 8: Dorex2007 (big blind) folded on the Turn
Seat 9: jnaggs folded before Flop (didn't bet)



PokerStars Hand #233112520753:  Hold'em No Limit ($0.01/$0.02 USD) - 2022/01/13 18:37:56 PT [2022/01/13 21:37:56 ET]
Table 'Clorinde II' 9-max Seat #7 is the button
Seat 2: J.C.Clo ($1.92 in chips) 
Seat 3: PokerDany_G ($1.60 in chips) 
Seat 4: umka186 ($3.43 in chips) 
Seat 5: perffect16 ($1.94 in chips) 
Seat 7: Tobiz89 ($2 in chips) 
Seat 8: Dorex2007 ($5.73 in chips) 
Seat 9: jnaggs ($1.81 in chips) 
Dorex2007: posts small blind $0.01
jnaggs: posts big blind $0.02
rogstad08: sits out 
*** HOLE CARDS ***
Dealt to Dorex2007 [4d 7h]
J.C.Clo: calls $0.02
PokerDany_G: calls $0.02
umka186: folds 
perffect16: folds 
Tobiz89: raises $0.10 to $0.12
Dorex2007: folds 
jnaggs: folds 
J.C.Clo: folds 
PokerDany_G: calls $0.10
*** FLOP *** [Ah 8c 5c]
PokerDany_G: checks 
Tobiz89: bets $0.19
PokerDany_G: calls $0.19
*** TURN *** [Ah 8c 5c] [Ad]
PokerDany_G: checks 
Tobiz89: checks 
*** RIVER *** [Ah 8c 5c Ad] [7d]
PokerDany_G: bets $0.33
Tobiz89: folds 
Uncalled bet ($0.33) returned to PokerDany_G
PokerDany_G collected $0.65 from pot
PokerDany_G: doesn't show hand 
*** SUMMARY ***
Total pot $0.67 | Rake $0.02 
Board [Ah 8c 5c Ad 7d]
Seat 2: J.C.Clo folded before Flop
Seat 3: PokerDany_G collected ($0.65)
Seat 4: umka186 folded before Flop (didn't bet)
Seat 5: perffect16 folded before Flop (didn't bet)
Seat 7: Tobiz89 (button) folded on the River
Seat 8: Dorex2007 (small blind) folded before Flop
Seat 9: jnaggs (big blind) folded before Flop



PokerStars Hand #233112543301:  Hold'em No Limit ($0.01/$0.02 USD) - 2022/01/13 18:39:19 PT [2022/01/13 21:39:19 ET]
Table 'Clorinde II' 9-max Seat #8 is the button
Seat 1: rogstad08 ($0.80 in chips) 
Seat 2: J.C.Clo ($1.90 in chips) 
Seat 3: PokerDany_G ($1.94 in chips) 
Seat 4: umka186 ($3.43 in chips) 
Seat 5: perffect16 ($1.94 in chips) 
Seat 7: Tobiz89 ($2 in chips) 
Seat 8: Dorex2007 ($5.72 in chips) 
Seat 9: jnaggs ($1.79 in chips) 
jnaggs: posts small blind $0.01
rogstad08: posts big blind $0.02
*** HOLE CARDS ***
Dealt to Dorex2007 [Qh 6s]
J.C.Clo: calls $0.02
PokerDany_G: folds 
umka186: folds 
perffect16: folds 
Tobiz89: folds 
Dorex2007: folds 
jnaggs: folds 
rogstad08: checks 
*** FLOP *** [6h Ad 4d]
rogstad08: checks 
J.C.Clo: checks 
*** TURN *** [6h Ad 4d] [4c]
rogstad08: bets $0.05
J.C.Clo: folds 
Uncalled bet ($0.05) returned to rogstad08
rogstad08 collected $0.05 from pot
*** SUMMARY ***
Total pot $0.05 | Rake $0 
Board [6h Ad 4d 4c]
Seat 1: rogstad08 (big blind) collected ($0.05)
Seat 2: J.C.Clo folded on the Turn
Seat 3: PokerDany_G folded before Flop (didn't bet)
Seat 4: umka186 folded before Flop (didn't bet)
Seat 5: perffect16 folded before Flop (didn't bet)
Seat 7: Tobiz89 folded before Flop (didn't bet)
Seat 8: Dorex2007 (button) folded before Flop (didn't bet)
Seat 9: jnaggs (small blind) folded before Flop



PokerStars Hand #233112554070:  Hold'em No Limit ($0.01/$0.02 USD) - 2022/01/13 18:39:58 PT [2022/01/13 21:39:58 ET]
Table 'Clorinde II' 9-max Seat #9 is the button
Seat 1: rogstad08 ($0.83 in chips) 
Seat 3: PokerDany_G ($1.94 in chips) 
Seat 4: umka186 ($3.43 in chips) 
Seat 5: perffect16 ($1.94 in chips) 
Seat 7: Tobiz89 ($2 in chips) 
Seat 8: Dorex2007 ($5.72 in chips) 
Seat 9: jnaggs ($1.78 in chips) 
rogstad08: posts small blind $0.01
J.C.Clo: is sitting out 
PokerDany_G: posts big blind $0.02
*** HOLE CARDS ***
Dealt to Dorex2007 [3h Kh]
umka186: folds 
perffect16: folds 
J.C.Clo leaves the table
Tobiz89: folds 
Dorex2007: folds 
Delzinho M. joins the table at seat #2 
jnaggs: folds 
rogstad08: raises $0.04 to $0.06
PokerDany_G: calls $0.04
*** FLOP *** [9d Qs Qd]
rogstad08: bets $0.06
PokerDany_G: calls $0.06
*** TURN *** [9d Qs Qd] [Jc]
rogstad08: checks 
PokerDany_G: bets $0.12
rogstad08: calls $0.12
*** RIVER *** [9d Qs Qd Jc] [Tc]
rogstad08: checks 
PokerDany_G: checks 
*** SHOW DOWN ***
rogstad08: shows [Ks 9c] (a straight, Nine to King)
PokerDany_G: mucks hand 
rogstad08 collected $0.46 from pot
*** SUMMARY ***
Total pot $0.48 | Rake $0.02 
Board [9d Qs Qd Jc Tc]
Seat 1: rogstad08 (small blind) showed [Ks 9c] and won ($0.46) with a straight, Nine to King
Seat 3: PokerDany_G (big blind) mucked [Ad 8s]
Seat 4: umka186 folded before Flop (didn't bet)
Seat 5: perffect16 folded before Flop (didn't bet)
Seat 7: Tobiz89 folded before Flop (didn't bet)
Seat 8: Dorex2007 folded before Flop (didn't bet)
Seat 9: jnaggs (button) folded before Flop (didn't bet)



PokerStars Hand #233112582123:  Hold'em No Limit ($0.01/$0.02 USD) - 2022/01/13 18:41:28 PT [2022/01/13 21:41:28 ET]
Table 'Clorinde II' 9-max Seat #1 is the button
Seat 1: rogstad08 ($1.05 in chips) 
Seat 3: PokerDany_G ($1.70 in chips) 
Seat 4: umka186 ($3.43 in chips) 
Seat 5: perffect16 ($1.94 in chips) 
Seat 7: Tobiz89 ($2 in chips) 
Seat 8: Dorex2007 ($5.72 in chips) 
Seat 9: jnaggs ($1.78 in chips) 
PokerDany_G: posts small blind $0.01
umka186: posts big blind $0.02
*** HOLE CARDS ***
Dealt to Dorex2007 [2h 7h]
perffect16: raises $0.02 to $0.04
Tobiz89: folds 
Dorex2007: folds 
jnaggs: calls $0.04
rogstad08: calls $0.04
PokerDany_G: calls $0.03
umka186: calls $0.02
*** FLOP *** [9d 8h 2c]
PokerDany_G: checks 
umka186: checks 
perffect16: checks 
jnaggs: bets $0.04
rogstad08: raises $0.06 to $0.10
PokerDany_G: folds 
umka186: folds 
perffect16: folds 
jnaggs: calls $0.06
*** TURN *** [9d 8h 2c] [4h]
jnaggs: bets $0.06
rogstad08: raises $0.22 to $0.28
jnaggs: calls $0.22
*** RIVER *** [9d 8h 2c 4h] [6c]
jnaggs: bets $0.46
rogstad08: raises $0.17 to $0.63 and is all-in
jnaggs: calls $0.17
*** SHOW DOWN ***
rogstad08: shows [2d Kd] (a pair of Deuces)
jnaggs: shows [Qc 8s] (a pair of Eights)
jnaggs collected $2.14 from pot
*** SUMMARY ***
Total pot $2.22 | Rake $0.08 
Board [9d 8h 2c 4h 6c]
Seat 1: rogstad08 (button) showed [2d Kd] and lost with a pair of Deuces
Seat 3: PokerDany_G (small blind) folded on the Flop
Seat 4: umka186 (big blind) folded on the Flop
Seat 5: perffect16 folded on the Flop
Seat 7: Tobiz89 folded before Flop (didn't bet)
Seat 8: Dorex2007 folded before Flop (didn't bet)
Seat 9: jnaggs showed [Qc 8s] and won ($2.14) with a pair of Eights



PokerStars Hand #233112617607:  Hold'em No Limit ($0.01/$0.02 USD) - 2022/01/13 18:43:39 PT [2022/01/13 21:43:39 ET]
Table 'Clorinde II' 9-max Seat #3 is the button
Seat 3: PokerDany_G ($1.66 in chips) 
Seat 4: umka186 ($3.39 in chips) 
Seat 5: perffect16 ($1.90 in chips) 
Seat 7: Tobiz89 ($2 in chips) 
Seat 8: Dorex2007 ($5.72 in chips) 
Seat 9: jnaggs ($2.87 in chips) 
umka186: posts small blind $0.01
perffect16: posts big blind $0.02
Delzinho M.: sits out 
*** HOLE CARDS ***
Dealt to Dorex2007 [3c 8c]
rogstad08 leaves the table
Tobiz89: folds 
Dorex2007: folds 
jnaggs: folds 
PokerDany_G: folds 
umka186: raises $0.03 to $0.05
superjod218 joins the table at seat #1 
perffect16: raises $0.03 to $0.08
umka186: folds 
Uncalled bet ($0.03) returned to perffect16
perffect16 collected $0.10 from pot
perffect16: doesn't show hand 
*** SUMMARY ***
Total pot $0.10 | Rake $0 
Seat 3: PokerDany_G (button) folded before Flop (didn't bet)
Seat 4: umka186 (small blind) folded before Flop
Seat 5: perffect16 (big blind) collected ($0.10)
Seat 7: Tobiz89 folded before Flop (didn't bet)
Seat 8: Dorex2007 folded before Flop (didn't bet)
Seat 9: jnaggs folded before Flop (didn't bet)



PokerStars Hand #233112627198:  Hold'em No Limit ($0.01/$0.02 USD) - 2022/01/13 18:44:14 PT [2022/01/13 21:44:14 ET]
Table 'Clorinde II' 9-max Seat #4 is the button
Seat 3: PokerDany_G ($1.66 in chips) 
Seat 4: umka186 ($3.34 in chips) 
Seat 5: perffect16 ($1.95 in chips) 
Seat 7: Tobiz89 ($2 in chips) 
Seat 8: Dorex2007 ($5.72 in chips) 
Seat 9: jnaggs ($2.87 in chips) 
perffect16: posts small blind $0.01
Tobiz89: posts big blind $0.02
superjod218: sits out 
Delzinho M.: sits out 
*** HOLE CARDS ***
Dealt to Dorex2007 [3s 8d]
Dorex2007: folds 
jnaggs: calls $0.02
PokerDany_G: raises $0.06 to $0.08
umka186: folds 
perffect16: folds 
Tobiz89: folds 
jnaggs: folds 
Uncalled bet ($0.06) returned to PokerDany_G
perffect16 leaves the table
PokerDany_G collected $0.07 from pot
PokerDany_G: doesn't show hand 
*** SUMMARY ***
Total pot $0.07 | Rake $0 
Seat 3: PokerDany_G collected ($0.07)
Seat 4: umka186 (button) folded before Flop (didn't bet)
Seat 5: perffect16 (small blind) folded before Flop
Seat 7: Tobiz89 (big blind) folded before Flop
Seat 8: Dorex2007 folded before Flop (didn't bet)
Seat 9: jnaggs folded before Flop



PokerStars Hand #233112637630:  Hold'em No Limit ($0.01/$0.02 USD) - 2022/01/13 18:44:53 PT [2022/01/13 21:44:53 ET]
Table 'Clorinde II' 9-max Seat #7 is the button
Seat 3: PokerDany_G ($1.71 in chips) 
Seat 4: umka186 ($3.34 in chips) 
Seat 7: Tobiz89 ($2 in chips) 
Seat 8: Dorex2007 ($5.72 in chips) 
Seat 9: jnaggs ($2.85 in chips) 
Dorex2007: posts small blind $0.01
jnaggs: posts big blind $0.02
superjod218: sits out 
Delzinho M.: sits out 
*** HOLE CARDS ***
Dealt to Dorex2007 [6s Jc]
PokerDany_G: folds 
umka186: folds 
Tobiz89: folds 
Dorex2007: folds 
Uncalled bet ($0.01) returned to jnaggs
jnaggs collected $0.02 from pot
jnaggs: doesn't show hand 
*** SUMMARY ***
Total pot $0.02 | Rake $0 
Seat 3: PokerDany_G folded before Flop (didn't bet)
Seat 4: umka186 folded before Flop (didn't bet)
Seat 7: Tobiz89 (button) folded before Flop (didn't bet)
Seat 8: Dorex2007 (small blind) folded before Flop
Seat 9: jnaggs (big blind) collected ($0.02)



PokerStars Hand #233112642332:  Hold'em No Limit ($0.01/$0.02 USD) - 2022/01/13 18:45:10 PT [2022/01/13 21:45:10 ET]
Table 'Clorinde II' 9-max Seat #8 is the button
Seat 1: superjod218 ($2 in chips) 
Seat 3: PokerDany_G ($1.71 in chips) 
Seat 4: umka186 ($3.34 in chips) 
Seat 7: Tobiz89 ($2 in chips) 
Seat 8: Dorex2007 ($5.71 in chips) 
Seat 9: jnaggs ($2.86 in chips) 
jnaggs: posts small blind $0.01
superjod218: posts big blind $0.02
Delzinho M.: sits out 
*** HOLE CARDS ***
Dealt to Dorex2007 [4h Jd]
PokerDany_G: folds 
umka186: raises $0.03 to $0.05
Tobiz89: folds 
Dorex2007: folds 
jnaggs: calls $0.04
superjod218: folds 
*** FLOP *** [9h 5s 3c]
jnaggs: bets $0.02
umka186: calls $0.02
*** TURN *** [9h 5s 3c] [6s]
jnaggs: bets $0.02
umka186: calls $0.02
*** RIVER *** [9h 5s 3c 6s] [7h]
jnaggs: bets $0.02
umka186: calls $0.02
*** SHOW DOWN ***
jnaggs: shows [Qs Js] (high card Queen)
umka186: shows [7d 7s] (three of a kind, Sevens)
umka186 collected $0.23 from pot
*** SUMMARY ***
Total pot $0.24 | Rake $0.01 
Board [9h 5s 3c 6s 7h]
Seat 1: superjod218 (big blind) folded before Flop
Seat 3: PokerDany_G folded before Flop (didn't bet)
Seat 4: umka186 showed [7d 7s] and won ($0.23) with three of a kind, Sevens
Seat 7: Tobiz89 folded before Flop (didn't bet)
Seat 8: Dorex2007 (button) folded before Flop (didn't bet)
Seat 9: jnaggs (small blind) showed [Qs Js] and lost with high card Queen



