PokerStars Hand #233931569608:  Hold'em No Limit ($0.01/$0.02 USD) - 2022/02/09 15:44:52 PT [2022/02/09 18:44:52 ET]
Table 'Zaurak IV' 9-max Seat #2 is the button
Seat 1: Dorex2007 ($2 in chips) 
Seat 2: Wishmaster33 ($2.15 in chips) 
Seat 3: Catonajack ($2.67 in chips) 
Seat 4: invasor267 ($1.97 in chips) 
Seat 5: master bl405 ($1.80 in chips) 
Seat 6: ABooBop ($3.28 in chips) 
Seat 7: Walkel ($6.80 in chips) 
Seat 8: ragnarls ($3.96 in chips) 
Seat 9: tylerdurden21x ($3.91 in chips) 
Catonajack: posts small blind $0.01
invasor267: posts big blind $0.02
Dorex2007: posts big blind $0.02
*** HOLE CARDS ***
Dealt to Dorex2007 [Kc Ah]
master bl405: raises $0.02 to $0.04
ABooBop: folds 
Walkel: folds 
ragnarls: calls $0.04
tylerdurden21x: folds 
Dorex2007: calls $0.02
Wishmaster33: calls $0.04
Catonajack: calls $0.03
invasor267: calls $0.02
*** FLOP *** [7c 7h 6d]
Catonajack: checks 
invasor267: checks 
master bl405: bets $0.11
ragnarls: folds 
Dorex2007: folds 
Wishmaster33: calls $0.11
Catonajack: folds 
invasor267: calls $0.11
*** TURN *** [7c 7h 6d] [9s]
invasor267: checks 
master bl405: bets $0.55
Wishmaster33: calls $0.55
invasor267: calls $0.55
*** RIVER *** [7c 7h 6d 9s] [As]
invasor267: checks 
master bl405: checks 
Wishmaster33: bets $1.11
invasor267: calls $1.11
master bl405: folds 
*** SHOW DOWN ***
Wishmaster33: shows [Ad 7s] (a full house, Sevens full of Aces)
invasor267: mucks hand 
Wishmaster33 collected $4.24 from pot
*** SUMMARY ***
Total pot $4.44 | Rake $0.20 
Board [7c 7h 6d 9s As]
Seat 1: Dorex2007 folded on the Flop
Seat 2: Wishmaster33 (button) showed [Ad 7s] and won ($4.24) with a full house, Sevens full of Aces
Seat 3: Catonajack (small blind) folded on the Flop
Seat 4: invasor267 (big blind) mucked [Qh 7d]
Seat 5: master bl405 folded on the River
Seat 6: ABooBop folded before Flop (didn't bet)
Seat 7: Walkel folded before Flop (didn't bet)
Seat 8: ragnarls folded on the Flop
Seat 9: tylerdurden21x folded before Flop (didn't bet)



PokerStars Hand #233931613658:  Hold'em No Limit ($0.01/$0.02 USD) - 2022/02/09 15:46:47 PT [2022/02/09 18:46:47 ET]
Table 'Zaurak IV' 9-max Seat #3 is the button
Seat 1: Dorex2007 ($2 in chips) 
Seat 2: Wishmaster33 ($4.58 in chips) 
Seat 3: Catonajack ($2.63 in chips) 
Seat 4: invasor267 ($0.16 in chips) 
Seat 5: master bl405 ($1.10 in chips) 
Seat 6: ABooBop ($3.28 in chips) 
Seat 7: Walkel ($6.80 in chips) 
Seat 8: ragnarls ($3.92 in chips) 
Seat 9: tylerdurden21x ($3.91 in chips) 
invasor267: posts small blind $0.01
master bl405: posts big blind $0.02
*** HOLE CARDS ***
Dealt to Dorex2007 [3s Ad]
ABooBop: folds 
Walkel: raises $0.04 to $0.06
ABooBop leaves the table
ragnarls: folds 
tylerdurden21x: folds 
Dorex2007: folds 
Wishmaster33: folds 
Catonajack: folds 
invasor267: folds 
master bl405: raises $0.04 to $0.10
Walkel: raises $0.30 to $0.40
master bl405: calls $0.30
*** FLOP *** [3c 7s Qd]
master bl405: checks 
Walkel: bets $0.78
master bl405: calls $0.70 and is all-in
Uncalled bet ($0.08) returned to Walkel
*** TURN *** [3c 7s Qd] [Kc]
*** RIVER *** [3c 7s Qd Kc] [5h]
*** SHOW DOWN ***
master bl405: shows [Qs Ks] (two pair, Kings and Queens)
Walkel: shows [As Ah] (a pair of Aces)
master bl405 collected $2.13 from pot
*** SUMMARY ***
Total pot $2.21 | Rake $0.08 
Board [3c 7s Qd Kc 5h]
Seat 1: Dorex2007 folded before Flop (didn't bet)
Seat 2: Wishmaster33 folded before Flop (didn't bet)
Seat 3: Catonajack (button) folded before Flop (didn't bet)
Seat 4: invasor267 (small blind) folded before Flop
Seat 5: master bl405 (big blind) showed [Qs Ks] and won ($2.13) with two pair, Kings and Queens
Seat 6: ABooBop folded before Flop (didn't bet)
Seat 7: Walkel showed [As Ah] and lost with a pair of Aces
Seat 8: ragnarls folded before Flop (didn't bet)
Seat 9: tylerdurden21x folded before Flop (didn't bet)



PokerStars Hand #233931636070:  Hold'em No Limit ($0.01/$0.02 USD) - 2022/02/09 15:47:45 PT [2022/02/09 18:47:45 ET]
Table 'Zaurak IV' 9-max Seat #4 is the button
Seat 1: Dorex2007 ($2 in chips) 
Seat 2: Wishmaster33 ($4.58 in chips) 
Seat 3: Catonajack ($2.63 in chips) 
Seat 4: invasor267 ($0.15 in chips) 
Seat 5: master bl405 ($2.13 in chips) 
Seat 7: Walkel ($5.70 in chips) 
Seat 8: ragnarls ($3.92 in chips) 
Seat 9: tylerdurden21x ($3.91 in chips) 
master bl405: posts small blind $0.01
Walkel: posts big blind $0.02
*** HOLE CARDS ***
Dealt to Dorex2007 [3d 6c]
ragnarls: raises $0.02 to $0.04
tylerdurden21x: folds 
Dorex2007: folds 
Wishmaster33: folds 
Catonajack: folds 
invasor267: folds 
master bl405: calls $0.03
Walkel: folds 
*** FLOP *** [7s 4h Qh]
master bl405: bets $0.10
ragnarls: calls $0.10
*** TURN *** [7s 4h Qh] [9d]
master bl405: bets $0.02
ragnarls: calls $0.02
*** RIVER *** [7s 4h Qh 9d] [7h]
master bl405: checks 
ragnarls: checks 
*** SHOW DOWN ***
master bl405: shows [7d Ac] (three of a kind, Sevens)
ragnarls: mucks hand 
master bl405 collected $0.33 from pot
*** SUMMARY ***
Total pot $0.34 | Rake $0.01 
Board [7s 4h Qh 9d 7h]
Seat 1: Dorex2007 folded before Flop (didn't bet)
Seat 2: Wishmaster33 folded before Flop (didn't bet)
Seat 3: Catonajack folded before Flop (didn't bet)
Seat 4: invasor267 (button) folded before Flop (didn't bet)
Seat 5: master bl405 (small blind) showed [7d Ac] and won ($0.33) with three of a kind, Sevens
Seat 7: Walkel (big blind) folded before Flop
Seat 8: ragnarls mucked [Ad Jc]
Seat 9: tylerdurden21x folded before Flop (didn't bet)



PokerStars Hand #233931651426:  Hold'em No Limit ($0.01/$0.02 USD) - 2022/02/09 15:48:25 PT [2022/02/09 18:48:25 ET]
Table 'Zaurak IV' 9-max Seat #5 is the button
Seat 1: Dorex2007 ($2 in chips) 
Seat 2: Wishmaster33 ($4.58 in chips) 
Seat 3: Catonajack ($2.63 in chips) 
Seat 4: invasor267 ($0.15 in chips) 
Seat 5: master bl405 ($2.30 in chips) 
Seat 7: Walkel ($5.68 in chips) 
Seat 8: ragnarls ($3.76 in chips) 
Seat 9: tylerdurden21x ($3.91 in chips) 
Walkel: posts small blind $0.01
ragnarls: posts big blind $0.02
*** HOLE CARDS ***
Dealt to Dorex2007 [Qh 3s]
tylerdurden21x: folds 
Dorex2007: folds 
Wishmaster33: calls $0.02
Catonajack: folds 
invasor267: raises $0.13 to $0.15 and is all-in
Ykycu_Moe joins the table at seat #6 
master bl405: folds 
Walkel: folds 
ragnarls: calls $0.13
Wishmaster33: calls $0.13
*** FLOP *** [Ts 2h 5h]
ragnarls: bets $0.16
Wishmaster33: folds 
Uncalled bet ($0.16) returned to ragnarls
*** TURN *** [Ts 2h 5h] [9h]
*** RIVER *** [Ts 2h 5h 9h] [Jc]
*** SHOW DOWN ***
ragnarls: shows [6s 4s] (high card Jack)
invasor267: shows [7s 7h] (a pair of Sevens)
invasor267 collected $0.44 from pot
*** SUMMARY ***
Total pot $0.46 | Rake $0.02 
Board [Ts 2h 5h 9h Jc]
Seat 1: Dorex2007 folded before Flop (didn't bet)
Seat 2: Wishmaster33 folded on the Flop
Seat 3: Catonajack folded before Flop (didn't bet)
Seat 4: invasor267 showed [7s 7h] and won ($0.44) with a pair of Sevens
Seat 5: master bl405 (button) folded before Flop (didn't bet)
Seat 7: Walkel (small blind) folded before Flop
Seat 8: ragnarls (big blind) showed [6s 4s] and lost with high card Jack
Seat 9: tylerdurden21x folded before Flop (didn't bet)



PokerStars Hand #233931669680:  Hold'em No Limit ($0.01/$0.02 USD) - 2022/02/09 15:49:13 PT [2022/02/09 18:49:13 ET]
Table 'Zaurak IV' 9-max Seat #7 is the button
Seat 1: Dorex2007 ($2 in chips) 
Seat 2: Wishmaster33 ($4.43 in chips) 
Seat 3: Catonajack ($2.63 in chips) 
Seat 4: invasor267 ($0.44 in chips) 
Seat 5: master bl405 ($2.30 in chips) 
Seat 7: Walkel ($5.67 in chips) 
Seat 8: ragnarls ($3.61 in chips) 
Seat 9: tylerdurden21x ($3.91 in chips) 
ragnarls: posts small blind $0.01
tylerdurden21x: posts big blind $0.02
Ykycu_Moe: sits out 
*** HOLE CARDS ***
Dealt to Dorex2007 [3d 6h]
Dorex2007: folds 
Wishmaster33: calls $0.02
Catonajack: folds 
invasor267: raises $0.12 to $0.14
master bl405: folds 
Walkel: calls $0.14
ragnarls: calls $0.13
tylerdurden21x: folds 
Wishmaster33: calls $0.12
*** FLOP *** [Qs 2h Jc]
ragnarls: checks 
Wishmaster33: checks 
invasor267: checks 
Walkel: bets $0.28
ragnarls: calls $0.28
Wishmaster33: folds 
invasor267: folds 
*** TURN *** [Qs 2h Jc] [5h]
ragnarls: bets $0.55
Walkel: calls $0.55
*** RIVER *** [Qs 2h Jc 5h] [Ah]
ragnarls: checks 
Walkel: checks 
*** SHOW DOWN ***
ragnarls: shows [Jh 2d] (two pair, Jacks and Deuces)
Walkel: mucks hand 
ragnarls collected $2.16 from pot
*** SUMMARY ***
Total pot $2.24 | Rake $0.08 
Board [Qs 2h Jc 5h Ah]
Seat 1: Dorex2007 folded before Flop (didn't bet)
Seat 2: Wishmaster33 folded on the Flop
Seat 3: Catonajack folded before Flop (didn't bet)
Seat 4: invasor267 folded on the Flop
Seat 5: master bl405 folded before Flop (didn't bet)
Seat 7: Walkel (button) mucked [Kd Qd]
Seat 8: ragnarls (small blind) showed [Jh 2d] and won ($2.16) with two pair, Jacks and Deuces
Seat 9: tylerdurden21x (big blind) folded before Flop



PokerStars Hand #233931691696:  Hold'em No Limit ($0.01/$0.02 USD) - 2022/02/09 15:50:11 PT [2022/02/09 18:50:11 ET]
Table 'Zaurak IV' 9-max Seat #8 is the button
Seat 1: Dorex2007 ($2 in chips) 
Seat 2: Wishmaster33 ($4.29 in chips) 
Seat 3: Catonajack ($2.63 in chips) 
Seat 4: invasor267 ($0.30 in chips) 
Seat 5: master bl405 ($2.30 in chips) 
Seat 7: Walkel ($4.70 in chips) 
Seat 8: ragnarls ($4.80 in chips) 
Seat 9: tylerdurden21x ($3.89 in chips) 
tylerdurden21x: posts small blind $0.01
Dorex2007: posts big blind $0.02
Ykycu_Moe: sits out 
*** HOLE CARDS ***
Dealt to Dorex2007 [2h 9d]
Wishmaster33: folds 
Catonajack: folds 
invasor267: folds 
master bl405: calls $0.02
Walkel: folds 
ragnarls: raises $0.04 to $0.06
tylerdurden21x: folds 
Dorex2007: folds 
Wishmaster33 leaves the table
Quiroz13 joins the table at seat #2 
master bl405: calls $0.04
*** FLOP *** [4s 6c As]
master bl405: checks 
ragnarls: checks 
*** TURN *** [4s 6c As] [Qs]
master bl405: bets $0.02
ragnarls: calls $0.02
*** RIVER *** [4s 6c As Qs] [3c]
master bl405: bets $0.02
ragnarls: calls $0.02
*** SHOW DOWN ***
master bl405: shows [2c 5h] (a straight, Deuce to Six)
ragnarls: mucks hand 
master bl405 collected $0.22 from pot
*** SUMMARY ***
Total pot $0.23 | Rake $0.01 
Board [4s 6c As Qs 3c]
Seat 1: Dorex2007 (big blind) folded before Flop
Seat 2: Wishmaster33 folded before Flop (didn't bet)
Seat 3: Catonajack folded before Flop (didn't bet)
Seat 4: invasor267 folded before Flop (didn't bet)
Seat 5: master bl405 showed [2c 5h] and won ($0.22) with a straight, Deuce to Six
Seat 7: Walkel folded before Flop (didn't bet)
Seat 8: ragnarls (button) mucked [Jh Kd]
Seat 9: tylerdurden21x (small blind) folded before Flop



PokerStars Hand #233931721231:  Hold'em No Limit ($0.01/$0.02 USD) - 2022/02/09 15:51:29 PT [2022/02/09 18:51:29 ET]
Table 'Zaurak IV' 9-max Seat #9 is the button
Seat 1: Dorex2007 ($2 in chips) 
Seat 2: Quiroz13 ($1.47 in chips) 
Seat 3: Catonajack ($2.63 in chips) 
Seat 4: invasor267 ($0.30 in chips) 
Seat 5: master bl405 ($2.42 in chips) 
Seat 7: Walkel ($4.70 in chips) 
Seat 8: ragnarls ($4.70 in chips) 
Seat 9: tylerdurden21x ($3.88 in chips) 
Dorex2007: posts small blind $0.01
Quiroz13: posts big blind $0.02
Ykycu_Moe: sits out 
*** HOLE CARDS ***
Dealt to Dorex2007 [8s Qh]
Catonajack: folds 
invasor267: folds 
master bl405: folds 
Walkel: folds 
ragnarls: raises $0.02 to $0.04
tylerdurden21x: folds 
Dorex2007: folds 
Quiroz13: calls $0.02
*** FLOP *** [8d Js Th]
Quiroz13: checks 
ragnarls: checks 
*** TURN *** [8d Js Th] [6c]
Quiroz13: bets $0.02
ragnarls: calls $0.02
*** RIVER *** [8d Js Th 6c] [6d]
Quiroz13: checks 
ragnarls: checks 
*** SHOW DOWN ***
Quiroz13: shows [7d 4s] (a pair of Sixes)
ragnarls: shows [Kh 7h] (a pair of Sixes - King kicker)
ragnarls collected $0.13 from pot
*** SUMMARY ***
Total pot $0.13 | Rake $0 
Board [8d Js Th 6c 6d]
Seat 1: Dorex2007 (small blind) folded before Flop
Seat 2: Quiroz13 (big blind) showed [7d 4s] and lost with a pair of Sixes
Seat 3: Catonajack folded before Flop (didn't bet)
Seat 4: invasor267 folded before Flop (didn't bet)
Seat 5: master bl405 folded before Flop (didn't bet)
Seat 7: Walkel folded before Flop (didn't bet)
Seat 8: ragnarls showed [Kh 7h] and won ($0.13) with a pair of Sixes
Seat 9: tylerdurden21x (button) folded before Flop (didn't bet)



PokerStars Hand #233931741547:  Hold'em No Limit ($0.01/$0.02 USD) - 2022/02/09 15:52:24 PT [2022/02/09 18:52:24 ET]
Table 'Zaurak IV' 9-max Seat #1 is the button
Seat 1: Dorex2007 ($2 in chips) 
Seat 2: Quiroz13 ($1.41 in chips) 
Seat 3: Catonajack ($2.63 in chips) 
Seat 4: invasor267 ($0.30 in chips) 
Seat 5: master bl405 ($2.42 in chips) 
Seat 7: Walkel ($4.70 in chips) 
Seat 8: ragnarls ($4.77 in chips) 
Seat 9: tylerdurden21x ($3.88 in chips) 
Quiroz13: posts small blind $0.01
Catonajack: posts big blind $0.02
Ykycu_Moe: sits out 
*** HOLE CARDS ***
Dealt to Dorex2007 [4s 9c]
invasor267: raises $0.02 to $0.04
master bl405: folds 
Walkel: folds 
ragnarls: calls $0.04
tylerdurden21x: folds 
Dorex2007: folds 
Quiroz13: calls $0.03
Catonajack: calls $0.02
*** FLOP *** [2c 5d Ts]
Quiroz13: checks 
Catonajack: checks 
invasor267: bets $0.07
ragnarls: calls $0.07
Quiroz13: calls $0.07
Catonajack: folds 
*** TURN *** [2c 5d Ts] [9h]
Quiroz13: checks 
invasor267: checks 
ragnarls: checks 
*** RIVER *** [2c 5d Ts 9h] [4h]
Quiroz13: bets $0.02
invasor267: folds 
ragnarls: calls $0.02
*** SHOW DOWN ***
Quiroz13: shows [8h 8c] (a pair of Eights)
ragnarls: mucks hand 
Quiroz13 collected $0.40 from pot
*** SUMMARY ***
Total pot $0.41 | Rake $0.01 
Board [2c 5d Ts 9h 4h]
Seat 1: Dorex2007 (button) folded before Flop (didn't bet)
Seat 2: Quiroz13 (small blind) showed [8h 8c] and won ($0.40) with a pair of Eights
Seat 3: Catonajack (big blind) folded on the Flop
Seat 4: invasor267 folded on the River
Seat 5: master bl405 folded before Flop (didn't bet)
Seat 7: Walkel folded before Flop (didn't bet)
Seat 8: ragnarls mucked [5s 6c]
Seat 9: tylerdurden21x folded before Flop (didn't bet)



PokerStars Hand #233931767694:  Hold'em No Limit ($0.01/$0.02 USD) - 2022/02/09 15:53:35 PT [2022/02/09 18:53:35 ET]
Table 'Zaurak IV' 9-max Seat #2 is the button
Seat 1: Dorex2007 ($2 in chips) 
Seat 2: Quiroz13 ($1.68 in chips) 
Seat 4: invasor267 ($0.19 in chips) 
Seat 5: master bl405 ($2.42 in chips) 
Seat 7: Walkel ($4.70 in chips) 
Seat 8: ragnarls ($4.64 in chips) 
Seat 9: tylerdurden21x ($3.88 in chips) 
invasor267: posts small blind $0.01
master bl405: posts big blind $0.02
Ykycu_Moe: sits out 
*** HOLE CARDS ***
Dealt to Dorex2007 [Ah 8s]
Walkel: folds 
ragnarls: calls $0.02
tylerdurden21x: folds 
Dorex2007: folds 
Quiroz13: raises $0.04 to $0.06
invasor267: folds 
master bl405: raises $0.04 to $0.10
ragnarls: calls $0.08
Quiroz13: calls $0.04
*** FLOP *** [Kh Ts Js]
master bl405: checks 
ragnarls: bets $0.15
Quiroz13: calls $0.15
master bl405: folds 
*** TURN *** [Kh Ts Js] [Kc]
ragnarls: bets $0.30
Quiroz13: calls $0.30
*** RIVER *** [Kh Ts Js Kc] [4c]
ragnarls: bets $1.17
Quiroz13: folds 
Uncalled bet ($1.17) returned to ragnarls
ragnarls collected $1.17 from pot
ragnarls: doesn't show hand 
*** SUMMARY ***
Total pot $1.21 | Rake $0.04 
Board [Kh Ts Js Kc 4c]
Seat 1: Dorex2007 folded before Flop (didn't bet)
Seat 2: Quiroz13 (button) folded on the River
Seat 4: invasor267 (small blind) folded before Flop
Seat 5: master bl405 (big blind) folded on the Flop
Seat 7: Walkel folded before Flop (didn't bet)
Seat 8: ragnarls collected ($1.17)
Seat 9: tylerdurden21x folded before Flop (didn't bet)



PokerStars Hand #233931802855:  Hold'em No Limit ($0.01/$0.02 USD) - 2022/02/09 15:55:09 PT [2022/02/09 18:55:09 ET]
Table 'Zaurak IV' 9-max Seat #4 is the button
Seat 1: Dorex2007 ($2 in chips) 
Seat 2: Quiroz13 ($1.13 in chips) 
Seat 4: invasor267 ($0.18 in chips) 
Seat 5: master bl405 ($2.32 in chips) 
Seat 6: Ykycu_Moe ($2 in chips) 
Seat 7: Walkel ($4.70 in chips) 
Seat 8: ragnarls ($5.26 in chips) 
Seat 9: tylerdurden21x ($3.88 in chips) 
master bl405: posts small blind $0.01
Ykycu_Moe: posts big blind $0.02
*** HOLE CARDS ***
Dealt to Dorex2007 [3s 3h]
Walkel: raises $0.04 to $0.06
ragnarls: calls $0.06
tylerdurden21x: folds 
Dorex2007: folds 
Quiroz13: raises $0.04 to $0.10
invasor267: folds 
master bl405: calls $0.09
Ykycu_Moe: calls $0.08
Walkel: calls $0.04
ragnarls: calls $0.04
*** FLOP *** [6c Th Ad]
master bl405: bets $0.02
Ykycu_Moe: calls $0.02
Walkel: calls $0.02
ragnarls: calls $0.02
Quiroz13: raises $0.10 to $0.12
master bl405: calls $0.10
Ykycu_Moe: calls $0.10
Walkel: calls $0.10
ragnarls: folds 
*** TURN *** [6c Th Ad] [5s]
master bl405: checks 
Ykycu_Moe: checks 
Walkel: checks 
Quiroz13: bets $0.30
master bl405: folds 
Ykycu_Moe: folds 
Walkel: raises $0.62 to $0.92
Quiroz13: calls $0.61 and is all-in
Uncalled bet ($0.01) returned to Walkel
*** RIVER *** [6c Th Ad 5s] [2d]
*** SHOW DOWN ***
Walkel: shows [Jd Js] (a pair of Jacks)
Quiroz13: shows [Qd As] (a pair of Aces)
Quiroz13 collected $2.72 from pot
*** SUMMARY ***
Total pot $2.82 | Rake $0.10 
Board [6c Th Ad 5s 2d]
Seat 1: Dorex2007 folded before Flop (didn't bet)
Seat 2: Quiroz13 showed [Qd As] and won ($2.72) with a pair of Aces
Seat 4: invasor267 (button) folded before Flop (didn't bet)
Seat 5: master bl405 (small blind) folded on the Turn
Seat 6: Ykycu_Moe (big blind) folded on the Turn
Seat 7: Walkel showed [Jd Js] and lost with a pair of Jacks
Seat 8: ragnarls folded on the Flop
Seat 9: tylerdurden21x folded before Flop (didn't bet)



PokerStars Hand #233931855255:  Hold'em No Limit ($0.01/$0.02 USD) - 2022/02/09 15:58:06 PT [2022/02/09 18:58:06 ET]
Table 'Zaurak IV' 9-max Seat #5 is the button
Seat 1: Dorex2007 ($2 in chips) 
Seat 2: Quiroz13 ($2.72 in chips) 
Seat 3: Catonajack ($2.59 in chips) 
Seat 4: invasor267 ($0.18 in chips) 
Seat 5: master bl405 ($2.10 in chips) 
Seat 6: Ykycu_Moe ($2 in chips) 
Seat 7: Walkel ($3.57 in chips) 
Seat 8: ragnarls ($5.14 in chips) 
Seat 9: tylerdurden21x ($3.88 in chips) 
Ykycu_Moe: posts small blind $0.01
Walkel: posts big blind $0.02
Catonajack: posts small blind $0.01
*** HOLE CARDS ***
Dealt to Dorex2007 [Jh 6h]
ragnarls: calls $0.02
tylerdurden21x: folds 
Dorex2007: folds 
Quiroz13: raises $0.02 to $0.04
Catonajack: folds 
invasor267: calls $0.04
master bl405: raises $0.02 to $0.06
Ykycu_Moe: folds 
Walkel: folds 
ragnarls: calls $0.04
Quiroz13: calls $0.02
invasor267: calls $0.02
*** FLOP *** [Tc 3c 9s]
ragnarls: bets $0.14
Quiroz13: calls $0.14
invasor267: folds 
master bl405: raises $0.14 to $0.28
ragnarls: folds 
Quiroz13: calls $0.14
*** TURN *** [Tc 3c 9s] [Ad]
Quiroz13: bets $0.10
master bl405: calls $0.10
*** RIVER *** [Tc 3c 9s Ad] [6c]
Quiroz13: checks 
master bl405: checks 
*** SHOW DOWN ***
Quiroz13: shows [Kd Td] (a pair of Tens)
master bl405: mucks hand 
Quiroz13 collected $1.14 from pot
*** SUMMARY ***
Total pot $1.18 | Rake $0.04 
Board [Tc 3c 9s Ad 6c]
Seat 1: Dorex2007 folded before Flop (didn't bet)
Seat 2: Quiroz13 showed [Kd Td] and won ($1.14) with a pair of Tens
Seat 3: Catonajack folded before Flop (didn't bet)
Seat 4: invasor267 folded on the Flop
Seat 5: master bl405 (button) mucked [Ts Qh]
Seat 6: Ykycu_Moe (small blind) folded before Flop
Seat 7: Walkel (big blind) folded before Flop
Seat 8: ragnarls folded on the Flop
Seat 9: tylerdurden21x folded before Flop (didn't bet)



PokerStars Hand #233931878350:  Hold'em No Limit ($0.01/$0.02 USD) - 2022/02/09 15:59:25 PT [2022/02/09 18:59:25 ET]
Table 'Zaurak IV' 9-max Seat #6 is the button
Seat 1: Dorex2007 ($2 in chips) 
Seat 2: Quiroz13 ($3.42 in chips) 
Seat 3: Catonajack ($2.58 in chips) 
Seat 4: invasor267 ($0.12 in chips) 
Seat 5: master bl405 ($1.66 in chips) 
Seat 6: Ykycu_Moe ($2 in chips) 
Seat 7: Walkel ($3.55 in chips) 
Seat 8: ragnarls ($4.94 in chips) 
Seat 9: tylerdurden21x ($3.88 in chips) 
Walkel: posts small blind $0.01
ragnarls: posts big blind $0.02
*** HOLE CARDS ***
Dealt to Dorex2007 [2h 4h]
tylerdurden21x: folds 
Dorex2007: folds 
Quiroz13: raises $0.04 to $0.06
Catonajack: folds 
invasor267: folds 
master bl405: raises $0.15 to $0.21
Ykycu_Moe: folds 
Walkel: folds 
ragnarls: calls $0.19
Quiroz13: calls $0.15
*** FLOP *** [3d 7c Kh]
ragnarls: checks 
Quiroz13: checks 
master bl405: bets $0.62
ragnarls: folds 
Quiroz13: folds 
Uncalled bet ($0.62) returned to master bl405
master bl405 collected $0.62 from pot
master bl405: doesn't show hand 
*** SUMMARY ***
Total pot $0.64 | Rake $0.02 
Board [3d 7c Kh]
Seat 1: Dorex2007 folded before Flop (didn't bet)
Seat 2: Quiroz13 folded on the Flop
Seat 3: Catonajack folded before Flop (didn't bet)
Seat 4: invasor267 folded before Flop (didn't bet)
Seat 5: master bl405 collected ($0.62)
Seat 6: Ykycu_Moe (button) folded before Flop (didn't bet)
Seat 7: Walkel (small blind) folded before Flop
Seat 8: ragnarls (big blind) folded on the Flop
Seat 9: tylerdurden21x folded before Flop (didn't bet)



PokerStars Hand #233931894801:  Hold'em No Limit ($0.01/$0.02 USD) - 2022/02/09 16:00:20 PT [2022/02/09 19:00:20 ET]
Table 'Zaurak IV' 9-max Seat #7 is the button
Seat 1: Dorex2007 ($2 in chips) 
Seat 2: Quiroz13 ($3.21 in chips) 
Seat 3: Catonajack ($2.58 in chips) 
Seat 4: invasor267 ($0.12 in chips) 
Seat 5: master bl405 ($2.07 in chips) 
Seat 6: Ykycu_Moe ($2 in chips) 
Seat 7: Walkel ($3.54 in chips) 
Seat 8: ragnarls ($4.73 in chips) 
Seat 9: tylerdurden21x ($3.88 in chips) 
ragnarls: posts small blind $0.01
tylerdurden21x: posts big blind $0.02
*** HOLE CARDS ***
Dealt to Dorex2007 [Qs 8c]
Dorex2007: folds 
Quiroz13: calls $0.02
Catonajack: folds 
invasor267: folds 
master bl405 has timed out
master bl405: folds 
Ykycu_Moe: folds 
Walkel: folds 
ragnarls: calls $0.01
tylerdurden21x: checks 
*** FLOP *** [Ah 3c Qh]
ragnarls: checks 
tylerdurden21x: checks 
Quiroz13: bets $0.06
ragnarls: folds 
tylerdurden21x: folds 
Uncalled bet ($0.06) returned to Quiroz13
Quiroz13 collected $0.06 from pot
Quiroz13: doesn't show hand 
*** SUMMARY ***
Total pot $0.06 | Rake $0 
Board [Ah 3c Qh]
Seat 1: Dorex2007 folded before Flop (didn't bet)
Seat 2: Quiroz13 collected ($0.06)
Seat 3: Catonajack folded before Flop (didn't bet)
Seat 4: invasor267 folded before Flop (didn't bet)
Seat 5: master bl405 folded before Flop (didn't bet)
Seat 6: Ykycu_Moe folded before Flop (didn't bet)
Seat 7: Walkel (button) folded before Flop (didn't bet)
Seat 8: ragnarls (small blind) folded on the Flop
Seat 9: tylerdurden21x (big blind) folded on the Flop



PokerStars Hand #233931932290:  Hold'em No Limit ($0.01/$0.02 USD) - 2022/02/09 16:02:07 PT [2022/02/09 19:02:07 ET]
Table 'Zaurak IV' 9-max Seat #8 is the button
Seat 1: Dorex2007 ($2 in chips) 
Seat 2: Quiroz13 ($3.25 in chips) 
Seat 3: Catonajack ($2.58 in chips) 
Seat 4: invasor267 ($0.12 in chips) 
Seat 5: master bl405 ($2.07 in chips) 
Seat 6: Ykycu_Moe ($2 in chips) 
Seat 7: Walkel ($3.54 in chips) 
Seat 8: ragnarls ($4.71 in chips) 
Seat 9: tylerdurden21x ($3.86 in chips) 
tylerdurden21x: posts small blind $0.01
Dorex2007: posts big blind $0.02
*** HOLE CARDS ***
Dealt to Dorex2007 [2s 6c]
Quiroz13: raises $0.02 to $0.04
Catonajack: folds 
invasor267: folds 
master bl405 has timed out
master bl405: folds 
Ykycu_Moe: raises $0.12 to $0.16
Walkel: folds 
ragnarls: calls $0.16
tylerdurden21x: folds 
Dorex2007: folds 
Quiroz13: calls $0.12
*** FLOP *** [7h 4c Ad]
Quiroz13: checks 
Ykycu_Moe: checks 
ragnarls: checks 
*** TURN *** [7h 4c Ad] [7c]
Quiroz13: bets $0.08
Ykycu_Moe: calls $0.08
ragnarls: folds 
*** RIVER *** [7h 4c Ad 7c] [5c]
Quiroz13: bets $0.02
Ykycu_Moe: calls $0.02
*** SHOW DOWN ***
Quiroz13: shows [2d Kd] (a pair of Sevens)
Ykycu_Moe: shows [Js Jh] (two pair, Jacks and Sevens)
Ykycu_Moe collected $0.69 from pot
*** SUMMARY ***
Total pot $0.71 | Rake $0.02 
Board [7h 4c Ad 7c 5c]
Seat 1: Dorex2007 (big blind) folded before Flop
Seat 2: Quiroz13 showed [2d Kd] and lost with a pair of Sevens
Seat 3: Catonajack folded before Flop (didn't bet)
Seat 4: invasor267 folded before Flop (didn't bet)
Seat 5: master bl405 folded before Flop (didn't bet)
Seat 6: Ykycu_Moe showed [Js Jh] and won ($0.69) with two pair, Jacks and Sevens
Seat 7: Walkel folded before Flop (didn't bet)
Seat 8: ragnarls (button) folded on the Turn
Seat 9: tylerdurden21x (small blind) folded before Flop



PokerStars Hand #233931964641:  Hold'em No Limit ($0.01/$0.02 USD) - 2022/02/09 16:03:32 PT [2022/02/09 19:03:32 ET]
Table 'Zaurak IV' 9-max Seat #9 is the button
Seat 1: Dorex2007 ($2 in chips) 
Seat 2: Quiroz13 ($2.99 in chips) 
Seat 3: Catonajack ($2.58 in chips) 
Seat 4: invasor267 ($0.12 in chips) 
Seat 5: master bl405 ($2.07 in chips) 
Seat 6: Ykycu_Moe ($2.43 in chips) 
Seat 7: Walkel ($3.54 in chips) 
Seat 8: ragnarls ($4.55 in chips) 
Seat 9: tylerdurden21x ($3.85 in chips) 
Dorex2007: posts small blind $0.01
Quiroz13: posts big blind $0.02
*** HOLE CARDS ***
Dealt to Dorex2007 [2d 7h]
Catonajack: raises $0.02 to $0.04
invasor267: folds 
master bl405 has timed out
master bl405: folds 
Ykycu_Moe: folds 
Walkel: folds 
ragnarls: calls $0.04
tylerdurden21x: folds 
Dorex2007: folds 
Quiroz13: folds 
*** FLOP *** [Jh 9h 5c]
Catonajack: bets $0.08
ragnarls: folds 
Uncalled bet ($0.08) returned to Catonajack
Catonajack collected $0.11 from pot
Catonajack: doesn't show hand 
*** SUMMARY ***
Total pot $0.11 | Rake $0 
Board [Jh 9h 5c]
Seat 1: Dorex2007 (small blind) folded before Flop
Seat 2: Quiroz13 (big blind) folded before Flop
Seat 3: Catonajack collected ($0.11)
Seat 4: invasor267 folded before Flop (didn't bet)
Seat 5: master bl405 folded before Flop (didn't bet)
Seat 6: Ykycu_Moe folded before Flop (didn't bet)
Seat 7: Walkel folded before Flop (didn't bet)
Seat 8: ragnarls folded on the Flop
Seat 9: tylerdurden21x (button) folded before Flop (didn't bet)



PokerStars Hand #233931983850:  Hold'em No Limit ($0.01/$0.02 USD) - 2022/02/09 16:04:25 PT [2022/02/09 19:04:25 ET]
Table 'Zaurak IV' 9-max Seat #1 is the button
Seat 1: Dorex2007 ($2 in chips) 
Seat 2: Quiroz13 ($2.97 in chips) 
Seat 3: Catonajack ($2.65 in chips) 
Seat 4: invasor267 ($0.12 in chips) 
Seat 6: Ykycu_Moe ($2.43 in chips) 
Seat 7: Walkel ($3.54 in chips) 
Seat 8: ragnarls ($4.51 in chips) 
Seat 9: tylerdurden21x ($3.85 in chips) 
Quiroz13: posts small blind $0.01
Catonajack: posts big blind $0.02
*** HOLE CARDS ***
Dealt to Dorex2007 [Kc Qh]
invasor267: folds 
Ykycu_Moe: folds 
Walkel: folds 
ragnarls: calls $0.02
tylerdurden21x: folds 
Dorex2007: raises $0.04 to $0.06
Quiroz13: calls $0.05
Catonajack: folds 
ragnarls: calls $0.04
*** FLOP *** [5d Jd 8s]
Quiroz13: bets $0.09
ragnarls: folds 
Dorex2007: calls $0.09
*** TURN *** [5d Jd 8s] [Ad]
Quiroz13: checks 
Dorex2007: bets $0.19
Quiroz13: folds 
Uncalled bet ($0.19) returned to Dorex2007
Dorex2007 collected $0.37 from pot
Dorex2007: doesn't show hand 
*** SUMMARY ***
Total pot $0.38 | Rake $0.01 
Board [5d Jd 8s Ad]
Seat 1: Dorex2007 (button) collected ($0.37)
Seat 2: Quiroz13 (small blind) folded on the Turn
Seat 3: Catonajack (big blind) folded before Flop
Seat 4: invasor267 folded before Flop (didn't bet)
Seat 6: Ykycu_Moe folded before Flop (didn't bet)
Seat 7: Walkel folded before Flop (didn't bet)
Seat 8: ragnarls folded on the Flop
Seat 9: tylerdurden21x folded before Flop (didn't bet)



PokerStars Hand #233932001815:  Hold'em No Limit ($0.01/$0.02 USD) - 2022/02/09 16:05:15 PT [2022/02/09 19:05:15 ET]
Table 'Zaurak IV' 9-max Seat #2 is the button
Seat 1: Dorex2007 ($2.22 in chips) 
Seat 2: Quiroz13 ($2.82 in chips) 
Seat 3: Catonajack ($2.63 in chips) 
Seat 4: invasor267 ($0.12 in chips) 
Seat 5: master bl405 ($2.07 in chips) 
Seat 6: Ykycu_Moe ($2.43 in chips) 
Seat 7: Walkel ($3.54 in chips) 
Seat 8: ragnarls ($4.45 in chips) 
Seat 9: tylerdurden21x ($3.85 in chips) 
Catonajack: posts small blind $0.01
invasor267: posts big blind $0.02
*** HOLE CARDS ***
Dealt to Dorex2007 [Ad Qs]
master bl405: calls $0.02
Ykycu_Moe: folds 
Walkel: folds 
ragnarls: calls $0.02
tylerdurden21x: folds 
Dorex2007: calls $0.02
Quiroz13: calls $0.02
Catonajack: calls $0.01
invasor267: checks 
*** FLOP *** [Qh Qc 7s]
Catonajack: checks 
invasor267: bets $0.10 and is all-in
master bl405: raises $0.10 to $0.20
ragnarls: calls $0.20
Dorex2007: raises $0.46 to $0.66
Quiroz13: folds 
Catonajack: folds 
master bl405: folds 
ragnarls: folds 
Uncalled bet ($0.46) returned to Dorex2007
*** TURN *** [Qh Qc 7s] [2s]
*** RIVER *** [Qh Qc 7s 2s] [Ah]
*** SHOW DOWN ***
Dorex2007: shows [Ad Qs] (a full house, Queens full of Aces)
invasor267: shows [7c 9h] (two pair, Queens and Sevens)
Dorex2007 cashed out the hand for $0.77 | Cash Out Fee $0.01
*** SUMMARY ***
Total pot $0.82 Main pot $0.50. Side pot $0.29. | Rake $0.03 
Board [Qh Qc 7s 2s Ah]
Seat 1: Dorex2007 showed [Ad Qs] and won ($0.79) with a full house, Queens full of Aces (pot not awarded as player cashed out)
Seat 2: Quiroz13 (button) folded on the Flop
Seat 3: Catonajack (small blind) folded on the Flop
Seat 4: invasor267 (big blind) showed [7c 9h] and lost with two pair, Queens and Sevens
Seat 5: master bl405 folded on the Flop
Seat 6: Ykycu_Moe folded before Flop (didn't bet)
Seat 7: Walkel folded before Flop (didn't bet)
Seat 8: ragnarls folded on the Flop
Seat 9: tylerdurden21x folded before Flop (didn't bet)



PokerStars Hand #233932027135:  Hold'em No Limit ($0.01/$0.02 USD) - 2022/02/09 16:06:27 PT [2022/02/09 19:06:27 ET]
Table 'Zaurak IV' 9-max Seat #5 is the button
Seat 1: Dorex2007 ($2.77 in chips) 
Seat 2: Quiroz13 ($2.80 in chips) 
Seat 5: master bl405 ($1.85 in chips) 
Seat 6: Ykycu_Moe ($2.43 in chips) 
Seat 7: Walkel ($3.54 in chips) 
Seat 8: ragnarls ($4.23 in chips) 
Seat 9: tylerdurden21x ($3.85 in chips) 
Ykycu_Moe: posts small blind $0.01
Walkel: posts big blind $0.02
*** HOLE CARDS ***
Dealt to Dorex2007 [6c 6d]
ragnarls: calls $0.02
tylerdurden21x: folds 
Dorex2007: calls $0.02
Quiroz13: folds 
master bl405: folds 
Ykycu_Moe: folds 
Walkel: checks 
*** FLOP *** [Ac Tc 8d]
Walkel: checks 
ragnarls: checks 
Dorex2007: checks 
*** TURN *** [Ac Tc 8d] [Js]
Walkel: checks 
ragnarls: checks 
Dorex2007: checks 
*** RIVER *** [Ac Tc 8d Js] [9s]
Walkel: checks 
ragnarls: bets $0.02
Dorex2007: folds 
Walkel: calls $0.02
*** SHOW DOWN ***
ragnarls: shows [9d 2h] (a pair of Nines)
Walkel: shows [Ad 7d] (a straight, Seven to Jack)
Walkel collected $0.11 from pot
*** SUMMARY ***
Total pot $0.11 | Rake $0 
Board [Ac Tc 8d Js 9s]
Seat 1: Dorex2007 folded on the River
Seat 2: Quiroz13 folded before Flop (didn't bet)
Seat 5: master bl405 (button) folded before Flop (didn't bet)
Seat 6: Ykycu_Moe (small blind) folded before Flop
Seat 7: Walkel (big blind) showed [Ad 7d] and won ($0.11) with a straight, Seven to Jack
Seat 8: ragnarls showed [9d 2h] and lost with a pair of Nines
Seat 9: tylerdurden21x folded before Flop (didn't bet)



PokerStars Hand #233932044456:  Hold'em No Limit ($0.01/$0.02 USD) - 2022/02/09 16:07:16 PT [2022/02/09 19:07:16 ET]
Table 'Zaurak IV' 9-max Seat #6 is the button
Seat 1: Dorex2007 ($2.75 in chips) 
Seat 2: Quiroz13 ($2.80 in chips) 
Seat 4: invasor267 ($1.73 in chips) 
Seat 5: master bl405 ($1.85 in chips) 
Seat 6: Ykycu_Moe ($2.42 in chips) 
Seat 7: Walkel ($3.61 in chips) 
Seat 8: ragnarls ($4.19 in chips) 
Seat 9: tylerdurden21x ($3.85 in chips) 
Walkel: posts small blind $0.01
ragnarls: posts big blind $0.02
*** HOLE CARDS ***
Dealt to Dorex2007 [2d Qd]
tylerdurden21x: folds 
Dorex2007: folds 
Quiroz13: folds 
invasor267: raises $0.02 to $0.04
master bl405: calls $0.04
Ykycu_Moe: folds 
Walkel: calls $0.03
ragnarls: calls $0.02
*** FLOP *** [3s 6h 7c]
Walkel: checks 
ragnarls: bets $0.08
invasor267: calls $0.08
master bl405: calls $0.08
Walkel: calls $0.08
*** TURN *** [3s 6h 7c] [2c]
Walkel: checks 
ragnarls: checks 
invasor267: bets $0.23
master bl405: folds 
Walkel: folds 
ragnarls: folds 
Uncalled bet ($0.23) returned to invasor267
invasor267 collected $0.46 from pot
invasor267: doesn't show hand 
*** SUMMARY ***
Total pot $0.48 | Rake $0.02 
Board [3s 6h 7c 2c]
Seat 1: Dorex2007 folded before Flop (didn't bet)
Seat 2: Quiroz13 folded before Flop (didn't bet)
Seat 4: invasor267 collected ($0.46)
Seat 5: master bl405 folded on the Turn
Seat 6: Ykycu_Moe (button) folded before Flop (didn't bet)
Seat 7: Walkel (small blind) folded on the Turn
Seat 8: ragnarls (big blind) folded on the Turn
Seat 9: tylerdurden21x folded before Flop (didn't bet)



PokerStars Hand #233932069699:  Hold'em No Limit ($0.01/$0.02 USD) - 2022/02/09 16:08:10 PT [2022/02/09 19:08:10 ET]
Table 'Zaurak IV' 9-max Seat #7 is the button
Seat 1: Dorex2007 ($2.75 in chips) 
Seat 2: Quiroz13 ($2.80 in chips) 
Seat 3: Catonajack ($2.61 in chips) 
Seat 4: invasor267 ($2.07 in chips) 
Seat 5: master bl405 ($1.73 in chips) 
Seat 6: Ykycu_Moe ($2.42 in chips) 
Seat 7: Walkel ($3.49 in chips) 
Seat 8: ragnarls ($4.07 in chips) 
ragnarls: posts small blind $0.01
tylerdurden21x: is sitting out 
Dorex2007: posts big blind $0.02
*** HOLE CARDS ***
Dealt to Dorex2007 [4h 4s]
Quiroz13: calls $0.02
Catonajack: folds 
invasor267: folds 
master bl405: calls $0.02
Ykycu_Moe: folds 
Walkel: folds 
Walkel leaves the table
ragnarls: calls $0.01
Dorex2007: checks 
*** FLOP *** [Tc 7h 2h]
ragnarls: checks 
Dorex2007: checks 
Quiroz13: checks 
master bl405: bets $0.04
ragnarls: calls $0.04
Dorex2007: folds 
Quiroz13: folds 
*** TURN *** [Tc 7h 2h] [Qh]
ragnarls: checks 
Tryndamer1 joins the table at seat #7 
master bl405: bets $0.15
ragnarls: folds 
Uncalled bet ($0.15) returned to master bl405
master bl405 collected $0.15 from pot
master bl405: doesn't show hand 
*** SUMMARY ***
Total pot $0.16 | Rake $0.01 
Board [Tc 7h 2h Qh]
Seat 1: Dorex2007 (big blind) folded on the Flop
Seat 2: Quiroz13 folded on the Flop
Seat 3: Catonajack folded before Flop (didn't bet)
Seat 4: invasor267 folded before Flop (didn't bet)
Seat 5: master bl405 collected ($0.15)
Seat 6: Ykycu_Moe folded before Flop (didn't bet)
Seat 7: Walkel (button) folded before Flop (didn't bet)
Seat 8: ragnarls (small blind) folded on the Turn



PokerStars Hand #233932098030:  Hold'em No Limit ($0.01/$0.02 USD) - 2022/02/09 16:09:30 PT [2022/02/09 19:09:30 ET]
Table 'Zaurak IV' 9-max Seat #8 is the button
Seat 1: Dorex2007 ($2.73 in chips) 
Seat 2: Quiroz13 ($2.78 in chips) 
Seat 3: Catonajack ($2.61 in chips) 
Seat 4: invasor267 ($2.07 in chips) 
Seat 5: master bl405 ($1.82 in chips) 
Seat 6: Ykycu_Moe ($2.42 in chips) 
Seat 7: Tryndamer1 ($0.94 in chips) 
Seat 8: ragnarls ($4.01 in chips) 
Dorex2007: posts small blind $0.01
Quiroz13: posts big blind $0.02
Tryndamer1: posts big blind $0.02
*** HOLE CARDS ***
Dealt to Dorex2007 [7s Th]
Catonajack: folds 
invasor267: calls $0.02
master bl405: folds 
Ykycu_Moe: folds 
Tryndamer1: checks 
ragnarls: raises $0.02 to $0.04
Dorex2007: folds 
Quiroz13: folds 
invasor267: calls $0.02
Tryndamer1: calls $0.02
*** FLOP *** [6h Kc 6d]
invasor267: checks 
Tryndamer1: checks 
ragnarls: bets $0.07
invasor267: folds 
Tryndamer1: folds 
Uncalled bet ($0.07) returned to ragnarls
ragnarls collected $0.14 from pot
ragnarls: doesn't show hand 
*** SUMMARY ***
Total pot $0.15 | Rake $0.01 
Board [6h Kc 6d]
Seat 1: Dorex2007 (small blind) folded before Flop
Seat 2: Quiroz13 (big blind) folded before Flop
Seat 3: Catonajack folded before Flop (didn't bet)
Seat 4: invasor267 folded on the Flop
Seat 5: master bl405 folded before Flop (didn't bet)
Seat 6: Ykycu_Moe folded before Flop (didn't bet)
Seat 7: Tryndamer1 folded on the Flop
Seat 8: ragnarls (button) collected ($0.14)



PokerStars Hand #233932116206:  Hold'em No Limit ($0.01/$0.02 USD) - 2022/02/09 16:10:22 PT [2022/02/09 19:10:22 ET]
Table 'Zaurak IV' 9-max Seat #1 is the button
Seat 1: Dorex2007 ($2.72 in chips) 
Seat 3: Catonajack ($2.61 in chips) 
Seat 4: invasor267 ($2.03 in chips) 
Seat 5: master bl405 ($1.82 in chips) 
Seat 6: Ykycu_Moe ($2.42 in chips) 
Seat 7: Tryndamer1 ($0.90 in chips) 
Seat 8: ragnarls ($4.11 in chips) 
Seat 9: tylerdurden21x ($3.85 in chips) 
Catonajack: posts small blind $0.01
invasor267: posts big blind $0.02
tylerdurden21x: posts small & big blinds $0.03
*** HOLE CARDS ***
Dealt to Dorex2007 [Ad 7h]
master bl405: raises $0.08 to $0.10
Ykycu_Moe: folds 
Tryndamer1: folds 
ragnarls: calls $0.10
tylerdurden21x: folds 
Dorex2007: folds 
Catonajack: folds 
invasor267: folds 
*** FLOP *** [9h Jh 8c]
master bl405: bets $0.12
ragnarls: calls $0.12
*** TURN *** [9h Jh 8c] [Th]
master bl405: checks 
ragnarls: checks 
*** RIVER *** [9h Jh 8c Th] [Ks]
master bl405: bets $0.48
ragnarls: calls $0.48
*** SHOW DOWN ***
master bl405: shows [3d 5c] (high card King)
ragnarls: shows [Kc 9s] (two pair, Kings and Nines)
ragnarls collected $1.41 from pot
*** SUMMARY ***
Total pot $1.46 | Rake $0.05 
Board [9h Jh 8c Th Ks]
Seat 1: Dorex2007 (button) folded before Flop (didn't bet)
Seat 3: Catonajack (small blind) folded before Flop
Seat 4: invasor267 (big blind) folded before Flop
Seat 5: master bl405 showed [3d 5c] and lost with high card King
Seat 6: Ykycu_Moe folded before Flop (didn't bet)
Seat 7: Tryndamer1 folded before Flop (didn't bet)
Seat 8: ragnarls showed [Kc 9s] and won ($1.41) with two pair, Kings and Nines
Seat 9: tylerdurden21x folded before Flop (didn't bet)



PokerStars Hand #233932146306:  Hold'em No Limit ($0.01/$0.02 USD) - 2022/02/09 16:11:21 PT [2022/02/09 19:11:21 ET]
Table 'Zaurak IV' 9-max Seat #3 is the button
Seat 1: Dorex2007 ($2.72 in chips) 
Seat 3: Catonajack ($2.60 in chips) 
Seat 4: invasor267 ($2.01 in chips) 
Seat 5: master bl405 ($1.12 in chips) 
Seat 6: Ykycu_Moe ($2.42 in chips) 
Seat 7: Tryndamer1 ($0.90 in chips) 
Seat 8: ragnarls ($4.82 in chips) 
Seat 9: tylerdurden21x ($3.82 in chips) 
invasor267: posts small blind $0.01
master bl405: posts big blind $0.02
*** HOLE CARDS ***
Dealt to Dorex2007 [Qs Js]
Ykycu_Moe: folds 
Tryndamer1: folds 
ragnarls: calls $0.02
tylerdurden21x has timed out
tylerdurden21x: folds 
Dorex2007: raises $0.04 to $0.06
Catonajack: folds 
invasor267: folds 
master bl405: raises $0.04 to $0.10
ragnarls: calls $0.08
Dorex2007: calls $0.04
*** FLOP *** [Ts 2h 7h]
master bl405: bets $0.30
ragnarls: folds 
Dorex2007: folds 
Uncalled bet ($0.30) returned to master bl405
master bl405 collected $0.30 from pot
master bl405: doesn't show hand 
*** SUMMARY ***
Total pot $0.31 | Rake $0.01 
Board [Ts 2h 7h]
Seat 1: Dorex2007 folded on the Flop
Seat 3: Catonajack (button) folded before Flop (didn't bet)
Seat 4: invasor267 (small blind) folded before Flop
Seat 5: master bl405 (big blind) collected ($0.30)
Seat 6: Ykycu_Moe folded before Flop (didn't bet)
Seat 7: Tryndamer1 folded before Flop (didn't bet)
Seat 8: ragnarls folded on the Flop
Seat 9: tylerdurden21x folded before Flop (didn't bet)



PokerStars Hand #233932164398:  Hold'em No Limit ($0.01/$0.02 USD) - 2022/02/09 16:12:13 PT [2022/02/09 19:12:13 ET]
Table 'Zaurak IV' 9-max Seat #4 is the button
Seat 1: Dorex2007 ($2.62 in chips) 
Seat 2: Quiroz13 ($2.76 in chips) 
Seat 3: Catonajack ($2.60 in chips) 
Seat 4: invasor267 ($2 in chips) 
Seat 5: master bl405 ($1.32 in chips) 
Seat 7: Tryndamer1 ($0.90 in chips) 
Seat 8: ragnarls ($4.72 in chips) 
master bl405: posts small blind $0.01
Ykycu_Moe: is sitting out 
Tryndamer1: posts big blind $0.02
Ykycu_Moe leaves the table
Quiroz13: posts small blind $0.01
*** HOLE CARDS ***
Dealt to Dorex2007 [8h 5c]
ragnarls: calls $0.02
Dorex2007: folds 
1Asthma1 joins the table at seat #6 
Quiroz13: calls $0.02
Catonajack: folds 
invasor267: raises $0.16 to $0.18
master bl405: calls $0.17
Tryndamer1: folds 
ragnarls: calls $0.16
Quiroz13: calls $0.16
*** FLOP *** [Ah 3c 2s]
master bl405: bets $1.14 and is all-in
ragnarls: folds 
Quiroz13: calls $1.14
invasor267: raises $0.68 to $1.82 and is all-in
Quiroz13: calls $0.68
*** TURN *** [Ah 3c 2s] [Ac]
*** RIVER *** [Ah 3c 2s Ac] [8d]
*** SHOW DOWN ***
Quiroz13: shows [Qc Qd] (two pair, Aces and Queens)
invasor267: shows [Ad Ks] (three of a kind, Aces)
invasor267 collected $1.32 from side pot
master bl405: shows [5d 3d] (two pair, Aces and Threes)
invasor267 collected $4.02 from main pot
*** SUMMARY ***
Total pot $5.53 Main pot $4.02. Side pot $1.32. | Rake $0.19 
Board [Ah 3c 2s Ac 8d]
Seat 1: Dorex2007 folded before Flop (didn't bet)
Seat 2: Quiroz13 showed [Qc Qd] and lost with two pair, Aces and Queens
Seat 3: Catonajack folded before Flop (didn't bet)
Seat 4: invasor267 (button) showed [Ad Ks] and won ($5.34) with three of a kind, Aces
Seat 5: master bl405 (small blind) showed [5d 3d] and lost with two pair, Aces and Threes
Seat 7: Tryndamer1 (big blind) folded before Flop
Seat 8: ragnarls folded on the Flop



PokerStars Hand #233932196050:  Hold'em No Limit ($0.01/$0.02 USD) - 2022/02/09 16:13:34 PT [2022/02/09 19:13:34 ET]
Table 'Zaurak IV' 9-max Seat #7 is the button
Seat 1: Dorex2007 ($2.62 in chips) 
Seat 2: Quiroz13 ($0.75 in chips) 
Seat 3: Catonajack ($2.60 in chips) 
Seat 4: invasor267 ($5.34 in chips) 
Seat 6: 1Asthma1 ($2 in chips) 
Seat 7: Tryndamer1 ($0.88 in chips) 
Seat 8: ragnarls ($4.54 in chips) 
Seat 9: tylerdurden21x ($3.82 in chips) 
ragnarls: posts small blind $0.01
tylerdurden21x: posts big blind $0.02
1Asthma1: posts big blind $0.02
*** HOLE CARDS ***
Dealt to Dorex2007 [Td 6s]
Dorex2007: folds 
Quiroz13: calls $0.02
Catonajack: folds 
invasor267: folds 
1Asthma1: checks 
Tryndamer1: folds 
ragnarls: calls $0.01
tylerdurden21x: checks 
*** FLOP *** [8s 4c Qc]
ragnarls: checks 
tylerdurden21x: checks 
Quiroz13: bets $0.08
1Asthma1: folds 
ragnarls: folds 
tylerdurden21x: folds 
Uncalled bet ($0.08) returned to Quiroz13
Quiroz13 collected $0.08 from pot
Quiroz13: doesn't show hand 
*** SUMMARY ***
Total pot $0.08 | Rake $0 
Board [8s 4c Qc]
Seat 1: Dorex2007 folded before Flop (didn't bet)
Seat 2: Quiroz13 collected ($0.08)
Seat 3: Catonajack folded before Flop (didn't bet)
Seat 4: invasor267 folded before Flop (didn't bet)
Seat 6: 1Asthma1 folded on the Flop (didn't bet)
Seat 7: Tryndamer1 (button) folded before Flop (didn't bet)
Seat 8: ragnarls (small blind) folded on the Flop
Seat 9: tylerdurden21x (big blind) folded on the Flop



PokerStars Hand #233932213779:  Hold'em No Limit ($0.01/$0.02 USD) - 2022/02/09 16:14:26 PT [2022/02/09 19:14:26 ET]
Table 'Zaurak IV' 9-max Seat #8 is the button
Seat 1: Dorex2007 ($2.62 in chips) 
Seat 2: Quiroz13 ($0.81 in chips) 
Seat 3: Catonajack ($2.60 in chips) 
Seat 4: invasor267 ($5.34 in chips) 
Seat 5: master bl405 ($0.82 in chips) 
Seat 6: 1Asthma1 ($2 in chips) 
Seat 7: Tryndamer1 ($0.88 in chips) 
Seat 8: ragnarls ($4.52 in chips) 
Seat 9: tylerdurden21x ($3.80 in chips) 
tylerdurden21x: posts small blind $0.01
Dorex2007: posts big blind $0.02
*** HOLE CARDS ***
Dealt to Dorex2007 [4d 8c]
Quiroz13: calls $0.02
Catonajack: folds 
invasor267: folds 
master bl405: raises $0.07 to $0.09
1Asthma1: folds 
Tryndamer1: calls $0.09
ragnarls: calls $0.09
tylerdurden21x: folds 
Dorex2007: folds 
Quiroz13: calls $0.07
*** FLOP *** [6d 6c Ts]
Quiroz13: checks 
master bl405: bets $0.38
Tryndamer1: folds 
ragnarls: folds 
Quiroz13: folds 
Uncalled bet ($0.38) returned to master bl405
master bl405 collected $0.38 from pot
master bl405: doesn't show hand 
*** SUMMARY ***
Total pot $0.39 | Rake $0.01 
Board [6d 6c Ts]
Seat 1: Dorex2007 (big blind) folded before Flop
Seat 2: Quiroz13 folded on the Flop
Seat 3: Catonajack folded before Flop (didn't bet)
Seat 4: invasor267 folded before Flop (didn't bet)
Seat 5: master bl405 collected ($0.38)
Seat 6: 1Asthma1 folded before Flop (didn't bet)
Seat 7: Tryndamer1 folded on the Flop
Seat 8: ragnarls (button) folded on the Flop
Seat 9: tylerdurden21x (small blind) folded before Flop



PokerStars Hand #233932231887:  Hold'em No Limit ($0.01/$0.02 USD) - 2022/02/09 16:15:19 PT [2022/02/09 19:15:19 ET]
Table 'Zaurak IV' 9-max Seat #9 is the button
Seat 1: Dorex2007 ($2.60 in chips) 
Seat 2: Quiroz13 ($0.72 in chips) 
Seat 3: Catonajack ($2.60 in chips) 
Seat 4: invasor267 ($5.34 in chips) 
Seat 5: master bl405 ($1.11 in chips) 
Seat 6: 1Asthma1 ($2 in chips) 
Seat 7: Tryndamer1 ($0.79 in chips) 
Seat 8: ragnarls ($4.43 in chips) 
Seat 9: tylerdurden21x ($3.79 in chips) 
Dorex2007: posts small blind $0.01
Quiroz13: posts big blind $0.02
*** HOLE CARDS ***
Dealt to Dorex2007 [8h 8s]
Catonajack: folds 
invasor267: calls $0.02
master bl405: calls $0.02
1Asthma1: folds 
Tryndamer1: folds 
ragnarls: calls $0.02
tylerdurden21x: folds 
Dorex2007: calls $0.01
Quiroz13: checks 
*** FLOP *** [7s 3s 2d]
Dorex2007: bets $0.10
Quiroz13: folds 
invasor267: folds 
master bl405: raises $0.30 to $0.40
ragnarls: folds 
Dorex2007: folds 
Uncalled bet ($0.30) returned to master bl405
master bl405 collected $0.29 from pot
master bl405: doesn't show hand 
*** SUMMARY ***
Total pot $0.30 | Rake $0.01 
Board [7s 3s 2d]
Seat 1: Dorex2007 (small blind) folded on the Flop
Seat 2: Quiroz13 (big blind) folded on the Flop
Seat 3: Catonajack folded before Flop (didn't bet)
Seat 4: invasor267 folded on the Flop
Seat 5: master bl405 collected ($0.29)
Seat 6: 1Asthma1 folded before Flop (didn't bet)
Seat 7: Tryndamer1 folded before Flop (didn't bet)
Seat 8: ragnarls folded on the Flop
Seat 9: tylerdurden21x (button) folded before Flop (didn't bet)



PokerStars Hand #233932256917:  Hold'em No Limit ($0.01/$0.02 USD) - 2022/02/09 16:16:32 PT [2022/02/09 19:16:32 ET]
Table 'Zaurak IV' 9-max Seat #1 is the button
Seat 1: Dorex2007 ($2.48 in chips) 
Seat 3: Catonajack ($2.60 in chips) 
Seat 4: invasor267 ($5.32 in chips) 
Seat 5: master bl405 ($1.28 in chips) 
Seat 6: 1Asthma1 ($2 in chips) 
Seat 7: Tryndamer1 ($0.79 in chips) 
Seat 8: ragnarls ($4.41 in chips) 
Seat 9: tylerdurden21x ($3.79 in chips) 
Catonajack: posts small blind $0.01
invasor267: posts big blind $0.02
*** HOLE CARDS ***
Dealt to Dorex2007 [Td 9s]
master bl405: folds 
1Asthma1: folds 
Tryndamer1: raises $0.04 to $0.06
ragnarls: calls $0.06
tylerdurden21x: folds 
Dorex2007: folds 
Catonajack: folds 
invasor267: calls $0.04
*** FLOP *** [2h 8s 3d]
Catonajack leaves the table
invasor267: checks 
Tryndamer1: bets $0.09
ragnarls: folds 
Dei Filius joins the table at seat #3 
invasor267: calls $0.09
*** TURN *** [2h 8s 3d] [9d]
invasor267: checks 
Tryndamer1: bets $0.20
invasor267: calls $0.20
*** RIVER *** [2h 8s 3d 9d] [Js]
invasor267: checks 
Tryndamer1: bets $0.37
invasor267: calls $0.37
*** SHOW DOWN ***
Tryndamer1: shows [Kh Ks] (a pair of Kings)
invasor267: mucks hand 
Tryndamer1 collected $1.46 from pot
*** SUMMARY ***
Total pot $1.51 | Rake $0.05 
Board [2h 8s 3d 9d Js]
Seat 1: Dorex2007 (button) folded before Flop (didn't bet)
Seat 3: Catonajack (small blind) folded before Flop
Seat 4: invasor267 (big blind) mucked [9h Tc]
Seat 5: master bl405 folded before Flop (didn't bet)
Seat 6: 1Asthma1 folded before Flop (didn't bet)
Seat 7: Tryndamer1 showed [Kh Ks] and won ($1.46) with a pair of Kings
Seat 8: ragnarls folded on the Flop
Seat 9: tylerdurden21x folded before Flop (didn't bet)



PokerStars Hand #233932278539:  Hold'em No Limit ($0.01/$0.02 USD) - 2022/02/09 16:17:35 PT [2022/02/09 19:17:35 ET]
Table 'Zaurak IV' 9-max Seat #4 is the button
Seat 1: Dorex2007 ($2.48 in chips) 
Seat 2: Quiroz13 ($0.70 in chips) 
Seat 4: invasor267 ($4.60 in chips) 
Seat 5: master bl405 ($1.28 in chips) 
Seat 6: 1Asthma1 ($2 in chips) 
Seat 7: Tryndamer1 ($1.53 in chips) 
Seat 8: ragnarls ($4.35 in chips) 
Seat 9: tylerdurden21x ($3.79 in chips) 
master bl405: posts small blind $0.01
1Asthma1: posts big blind $0.02
Quiroz13: posts small blind $0.01
Dei Filius: sits out 
*** HOLE CARDS ***
Dealt to Dorex2007 [4c 2d]
Tryndamer1: raises $0.04 to $0.06
ragnarls: calls $0.06
tylerdurden21x: calls $0.06
Dorex2007: folds 
Quiroz13: folds 
invasor267: folds 
master bl405: folds 
1Asthma1: folds 
*** FLOP *** [7s 8s 4s]
Tryndamer1: checks 
ragnarls: bets $0.11
tylerdurden21x: folds 
Tryndamer1: folds 
Uncalled bet ($0.11) returned to ragnarls
ragnarls collected $0.21 from pot
ragnarls: doesn't show hand 
*** SUMMARY ***
Total pot $0.22 | Rake $0.01 
Board [7s 8s 4s]
Seat 1: Dorex2007 folded before Flop (didn't bet)
Seat 2: Quiroz13 folded before Flop (didn't bet)
Seat 4: invasor267 (button) folded before Flop (didn't bet)
Seat 5: master bl405 (small blind) folded before Flop
Seat 6: 1Asthma1 (big blind) folded before Flop
Seat 7: Tryndamer1 folded on the Flop
Seat 8: ragnarls collected ($0.21)
Seat 9: tylerdurden21x folded on the Flop



PokerStars Hand #233932292548:  Hold'em No Limit ($0.01/$0.02 USD) - 2022/02/09 16:18:16 PT [2022/02/09 19:18:16 ET]
Table 'Zaurak IV' 9-max Seat #5 is the button
Seat 1: Dorex2007 ($2.48 in chips) 
Seat 2: Quiroz13 ($0.69 in chips) 
Seat 3: Dei Filius ($1.60 in chips) 
Seat 4: invasor267 ($4.60 in chips) 
Seat 5: master bl405 ($1.27 in chips) 
Seat 6: 1Asthma1 ($2 in chips) 
Seat 7: Tryndamer1 ($1.47 in chips) 
Seat 8: ragnarls ($4.50 in chips) 
Seat 9: tylerdurden21x ($3.73 in chips) 
1Asthma1: posts small blind $0.01
Tryndamer1: posts big blind $0.02
Dei Filius: posts big blind $0.02
*** HOLE CARDS ***
Dealt to Dorex2007 [4h Ts]
ragnarls: calls $0.02
tylerdurden21x: folds 
Dorex2007: folds 
Quiroz13: calls $0.02
Dei Filius: checks 
invasor267: calls $0.02
master bl405: calls $0.02
1Asthma1: folds 
Tryndamer1: checks 
*** FLOP *** [2h Qd 5s]
Tryndamer1: checks 
ragnarls: checks 
Quiroz13: checks 
Dei Filius: checks 
invasor267: checks 
master bl405: bets $0.13
Tryndamer1: folds 
ragnarls: folds 
Quiroz13: folds 
Dei Filius: folds 
invasor267: folds 
Uncalled bet ($0.13) returned to master bl405
master bl405 collected $0.13 from pot
master bl405: doesn't show hand 
*** SUMMARY ***
Total pot $0.13 | Rake $0 
Board [2h Qd 5s]
Seat 1: Dorex2007 folded before Flop (didn't bet)
Seat 2: Quiroz13 folded on the Flop
Seat 3: Dei Filius folded on the Flop (didn't bet)
Seat 4: invasor267 folded on the Flop
Seat 5: master bl405 (button) collected ($0.13)
Seat 6: 1Asthma1 (small blind) folded before Flop
Seat 7: Tryndamer1 (big blind) folded on the Flop
Seat 8: ragnarls folded on the Flop
Seat 9: tylerdurden21x folded before Flop (didn't bet)



PokerStars Hand #233932320652:  Hold'em No Limit ($0.01/$0.02 USD) - 2022/02/09 16:19:39 PT [2022/02/09 19:19:39 ET]
Table 'Zaurak IV' 9-max Seat #6 is the button
Seat 1: Dorex2007 ($2.48 in chips) 
Seat 2: Quiroz13 ($0.67 in chips) 
Seat 3: Dei Filius ($1.58 in chips) 
Seat 4: invasor267 ($4.58 in chips) 
Seat 5: master bl405 ($1.38 in chips) 
Seat 6: 1Asthma1 ($2 in chips) 
Seat 7: Tryndamer1 ($1.45 in chips) 
Seat 8: ragnarls ($4.48 in chips) 
Seat 9: tylerdurden21x ($3.73 in chips) 
Tryndamer1: posts small blind $0.01
ragnarls: posts big blind $0.02
*** HOLE CARDS ***
Dealt to Dorex2007 [6d Kh]
tylerdurden21x: folds 
Dorex2007: folds 
Quiroz13: folds 
Dei Filius: raises $0.02 to $0.04
invasor267: calls $0.04
master bl405 has timed out
master bl405: folds 
1Asthma1: folds 
Tryndamer1: folds 
ragnarls: calls $0.02
*** FLOP *** [Kc 2c Ac]
ragnarls: bets $0.07
Dei Filius: calls $0.07
invasor267: folds 
*** TURN *** [Kc 2c Ac] [Jh]
ragnarls: checks 
Dei Filius: checks 
*** RIVER *** [Kc 2c Ac Jh] [Th]
ragnarls: bets $0.13
Dei Filius: raises $0.13 to $0.26
ragnarls: calls $0.13
*** SHOW DOWN ***
Dei Filius: shows [Jc Jd] (three of a kind, Jacks)
ragnarls: mucks hand 
Dei Filius collected $0.76 from pot
*** SUMMARY ***
Total pot $0.79 | Rake $0.03 
Board [Kc 2c Ac Jh Th]
Seat 1: Dorex2007 folded before Flop (didn't bet)
Seat 2: Quiroz13 folded before Flop (didn't bet)
Seat 3: Dei Filius showed [Jc Jd] and won ($0.76) with three of a kind, Jacks
Seat 4: invasor267 folded on the Flop
Seat 5: master bl405 folded before Flop (didn't bet)
Seat 6: 1Asthma1 (button) folded before Flop (didn't bet)
Seat 7: Tryndamer1 (small blind) folded before Flop
Seat 8: ragnarls (big blind) mucked [Td Ad]
Seat 9: tylerdurden21x folded before Flop (didn't bet)



PokerStars Hand #233932344852:  Hold'em No Limit ($0.01/$0.02 USD) - 2022/02/09 16:20:51 PT [2022/02/09 19:20:51 ET]
Table 'Zaurak IV' 9-max Seat #7 is the button
Seat 1: Dorex2007 ($2.48 in chips) 
Seat 2: Quiroz13 ($0.67 in chips) 
Seat 3: Dei Filius ($1.97 in chips) 
Seat 4: invasor267 ($4.54 in chips) 
Seat 5: master bl405 ($1.38 in chips) 
Seat 6: 1Asthma1 ($2 in chips) 
Seat 7: Tryndamer1 ($1.44 in chips) 
Seat 8: ragnarls ($4.11 in chips) 
Seat 9: tylerdurden21x ($3.73 in chips) 
ragnarls: posts small blind $0.01
tylerdurden21x: posts big blind $0.02
*** HOLE CARDS ***
Dealt to Dorex2007 [9s Kd]
Dorex2007: folds 
Quiroz13: raises $0.02 to $0.04
Dei Filius: folds 
invasor267: calls $0.04
master bl405: calls $0.04
1Asthma1: folds 
Tryndamer1: folds 
ragnarls: calls $0.03
tylerdurden21x: folds 
*** FLOP *** [8s Jh 6s]
ragnarls: checks 
Quiroz13: checks 
invasor267: checks 
master bl405: checks 
*** TURN *** [8s Jh 6s] [Qc]
ragnarls: checks 
Quiroz13: checks 
invasor267: checks 
master bl405: bets $0.17
ragnarls: folds 
ragnarls leaves the table
Quiroz13: folds 
invasor267: folds 
Uncalled bet ($0.17) returned to master bl405
Alehta joins the table at seat #8 
master bl405 collected $0.17 from pot
master bl405: doesn't show hand 
*** SUMMARY ***
Total pot $0.18 | Rake $0.01 
Board [8s Jh 6s Qc]
Seat 1: Dorex2007 folded before Flop (didn't bet)
Seat 2: Quiroz13 folded on the Turn
Seat 3: Dei Filius folded before Flop (didn't bet)
Seat 4: invasor267 folded on the Turn
Seat 5: master bl405 collected ($0.17)
Seat 6: 1Asthma1 folded before Flop (didn't bet)
Seat 7: Tryndamer1 (button) folded before Flop (didn't bet)
Seat 8: ragnarls (small blind) folded on the Turn
Seat 9: tylerdurden21x (big blind) folded before Flop



PokerStars Hand #233932377420:  Hold'em No Limit ($0.01/$0.02 USD) - 2022/02/09 16:22:03 PT [2022/02/09 19:22:03 ET]
Table 'Zaurak IV' 9-max Seat #9 is the button
Seat 1: Dorex2007 ($2.48 in chips) 
Seat 2: Quiroz13 ($0.63 in chips) 
Seat 3: Dei Filius ($1.97 in chips) 
Seat 4: invasor267 ($4.50 in chips) 
Seat 5: master bl405 ($1.51 in chips) 
Seat 6: 1Asthma1 ($2 in chips) 
Seat 7: Tryndamer1 ($1.44 in chips) 
Seat 9: tylerdurden21x ($3.71 in chips) 
Dorex2007: posts small blind $0.01
Quiroz13: posts big blind $0.02
Alehta: sits out 
*** HOLE CARDS ***
Dealt to Dorex2007 [7h Tc]
Dei Filius: calls $0.02
invasor267: calls $0.02
master bl405: raises $0.09 to $0.11
1Asthma1: folds 
Tryndamer1: folds 
tylerdurden21x: folds 
Dorex2007: folds 
Quiroz13: folds 
Dei Filius: calls $0.09
invasor267: calls $0.09
*** FLOP *** [Ah Qc 6c]
Dei Filius: checks 
invasor267: checks 
master bl405: bets $0.17
Dei Filius: folds 
invasor267: folds 
Uncalled bet ($0.17) returned to master bl405
master bl405 collected $0.35 from pot
master bl405: doesn't show hand 
*** SUMMARY ***
Total pot $0.36 | Rake $0.01 
Board [Ah Qc 6c]
Seat 1: Dorex2007 (small blind) folded before Flop
Seat 2: Quiroz13 (big blind) folded before Flop
Seat 3: Dei Filius folded on the Flop
Seat 4: invasor267 folded on the Flop
Seat 5: master bl405 collected ($0.35)
Seat 6: 1Asthma1 folded before Flop (didn't bet)
Seat 7: Tryndamer1 folded before Flop (didn't bet)
Seat 9: tylerdurden21x (button) folded before Flop (didn't bet)



PokerStars Hand #233932398293:  Hold'em No Limit ($0.01/$0.02 USD) - 2022/02/09 16:23:05 PT [2022/02/09 19:23:05 ET]
Table 'Zaurak IV' 9-max Seat #1 is the button
Seat 1: Dorex2007 ($2.47 in chips) 
Seat 2: Quiroz13 ($0.61 in chips) 
Seat 3: Dei Filius ($1.86 in chips) 
Seat 4: invasor267 ($4.39 in chips) 
Seat 5: master bl405 ($1.75 in chips) 
Seat 6: 1Asthma1 ($2 in chips) 
Seat 7: Tryndamer1 ($1.44 in chips) 
Seat 9: tylerdurden21x ($3.71 in chips) 
Quiroz13: posts small blind $0.01
Dei Filius: posts big blind $0.02
Alehta: sits out 
*** HOLE CARDS ***
Dealt to Dorex2007 [6s Td]
invasor267: calls $0.02
master bl405: calls $0.02
1Asthma1: folds 
Tryndamer1: folds 
tylerdurden21x: calls $0.02
Dorex2007: folds 
Quiroz13: calls $0.01
Dei Filius: checks 
*** FLOP *** [4c Ts 8d]
Quiroz13: checks 
Dei Filius: checks 
invasor267: checks 
master bl405: bets $0.05
tylerdurden21x: folds 
Quiroz13: folds 
Dei Filius: folds 
invasor267: calls $0.05
*** TURN *** [4c Ts 8d] [Ad]
invasor267: checks 
master bl405: checks 
*** RIVER *** [4c Ts 8d Ad] [4h]
invasor267: bets $0.54
master bl405: calls $0.54
*** SHOW DOWN ***
invasor267: shows [4d Qh] (three of a kind, Fours)
master bl405: mucks hand 
invasor267 collected $1.24 from pot
*** SUMMARY ***
Total pot $1.28 | Rake $0.04 
Board [4c Ts 8d Ad 4h]
Seat 1: Dorex2007 (button) folded before Flop (didn't bet)
Seat 2: Quiroz13 (small blind) folded on the Flop
Seat 3: Dei Filius (big blind) folded on the Flop
Seat 4: invasor267 showed [4d Qh] and won ($1.24) with three of a kind, Fours
Seat 5: master bl405 mucked [8h Ac]
Seat 6: 1Asthma1 folded before Flop (didn't bet)
Seat 7: Tryndamer1 folded before Flop (didn't bet)
Seat 9: tylerdurden21x folded on the Flop



PokerStars Hand #233932419308:  Hold'em No Limit ($0.01/$0.02 USD) - 2022/02/09 16:24:08 PT [2022/02/09 19:24:08 ET]
Table 'Zaurak IV' 9-max Seat #2 is the button
Seat 1: Dorex2007 ($2.47 in chips) 
Seat 2: Quiroz13 ($0.59 in chips) 
Seat 3: Dei Filius ($1.84 in chips) 
Seat 4: invasor267 ($5.02 in chips) 
Seat 5: master bl405 ($1.14 in chips) 
Seat 6: 1Asthma1 ($2 in chips) 
Seat 7: Tryndamer1 ($1.44 in chips) 
Seat 9: tylerdurden21x ($3.69 in chips) 
Dei Filius: posts small blind $0.01
invasor267: posts big blind $0.02
Alehta: sits out 
*** HOLE CARDS ***
Dealt to Dorex2007 [2h 5s]
master bl405: folds 
1Asthma1: folds 
Tryndamer1: raises $0.04 to $0.06
tylerdurden21x: folds 
Dorex2007: folds 
Quiroz13: folds 
Dei Filius: calls $0.05
invasor267: folds 
*** FLOP *** [4h 6s 5h]
Dei Filius: checks 
Tryndamer1: bets $0.06
Dei Filius: calls $0.06
*** TURN *** [4h 6s 5h] [Jh]
Dei Filius: checks 
Tryndamer1: bets $0.08
Dei Filius: calls $0.08
*** RIVER *** [4h 6s 5h Jh] [Ac]
Dei Filius: checks 
Tryndamer1: checks 
*** SHOW DOWN ***
Dei Filius: shows [Js 8c] (a pair of Jacks)
Tryndamer1: shows [Kh Kc] (a pair of Kings)
Tryndamer1 collected $0.41 from pot
*** SUMMARY ***
Total pot $0.42 | Rake $0.01 
Board [4h 6s 5h Jh Ac]
Seat 1: Dorex2007 folded before Flop (didn't bet)
Seat 2: Quiroz13 (button) folded before Flop (didn't bet)
Seat 3: Dei Filius (small blind) showed [Js 8c] and lost with a pair of Jacks
Seat 4: invasor267 (big blind) folded before Flop
Seat 5: master bl405 folded before Flop (didn't bet)
Seat 6: 1Asthma1 folded before Flop (didn't bet)
Seat 7: Tryndamer1 showed [Kh Kc] and won ($0.41) with a pair of Kings
Seat 9: tylerdurden21x folded before Flop (didn't bet)



PokerStars Hand #233932436400:  Hold'em No Limit ($0.01/$0.02 USD) - 2022/02/09 16:24:59 PT [2022/02/09 19:24:59 ET]
Table 'Zaurak IV' 9-max Seat #3 is the button
Seat 1: Dorex2007 ($2.47 in chips) 
Seat 2: Quiroz13 ($0.59 in chips) 
Seat 3: Dei Filius ($1.64 in chips) 
Seat 4: invasor267 ($5 in chips) 
Seat 5: master bl405 ($1.14 in chips) 
Seat 6: 1Asthma1 ($2 in chips) 
Seat 7: Tryndamer1 ($1.65 in chips) 
Seat 9: tylerdurden21x ($3.69 in chips) 
invasor267: posts small blind $0.01
master bl405: posts big blind $0.02
Alehta: sits out 
*** HOLE CARDS ***
Dealt to Dorex2007 [7s 8h]
1Asthma1: folds 
Tryndamer1: raises $0.02 to $0.04
tylerdurden21x: folds 
Dorex2007: folds 
Quiroz13: calls $0.04
Dei Filius: calls $0.04
invasor267: calls $0.03
master bl405: folds 
*** FLOP *** [4d 6c 3d]
invasor267: checks 
Tryndamer1: bets $0.06
Quiroz13: calls $0.06
Dei Filius: calls $0.06
invasor267: raises $0.84 to $0.90
Tryndamer1: folds 
Quiroz13: folds 
Dei Filius: folds 
Uncalled bet ($0.84) returned to invasor267
invasor267 collected $0.41 from pot
invasor267: doesn't show hand 
*** SUMMARY ***
Total pot $0.42 | Rake $0.01 
Board [4d 6c 3d]
Seat 1: Dorex2007 folded before Flop (didn't bet)
Seat 2: Quiroz13 folded on the Flop
Seat 3: Dei Filius (button) folded on the Flop
Seat 4: invasor267 (small blind) collected ($0.41)
Seat 5: master bl405 (big blind) folded before Flop
Seat 6: 1Asthma1 folded before Flop (didn't bet)
Seat 7: Tryndamer1 folded on the Flop
Seat 9: tylerdurden21x folded before Flop (didn't bet)



PokerStars Hand #233932458536:  Hold'em No Limit ($0.01/$0.02 USD) - 2022/02/09 16:26:06 PT [2022/02/09 19:26:06 ET]
Table 'Zaurak IV' 9-max Seat #4 is the button
Seat 1: Dorex2007 ($2.47 in chips) 
Seat 2: Quiroz13 ($0.49 in chips) 
Seat 3: Dei Filius ($1.54 in chips) 
Seat 4: invasor267 ($5.31 in chips) 
Seat 5: master bl405 ($1.12 in chips) 
Seat 6: 1Asthma1 ($2 in chips) 
Seat 7: Tryndamer1 ($1.55 in chips) 
Seat 9: tylerdurden21x ($3.69 in chips) 
master bl405: posts small blind $0.01
1Asthma1: posts big blind $0.02
Alehta: sits out 
*** HOLE CARDS ***
Dealt to Dorex2007 [4s 3c]
Tryndamer1: folds 
tylerdurden21x: folds 
Dorex2007: folds 
Quiroz13: calls $0.02
Dei Filius: calls $0.02
invasor267: raises $0.02 to $0.04
master bl405: calls $0.03
1Asthma1: raises $0.26 to $0.30
Quiroz13: folds 
Dei Filius: calls $0.28
invasor267: folds 
master bl405: calls $0.26
*** FLOP *** [4c Ah 4h]
master bl405: checks 
1Asthma1: checks 
Dei Filius: bets $0.02
master bl405: calls $0.02
1Asthma1: calls $0.02
*** TURN *** [4c Ah 4h] [Qs]
master bl405: checks 
1Asthma1: bets $0.49
Dei Filius: folds 
master bl405: folds 
Uncalled bet ($0.49) returned to 1Asthma1
1Asthma1 collected $0.98 from pot
1Asthma1: doesn't show hand 
*** SUMMARY ***
Total pot $1.02 | Rake $0.04 
Board [4c Ah 4h Qs]
Seat 1: Dorex2007 folded before Flop (didn't bet)
Seat 2: Quiroz13 folded before Flop
Seat 3: Dei Filius folded on the Turn
Seat 4: invasor267 (button) folded before Flop
Seat 5: master bl405 (small blind) folded on the Turn
Seat 6: 1Asthma1 (big blind) collected ($0.98)
Seat 7: Tryndamer1 folded before Flop (didn't bet)
Seat 9: tylerdurden21x folded before Flop (didn't bet)



PokerStars Hand #233932493957:  Hold'em No Limit ($0.01/$0.02 USD) - 2022/02/09 16:27:53 PT [2022/02/09 19:27:53 ET]
Table 'Zaurak IV' 9-max Seat #5 is the button
Seat 1: Dorex2007 ($2.47 in chips) 
Seat 2: Quiroz13 ($0.47 in chips) 
Seat 3: Dei Filius ($1.22 in chips) 
Seat 4: invasor267 ($5.27 in chips) 
Seat 5: master bl405 ($0.80 in chips) 
Seat 6: 1Asthma1 ($2.66 in chips) 
Seat 7: Tryndamer1 ($1.55 in chips) 
Seat 9: tylerdurden21x ($3.69 in chips) 
1Asthma1: posts small blind $0.01
Tryndamer1: posts big blind $0.02
Alehta: sits out 
*** HOLE CARDS ***
Dealt to Dorex2007 [Kc 6s]
tylerdurden21x has timed out
tylerdurden21x: folds 
Dorex2007: folds 
Quiroz13: calls $0.02
Dei Filius: folds 
invasor267: folds 
master bl405: raises $0.06 to $0.08
1Asthma1: folds 
Tryndamer1: folds 
Quiroz13: calls $0.06
*** FLOP *** [As 5c 4s]
Quiroz13: checks 
master bl405: bets $0.72 and is all-in
Quiroz13: calls $0.39 and is all-in
Uncalled bet ($0.33) returned to master bl405
*** TURN *** [As 5c 4s] [3c]
*** RIVER *** [As 5c 4s 3c] [3s]
*** SHOW DOWN ***
Quiroz13: shows [6h Ac] (two pair, Aces and Threes)
master bl405: shows [Ad 6d] (two pair, Aces and Threes)
Quiroz13 collected $0.47 from pot
master bl405 collected $0.47 from pot
*** SUMMARY ***
Total pot $0.97 | Rake $0.03 
Board [As 5c 4s 3c 3s]
Seat 1: Dorex2007 folded before Flop (didn't bet)
Seat 2: Quiroz13 showed [6h Ac] and won ($0.47) with two pair, Aces and Threes
Seat 3: Dei Filius folded before Flop (didn't bet)
Seat 4: invasor267 folded before Flop (didn't bet)
Seat 5: master bl405 (button) showed [Ad 6d] and won ($0.47) with two pair, Aces and Threes
Seat 6: 1Asthma1 (small blind) folded before Flop
Seat 7: Tryndamer1 (big blind) folded before Flop
Seat 9: tylerdurden21x folded before Flop (didn't bet)



PokerStars Hand #233932515523:  Hold'em No Limit ($0.01/$0.02 USD) - 2022/02/09 16:28:59 PT [2022/02/09 19:28:59 ET]
Table 'Zaurak IV' 9-max Seat #6 is the button
Seat 1: Dorex2007 ($2.47 in chips) 
Seat 2: Quiroz13 ($0.47 in chips) 
Seat 3: Dei Filius ($1.22 in chips) 
Seat 4: invasor267 ($5.27 in chips) 
Seat 5: master bl405 ($0.80 in chips) 
Seat 6: 1Asthma1 ($2.65 in chips) 
Seat 7: Tryndamer1 ($1.53 in chips) 
Seat 8: Alehta ($0.80 in chips) 
Seat 9: tylerdurden21x ($3.69 in chips) 
Tryndamer1: posts small blind $0.01
Alehta: posts big blind $0.02
*** HOLE CARDS ***
Dealt to Dorex2007 [Jc Ac]
tylerdurden21x: folds 
Dorex2007: raises $0.02 to $0.04
Quiroz13: folds 
Dei Filius: raises $0.08 to $0.12
invasor267: calls $0.12
master bl405: folds 
1Asthma1: folds 
Tryndamer1: folds 
Alehta: folds 
Dorex2007: calls $0.08
*** FLOP *** [8d 4s 3d]
Dorex2007: checks 
Dei Filius: checks 
invasor267: checks 
*** TURN *** [8d 4s 3d] [9h]
Dorex2007: checks 
Dei Filius: checks 
invasor267: bets $0.94
Dorex2007: folds 
Dei Filius: raises $0.16 to $1.10 and is all-in
invasor267: calls $0.16
*** RIVER *** [8d 4s 3d 9h] [Ad]
*** SHOW DOWN ***
Dei Filius: shows [Ah Kd] (a pair of Aces)
invasor267: shows [3h 3c] (three of a kind, Threes)
invasor267 collected $2.50 from pot
*** SUMMARY ***
Total pot $2.59 | Rake $0.09 
Board [8d 4s 3d 9h Ad]
Seat 1: Dorex2007 folded on the Turn
Seat 2: Quiroz13 folded before Flop (didn't bet)
Seat 3: Dei Filius showed [Ah Kd] and lost with a pair of Aces
Seat 4: invasor267 showed [3h 3c] and won ($2.50) with three of a kind, Threes
Seat 5: master bl405 folded before Flop (didn't bet)
Seat 6: 1Asthma1 (button) folded before Flop (didn't bet)
Seat 7: Tryndamer1 (small blind) folded before Flop
Seat 8: Alehta (big blind) folded before Flop
Seat 9: tylerdurden21x folded before Flop (didn't bet)



PokerStars Hand #233932549747:  Hold'em No Limit ($0.01/$0.02 USD) - 2022/02/09 16:30:44 PT [2022/02/09 19:30:44 ET]
Table 'Zaurak IV' 9-max Seat #7 is the button
Seat 1: Dorex2007 ($2.35 in chips) 
Seat 2: Quiroz13 ($0.47 in chips) 
Seat 4: invasor267 ($6.55 in chips) 
Seat 5: master bl405 ($0.80 in chips) 
Seat 6: 1Asthma1 ($2.65 in chips) 
Seat 7: Tryndamer1 ($1.52 in chips) 
Seat 8: Alehta ($0.78 in chips) 
Seat 9: tylerdurden21x ($3.69 in chips) 
Alehta: posts small blind $0.01
tylerdurden21x: posts big blind $0.02
*** HOLE CARDS ***
Dealt to Dorex2007 [5h Ks]
Dorex2007: folds 
Quiroz13: folds 
Dei Filius leaves the table
invasor267: raises $0.02 to $0.04
cr@sh test joins the table at seat #3 
master bl405 has timed out
master bl405: folds 
1Asthma1: folds 
Tryndamer1: folds 
Alehta: raises $0.12 to $0.16
tylerdurden21x: folds 
invasor267: folds 
Uncalled bet ($0.12) returned to Alehta
Alehta collected $0.10 from pot
Alehta: doesn't show hand 
*** SUMMARY ***
Total pot $0.10 | Rake $0 
Seat 1: Dorex2007 folded before Flop (didn't bet)
Seat 2: Quiroz13 folded before Flop (didn't bet)
Seat 4: invasor267 folded before Flop
Seat 5: master bl405 folded before Flop (didn't bet)
Seat 6: 1Asthma1 folded before Flop (didn't bet)
Seat 7: Tryndamer1 (button) folded before Flop (didn't bet)
Seat 8: Alehta (small blind) collected ($0.10)
Seat 9: tylerdurden21x (big blind) folded before Flop



PokerStars Hand #233932563526:  Hold'em No Limit ($0.01/$0.02 USD) - 2022/02/09 16:31:27 PT [2022/02/09 19:31:27 ET]
Table 'Zaurak IV' 9-max Seat #8 is the button
Seat 1: Dorex2007 ($2.35 in chips) 
Seat 2: Quiroz13 ($0.47 in chips) 
Seat 4: invasor267 ($6.51 in chips) 
Seat 6: 1Asthma1 ($2.65 in chips) 
Seat 7: Tryndamer1 ($1.52 in chips) 
Seat 8: Alehta ($0.84 in chips) 
Seat 9: tylerdurden21x ($3.67 in chips) 
tylerdurden21x: posts small blind $0.01
Dorex2007: posts big blind $0.02
cr@sh test: sits out 
*** HOLE CARDS ***
Dealt to Dorex2007 [5d 8d]
Quiroz13: folds 
invasor267: raises $0.02 to $0.04
1Asthma1: folds 
Tryndamer1: folds 
Alehta: folds 
tylerdurden21x: folds 
Dorex2007: folds 
Uncalled bet ($0.02) returned to invasor267
invasor267 collected $0.05 from pot
invasor267: doesn't show hand 
*** SUMMARY ***
Total pot $0.05 | Rake $0 
Seat 1: Dorex2007 (big blind) folded before Flop
Seat 2: Quiroz13 folded before Flop (didn't bet)
Seat 4: invasor267 collected ($0.05)
Seat 6: 1Asthma1 folded before Flop (didn't bet)
Seat 7: Tryndamer1 folded before Flop (didn't bet)
Seat 8: Alehta (button) folded before Flop (didn't bet)
Seat 9: tylerdurden21x (small blind) folded before Flop



PokerStars Hand #233932569921:  Hold'em No Limit ($0.01/$0.02 USD) - 2022/02/09 16:31:47 PT [2022/02/09 19:31:47 ET]
Table 'Zaurak IV' 9-max Seat #9 is the button
Seat 1: Dorex2007 ($2.33 in chips) 
Seat 2: Quiroz13 ($0.47 in chips) 
Seat 4: invasor267 ($6.54 in chips) 
Seat 6: 1Asthma1 ($2.65 in chips) 
Seat 7: Tryndamer1 ($1.52 in chips) 
Seat 8: Alehta ($0.84 in chips) 
Seat 9: tylerdurden21x ($3.66 in chips) 
Dorex2007: posts small blind $0.01
Quiroz13: posts big blind $0.02
cr@sh test: sits out 
*** HOLE CARDS ***
Dealt to Dorex2007 [Kd Ah]
invasor267: calls $0.02
1Asthma1: folds 
Tryndamer1: folds 
Alehta: raises $0.05 to $0.07
tylerdurden21x: folds 
Dorex2007: calls $0.06
Quiroz13: calls $0.05
invasor267: calls $0.05
*** FLOP *** [7h 9s 2c]
Dorex2007: bets $0.14
Quiroz13: folds 
invasor267: raises $1.88 to $2.02
Alehta: folds 
Dorex2007: folds 
Uncalled bet ($1.88) returned to invasor267
invasor267 collected $0.54 from pot
invasor267: doesn't show hand 
*** SUMMARY ***
Total pot $0.56 | Rake $0.02 
Board [7h 9s 2c]
Seat 1: Dorex2007 (small blind) folded on the Flop
Seat 2: Quiroz13 (big blind) folded on the Flop
Seat 4: invasor267 collected ($0.54)
Seat 6: 1Asthma1 folded before Flop (didn't bet)
Seat 7: Tryndamer1 folded before Flop (didn't bet)
Seat 8: Alehta folded on the Flop
Seat 9: tylerdurden21x (button) folded before Flop (didn't bet)



PokerStars Hand #233932584204:  Hold'em No Limit ($0.01/$0.02 USD) - 2022/02/09 16:32:31 PT [2022/02/09 19:32:31 ET]
Table 'Zaurak IV' 9-max Seat #1 is the button
Seat 1: Dorex2007 ($2.12 in chips) 
Seat 2: Quiroz13 ($0.40 in chips) 
Seat 3: cr@sh test ($2 in chips) 
Seat 4: invasor267 ($6.87 in chips) 
Seat 6: 1Asthma1 ($2.65 in chips) 
Seat 7: Tryndamer1 ($1.52 in chips) 
Seat 8: Alehta ($0.77 in chips) 
Seat 9: tylerdurden21x ($3.66 in chips) 
Quiroz13: posts small blind $0.01
cr@sh test: posts big blind $0.02
*** HOLE CARDS ***
Dealt to Dorex2007 [9s Ac]
invasor267: calls $0.02
1Asthma1: folds 
Tryndamer1: folds 
Alehta: folds 
tylerdurden21x: folds 
Dorex2007: folds 
Quiroz13: calls $0.01
cr@sh test: checks 
*** FLOP *** [9d Ad 2h]
Quiroz13: bets $0.02
cr@sh test: folds 
invasor267: folds 
Uncalled bet ($0.02) returned to Quiroz13
Quiroz13 collected $0.06 from pot
Quiroz13: doesn't show hand 
*** SUMMARY ***
Total pot $0.06 | Rake $0 
Board [9d Ad 2h]
Seat 1: Dorex2007 (button) folded before Flop (didn't bet)
Seat 2: Quiroz13 (small blind) collected ($0.06)
Seat 3: cr@sh test (big blind) folded on the Flop
Seat 4: invasor267 folded on the Flop
Seat 6: 1Asthma1 folded before Flop (didn't bet)
Seat 7: Tryndamer1 folded before Flop (didn't bet)
Seat 8: Alehta folded before Flop (didn't bet)
Seat 9: tylerdurden21x folded before Flop (didn't bet)



PokerStars Hand #233932603731:  Hold'em No Limit ($0.01/$0.02 USD) - 2022/02/09 16:33:32 PT [2022/02/09 19:33:32 ET]
Table 'Zaurak IV' 9-max Seat #2 is the button
Seat 1: Dorex2007 ($2.12 in chips) 
Seat 2: Quiroz13 ($0.44 in chips) 
Seat 3: cr@sh test ($2 in chips) 
Seat 4: invasor267 ($6.85 in chips) 
Seat 6: 1Asthma1 ($2.65 in chips) 
Seat 7: Tryndamer1 ($1.52 in chips) 
Seat 8: Alehta ($0.77 in chips) 
Seat 9: tylerdurden21x ($3.66 in chips) 
cr@sh test: posts small blind $0.01
invasor267: posts big blind $0.02
*** HOLE CARDS ***
Dealt to Dorex2007 [Jd 5h]
1Asthma1: folds 
Tryndamer1: raises $0.04 to $0.06
Alehta: folds 
tylerdurden21x: folds 
Dorex2007: folds 
Quiroz13: calls $0.06
cr@sh test: folds 
invasor267: calls $0.04
*** FLOP *** [4c 8c Kd]
invasor267: checks 
Tryndamer1: bets $0.09
Quiroz13: calls $0.09
invasor267: folds 
*** TURN *** [4c 8c Kd] [Qh]
Tryndamer1: bets $0.18
Quiroz13: folds 
Uncalled bet ($0.18) returned to Tryndamer1
Tryndamer1 collected $0.36 from pot
Tryndamer1: doesn't show hand 
*** SUMMARY ***
Total pot $0.37 | Rake $0.01 
Board [4c 8c Kd Qh]
Seat 1: Dorex2007 folded before Flop (didn't bet)
Seat 2: Quiroz13 (button) folded on the Turn
Seat 3: cr@sh test (small blind) folded before Flop
Seat 4: invasor267 (big blind) folded on the Flop
Seat 6: 1Asthma1 folded before Flop (didn't bet)
Seat 7: Tryndamer1 collected ($0.36)
Seat 8: Alehta folded before Flop (didn't bet)
Seat 9: tylerdurden21x folded before Flop (didn't bet)



PokerStars Hand #233932616155:  Hold'em No Limit ($0.01/$0.02 USD) - 2022/02/09 16:34:10 PT [2022/02/09 19:34:10 ET]
Table 'Zaurak IV' 9-max Seat #3 is the button
Seat 1: Dorex2007 ($2.12 in chips) 
Seat 2: Quiroz13 ($0.29 in chips) 
Seat 3: cr@sh test ($2 in chips) 
Seat 4: invasor267 ($6.79 in chips) 
Seat 6: 1Asthma1 ($2.65 in chips) 
Seat 7: Tryndamer1 ($1.73 in chips) 
Seat 8: Alehta ($0.77 in chips) 
Seat 9: tylerdurden21x ($3.66 in chips) 
invasor267: posts small blind $0.01
1Asthma1: posts big blind $0.02
*** HOLE CARDS ***
Dealt to Dorex2007 [Tc 9c]
Tryndamer1: folds 
Alehta: raises $0.04 to $0.06
tylerdurden21x: folds 
Dorex2007: folds 
Quiroz13: raises $0.23 to $0.29 and is all-in
cr@sh test: folds 
invasor267: folds 
1Asthma1: folds 
Alehta: calls $0.23
*** FLOP *** [7d 7h 3c]
*** TURN *** [7d 7h 3c] [9s]
*** RIVER *** [7d 7h 3c 9s] [Qs]
*** SHOW DOWN ***
Alehta: shows [Kc Qc] (two pair, Queens and Sevens)
Quiroz13: shows [Qd As] (two pair, Queens and Sevens - Ace kicker)
Quiroz13 collected $0.59 from pot
*** SUMMARY ***
Total pot $0.61 | Rake $0.02 
Board [7d 7h 3c 9s Qs]
Seat 1: Dorex2007 folded before Flop (didn't bet)
Seat 2: Quiroz13 showed [Qd As] and won ($0.59) with two pair, Queens and Sevens
Seat 3: cr@sh test (button) folded before Flop (didn't bet)
Seat 4: invasor267 (small blind) folded before Flop
Seat 6: 1Asthma1 (big blind) folded before Flop
Seat 7: Tryndamer1 folded before Flop (didn't bet)
Seat 8: Alehta showed [Kc Qc] and lost with two pair, Queens and Sevens
Seat 9: tylerdurden21x folded before Flop (didn't bet)



PokerStars Hand #233932631496:  Hold'em No Limit ($0.01/$0.02 USD) - 2022/02/09 16:34:59 PT [2022/02/09 19:34:59 ET]
Table 'Zaurak IV' 9-max Seat #4 is the button
Seat 1: Dorex2007 ($2.12 in chips) 
Seat 2: Quiroz13 ($0.59 in chips) 
Seat 3: cr@sh test ($2 in chips) 
Seat 4: invasor267 ($6.78 in chips) 
Seat 6: 1Asthma1 ($2.63 in chips) 
Seat 7: Tryndamer1 ($1.73 in chips) 
Seat 8: Alehta ($0.80 in chips) 
Seat 9: tylerdurden21x ($3.66 in chips) 
1Asthma1: posts small blind $0.01
Tryndamer1: posts big blind $0.02
*** HOLE CARDS ***
Dealt to Dorex2007 [Jh 3c]
Alehta: raises $0.04 to $0.06
tylerdurden21x: folds 
Dorex2007: folds 
Quiroz13: folds 
cr@sh test: folds 
invasor267: calls $0.06
1Asthma1: raises $0.20 to $0.26
Tryndamer1: folds 
Alehta: folds 
invasor267: folds 
Uncalled bet ($0.20) returned to 1Asthma1
1Asthma1 collected $0.20 from pot
1Asthma1: doesn't show hand 
*** SUMMARY ***
Total pot $0.20 | Rake $0 
Seat 1: Dorex2007 folded before Flop (didn't bet)
Seat 2: Quiroz13 folded before Flop (didn't bet)
Seat 3: cr@sh test folded before Flop (didn't bet)
Seat 4: invasor267 (button) folded before Flop
Seat 6: 1Asthma1 (small blind) collected ($0.20)
Seat 7: Tryndamer1 (big blind) folded before Flop
Seat 8: Alehta folded before Flop
Seat 9: tylerdurden21x folded before Flop (didn't bet)



PokerStars Hand #233932648520:  Hold'em No Limit ($0.01/$0.02 USD) - 2022/02/09 16:35:52 PT [2022/02/09 19:35:52 ET]
Table 'Zaurak IV' 9-max Seat #6 is the button
Seat 1: Dorex2007 ($2.12 in chips) 
Seat 2: Quiroz13 ($0.59 in chips) 
Seat 3: cr@sh test ($2 in chips) 
Seat 4: invasor267 ($6.72 in chips) 
Seat 6: 1Asthma1 ($2.77 in chips) 
Seat 7: Tryndamer1 ($1.71 in chips) 
Seat 8: Alehta ($0.74 in chips) 
Seat 9: tylerdurden21x ($3.66 in chips) 
Tryndamer1: posts small blind $0.01
Alehta: posts big blind $0.02
*** HOLE CARDS ***
Dealt to Dorex2007 [2d 8s]
tylerdurden21x: folds 
Dorex2007: folds 
Quiroz13: folds 
cr@sh test: folds 
invasor267: folds 
1Asthma1: folds 
Tryndamer1: raises $0.04 to $0.06
Alehta: folds 
Uncalled bet ($0.04) returned to Tryndamer1
Tryndamer1 collected $0.04 from pot
Tryndamer1: doesn't show hand 
*** SUMMARY ***
Total pot $0.04 | Rake $0 
Seat 1: Dorex2007 folded before Flop (didn't bet)
Seat 2: Quiroz13 folded before Flop (didn't bet)
Seat 3: cr@sh test folded before Flop (didn't bet)
Seat 4: invasor267 folded before Flop (didn't bet)
Seat 6: 1Asthma1 (button) folded before Flop (didn't bet)
Seat 7: Tryndamer1 (small blind) collected ($0.04)
Seat 8: Alehta (big blind) folded before Flop
Seat 9: tylerdurden21x folded before Flop (didn't bet)



PokerStars Hand #233932655805:  Hold'em No Limit ($0.01/$0.02 USD) - 2022/02/09 16:36:15 PT [2022/02/09 19:36:15 ET]
Table 'Zaurak IV' 9-max Seat #7 is the button
Seat 1: Dorex2007 ($2.12 in chips) 
Seat 2: Quiroz13 ($0.59 in chips) 
Seat 3: cr@sh test ($2 in chips) 
Seat 4: invasor267 ($6.72 in chips) 
Seat 6: 1Asthma1 ($2.77 in chips) 
Seat 7: Tryndamer1 ($1.73 in chips) 
Seat 8: Alehta ($0.72 in chips) 
Seat 9: tylerdurden21x ($3.66 in chips) 
Alehta: posts small blind $0.01
tylerdurden21x: posts big blind $0.02
*** HOLE CARDS ***
Dealt to Dorex2007 [7s 2c]
Dorex2007: folds 
Quiroz13: calls $0.02
cr@sh test: folds 
invasor267: raises $0.04 to $0.06
1Asthma1: folds 
Tryndamer1: folds 
Alehta: folds 
tylerdurden21x: folds 
Quiroz13: calls $0.04
*** FLOP *** [4h Td 3s]
Quiroz13: checks 
invasor267: checks 
*** TURN *** [4h Td 3s] [Ah]
Quiroz13: bets $0.06
invasor267: raises $0.26 to $0.32
Quiroz13: raises $0.21 to $0.53 and is all-in
invasor267: calls $0.21
*** RIVER *** [4h Td 3s Ah] [6h]
*** SHOW DOWN ***
Quiroz13: shows [Ac 4c] (two pair, Aces and Fours)
invasor267: shows [Tc Th] (three of a kind, Tens)
invasor267 collected $1.17 from pot
*** SUMMARY ***
Total pot $1.21 | Rake $0.04 
Board [4h Td 3s Ah 6h]
Seat 1: Dorex2007 folded before Flop (didn't bet)
Seat 2: Quiroz13 showed [Ac 4c] and lost with two pair, Aces and Fours
Seat 3: cr@sh test folded before Flop (didn't bet)
Seat 4: invasor267 showed [Tc Th] and won ($1.17) with three of a kind, Tens
Seat 6: 1Asthma1 folded before Flop (didn't bet)
Seat 7: Tryndamer1 (button) folded before Flop (didn't bet)
Seat 8: Alehta (small blind) folded before Flop
Seat 9: tylerdurden21x (big blind) folded before Flop



PokerStars Hand #233932672731:  Hold'em No Limit ($0.01/$0.02 USD) - 2022/02/09 16:37:05 PT [2022/02/09 19:37:05 ET]
Table 'Zaurak IV' 9-max Seat #8 is the button
Seat 1: Dorex2007 ($2.12 in chips) 
Seat 3: cr@sh test ($2 in chips) 
Seat 4: invasor267 ($7.30 in chips) 
Seat 6: 1Asthma1 ($2.77 in chips) 
Seat 7: Tryndamer1 ($1.73 in chips) 
Seat 8: Alehta ($0.80 in chips) 
Seat 9: tylerdurden21x ($3.64 in chips) 
tylerdurden21x: posts small blind $0.01
Dorex2007: posts big blind $0.02
*** HOLE CARDS ***
Dealt to Dorex2007 [7c Jd]
cr@sh test: folds 
invasor267: calls $0.02
1Asthma1: folds 
Tryndamer1: raises $0.04 to $0.06
Alehta: folds 
tylerdurden21x: folds 
Dorex2007: folds 
invasor267: calls $0.04
*** FLOP *** [Kd 7h 2c]
invasor267: checks 
Tryndamer1: bets $0.04
Quiroz13 leaves the table
invasor267: folds 
Uncalled bet ($0.04) returned to Tryndamer1
Tryndamer1 collected $0.14 from pot
Tryndamer1: doesn't show hand 
*** SUMMARY ***
Total pot $0.15 | Rake $0.01 
Board [Kd 7h 2c]
Seat 1: Dorex2007 (big blind) folded before Flop
Seat 3: cr@sh test folded before Flop (didn't bet)
Seat 4: invasor267 folded on the Flop
Seat 6: 1Asthma1 folded before Flop (didn't bet)
Seat 7: Tryndamer1 collected ($0.14)
Seat 8: Alehta (button) folded before Flop (didn't bet)
Seat 9: tylerdurden21x (small blind) folded before Flop



PokerStars Hand #233932680519:  Hold'em No Limit ($0.01/$0.02 USD) - 2022/02/09 16:37:29 PT [2022/02/09 19:37:29 ET]
Table 'Zaurak IV' 9-max Seat #9 is the button
Seat 1: Dorex2007 ($2.10 in chips) 
Seat 3: cr@sh test ($2 in chips) 
Seat 4: invasor267 ($7.24 in chips) 
Seat 6: 1Asthma1 ($2.77 in chips) 
Seat 7: Tryndamer1 ($1.81 in chips) 
Seat 8: Alehta ($0.80 in chips) 
Seat 9: tylerdurden21x ($3.63 in chips) 
Dorex2007: posts small blind $0.01
cr@sh test: posts big blind $0.02
*** HOLE CARDS ***
Dealt to Dorex2007 [3h Js]
invasor267: folds 
1Asthma1: raises $0.04 to $0.06
Snowman373 joins the table at seat #2 
Tryndamer1: folds 
Snowman373 leaves the table
Alehta: folds 
tylerdurden21x: folds 
Dorex2007: folds 
cr@sh test: folds 
Uncalled bet ($0.04) returned to 1Asthma1
1Asthma1 collected $0.05 from pot
1Asthma1: doesn't show hand 
*** SUMMARY ***
Total pot $0.05 | Rake $0 
Seat 1: Dorex2007 (small blind) folded before Flop
Seat 3: cr@sh test (big blind) folded before Flop
Seat 4: invasor267 folded before Flop (didn't bet)
Seat 6: 1Asthma1 collected ($0.05)
Seat 7: Tryndamer1 folded before Flop (didn't bet)
Seat 8: Alehta folded before Flop (didn't bet)
Seat 9: tylerdurden21x (button) folded before Flop (didn't bet)



PokerStars Hand #233932685548:  Hold'em No Limit ($0.01/$0.02 USD) - 2022/02/09 16:37:45 PT [2022/02/09 19:37:45 ET]
Table 'Zaurak IV' 9-max Seat #1 is the button
Seat 1: Dorex2007 ($2.09 in chips) 
Seat 3: cr@sh test ($2 in chips) 
Seat 4: invasor267 ($7.24 in chips) 
Seat 6: 1Asthma1 ($2.80 in chips) 
Seat 7: Tryndamer1 ($1.81 in chips) 
Seat 8: Alehta ($0.80 in chips) 
Seat 9: tylerdurden21x ($3.63 in chips) 
cr@sh test: posts small blind $0.01
invasor267: posts big blind $0.02
*** HOLE CARDS ***
Dealt to Dorex2007 [5s Qd]
1Asthma1: folds 
Tryndamer1: calls $0.02
Alehta: folds 
tylerdurden21x: folds 
Dorex2007: folds 
cr@sh test: folds 
invasor267: checks 
*** FLOP *** [8s 4h Kc]
invasor267: checks 
Tryndamer1: bets $0.02
invasor267: folds 
Uncalled bet ($0.02) returned to Tryndamer1
Tryndamer1 collected $0.05 from pot
Tryndamer1: doesn't show hand 
*** SUMMARY ***
Total pot $0.05 | Rake $0 
Board [8s 4h Kc]
Seat 1: Dorex2007 (button) folded before Flop (didn't bet)
Seat 3: cr@sh test (small blind) folded before Flop
Seat 4: invasor267 (big blind) folded on the Flop
Seat 6: 1Asthma1 folded before Flop (didn't bet)
Seat 7: Tryndamer1 collected ($0.05)
Seat 8: Alehta folded before Flop (didn't bet)
Seat 9: tylerdurden21x folded before Flop (didn't bet)



PokerStars Hand #233932698545:  Hold'em No Limit ($0.01/$0.02 USD) - 2022/02/09 16:38:27 PT [2022/02/09 19:38:27 ET]
Table 'Zaurak IV' 9-max Seat #3 is the button
Seat 1: Dorex2007 ($2.09 in chips) 
Seat 3: cr@sh test ($2 in chips) 
Seat 4: invasor267 ($7.22 in chips) 
Seat 6: 1Asthma1 ($2.80 in chips) 
Seat 7: Tryndamer1 ($1.84 in chips) 
Seat 8: Alehta ($0.80 in chips) 
Seat 9: tylerdurden21x ($3.63 in chips) 
invasor267: posts small blind $0.01
1Asthma1: posts big blind $0.02
*** HOLE CARDS ***
Dealt to Dorex2007 [3s 2c]
ulia75432 joins the table at seat #2 
Tryndamer1: raises $0.02 to $0.04
Alehta: folds 
tylerdurden21x: folds 
Dorex2007: folds 
cr@sh test: folds 
invasor267: calls $0.03
1Asthma1: folds 
*** FLOP *** [8d Js 2s]
invasor267: checks 
Tryndamer1: bets $0.04
invasor267: calls $0.04
*** TURN *** [8d Js 2s] [Ac]
invasor267: checks 
Tryndamer1: checks 
*** RIVER *** [8d Js 2s Ac] [As]
invasor267: bets $0.17
Tryndamer1: raises $0.51 to $0.68
invasor267: calls $0.51
*** SHOW DOWN ***
Tryndamer1: shows [Qs Ts] (a flush, Ace high)
invasor267: mucks hand 
Tryndamer1 collected $1.49 from pot
*** SUMMARY ***
Total pot $1.54 | Rake $0.05 
Board [8d Js 2s Ac As]
Seat 1: Dorex2007 folded before Flop (didn't bet)
Seat 3: cr@sh test (button) folded before Flop (didn't bet)
Seat 4: invasor267 (small blind) mucked [5d Ad]
Seat 6: 1Asthma1 (big blind) folded before Flop
Seat 7: Tryndamer1 showed [Qs Ts] and won ($1.49) with a flush, Ace high
Seat 8: Alehta folded before Flop (didn't bet)
Seat 9: tylerdurden21x folded before Flop (didn't bet)



PokerStars Hand #233932712809:  Hold'em No Limit ($0.01/$0.02 USD) - 2022/02/09 16:39:12 PT [2022/02/09 19:39:12 ET]
Table 'Zaurak IV' 9-max Seat #4 is the button
Seat 1: Dorex2007 ($2.09 in chips) 
Seat 2: ulia75432 ($2 in chips) 
Seat 3: cr@sh test ($2 in chips) 
Seat 4: invasor267 ($6.46 in chips) 
Seat 6: 1Asthma1 ($2.78 in chips) 
Seat 7: Tryndamer1 ($2.57 in chips) 
Seat 8: Alehta ($0.80 in chips) 
Seat 9: tylerdurden21x ($3.63 in chips) 
1Asthma1: posts small blind $0.01
Tryndamer1: posts big blind $0.02
ulia75432: posts big blind $0.02
*** HOLE CARDS ***
Dealt to Dorex2007 [Qc 7c]
Alehta: folds 
tylerdurden21x: folds 
Dorex2007: folds 
ulia75432: raises $0.02 to $0.04
cr@sh test: folds 
invasor267: folds 
1Asthma1: folds 
Tryndamer1: calls $0.02
*** FLOP *** [Qh 4h 8h]
Tryndamer1: checks 
ulia75432: checks 
*** TURN *** [Qh 4h 8h] [3s]
Tryndamer1: checks 
ulia75432: bets $0.05
Tryndamer1: folds 
Uncalled bet ($0.05) returned to ulia75432
ulia75432 collected $0.09 from pot
*** SUMMARY ***
Total pot $0.09 | Rake $0 
Board [Qh 4h 8h 3s]
Seat 1: Dorex2007 folded before Flop (didn't bet)
Seat 2: ulia75432 collected ($0.09)
Seat 3: cr@sh test folded before Flop (didn't bet)
Seat 4: invasor267 (button) folded before Flop (didn't bet)
Seat 6: 1Asthma1 (small blind) folded before Flop
Seat 7: Tryndamer1 (big blind) folded on the Turn
Seat 8: Alehta folded before Flop (didn't bet)
Seat 9: tylerdurden21x folded before Flop (didn't bet)



PokerStars Hand #233932725094:  Hold'em No Limit ($0.01/$0.02 USD) - 2022/02/09 16:39:49 PT [2022/02/09 19:39:49 ET]
Table 'Zaurak IV' 9-max Seat #6 is the button
Seat 1: Dorex2007 ($2.09 in chips) 
Seat 2: ulia75432 ($2.05 in chips) 
Seat 3: cr@sh test ($2 in chips) 
Seat 4: invasor267 ($6.46 in chips) 
Seat 6: 1Asthma1 ($2.77 in chips) 
Seat 7: Tryndamer1 ($2.53 in chips) 
Seat 8: Alehta ($0.80 in chips) 
Seat 9: tylerdurden21x ($3.63 in chips) 
Tryndamer1: posts small blind $0.01
Alehta: posts big blind $0.02
*** HOLE CARDS ***
Dealt to Dorex2007 [Jh Jd]
tylerdurden21x: folds 
Dorex2007: raises $0.04 to $0.06
ulia75432: folds 
cr@sh test: folds 
invasor267: folds 
1Asthma1: folds 
Tryndamer1: folds 
Alehta: folds 
Uncalled bet ($0.04) returned to Dorex2007
Dorex2007 collected $0.05 from pot
Dorex2007: doesn't show hand 
*** SUMMARY ***
Total pot $0.05 | Rake $0 
Seat 1: Dorex2007 collected ($0.05)
Seat 2: ulia75432 folded before Flop (didn't bet)
Seat 3: cr@sh test folded before Flop (didn't bet)
Seat 4: invasor267 folded before Flop (didn't bet)
Seat 6: 1Asthma1 (button) folded before Flop (didn't bet)
Seat 7: Tryndamer1 (small blind) folded before Flop
Seat 8: Alehta (big blind) folded before Flop
Seat 9: tylerdurden21x folded before Flop (didn't bet)



PokerStars Hand #233932731149:  Hold'em No Limit ($0.01/$0.02 USD) - 2022/02/09 16:40:08 PT [2022/02/09 19:40:08 ET]
Table 'Zaurak IV' 9-max Seat #7 is the button
Seat 1: Dorex2007 ($2.12 in chips) 
Seat 2: ulia75432 ($2.05 in chips) 
Seat 3: cr@sh test ($2 in chips) 
Seat 4: invasor267 ($6.46 in chips) 
Seat 6: 1Asthma1 ($2.77 in chips) 
Seat 7: Tryndamer1 ($2.52 in chips) 
Seat 8: Alehta ($0.78 in chips) 
Seat 9: tylerdurden21x ($3.63 in chips) 
Alehta: posts small blind $0.01
tylerdurden21x: posts big blind $0.02
*** HOLE CARDS ***
Dealt to Dorex2007 [Qd 3s]
Dorex2007: folds 
ulia75432: folds 
cr@sh test: folds 
invasor267: folds 
1Asthma1: folds 
Tryndamer1: folds 
Alehta: folds 
Uncalled bet ($0.01) returned to tylerdurden21x
tylerdurden21x collected $0.02 from pot
*** SUMMARY ***
Total pot $0.02 | Rake $0 
Seat 1: Dorex2007 folded before Flop (didn't bet)
Seat 2: ulia75432 folded before Flop (didn't bet)
Seat 3: cr@sh test folded before Flop (didn't bet)
Seat 4: invasor267 folded before Flop (didn't bet)
Seat 6: 1Asthma1 folded before Flop (didn't bet)
Seat 7: Tryndamer1 (button) folded before Flop (didn't bet)
Seat 8: Alehta (small blind) folded before Flop
Seat 9: tylerdurden21x (big blind) collected ($0.02)



PokerStars Hand #233932746490:  Hold'em No Limit ($0.01/$0.02 USD) - 2022/02/09 16:40:31 PT [2022/02/09 19:40:31 ET]
Table 'Zaurak IV' 9-max Seat #8 is the button
Seat 1: Dorex2007 ($2.12 in chips) 
Seat 2: ulia75432 ($2.05 in chips) 
Seat 3: cr@sh test ($2 in chips) 
Seat 4: invasor267 ($6.46 in chips) 
Seat 6: 1Asthma1 ($2.77 in chips) 
Seat 7: Tryndamer1 ($2.52 in chips) 
Seat 8: Alehta ($0.77 in chips) 
Seat 9: tylerdurden21x ($3.64 in chips) 
tylerdurden21x: posts small blind $0.01
Dorex2007: posts big blind $0.02
*** HOLE CARDS ***
Dealt to Dorex2007 [8c 9s]
ulia75432: folds 
cr@sh test: folds 
invasor267: folds 
1Asthma1: folds 
Tryndamer1: raises $0.02 to $0.04
Alehta: raises $0.02 to $0.06
tylerdurden21x: folds 
Dorex2007: folds 
Tryndamer1: calls $0.02
*** FLOP *** [5c Th 9h]
Tryndamer1: checks 
Alehta: bets $0.14
Tryndamer1: folds 
Uncalled bet ($0.14) returned to Alehta
Alehta collected $0.14 from pot
Alehta: doesn't show hand 
*** SUMMARY ***
Total pot $0.15 | Rake $0.01 
Board [5c Th 9h]
Seat 1: Dorex2007 (big blind) folded before Flop
Seat 2: ulia75432 folded before Flop (didn't bet)
Seat 3: cr@sh test folded before Flop (didn't bet)
Seat 4: invasor267 folded before Flop (didn't bet)
Seat 6: 1Asthma1 folded before Flop (didn't bet)
Seat 7: Tryndamer1 folded on the Flop
Seat 8: Alehta (button) collected ($0.14)
Seat 9: tylerdurden21x (small blind) folded before Flop



PokerStars Hand #233932760476:  Hold'em No Limit ($0.01/$0.02 USD) - 2022/02/09 16:41:16 PT [2022/02/09 19:41:16 ET]
Table 'Zaurak IV' 9-max Seat #9 is the button
Seat 1: Dorex2007 ($2.10 in chips) 
Seat 2: ulia75432 ($2.05 in chips) 
Seat 3: cr@sh test ($2 in chips) 
Seat 4: invasor267 ($6.46 in chips) 
Seat 6: 1Asthma1 ($2.77 in chips) 
Seat 7: Tryndamer1 ($2.46 in chips) 
Seat 8: Alehta ($0.85 in chips) 
Seat 9: tylerdurden21x ($3.63 in chips) 
Dorex2007: posts small blind $0.01
ulia75432: posts big blind $0.02
*** HOLE CARDS ***
Dealt to Dorex2007 [Th 2c]
cr@sh test: folds 
invasor267: calls $0.02
1Asthma1: folds 
Tryndamer1: folds 
Alehta: folds 
tylerdurden21x: folds 
Dorex2007: folds 
ulia75432: checks 
*** FLOP *** [Js Kd Ks]
ulia75432: checks 
invasor267: checks 
*** TURN *** [Js Kd Ks] [5c]
ulia75432: checks 
invasor267: checks 
*** RIVER *** [Js Kd Ks 5c] [3c]
ulia75432: checks 
invasor267: checks 
*** SHOW DOWN ***
ulia75432: shows [Ah 4c] (a pair of Kings)
invasor267: shows [4d Ad] (a pair of Kings)
ulia75432 collected $0.03 from pot
invasor267 collected $0.02 from pot
*** SUMMARY ***
Total pot $0.05 | Rake $0 
Board [Js Kd Ks 5c 3c]
Seat 1: Dorex2007 (small blind) folded before Flop
Seat 2: ulia75432 (big blind) showed [Ah 4c] and won ($0.03) with a pair of Kings
Seat 3: cr@sh test folded before Flop (didn't bet)
Seat 4: invasor267 showed [4d Ad] and won ($0.02) with a pair of Kings
Seat 6: 1Asthma1 folded before Flop (didn't bet)
Seat 7: Tryndamer1 folded before Flop (didn't bet)
Seat 8: Alehta folded before Flop (didn't bet)
Seat 9: tylerdurden21x (button) folded before Flop (didn't bet)



PokerStars Hand #233932773930:  Hold'em No Limit ($0.01/$0.02 USD) - 2022/02/09 16:41:38 PT [2022/02/09 19:41:38 ET]
Table 'Zaurak IV' 9-max Seat #1 is the button
Seat 1: Dorex2007 ($2.09 in chips) 
Seat 2: ulia75432 ($2.06 in chips) 
Seat 3: cr@sh test ($2 in chips) 
Seat 4: invasor267 ($6.46 in chips) 
Seat 6: 1Asthma1 ($2.77 in chips) 
Seat 7: Tryndamer1 ($2.46 in chips) 
Seat 8: Alehta ($0.85 in chips) 
Seat 9: tylerdurden21x ($3.63 in chips) 
ulia75432: posts small blind $0.01
cr@sh test: posts big blind $0.02
*** HOLE CARDS ***
Dealt to Dorex2007 [Ts As]
invasor267: calls $0.02
1Asthma1: folds 
Tryndamer1: folds 
Alehta: folds 
tylerdurden21x: folds 
Dorex2007: raises $0.04 to $0.06
ulia75432: folds 
cr@sh test: folds 
invasor267: calls $0.04
*** FLOP *** [4s 5d 2h]
invasor267: checks 
Dorex2007: checks 
*** TURN *** [4s 5d 2h] [9d]
invasor267: checks 
Dorex2007: checks 
*** RIVER *** [4s 5d 2h 9d] [Js]
invasor267: checks 
Dorex2007: checks 
*** SHOW DOWN ***
invasor267: shows [6d Ad] (high card Ace)
Dorex2007: shows [Ts As] (high card Ace - Jack+Ten kicker)
Dorex2007 collected $0.14 from pot
*** SUMMARY ***
Total pot $0.15 | Rake $0.01 
Board [4s 5d 2h 9d Js]
Seat 1: Dorex2007 (button) showed [Ts As] and won ($0.14) with high card Ace
Seat 2: ulia75432 (small blind) folded before Flop
Seat 3: cr@sh test (big blind) folded before Flop
Seat 4: invasor267 showed [6d Ad] and lost with high card Ace
Seat 6: 1Asthma1 folded before Flop (didn't bet)
Seat 7: Tryndamer1 folded before Flop (didn't bet)
Seat 8: Alehta folded before Flop (didn't bet)
Seat 9: tylerdurden21x folded before Flop (didn't bet)



PokerStars Hand #233932784332:  Hold'em No Limit ($0.01/$0.02 USD) - 2022/02/09 16:42:12 PT [2022/02/09 19:42:12 ET]
Table 'Zaurak IV' 9-max Seat #2 is the button
Seat 1: Dorex2007 ($2.17 in chips) 
Seat 2: ulia75432 ($2.05 in chips) 
Seat 3: cr@sh test ($2 in chips) 
Seat 4: invasor267 ($6.40 in chips) 
Seat 6: 1Asthma1 ($2.77 in chips) 
Seat 7: Tryndamer1 ($2.46 in chips) 
Seat 8: Alehta ($0.85 in chips) 
Seat 9: tylerdurden21x ($3.63 in chips) 
cr@sh test: posts small blind $0.01
invasor267: posts big blind $0.02
*** HOLE CARDS ***
Dealt to Dorex2007 [6c Qd]
1Asthma1: folds 
Tryndamer1: folds 
Alehta: folds 
tylerdurden21x: raises $0.02 to $0.04
Dorex2007: folds 
ulia75432: calls $0.04
cr@sh test: folds 
invasor267: calls $0.02
*** FLOP *** [2s Jd 8s]
invasor267: checks 
tylerdurden21x: bets $0.04
ulia75432: folds 
invasor267: folds 
Uncalled bet ($0.04) returned to tylerdurden21x
tylerdurden21x collected $0.13 from pot
*** SUMMARY ***
Total pot $0.13 | Rake $0 
Board [2s Jd 8s]
Seat 1: Dorex2007 folded before Flop (didn't bet)
Seat 2: ulia75432 (button) folded on the Flop
Seat 3: cr@sh test (small blind) folded before Flop
Seat 4: invasor267 (big blind) folded on the Flop
Seat 6: 1Asthma1 folded before Flop (didn't bet)
Seat 7: Tryndamer1 folded before Flop (didn't bet)
Seat 8: Alehta folded before Flop (didn't bet)
Seat 9: tylerdurden21x collected ($0.13)



PokerStars Hand #233932798682:  Hold'em No Limit ($0.01/$0.02 USD) - 2022/02/09 16:42:59 PT [2022/02/09 19:42:59 ET]
Table 'Zaurak IV' 9-max Seat #3 is the button
Seat 1: Dorex2007 ($2.17 in chips) 
Seat 2: ulia75432 ($2.01 in chips) 
Seat 3: cr@sh test ($2 in chips) 
Seat 4: invasor267 ($6.36 in chips) 
Seat 6: 1Asthma1 ($2.77 in chips) 
Seat 7: Tryndamer1 ($2.46 in chips) 
Seat 8: Alehta ($0.85 in chips) 
Seat 9: tylerdurden21x ($3.72 in chips) 
invasor267: posts small blind $0.01
1Asthma1: posts big blind $0.02
*** HOLE CARDS ***
Dealt to Dorex2007 [6h 8h]
Tryndamer1: folds 
Alehta: raises $0.03 to $0.05
tylerdurden21x: calls $0.05
Dorex2007: folds 
ulia75432: calls $0.05
cr@sh test: calls $0.05
invasor267: folds 
1Asthma1: calls $0.03
*** FLOP *** [8s 6s 9d]
1Asthma1: checks 
Alehta: checks 
tylerdurden21x: checks 
ulia75432: bets $0.08
cr@sh test: folds 
1Asthma1: calls $0.08
Alehta: folds 
tylerdurden21x: calls $0.08
*** TURN *** [8s 6s 9d] [Qs]
1Asthma1: checks 
tylerdurden21x: checks 
ulia75432: checks 
*** RIVER *** [8s 6s 9d Qs] [Ts]
1Asthma1: checks 
tylerdurden21x: bets $0.12
ulia75432: folds 
1Asthma1: folds 
Uncalled bet ($0.12) returned to tylerdurden21x
tylerdurden21x collected $0.48 from pot
*** SUMMARY ***
Total pot $0.50 | Rake $0.02 
Board [8s 6s 9d Qs Ts]
Seat 1: Dorex2007 folded before Flop (didn't bet)
Seat 2: ulia75432 folded on the River
Seat 3: cr@sh test (button) folded on the Flop
Seat 4: invasor267 (small blind) folded before Flop
Seat 6: 1Asthma1 (big blind) folded on the River
Seat 7: Tryndamer1 folded before Flop (didn't bet)
Seat 8: Alehta folded on the Flop
Seat 9: tylerdurden21x collected ($0.48)



PokerStars Hand #233932831469:  Hold'em No Limit ($0.01/$0.02 USD) - 2022/02/09 16:44:45 PT [2022/02/09 19:44:45 ET]
Table 'Zaurak IV' 9-max Seat #4 is the button
Seat 1: Dorex2007 ($2.17 in chips) 
Seat 2: ulia75432 ($1.88 in chips) 
Seat 3: cr@sh test ($2 in chips) 
Seat 4: invasor267 ($6.35 in chips) 
Seat 6: 1Asthma1 ($2.64 in chips) 
Seat 7: Tryndamer1 ($2.46 in chips) 
Seat 8: Alehta ($0.80 in chips) 
Seat 9: tylerdurden21x ($4.07 in chips) 
1Asthma1: posts small blind $0.01
Tryndamer1: posts big blind $0.02
*** HOLE CARDS ***
Dealt to Dorex2007 [6c 3c]
Alehta: folds 
tylerdurden21x: folds 
Dorex2007: folds 
ulia75432: calls $0.02
cr@sh test: folds 
invasor267: raises $0.04 to $0.06
1Asthma1: folds 
Tryndamer1: folds 
ulia75432: folds 
Uncalled bet ($0.04) returned to invasor267
invasor267 collected $0.07 from pot
invasor267: doesn't show hand 
*** SUMMARY ***
Total pot $0.07 | Rake $0 
Seat 1: Dorex2007 folded before Flop (didn't bet)
Seat 2: ulia75432 folded before Flop
Seat 3: cr@sh test folded before Flop (didn't bet)
Seat 4: invasor267 (button) collected ($0.07)
Seat 6: 1Asthma1 (small blind) folded before Flop
Seat 7: Tryndamer1 (big blind) folded before Flop
Seat 8: Alehta folded before Flop (didn't bet)
Seat 9: tylerdurden21x folded before Flop (didn't bet)



PokerStars Hand #233932839093:  Hold'em No Limit ($0.01/$0.02 USD) - 2022/02/09 16:45:10 PT [2022/02/09 19:45:10 ET]
Table 'Zaurak IV' 9-max Seat #6 is the button
Seat 1: Dorex2007 ($2.17 in chips) 
Seat 2: ulia75432 ($1.86 in chips) 
Seat 3: cr@sh test ($2 in chips) 
Seat 4: invasor267 ($6.40 in chips) 
Seat 6: 1Asthma1 ($2.63 in chips) 
Seat 7: Tryndamer1 ($2.44 in chips) 
Seat 8: Alehta ($0.80 in chips) 
Seat 9: tylerdurden21x ($4.07 in chips) 
Tryndamer1: posts small blind $0.01
Alehta: posts big blind $0.02
*** HOLE CARDS ***
Dealt to Dorex2007 [Ts 9h]
tylerdurden21x: folds 
Dorex2007: folds 
ulia75432: folds 
cr@sh test: folds 
invasor267: raises $0.04 to $0.06
1Asthma1: folds 
Tryndamer1: folds 
Alehta: folds 
Uncalled bet ($0.04) returned to invasor267
invasor267 collected $0.05 from pot
invasor267: doesn't show hand 
*** SUMMARY ***
Total pot $0.05 | Rake $0 
Seat 1: Dorex2007 folded before Flop (didn't bet)
Seat 2: ulia75432 folded before Flop (didn't bet)
Seat 3: cr@sh test folded before Flop (didn't bet)
Seat 4: invasor267 collected ($0.05)
Seat 6: 1Asthma1 (button) folded before Flop (didn't bet)
Seat 7: Tryndamer1 (small blind) folded before Flop
Seat 8: Alehta (big blind) folded before Flop
Seat 9: tylerdurden21x folded before Flop (didn't bet)



PokerStars Hand #233932844488:  Hold'em No Limit ($0.01/$0.02 USD) - 2022/02/09 16:45:28 PT [2022/02/09 19:45:28 ET]
Table 'Zaurak IV' 9-max Seat #7 is the button
Seat 1: Dorex2007 ($2.17 in chips) 
Seat 2: ulia75432 ($1.86 in chips) 
Seat 3: cr@sh test ($2 in chips) 
Seat 4: invasor267 ($6.43 in chips) 
Seat 6: 1Asthma1 ($2.63 in chips) 
Seat 7: Tryndamer1 ($2.43 in chips) 
Seat 8: Alehta ($0.78 in chips) 
Seat 9: tylerdurden21x ($4.07 in chips) 
Alehta: posts small blind $0.01
tylerdurden21x: posts big blind $0.02
*** HOLE CARDS ***
Dealt to Dorex2007 [As 3s]
Dorex2007: folds 
ulia75432: folds 
cr@sh test: folds 
invasor267: folds 
1Asthma1: raises $0.03 to $0.05
Tryndamer1: calls $0.05
Alehta: folds 
tylerdurden21x: folds 
*** FLOP *** [Qh 8s 9s]
1Asthma1: bets $0.08
Tryndamer1: calls $0.08
*** TURN *** [Qh 8s 9s] [2h]
1Asthma1: bets $0.18
Tryndamer1: folds 
Uncalled bet ($0.18) returned to 1Asthma1
1Asthma1 collected $0.28 from pot
1Asthma1: doesn't show hand 
*** SUMMARY ***
Total pot $0.29 | Rake $0.01 
Board [Qh 8s 9s 2h]
Seat 1: Dorex2007 folded before Flop (didn't bet)
Seat 2: ulia75432 folded before Flop (didn't bet)
Seat 3: cr@sh test folded before Flop (didn't bet)
Seat 4: invasor267 folded before Flop (didn't bet)
Seat 6: 1Asthma1 collected ($0.28)
Seat 7: Tryndamer1 (button) folded on the Turn
Seat 8: Alehta (small blind) folded before Flop
Seat 9: tylerdurden21x (big blind) folded before Flop



PokerStars Hand #233932859400:  Hold'em No Limit ($0.01/$0.02 USD) - 2022/02/09 16:46:01 PT [2022/02/09 19:46:01 ET]
Table 'Zaurak IV' 9-max Seat #8 is the button
Seat 1: Dorex2007 ($2.17 in chips) 
Seat 2: ulia75432 ($1.86 in chips) 
Seat 3: cr@sh test ($2 in chips) 
Seat 4: invasor267 ($6.43 in chips) 
Seat 6: 1Asthma1 ($2.78 in chips) 
Seat 7: Tryndamer1 ($2.30 in chips) 
Seat 8: Alehta ($0.77 in chips) 
Seat 9: tylerdurden21x ($4.05 in chips) 
tylerdurden21x: posts small blind $0.01
Dorex2007: posts big blind $0.02
*** HOLE CARDS ***
Dealt to Dorex2007 [8s Kd]
ulia75432: raises $0.02 to $0.04
cr@sh test: folds 
invasor267: folds 
1Asthma1: folds 
Tryndamer1: raises $0.02 to $0.06
Alehta: folds 
tylerdurden21x: folds 
Dorex2007: folds 
ulia75432: calls $0.02
*** FLOP *** [4d Qs Jh]
ulia75432: checks 
Tryndamer1: bets $0.08
ulia75432: calls $0.08
*** TURN *** [4d Qs Jh] [4h]
ulia75432: checks 
Tryndamer1: checks 
*** RIVER *** [4d Qs Jh 4h] [3s]
ulia75432: bets $0.15
Tryndamer1: folds 
Uncalled bet ($0.15) returned to ulia75432
ulia75432 collected $0.30 from pot
*** SUMMARY ***
Total pot $0.31 | Rake $0.01 
Board [4d Qs Jh 4h 3s]
Seat 1: Dorex2007 (big blind) folded before Flop
Seat 2: ulia75432 collected ($0.30)
Seat 3: cr@sh test folded before Flop (didn't bet)
Seat 4: invasor267 folded before Flop (didn't bet)
Seat 6: 1Asthma1 folded before Flop (didn't bet)
Seat 7: Tryndamer1 folded on the River
Seat 8: Alehta (button) folded before Flop (didn't bet)
Seat 9: tylerdurden21x (small blind) folded before Flop



PokerStars Hand #233932872249:  Hold'em No Limit ($0.01/$0.02 USD) - 2022/02/09 16:46:43 PT [2022/02/09 19:46:43 ET]
Table 'Zaurak IV' 9-max Seat #9 is the button
Seat 1: Dorex2007 ($2.15 in chips) 
Seat 2: ulia75432 ($2.02 in chips) 
Seat 3: cr@sh test ($2 in chips) 
Seat 4: invasor267 ($6.43 in chips) 
Seat 6: 1Asthma1 ($2.78 in chips) 
Seat 7: Tryndamer1 ($2.16 in chips) 
Seat 8: Alehta ($0.77 in chips) 
Seat 9: tylerdurden21x ($4.04 in chips) 
Dorex2007: posts small blind $0.01
ulia75432: posts big blind $0.02
*** HOLE CARDS ***
Dealt to Dorex2007 [2c 7h]
cr@sh test: folds 
invasor267: folds 
1Asthma1: folds 
Tryndamer1: folds 
Alehta: folds 
tylerdurden21x: raises $0.02 to $0.04
Dorex2007: folds 
ulia75432: calls $0.02
*** FLOP *** [3c Jd Kd]
ulia75432: checks 
tylerdurden21x: checks 
*** TURN *** [3c Jd Kd] [6c]
ulia75432: checks 
tylerdurden21x: bets $0.03
ulia75432: calls $0.03
*** RIVER *** [3c Jd Kd 6c] [6d]
ulia75432: checks 
tylerdurden21x: checks 
*** SHOW DOWN ***
ulia75432: shows [8c 9c] (a pair of Sixes)
tylerdurden21x: shows [Ac Js] (two pair, Jacks and Sixes)
tylerdurden21x collected $0.14 from pot
*** SUMMARY ***
Total pot $0.15 | Rake $0.01 
Board [3c Jd Kd 6c 6d]
Seat 1: Dorex2007 (small blind) folded before Flop
Seat 2: ulia75432 (big blind) showed [8c 9c] and lost with a pair of Sixes
Seat 3: cr@sh test folded before Flop (didn't bet)
Seat 4: invasor267 folded before Flop (didn't bet)
Seat 6: 1Asthma1 folded before Flop (didn't bet)
Seat 7: Tryndamer1 folded before Flop (didn't bet)
Seat 8: Alehta folded before Flop (didn't bet)
Seat 9: tylerdurden21x (button) showed [Ac Js] and won ($0.14) with two pair, Jacks and Sixes



PokerStars Hand #233932890483:  Hold'em No Limit ($0.01/$0.02 USD) - 2022/02/09 16:47:43 PT [2022/02/09 19:47:43 ET]
Table 'Zaurak IV' 9-max Seat #1 is the button
Seat 1: Dorex2007 ($2.14 in chips) 
Seat 2: ulia75432 ($1.95 in chips) 
Seat 3: cr@sh test ($2 in chips) 
Seat 4: invasor267 ($6.43 in chips) 
Seat 6: 1Asthma1 ($2.78 in chips) 
Seat 7: Tryndamer1 ($2.16 in chips) 
Seat 8: Alehta ($0.77 in chips) 
Seat 9: tylerdurden21x ($4.11 in chips) 
ulia75432: posts small blind $0.01
cr@sh test: posts big blind $0.02
*** HOLE CARDS ***
Dealt to Dorex2007 [6d 8d]
invasor267: folds 
1Asthma1: folds 
Tryndamer1: folds 
Alehta: folds 
tylerdurden21x has timed out
tylerdurden21x: folds 
Dorex2007: folds 
ulia75432: folds 
Uncalled bet ($0.01) returned to cr@sh test
cr@sh test collected $0.02 from pot
cr@sh test: doesn't show hand 
*** SUMMARY ***
Total pot $0.02 | Rake $0 
Seat 1: Dorex2007 (button) folded before Flop (didn't bet)
Seat 2: ulia75432 (small blind) folded before Flop
Seat 3: cr@sh test (big blind) collected ($0.02)
Seat 4: invasor267 folded before Flop (didn't bet)
Seat 6: 1Asthma1 folded before Flop (didn't bet)
Seat 7: Tryndamer1 folded before Flop (didn't bet)
Seat 8: Alehta folded before Flop (didn't bet)
Seat 9: tylerdurden21x folded before Flop (didn't bet)



PokerStars Hand #233932897793:  Hold'em No Limit ($0.01/$0.02 USD) - 2022/02/09 16:48:07 PT [2022/02/09 19:48:07 ET]
Table 'Zaurak IV' 9-max Seat #2 is the button
Seat 1: Dorex2007 ($2.14 in chips) 
Seat 2: ulia75432 ($1.94 in chips) 
Seat 3: cr@sh test ($2.01 in chips) 
Seat 4: invasor267 ($6.43 in chips) 
Seat 6: 1Asthma1 ($2.78 in chips) 
Seat 7: Tryndamer1 ($2.16 in chips) 
Seat 8: Alehta ($0.77 in chips) 
cr@sh test: posts small blind $0.01
invasor267: posts big blind $0.02
*** HOLE CARDS ***
Dealt to Dorex2007 [8c 4h]
1Asthma1: folds 
Tryndamer1 has timed out
Tryndamer1: folds 
Alehta: folds 
Dorex2007: folds 
ulia75432: calls $0.02
Tryndamer1 leaves the table
cr@sh test: raises $0.03 to $0.05
invasor267: calls $0.03
ulia75432: calls $0.03
*** FLOP *** [5s Qh 5c]
cr@sh test: checks 
invasor267: checks 
ulia75432: bets $0.07
cr@sh test: folds 
tylerdurden21x leaves the table
invasor267: folds 
Uncalled bet ($0.07) returned to ulia75432
ulia75432 collected $0.14 from pot
*** SUMMARY ***
Total pot $0.15 | Rake $0.01 
Board [5s Qh 5c]
Seat 1: Dorex2007 folded before Flop (didn't bet)
Seat 2: ulia75432 (button) collected ($0.14)
Seat 3: cr@sh test (small blind) folded on the Flop
Seat 4: invasor267 (big blind) folded on the Flop
Seat 6: 1Asthma1 folded before Flop (didn't bet)
Seat 7: Tryndamer1 folded before Flop (didn't bet)
Seat 8: Alehta folded before Flop (didn't bet)



PokerStars Hand #233932909926:  Hold'em No Limit ($0.01/$0.02 USD) - 2022/02/09 16:48:48 PT [2022/02/09 19:48:48 ET]
Table 'Zaurak IV' 9-max Seat #3 is the button
Seat 1: Dorex2007 ($2.14 in chips) 
Seat 2: ulia75432 ($2.03 in chips) 
Seat 3: cr@sh test ($2 in chips) 
Seat 4: invasor267 ($6.38 in chips) 
Seat 6: 1Asthma1 ($2.78 in chips) 
Seat 8: Alehta ($0.77 in chips) 
invasor267: posts small blind $0.01
1Asthma1: posts big blind $0.02
*** HOLE CARDS ***
Dealt to Dorex2007 [5c 2h]
Alehta: folds 
Dorex2007: folds 
ulia75432: folds 
cr@sh test: folds 
invasor267: calls $0.01
1Asthma1: raises $0.08 to $0.10
invasor267: folds 
Uncalled bet ($0.08) returned to 1Asthma1
1Asthma1 collected $0.04 from pot
master bl405 leaves the table
1Asthma1: doesn't show hand 
*** SUMMARY ***
Total pot $0.04 | Rake $0 
Seat 1: Dorex2007 folded before Flop (didn't bet)
Seat 2: ulia75432 folded before Flop (didn't bet)
Seat 3: cr@sh test (button) folded before Flop (didn't bet)
Seat 4: invasor267 (small blind) folded before Flop
Seat 6: 1Asthma1 (big blind) collected ($0.04)
Seat 8: Alehta folded before Flop (didn't bet)



PokerStars Hand #233932917131:  Hold'em No Limit ($0.01/$0.02 USD) - 2022/02/09 16:49:11 PT [2022/02/09 19:49:11 ET]
Table 'Zaurak IV' 9-max Seat #4 is the button
Seat 1: Dorex2007 ($2.14 in chips) 
Seat 2: ulia75432 ($2.03 in chips) 
Seat 3: cr@sh test ($2 in chips) 
Seat 4: invasor267 ($6.36 in chips) 
Seat 6: 1Asthma1 ($2.80 in chips) 
1Asthma1: posts small blind $0.01
Alehta: is sitting out 
Dorex2007: posts big blind $0.02
*** HOLE CARDS ***
Dealt to Dorex2007 [Ts Qc]
ulia75432: folds 
cr@sh test: folds 
invasor267: folds 
1Asthma1: folds 
Uncalled bet ($0.01) returned to Dorex2007
Dorex2007 collected $0.02 from pot
Dorex2007: doesn't show hand 
*** SUMMARY ***
Total pot $0.02 | Rake $0 
Seat 1: Dorex2007 (big blind) collected ($0.02)
Seat 2: ulia75432 folded before Flop (didn't bet)
Seat 3: cr@sh test folded before Flop (didn't bet)
Seat 4: invasor267 (button) folded before Flop (didn't bet)
Seat 6: 1Asthma1 (small blind) folded before Flop



PokerStars Hand #233932921190:  Hold'em No Limit ($0.01/$0.02 USD) - 2022/02/09 16:49:24 PT [2022/02/09 19:49:24 ET]
Table 'Zaurak IV' 9-max Seat #6 is the button
Seat 1: Dorex2007 ($2.15 in chips) 
Seat 2: ulia75432 ($2.03 in chips) 
Seat 3: cr@sh test ($2 in chips) 
Seat 4: invasor267 ($6.36 in chips) 
Seat 6: 1Asthma1 ($2.79 in chips) 
Dorex2007: posts small blind $0.01
ulia75432: posts big blind $0.02
*** HOLE CARDS ***
Dealt to Dorex2007 [Ac Jc]
cr@sh test: folds 
invasor267: raises $0.04 to $0.06
1Asthma1: calls $0.06
Dorex2007: calls $0.05
ulia75432: folds 
*** FLOP *** [7d Kc 7c]
Dorex2007: checks 
invasor267: checks 
1Asthma1: checks 
*** TURN *** [7d Kc 7c] [3d]
cr@sh test leaves the table
Dorex2007: checks 
invasor267: checks 
1Asthma1: bets $0.10
Dorex2007: calls $0.10
invasor267: folds 
*** RIVER *** [7d Kc 7c 3d] [Ah]
Dorex2007: bets $0.39
1Asthma1: folds 
Uncalled bet ($0.39) returned to Dorex2007
Dorex2007 collected $0.39 from pot
Dorex2007: doesn't show hand 
*** SUMMARY ***
Total pot $0.40 | Rake $0.01 
Board [7d Kc 7c 3d Ah]
Seat 1: Dorex2007 (small blind) collected ($0.39)
Seat 2: ulia75432 (big blind) folded before Flop
Seat 3: cr@sh test folded before Flop (didn't bet)
Seat 4: invasor267 folded on the Turn
Seat 6: 1Asthma1 (button) folded on the River



PokerStars Hand #233932932294:  Hold'em No Limit ($0.01/$0.02 USD) - 2022/02/09 16:50:01 PT [2022/02/09 19:50:01 ET]
Table 'Zaurak IV' 9-max Seat #1 is the button
Seat 1: Dorex2007 ($2.38 in chips) 
Seat 2: ulia75432 ($2.01 in chips) 
Seat 4: invasor267 ($6.30 in chips) 
Seat 6: 1Asthma1 ($2.63 in chips) 
ulia75432: posts small blind $0.01
invasor267: posts big blind $0.02
*** HOLE CARDS ***
Dealt to Dorex2007 [3s Tc]
1Asthma1: folds 
Dorex2007: folds 
ulia75432: calls $0.01
invasor267: checks 
*** FLOP *** [Kc 4d Kd]
ulia75432: checks 
invasor267: checks 
*** TURN *** [Kc 4d Kd] [4c]
ulia75432: checks 
invasor267: checks 
*** RIVER *** [Kc 4d Kd 4c] [6d]
ulia75432: checks 
invasor267: bets $0.02
ulia75432: calls $0.02
*** SHOW DOWN ***
invasor267: shows [5c 6s] (two pair, Kings and Sixes)
ulia75432: mucks hand 
invasor267 collected $0.08 from pot
*** SUMMARY ***
Total pot $0.08 | Rake $0 
Board [Kc 4d Kd 4c 6d]
Seat 1: Dorex2007 (button) folded before Flop (didn't bet)
Seat 2: ulia75432 (small blind) mucked [8d Ac]
Seat 4: invasor267 (big blind) showed [5c 6s] and won ($0.08) with two pair, Kings and Sixes
Seat 6: 1Asthma1 folded before Flop (didn't bet)



