PokerStars Hand #238358854106:  Hold'em No Limit ($0.02/$0.05 USD) - 2022/09/01 17:02:16 PT [2022/09/01 20:02:16 ET]
Table 'Scania' 9-max Seat #3 is the button
Seat 1: zenith666101 ($5.82 in chips) 
Seat 2: Dorex2007 ($5 in chips) 
Seat 3: lucaspaixao10 ($8.30 in chips) 
Seat 4: acsalex1994 ($2.80 in chips) 
Seat 5: simiek ($5 in chips) 
Seat 6: maskch ($3.13 in chips) 
Seat 7: schop.ot.14 ($4.56 in chips) 
Seat 8: T-Bone881969 ($6.74 in chips) 
Seat 9: mullski326 ($7.71 in chips) 
acsalex1994: posts small blind $0.02
simiek: posts big blind $0.05
Dorex2007: posts big blind $0.05
*** HOLE CARDS ***
Dealt to Dorex2007 [6d Kh]
maskch: calls $0.05
schop.ot.14: raises $0.22 to $0.27
T-Bone881969: folds 
mullski326: folds 
zenith666101: calls $0.27
Dorex2007: folds 
lucaspaixao10: raises $0.22 to $0.49
acsalex1994: folds 
simiek: folds 
maskch: folds 
schop.ot.14: calls $0.22
zenith666101: calls $0.22
*** FLOP *** [7h 3h 6h]
schop.ot.14: checks 
zenith666101: checks 
lucaspaixao10: bets $1
schop.ot.14: calls $1
zenith666101: folds 
*** TURN *** [7h 3h 6h] [5h]
schop.ot.14: checks 
lucaspaixao10: checks 
*** RIVER *** [7h 3h 6h 5h] [8s]
schop.ot.14: bets $1.74
lucaspaixao10: folds 
Uncalled bet ($1.74) returned to schop.ot.14
schop.ot.14 collected $3.49 from pot
schop.ot.14: doesn't show hand 
*** SUMMARY ***
Total pot $3.64 | Rake $0.15 
Board [7h 3h 6h 5h 8s]
Seat 1: zenith666101 folded on the Flop
Seat 2: Dorex2007 folded before Flop (didn't bet)
Seat 3: lucaspaixao10 (button) folded on the River
Seat 4: acsalex1994 (small blind) folded before Flop
Seat 5: simiek (big blind) folded before Flop
Seat 6: maskch folded before Flop
Seat 7: schop.ot.14 collected ($3.49)
Seat 8: T-Bone881969 folded before Flop (didn't bet)
Seat 9: mullski326 folded before Flop (didn't bet)



PokerStars Hand #238358869136:  Hold'em No Limit ($0.02/$0.05 USD) - 2022/09/01 17:03:21 PT [2022/09/01 20:03:21 ET]
Table 'Scania' 9-max Seat #4 is the button
Seat 1: zenith666101 ($5.33 in chips) 
Seat 2: Dorex2007 ($5 in chips) 
Seat 3: lucaspaixao10 ($6.81 in chips) 
Seat 4: acsalex1994 ($2.78 in chips) 
Seat 5: simiek ($4.95 in chips) 
Seat 6: maskch ($3.08 in chips) 
Seat 7: schop.ot.14 ($6.56 in chips) 
Seat 8: T-Bone881969 ($6.74 in chips) 
Seat 9: mullski326 ($7.71 in chips) 
simiek: posts small blind $0.02
maskch: posts big blind $0.05
*** HOLE CARDS ***
Dealt to Dorex2007 [Ah 7h]
schop.ot.14: raises $0.10 to $0.15
T-Bone881969: folds 
mullski326: folds 
zenith666101: folds 
Dorex2007: calls $0.15
lucaspaixao10: calls $0.15
acsalex1994: folds 
simiek: folds 
maskch: folds 
*** FLOP *** [Kc As 6d]
schop.ot.14: bets $0.20
Dorex2007: folds 
lucaspaixao10: folds 
Uncalled bet ($0.20) returned to schop.ot.14
schop.ot.14 collected $0.50 from pot
schop.ot.14: doesn't show hand 
*** SUMMARY ***
Total pot $0.52 | Rake $0.02 
Board [Kc As 6d]
Seat 1: zenith666101 folded before Flop (didn't bet)
Seat 2: Dorex2007 folded on the Flop
Seat 3: lucaspaixao10 folded on the Flop
Seat 4: acsalex1994 (button) folded before Flop (didn't bet)
Seat 5: simiek (small blind) folded before Flop
Seat 6: maskch (big blind) folded before Flop
Seat 7: schop.ot.14 collected ($0.50)
Seat 8: T-Bone881969 folded before Flop (didn't bet)
Seat 9: mullski326 folded before Flop (didn't bet)



PokerStars Hand #238358881370:  Hold'em No Limit ($0.02/$0.05 USD) - 2022/09/01 17:04:13 PT [2022/09/01 20:04:13 ET]
Table 'Scania' 9-max Seat #5 is the button
Seat 1: zenith666101 ($5.33 in chips) 
Seat 2: Dorex2007 ($5 in chips) 
Seat 3: lucaspaixao10 ($6.66 in chips) 
Seat 4: acsalex1994 ($2.78 in chips) 
Seat 5: simiek ($4.93 in chips) 
Seat 6: maskch ($3.03 in chips) 
Seat 7: schop.ot.14 ($6.91 in chips) 
Seat 8: T-Bone881969 ($6.74 in chips) 
Seat 9: mullski326 ($7.71 in chips) 
maskch: posts small blind $0.02
schop.ot.14: posts big blind $0.05
*** HOLE CARDS ***
Dealt to Dorex2007 [5h Ad]
T-Bone881969: folds 
mullski326: folds 
zenith666101: calls $0.05
Dorex2007: folds 
lucaspaixao10: calls $0.05
acsalex1994: folds 
simiek: folds 
maskch: calls $0.03
schop.ot.14: checks 
*** FLOP *** [6d 6h 9d]
maskch: checks 
schop.ot.14: checks 
zenith666101: checks 
lucaspaixao10: checks 
*** TURN *** [6d 6h 9d] [3d]
maskch: checks 
schop.ot.14: checks 
zenith666101: checks 
lucaspaixao10: checks 
*** RIVER *** [6d 6h 9d 3d] [4d]
maskch: checks 
schop.ot.14: checks 
zenith666101: bets $0.05
lucaspaixao10: folds 
maskch: folds 
schop.ot.14: folds 
Uncalled bet ($0.05) returned to zenith666101
zenith666101 collected $0.19 from pot
*** SUMMARY ***
Total pot $0.20 | Rake $0.01 
Board [6d 6h 9d 3d 4d]
Seat 1: zenith666101 collected ($0.19)
Seat 2: Dorex2007 folded before Flop (didn't bet)
Seat 3: lucaspaixao10 folded on the River
Seat 4: acsalex1994 folded before Flop (didn't bet)
Seat 5: simiek (button) folded before Flop (didn't bet)
Seat 6: maskch (small blind) folded on the River
Seat 7: schop.ot.14 (big blind) folded on the River
Seat 8: T-Bone881969 folded before Flop (didn't bet)
Seat 9: mullski326 folded before Flop (didn't bet)



PokerStars Hand #238358896925:  Hold'em No Limit ($0.02/$0.05 USD) - 2022/09/01 17:05:21 PT [2022/09/01 20:05:21 ET]
Table 'Scania' 9-max Seat #6 is the button
Seat 1: zenith666101 ($5.47 in chips) 
Seat 2: Dorex2007 ($5 in chips) 
Seat 3: lucaspaixao10 ($6.61 in chips) 
Seat 4: acsalex1994 ($2.78 in chips) 
Seat 5: simiek ($4.93 in chips) 
Seat 6: maskch ($2.98 in chips) 
Seat 7: schop.ot.14 ($6.86 in chips) 
Seat 8: T-Bone881969 ($6.74 in chips) 
Seat 9: mullski326 ($7.71 in chips) 
schop.ot.14: posts small blind $0.02
T-Bone881969: posts big blind $0.05
*** HOLE CARDS ***
Dealt to Dorex2007 [Qs 7d]
mullski326: folds 
zenith666101: calls $0.05
Dorex2007: folds 
lucaspaixao10: raises $0.15 to $0.20
acsalex1994: folds 
simiek: folds 
maskch: folds 
schop.ot.14: folds 
T-Bone881969: folds 
zenith666101: folds 
Uncalled bet ($0.15) returned to lucaspaixao10
lucaspaixao10 collected $0.17 from pot
lucaspaixao10: doesn't show hand 
*** SUMMARY ***
Total pot $0.17 | Rake $0 
Seat 1: zenith666101 folded before Flop
Seat 2: Dorex2007 folded before Flop (didn't bet)
Seat 3: lucaspaixao10 collected ($0.17)
Seat 4: acsalex1994 folded before Flop (didn't bet)
Seat 5: simiek folded before Flop (didn't bet)
Seat 6: maskch (button) folded before Flop (didn't bet)
Seat 7: schop.ot.14 (small blind) folded before Flop
Seat 8: T-Bone881969 (big blind) folded before Flop
Seat 9: mullski326 folded before Flop (didn't bet)



PokerStars Hand #238358903158:  Hold'em No Limit ($0.02/$0.05 USD) - 2022/09/01 17:05:48 PT [2022/09/01 20:05:48 ET]
Table 'Scania' 9-max Seat #7 is the button
Seat 1: zenith666101 ($5.42 in chips) 
Seat 2: Dorex2007 ($5 in chips) 
Seat 3: lucaspaixao10 ($6.73 in chips) 
Seat 4: acsalex1994 ($2.78 in chips) 
Seat 5: simiek ($4.93 in chips) 
Seat 6: maskch ($2.98 in chips) 
Seat 7: schop.ot.14 ($6.84 in chips) 
Seat 8: T-Bone881969 ($6.69 in chips) 
Seat 9: mullski326 ($7.71 in chips) 
T-Bone881969: posts small blind $0.02
mullski326: posts big blind $0.05
*** HOLE CARDS ***
Dealt to Dorex2007 [Qh 4s]
zenith666101: calls $0.05
Dorex2007: folds 
lucaspaixao10: folds 
acsalex1994: folds 
simiek has timed out
simiek: folds 
maskch: folds 
schop.ot.14: calls $0.05
T-Bone881969: folds 
mullski326: checks 
*** FLOP *** [7d 6s 9h]
mullski326: bets $0.05
zenith666101: folds 
schop.ot.14: calls $0.05
*** TURN *** [7d 6s 9h] [Qc]
mullski326: checks 
zenith666101 leaves the table
schop.ot.14: bets $0.26
mullski326: folds 
Uncalled bet ($0.26) returned to schop.ot.14
schop.ot.14 collected $0.26 from pot
schop.ot.14: doesn't show hand 
*** SUMMARY ***
Total pot $0.27 | Rake $0.01 
Board [7d 6s 9h Qc]
Seat 1: zenith666101 folded on the Flop
Seat 2: Dorex2007 folded before Flop (didn't bet)
Seat 3: lucaspaixao10 folded before Flop (didn't bet)
Seat 4: acsalex1994 folded before Flop (didn't bet)
Seat 5: simiek folded before Flop (didn't bet)
Seat 6: maskch folded before Flop (didn't bet)
Seat 7: schop.ot.14 (button) collected ($0.26)
Seat 8: T-Bone881969 (small blind) folded before Flop
Seat 9: mullski326 (big blind) folded on the Turn



PokerStars Hand #238358917769:  Hold'em No Limit ($0.02/$0.05 USD) - 2022/09/01 17:06:51 PT [2022/09/01 20:06:51 ET]
Table 'Scania' 9-max Seat #8 is the button
Seat 2: Dorex2007 ($5 in chips) 
Seat 3: lucaspaixao10 ($6.73 in chips) 
Seat 4: acsalex1994 ($2.78 in chips) 
Seat 5: simiek ($4.93 in chips) 
Seat 6: maskch ($2.98 in chips) 
Seat 7: schop.ot.14 ($7 in chips) 
Seat 8: T-Bone881969 ($6.67 in chips) 
Seat 9: mullski326 ($7.61 in chips) 
mullski326: posts small blind $0.02
Dorex2007: posts big blind $0.05
*** HOLE CARDS ***
Dealt to Dorex2007 [Qs 5c]
mumisber joins the table at seat #1 
lucaspaixao10: raises $0.05 to $0.10
acsalex1994: raises $0.10 to $0.20
simiek: folds 
maskch: folds 
schop.ot.14: folds 
T-Bone881969: folds 
mullski326: folds 
Dorex2007: folds 
lucaspaixao10: calls $0.10
*** FLOP *** [8d Jc 7s]
lucaspaixao10: bets $0.10
acsalex1994: calls $0.10
*** TURN *** [8d Jc 7s] [3h]
lucaspaixao10: bets $0.10
acsalex1994: calls $0.10
*** RIVER *** [8d Jc 7s 3h] [5h]
lucaspaixao10: checks 
acsalex1994: checks 
*** SHOW DOWN ***
lucaspaixao10: shows [Kc Ts] (high card King)
acsalex1994: shows [Kh Ad] (high card Ace)
acsalex1994 collected $0.83 from pot
*** SUMMARY ***
Total pot $0.87 | Rake $0.04 
Board [8d Jc 7s 3h 5h]
Seat 2: Dorex2007 (big blind) folded before Flop
Seat 3: lucaspaixao10 showed [Kc Ts] and lost with high card King
Seat 4: acsalex1994 showed [Kh Ad] and won ($0.83) with high card Ace
Seat 5: simiek folded before Flop (didn't bet)
Seat 6: maskch folded before Flop (didn't bet)
Seat 7: schop.ot.14 folded before Flop (didn't bet)
Seat 8: T-Bone881969 (button) folded before Flop (didn't bet)
Seat 9: mullski326 (small blind) folded before Flop



PokerStars Hand #238358927023:  Hold'em No Limit ($0.02/$0.05 USD) - 2022/09/01 17:07:30 PT [2022/09/01 20:07:30 ET]
Table 'Scania' 9-max Seat #9 is the button
Seat 2: Dorex2007 ($5 in chips) 
Seat 3: lucaspaixao10 ($6.33 in chips) 
Seat 4: acsalex1994 ($3.21 in chips) 
Seat 5: simiek ($4.93 in chips) 
Seat 6: maskch ($2.98 in chips) 
Seat 7: schop.ot.14 ($7 in chips) 
Seat 8: T-Bone881969 ($6.67 in chips) 
Seat 9: mullski326 ($7.59 in chips) 
Dorex2007: posts small blind $0.02
lucaspaixao10: posts big blind $0.05
*** HOLE CARDS ***
Dealt to Dorex2007 [4s 8s]
acsalex1994: raises $0.05 to $0.10
simiek: calls $0.10
maskch: folds 
schop.ot.14: calls $0.10
maskch leaves the table
T-Bone881969: calls $0.10
mullski326: calls $0.10
Dorex2007: folds 
lucaspaixao10: calls $0.05
*** FLOP *** [2d 4c Ad]
lucaspaixao10: checks 
zenith666101 joins the table at seat #6 
acsalex1994: bets $0.10
simiek: calls $0.10
schop.ot.14: calls $0.10
T-Bone881969: calls $0.10
mullski326: folds 
lucaspaixao10: calls $0.10
*** TURN *** [2d 4c Ad] [6s]
lucaspaixao10: checks 
acsalex1994: checks 
simiek: checks 
schop.ot.14: bets $0.23
T-Bone881969: calls $0.23
lucaspaixao10: folds 
acsalex1994: folds 
simiek: calls $0.23
*** RIVER *** [2d 4c Ad 6s] [3s]
simiek: checks 
schop.ot.14: checks 
T-Bone881969: checks 
*** SHOW DOWN ***
simiek: shows [5h Ah] (a straight, Deuce to Six)
schop.ot.14: mucks hand 
T-Bone881969: mucks hand 
simiek collected $1.73 from pot
*** SUMMARY ***
Total pot $1.81 | Rake $0.08 
Board [2d 4c Ad 6s 3s]
Seat 2: Dorex2007 (small blind) folded before Flop
Seat 3: lucaspaixao10 (big blind) folded on the Turn
Seat 4: acsalex1994 folded on the Turn
Seat 5: simiek showed [5h Ah] and won ($1.73) with a straight, Deuce to Six
Seat 6: maskch folded before Flop (didn't bet)
Seat 7: schop.ot.14 mucked [Ac Jc]
Seat 8: T-Bone881969 mucked [6d 6c]
Seat 9: mullski326 (button) folded on the Flop



PokerStars Hand #238358946588:  Hold'em No Limit ($0.02/$0.05 USD) - 2022/09/01 17:08:54 PT [2022/09/01 20:08:54 ET]
Table 'Scania' 9-max Seat #2 is the button
Seat 2: Dorex2007 ($5 in chips) 
Seat 3: lucaspaixao10 ($6.13 in chips) 
Seat 4: acsalex1994 ($3.01 in chips) 
Seat 5: simiek ($6.23 in chips) 
Seat 7: schop.ot.14 ($6.57 in chips) 
Seat 8: T-Bone881969 ($6.24 in chips) 
Seat 9: mullski326 ($7.49 in chips) 
lucaspaixao10: posts small blind $0.02
acsalex1994: posts big blind $0.05
zenith666101: sits out 
mumisber: sits out 
*** HOLE CARDS ***
Dealt to Dorex2007 [Th 8h]
simiek: calls $0.05
schop.ot.14: folds 
T-Bone881969: folds 
mullski326: folds 
Dorex2007: folds 
lucaspaixao10: calls $0.03
acsalex1994: checks 
*** FLOP *** [Ad 8c 3h]
lucaspaixao10: checks 
acsalex1994: bets $0.10
simiek: calls $0.10
lucaspaixao10: folds 
*** TURN *** [Ad 8c 3h] [2h]
acsalex1994: bets $0.15
simiek: folds 
Uncalled bet ($0.15) returned to acsalex1994
acsalex1994 collected $0.34 from pot
*** SUMMARY ***
Total pot $0.35 | Rake $0.01 
Board [Ad 8c 3h 2h]
Seat 2: Dorex2007 (button) folded before Flop (didn't bet)
Seat 3: lucaspaixao10 (small blind) folded on the Flop
Seat 4: acsalex1994 (big blind) collected ($0.34)
Seat 5: simiek folded on the Turn
Seat 7: schop.ot.14 folded before Flop (didn't bet)
Seat 8: T-Bone881969 folded before Flop (didn't bet)
Seat 9: mullski326 folded before Flop (didn't bet)



PokerStars Hand #238358958331:  Hold'em No Limit ($0.02/$0.05 USD) - 2022/09/01 17:09:45 PT [2022/09/01 20:09:45 ET]
Table 'Scania' 9-max Seat #3 is the button
Seat 2: Dorex2007 ($5 in chips) 
Seat 3: lucaspaixao10 ($6.08 in chips) 
Seat 4: acsalex1994 ($3.20 in chips) 
Seat 5: simiek ($6.08 in chips) 
Seat 7: schop.ot.14 ($6.57 in chips) 
Seat 8: T-Bone881969 ($6.24 in chips) 
Seat 9: mullski326 ($7.49 in chips) 
acsalex1994: posts small blind $0.02
simiek: posts big blind $0.05
zenith666101: sits out 
mumisber: sits out 
*** HOLE CARDS ***
Dealt to Dorex2007 [Td 4h]
schop.ot.14: folds 
T-Bone881969: folds 
mullski326: calls $0.05
Dorex2007: folds 
lucaspaixao10: calls $0.05
acsalex1994: calls $0.03
simiek: checks 
*** FLOP *** [6d 9c 2d]
acsalex1994: checks 
simiek: checks 
mullski326: bets $0.19
lucaspaixao10: folds 
acsalex1994: folds 
simiek: folds 
Uncalled bet ($0.19) returned to mullski326
mullski326 collected $0.19 from pot
*** SUMMARY ***
Total pot $0.20 | Rake $0.01 
Board [6d 9c 2d]
Seat 2: Dorex2007 folded before Flop (didn't bet)
Seat 3: lucaspaixao10 (button) folded on the Flop
Seat 4: acsalex1994 (small blind) folded on the Flop
Seat 5: simiek (big blind) folded on the Flop
Seat 7: schop.ot.14 folded before Flop (didn't bet)
Seat 8: T-Bone881969 folded before Flop (didn't bet)
Seat 9: mullski326 collected ($0.19)



PokerStars Hand #238358970552:  Hold'em No Limit ($0.02/$0.05 USD) - 2022/09/01 17:10:38 PT [2022/09/01 20:10:38 ET]
Table 'Scania' 9-max Seat #4 is the button
Seat 2: Dorex2007 ($5 in chips) 
Seat 3: lucaspaixao10 ($6.03 in chips) 
Seat 4: acsalex1994 ($3.15 in chips) 
Seat 5: simiek ($6.03 in chips) 
Seat 6: zenith666101 ($5.37 in chips) 
Seat 7: schop.ot.14 ($6.57 in chips) 
Seat 8: T-Bone881969 ($6.24 in chips) 
Seat 9: mullski326 ($7.63 in chips) 
simiek: posts small blind $0.02
zenith666101: posts big blind $0.05
mumisber: sits out 
*** HOLE CARDS ***
Dealt to Dorex2007 [Ad 4c]
schop.ot.14: raises $0.10 to $0.15
T-Bone881969: calls $0.15
mullski326: folds 
Dorex2007: folds 
lucaspaixao10: folds 
acsalex1994: calls $0.15
simiek: calls $0.13
zenith666101: calls $0.10
*** FLOP *** [3d 4h Qc]
simiek: checks 
zenith666101: bets $0.05
schop.ot.14: calls $0.05
T-Bone881969: folds 
acsalex1994: folds 
simiek: calls $0.05
*** TURN *** [3d 4h Qc] [Th]
simiek: checks 
zenith666101: bets $0.10
schop.ot.14: calls $0.10
simiek: raises $0.20 to $0.30
zenith666101: calls $0.20
schop.ot.14: calls $0.20
*** RIVER *** [3d 4h Qc Th] [2c]
simiek: bets $0.70
zenith666101: folds 
schop.ot.14: folds 
Uncalled bet ($0.70) returned to simiek
simiek collected $1.73 from pot
*** SUMMARY ***
Total pot $1.80 | Rake $0.07 
Board [3d 4h Qc Th 2c]
Seat 2: Dorex2007 folded before Flop (didn't bet)
Seat 3: lucaspaixao10 folded before Flop (didn't bet)
Seat 4: acsalex1994 (button) folded on the Flop
Seat 5: simiek (small blind) collected ($1.73)
Seat 6: zenith666101 (big blind) folded on the River
Seat 7: schop.ot.14 folded on the River
Seat 8: T-Bone881969 folded on the Flop
Seat 9: mullski326 folded before Flop (didn't bet)



PokerStars Hand #238358996596:  Hold'em No Limit ($0.02/$0.05 USD) - 2022/09/01 17:12:32 PT [2022/09/01 20:12:32 ET]
Table 'Scania' 9-max Seat #5 is the button
Seat 2: Dorex2007 ($5 in chips) 
Seat 3: lucaspaixao10 ($6.03 in chips) 
Seat 4: acsalex1994 ($3 in chips) 
Seat 5: simiek ($7.26 in chips) 
Seat 6: zenith666101 ($4.87 in chips) 
Seat 7: schop.ot.14 ($6.07 in chips) 
Seat 8: T-Bone881969 ($6.09 in chips) 
Seat 9: mullski326 ($7.63 in chips) 
zenith666101: posts small blind $0.02
schop.ot.14: posts big blind $0.05
mumisber: sits out 
*** HOLE CARDS ***
Dealt to Dorex2007 [2c 7h]
T-Bone881969: folds 
mullski326: folds 
Dorex2007: folds 
lucaspaixao10: folds 
acsalex1994: raises $0.10 to $0.15
simiek: folds 
zenith666101: calls $0.13
schop.ot.14: folds 
*** FLOP *** [4c 5h Qd]
zenith666101: bets $0.15
acsalex1994: folds 
Uncalled bet ($0.15) returned to zenith666101
zenith666101 collected $0.34 from pot
*** SUMMARY ***
Total pot $0.35 | Rake $0.01 
Board [4c 5h Qd]
Seat 2: Dorex2007 folded before Flop (didn't bet)
Seat 3: lucaspaixao10 folded before Flop (didn't bet)
Seat 4: acsalex1994 folded on the Flop
Seat 5: simiek (button) folded before Flop (didn't bet)
Seat 6: zenith666101 (small blind) collected ($0.34)
Seat 7: schop.ot.14 (big blind) folded before Flop
Seat 8: T-Bone881969 folded before Flop (didn't bet)
Seat 9: mullski326 folded before Flop (didn't bet)



PokerStars Hand #238359006858:  Hold'em No Limit ($0.02/$0.05 USD) - 2022/09/01 17:13:17 PT [2022/09/01 20:13:17 ET]
Table 'Scania' 9-max Seat #6 is the button
Seat 2: Dorex2007 ($5 in chips) 
Seat 3: lucaspaixao10 ($6.03 in chips) 
Seat 4: acsalex1994 ($2.85 in chips) 
Seat 5: simiek ($7.26 in chips) 
Seat 6: zenith666101 ($5.06 in chips) 
Seat 7: schop.ot.14 ($6.02 in chips) 
Seat 8: T-Bone881969 ($6.09 in chips) 
Seat 9: mullski326 ($7.63 in chips) 
schop.ot.14: posts small blind $0.02
T-Bone881969: posts big blind $0.05
mumisber: sits out 
*** HOLE CARDS ***
Dealt to Dorex2007 [7s 2d]
mullski326: folds 
Dorex2007: folds 
lucaspaixao10: raises $0.05 to $0.10
acsalex1994: calls $0.10
simiek: calls $0.10
zenith666101: calls $0.10
schop.ot.14: calls $0.08
T-Bone881969: folds 
*** FLOP *** [9h 5d 9s]
schop.ot.14: checks 
lucaspaixao10: checks 
acsalex1994: checks 
simiek: checks 
zenith666101: checks 
*** TURN *** [9h 5d 9s] [Qs]
schop.ot.14: checks 
lucaspaixao10: checks 
acsalex1994: checks 
simiek: checks 
zenith666101: bets $0.05
schop.ot.14: folds 
lucaspaixao10: calls $0.05
acsalex1994: calls $0.05
simiek: calls $0.05
*** RIVER *** [9h 5d 9s Qs] [Jh]
lucaspaixao10: checks 
acsalex1994: checks 
simiek: bets $0.30
zenith666101: calls $0.30
lucaspaixao10: raises $0.70 to $1
acsalex1994: folds 
simiek: folds 
zenith666101: folds 
Uncalled bet ($0.70) returned to lucaspaixao10
lucaspaixao10 collected $1.58 from pot
lucaspaixao10: doesn't show hand 
*** SUMMARY ***
Total pot $1.65 | Rake $0.07 
Board [9h 5d 9s Qs Jh]
Seat 2: Dorex2007 folded before Flop (didn't bet)
Seat 3: lucaspaixao10 collected ($1.58)
Seat 4: acsalex1994 folded on the River
Seat 5: simiek folded on the River
Seat 6: zenith666101 (button) folded on the River
Seat 7: schop.ot.14 (small blind) folded on the Turn
Seat 8: T-Bone881969 (big blind) folded before Flop
Seat 9: mullski326 folded before Flop (didn't bet)



PokerStars Hand #238359047308:  Hold'em No Limit ($0.02/$0.05 USD) - 2022/09/01 17:16:15 PT [2022/09/01 20:16:15 ET]
Table 'Scania' 9-max Seat #7 is the button
Seat 2: Dorex2007 ($5 in chips) 
Seat 3: lucaspaixao10 ($7.16 in chips) 
Seat 4: acsalex1994 ($2.70 in chips) 
Seat 5: simiek ($6.81 in chips) 
Seat 6: zenith666101 ($4.61 in chips) 
Seat 7: schop.ot.14 ($5.92 in chips) 
Seat 8: T-Bone881969 ($6.04 in chips) 
Seat 9: mullski326 ($7.63 in chips) 
T-Bone881969: posts small blind $0.02
mullski326: posts big blind $0.05
mumisber: sits out 
*** HOLE CARDS ***
Dealt to Dorex2007 [Ad 8h]
Dorex2007: folds 
lucaspaixao10: folds 
acsalex1994: folds 
simiek: calls $0.05
zenith666101 has timed out
zenith666101: folds 
schop.ot.14: calls $0.05
T-Bone881969: calls $0.03
mullski326: checks 
*** FLOP *** [3d 5c 8s]
T-Bone881969: bets $0.10
mullski326: calls $0.10
simiek: calls $0.10
schop.ot.14: folds 
*** TURN *** [3d 5c 8s] [9d]
T-Bone881969: bets $0.55
mullski326: folds 
simiek: folds 
Uncalled bet ($0.55) returned to T-Bone881969
T-Bone881969 collected $0.48 from pot
T-Bone881969: doesn't show hand 
*** SUMMARY ***
Total pot $0.50 | Rake $0.02 
Board [3d 5c 8s 9d]
Seat 2: Dorex2007 folded before Flop (didn't bet)
Seat 3: lucaspaixao10 folded before Flop (didn't bet)
Seat 4: acsalex1994 folded before Flop (didn't bet)
Seat 5: simiek folded on the Turn
Seat 6: zenith666101 folded before Flop (didn't bet)
Seat 7: schop.ot.14 (button) folded on the Flop
Seat 8: T-Bone881969 (small blind) collected ($0.48)
Seat 9: mullski326 (big blind) folded on the Turn



PokerStars Hand #238359061789:  Hold'em No Limit ($0.02/$0.05 USD) - 2022/09/01 17:17:20 PT [2022/09/01 20:17:20 ET]
Table 'Scania' 9-max Seat #8 is the button
Seat 1: mumisber ($2 in chips) 
Seat 2: Dorex2007 ($5 in chips) 
Seat 3: lucaspaixao10 ($7.16 in chips) 
Seat 4: acsalex1994 ($2.70 in chips) 
Seat 5: simiek ($6.66 in chips) 
Seat 6: zenith666101 ($4.61 in chips) 
Seat 7: schop.ot.14 ($5.87 in chips) 
Seat 8: T-Bone881969 ($6.37 in chips) 
Seat 9: mullski326 ($7.48 in chips) 
mullski326: posts small blind $0.02
mumisber: posts big blind $0.05
*** HOLE CARDS ***
Dealt to Dorex2007 [Kh 9c]
Dorex2007: folds 
lucaspaixao10: calls $0.05
acsalex1994: folds 
simiek: folds 
zenith666101: calls $0.05
schop.ot.14: folds 
T-Bone881969: folds 
mullski326: calls $0.03
mumisber: checks 
*** FLOP *** [Jc 2h 5d]
mullski326: checks 
mumisber: checks 
lucaspaixao10: checks 
zenith666101: checks 
*** TURN *** [Jc 2h 5d] [4c]
mullski326: bets $0.09
mumisber: folds 
lucaspaixao10: folds 
zenith666101: calls $0.09
*** RIVER *** [Jc 2h 5d 4c] [4h]
mullski326: checks 
zenith666101 has timed out
zenith666101: checks 
*** SHOW DOWN ***
mullski326: shows [7h 5c] (two pair, Fives and Fours)
zenith666101: mucks hand 
mullski326 collected $0.36 from pot
*** SUMMARY ***
Total pot $0.38 | Rake $0.02 
Board [Jc 2h 5d 4c 4h]
Seat 1: mumisber (big blind) folded on the Turn
Seat 2: Dorex2007 folded before Flop (didn't bet)
Seat 3: lucaspaixao10 folded on the Turn
Seat 4: acsalex1994 folded before Flop (didn't bet)
Seat 5: simiek folded before Flop (didn't bet)
Seat 6: zenith666101 mucked [6d As]
Seat 7: schop.ot.14 folded before Flop (didn't bet)
Seat 8: T-Bone881969 (button) folded before Flop (didn't bet)
Seat 9: mullski326 (small blind) showed [7h 5c] and won ($0.36) with two pair, Fives and Fours



PokerStars Hand #238359081897:  Hold'em No Limit ($0.02/$0.05 USD) - 2022/09/01 17:18:48 PT [2022/09/01 20:18:48 ET]
Table 'Scania' 9-max Seat #9 is the button
Seat 1: mumisber ($1.95 in chips) 
Seat 2: Dorex2007 ($5 in chips) 
Seat 3: lucaspaixao10 ($7.11 in chips) 
Seat 4: acsalex1994 ($2.70 in chips) 
Seat 5: simiek ($6.66 in chips) 
Seat 6: zenith666101 ($4.47 in chips) 
Seat 7: schop.ot.14 ($5.87 in chips) 
Seat 8: T-Bone881969 ($6.37 in chips) 
Seat 9: mullski326 ($7.70 in chips) 
mumisber: posts small blind $0.02
Dorex2007: posts big blind $0.05
*** HOLE CARDS ***
Dealt to Dorex2007 [8h 3c]
lucaspaixao10: folds 
acsalex1994: calls $0.05
simiek: calls $0.05
zenith666101 has timed out
zenith666101: folds 
schop.ot.14: calls $0.05
T-Bone881969: folds 
mullski326: folds 
mumisber: raises $0.30 to $0.35
Dorex2007: folds 
acsalex1994: calls $0.30
simiek: folds 
schop.ot.14: folds 
*** FLOP *** [6c 5d 5s]
mumisber: bets $0.95
acsalex1994: folds 
Uncalled bet ($0.95) returned to mumisber
mumisber collected $0.81 from pot
*** SUMMARY ***
Total pot $0.85 | Rake $0.04 
Board [6c 5d 5s]
Seat 1: mumisber (small blind) collected ($0.81)
Seat 2: Dorex2007 (big blind) folded before Flop
Seat 3: lucaspaixao10 folded before Flop (didn't bet)
Seat 4: acsalex1994 folded on the Flop
Seat 5: simiek folded before Flop
Seat 6: zenith666101 folded before Flop (didn't bet)
Seat 7: schop.ot.14 folded before Flop
Seat 8: T-Bone881969 folded before Flop (didn't bet)
Seat 9: mullski326 (button) folded before Flop (didn't bet)



PokerStars Hand #238359101949:  Hold'em No Limit ($0.02/$0.05 USD) - 2022/09/01 17:20:16 PT [2022/09/01 20:20:16 ET]
Table 'Scania' 9-max Seat #1 is the button
Seat 1: mumisber ($2.41 in chips) 
Seat 2: Dorex2007 ($5 in chips) 
Seat 3: lucaspaixao10 ($7.11 in chips) 
Seat 4: acsalex1994 ($2.35 in chips) 
Seat 5: simiek ($6.61 in chips) 
Seat 6: zenith666101 ($4.47 in chips) 
Seat 7: schop.ot.14 ($5.82 in chips) 
Seat 8: T-Bone881969 ($6.37 in chips) 
Seat 9: mullski326 ($7.70 in chips) 
Dorex2007: posts small blind $0.02
lucaspaixao10: posts big blind $0.05
*** HOLE CARDS ***
Dealt to Dorex2007 [6h Qc]
acsalex1994: calls $0.05
simiek: raises $0.05 to $0.10
zenith666101: calls $0.10
schop.ot.14: calls $0.10
T-Bone881969: folds 
mullski326: folds 
mumisber: folds 
Dorex2007: folds 
lucaspaixao10: calls $0.05
acsalex1994: calls $0.05
*** FLOP *** [4h Qs 4d]
lucaspaixao10: checks 
acsalex1994: checks 
simiek: checks 
zenith666101: bets $0.20
schop.ot.14: calls $0.20
lucaspaixao10: folds 
acsalex1994: folds 
simiek: calls $0.20
*** TURN *** [4h Qs 4d] [2h]
simiek: checks 
zenith666101: bets $0.20
schop.ot.14: calls $0.20
simiek: folds 
*** RIVER *** [4h Qs 4d 2h] [Kc]
zenith666101: bets $3.97 and is all-in
schop.ot.14: folds 
Uncalled bet ($3.97) returned to zenith666101
zenith666101 collected $1.46 from pot
*** SUMMARY ***
Total pot $1.52 | Rake $0.06 
Board [4h Qs 4d 2h Kc]
Seat 1: mumisber (button) folded before Flop (didn't bet)
Seat 2: Dorex2007 (small blind) folded before Flop
Seat 3: lucaspaixao10 (big blind) folded on the Flop
Seat 4: acsalex1994 folded on the Flop
Seat 5: simiek folded on the Turn
Seat 6: zenith666101 collected ($1.46)
Seat 7: schop.ot.14 folded on the River
Seat 8: T-Bone881969 folded before Flop (didn't bet)
Seat 9: mullski326 folded before Flop (didn't bet)



PokerStars Hand #238359120267:  Hold'em No Limit ($0.02/$0.05 USD) - 2022/09/01 17:21:37 PT [2022/09/01 20:21:37 ET]
Table 'Scania' 9-max Seat #2 is the button
Seat 1: mumisber ($2.41 in chips) 
Seat 2: Dorex2007 ($5 in chips) 
Seat 3: lucaspaixao10 ($7.01 in chips) 
Seat 4: acsalex1994 ($2.25 in chips) 
Seat 5: simiek ($6.31 in chips) 
Seat 6: zenith666101 ($5.43 in chips) 
Seat 7: schop.ot.14 ($5.32 in chips) 
Seat 8: T-Bone881969 ($6.37 in chips) 
Seat 9: mullski326 ($7.70 in chips) 
lucaspaixao10: posts small blind $0.02
acsalex1994: posts big blind $0.05
*** HOLE CARDS ***
Dealt to Dorex2007 [Ah 2c]
simiek has timed out
simiek: folds 
zenith666101: folds 
schop.ot.14: calls $0.05
T-Bone881969: folds 
mullski326: folds 
mumisber: folds 
Dorex2007: folds 
lucaspaixao10: calls $0.03
simiek leaves the table
cubicroot joins the table at seat #5 
acsalex1994 has timed out
acsalex1994: checks 
*** FLOP *** [Ad 4s Jd]
lucaspaixao10: checks 
acsalex1994 has timed out
acsalex1994: checks 
schop.ot.14: bets $0.14
lucaspaixao10: folds 
acsalex1994: folds 
Uncalled bet ($0.14) returned to schop.ot.14
schop.ot.14 collected $0.14 from pot
schop.ot.14: doesn't show hand 
*** SUMMARY ***
Total pot $0.15 | Rake $0.01 
Board [Ad 4s Jd]
Seat 1: mumisber folded before Flop (didn't bet)
Seat 2: Dorex2007 (button) folded before Flop (didn't bet)
Seat 3: lucaspaixao10 (small blind) folded on the Flop
Seat 4: acsalex1994 (big blind) folded on the Flop
Seat 5: simiek folded before Flop (didn't bet)
Seat 6: zenith666101 folded before Flop (didn't bet)
Seat 7: schop.ot.14 collected ($0.14)
Seat 8: T-Bone881969 folded before Flop (didn't bet)
Seat 9: mullski326 folded before Flop (didn't bet)



PokerStars Hand #238359142133:  Hold'em No Limit ($0.02/$0.05 USD) - 2022/09/01 17:23:13 PT [2022/09/01 20:23:13 ET]
Table 'Scania' 9-max Seat #3 is the button
Seat 1: mumisber ($2.41 in chips) 
Seat 2: Dorex2007 ($5 in chips) 
Seat 3: lucaspaixao10 ($6.96 in chips) 
Seat 4: acsalex1994 ($2.20 in chips) 
Seat 5: cubicroot ($5 in chips) 
Seat 6: zenith666101 ($5.43 in chips) 
Seat 7: schop.ot.14 ($5.41 in chips) 
Seat 8: T-Bone881969 ($6.37 in chips) 
Seat 9: mullski326 ($7.70 in chips) 
acsalex1994: posts small blind $0.02
cubicroot: posts big blind $0.05
*** HOLE CARDS ***
Dealt to Dorex2007 [2s 6c]
zenith666101: folds 
schop.ot.14: folds 
T-Bone881969: folds 
schop.ot.14 leaves the table
zenith666101 leaves the table
mullski326: calls $0.05
mumisber: raises $0.05 to $0.10
Dorex2007: folds 
lucaspaixao10: calls $0.10
tanyaa1956 joins the table at seat #6 
acsalex1994: folds 
EMAZC07 joins the table at seat #7 
cubicroot: folds 
mullski326: calls $0.05
*** FLOP *** [Ks 8h Jd]
mullski326: checks 
mumisber: checks 
lucaspaixao10: checks 
*** TURN *** [Ks 8h Jd] [4s]
mullski326: bets $0.17
mumisber: folds 
lucaspaixao10: folds 
Uncalled bet ($0.17) returned to mullski326
mullski326 collected $0.35 from pot
*** SUMMARY ***
Total pot $0.37 | Rake $0.02 
Board [Ks 8h Jd 4s]
Seat 1: mumisber folded on the Turn
Seat 2: Dorex2007 folded before Flop (didn't bet)
Seat 3: lucaspaixao10 (button) folded on the Turn
Seat 4: acsalex1994 (small blind) folded before Flop
Seat 5: cubicroot (big blind) folded before Flop
Seat 6: zenith666101 folded before Flop (didn't bet)
Seat 7: schop.ot.14 folded before Flop (didn't bet)
Seat 8: T-Bone881969 folded before Flop (didn't bet)
Seat 9: mullski326 collected ($0.35)



PokerStars Hand #238359157012:  Hold'em No Limit ($0.02/$0.05 USD) - 2022/09/01 17:24:18 PT [2022/09/01 20:24:18 ET]
Table 'Scania' 9-max Seat #4 is the button
Seat 1: mumisber ($2.31 in chips) 
Seat 2: Dorex2007 ($5 in chips) 
Seat 3: lucaspaixao10 ($6.86 in chips) 
Seat 4: acsalex1994 ($2.18 in chips) 
Seat 5: cubicroot ($4.95 in chips) 
Seat 6: tanyaa1956 ($5 in chips) 
Seat 8: T-Bone881969 ($6.37 in chips) 
Seat 9: mullski326 ($7.95 in chips) 
cubicroot: posts small blind $0.02
tanyaa1956: posts big blind $0.05
EMAZC07: sits out 
*** HOLE CARDS ***
Dealt to Dorex2007 [9h 3c]
T-Bone881969: calls $0.05
mullski326: folds 
mumisber: folds 
Dorex2007: folds 
lucaspaixao10: raises $0.05 to $0.10
acsalex1994: calls $0.10
cubicroot: calls $0.08
tanyaa1956: calls $0.05
T-Bone881969: calls $0.05
*** FLOP *** [5d 9s 9c]
cubicroot: checks 
tanyaa1956: checks 
T-Bone881969: checks 
lucaspaixao10: checks 
acsalex1994: bets $0.10
cubicroot: calls $0.10
tanyaa1956: folds 
T-Bone881969: calls $0.10
lucaspaixao10: calls $0.10
*** TURN *** [5d 9s 9c] [Tc]
cubicroot: checks 
T-Bone881969: checks 
lucaspaixao10: checks 
acsalex1994: bets $0.10
cubicroot: calls $0.10
T-Bone881969: folds 
lucaspaixao10: calls $0.10
*** RIVER *** [5d 9s 9c Tc] [Jc]
cubicroot: checks 
lucaspaixao10: checks 
acsalex1994: checks 
*** SHOW DOWN ***
cubicroot: shows [9d 4d] (three of a kind, Nines)
lucaspaixao10: mucks hand 
acsalex1994: mucks hand 
cubicroot collected $1.15 from pot
*** SUMMARY ***
Total pot $1.20 | Rake $0.05 
Board [5d 9s 9c Tc Jc]
Seat 1: mumisber folded before Flop (didn't bet)
Seat 2: Dorex2007 folded before Flop (didn't bet)
Seat 3: lucaspaixao10 mucked [Ac Qd]
Seat 4: acsalex1994 (button) mucked [7s 7h]
Seat 5: cubicroot (small blind) showed [9d 4d] and won ($1.15) with three of a kind, Nines
Seat 6: tanyaa1956 (big blind) folded on the Flop
Seat 8: T-Bone881969 folded on the Turn
Seat 9: mullski326 folded before Flop (didn't bet)



PokerStars Hand #238359175798:  Hold'em No Limit ($0.02/$0.05 USD) - 2022/09/01 17:25:42 PT [2022/09/01 20:25:42 ET]
Table 'Scania' 9-max Seat #5 is the button
Seat 1: mumisber ($2.31 in chips) 
Seat 2: Dorex2007 ($5 in chips) 
Seat 3: lucaspaixao10 ($6.56 in chips) 
Seat 4: acsalex1994 ($1.88 in chips) 
Seat 5: cubicroot ($5.80 in chips) 
Seat 6: tanyaa1956 ($5 in chips) 
Seat 7: EMAZC07 ($5 in chips) 
Seat 8: T-Bone881969 ($6.17 in chips) 
Seat 9: mullski326 ($7.95 in chips) 
tanyaa1956: posts small blind $0.02
EMAZC07: posts big blind $0.05
*** HOLE CARDS ***
Dealt to Dorex2007 [6s 9s]
T-Bone881969: folds 
mullski326: raises $0.10 to $0.15
mumisber: folds 
Dorex2007: folds 
lucaspaixao10: folds 
lucaspaixao10 leaves the table
acsalex1994: folds 
cubicroot: calls $0.15
tanyaa1956: folds 
EMAZC07: folds 
*** FLOP *** [8c 4c Qs]
mullski326: bets $0.17
cubicroot: calls $0.17
*** TURN *** [8c 4c Qs] [6c]
mullski326: checks 
cubicroot: checks 
*** RIVER *** [8c 4c Qs 6c] [8s]
mullski326: checks 
cubicroot: checks 
*** SHOW DOWN ***
mullski326: shows [Qd As] (two pair, Queens and Eights)
cubicroot: mucks hand 
mullski326 collected $0.68 from pot
*** SUMMARY ***
Total pot $0.71 | Rake $0.03 
Board [8c 4c Qs 6c 8s]
Seat 1: mumisber folded before Flop (didn't bet)
Seat 2: Dorex2007 folded before Flop (didn't bet)
Seat 3: lucaspaixao10 folded before Flop (didn't bet)
Seat 4: acsalex1994 folded before Flop (didn't bet)
Seat 5: cubicroot (button) mucked [5c 5d]
Seat 6: tanyaa1956 (small blind) folded before Flop
Seat 7: EMAZC07 (big blind) folded before Flop
Seat 8: T-Bone881969 folded before Flop (didn't bet)
Seat 9: mullski326 showed [Qd As] and won ($0.68) with two pair, Queens and Eights



PokerStars Hand #238359192687:  Hold'em No Limit ($0.02/$0.05 USD) - 2022/09/01 17:26:58 PT [2022/09/01 20:26:58 ET]
Table 'Scania' 9-max Seat #6 is the button
Seat 1: mumisber ($2.31 in chips) 
Seat 2: Dorex2007 ($5 in chips) 
Seat 4: acsalex1994 ($1.88 in chips) 
Seat 5: cubicroot ($5.48 in chips) 
Seat 6: tanyaa1956 ($5 in chips) 
Seat 7: EMAZC07 ($5 in chips) 
Seat 8: T-Bone881969 ($6.17 in chips) 
Seat 9: mullski326 ($8.31 in chips) 
EMAZC07: posts small blind $0.02
T-Bone881969: posts big blind $0.05
*** HOLE CARDS ***
Dealt to Dorex2007 [5h Qc]
mullski326: folds 
mumisber: raises $0.05 to $0.10
Dorex2007: folds 
acsalex1994: folds 
cubicroot: folds 
tanyaa1956: folds 
EMAZC07: folds 
T-Bone881969: folds 
Uncalled bet ($0.05) returned to mumisber
mumisber collected $0.12 from pot
*** SUMMARY ***
Total pot $0.12 | Rake $0 
Seat 1: mumisber collected ($0.12)
Seat 2: Dorex2007 folded before Flop (didn't bet)
Seat 4: acsalex1994 folded before Flop (didn't bet)
Seat 5: cubicroot folded before Flop (didn't bet)
Seat 6: tanyaa1956 (button) folded before Flop (didn't bet)
Seat 7: EMAZC07 (small blind) folded before Flop
Seat 8: T-Bone881969 (big blind) folded before Flop
Seat 9: mullski326 folded before Flop (didn't bet)



PokerStars Hand #238359198583:  Hold'em No Limit ($0.02/$0.05 USD) - 2022/09/01 17:27:24 PT [2022/09/01 20:27:24 ET]
Table 'Scania' 9-max Seat #7 is the button
Seat 1: mumisber ($2.38 in chips) 
Seat 2: Dorex2007 ($5 in chips) 
Seat 4: acsalex1994 ($1.88 in chips) 
Seat 5: cubicroot ($5.48 in chips) 
Seat 6: tanyaa1956 ($5 in chips) 
Seat 7: EMAZC07 ($5 in chips) 
Seat 8: T-Bone881969 ($6.12 in chips) 
Seat 9: mullski326 ($8.31 in chips) 
T-Bone881969: posts small blind $0.02
mullski326: posts big blind $0.05
*** HOLE CARDS ***
Dealt to Dorex2007 [8d 7c]
mumisber has timed out
mumisber: folds 
Dorex2007: folds 
acsalex1994: folds 
cubicroot: folds 
tanyaa1956: folds 
EMAZC07: folds 
T-Bone881969: calls $0.03
mullski326: checks 
*** FLOP *** [Jh 2c Td]
T-Bone881969: bets $0.15
mullski326: calls $0.15
*** TURN *** [Jh 2c Td] [Ad]
T-Bone881969: bets $0.45
mullski326: folds 
Uncalled bet ($0.45) returned to T-Bone881969
T-Bone881969 collected $0.38 from pot
*** SUMMARY ***
Total pot $0.40 | Rake $0.02 
Board [Jh 2c Td Ad]
Seat 1: mumisber folded before Flop (didn't bet)
Seat 2: Dorex2007 folded before Flop (didn't bet)
Seat 4: acsalex1994 folded before Flop (didn't bet)
Seat 5: cubicroot folded before Flop (didn't bet)
Seat 6: tanyaa1956 folded before Flop (didn't bet)
Seat 7: EMAZC07 (button) folded before Flop (didn't bet)
Seat 8: T-Bone881969 (small blind) collected ($0.38)
Seat 9: mullski326 (big blind) folded on the Turn



PokerStars Hand #238359210082:  Hold'em No Limit ($0.02/$0.05 USD) - 2022/09/01 17:28:16 PT [2022/09/01 20:28:16 ET]
Table 'Scania' 9-max Seat #8 is the button
Seat 1: mumisber ($2.38 in chips) 
Seat 2: Dorex2007 ($5 in chips) 
Seat 4: acsalex1994 ($1.88 in chips) 
Seat 5: cubicroot ($5.48 in chips) 
Seat 6: tanyaa1956 ($5 in chips) 
Seat 7: EMAZC07 ($5 in chips) 
Seat 8: T-Bone881969 ($6.30 in chips) 
Seat 9: mullski326 ($8.11 in chips) 
mullski326: posts small blind $0.02
mumisber: posts big blind $0.05
*** HOLE CARDS ***
Dealt to Dorex2007 [Qh Ts]
Dorex2007: folds 
acsalex1994: folds 
cubicroot: folds 
tanyaa1956: folds 
EMAZC07: folds 
T-Bone881969: folds 
mullski326: calls $0.03
mumisber: checks 
*** FLOP *** [3d As Qs]
mullski326: checks 
tanyaa1956 leaves the table
mumisber: bets $0.20
mullski326: calls $0.20
*** TURN *** [3d As Qs] [3c]
mullski326: checks 
mumisber: checks 
*** RIVER *** [3d As Qs 3c] [Ks]
mullski326: checks 
Glaucou joins the table at seat #3 
mumisber: checks 
*** SHOW DOWN ***
mullski326: shows [Ah 5s] (two pair, Aces and Threes)
mumisber: shows [Ad 2c] (two pair, Aces and Threes)
mullski326 collected $0.24 from pot
mumisber collected $0.24 from pot
Bamalam369 joins the table at seat #6 
*** SUMMARY ***
Total pot $0.50 | Rake $0.02 
Board [3d As Qs 3c Ks]
Seat 1: mumisber (big blind) showed [Ad 2c] and won ($0.24) with two pair, Aces and Threes
Seat 2: Dorex2007 folded before Flop (didn't bet)
Seat 4: acsalex1994 folded before Flop (didn't bet)
Seat 5: cubicroot folded before Flop (didn't bet)
Seat 6: tanyaa1956 folded before Flop (didn't bet)
Seat 7: EMAZC07 folded before Flop (didn't bet)
Seat 8: T-Bone881969 (button) folded before Flop (didn't bet)
Seat 9: mullski326 (small blind) showed [Ah 5s] and won ($0.24) with two pair, Aces and Threes



PokerStars Hand #238359221983:  Hold'em No Limit ($0.02/$0.05 USD) - 2022/09/01 17:29:11 PT [2022/09/01 20:29:11 ET]
Table 'Scania' 9-max Seat #9 is the button
Seat 1: mumisber ($2.37 in chips) 
Seat 2: Dorex2007 ($5 in chips) 
Seat 4: acsalex1994 ($1.88 in chips) 
Seat 5: cubicroot ($5.48 in chips) 
Seat 7: EMAZC07 ($5 in chips) 
Seat 8: T-Bone881969 ($6.30 in chips) 
Seat 9: mullski326 ($8.10 in chips) 
mumisber: posts small blind $0.02
Dorex2007: posts big blind $0.05
Glaucou: sits out 
Bamalam369: sits out 
*** HOLE CARDS ***
Dealt to Dorex2007 [Jh Jc]
acsalex1994 has timed out
acsalex1994: folds 
cubicroot: folds 
EMAZC07: folds 
T-Bone881969: raises $0.05 to $0.10
mullski326: folds 
mumisber: folds 
Dorex2007: raises $0.35 to $0.45
T-Bone881969: calls $0.35
*** FLOP *** [6c 7s Td]
Dorex2007: bets $4.55 and is all-in
T-Bone881969: folds 
Uncalled bet ($4.55) returned to Dorex2007
Dorex2007 collected $0.88 from pot
Dorex2007: doesn't show hand 
*** SUMMARY ***
Total pot $0.92 | Rake $0.04 
Board [6c 7s Td]
Seat 1: mumisber (small blind) folded before Flop
Seat 2: Dorex2007 (big blind) collected ($0.88)
Seat 4: acsalex1994 folded before Flop (didn't bet)
Seat 5: cubicroot folded before Flop (didn't bet)
Seat 7: EMAZC07 folded before Flop (didn't bet)
Seat 8: T-Bone881969 folded on the Flop
Seat 9: mullski326 (button) folded before Flop (didn't bet)



PokerStars Hand #238359230508:  Hold'em No Limit ($0.02/$0.05 USD) - 2022/09/01 17:29:49 PT [2022/09/01 20:29:49 ET]
Table 'Scania' 9-max Seat #1 is the button
Seat 1: mumisber ($2.35 in chips) 
Seat 2: Dorex2007 ($5.43 in chips) 
Seat 3: Glaucou ($5 in chips) 
Seat 5: cubicroot ($5.48 in chips) 
Seat 6: Bamalam369 ($3 in chips) 
Seat 7: EMAZC07 ($5 in chips) 
Seat 8: T-Bone881969 ($5.85 in chips) 
Seat 9: mullski326 ($8.10 in chips) 
Dorex2007: posts small blind $0.02
Glaucou: posts big blind $0.05
Bamalam369: posts big blind $0.05
*** HOLE CARDS ***
Dealt to Dorex2007 [9d Qh]
cubicroot has timed out
cubicroot: folds 
Bamalam369: checks 
EMAZC07: folds 
T-Bone881969: folds 
mullski326: folds 
mumisber: folds 
Dorex2007: folds 
Glaucou: checks 
*** FLOP *** [Kc As Td]
Glaucou: checks 
Bamalam369: bets $0.15
Glaucou: folds 
Uncalled bet ($0.15) returned to Bamalam369
Bamalam369 collected $0.12 from pot
*** SUMMARY ***
Total pot $0.12 | Rake $0 
Board [Kc As Td]
Seat 1: mumisber (button) folded before Flop (didn't bet)
Seat 2: Dorex2007 (small blind) folded before Flop
Seat 3: Glaucou (big blind) folded on the Flop
Seat 5: cubicroot folded before Flop (didn't bet)
Seat 6: Bamalam369 collected ($0.12)
Seat 7: EMAZC07 folded before Flop (didn't bet)
Seat 8: T-Bone881969 folded before Flop (didn't bet)
Seat 9: mullski326 folded before Flop (didn't bet)



PokerStars Hand #238359238786:  Hold'em No Limit ($0.02/$0.05 USD) - 2022/09/01 17:30:27 PT [2022/09/01 20:30:27 ET]
Table 'Scania' 9-max Seat #2 is the button
Seat 1: mumisber ($2.35 in chips) 
Seat 2: Dorex2007 ($5.41 in chips) 
Seat 3: Glaucou ($4.95 in chips) 
Seat 4: acsalex1994 ($1.88 in chips) 
Seat 5: cubicroot ($5.48 in chips) 
Seat 6: Bamalam369 ($3.07 in chips) 
Seat 7: EMAZC07 ($5 in chips) 
Seat 8: T-Bone881969 ($5.85 in chips) 
Seat 9: mullski326 ($8.10 in chips) 
Glaucou: posts small blind $0.02
acsalex1994: posts big blind $0.05
*** HOLE CARDS ***
Dealt to Dorex2007 [9d Td]
cubicroot: folds 
Bamalam369: folds 
EMAZC07: folds 
T-Bone881969: folds 
mullski326: folds 
mumisber: folds 
Dorex2007: raises $0.10 to $0.15
Glaucou: folds 
acsalex1994: folds 
Uncalled bet ($0.10) returned to Dorex2007
Dorex2007 collected $0.12 from pot
Dorex2007: doesn't show hand 
*** SUMMARY ***
Total pot $0.12 | Rake $0 
Seat 1: mumisber folded before Flop (didn't bet)
Seat 2: Dorex2007 (button) collected ($0.12)
Seat 3: Glaucou (small blind) folded before Flop
Seat 4: acsalex1994 (big blind) folded before Flop
Seat 5: cubicroot folded before Flop (didn't bet)
Seat 6: Bamalam369 folded before Flop (didn't bet)
Seat 7: EMAZC07 folded before Flop (didn't bet)
Seat 8: T-Bone881969 folded before Flop (didn't bet)
Seat 9: mullski326 folded before Flop (didn't bet)



PokerStars Hand #238359244791:  Hold'em No Limit ($0.02/$0.05 USD) - 2022/09/01 17:30:54 PT [2022/09/01 20:30:54 ET]
Table 'Scania' 9-max Seat #3 is the button
Seat 1: mumisber ($2.35 in chips) 
Seat 2: Dorex2007 ($5.48 in chips) 
Seat 3: Glaucou ($4.93 in chips) 
Seat 4: acsalex1994 ($1.83 in chips) 
Seat 5: cubicroot ($5.48 in chips) 
Seat 6: Bamalam369 ($3.07 in chips) 
Seat 7: EMAZC07 ($5 in chips) 
Seat 8: T-Bone881969 ($5.85 in chips) 
Seat 9: mullski326 ($8.10 in chips) 
acsalex1994: posts small blind $0.02
cubicroot: posts big blind $0.05
*** HOLE CARDS ***
Dealt to Dorex2007 [Jd 6s]
Bamalam369: calls $0.05
EMAZC07: folds 
T-Bone881969: folds 
mullski326: folds 
mumisber: folds 
Dorex2007: folds 
Glaucou: folds 
acsalex1994: calls $0.03
cubicroot has timed out
cubicroot: checks 
*** FLOP *** [9s 5h 6d]
acsalex1994: checks 
cubicroot has timed out
cubicroot: checks 
Bamalam369: bets $0.05
acsalex1994: folds 
cubicroot: raises $0.12 to $0.17
Bamalam369: calls $0.12
*** TURN *** [9s 5h 6d] [Kc]
cubicroot: checks 
Bamalam369: checks 
*** RIVER *** [9s 5h 6d Kc] [As]
cubicroot: bets $0.47
Bamalam369: folds 
Uncalled bet ($0.47) returned to cubicroot
cubicroot collected $0.47 from pot
cubicroot: doesn't show hand 
*** SUMMARY ***
Total pot $0.49 | Rake $0.02 
Board [9s 5h 6d Kc As]
Seat 1: mumisber folded before Flop (didn't bet)
Seat 2: Dorex2007 folded before Flop (didn't bet)
Seat 3: Glaucou (button) folded before Flop (didn't bet)
Seat 4: acsalex1994 (small blind) folded on the Flop
Seat 5: cubicroot (big blind) collected ($0.47)
Seat 6: Bamalam369 folded on the River
Seat 7: EMAZC07 folded before Flop (didn't bet)
Seat 8: T-Bone881969 folded before Flop (didn't bet)
Seat 9: mullski326 folded before Flop (didn't bet)



PokerStars Hand #238359271828:  Hold'em No Limit ($0.02/$0.05 USD) - 2022/09/01 17:32:58 PT [2022/09/01 20:32:58 ET]
Table 'Scania' 9-max Seat #4 is the button
Seat 1: mumisber ($2.35 in chips) 
Seat 2: Dorex2007 ($5.48 in chips) 
Seat 3: Glaucou ($4.93 in chips) 
Seat 4: acsalex1994 ($1.78 in chips) 
Seat 5: cubicroot ($5.73 in chips) 
Seat 6: Bamalam369 ($2.85 in chips) 
Seat 7: EMAZC07 ($5 in chips) 
Seat 8: T-Bone881969 ($5.85 in chips) 
Seat 9: mullski326 ($8.10 in chips) 
cubicroot: posts small blind $0.02
Bamalam369: posts big blind $0.05
*** HOLE CARDS ***
Dealt to Dorex2007 [4h Qs]
EMAZC07: folds 
T-Bone881969: folds 
mullski326: folds 
mumisber: raises $0.05 to $0.10
Dorex2007: folds 
Glaucou: raises $0.20 to $0.30
acsalex1994: folds 
cubicroot: folds 
Bamalam369: calls $0.25
mumisber: calls $0.20
*** FLOP *** [5c 9d 7s]
Bamalam369: bets $0.15
mumisber: calls $0.15
Glaucou: calls $0.15
*** TURN *** [5c 9d 7s] [Kc]
Bamalam369: bets $0.20
mumisber: folds 
Glaucou: raises $0.30 to $0.50
Bamalam369: calls $0.30
*** RIVER *** [5c 9d 7s Kc] [Jh]
Bamalam369: bets $0.40
Glaucou: calls $0.40
*** SHOW DOWN ***
Bamalam369: shows [Ac Ad] (a pair of Aces)
Glaucou: mucks hand 
Bamalam369 collected $3.04 from pot
*** SUMMARY ***
Total pot $3.17 | Rake $0.13 
Board [5c 9d 7s Kc Jh]
Seat 1: mumisber folded on the Turn
Seat 2: Dorex2007 folded before Flop (didn't bet)
Seat 3: Glaucou mucked [Qd Kh]
Seat 4: acsalex1994 (button) folded before Flop (didn't bet)
Seat 5: cubicroot (small blind) folded before Flop
Seat 6: Bamalam369 (big blind) showed [Ac Ad] and won ($3.04) with a pair of Aces
Seat 7: EMAZC07 folded before Flop (didn't bet)
Seat 8: T-Bone881969 folded before Flop (didn't bet)
Seat 9: mullski326 folded before Flop (didn't bet)



PokerStars Hand #238359289342:  Hold'em No Limit ($0.02/$0.05 USD) - 2022/09/01 17:34:18 PT [2022/09/01 20:34:18 ET]
Table 'Scania' 9-max Seat #5 is the button
Seat 1: mumisber ($1.90 in chips) 
Seat 2: Dorex2007 ($5.48 in chips) 
Seat 3: Glaucou ($5 in chips) 
Seat 4: acsalex1994 ($1.78 in chips) 
Seat 5: cubicroot ($5.71 in chips) 
Seat 6: Bamalam369 ($4.54 in chips) 
Seat 7: EMAZC07 ($5 in chips) 
Seat 8: T-Bone881969 ($5.85 in chips) 
Seat 9: mullski326 ($8.10 in chips) 
Bamalam369: posts small blind $0.02
EMAZC07: posts big blind $0.05
*** HOLE CARDS ***
Dealt to Dorex2007 [2d 5c]
T-Bone881969: folds 
mullski326: folds 
mumisber: folds 
Dorex2007: folds 
Glaucou: folds 
acsalex1994: calls $0.05
cubicroot has timed out
cubicroot: folds 
Bamalam369: calls $0.03
EMAZC07: checks 
*** FLOP *** [Qh Kc 3h]
Bamalam369: checks 
EMAZC07: checks 
acsalex1994: checks 
*** TURN *** [Qh Kc 3h] [4s]
Bamalam369: checks 
EMAZC07: checks 
acsalex1994: checks 
*** RIVER *** [Qh Kc 3h 4s] [Th]
Bamalam369: bets $0.10
EMAZC07: folds 
acsalex1994: folds 
Uncalled bet ($0.10) returned to Bamalam369
Bamalam369 collected $0.14 from pot
*** SUMMARY ***
Total pot $0.15 | Rake $0.01 
Board [Qh Kc 3h 4s Th]
Seat 1: mumisber folded before Flop (didn't bet)
Seat 2: Dorex2007 folded before Flop (didn't bet)
Seat 3: Glaucou folded before Flop (didn't bet)
Seat 4: acsalex1994 folded on the River
Seat 5: cubicroot (button) folded before Flop (didn't bet)
Seat 6: Bamalam369 (small blind) collected ($0.14)
Seat 7: EMAZC07 (big blind) folded on the River
Seat 8: T-Bone881969 folded before Flop (didn't bet)
Seat 9: mullski326 folded before Flop (didn't bet)



PokerStars Hand #238359300050:  Hold'em No Limit ($0.02/$0.05 USD) - 2022/09/01 17:35:08 PT [2022/09/01 20:35:08 ET]
Table 'Scania' 9-max Seat #6 is the button
Seat 1: mumisber ($1.90 in chips) 
Seat 2: Dorex2007 ($5.48 in chips) 
Seat 3: Glaucou ($5 in chips) 
Seat 4: acsalex1994 ($1.73 in chips) 
Seat 5: cubicroot ($5.71 in chips) 
Seat 6: Bamalam369 ($4.63 in chips) 
Seat 7: EMAZC07 ($5 in chips) 
Seat 8: T-Bone881969 ($5.85 in chips) 
Seat 9: mullski326 ($8.10 in chips) 
EMAZC07: posts small blind $0.02
T-Bone881969: posts big blind $0.05
*** HOLE CARDS ***
Dealt to Dorex2007 [5d Kc]
mullski326: calls $0.05
mumisber: folds 
Dorex2007: folds 
Glaucou: raises $0.08 to $0.13
acsalex1994: calls $0.13
cubicroot: folds 
Bamalam369: calls $0.13
EMAZC07: folds 
T-Bone881969: folds 
mullski326: calls $0.08
*** FLOP *** [5s 5c Th]
mullski326: checks 
Glaucou: checks 
acsalex1994: checks 
Bamalam369: checks 
*** TURN *** [5s 5c Th] [Qd]
mullski326: checks 
Glaucou: checks 
acsalex1994: checks 
Bamalam369: checks 
*** RIVER *** [5s 5c Th Qd] [2h]
mullski326: checks 
Glaucou: checks 
acsalex1994: checks 
Bamalam369: checks 
*** SHOW DOWN ***
mullski326: shows [Jd Kd] (a pair of Fives)
Glaucou: shows [6c 6d] (two pair, Sixes and Fives)
acsalex1994: mucks hand 
Bamalam369: mucks hand 
Glaucou collected $0.57 from pot
*** SUMMARY ***
Total pot $0.59 | Rake $0.02 
Board [5s 5c Th Qd 2h]
Seat 1: mumisber folded before Flop (didn't bet)
Seat 2: Dorex2007 folded before Flop (didn't bet)
Seat 3: Glaucou showed [6c 6d] and won ($0.57) with two pair, Sixes and Fives
Seat 4: acsalex1994 mucked [8h 9h]
Seat 5: cubicroot folded before Flop (didn't bet)
Seat 6: Bamalam369 (button) mucked [7h Ks]
Seat 7: EMAZC07 (small blind) folded before Flop
Seat 8: T-Bone881969 (big blind) folded before Flop
Seat 9: mullski326 showed [Jd Kd] and lost with a pair of Fives



PokerStars Hand #238359317454:  Hold'em No Limit ($0.02/$0.05 USD) - 2022/09/01 17:36:28 PT [2022/09/01 20:36:28 ET]
Table 'Scania' 9-max Seat #7 is the button
Seat 1: mumisber ($1.90 in chips) 
Seat 2: Dorex2007 ($5.48 in chips) 
Seat 3: Glaucou ($5.44 in chips) 
Seat 4: acsalex1994 ($1.60 in chips) 
Seat 5: cubicroot ($5.71 in chips) 
Seat 6: Bamalam369 ($4.50 in chips) 
Seat 7: EMAZC07 ($5 in chips) 
Seat 8: T-Bone881969 ($5.80 in chips) 
Seat 9: mullski326 ($7.97 in chips) 
T-Bone881969: posts small blind $0.02
mullski326: posts big blind $0.05
*** HOLE CARDS ***
Dealt to Dorex2007 [Js As]
mumisber: folds 
Dorex2007: raises $0.05 to $0.10
Glaucou: folds 
acsalex1994: folds 
cubicroot: folds 
Bamalam369: folds 
EMAZC07: folds 
T-Bone881969: folds 
mullski326: calls $0.05
*** FLOP *** [6d 2h 9c]
mullski326: checks 
Dorex2007: checks 
*** TURN *** [6d 2h 9c] [4d]
mullski326: checks 
Dorex2007: checks 
*** RIVER *** [6d 2h 9c 4d] [Ks]
mullski326: checks 
Dorex2007: checks 
*** SHOW DOWN ***
mullski326: shows [8s 5c] (high card King)
Dorex2007: shows [Js As] (high card Ace)
Dorex2007 collected $0.21 from pot
*** SUMMARY ***
Total pot $0.22 | Rake $0.01 
Board [6d 2h 9c 4d Ks]
Seat 1: mumisber folded before Flop (didn't bet)
Seat 2: Dorex2007 showed [Js As] and won ($0.21) with high card Ace
Seat 3: Glaucou folded before Flop (didn't bet)
Seat 4: acsalex1994 folded before Flop (didn't bet)
Seat 5: cubicroot folded before Flop (didn't bet)
Seat 6: Bamalam369 folded before Flop (didn't bet)
Seat 7: EMAZC07 (button) folded before Flop (didn't bet)
Seat 8: T-Bone881969 (small blind) folded before Flop
Seat 9: mullski326 (big blind) showed [8s 5c] and lost with high card King



PokerStars Hand #238359330752:  Hold'em No Limit ($0.02/$0.05 USD) - 2022/09/01 17:37:29 PT [2022/09/01 20:37:29 ET]
Table 'Scania' 9-max Seat #8 is the button
Seat 1: mumisber ($1.90 in chips) 
Seat 2: Dorex2007 ($5.59 in chips) 
Seat 3: Glaucou ($5.44 in chips) 
Seat 4: acsalex1994 ($1.60 in chips) 
Seat 5: cubicroot ($5.71 in chips) 
Seat 6: Bamalam369 ($4.50 in chips) 
Seat 7: EMAZC07 ($5 in chips) 
Seat 8: T-Bone881969 ($5.78 in chips) 
Seat 9: mullski326 ($7.87 in chips) 
mullski326: posts small blind $0.02
mumisber: posts big blind $0.05
*** HOLE CARDS ***
Dealt to Dorex2007 [Ad 9h]
Dorex2007: folds 
Glaucou: folds 
acsalex1994: raises $0.05 to $0.10
cubicroot: folds 
Bamalam369: calls $0.10
EMAZC07: folds 
T-Bone881969: calls $0.10
mullski326: folds 
mumisber: folds 
*** FLOP *** [5s Th 8c]
acsalex1994: bets $0.20
Bamalam369: folds 
T-Bone881969: raises $0.90 to $1.10
acsalex1994: folds 
Uncalled bet ($0.90) returned to T-Bone881969
T-Bone881969 collected $0.74 from pot
*** SUMMARY ***
Total pot $0.77 | Rake $0.03 
Board [5s Th 8c]
Seat 1: mumisber (big blind) folded before Flop
Seat 2: Dorex2007 folded before Flop (didn't bet)
Seat 3: Glaucou folded before Flop (didn't bet)
Seat 4: acsalex1994 folded on the Flop
Seat 5: cubicroot folded before Flop (didn't bet)
Seat 6: Bamalam369 folded on the Flop
Seat 7: EMAZC07 folded before Flop (didn't bet)
Seat 8: T-Bone881969 (button) collected ($0.74)
Seat 9: mullski326 (small blind) folded before Flop



