PokerStars Hand #238858505062:  Hold'em No Limit ($0.02/$0.05 USD) - 2022/09/25 10:07:21 PT [2022/09/25 13:07:21 ET]
Table 'Bussolini III' 9-max Seat #9 is the button
Seat 2: CutCut74 ($4.83 in chips) 
Seat 3: SUGARBOYKING ($4.90 in chips) 
Seat 7: Dorex2007 ($5 in chips) 
Seat 8: iggypop85 ($3.91 in chips) 
Seat 9: Marcus721637 ($5.31 in chips) 
CutCut74: posts small blind $0.02
SUGARBOYKING: posts big blind $0.05
twk7: sits out 
bjrtyuk: sits out 
Tony Rome180: sits out 
Dorex2007: posts big blind $0.05
*** HOLE CARDS ***
Dealt to Dorex2007 [Ah Kh]
Dorex2007: raises $0.10 to $0.15
iggypop85: folds 
Marcus721637: folds 
CutCut74: folds 
SUGARBOYKING: calls $0.10
*** FLOP *** [2d 2s 9s]
SUGARBOYKING: checks 
Dorex2007: checks 
*** TURN *** [2d 2s 9s] [7c]
SUGARBOYKING: checks 
Dorex2007: bets $0.15
SUGARBOYKING: calls $0.15
*** RIVER *** [2d 2s 9s 7c] [Qs]
SUGARBOYKING: checks 
Dorex2007: bets $0.29
SUGARBOYKING: folds 
Uncalled bet ($0.29) returned to Dorex2007
Dorex2007 collected $0.59 from pot
Dorex2007: doesn't show hand 
*** SUMMARY ***
Total pot $0.62 | Rake $0.03 
Board [2d 2s 9s 7c Qs]
Seat 2: CutCut74 (small blind) folded before Flop
Seat 3: SUGARBOYKING (big blind) folded on the River
Seat 7: Dorex2007 collected ($0.59)
Seat 8: iggypop85 folded before Flop (didn't bet)
Seat 9: Marcus721637 (button) folded before Flop (didn't bet)



PokerStars Hand #238858523870:  Hold'em No Limit ($0.02/$0.05 USD) - 2022/09/25 10:08:01 PT [2022/09/25 13:08:01 ET]
Table 'Bussolini III' 9-max Seat #2 is the button
Seat 2: CutCut74 ($4.81 in chips) 
Seat 3: SUGARBOYKING ($4.60 in chips) 
Seat 4: twk7 ($5 in chips) 
Seat 7: Dorex2007 ($5.29 in chips) 
Seat 8: iggypop85 ($3.91 in chips) 
Seat 9: Marcus721637 ($5.31 in chips) 
SUGARBOYKING: posts small blind $0.02
twk7: posts big blind $0.05
bjrtyuk: sits out 
Tony Rome180: sits out 
TrzymamKolo: sits out 
*** HOLE CARDS ***
Dealt to Dorex2007 [Kc 7d]
Dorex2007: folds 
iggypop85 has timed out
iggypop85: folds 
Marcus721637: folds 
CutCut74: folds 
SUGARBOYKING: calls $0.03
twk7: raises $0.10 to $0.15
SUGARBOYKING: raises $4.45 to $4.60 and is all-in
twk7: folds 
Uncalled bet ($4.45) returned to SUGARBOYKING
SUGARBOYKING collected $0.30 from pot
SUGARBOYKING: doesn't show hand 
*** SUMMARY ***
Total pot $0.30 | Rake $0 
Seat 2: CutCut74 (button) folded before Flop (didn't bet)
Seat 3: SUGARBOYKING (small blind) collected ($0.30)
Seat 4: twk7 (big blind) folded before Flop
Seat 7: Dorex2007 folded before Flop (didn't bet)
Seat 8: iggypop85 folded before Flop (didn't bet)
Seat 9: Marcus721637 folded before Flop (didn't bet)



PokerStars Hand #238858544738:  Hold'em No Limit ($0.02/$0.05 USD) - 2022/09/25 10:08:45 PT [2022/09/25 13:08:45 ET]
Table 'Bussolini III' 9-max Seat #3 is the button
Seat 2: CutCut74 ($4.81 in chips) 
Seat 3: SUGARBOYKING ($4.75 in chips) 
Seat 4: twk7 ($5 in chips) 
Seat 5: bjrtyuk ($5 in chips) 
Seat 7: Dorex2007 ($5.29 in chips) 
Seat 9: Marcus721637 ($5.31 in chips) 
twk7: posts small blind $0.02
bjrtyuk: posts big blind $0.05
Tony Rome180: sits out 
TrzymamKolo: sits out 
*** HOLE CARDS ***
Dealt to Dorex2007 [Kd 5h]
Dorex2007: folds 
Marcus721637: raises $0.07 to $0.12
CutCut74: folds 
SUGARBOYKING: folds 
twk7: folds 
bjrtyuk: folds 
Uncalled bet ($0.07) returned to Marcus721637
Marcus721637 collected $0.12 from pot
Marcus721637: doesn't show hand 
*** SUMMARY ***
Total pot $0.12 | Rake $0 
Seat 2: CutCut74 folded before Flop (didn't bet)
Seat 3: SUGARBOYKING (button) folded before Flop (didn't bet)
Seat 4: twk7 (small blind) folded before Flop
Seat 5: bjrtyuk (big blind) folded before Flop
Seat 7: Dorex2007 folded before Flop (didn't bet)
Seat 9: Marcus721637 collected ($0.12)



PokerStars Hand #238858553478:  Hold'em No Limit ($0.02/$0.05 USD) - 2022/09/25 10:09:04 PT [2022/09/25 13:09:04 ET]
Table 'Bussolini III' 9-max Seat #4 is the button
Seat 2: CutCut74 ($4.81 in chips) 
Seat 3: SUGARBOYKING ($4.75 in chips) 
Seat 4: twk7 ($5 in chips) 
Seat 5: bjrtyuk ($5 in chips) 
Seat 6: Tony Rome180 ($5 in chips) 
Seat 7: Dorex2007 ($5.29 in chips) 
Seat 8: iggypop85 ($3.91 in chips) 
Seat 9: Marcus721637 ($5.38 in chips) 
bjrtyuk: posts small blind $0.02
Tony Rome180: posts big blind $0.05
TrzymamKolo: sits out 
*** HOLE CARDS ***
Dealt to Dorex2007 [Qs Ad]
Dorex2007: raises $0.05 to $0.10
iggypop85: folds 
Marcus721637: folds 
CutCut74: folds 
SUGARBOYKING: folds 
twk7: folds 
bjrtyuk: folds 
Tony Rome180 is disconnected 
Tony Rome180 is connected 
Tony Rome180: folds 
Uncalled bet ($0.05) returned to Dorex2007
Dorex2007 collected $0.12 from pot
Dorex2007: doesn't show hand 
*** SUMMARY ***
Total pot $0.12 | Rake $0 
Seat 2: CutCut74 folded before Flop (didn't bet)
Seat 3: SUGARBOYKING folded before Flop (didn't bet)
Seat 4: twk7 (button) folded before Flop (didn't bet)
Seat 5: bjrtyuk (small blind) folded before Flop
Seat 6: Tony Rome180 (big blind) folded before Flop
Seat 7: Dorex2007 collected ($0.12)
Seat 8: iggypop85 folded before Flop (didn't bet)
Seat 9: Marcus721637 folded before Flop (didn't bet)



PokerStars Hand #238858567447:  Hold'em No Limit ($0.02/$0.05 USD) - 2022/09/25 10:09:33 PT [2022/09/25 13:09:33 ET]
Table 'Bussolini III' 9-max Seat #5 is the button
Seat 2: CutCut74 ($4.81 in chips) 
Seat 3: SUGARBOYKING ($4.75 in chips) 
Seat 4: twk7 ($5 in chips) 
Seat 5: bjrtyuk ($5 in chips) 
Seat 6: Tony Rome180 ($4.95 in chips) 
Seat 7: Dorex2007 ($5.36 in chips) 
Seat 8: iggypop85 ($3.91 in chips) 
Seat 9: Marcus721637 ($5.38 in chips) 
Tony Rome180: posts small blind $0.02
Dorex2007: posts big blind $0.05
TrzymamKolo: sits out 
*** HOLE CARDS ***
Dealt to Dorex2007 [Jc 4s]
iggypop85: folds 
Marcus721637: raises $0.07 to $0.12
CutCut74: folds 
SUGARBOYKING: calls $0.12
twk7: folds 
bjrtyuk: calls $0.12
Tony Rome180: folds 
Dorex2007: folds 
*** FLOP *** [Ac 9s Jh]
Marcus721637: checks 
SUGARBOYKING: checks 
bjrtyuk: checks 
*** TURN *** [Ac 9s Jh] [9d]
Marcus721637: bets $0.21
SUGARBOYKING: folds 
bjrtyuk: folds 
Uncalled bet ($0.21) returned to Marcus721637
Marcus721637 collected $0.41 from pot
Marcus721637: doesn't show hand 
*** SUMMARY ***
Total pot $0.43 | Rake $0.02 
Board [Ac 9s Jh 9d]
Seat 2: CutCut74 folded before Flop (didn't bet)
Seat 3: SUGARBOYKING folded on the Turn
Seat 4: twk7 folded before Flop (didn't bet)
Seat 5: bjrtyuk (button) folded on the Turn
Seat 6: Tony Rome180 (small blind) folded before Flop
Seat 7: Dorex2007 (big blind) folded before Flop
Seat 8: iggypop85 folded before Flop (didn't bet)
Seat 9: Marcus721637 collected ($0.41)



PokerStars Hand #238858585813:  Hold'em No Limit ($0.02/$0.05 USD) - 2022/09/25 10:10:12 PT [2022/09/25 13:10:12 ET]
Table 'Bussolini III' 9-max Seat #6 is the button
Seat 2: CutCut74 ($4.81 in chips) 
Seat 3: SUGARBOYKING ($4.63 in chips) 
Seat 4: twk7 ($5 in chips) 
Seat 5: bjrtyuk ($5 in chips) 
Seat 6: Tony Rome180 ($4.93 in chips) 
Seat 7: Dorex2007 ($5.31 in chips) 
Seat 8: iggypop85 ($3.91 in chips) 
Seat 9: Marcus721637 ($5.67 in chips) 
Dorex2007: posts small blind $0.02
iggypop85: posts big blind $0.05
TrzymamKolo: sits out 
*** HOLE CARDS ***
Dealt to Dorex2007 [Th 3d]
Marcus721637: folds 
CutCut74: raises $0.10 to $0.15
SUGARBOYKING: calls $0.15
twk7: folds 
bjrtyuk: folds 
Tony Rome180: folds 
Dorex2007: folds 
iggypop85: folds 
*** FLOP *** [3s Qh 5s]
CutCut74: checks 
SUGARBOYKING: checks 
*** TURN *** [3s Qh 5s] [Ac]
CutCut74: checks 
SUGARBOYKING: checks 
*** RIVER *** [3s Qh 5s Ac] [Js]
CutCut74: checks 
SUGARBOYKING: checks 
*** SHOW DOWN ***
CutCut74: shows [5h 8h] (a pair of Fives)
SUGARBOYKING: shows [2c Jc] (a pair of Jacks)
SUGARBOYKING collected $0.35 from pot
*** SUMMARY ***
Total pot $0.37 | Rake $0.02 
Board [3s Qh 5s Ac Js]
Seat 2: CutCut74 showed [5h 8h] and lost with a pair of Fives
Seat 3: SUGARBOYKING showed [2c Jc] and won ($0.35) with a pair of Jacks
Seat 4: twk7 folded before Flop (didn't bet)
Seat 5: bjrtyuk folded before Flop (didn't bet)
Seat 6: Tony Rome180 (button) folded before Flop (didn't bet)
Seat 7: Dorex2007 (small blind) folded before Flop
Seat 8: iggypop85 (big blind) folded before Flop
Seat 9: Marcus721637 folded before Flop (didn't bet)



PokerStars Hand #238858606950:  Hold'em No Limit ($0.02/$0.05 USD) - 2022/09/25 10:10:56 PT [2022/09/25 13:10:56 ET]
Table 'Bussolini III' 9-max Seat #7 is the button
Seat 2: CutCut74 ($4.66 in chips) 
Seat 3: SUGARBOYKING ($4.83 in chips) 
Seat 4: twk7 ($5 in chips) 
Seat 5: bjrtyuk ($5 in chips) 
Seat 6: Tony Rome180 ($4.93 in chips) 
Seat 7: Dorex2007 ($5.29 in chips) 
Seat 8: iggypop85 ($3.86 in chips) 
Seat 9: Marcus721637 ($5.67 in chips) 
iggypop85: posts small blind $0.02
Marcus721637: posts big blind $0.05
TrzymamKolo: sits out 
*** HOLE CARDS ***
Dealt to Dorex2007 [7d 9h]
CutCut74: raises $0.05 to $0.10
SUGARBOYKING: folds 
twk7: folds 
bjrtyuk: folds 
Tony Rome180: folds 
Dorex2007: folds 
iggypop85: folds 
Marcus721637: folds 
Uncalled bet ($0.05) returned to CutCut74
CutCut74 collected $0.12 from pot
*** SUMMARY ***
Total pot $0.12 | Rake $0 
Seat 2: CutCut74 collected ($0.12)
Seat 3: SUGARBOYKING folded before Flop (didn't bet)
Seat 4: twk7 folded before Flop (didn't bet)
Seat 5: bjrtyuk folded before Flop (didn't bet)
Seat 6: Tony Rome180 folded before Flop (didn't bet)
Seat 7: Dorex2007 (button) folded before Flop (didn't bet)
Seat 8: iggypop85 (small blind) folded before Flop
Seat 9: Marcus721637 (big blind) folded before Flop



PokerStars Hand #238858616747:  Hold'em No Limit ($0.02/$0.05 USD) - 2022/09/25 10:11:17 PT [2022/09/25 13:11:17 ET]
Table 'Bussolini III' 9-max Seat #8 is the button
Seat 1: TrzymamKolo ($5 in chips) 
Seat 2: CutCut74 ($4.73 in chips) 
Seat 3: SUGARBOYKING ($4.83 in chips) 
Seat 4: twk7 ($5 in chips) 
Seat 5: bjrtyuk ($5 in chips) 
Seat 6: Tony Rome180 ($4.93 in chips) 
Seat 7: Dorex2007 ($5.29 in chips) 
Seat 8: iggypop85 ($3.84 in chips) 
Seat 9: Marcus721637 ($5.62 in chips) 
Marcus721637: posts small blind $0.02
TrzymamKolo: posts big blind $0.05
*** HOLE CARDS ***
Dealt to Dorex2007 [3c 5s]
CutCut74: raises $0.05 to $0.10
iggypop85 is disconnected 
SUGARBOYKING: folds 
twk7: folds 
bjrtyuk: folds 
Tony Rome180: calls $0.10
Dorex2007: folds 
iggypop85 has timed out while disconnected
iggypop85: folds 
Marcus721637: folds 
TrzymamKolo: folds 
*** FLOP *** [Ad 9h Tc]
CutCut74: checks 
Tony Rome180: checks 
*** TURN *** [Ad 9h Tc] [Qh]
CutCut74: checks 
Tony Rome180: checks 
*** RIVER *** [Ad 9h Tc Qh] [2s]
CutCut74: checks 
Tony Rome180: checks 
*** SHOW DOWN ***
CutCut74: shows [7c Jc] (high card Ace)
Tony Rome180: shows [6c 6d] (a pair of Sixes)
Tony Rome180 collected $0.26 from pot
*** SUMMARY ***
Total pot $0.27 | Rake $0.01 
Board [Ad 9h Tc Qh 2s]
Seat 1: TrzymamKolo (big blind) folded before Flop
Seat 2: CutCut74 showed [7c Jc] and lost with high card Ace
Seat 3: SUGARBOYKING folded before Flop (didn't bet)
Seat 4: twk7 folded before Flop (didn't bet)
Seat 5: bjrtyuk folded before Flop (didn't bet)
Seat 6: Tony Rome180 showed [6c 6d] and won ($0.26) with a pair of Sixes
Seat 7: Dorex2007 folded before Flop (didn't bet)
Seat 8: iggypop85 (button) folded before Flop (didn't bet)
Seat 9: Marcus721637 (small blind) folded before Flop



PokerStars Hand #238858642067:  Hold'em No Limit ($0.02/$0.05 USD) - 2022/09/25 10:12:11 PT [2022/09/25 13:12:11 ET]
Table 'Bussolini III' 9-max Seat #9 is the button
Seat 1: TrzymamKolo ($5 in chips) 
Seat 2: CutCut74 ($4.63 in chips) 
Seat 3: SUGARBOYKING ($4.83 in chips) 
Seat 4: twk7 ($5 in chips) 
Seat 5: bjrtyuk ($5 in chips) 
Seat 6: Tony Rome180 ($5.09 in chips) 
Seat 7: Dorex2007 ($5.29 in chips) 
Seat 8: iggypop85 ($3.84 in chips) 
Seat 9: Marcus721637 ($5.60 in chips) 
TrzymamKolo: posts small blind $0.02
CutCut74: posts big blind $0.05
*** HOLE CARDS ***
Dealt to Dorex2007 [2s 6d]
SUGARBOYKING: calls $0.05
twk7: raises $0.20 to $0.25
bjrtyuk: folds 
Tony Rome180: folds 
Dorex2007: folds 
iggypop85: folds 
Marcus721637: folds 
TrzymamKolo: folds 
CutCut74: folds 
SUGARBOYKING: folds 
Uncalled bet ($0.20) returned to twk7
twk7 collected $0.17 from pot
*** SUMMARY ***
Total pot $0.17 | Rake $0 
Seat 1: TrzymamKolo (small blind) folded before Flop
Seat 2: CutCut74 (big blind) folded before Flop
Seat 3: SUGARBOYKING folded before Flop
Seat 4: twk7 collected ($0.17)
Seat 5: bjrtyuk folded before Flop (didn't bet)
Seat 6: Tony Rome180 folded before Flop (didn't bet)
Seat 7: Dorex2007 folded before Flop (didn't bet)
Seat 8: iggypop85 folded before Flop (didn't bet)
Seat 9: Marcus721637 (button) folded before Flop (didn't bet)



PokerStars Hand #238858657207:  Hold'em No Limit ($0.02/$0.05 USD) - 2022/09/25 10:12:43 PT [2022/09/25 13:12:43 ET]
Table 'Bussolini III' 9-max Seat #1 is the button
Seat 1: TrzymamKolo ($5 in chips) 
Seat 2: CutCut74 ($4.58 in chips) 
Seat 3: SUGARBOYKING ($4.78 in chips) 
Seat 4: twk7 ($5.12 in chips) 
Seat 5: bjrtyuk ($5 in chips) 
Seat 6: Tony Rome180 ($5.09 in chips) 
Seat 7: Dorex2007 ($5.29 in chips) 
Seat 8: iggypop85 ($3.84 in chips) 
Seat 9: Marcus721637 ($5.60 in chips) 
CutCut74: posts small blind $0.02
SUGARBOYKING: posts big blind $0.05
*** HOLE CARDS ***
Dealt to Dorex2007 [As 8d]
twk7: folds 
bjrtyuk: folds 
Tony Rome180: folds 
Dorex2007: folds 
iggypop85: folds 
Marcus721637: folds 
TrzymamKolo: raises $0.10 to $0.15
CutCut74: calls $0.13
SUGARBOYKING: folds 
*** FLOP *** [3d 8c Ah]
CutCut74: checks 
TrzymamKolo: checks 
*** TURN *** [3d 8c Ah] [Jh]
CutCut74: checks 
TrzymamKolo: checks 
*** RIVER *** [3d 8c Ah Jh] [Ad]
CutCut74: checks 
TrzymamKolo: checks 
*** SHOW DOWN ***
CutCut74: shows [4d 2d] (a pair of Aces)
TrzymamKolo: shows [7c 6c] (a pair of Aces - Jack+Eight+Seven kicker)
TrzymamKolo collected $0.34 from pot
*** SUMMARY ***
Total pot $0.35 | Rake $0.01 
Board [3d 8c Ah Jh Ad]
Seat 1: TrzymamKolo (button) showed [7c 6c] and won ($0.34) with a pair of Aces
Seat 2: CutCut74 (small blind) showed [4d 2d] and lost with a pair of Aces
Seat 3: SUGARBOYKING (big blind) folded before Flop
Seat 4: twk7 folded before Flop (didn't bet)
Seat 5: bjrtyuk folded before Flop (didn't bet)
Seat 6: Tony Rome180 folded before Flop (didn't bet)
Seat 7: Dorex2007 folded before Flop (didn't bet)
Seat 8: iggypop85 folded before Flop (didn't bet)
Seat 9: Marcus721637 folded before Flop (didn't bet)



PokerStars Hand #238858678953:  Hold'em No Limit ($0.02/$0.05 USD) - 2022/09/25 10:13:29 PT [2022/09/25 13:13:29 ET]
Table 'Bussolini III' 9-max Seat #2 is the button
Seat 1: TrzymamKolo ($5.19 in chips) 
Seat 2: CutCut74 ($4.43 in chips) 
Seat 3: SUGARBOYKING ($4.73 in chips) 
Seat 4: twk7 ($5.12 in chips) 
Seat 5: bjrtyuk ($5 in chips) 
Seat 6: Tony Rome180 ($5.09 in chips) 
Seat 7: Dorex2007 ($5.29 in chips) 
Seat 8: iggypop85 ($3.84 in chips) 
Seat 9: Marcus721637 ($5.60 in chips) 
SUGARBOYKING: posts small blind $0.02
twk7: posts big blind $0.05
*** HOLE CARDS ***
Dealt to Dorex2007 [3d Th]
bjrtyuk: folds 
Tony Rome180: folds 
Dorex2007: folds 
iggypop85: folds 
Marcus721637: folds 
TrzymamKolo: folds 
CutCut74: raises $0.10 to $0.15
SUGARBOYKING: calls $0.13
twk7: folds 
*** FLOP *** [Ah Ad 9h]
SUGARBOYKING: checks 
CutCut74: checks 
*** TURN *** [Ah Ad 9h] [Jd]
SUGARBOYKING: checks 
CutCut74: bets $0.10
SUGARBOYKING: calls $0.10
*** RIVER *** [Ah Ad 9h Jd] [Qc]
SUGARBOYKING: checks 
CutCut74: bets $0.20
SUGARBOYKING: calls $0.20
*** SHOW DOWN ***
CutCut74: shows [Ac 6s] (three of a kind, Aces)
SUGARBOYKING: mucks hand 
CutCut74 collected $0.91 from pot
*** SUMMARY ***
Total pot $0.95 | Rake $0.04 
Board [Ah Ad 9h Jd Qc]
Seat 1: TrzymamKolo folded before Flop (didn't bet)
Seat 2: CutCut74 (button) showed [Ac 6s] and won ($0.91) with three of a kind, Aces
Seat 3: SUGARBOYKING (small blind) mucked [Qh 8h]
Seat 4: twk7 (big blind) folded before Flop
Seat 5: bjrtyuk folded before Flop (didn't bet)
Seat 6: Tony Rome180 folded before Flop (didn't bet)
Seat 7: Dorex2007 folded before Flop (didn't bet)
Seat 8: iggypop85 folded before Flop (didn't bet)
Seat 9: Marcus721637 folded before Flop (didn't bet)



PokerStars Hand #238858704769:  Hold'em No Limit ($0.02/$0.05 USD) - 2022/09/25 10:14:24 PT [2022/09/25 13:14:24 ET]
Table 'Bussolini III' 9-max Seat #3 is the button
Seat 1: TrzymamKolo ($5.19 in chips) 
Seat 2: CutCut74 ($4.89 in chips) 
Seat 3: SUGARBOYKING ($4.28 in chips) 
Seat 4: twk7 ($5.07 in chips) 
Seat 5: bjrtyuk ($5 in chips) 
Seat 6: Tony Rome180 ($5.09 in chips) 
Seat 7: Dorex2007 ($5.29 in chips) 
Seat 8: iggypop85 ($3.84 in chips) 
Seat 9: Marcus721637 ($5.60 in chips) 
twk7: posts small blind $0.02
bjrtyuk: posts big blind $0.05
*** HOLE CARDS ***
Dealt to Dorex2007 [7d Kd]
Tony Rome180: folds 
Dorex2007: folds 
iggypop85: folds 
Marcus721637: folds 
TrzymamKolo: folds 
CutCut74: raises $0.10 to $0.15
SUGARBOYKING: calls $0.15
twk7: folds 
bjrtyuk: folds 
*** FLOP *** [2c Kc As]
CutCut74: checks 
SUGARBOYKING: checks 
*** TURN *** [2c Kc As] [4h]
CutCut74: bets $0.15
SUGARBOYKING: folds 
Uncalled bet ($0.15) returned to CutCut74
CutCut74 collected $0.35 from pot
*** SUMMARY ***
Total pot $0.37 | Rake $0.02 
Board [2c Kc As 4h]
Seat 1: TrzymamKolo folded before Flop (didn't bet)
Seat 2: CutCut74 collected ($0.35)
Seat 3: SUGARBOYKING (button) folded on the Turn
Seat 4: twk7 (small blind) folded before Flop
Seat 5: bjrtyuk (big blind) folded before Flop
Seat 6: Tony Rome180 folded before Flop (didn't bet)
Seat 7: Dorex2007 folded before Flop (didn't bet)
Seat 8: iggypop85 folded before Flop (didn't bet)
Seat 9: Marcus721637 folded before Flop (didn't bet)



PokerStars Hand #238858726353:  Hold'em No Limit ($0.02/$0.05 USD) - 2022/09/25 10:15:10 PT [2022/09/25 13:15:10 ET]
Table 'Bussolini III' 9-max Seat #4 is the button
Seat 1: TrzymamKolo ($5.19 in chips) 
Seat 2: CutCut74 ($5.09 in chips) 
Seat 3: SUGARBOYKING ($4.13 in chips) 
Seat 4: twk7 ($5.05 in chips) 
Seat 5: bjrtyuk ($5 in chips) 
Seat 6: Tony Rome180 ($5.09 in chips) 
Seat 7: Dorex2007 ($5.29 in chips) 
Seat 8: iggypop85 ($3.84 in chips) 
Seat 9: Marcus721637 ($5.60 in chips) 
bjrtyuk: posts small blind $0.02
Tony Rome180: posts big blind $0.05
*** HOLE CARDS ***
Dealt to Dorex2007 [As 3h]
Dorex2007: folds 
iggypop85: folds 
Marcus721637: folds 
TrzymamKolo: folds 
CutCut74: folds 
SUGARBOYKING: folds 
twk7: folds 
bjrtyuk: raises $0.10 to $0.15
Tony Rome180: calls $0.10
*** FLOP *** [Ts Tc Js]
bjrtyuk: checks 
Tony Rome180: bets $0.29
bjrtyuk: folds 
Uncalled bet ($0.29) returned to Tony Rome180
Tony Rome180 collected $0.29 from pot
*** SUMMARY ***
Total pot $0.30 | Rake $0.01 
Board [Ts Tc Js]
Seat 1: TrzymamKolo folded before Flop (didn't bet)
Seat 2: CutCut74 folded before Flop (didn't bet)
Seat 3: SUGARBOYKING folded before Flop (didn't bet)
Seat 4: twk7 (button) folded before Flop (didn't bet)
Seat 5: bjrtyuk (small blind) folded on the Flop
Seat 6: Tony Rome180 (big blind) collected ($0.29)
Seat 7: Dorex2007 folded before Flop (didn't bet)
Seat 8: iggypop85 folded before Flop (didn't bet)
Seat 9: Marcus721637 folded before Flop (didn't bet)



PokerStars Hand #238858739906:  Hold'em No Limit ($0.02/$0.05 USD) - 2022/09/25 10:15:39 PT [2022/09/25 13:15:39 ET]
Table 'Bussolini III' 9-max Seat #5 is the button
Seat 1: TrzymamKolo ($5.19 in chips) 
Seat 2: CutCut74 ($5.09 in chips) 
Seat 4: twk7 ($5.05 in chips) 
Seat 5: bjrtyuk ($5 in chips) 
Seat 6: Tony Rome180 ($5.23 in chips) 
Seat 7: Dorex2007 ($5.29 in chips) 
Seat 8: iggypop85 ($3.84 in chips) 
Seat 9: Marcus721637 ($5.60 in chips) 
Tony Rome180: posts small blind $0.02
Dorex2007: posts big blind $0.05
*** HOLE CARDS ***
Dealt to Dorex2007 [Th 3d]
iggypop85: folds 
Marcus721637: folds 
TrzymamKolo: folds 
CutCut74: calls $0.05
twk7: folds 
bjrtyuk: folds 
Tony Rome180: folds 
Dorex2007: checks 
*** FLOP *** [6s 5d As]
Dorex2007: checks 
CutCut74: bets $0.05
Dorex2007: folds 
Uncalled bet ($0.05) returned to CutCut74
CutCut74 collected $0.12 from pot
SUGARBOYKING leaves the table
*** SUMMARY ***
Total pot $0.12 | Rake $0 
Board [6s 5d As]
Seat 1: TrzymamKolo folded before Flop (didn't bet)
Seat 2: CutCut74 collected ($0.12)
Seat 4: twk7 folded before Flop (didn't bet)
Seat 5: bjrtyuk (button) folded before Flop (didn't bet)
Seat 6: Tony Rome180 (small blind) folded before Flop
Seat 7: Dorex2007 (big blind) folded on the Flop
Seat 8: iggypop85 folded before Flop (didn't bet)
Seat 9: Marcus721637 folded before Flop (didn't bet)



PokerStars Hand #238858754278:  Hold'em No Limit ($0.02/$0.05 USD) - 2022/09/25 10:16:09 PT [2022/09/25 13:16:09 ET]
Table 'Bussolini III' 9-max Seat #6 is the button
Seat 1: TrzymamKolo ($5.19 in chips) 
Seat 2: CutCut74 ($5.16 in chips) 
Seat 4: twk7 ($5.05 in chips) 
Seat 5: bjrtyuk ($5 in chips) 
Seat 6: Tony Rome180 ($5.21 in chips) 
Seat 7: Dorex2007 ($5.24 in chips) 
Seat 8: iggypop85 ($3.84 in chips) 
Seat 9: Marcus721637 ($5.60 in chips) 
Dorex2007: posts small blind $0.02
iggypop85: posts big blind $0.05
*** HOLE CARDS ***
Dealt to Dorex2007 [Th Qd]
Marcus721637: folds 
TrzymamKolo: folds 
CutCut74: calls $0.05
twk7: folds 
bjrtyuk: folds 
Tony Rome180: folds 
Marcus721637 leaves the table
Dorex2007: raises $0.10 to $0.15
iggypop85: folds 
CutCut74: calls $0.10
*** FLOP *** [6h Jd 4s]
Dorex2007: bets $0.17
CutCut74: folds 
Uncalled bet ($0.17) returned to Dorex2007
Dorex2007 collected $0.34 from pot
Dorex2007: doesn't show hand 
*** SUMMARY ***
Total pot $0.35 | Rake $0.01 
Board [6h Jd 4s]
Seat 1: TrzymamKolo folded before Flop (didn't bet)
Seat 2: CutCut74 folded on the Flop
Seat 4: twk7 folded before Flop (didn't bet)
Seat 5: bjrtyuk folded before Flop (didn't bet)
Seat 6: Tony Rome180 (button) folded before Flop (didn't bet)
Seat 7: Dorex2007 (small blind) collected ($0.34)
Seat 8: iggypop85 (big blind) folded before Flop
Seat 9: Marcus721637 folded before Flop (didn't bet)



PokerStars Hand #238858770789:  Hold'em No Limit ($0.02/$0.05 USD) - 2022/09/25 10:16:44 PT [2022/09/25 13:16:44 ET]
Table 'Bussolini III' 9-max Seat #7 is the button
Seat 1: TrzymamKolo ($5.19 in chips) 
Seat 2: CutCut74 ($5.01 in chips) 
Seat 4: twk7 ($5.05 in chips) 
Seat 5: bjrtyuk ($5 in chips) 
Seat 6: Tony Rome180 ($5.21 in chips) 
Seat 7: Dorex2007 ($5.43 in chips) 
Seat 8: iggypop85 ($3.79 in chips) 
iggypop85: posts small blind $0.02
TrzymamKolo: posts big blind $0.05
*** HOLE CARDS ***
Dealt to Dorex2007 [8d 7s]
CutCut74: raises $0.05 to $0.10
twk7: folds 
bjrtyuk: folds 
Tony Rome180: folds 
Dorex2007: folds 
iggypop85: folds 
iggypop85 is disconnected 
TrzymamKolo: folds 
Uncalled bet ($0.05) returned to CutCut74
CutCut74 collected $0.12 from pot
*** SUMMARY ***
Total pot $0.12 | Rake $0 
Seat 1: TrzymamKolo (big blind) folded before Flop
Seat 2: CutCut74 collected ($0.12)
Seat 4: twk7 folded before Flop (didn't bet)
Seat 5: bjrtyuk folded before Flop (didn't bet)
Seat 6: Tony Rome180 folded before Flop (didn't bet)
Seat 7: Dorex2007 (button) folded before Flop (didn't bet)
Seat 8: iggypop85 (small blind) folded before Flop



PokerStars Hand #238858779709:  Hold'em No Limit ($0.02/$0.05 USD) - 2022/09/25 10:17:03 PT [2022/09/25 13:17:03 ET]
Table 'Bussolini III' 9-max Seat #8 is the button
Seat 1: TrzymamKolo ($5.14 in chips) 
Seat 2: CutCut74 ($5.08 in chips) 
Seat 4: twk7 ($5.05 in chips) 
Seat 5: bjrtyuk ($5 in chips) 
Seat 6: Tony Rome180 ($5.21 in chips) 
Seat 7: Dorex2007 ($5.43 in chips) 
Seat 8: iggypop85 ($3.77 in chips) 
TrzymamKolo: posts small blind $0.02
CutCut74: posts big blind $0.05
*** HOLE CARDS ***
Dealt to Dorex2007 [6c Kc]
twk7: folds 
bjrtyuk: folds 
Tony Rome180: folds 
Dorex2007: folds 
iggypop85 has timed out while disconnected
iggypop85: folds 
TrzymamKolo: calls $0.03
CutCut74: checks 
*** FLOP *** [5s 8c Th]
TrzymamKolo: checks 
CutCut74: checks 
*** TURN *** [5s 8c Th] [Js]
TrzymamKolo: checks 
CutCut74: checks 
*** RIVER *** [5s 8c Th Js] [Jh]
TrzymamKolo: checks 
CutCut74: checks 
*** SHOW DOWN ***
TrzymamKolo: shows [5d As] (two pair, Jacks and Fives)
CutCut74: shows [4c 8s] (two pair, Jacks and Eights)
CutCut74 collected $0.10 from pot
*** SUMMARY ***
Total pot $0.10 | Rake $0 
Board [5s 8c Th Js Jh]
Seat 1: TrzymamKolo (small blind) showed [5d As] and lost with two pair, Jacks and Fives
Seat 2: CutCut74 (big blind) showed [4c 8s] and won ($0.10) with two pair, Jacks and Eights
Seat 4: twk7 folded before Flop (didn't bet)
Seat 5: bjrtyuk folded before Flop (didn't bet)
Seat 6: Tony Rome180 folded before Flop (didn't bet)
Seat 7: Dorex2007 folded before Flop (didn't bet)
Seat 8: iggypop85 (button) folded before Flop (didn't bet)



PokerStars Hand #238858804503:  Hold'em No Limit ($0.02/$0.05 USD) - 2022/09/25 10:17:56 PT [2022/09/25 13:17:56 ET]
Table 'Bussolini III' 9-max Seat #1 is the button
Seat 1: TrzymamKolo ($5.09 in chips) 
Seat 2: CutCut74 ($5.13 in chips) 
Seat 4: twk7 ($5.05 in chips) 
Seat 5: bjrtyuk ($5 in chips) 
Seat 6: Tony Rome180 ($5.21 in chips) 
Seat 7: Dorex2007 ($5.43 in chips) 
Seat 8: iggypop85 ($3.77 in chips) 
CutCut74: posts small blind $0.02
twk7: posts big blind $0.05
*** HOLE CARDS ***
Dealt to Dorex2007 [2d Ks]
bjrtyuk: folds 
Tony Rome180: folds 
Dorex2007: folds 
iggypop85: folds 
TrzymamKolo: folds 
CutCut74: folds 
Uncalled bet ($0.03) returned to twk7
twk7 collected $0.04 from pot
*** SUMMARY ***
Total pot $0.04 | Rake $0 
Seat 1: TrzymamKolo (button) folded before Flop (didn't bet)
Seat 2: CutCut74 (small blind) folded before Flop
Seat 4: twk7 (big blind) collected ($0.04)
Seat 5: bjrtyuk folded before Flop (didn't bet)
Seat 6: Tony Rome180 folded before Flop (didn't bet)
Seat 7: Dorex2007 folded before Flop (didn't bet)
Seat 8: iggypop85 folded before Flop (didn't bet)



PokerStars Hand #238858810144:  Hold'em No Limit ($0.02/$0.05 USD) - 2022/09/25 10:18:08 PT [2022/09/25 13:18:08 ET]
Table 'Bussolini III' 9-max Seat #2 is the button
Seat 1: TrzymamKolo ($5.09 in chips) 
Seat 2: CutCut74 ($5.11 in chips) 
Seat 4: twk7 ($5.07 in chips) 
Seat 5: bjrtyuk ($5 in chips) 
Seat 6: Tony Rome180 ($5.21 in chips) 
Seat 7: Dorex2007 ($5.43 in chips) 
Seat 8: iggypop85 ($3.77 in chips) 
twk7: posts small blind $0.02
bjrtyuk: posts big blind $0.05
*** HOLE CARDS ***
Dealt to Dorex2007 [4h 2c]
Tony Rome180: raises $0.10 to $0.15
Dorex2007: folds 
iggypop85: folds 
TrzymamKolo: folds 
lukeyb0y1992 joins the table at seat #9 
CutCut74: calls $0.15
twk7: folds 
bjrtyuk: folds 
*** FLOP *** [Th 6h 4s]
Tony Rome180: bets $5.06 and is all-in
CutCut74: folds 
Uncalled bet ($5.06) returned to Tony Rome180
Tony Rome180 collected $0.35 from pot
*** SUMMARY ***
Total pot $0.37 | Rake $0.02 
Board [Th 6h 4s]
Seat 1: TrzymamKolo folded before Flop (didn't bet)
Seat 2: CutCut74 (button) folded on the Flop
Seat 4: twk7 (small blind) folded before Flop
Seat 5: bjrtyuk (big blind) folded before Flop
Seat 6: Tony Rome180 collected ($0.35)
Seat 7: Dorex2007 folded before Flop (didn't bet)
Seat 8: iggypop85 folded before Flop (didn't bet)



PokerStars Hand #238858824478:  Hold'em No Limit ($0.02/$0.05 USD) - 2022/09/25 10:18:38 PT [2022/09/25 13:18:38 ET]
Table 'Bussolini III' 9-max Seat #4 is the button
Seat 1: TrzymamKolo ($5.09 in chips) 
Seat 2: CutCut74 ($4.96 in chips) 
Seat 4: twk7 ($5.05 in chips) 
Seat 5: bjrtyuk ($5 in chips) 
Seat 6: Tony Rome180 ($5.41 in chips) 
Seat 7: Dorex2007 ($5.43 in chips) 
Seat 8: iggypop85 ($3.77 in chips) 
bjrtyuk: posts small blind $0.02
Tony Rome180: posts big blind $0.05
lukeyb0y1992: sits out 
*** HOLE CARDS ***
Dealt to Dorex2007 [7d 2d]
Dorex2007: folds 
iggypop85: raises $0.10 to $0.15
TrzymamKolo: folds 
CutCut74: folds 
twk7: folds 
bjrtyuk: folds 
Tony Rome180: folds 
Uncalled bet ($0.10) returned to iggypop85
iggypop85 collected $0.12 from pot
*** SUMMARY ***
Total pot $0.12 | Rake $0 
Seat 1: TrzymamKolo folded before Flop (didn't bet)
Seat 2: CutCut74 folded before Flop (didn't bet)
Seat 4: twk7 (button) folded before Flop (didn't bet)
Seat 5: bjrtyuk (small blind) folded before Flop
Seat 6: Tony Rome180 (big blind) folded before Flop
Seat 7: Dorex2007 folded before Flop (didn't bet)
Seat 8: iggypop85 collected ($0.12)



PokerStars Hand #238858832114:  Hold'em No Limit ($0.02/$0.05 USD) - 2022/09/25 10:18:54 PT [2022/09/25 13:18:54 ET]
Table 'Bussolini III' 9-max Seat #5 is the button
Seat 1: TrzymamKolo ($5.09 in chips) 
Seat 2: CutCut74 ($4.96 in chips) 
Seat 4: twk7 ($5.05 in chips) 
Seat 5: bjrtyuk ($5 in chips) 
Seat 6: Tony Rome180 ($5.36 in chips) 
Seat 7: Dorex2007 ($5.43 in chips) 
Seat 8: iggypop85 ($3.84 in chips) 
Tony Rome180: posts small blind $0.02
Dorex2007: posts big blind $0.05
lukeyb0y1992: sits out 
*** HOLE CARDS ***
Dealt to Dorex2007 [Qc 6c]
iggypop85: folds 
TrzymamKolo: folds 
CutCut74: folds 
twk7: raises $0.10 to $0.15
bjrtyuk: folds 
Tony Rome180: folds 
Dorex2007: folds 
Uncalled bet ($0.10) returned to twk7
twk7 collected $0.12 from pot
*** SUMMARY ***
Total pot $0.12 | Rake $0 
Seat 1: TrzymamKolo folded before Flop (didn't bet)
Seat 2: CutCut74 folded before Flop (didn't bet)
Seat 4: twk7 collected ($0.12)
Seat 5: bjrtyuk (button) folded before Flop (didn't bet)
Seat 6: Tony Rome180 (small blind) folded before Flop
Seat 7: Dorex2007 (big blind) folded before Flop
Seat 8: iggypop85 folded before Flop (didn't bet)



PokerStars Hand #238858843861:  Hold'em No Limit ($0.02/$0.05 USD) - 2022/09/25 10:19:19 PT [2022/09/25 13:19:19 ET]
Table 'Bussolini III' 9-max Seat #6 is the button
Seat 1: TrzymamKolo ($5.09 in chips) 
Seat 2: CutCut74 ($4.96 in chips) 
Seat 4: twk7 ($5.12 in chips) 
Seat 5: bjrtyuk ($5 in chips) 
Seat 6: Tony Rome180 ($5.34 in chips) 
Seat 7: Dorex2007 ($5.38 in chips) 
Seat 8: iggypop85 ($3.84 in chips) 
Dorex2007: posts small blind $0.02
iggypop85: posts big blind $0.05
lukeyb0y1992: sits out 
*** HOLE CARDS ***
Dealt to Dorex2007 [Qh 6s]
TrzymamKolo: folds 
CutCut74: calls $0.05
FoxCocs joins the table at seat #3 
twk7: folds 
bjrtyuk: folds 
Tony Rome180: folds 
Dorex2007: folds 
iggypop85: checks 
*** FLOP *** [Kh Js Jd]
iggypop85: checks 
CutCut74: checks 
*** TURN *** [Kh Js Jd] [7h]
iggypop85: checks 
CutCut74: checks 
*** RIVER *** [Kh Js Jd 7h] [3h]
iggypop85: checks 
CutCut74: checks 
*** SHOW DOWN ***
iggypop85: shows [Qc 9s] (a pair of Jacks)
CutCut74: shows [Ah 2s] (a pair of Jacks - Ace kicker)
CutCut74 collected $0.12 from pot
*** SUMMARY ***
Total pot $0.12 | Rake $0 
Board [Kh Js Jd 7h 3h]
Seat 1: TrzymamKolo folded before Flop (didn't bet)
Seat 2: CutCut74 showed [Ah 2s] and won ($0.12) with a pair of Jacks
Seat 4: twk7 folded before Flop (didn't bet)
Seat 5: bjrtyuk folded before Flop (didn't bet)
Seat 6: Tony Rome180 (button) folded before Flop (didn't bet)
Seat 7: Dorex2007 (small blind) folded before Flop
Seat 8: iggypop85 (big blind) showed [Qc 9s] and lost with a pair of Jacks



PokerStars Hand #238858864699:  Hold'em No Limit ($0.02/$0.05 USD) - 2022/09/25 10:20:03 PT [2022/09/25 13:20:03 ET]
Table 'Bussolini III' 9-max Seat #7 is the button
Seat 1: TrzymamKolo ($5.09 in chips) 
Seat 2: CutCut74 ($5.03 in chips) 
Seat 3: FoxCocs ($4 in chips) 
Seat 4: twk7 ($5.12 in chips) 
Seat 5: bjrtyuk ($5 in chips) 
Seat 6: Tony Rome180 ($5.34 in chips) 
Seat 7: Dorex2007 ($5.36 in chips) 
Seat 8: iggypop85 ($3.79 in chips) 
Seat 9: lukeyb0y1992 ($3.47 in chips) 
iggypop85: posts small blind $0.02
lukeyb0y1992: posts big blind $0.05
FoxCocs: posts big blind $0.05
*** HOLE CARDS ***
Dealt to Dorex2007 [9h Kh]
TrzymamKolo: folds 
CutCut74: calls $0.05
FoxCocs: checks 
twk7: folds 
bjrtyuk: raises $0.21 to $0.26
Tony Rome180: folds 
Dorex2007: folds 
iggypop85: folds 
lukeyb0y1992: folds 
CutCut74: calls $0.21
FoxCocs: folds 
*** FLOP *** [Ts 4d 2c]
CutCut74: checks 
bjrtyuk: checks 
*** TURN *** [Ts 4d 2c] [4s]
CutCut74: checks 
bjrtyuk: checks 
*** RIVER *** [Ts 4d 2c 4s] [Ah]
CutCut74: bets $0.05
bjrtyuk: folds 
Uncalled bet ($0.05) returned to CutCut74
CutCut74 collected $0.61 from pot
*** SUMMARY ***
Total pot $0.64 | Rake $0.03 
Board [Ts 4d 2c 4s Ah]
Seat 1: TrzymamKolo folded before Flop (didn't bet)
Seat 2: CutCut74 collected ($0.61)
Seat 3: FoxCocs folded before Flop (didn't bet)
Seat 4: twk7 folded before Flop (didn't bet)
Seat 5: bjrtyuk folded on the River
Seat 6: Tony Rome180 folded before Flop (didn't bet)
Seat 7: Dorex2007 (button) folded before Flop (didn't bet)
Seat 8: iggypop85 (small blind) folded before Flop
Seat 9: lukeyb0y1992 (big blind) folded before Flop



PokerStars Hand #238858892228:  Hold'em No Limit ($0.02/$0.05 USD) - 2022/09/25 10:21:01 PT [2022/09/25 13:21:01 ET]
Table 'Bussolini III' 9-max Seat #8 is the button
Seat 1: TrzymamKolo ($5.09 in chips) 
Seat 2: CutCut74 ($5.38 in chips) 
Seat 3: FoxCocs ($3.95 in chips) 
Seat 4: twk7 ($5.12 in chips) 
Seat 5: bjrtyuk ($5 in chips) 
Seat 6: Tony Rome180 ($5.34 in chips) 
Seat 7: Dorex2007 ($5.36 in chips) 
Seat 8: iggypop85 ($3.77 in chips) 
Seat 9: lukeyb0y1992 ($3.42 in chips) 
lukeyb0y1992: posts small blind $0.02
TrzymamKolo: posts big blind $0.05
*** HOLE CARDS ***
Dealt to Dorex2007 [9d Jc]
CutCut74: calls $0.05
FoxCocs: calls $0.05
twk7: folds 
bjrtyuk: folds 
Tony Rome180: folds 
Dorex2007: folds 
iggypop85: calls $0.05
lukeyb0y1992: raises $0.10 to $0.15
TrzymamKolo: raises $0.45 to $0.60
CutCut74: folds 
FoxCocs: folds 
iggypop85: folds 
lukeyb0y1992: folds 
Uncalled bet ($0.45) returned to TrzymamKolo
TrzymamKolo collected $0.45 from pot
TrzymamKolo: doesn't show hand 
*** SUMMARY ***
Total pot $0.45 | Rake $0 
Seat 1: TrzymamKolo (big blind) collected ($0.45)
Seat 2: CutCut74 folded before Flop
Seat 3: FoxCocs folded before Flop
Seat 4: twk7 folded before Flop (didn't bet)
Seat 5: bjrtyuk folded before Flop (didn't bet)
Seat 6: Tony Rome180 folded before Flop (didn't bet)
Seat 7: Dorex2007 folded before Flop (didn't bet)
Seat 8: iggypop85 (button) folded before Flop
Seat 9: lukeyb0y1992 (small blind) folded before Flop



PokerStars Hand #238858914808:  Hold'em No Limit ($0.02/$0.05 USD) - 2022/09/25 10:21:49 PT [2022/09/25 13:21:49 ET]
Table 'Bussolini III' 9-max Seat #9 is the button
Seat 1: TrzymamKolo ($5.39 in chips) 
Seat 2: CutCut74 ($5.33 in chips) 
Seat 3: FoxCocs ($3.90 in chips) 
Seat 4: twk7 ($5.12 in chips) 
Seat 5: bjrtyuk ($5 in chips) 
Seat 6: Tony Rome180 ($5.34 in chips) 
Seat 7: Dorex2007 ($5.36 in chips) 
Seat 8: iggypop85 ($3.72 in chips) 
Seat 9: lukeyb0y1992 ($3.27 in chips) 
TrzymamKolo: posts small blind $0.02
CutCut74: posts big blind $0.05
*** HOLE CARDS ***
Dealt to Dorex2007 [3s 3c]
FoxCocs: calls $0.05
twk7: folds 
bjrtyuk: folds 
Tony Rome180: folds 
Dorex2007: raises $0.05 to $0.10
iggypop85: folds 
lukeyb0y1992: raises $0.05 to $0.15
TrzymamKolo: calls $0.13
CutCut74: calls $0.10
FoxCocs: calls $0.10
Dorex2007: calls $0.05
*** FLOP *** [5c Kc Ts]
TrzymamKolo: bets $0.47
CutCut74: folds 
FoxCocs: folds 
Dorex2007: folds 
iggypop85 is disconnected 
lukeyb0y1992: folds 
Uncalled bet ($0.47) returned to TrzymamKolo
TrzymamKolo collected $0.72 from pot
TrzymamKolo: doesn't show hand 
*** SUMMARY ***
Total pot $0.75 | Rake $0.03 
Board [5c Kc Ts]
Seat 1: TrzymamKolo (small blind) collected ($0.72)
Seat 2: CutCut74 (big blind) folded on the Flop
Seat 3: FoxCocs folded on the Flop
Seat 4: twk7 folded before Flop (didn't bet)
Seat 5: bjrtyuk folded before Flop (didn't bet)
Seat 6: Tony Rome180 folded before Flop (didn't bet)
Seat 7: Dorex2007 folded on the Flop
Seat 8: iggypop85 folded before Flop (didn't bet)
Seat 9: lukeyb0y1992 (button) folded on the Flop



PokerStars Hand #238858941072:  Hold'em No Limit ($0.02/$0.05 USD) - 2022/09/25 10:22:45 PT [2022/09/25 13:22:45 ET]
Table 'Bussolini III' 9-max Seat #1 is the button
Seat 1: TrzymamKolo ($5.96 in chips) 
Seat 2: CutCut74 ($5.18 in chips) 
Seat 3: FoxCocs ($3.75 in chips) 
Seat 4: twk7 ($5.12 in chips) 
Seat 5: bjrtyuk ($5 in chips) 
Seat 6: Tony Rome180 ($5.34 in chips) 
Seat 7: Dorex2007 ($5.21 in chips) 
Seat 8: iggypop85 ($3.72 in chips) 
Seat 9: lukeyb0y1992 ($3.12 in chips) 
CutCut74: posts small blind $0.02
FoxCocs: posts big blind $0.05
*** HOLE CARDS ***
Dealt to Dorex2007 [7d Jh]
twk7: folds 
bjrtyuk: folds 
Tony Rome180: folds 
Dorex2007: folds 
iggypop85: folds 
lukeyb0y1992: raises $0.10 to $0.15
TrzymamKolo: folds 
CutCut74: folds 
FoxCocs: calls $0.10
*** FLOP *** [4c 3s Jd]
FoxCocs: bets $0.05
lukeyb0y1992: calls $0.05
*** TURN *** [4c 3s Jd] [Ks]
FoxCocs: bets $0.05
lukeyb0y1992: calls $0.05
*** RIVER *** [4c 3s Jd Ks] [Qs]
FoxCocs: checks 
lukeyb0y1992: checks 
*** SHOW DOWN ***
FoxCocs: shows [5d 4s] (a pair of Fours)
lukeyb0y1992: mucks hand 
FoxCocs collected $0.50 from pot
*** SUMMARY ***
Total pot $0.52 | Rake $0.02 
Board [4c 3s Jd Ks Qs]
Seat 1: TrzymamKolo (button) folded before Flop (didn't bet)
Seat 2: CutCut74 (small blind) folded before Flop
Seat 3: FoxCocs (big blind) showed [5d 4s] and won ($0.50) with a pair of Fours
Seat 4: twk7 folded before Flop (didn't bet)
Seat 5: bjrtyuk folded before Flop (didn't bet)
Seat 6: Tony Rome180 folded before Flop (didn't bet)
Seat 7: Dorex2007 folded before Flop (didn't bet)
Seat 8: iggypop85 folded before Flop (didn't bet)
Seat 9: lukeyb0y1992 mucked [7h 6c]



PokerStars Hand #238858959653:  Hold'em No Limit ($0.02/$0.05 USD) - 2022/09/25 10:23:24 PT [2022/09/25 13:23:24 ET]
Table 'Bussolini III' 9-max Seat #2 is the button
Seat 1: TrzymamKolo ($5.96 in chips) 
Seat 2: CutCut74 ($5.16 in chips) 
Seat 3: FoxCocs ($4 in chips) 
Seat 4: twk7 ($5.12 in chips) 
Seat 5: bjrtyuk ($5 in chips) 
Seat 6: Tony Rome180 ($5.34 in chips) 
Seat 7: Dorex2007 ($5.21 in chips) 
Seat 8: iggypop85 ($3.72 in chips) 
Seat 9: lukeyb0y1992 ($2.87 in chips) 
FoxCocs: posts small blind $0.02
twk7: posts big blind $0.05
*** HOLE CARDS ***
Dealt to Dorex2007 [Kh Qh]
bjrtyuk: raises $0.10 to $0.15
Tony Rome180: folds 
Dorex2007: calls $0.15
iggypop85: folds 
lukeyb0y1992: calls $0.15
TrzymamKolo: folds 
CutCut74: folds 
FoxCocs: folds 
twk7: folds 
*** FLOP *** [5s 8s Jh]
bjrtyuk: checks 
Dorex2007: checks 
lukeyb0y1992: bets $0.23
bjrtyuk: folds 
Dorex2007: folds 
Uncalled bet ($0.23) returned to lukeyb0y1992
lukeyb0y1992 collected $0.50 from pot
lukeyb0y1992: doesn't show hand 
*** SUMMARY ***
Total pot $0.52 | Rake $0.02 
Board [5s 8s Jh]
Seat 1: TrzymamKolo folded before Flop (didn't bet)
Seat 2: CutCut74 (button) folded before Flop (didn't bet)
Seat 3: FoxCocs (small blind) folded before Flop
Seat 4: twk7 (big blind) folded before Flop
Seat 5: bjrtyuk folded on the Flop
Seat 6: Tony Rome180 folded before Flop (didn't bet)
Seat 7: Dorex2007 folded on the Flop
Seat 8: iggypop85 folded before Flop (didn't bet)
Seat 9: lukeyb0y1992 collected ($0.50)



PokerStars Hand #238858974749:  Hold'em No Limit ($0.02/$0.05 USD) - 2022/09/25 10:23:56 PT [2022/09/25 13:23:56 ET]
Table 'Bussolini III' 9-max Seat #3 is the button
Seat 1: TrzymamKolo ($5.96 in chips) 
Seat 2: CutCut74 ($5.16 in chips) 
Seat 3: FoxCocs ($3.98 in chips) 
Seat 4: twk7 ($5.07 in chips) 
Seat 5: bjrtyuk ($5 in chips) 
Seat 6: Tony Rome180 ($5.34 in chips) 
Seat 7: Dorex2007 ($5.06 in chips) 
Seat 8: iggypop85 ($3.72 in chips) 
Seat 9: lukeyb0y1992 ($3.22 in chips) 
twk7: posts small blind $0.02
bjrtyuk: posts big blind $0.05
*** HOLE CARDS ***
Dealt to Dorex2007 [6h 2c]
Tony Rome180: raises $0.05 to $0.10
Dorex2007: folds 
iggypop85: folds 
lukeyb0y1992: calls $0.10
TrzymamKolo: folds 
CutCut74: folds 
FoxCocs: calls $0.10
twk7: folds 
bjrtyuk: raises $0.60 to $0.70
Tony Rome180: calls $0.60
lukeyb0y1992: folds 
FoxCocs: calls $0.60
*** FLOP *** [Ah Qc 9h]
bjrtyuk: checks 
Tony Rome180: checks 
FoxCocs: bets $3.28 and is all-in
bjrtyuk: folds 
Tony Rome180: folds 
Uncalled bet ($3.28) returned to FoxCocs
FoxCocs collected $2.13 from pot
*** SUMMARY ***
Total pot $2.22 | Rake $0.09 
Board [Ah Qc 9h]
Seat 1: TrzymamKolo folded before Flop (didn't bet)
Seat 2: CutCut74 folded before Flop (didn't bet)
Seat 3: FoxCocs (button) collected ($2.13)
Seat 4: twk7 (small blind) folded before Flop
Seat 5: bjrtyuk (big blind) folded on the Flop
Seat 6: Tony Rome180 folded on the Flop
Seat 7: Dorex2007 folded before Flop (didn't bet)
Seat 8: iggypop85 folded before Flop (didn't bet)
Seat 9: lukeyb0y1992 folded before Flop



PokerStars Hand #238859007873:  Hold'em No Limit ($0.02/$0.05 USD) - 2022/09/25 10:25:06 PT [2022/09/25 13:25:06 ET]
Table 'Bussolini III' 9-max Seat #4 is the button
Seat 1: TrzymamKolo ($5.96 in chips) 
Seat 2: CutCut74 ($5.16 in chips) 
Seat 3: FoxCocs ($5.41 in chips) 
Seat 4: twk7 ($5.05 in chips) 
Seat 5: bjrtyuk ($5 in chips) 
Seat 6: Tony Rome180 ($4.64 in chips) 
Seat 7: Dorex2007 ($5.06 in chips) 
Seat 8: iggypop85 ($3.72 in chips) 
Seat 9: lukeyb0y1992 ($3.12 in chips) 
bjrtyuk: posts small blind $0.02
Tony Rome180: posts big blind $0.05
*** HOLE CARDS ***
Dealt to Dorex2007 [8h 9s]
Dorex2007: folds 
iggypop85: folds 
lukeyb0y1992: folds 
TrzymamKolo: folds 
CutCut74: folds 
FoxCocs: calls $0.05
twk7: folds 
bjrtyuk: folds 
Tony Rome180: checks 
*** FLOP *** [8c Ac Jd]
Tony Rome180: checks 
FoxCocs: checks 
*** TURN *** [8c Ac Jd] [Kh]
Tony Rome180: checks 
FoxCocs: checks 
*** RIVER *** [8c Ac Jd Kh] [8d]
Tony Rome180: checks 
FoxCocs: checks 
*** SHOW DOWN ***
Tony Rome180: shows [2c 7d] (a pair of Eights)
FoxCocs: shows [Ts 6c] (a pair of Eights)
Tony Rome180 collected $0.06 from pot
FoxCocs collected $0.06 from pot
*** SUMMARY ***
Total pot $0.12 | Rake $0 
Board [8c Ac Jd Kh 8d]
Seat 1: TrzymamKolo folded before Flop (didn't bet)
Seat 2: CutCut74 folded before Flop (didn't bet)
Seat 3: FoxCocs showed [Ts 6c] and won ($0.06) with a pair of Eights
Seat 4: twk7 (button) folded before Flop (didn't bet)
Seat 5: bjrtyuk (small blind) folded before Flop
Seat 6: Tony Rome180 (big blind) showed [2c 7d] and won ($0.06) with a pair of Eights
Seat 7: Dorex2007 folded before Flop (didn't bet)
Seat 8: iggypop85 folded before Flop (didn't bet)
Seat 9: lukeyb0y1992 folded before Flop (didn't bet)



PokerStars Hand #238859024820:  Hold'em No Limit ($0.02/$0.05 USD) - 2022/09/25 10:25:42 PT [2022/09/25 13:25:42 ET]
Table 'Bussolini III' 9-max Seat #5 is the button
Seat 1: TrzymamKolo ($5.96 in chips) 
Seat 2: CutCut74 ($5.16 in chips) 
Seat 3: FoxCocs ($5.42 in chips) 
Seat 4: twk7 ($5.05 in chips) 
Seat 5: bjrtyuk ($5 in chips) 
Seat 6: Tony Rome180 ($4.65 in chips) 
Seat 7: Dorex2007 ($5.06 in chips) 
Seat 8: iggypop85 ($3.72 in chips) 
Seat 9: lukeyb0y1992 ($3.12 in chips) 
Tony Rome180: posts small blind $0.02
Dorex2007: posts big blind $0.05
*** HOLE CARDS ***
Dealt to Dorex2007 [Jh 5s]
iggypop85: raises $0.10 to $0.15
lukeyb0y1992: folds 
TrzymamKolo: folds 
CutCut74: folds 
FoxCocs: calls $0.15
twk7: folds 
bjrtyuk: folds 
Tony Rome180: folds 
Dorex2007: folds 
*** FLOP *** [Qd Kd 2s]
iggypop85: checks 
FoxCocs: bets $0.40
iggypop85: folds 
Uncalled bet ($0.40) returned to FoxCocs
FoxCocs collected $0.35 from pot
*** SUMMARY ***
Total pot $0.37 | Rake $0.02 
Board [Qd Kd 2s]
Seat 1: TrzymamKolo folded before Flop (didn't bet)
Seat 2: CutCut74 folded before Flop (didn't bet)
Seat 3: FoxCocs collected ($0.35)
Seat 4: twk7 folded before Flop (didn't bet)
Seat 5: bjrtyuk (button) folded before Flop (didn't bet)
Seat 6: Tony Rome180 (small blind) folded before Flop
Seat 7: Dorex2007 (big blind) folded before Flop
Seat 8: iggypop85 folded on the Flop
Seat 9: lukeyb0y1992 folded before Flop (didn't bet)



PokerStars Hand #238859038120:  Hold'em No Limit ($0.02/$0.05 USD) - 2022/09/25 10:26:09 PT [2022/09/25 13:26:09 ET]
Table 'Bussolini III' 9-max Seat #6 is the button
Seat 1: TrzymamKolo ($5.96 in chips) 
Seat 2: CutCut74 ($5.16 in chips) 
Seat 3: FoxCocs ($5.62 in chips) 
Seat 4: twk7 ($5.05 in chips) 
Seat 5: bjrtyuk ($5 in chips) 
Seat 6: Tony Rome180 ($4.63 in chips) 
Seat 7: Dorex2007 ($5.01 in chips) 
Seat 8: iggypop85 ($3.57 in chips) 
Seat 9: lukeyb0y1992 ($3.12 in chips) 
Dorex2007: posts small blind $0.02
iggypop85: posts big blind $0.05
*** HOLE CARDS ***
Dealt to Dorex2007 [Tc 6c]
lukeyb0y1992: raises $0.10 to $0.15
TrzymamKolo: folds 
CutCut74: calls $0.15
FoxCocs: calls $0.15
twk7: folds 
bjrtyuk: folds 
Tony Rome180: folds 
Dorex2007: folds 
iggypop85: folds 
*** FLOP *** [3s 3h Jh]
lukeyb0y1992: bets $0.50
CutCut74: calls $0.50
FoxCocs: folds 
*** TURN *** [3s 3h Jh] [8c]
lukeyb0y1992: checks 
CutCut74: bets $0.30
lukeyb0y1992: folds 
Uncalled bet ($0.30) returned to CutCut74
CutCut74 collected $1.46 from pot
*** SUMMARY ***
Total pot $1.52 | Rake $0.06 
Board [3s 3h Jh 8c]
Seat 1: TrzymamKolo folded before Flop (didn't bet)
Seat 2: CutCut74 collected ($1.46)
Seat 3: FoxCocs folded on the Flop
Seat 4: twk7 folded before Flop (didn't bet)
Seat 5: bjrtyuk folded before Flop (didn't bet)
Seat 6: Tony Rome180 (button) folded before Flop (didn't bet)
Seat 7: Dorex2007 (small blind) folded before Flop
Seat 8: iggypop85 (big blind) folded before Flop
Seat 9: lukeyb0y1992 folded on the Turn



PokerStars Hand #238859066179:  Hold'em No Limit ($0.02/$0.05 USD) - 2022/09/25 10:27:08 PT [2022/09/25 13:27:08 ET]
Table 'Bussolini III' 9-max Seat #7 is the button
Seat 1: TrzymamKolo ($5.96 in chips) 
Seat 2: CutCut74 ($5.97 in chips) 
Seat 3: FoxCocs ($5.47 in chips) 
Seat 4: twk7 ($5.05 in chips) 
Seat 5: bjrtyuk ($5 in chips) 
Seat 6: Tony Rome180 ($4.63 in chips) 
Seat 7: Dorex2007 ($5 in chips) 
Seat 8: iggypop85 ($3.52 in chips) 
Seat 9: lukeyb0y1992 ($2.47 in chips) 
iggypop85: posts small blind $0.02
lukeyb0y1992: posts big blind $0.05
*** HOLE CARDS ***
Dealt to Dorex2007 [Ks 9c]
TrzymamKolo: folds 
CutCut74: raises $0.05 to $0.10
FoxCocs: calls $0.10
twk7: folds 
bjrtyuk: folds 
Tony Rome180: folds 
Dorex2007: folds 
iggypop85: folds 
lukeyb0y1992: folds 
*** FLOP *** [3d 9h 4d]
CutCut74: checks 
FoxCocs: bets $0.25
iggypop85 is disconnected 
CutCut74: folds 
Uncalled bet ($0.25) returned to FoxCocs
FoxCocs collected $0.26 from pot
*** SUMMARY ***
Total pot $0.27 | Rake $0.01 
Board [3d 9h 4d]
Seat 1: TrzymamKolo folded before Flop (didn't bet)
Seat 2: CutCut74 folded on the Flop
Seat 3: FoxCocs collected ($0.26)
Seat 4: twk7 folded before Flop (didn't bet)
Seat 5: bjrtyuk folded before Flop (didn't bet)
Seat 6: Tony Rome180 folded before Flop (didn't bet)
Seat 7: Dorex2007 (button) folded before Flop (didn't bet)
Seat 8: iggypop85 (small blind) folded before Flop
Seat 9: lukeyb0y1992 (big blind) folded before Flop



PokerStars Hand #238859083879:  Hold'em No Limit ($0.02/$0.05 USD) - 2022/09/25 10:27:45 PT [2022/09/25 13:27:45 ET]
Table 'Bussolini III' 9-max Seat #8 is the button
Seat 2: CutCut74 ($5.87 in chips) 
Seat 3: FoxCocs ($5.63 in chips) 
Seat 4: twk7 ($5.05 in chips) 
Seat 5: bjrtyuk ($5 in chips) 
Seat 6: Tony Rome180 ($4.63 in chips) 
Seat 7: Dorex2007 ($5 in chips) 
Seat 8: iggypop85 ($3.50 in chips) 
Seat 9: lukeyb0y1992 ($2.42 in chips) 
lukeyb0y1992: posts small blind $0.02
TrzymamKolo: is sitting out 
CutCut74: posts big blind $0.05
*** HOLE CARDS ***
Dealt to Dorex2007 [5s Qs]
TrzymamKolo leaves the table
FoxCocs: raises $0.15 to $0.20
twk7: folds 
bjrtyuk: raises $0.40 to $0.60
Tony Rome180: folds 
Dorex2007: folds 
iggypop85 is connected 
iggypop85: folds 
lukeyb0y1992: folds 
CutCut74: folds 
FoxCocs: calls $0.40
*** FLOP *** [Jd 8d Ac]
FoxCocs: checks 
bjrtyuk: bets $0.81
FoxCocs: calls $0.81
*** TURN *** [Jd 8d Ac] [4s]
Fenri17UK joins the table at seat #1 
FoxCocs: checks 
bjrtyuk: bets $2.08
FoxCocs: calls $2.08
*** RIVER *** [Jd 8d Ac 4s] [5d]
FoxCocs: checks 
bjrtyuk: checks 
*** SHOW DOWN ***
FoxCocs: shows [Qd 7d] (a flush, Queen high)
bjrtyuk: mucks hand 
FoxCocs collected $6.76 from pot
*** SUMMARY ***
Total pot $7.05 | Rake $0.29 
Board [Jd 8d Ac 4s 5d]
Seat 2: CutCut74 (big blind) folded before Flop
Seat 3: FoxCocs showed [Qd 7d] and won ($6.76) with a flush, Queen high
Seat 4: twk7 folded before Flop (didn't bet)
Seat 5: bjrtyuk mucked [Ks Ah]
Seat 6: Tony Rome180 folded before Flop (didn't bet)
Seat 7: Dorex2007 folded before Flop (didn't bet)
Seat 8: iggypop85 (button) folded before Flop (didn't bet)
Seat 9: lukeyb0y1992 (small blind) folded before Flop



PokerStars Hand #238859119833:  Hold'em No Limit ($0.02/$0.05 USD) - 2022/09/25 10:29:00 PT [2022/09/25 13:29:00 ET]
Table 'Bussolini III' 9-max Seat #9 is the button
Seat 2: CutCut74 ($5.82 in chips) 
Seat 3: FoxCocs ($8.90 in chips) 
Seat 4: twk7 ($5.05 in chips) 
Seat 5: bjrtyuk ($5 in chips) 
Seat 6: Tony Rome180 ($4.63 in chips) 
Seat 7: Dorex2007 ($5 in chips) 
Seat 8: iggypop85 ($3.50 in chips) 
Seat 9: lukeyb0y1992 ($2.40 in chips) 
CutCut74: posts small blind $0.02
FoxCocs: posts big blind $0.05
*** HOLE CARDS ***
Dealt to Dorex2007 [Qd Qh]
twk7: folds 
bjrtyuk: folds 
Tony Rome180: folds 
Dorex2007: raises $0.10 to $0.15
iggypop85: folds 
lukeyb0y1992: calls $0.15
CutCut74: folds 
FoxCocs: raises $0.10 to $0.25
Dorex2007: raises $4.75 to $5 and is all-in
lukeyb0y1992: folds 
FoxCocs: folds 
Uncalled bet ($4.75) returned to Dorex2007
Dorex2007 collected $0.67 from pot
Dorex2007: doesn't show hand 
*** SUMMARY ***
Total pot $0.67 | Rake $0 
Seat 2: CutCut74 (small blind) folded before Flop
Seat 3: FoxCocs (big blind) folded before Flop
Seat 4: twk7 folded before Flop (didn't bet)
Seat 5: bjrtyuk folded before Flop (didn't bet)
Seat 6: Tony Rome180 folded before Flop (didn't bet)
Seat 7: Dorex2007 collected ($0.67)
Seat 8: iggypop85 folded before Flop (didn't bet)
Seat 9: lukeyb0y1992 (button) folded before Flop



PokerStars Hand #238859138443:  Hold'em No Limit ($0.02/$0.05 USD) - 2022/09/25 10:29:40 PT [2022/09/25 13:29:40 ET]
Table 'Bussolini III' 9-max Seat #2 is the button
Seat 2: CutCut74 ($5.80 in chips) 
Seat 3: FoxCocs ($8.65 in chips) 
Seat 4: twk7 ($5.05 in chips) 
Seat 5: bjrtyuk ($5 in chips) 
Seat 6: Tony Rome180 ($4.63 in chips) 
Seat 7: Dorex2007 ($5.42 in chips) 
Seat 8: iggypop85 ($3.50 in chips) 
Seat 9: lukeyb0y1992 ($2.25 in chips) 
FoxCocs: posts small blind $0.02
twk7: posts big blind $0.05
Fenri17UK: sits out 
*** HOLE CARDS ***
Dealt to Dorex2007 [3d 8d]
bjrtyuk: folds 
Tony Rome180: raises $0.05 to $0.10
Dorex2007: folds 
iggypop85: folds 
lukeyb0y1992: folds 
CutCut74: calls $0.10
FoxCocs: raises $0.15 to $0.25
twk7: folds 
Tony Rome180: calls $0.15
CutCut74: calls $0.15
*** FLOP *** [Ks 6d Qc]
FoxCocs: bets $0.40
Tony Rome180: folds 
CutCut74: folds 
Uncalled bet ($0.40) returned to FoxCocs
FoxCocs collected $0.77 from pot
*** SUMMARY ***
Total pot $0.80 | Rake $0.03 
Board [Ks 6d Qc]
Seat 2: CutCut74 (button) folded on the Flop
Seat 3: FoxCocs (small blind) collected ($0.77)
Seat 4: twk7 (big blind) folded before Flop
Seat 5: bjrtyuk folded before Flop (didn't bet)
Seat 6: Tony Rome180 folded on the Flop
Seat 7: Dorex2007 folded before Flop (didn't bet)
Seat 8: iggypop85 folded before Flop (didn't bet)
Seat 9: lukeyb0y1992 folded before Flop (didn't bet)



PokerStars Hand #238859156068:  Hold'em No Limit ($0.02/$0.05 USD) - 2022/09/25 10:30:16 PT [2022/09/25 13:30:16 ET]
Table 'Bussolini III' 9-max Seat #3 is the button
Seat 2: CutCut74 ($5.55 in chips) 
Seat 3: FoxCocs ($9.17 in chips) 
Seat 4: twk7 ($5 in chips) 
Seat 5: bjrtyuk ($5 in chips) 
Seat 6: Tony Rome180 ($5 in chips) 
Seat 7: Dorex2007 ($5.42 in chips) 
Seat 8: iggypop85 ($3.50 in chips) 
Seat 9: lukeyb0y1992 ($2.25 in chips) 
twk7: posts small blind $0.02
bjrtyuk: posts big blind $0.05
Fenri17UK: sits out 
*** HOLE CARDS ***
Dealt to Dorex2007 [2s Qh]
Tony Rome180: folds 
Dorex2007: folds 
iggypop85: raises $0.10 to $0.15
lukeyb0y1992: folds 
CutCut74: folds 
FoxCocs: calls $0.15
twk7: folds 
bjrtyuk: folds 
*** FLOP *** [5h 2c 3c]
iggypop85: bets $0.23
FoxCocs: folds 
Uncalled bet ($0.23) returned to iggypop85
iggypop85 collected $0.35 from pot
*** SUMMARY ***
Total pot $0.37 | Rake $0.02 
Board [5h 2c 3c]
Seat 2: CutCut74 folded before Flop (didn't bet)
Seat 3: FoxCocs (button) folded on the Flop
Seat 4: twk7 (small blind) folded before Flop
Seat 5: bjrtyuk (big blind) folded before Flop
Seat 6: Tony Rome180 folded before Flop (didn't bet)
Seat 7: Dorex2007 folded before Flop (didn't bet)
Seat 8: iggypop85 collected ($0.35)
Seat 9: lukeyb0y1992 folded before Flop (didn't bet)



PokerStars Hand #238859168171:  Hold'em No Limit ($0.02/$0.05 USD) - 2022/09/25 10:30:40 PT [2022/09/25 13:30:40 ET]
Table 'Bussolini III' 9-max Seat #4 is the button
Seat 2: CutCut74 ($5.55 in chips) 
Seat 3: FoxCocs ($9.02 in chips) 
Seat 4: twk7 ($5 in chips) 
Seat 5: bjrtyuk ($5 in chips) 
Seat 6: Tony Rome180 ($5 in chips) 
Seat 7: Dorex2007 ($5.42 in chips) 
Seat 8: iggypop85 ($3.70 in chips) 
Seat 9: lukeyb0y1992 ($2.25 in chips) 
bjrtyuk: posts small blind $0.02
Tony Rome180: posts big blind $0.05
Fenri17UK: sits out 
*** HOLE CARDS ***
Dealt to Dorex2007 [Qc 4c]
Dorex2007: folds 
iggypop85: folds 
lukeyb0y1992: raises $0.10 to $0.15
CutCut74: folds 
FoxCocs: calls $0.15
twk7: folds 
bjrtyuk: folds 
Tony Rome180: folds 
*** FLOP *** [2d As Qh]
lukeyb0y1992: bets $0.16
FoxCocs: raises $0.16 to $0.32
lukeyb0y1992: calls $0.16
*** TURN *** [2d As Qh] [Ts]
lukeyb0y1992: bets $0.31
FoxCocs: calls $0.31
*** RIVER *** [2d As Qh Ts] [8c]
lukeyb0y1992: bets $1.47 and is all-in
FoxCocs: folds 
Uncalled bet ($1.47) returned to lukeyb0y1992
lukeyb0y1992 collected $1.56 from pot
lukeyb0y1992: doesn't show hand 
*** SUMMARY ***
Total pot $1.63 | Rake $0.07 
Board [2d As Qh Ts 8c]
Seat 2: CutCut74 folded before Flop (didn't bet)
Seat 3: FoxCocs folded on the River
Seat 4: twk7 (button) folded before Flop (didn't bet)
Seat 5: bjrtyuk (small blind) folded before Flop
Seat 6: Tony Rome180 (big blind) folded before Flop
Seat 7: Dorex2007 folded before Flop (didn't bet)
Seat 8: iggypop85 folded before Flop (didn't bet)
Seat 9: lukeyb0y1992 collected ($1.56)



PokerStars Hand #238859192240:  Hold'em No Limit ($0.02/$0.05 USD) - 2022/09/25 10:31:29 PT [2022/09/25 13:31:29 ET]
Table 'Bussolini III' 9-max Seat #5 is the button
Seat 2: CutCut74 ($5.55 in chips) 
Seat 3: FoxCocs ($8.24 in chips) 
Seat 4: twk7 ($5 in chips) 
Seat 5: bjrtyuk ($5 in chips) 
Seat 6: Tony Rome180 ($4.95 in chips) 
Seat 7: Dorex2007 ($5.42 in chips) 
Seat 8: iggypop85 ($3.70 in chips) 
Seat 9: lukeyb0y1992 ($3.03 in chips) 
Tony Rome180: posts small blind $0.02
Dorex2007: posts big blind $0.05
Fenri17UK: sits out 
*** HOLE CARDS ***
Dealt to Dorex2007 [5h 4d]
iggypop85: raises $0.10 to $0.15
lukeyb0y1992: folds 
CutCut74: calls $0.15
FoxCocs: folds 
twk7: raises $0.60 to $0.75
bjrtyuk: folds 
Tony Rome180: folds 
Dorex2007: folds 
iggypop85: raises $2.95 to $3.70 and is all-in
CutCut74: folds 
twk7: folds 
Uncalled bet ($2.95) returned to iggypop85
iggypop85 collected $1.72 from pot
*** SUMMARY ***
Total pot $1.72 | Rake $0 
Seat 2: CutCut74 folded before Flop
Seat 3: FoxCocs folded before Flop (didn't bet)
Seat 4: twk7 folded before Flop
Seat 5: bjrtyuk (button) folded before Flop (didn't bet)
Seat 6: Tony Rome180 (small blind) folded before Flop
Seat 7: Dorex2007 (big blind) folded before Flop
Seat 8: iggypop85 collected ($1.72)
Seat 9: lukeyb0y1992 folded before Flop (didn't bet)



PokerStars Hand #238859204893:  Hold'em No Limit ($0.02/$0.05 USD) - 2022/09/25 10:31:54 PT [2022/09/25 13:31:54 ET]
Table 'Bussolini III' 9-max Seat #6 is the button
Seat 2: CutCut74 ($5.40 in chips) 
Seat 3: FoxCocs ($8.24 in chips) 
Seat 4: twk7 ($5 in chips) 
Seat 5: bjrtyuk ($5 in chips) 
Seat 6: Tony Rome180 ($4.93 in chips) 
Seat 7: Dorex2007 ($5.37 in chips) 
Seat 8: iggypop85 ($4.67 in chips) 
Seat 9: lukeyb0y1992 ($3.03 in chips) 
Dorex2007: posts small blind $0.02
iggypop85: posts big blind $0.05
Fenri17UK: sits out 
*** HOLE CARDS ***
Dealt to Dorex2007 [5d 7s]
lukeyb0y1992: raises $0.10 to $0.15
CutCut74: folds 
FoxCocs: raises $0.35 to $0.50
twk7: folds 
bjrtyuk: folds 
Tony Rome180: folds 
Dorex2007: folds 
iggypop85: folds 
lukeyb0y1992: calls $0.35
*** FLOP *** [8s 3d Th]
lukeyb0y1992: checks 
FoxCocs: checks 
*** TURN *** [8s 3d Th] [Kh]
lukeyb0y1992: checks 
FoxCocs: checks 
*** RIVER *** [8s 3d Th Kh] [Ad]
lukeyb0y1992: checks 
FoxCocs: bets $0.40
lukeyb0y1992: folds 
Uncalled bet ($0.40) returned to FoxCocs
FoxCocs collected $1.03 from pot
*** SUMMARY ***
Total pot $1.07 | Rake $0.04 
Board [8s 3d Th Kh Ad]
Seat 2: CutCut74 folded before Flop (didn't bet)
Seat 3: FoxCocs collected ($1.03)
Seat 4: twk7 folded before Flop (didn't bet)
Seat 5: bjrtyuk folded before Flop (didn't bet)
Seat 6: Tony Rome180 (button) folded before Flop (didn't bet)
Seat 7: Dorex2007 (small blind) folded before Flop
Seat 8: iggypop85 (big blind) folded before Flop
Seat 9: lukeyb0y1992 folded on the River



PokerStars Hand #238859234822:  Hold'em No Limit ($0.02/$0.05 USD) - 2022/09/25 10:32:54 PT [2022/09/25 13:32:54 ET]
Table 'Bussolini III' 9-max Seat #7 is the button
Seat 1: Fenri17UK ($5 in chips) 
Seat 2: CutCut74 ($5.40 in chips) 
Seat 3: FoxCocs ($8.77 in chips) 
Seat 4: twk7 ($5 in chips) 
Seat 5: bjrtyuk ($5 in chips) 
Seat 6: Tony Rome180 ($4.93 in chips) 
Seat 7: Dorex2007 ($5.35 in chips) 
Seat 9: lukeyb0y1992 ($2.53 in chips) 
lukeyb0y1992: posts small blind $0.02
Fenri17UK: posts big blind $0.05
*** HOLE CARDS ***
Dealt to Dorex2007 [Ac 2d]
CutCut74: folds 
FoxCocs: calls $0.05
twk7: folds 
bjrtyuk: folds 
Tony Rome180: calls $0.05
Dorex2007: folds 
lukeyb0y1992: folds 
Fenri17UK: checks 
*** FLOP *** [8h Tc Qc]
Fenri17UK: checks 
iggypop85 is disconnected 
FoxCocs: checks 
Tony Rome180: bets $0.16
Fenri17UK: calls $0.16
FoxCocs: folds 
*** TURN *** [8h Tc Qc] [5s]
Fenri17UK: checks 
Tony Rome180: bets $4.72 and is all-in
Fenri17UK: folds 
Uncalled bet ($4.72) returned to Tony Rome180
Tony Rome180 collected $0.47 from pot
*** SUMMARY ***
Total pot $0.49 | Rake $0.02 
Board [8h Tc Qc 5s]
Seat 1: Fenri17UK (big blind) folded on the Turn
Seat 2: CutCut74 folded before Flop (didn't bet)
Seat 3: FoxCocs folded on the Flop
Seat 4: twk7 folded before Flop (didn't bet)
Seat 5: bjrtyuk folded before Flop (didn't bet)
Seat 6: Tony Rome180 collected ($0.47)
Seat 7: Dorex2007 (button) folded before Flop (didn't bet)
Seat 9: lukeyb0y1992 (small blind) folded before Flop



PokerStars Hand #238859257751:  Hold'em No Limit ($0.02/$0.05 USD) - 2022/09/25 10:33:40 PT [2022/09/25 13:33:40 ET]
Table 'Bussolini III' 9-max Seat #9 is the button
Seat 1: Fenri17UK ($4.79 in chips) 
Seat 3: FoxCocs ($8.72 in chips) 
Seat 4: twk7 ($5 in chips) 
Seat 5: bjrtyuk ($5 in chips) 
Seat 6: Tony Rome180 ($5.19 in chips) 
Seat 7: Dorex2007 ($5.35 in chips) 
Seat 9: lukeyb0y1992 ($2.51 in chips) 
Fenri17UK: posts small blind $0.02
FoxCocs: posts big blind $0.05
*** HOLE CARDS ***
Dealt to Dorex2007 [8d 5h]
twk7: folds 
bjrtyuk: folds 
Tony Rome180: folds 
Dorex2007: folds 
lukeyb0y1992: folds 
Fenri17UK: calls $0.03
FoxCocs: checks 
*** FLOP *** [3s Jh Kc]
Fenri17UK: checks 
FoxCocs: bets $0.20
Fenri17UK: folds 
Uncalled bet ($0.20) returned to FoxCocs
FoxCocs collected $0.10 from pot
*** SUMMARY ***
Total pot $0.10 | Rake $0 
Board [3s Jh Kc]
Seat 1: Fenri17UK (small blind) folded on the Flop
Seat 3: FoxCocs (big blind) collected ($0.10)
Seat 4: twk7 folded before Flop (didn't bet)
Seat 5: bjrtyuk folded before Flop (didn't bet)
Seat 6: Tony Rome180 folded before Flop (didn't bet)
Seat 7: Dorex2007 folded before Flop (didn't bet)
Seat 9: lukeyb0y1992 (button) folded before Flop (didn't bet)



PokerStars Hand #238859268029:  Hold'em No Limit ($0.02/$0.05 USD) - 2022/09/25 10:34:01 PT [2022/09/25 13:34:01 ET]
Table 'Bussolini III' 9-max Seat #1 is the button
Seat 1: Fenri17UK ($4.74 in chips) 
Seat 3: FoxCocs ($8.77 in chips) 
Seat 4: twk7 ($5 in chips) 
Seat 5: bjrtyuk ($5 in chips) 
Seat 6: Tony Rome180 ($5.19 in chips) 
Seat 7: Dorex2007 ($5.35 in chips) 
Seat 9: lukeyb0y1992 ($2.51 in chips) 
FoxCocs: posts small blind $0.02
twk7: posts big blind $0.05
*** HOLE CARDS ***
Dealt to Dorex2007 [2d 8s]
bjrtyuk: folds 
Tony Rome180: folds 
Dorex2007: folds 
lukeyb0y1992: folds 
Fenri17UK: raises $0.10 to $0.15
FoxCocs: folds 
twk7: folds 
Uncalled bet ($0.10) returned to Fenri17UK
Fenri17UK collected $0.12 from pot
*** SUMMARY ***
Total pot $0.12 | Rake $0 
Seat 1: Fenri17UK (button) collected ($0.12)
Seat 3: FoxCocs (small blind) folded before Flop
Seat 4: twk7 (big blind) folded before Flop
Seat 5: bjrtyuk folded before Flop (didn't bet)
Seat 6: Tony Rome180 folded before Flop (didn't bet)
Seat 7: Dorex2007 folded before Flop (didn't bet)
Seat 9: lukeyb0y1992 folded before Flop (didn't bet)



PokerStars Hand #238859282273:  Hold'em No Limit ($0.02/$0.05 USD) - 2022/09/25 10:34:29 PT [2022/09/25 13:34:29 ET]
Table 'Bussolini III' 9-max Seat #3 is the button
Seat 1: Fenri17UK ($4.81 in chips) 
Seat 3: FoxCocs ($8.75 in chips) 
Seat 4: twk7 ($5 in chips) 
Seat 5: bjrtyuk ($5 in chips) 
Seat 6: Tony Rome180 ($5.19 in chips) 
Seat 7: Dorex2007 ($5.35 in chips) 
Seat 9: lukeyb0y1992 ($2.51 in chips) 
twk7: posts small blind $0.02
bjrtyuk: posts big blind $0.05
*** HOLE CARDS ***
Dealt to Dorex2007 [3h Kh]
Tony Rome180: folds 
Dorex2007: folds 
lukeyb0y1992: folds 
Fenri17UK: folds 
FoxCocs: folds 
twk7: raises $0.10 to $0.15
bjrtyuk: raises $0.30 to $0.45
twk7: raises $4.55 to $5 and is all-in
bjrtyuk: folds 
Uncalled bet ($4.55) returned to twk7
twk7 collected $0.90 from pot
*** SUMMARY ***
Total pot $0.90 | Rake $0 
Seat 1: Fenri17UK folded before Flop (didn't bet)
Seat 3: FoxCocs (button) folded before Flop (didn't bet)
Seat 4: twk7 (small blind) collected ($0.90)
Seat 5: bjrtyuk (big blind) folded before Flop
Seat 6: Tony Rome180 folded before Flop (didn't bet)
Seat 7: Dorex2007 folded before Flop (didn't bet)
Seat 9: lukeyb0y1992 folded before Flop (didn't bet)



PokerStars Hand #238859302734:  Hold'em No Limit ($0.02/$0.05 USD) - 2022/09/25 10:35:11 PT [2022/09/25 13:35:11 ET]
Table 'Bussolini III' 9-max Seat #4 is the button
Seat 1: Fenri17UK ($4.81 in chips) 
Seat 2: CutCut74 ($5.40 in chips) 
Seat 3: FoxCocs ($8.75 in chips) 
Seat 4: twk7 ($5.45 in chips) 
Seat 5: bjrtyuk ($5 in chips) 
Seat 6: Tony Rome180 ($5.19 in chips) 
Seat 7: Dorex2007 ($5.35 in chips) 
Seat 8: iggypop85 ($4.62 in chips) 
Seat 9: lukeyb0y1992 ($2.51 in chips) 
bjrtyuk: posts small blind $0.02
Tony Rome180: posts big blind $0.05
iggypop85: posts small blind $0.02
CutCut74: posts small & big blinds $0.07
*** HOLE CARDS ***
Dealt to Dorex2007 [As Th]
Dorex2007: folds 
iggypop85: folds 
lukeyb0y1992: raises $0.10 to $0.15
Fenri17UK: folds 
CutCut74: calls $0.10
FoxCocs: calls $0.15
twk7: folds 
bjrtyuk: folds 
Tony Rome180: folds 
*** FLOP *** [2d Td 3s]
lukeyb0y1992: bets $0.24
CutCut74: calls $0.24
FoxCocs: folds 
*** TURN *** [2d Td 3s] [Ts]
lukeyb0y1992: bets $0.45
CutCut74: calls $0.45
*** RIVER *** [2d Td 3s Ts] [9c]
lukeyb0y1992: checks 
CutCut74: bets $0.50
lukeyb0y1992: folds 
Uncalled bet ($0.50) returned to CutCut74
CutCut74 collected $1.86 from pot
*** SUMMARY ***
Total pot $1.94 | Rake $0.08 
Board [2d Td 3s Ts 9c]
Seat 1: Fenri17UK folded before Flop (didn't bet)
Seat 2: CutCut74 collected ($1.86)
Seat 3: FoxCocs folded on the Flop
Seat 4: twk7 (button) folded before Flop (didn't bet)
Seat 5: bjrtyuk (small blind) folded before Flop
Seat 6: Tony Rome180 (big blind) folded before Flop
Seat 7: Dorex2007 folded before Flop (didn't bet)
Seat 8: iggypop85 folded before Flop (didn't bet)
Seat 9: lukeyb0y1992 folded on the River



PokerStars Hand #238859335870:  Hold'em No Limit ($0.02/$0.05 USD) - 2022/09/25 10:36:17 PT [2022/09/25 13:36:17 ET]
Table 'Bussolini III' 9-max Seat #5 is the button
Seat 1: Fenri17UK ($4.81 in chips) 
Seat 2: CutCut74 ($6.40 in chips) 
Seat 3: FoxCocs ($8.60 in chips) 
Seat 4: twk7 ($5.45 in chips) 
Seat 5: bjrtyuk ($5 in chips) 
Seat 6: Tony Rome180 ($5.14 in chips) 
Seat 7: Dorex2007 ($5.35 in chips) 
Seat 8: iggypop85 ($4.60 in chips) 
Seat 9: lukeyb0y1992 ($1.67 in chips) 
Tony Rome180: posts small blind $0.02
Dorex2007: posts big blind $0.05
*** HOLE CARDS ***
Dealt to Dorex2007 [Ts Td]
iggypop85: folds 
lukeyb0y1992: raises $0.10 to $0.15
Fenri17UK: calls $0.15
CutCut74: folds 
FoxCocs: raises $0.25 to $0.40
twk7: folds 
bjrtyuk: folds 
Tony Rome180: folds 
Dorex2007: folds 
lukeyb0y1992: calls $0.25
Fenri17UK: folds 
*** FLOP *** [5d Tc 9c]
lukeyb0y1992: checks 
FoxCocs: bets $0.40
lukeyb0y1992: calls $0.40
*** TURN *** [5d Tc 9c] [Ad]
lukeyb0y1992: bets $0.87 and is all-in
FoxCocs: folds 
Uncalled bet ($0.87) returned to lukeyb0y1992
lukeyb0y1992 collected $1.74 from pot
lukeyb0y1992: doesn't show hand 
*** SUMMARY ***
Total pot $1.82 | Rake $0.08 
Board [5d Tc 9c Ad]
Seat 1: Fenri17UK folded before Flop
Seat 2: CutCut74 folded before Flop (didn't bet)
Seat 3: FoxCocs folded on the Turn
Seat 4: twk7 folded before Flop (didn't bet)
Seat 5: bjrtyuk (button) folded before Flop (didn't bet)
Seat 6: Tony Rome180 (small blind) folded before Flop
Seat 7: Dorex2007 (big blind) folded before Flop
Seat 8: iggypop85 folded before Flop (didn't bet)
Seat 9: lukeyb0y1992 collected ($1.74)



PokerStars Hand #238859364839:  Hold'em No Limit ($0.02/$0.05 USD) - 2022/09/25 10:37:15 PT [2022/09/25 13:37:15 ET]
Table 'Bussolini III' 9-max Seat #6 is the button
Seat 1: Fenri17UK ($4.66 in chips) 
Seat 2: CutCut74 ($6.40 in chips) 
Seat 3: FoxCocs ($7.80 in chips) 
Seat 4: twk7 ($5.45 in chips) 
Seat 5: bjrtyuk ($5 in chips) 
Seat 6: Tony Rome180 ($5.12 in chips) 
Seat 7: Dorex2007 ($5.30 in chips) 
Seat 8: iggypop85 ($4.60 in chips) 
Seat 9: lukeyb0y1992 ($2.61 in chips) 
Dorex2007: posts small blind $0.02
iggypop85: posts big blind $0.05
*** HOLE CARDS ***
Dealt to Dorex2007 [Qc 2h]
lukeyb0y1992: folds 
lukeyb0y1992 leaves the table
Fenri17UK: folds 
CutCut74: folds 
FoxCocs: folds 
twk7: folds 
Ossenberg joins the table at seat #9 
bjrtyuk: folds 
Tony Rome180: raises $0.05 to $0.10
Dorex2007: folds 
iggypop85: calls $0.05
*** FLOP *** [2d 4d 2s]
iggypop85: checks 
Tony Rome180: bets $0.10
iggypop85: folds 
Uncalled bet ($0.10) returned to Tony Rome180
Tony Rome180 collected $0.21 from pot
*** SUMMARY ***
Total pot $0.22 | Rake $0.01 
Board [2d 4d 2s]
Seat 1: Fenri17UK folded before Flop (didn't bet)
Seat 2: CutCut74 folded before Flop (didn't bet)
Seat 3: FoxCocs folded before Flop (didn't bet)
Seat 4: twk7 folded before Flop (didn't bet)
Seat 5: bjrtyuk folded before Flop (didn't bet)
Seat 6: Tony Rome180 (button) collected ($0.21)
Seat 7: Dorex2007 (small blind) folded before Flop
Seat 8: iggypop85 (big blind) folded on the Flop
Seat 9: lukeyb0y1992 folded before Flop (didn't bet)



PokerStars Hand #238859378900:  Hold'em No Limit ($0.02/$0.05 USD) - 2022/09/25 10:37:44 PT [2022/09/25 13:37:44 ET]
Table 'Bussolini III' 9-max Seat #7 is the button
Seat 1: Fenri17UK ($4.66 in chips) 
Seat 2: CutCut74 ($6.40 in chips) 
Seat 3: FoxCocs ($7.80 in chips) 
Seat 4: twk7 ($5.45 in chips) 
Seat 5: bjrtyuk ($5 in chips) 
Seat 6: Tony Rome180 ($5.23 in chips) 
Seat 7: Dorex2007 ($5.28 in chips) 
Seat 8: iggypop85 ($4.50 in chips) 
Seat 9: Ossenberg ($5 in chips) 
iggypop85: posts small blind $0.02
Ossenberg: posts big blind $0.05
*** HOLE CARDS ***
Dealt to Dorex2007 [As Tc]
Fenri17UK: calls $0.05
CutCut74: folds 
FoxCocs: raises $0.35 to $0.40
twk7: folds 
bjrtyuk: folds 
Tony Rome180: folds 
Dorex2007: folds 
iggypop85: folds 
Ossenberg: folds 
Fenri17UK: folds 
Uncalled bet ($0.35) returned to FoxCocs
FoxCocs collected $0.17 from pot
*** SUMMARY ***
Total pot $0.17 | Rake $0 
Seat 1: Fenri17UK folded before Flop
Seat 2: CutCut74 folded before Flop (didn't bet)
Seat 3: FoxCocs collected ($0.17)
Seat 4: twk7 folded before Flop (didn't bet)
Seat 5: bjrtyuk folded before Flop (didn't bet)
Seat 6: Tony Rome180 folded before Flop (didn't bet)
Seat 7: Dorex2007 (button) folded before Flop (didn't bet)
Seat 8: iggypop85 (small blind) folded before Flop
Seat 9: Ossenberg (big blind) folded before Flop



PokerStars Hand #238859394851:  Hold'em No Limit ($0.02/$0.05 USD) - 2022/09/25 10:38:16 PT [2022/09/25 13:38:16 ET]
Table 'Bussolini III' 9-max Seat #8 is the button
Seat 1: Fenri17UK ($4.61 in chips) 
Seat 2: CutCut74 ($6.40 in chips) 
Seat 3: FoxCocs ($7.92 in chips) 
Seat 4: twk7 ($5.45 in chips) 
Seat 5: bjrtyuk ($5 in chips) 
Seat 6: Tony Rome180 ($5.23 in chips) 
Seat 7: Dorex2007 ($5.28 in chips) 
Seat 8: iggypop85 ($4.48 in chips) 
Seat 9: Ossenberg ($5 in chips) 
Ossenberg: posts small blind $0.02
Fenri17UK: posts big blind $0.05
*** HOLE CARDS ***
Dealt to Dorex2007 [4d 5d]
CutCut74: raises $0.05 to $0.10
FoxCocs: raises $0.05 to $0.15
twk7: folds 
bjrtyuk: folds 
Tony Rome180: folds 
Dorex2007: folds 
iggypop85: calls $0.15
Ossenberg: folds 
Fenri17UK: folds 
CutCut74: calls $0.05
*** FLOP *** [2c 7h 5h]
CutCut74: checks 
FoxCocs: bets $0.10
iggypop85 is disconnected 
iggypop85 is connected 
iggypop85: calls $0.10
CutCut74: calls $0.10
*** TURN *** [2c 7h 5h] [6c]
CutCut74: checks 
FoxCocs: bets $0.05
iggypop85: raises $0.45 to $0.50
CutCut74: calls $0.50
FoxCocs: folds 
*** RIVER *** [2c 7h 5h 6c] [Tc]
CutCut74: checks 
iggypop85: bets $1.19
CutCut74: calls $1.19
*** SHOW DOWN ***
iggypop85: shows [Kh Qh] (high card King)
CutCut74: shows [Td Ts] (three of a kind, Tens)
CutCut74 collected $4.07 from pot
*** SUMMARY ***
Total pot $4.25 | Rake $0.18 
Board [2c 7h 5h 6c Tc]
Seat 1: Fenri17UK (big blind) folded before Flop
Seat 2: CutCut74 showed [Td Ts] and won ($4.07) with three of a kind, Tens
Seat 3: FoxCocs folded on the Turn
Seat 4: twk7 folded before Flop (didn't bet)
Seat 5: bjrtyuk folded before Flop (didn't bet)
Seat 6: Tony Rome180 folded before Flop (didn't bet)
Seat 7: Dorex2007 folded before Flop (didn't bet)
Seat 8: iggypop85 (button) showed [Kh Qh] and lost with high card King
Seat 9: Ossenberg (small blind) folded before Flop



PokerStars Hand #238859448886:  Hold'em No Limit ($0.02/$0.05 USD) - 2022/09/25 10:40:05 PT [2022/09/25 13:40:05 ET]
Table 'Bussolini III' 9-max Seat #9 is the button
Seat 1: Fenri17UK ($4.56 in chips) 
Seat 2: CutCut74 ($8.53 in chips) 
Seat 3: FoxCocs ($7.62 in chips) 
Seat 4: twk7 ($5.45 in chips) 
Seat 5: bjrtyuk ($5 in chips) 
Seat 6: Tony Rome180 ($5.23 in chips) 
Seat 7: Dorex2007 ($5.28 in chips) 
Seat 8: iggypop85 ($2.54 in chips) 
Seat 9: Ossenberg ($5 in chips) 
Fenri17UK: posts small blind $0.02
CutCut74: posts big blind $0.05
*** HOLE CARDS ***
Dealt to Dorex2007 [5h Kd]
FoxCocs: calls $0.05
twk7: folds 
bjrtyuk: folds 
Tony Rome180: folds 
Dorex2007: folds 
iggypop85: folds 
Ossenberg: raises $0.20 to $0.25
Fenri17UK: folds 
CutCut74: folds 
FoxCocs: calls $0.20
*** FLOP *** [9h Jh Kc]
FoxCocs: bets $0.20
Ossenberg: calls $0.20
*** TURN *** [9h Jh Kc] [Td]
FoxCocs: checks 
Ossenberg: bets $0.61
FoxCocs: folds 
Uncalled bet ($0.61) returned to Ossenberg
Ossenberg collected $0.92 from pot
Ossenberg: doesn't show hand 
*** SUMMARY ***
Total pot $0.97 | Rake $0.05 
Board [9h Jh Kc Td]
Seat 1: Fenri17UK (small blind) folded before Flop
Seat 2: CutCut74 (big blind) folded before Flop
Seat 3: FoxCocs folded on the Turn
Seat 4: twk7 folded before Flop (didn't bet)
Seat 5: bjrtyuk folded before Flop (didn't bet)
Seat 6: Tony Rome180 folded before Flop (didn't bet)
Seat 7: Dorex2007 folded before Flop (didn't bet)
Seat 8: iggypop85 folded before Flop (didn't bet)
Seat 9: Ossenberg (button) collected ($0.92)



PokerStars Hand #238859476033:  Hold'em No Limit ($0.02/$0.05 USD) - 2022/09/25 10:41:00 PT [2022/09/25 13:41:00 ET]
Table 'Bussolini III' 9-max Seat #1 is the button
Seat 1: Fenri17UK ($4.54 in chips) 
Seat 2: CutCut74 ($8.48 in chips) 
Seat 3: FoxCocs ($7.17 in chips) 
Seat 4: twk7 ($5.45 in chips) 
Seat 5: bjrtyuk ($5 in chips) 
Seat 6: Tony Rome180 ($5.23 in chips) 
Seat 7: Dorex2007 ($5.28 in chips) 
Seat 8: iggypop85 ($2.54 in chips) 
Seat 9: Ossenberg ($5.47 in chips) 
CutCut74: posts small blind $0.02
FoxCocs: posts big blind $0.05
*** HOLE CARDS ***
Dealt to Dorex2007 [7d 6c]
twk7: folds 
bjrtyuk: folds 
Tony Rome180: folds 
Dorex2007: folds 
iggypop85: folds 
Ossenberg: folds 
Fenri17UK: folds 
CutCut74: raises $0.10 to $0.15
FoxCocs: calls $0.10
*** FLOP *** [3d 7c Tc]
CutCut74: checks 
FoxCocs: bets $0.05
CutCut74: calls $0.05
*** TURN *** [3d 7c Tc] [8s]
CutCut74: checks 
FoxCocs: checks 
*** RIVER *** [3d 7c Tc 8s] [5h]
CutCut74: checks 
FoxCocs: checks 
*** SHOW DOWN ***
CutCut74: shows [9c Kd] (high card King)
FoxCocs: shows [Jh 3c] (a pair of Threes)
FoxCocs collected $0.38 from pot
*** SUMMARY ***
Total pot $0.40 | Rake $0.02 
Board [3d 7c Tc 8s 5h]
Seat 1: Fenri17UK (button) folded before Flop (didn't bet)
Seat 2: CutCut74 (small blind) showed [9c Kd] and lost with high card King
Seat 3: FoxCocs (big blind) showed [Jh 3c] and won ($0.38) with a pair of Threes
Seat 4: twk7 folded before Flop (didn't bet)
Seat 5: bjrtyuk folded before Flop (didn't bet)
Seat 6: Tony Rome180 folded before Flop (didn't bet)
Seat 7: Dorex2007 folded before Flop (didn't bet)
Seat 8: iggypop85 folded before Flop (didn't bet)
Seat 9: Ossenberg folded before Flop (didn't bet)



PokerStars Hand #238859499832:  Hold'em No Limit ($0.02/$0.05 USD) - 2022/09/25 10:41:48 PT [2022/09/25 13:41:48 ET]
Table 'Bussolini III' 9-max Seat #2 is the button
Seat 1: Fenri17UK ($4.54 in chips) 
Seat 2: CutCut74 ($8.28 in chips) 
Seat 3: FoxCocs ($7.35 in chips) 
Seat 4: twk7 ($5.45 in chips) 
Seat 5: bjrtyuk ($5 in chips) 
Seat 6: Tony Rome180 ($5.23 in chips) 
Seat 7: Dorex2007 ($5.28 in chips) 
Seat 8: iggypop85 ($4.49 in chips) 
Seat 9: Ossenberg ($5.47 in chips) 
FoxCocs: posts small blind $0.02
twk7: posts big blind $0.05
*** HOLE CARDS ***
Dealt to Dorex2007 [Jc Qs]
bjrtyuk: folds 
Tony Rome180: folds 
Dorex2007: folds 
iggypop85: folds 
Ossenberg: raises $0.05 to $0.10
Fenri17UK: folds 
CutCut74: calls $0.10
FoxCocs: folds 
twk7: folds 
*** FLOP *** [8h 6d Th]
Ossenberg: checks 
CutCut74: checks 
*** TURN *** [8h 6d Th] [3s]
Ossenberg: checks 
CutCut74: bets $0.10
Ossenberg: folds 
Uncalled bet ($0.10) returned to CutCut74
CutCut74 collected $0.26 from pot
*** SUMMARY ***
Total pot $0.27 | Rake $0.01 
Board [8h 6d Th 3s]
Seat 1: Fenri17UK folded before Flop (didn't bet)
Seat 2: CutCut74 (button) collected ($0.26)
Seat 3: FoxCocs (small blind) folded before Flop
Seat 4: twk7 (big blind) folded before Flop
Seat 5: bjrtyuk folded before Flop (didn't bet)
Seat 6: Tony Rome180 folded before Flop (didn't bet)
Seat 7: Dorex2007 folded before Flop (didn't bet)
Seat 8: iggypop85 folded before Flop (didn't bet)
Seat 9: Ossenberg folded on the Turn



PokerStars Hand #238859519078:  Hold'em No Limit ($0.02/$0.05 USD) - 2022/09/25 10:42:26 PT [2022/09/25 13:42:26 ET]
Table 'Bussolini III' 9-max Seat #3 is the button
Seat 1: Fenri17UK ($4.54 in chips) 
Seat 2: CutCut74 ($8.44 in chips) 
Seat 3: FoxCocs ($7.33 in chips) 
Seat 4: twk7 ($5.40 in chips) 
Seat 5: bjrtyuk ($5 in chips) 
Seat 6: Tony Rome180 ($5.23 in chips) 
Seat 7: Dorex2007 ($5.28 in chips) 
Seat 8: iggypop85 ($4.49 in chips) 
Seat 9: Ossenberg ($5.37 in chips) 
twk7: posts small blind $0.02
bjrtyuk: posts big blind $0.05
*** HOLE CARDS ***
Dealt to Dorex2007 [4c 3s]
Tony Rome180: folds 
Dorex2007: folds 
Tony Rome180 leaves the table
iggypop85 has timed out
iggypop85: folds 
Ossenberg: folds 
Fenri17UK: calls $0.05
CutCut74: folds 
FoxCocs: folds 
twk7: folds 
bjrtyuk: checks 
*** FLOP *** [9s 8d Kh]
bjrtyuk: checks 
Fenri17UK: checks 
*** TURN *** [9s 8d Kh] [3c]
bjrtyuk: checks 
Fenri17UK: bets $0.12
bjrtyuk: folds 
Uncalled bet ($0.12) returned to Fenri17UK
Fenri17UK collected $0.12 from pot
*** SUMMARY ***
Total pot $0.12 | Rake $0 
Board [9s 8d Kh 3c]
Seat 1: Fenri17UK collected ($0.12)
Seat 2: CutCut74 folded before Flop (didn't bet)
Seat 3: FoxCocs (button) folded before Flop (didn't bet)
Seat 4: twk7 (small blind) folded before Flop
Seat 5: bjrtyuk (big blind) folded on the Turn
Seat 6: Tony Rome180 folded before Flop (didn't bet)
Seat 7: Dorex2007 folded before Flop (didn't bet)
Seat 8: iggypop85 folded before Flop (didn't bet)
Seat 9: Ossenberg folded before Flop (didn't bet)



PokerStars Hand #238859542355:  Hold'em No Limit ($0.02/$0.05 USD) - 2022/09/25 10:43:13 PT [2022/09/25 13:43:13 ET]
Table 'Bussolini III' 9-max Seat #4 is the button
Seat 1: Fenri17UK ($4.61 in chips) 
Seat 2: CutCut74 ($8.44 in chips) 
Seat 3: FoxCocs ($7.33 in chips) 
Seat 4: twk7 ($5.38 in chips) 
Seat 5: bjrtyuk ($5 in chips) 
Seat 7: Dorex2007 ($5.28 in chips) 
Seat 8: iggypop85 ($4.49 in chips) 
Seat 9: Ossenberg ($5.37 in chips) 
bjrtyuk: posts small blind $0.02
Dorex2007: posts big blind $0.05
*** HOLE CARDS ***
Dealt to Dorex2007 [6s Jc]
iggypop85: folds 
Ossenberg: folds 
Fenri17UK: folds 
CutCut74: folds 
FoxCocs: raises $0.05 to $0.10
twk7: folds 
bjrtyuk: folds 
Dorex2007: folds 
Uncalled bet ($0.05) returned to FoxCocs
FoxCocs collected $0.12 from pot
*** SUMMARY ***
Total pot $0.12 | Rake $0 
Seat 1: Fenri17UK folded before Flop (didn't bet)
Seat 2: CutCut74 folded before Flop (didn't bet)
Seat 3: FoxCocs collected ($0.12)
Seat 4: twk7 (button) folded before Flop (didn't bet)
Seat 5: bjrtyuk (small blind) folded before Flop
Seat 7: Dorex2007 (big blind) folded before Flop
Seat 8: iggypop85 folded before Flop (didn't bet)
Seat 9: Ossenberg folded before Flop (didn't bet)



PokerStars Hand #238859556965:  Hold'em No Limit ($0.02/$0.05 USD) - 2022/09/25 10:43:42 PT [2022/09/25 13:43:42 ET]
Table 'Bussolini III' 9-max Seat #5 is the button
Seat 1: Fenri17UK ($4.61 in chips) 
Seat 2: CutCut74 ($8.44 in chips) 
Seat 3: FoxCocs ($7.40 in chips) 
Seat 4: twk7 ($5.38 in chips) 
Seat 5: bjrtyuk ($5 in chips) 
Seat 7: Dorex2007 ($5.23 in chips) 
Seat 8: iggypop85 ($4.49 in chips) 
Seat 9: Ossenberg ($5.37 in chips) 
Dorex2007: posts small blind $0.02
iggypop85: posts big blind $0.05
*** HOLE CARDS ***
Dealt to Dorex2007 [Qs 6d]
Ossenberg: folds 
Fenri17UK: folds 
CutCut74: folds 
FoxCocs: calls $0.05
twk7: folds 
bjrtyuk: folds 
mr_brandy19 joins the table at seat #6 
Dorex2007: folds 
iggypop85: checks 
*** FLOP *** [7h Td 3s]
iggypop85: checks 
FoxCocs: bets $0.05
iggypop85: folds 
Uncalled bet ($0.05) returned to FoxCocs
FoxCocs collected $0.12 from pot
*** SUMMARY ***
Total pot $0.12 | Rake $0 
Board [7h Td 3s]
Seat 1: Fenri17UK folded before Flop (didn't bet)
Seat 2: CutCut74 folded before Flop (didn't bet)
Seat 3: FoxCocs collected ($0.12)
Seat 4: twk7 folded before Flop (didn't bet)
Seat 5: bjrtyuk (button) folded before Flop (didn't bet)
Seat 7: Dorex2007 (small blind) folded before Flop
Seat 8: iggypop85 (big blind) folded on the Flop
Seat 9: Ossenberg folded before Flop (didn't bet)



PokerStars Hand #238859610787:  Hold'em No Limit ($0.02/$0.05 USD) - 2022/09/25 10:45:30 PT [2022/09/25 13:45:30 ET]
Table 'Bussolini III' 9-max Seat #9 is the button
Seat 1: Fenri17UK ($4.56 in chips) 
Seat 2: CutCut74 ($8.44 in chips) 
Seat 3: FoxCocs ($8.69 in chips) 
Seat 4: twk7 ($5.38 in chips) 
Seat 5: bjrtyuk ($5 in chips) 
Seat 6: mr_brandy19 ($4.36 in chips) 
Seat 7: Dorex2007 ($5.21 in chips) 
Seat 8: iggypop85 ($3.24 in chips) 
Seat 9: Ossenberg ($5.35 in chips) 
Fenri17UK: posts small blind $0.02
CutCut74: posts big blind $0.05
*** HOLE CARDS ***
Dealt to Dorex2007 [4h 4c]
FoxCocs: raises $0.30 to $0.35
twk7: folds 
bjrtyuk: folds 
mr_brandy19: folds 
Dorex2007: folds 
iggypop85: calls $0.35
Ossenberg: folds 
Fenri17UK: folds 
CutCut74: folds 
*** FLOP *** [6c 8s Jh]
FoxCocs: checks 
iggypop85: checks 
*** TURN *** [6c 8s Jh] [Ah]
FoxCocs: checks 
iggypop85: checks 
*** RIVER *** [6c 8s Jh Ah] [Ad]
FoxCocs: bets $0.65
iggypop85: folds 
Uncalled bet ($0.65) returned to FoxCocs
FoxCocs collected $0.74 from pot
*** SUMMARY ***
Total pot $0.77 | Rake $0.03 
Board [6c 8s Jh Ah Ad]
Seat 1: Fenri17UK (small blind) folded before Flop
Seat 2: CutCut74 (big blind) folded before Flop
Seat 3: FoxCocs collected ($0.74)
Seat 4: twk7 folded before Flop (didn't bet)
Seat 5: bjrtyuk folded before Flop (didn't bet)
Seat 6: mr_brandy19 folded before Flop (didn't bet)
Seat 7: Dorex2007 folded before Flop (didn't bet)
Seat 8: iggypop85 folded on the River
Seat 9: Ossenberg (button) folded before Flop (didn't bet)



PokerStars Hand #238859637555:  Hold'em No Limit ($0.02/$0.05 USD) - 2022/09/25 10:46:25 PT [2022/09/25 13:46:25 ET]
Table 'Bussolini III' 9-max Seat #1 is the button
Seat 1: Fenri17UK ($4.54 in chips) 
Seat 2: CutCut74 ($8.39 in chips) 
Seat 3: FoxCocs ($9.08 in chips) 
Seat 4: twk7 ($5.38 in chips) 
Seat 5: bjrtyuk ($5 in chips) 
Seat 6: mr_brandy19 ($4.36 in chips) 
Seat 7: Dorex2007 ($5.21 in chips) 
Seat 8: iggypop85 ($2.89 in chips) 
Seat 9: Ossenberg ($5.35 in chips) 
CutCut74: posts small blind $0.02
FoxCocs: posts big blind $0.05
*** HOLE CARDS ***
Dealt to Dorex2007 [6d 4d]
twk7: folds 
bjrtyuk: folds 
mr_brandy19: folds 
Dorex2007: folds 
iggypop85: raises $0.05 to $0.10
Ossenberg: folds 
Fenri17UK: folds 
CutCut74: calls $0.08
FoxCocs: calls $0.05
*** FLOP *** [9c 3h 3c]
CutCut74: checks 
FoxCocs: checks 
iggypop85: checks 
*** TURN *** [9c 3h 3c] [Tc]
CutCut74: checks 
FoxCocs: checks 
iggypop85: checks 
*** RIVER *** [9c 3h 3c Tc] [Jh]
CutCut74: checks 
FoxCocs: checks 
iggypop85: bets $0.29
CutCut74: folds 
FoxCocs: folds 
Uncalled bet ($0.29) returned to iggypop85
iggypop85 collected $0.29 from pot
*** SUMMARY ***
Total pot $0.30 | Rake $0.01 
Board [9c 3h 3c Tc Jh]
Seat 1: Fenri17UK (button) folded before Flop (didn't bet)
Seat 2: CutCut74 (small blind) folded on the River
Seat 3: FoxCocs (big blind) folded on the River
Seat 4: twk7 folded before Flop (didn't bet)
Seat 5: bjrtyuk folded before Flop (didn't bet)
Seat 6: mr_brandy19 folded before Flop (didn't bet)
Seat 7: Dorex2007 folded before Flop (didn't bet)
Seat 8: iggypop85 collected ($0.29)
Seat 9: Ossenberg folded before Flop (didn't bet)



PokerStars Hand #238859670494:  Hold'em No Limit ($0.02/$0.05 USD) - 2022/09/25 10:47:31 PT [2022/09/25 13:47:31 ET]
Table 'Bussolini III' 9-max Seat #2 is the button
Seat 1: Fenri17UK ($4.54 in chips) 
Seat 2: CutCut74 ($8.29 in chips) 
Seat 3: FoxCocs ($8.98 in chips) 
Seat 4: twk7 ($5.38 in chips) 
Seat 5: bjrtyuk ($5 in chips) 
Seat 6: mr_brandy19 ($4.36 in chips) 
Seat 7: Dorex2007 ($5.21 in chips) 
Seat 9: Ossenberg ($5.35 in chips) 
FoxCocs: posts small blind $0.02
twk7: posts big blind $0.05
*** HOLE CARDS ***
Dealt to Dorex2007 [Jd 2s]
bjrtyuk: raises $0.10 to $0.15
mr_brandy19: folds 
Dorex2007: folds 
Ossenberg: folds 
Fenri17UK: raises $0.37 to $0.52
CutCut74: folds 
FoxCocs: folds 
twk7: folds 
bjrtyuk: folds 
Uncalled bet ($0.37) returned to Fenri17UK
Fenri17UK collected $0.37 from pot
*** SUMMARY ***
Total pot $0.37 | Rake $0 
Seat 1: Fenri17UK collected ($0.37)
Seat 2: CutCut74 (button) folded before Flop (didn't bet)
Seat 3: FoxCocs (small blind) folded before Flop
Seat 4: twk7 (big blind) folded before Flop
Seat 5: bjrtyuk folded before Flop
Seat 6: mr_brandy19 folded before Flop (didn't bet)
Seat 7: Dorex2007 folded before Flop (didn't bet)
Seat 9: Ossenberg folded before Flop (didn't bet)



PokerStars Hand #238859684362:  Hold'em No Limit ($0.02/$0.05 USD) - 2022/09/25 10:48:00 PT [2022/09/25 13:48:00 ET]
Table 'Bussolini III' 9-max Seat #3 is the button
Seat 1: Fenri17UK ($4.76 in chips) 
Seat 2: CutCut74 ($8.29 in chips) 
Seat 3: FoxCocs ($8.96 in chips) 
Seat 4: twk7 ($5.33 in chips) 
Seat 5: bjrtyuk ($5 in chips) 
Seat 6: mr_brandy19 ($4.36 in chips) 
Seat 7: Dorex2007 ($5.21 in chips) 
Seat 9: Ossenberg ($5.35 in chips) 
twk7: posts small blind $0.02
bjrtyuk: posts big blind $0.05
*** HOLE CARDS ***
Dealt to Dorex2007 [As 2d]
mr_brandy19: folds 
Dorex2007: folds 
Ossenberg: folds 
Fenri17UK: folds 
CutCut74: raises $0.10 to $0.15
FoxCocs: folds 
twk7: folds 
bjrtyuk: folds 
Uncalled bet ($0.10) returned to CutCut74
CutCut74 collected $0.12 from pot
*** SUMMARY ***
Total pot $0.12 | Rake $0 
Seat 1: Fenri17UK folded before Flop (didn't bet)
Seat 2: CutCut74 collected ($0.12)
Seat 3: FoxCocs (button) folded before Flop (didn't bet)
Seat 4: twk7 (small blind) folded before Flop
Seat 5: bjrtyuk (big blind) folded before Flop
Seat 6: mr_brandy19 folded before Flop (didn't bet)
Seat 7: Dorex2007 folded before Flop (didn't bet)
Seat 9: Ossenberg folded before Flop (didn't bet)



PokerStars Hand #238859697420:  Hold'em No Limit ($0.02/$0.05 USD) - 2022/09/25 10:48:26 PT [2022/09/25 13:48:26 ET]
Table 'Bussolini III' 9-max Seat #4 is the button
Seat 1: Fenri17UK ($4.76 in chips) 
Seat 2: CutCut74 ($8.36 in chips) 
Seat 3: FoxCocs ($8.96 in chips) 
Seat 4: twk7 ($5.31 in chips) 
Seat 5: bjrtyuk ($5 in chips) 
Seat 6: mr_brandy19 ($4.36 in chips) 
Seat 7: Dorex2007 ($5.21 in chips) 
Seat 9: Ossenberg ($5.35 in chips) 
bjrtyuk: posts small blind $0.02
mr_brandy19: posts big blind $0.05
*** HOLE CARDS ***
Dealt to Dorex2007 [Qs 8h]
Dorex2007: folds 
Ossenberg: raises $0.10 to $0.15
Fenri17UK: raises $0.37 to $0.52
CutCut74: folds 
FoxCocs: calls $0.52
twk7: folds 
bjrtyuk: folds 
mr_brandy19: folds 
Ossenberg: calls $0.37
*** FLOP *** [7c Qc 7s]
Ossenberg: bets $0.51
Fenri17UK: raises $2.58 to $3.09
FoxCocs: folds 
Ossenberg: folds 
Uncalled bet ($2.58) returned to Fenri17UK
Fenri17UK collected $2.54 from pot
*** SUMMARY ***
Total pot $2.65 | Rake $0.11 
Board [7c Qc 7s]
Seat 1: Fenri17UK collected ($2.54)
Seat 2: CutCut74 folded before Flop (didn't bet)
Seat 3: FoxCocs folded on the Flop
Seat 4: twk7 (button) folded before Flop (didn't bet)
Seat 5: bjrtyuk (small blind) folded before Flop
Seat 6: mr_brandy19 (big blind) folded before Flop
Seat 7: Dorex2007 folded before Flop (didn't bet)
Seat 9: Ossenberg folded on the Flop



PokerStars Hand #238859721604:  Hold'em No Limit ($0.02/$0.05 USD) - 2022/09/25 10:49:15 PT [2022/09/25 13:49:15 ET]
Table 'Bussolini III' 9-max Seat #5 is the button
Seat 1: Fenri17UK ($6.27 in chips) 
Seat 2: CutCut74 ($8.36 in chips) 
Seat 3: FoxCocs ($8.44 in chips) 
Seat 4: twk7 ($5.31 in chips) 
Seat 5: bjrtyuk ($5 in chips) 
Seat 6: mr_brandy19 ($4.31 in chips) 
Seat 7: Dorex2007 ($5.21 in chips) 
Seat 8: iggypop85 ($3.08 in chips) 
Seat 9: Ossenberg ($5 in chips) 
mr_brandy19: posts small blind $0.02
Dorex2007: posts big blind $0.05
*** HOLE CARDS ***
Dealt to Dorex2007 [6h 8d]
iggypop85: raises $0.10 to $0.15
Ossenberg: calls $0.15
Fenri17UK: folds 
CutCut74: folds 
FoxCocs: calls $0.15
twk7: folds 
bjrtyuk: folds 
mr_brandy19: folds 
Dorex2007: folds 
*** FLOP *** [Ac 3s Kh]
iggypop85: checks 
Ossenberg: checks 
FoxCocs: checks 
*** TURN *** [Ac 3s Kh] [5c]
iggypop85: checks 
Ossenberg: bets $0.17
FoxCocs: calls $0.17
iggypop85: calls $0.17
*** RIVER *** [Ac 3s Kh 5c] [9h]
iggypop85: checks 
Ossenberg: checks 
FoxCocs: checks 
*** SHOW DOWN ***
iggypop85: shows [Qd Td] (high card Ace)
Ossenberg: shows [7c 9c] (a pair of Nines)
FoxCocs: mucks hand 
Ossenberg collected $0.98 from pot
*** SUMMARY ***
Total pot $1.03 | Rake $0.05 
Board [Ac 3s Kh 5c 9h]
Seat 1: Fenri17UK folded before Flop (didn't bet)
Seat 2: CutCut74 folded before Flop (didn't bet)
Seat 3: FoxCocs mucked [Ts 2s]
Seat 4: twk7 folded before Flop (didn't bet)
Seat 5: bjrtyuk (button) folded before Flop (didn't bet)
Seat 6: mr_brandy19 (small blind) folded before Flop
Seat 7: Dorex2007 (big blind) folded before Flop
Seat 8: iggypop85 showed [Qd Td] and lost with high card Ace
Seat 9: Ossenberg showed [7c 9c] and won ($0.98) with a pair of Nines



PokerStars Hand #238859747933:  Hold'em No Limit ($0.02/$0.05 USD) - 2022/09/25 10:50:09 PT [2022/09/25 13:50:09 ET]
Table 'Bussolini III' 9-max Seat #6 is the button
Seat 1: Fenri17UK ($6.27 in chips) 
Seat 2: CutCut74 ($8.36 in chips) 
Seat 3: FoxCocs ($8.12 in chips) 
Seat 4: twk7 ($5.31 in chips) 
Seat 5: bjrtyuk ($5 in chips) 
Seat 6: mr_brandy19 ($4.29 in chips) 
Seat 7: Dorex2007 ($5.16 in chips) 
Seat 8: iggypop85 ($2.76 in chips) 
Seat 9: Ossenberg ($5.66 in chips) 
Dorex2007: posts small blind $0.02
iggypop85: posts big blind $0.05
*** HOLE CARDS ***
Dealt to Dorex2007 [Jd 7s]
Ossenberg: folds 
Fenri17UK: folds 
CutCut74: raises $0.05 to $0.10
FoxCocs: calls $0.10
twk7: calls $0.10
bjrtyuk: folds 
mr_brandy19: folds 
Dorex2007: folds 
iggypop85: calls $0.05
*** FLOP *** [Qs 3d 6s]
iggypop85: checks 
CutCut74: checks 
FoxCocs: checks 
twk7: checks 
*** TURN *** [Qs 3d 6s] [7c]
iggypop85: checks 
CutCut74: checks 
FoxCocs: checks 
twk7: checks 
*** RIVER *** [Qs 3d 6s 7c] [9d]
iggypop85: checks 
CutCut74: checks 
FoxCocs: checks 
twk7: checks 
*** SHOW DOWN ***
iggypop85: shows [Th Jc] (high card Queen)
CutCut74: shows [Ad 6d] (a pair of Sixes)
FoxCocs: mucks hand 
twk7: mucks hand 
CutCut74 collected $0.40 from pot
*** SUMMARY ***
Total pot $0.42 | Rake $0.02 
Board [Qs 3d 6s 7c 9d]
Seat 1: Fenri17UK folded before Flop (didn't bet)
Seat 2: CutCut74 showed [Ad 6d] and won ($0.40) with a pair of Sixes
Seat 3: FoxCocs mucked [3s Ah]
Seat 4: twk7 mucked [4h 4d]
Seat 5: bjrtyuk folded before Flop (didn't bet)
Seat 6: mr_brandy19 (button) folded before Flop (didn't bet)
Seat 7: Dorex2007 (small blind) folded before Flop
Seat 8: iggypop85 (big blind) showed [Th Jc] and lost with high card Queen
Seat 9: Ossenberg folded before Flop (didn't bet)



PokerStars Hand #238859778539:  Hold'em No Limit ($0.02/$0.05 USD) - 2022/09/25 10:51:12 PT [2022/09/25 13:51:12 ET]
Table 'Bussolini III' 9-max Seat #7 is the button
Seat 1: Fenri17UK ($6.27 in chips) 
Seat 2: CutCut74 ($8.66 in chips) 
Seat 3: FoxCocs ($8.02 in chips) 
Seat 4: twk7 ($5.21 in chips) 
Seat 5: bjrtyuk ($5 in chips) 
Seat 6: mr_brandy19 ($4.29 in chips) 
Seat 7: Dorex2007 ($5.14 in chips) 
Seat 8: iggypop85 ($2.66 in chips) 
Seat 9: Ossenberg ($5.66 in chips) 
iggypop85: posts small blind $0.02
Ossenberg: posts big blind $0.05
*** HOLE CARDS ***
Dealt to Dorex2007 [Qc 9c]
Fenri17UK: folds 
CutCut74: calls $0.05
FoxCocs: calls $0.05
twk7: folds 
bjrtyuk: folds 
mr_brandy19: folds 
Dorex2007: folds 
iggypop85: folds 
Ossenberg: checks 
*** FLOP *** [4c 9d Th]
Ossenberg: checks 
CutCut74: checks 
FoxCocs: bets $0.05
Ossenberg: folds 
CutCut74: calls $0.05
*** TURN *** [4c 9d Th] [8h]
CutCut74: checks 
FoxCocs: checks 
*** RIVER *** [4c 9d Th 8h] [2s]
CutCut74: checks 
FoxCocs: checks 
*** SHOW DOWN ***
CutCut74: shows [2h 7h] (a pair of Deuces)
FoxCocs: mucks hand 
CutCut74 collected $0.26 from pot
*** SUMMARY ***
Total pot $0.27 | Rake $0.01 
Board [4c 9d Th 8h 2s]
Seat 1: Fenri17UK folded before Flop (didn't bet)
Seat 2: CutCut74 showed [2h 7h] and won ($0.26) with a pair of Deuces
Seat 3: FoxCocs mucked [Ah 5d]
Seat 4: twk7 folded before Flop (didn't bet)
Seat 5: bjrtyuk folded before Flop (didn't bet)
Seat 6: mr_brandy19 folded before Flop (didn't bet)
Seat 7: Dorex2007 (button) folded before Flop (didn't bet)
Seat 8: iggypop85 (small blind) folded before Flop
Seat 9: Ossenberg (big blind) folded on the Flop



PokerStars Hand #238859812742:  Hold'em No Limit ($0.02/$0.05 USD) - 2022/09/25 10:52:22 PT [2022/09/25 13:52:22 ET]
Table 'Bussolini III' 9-max Seat #8 is the button
Seat 1: Fenri17UK ($6.27 in chips) 
Seat 2: CutCut74 ($8.82 in chips) 
Seat 3: FoxCocs ($7.92 in chips) 
Seat 4: twk7 ($5.21 in chips) 
Seat 5: bjrtyuk ($5 in chips) 
Seat 6: mr_brandy19 ($4.29 in chips) 
Seat 7: Dorex2007 ($5.14 in chips) 
Seat 8: iggypop85 ($2.64 in chips) 
Seat 9: Ossenberg ($5.61 in chips) 
Ossenberg: posts small blind $0.02
Fenri17UK: posts big blind $0.05
*** HOLE CARDS ***
Dealt to Dorex2007 [Qs 3h]
CutCut74: calls $0.05
FoxCocs: folds 
twk7: folds 
bjrtyuk: folds 
mr_brandy19: folds 
Dorex2007: folds 
iggypop85: raises $0.05 to $0.10
Ossenberg: folds 
Fenri17UK: folds 
CutCut74: raises $0.20 to $0.30
iggypop85: calls $0.20
*** FLOP *** [9d Ts Qc]
CutCut74: checks 
iggypop85: bets $0.64
CutCut74: folds 
Uncalled bet ($0.64) returned to iggypop85
iggypop85 collected $0.64 from pot
*** SUMMARY ***
Total pot $0.67 | Rake $0.03 
Board [9d Ts Qc]
Seat 1: Fenri17UK (big blind) folded before Flop
Seat 2: CutCut74 folded on the Flop
Seat 3: FoxCocs folded before Flop (didn't bet)
Seat 4: twk7 folded before Flop (didn't bet)
Seat 5: bjrtyuk folded before Flop (didn't bet)
Seat 6: mr_brandy19 folded before Flop (didn't bet)
Seat 7: Dorex2007 folded before Flop (didn't bet)
Seat 8: iggypop85 (button) collected ($0.64)
Seat 9: Ossenberg (small blind) folded before Flop



PokerStars Hand #238859841102:  Hold'em No Limit ($0.02/$0.05 USD) - 2022/09/25 10:53:19 PT [2022/09/25 13:53:19 ET]
Table 'Bussolini III' 9-max Seat #9 is the button
Seat 1: Fenri17UK ($6.22 in chips) 
Seat 2: CutCut74 ($8.52 in chips) 
Seat 3: FoxCocs ($7.92 in chips) 
Seat 4: twk7 ($5.21 in chips) 
Seat 5: bjrtyuk ($5 in chips) 
Seat 6: mr_brandy19 ($4.29 in chips) 
Seat 7: Dorex2007 ($5.14 in chips) 
Seat 8: iggypop85 ($2.98 in chips) 
Seat 9: Ossenberg ($5.59 in chips) 
Fenri17UK: posts small blind $0.02
CutCut74: posts big blind $0.05
*** HOLE CARDS ***
Dealt to Dorex2007 [Js 3c]
FoxCocs: raises $0.35 to $0.40
twk7: folds 
bjrtyuk: folds 
mr_brandy19: folds 
Dorex2007: folds 
iggypop85: folds 
Ossenberg: folds 
Fenri17UK: folds 
CutCut74: calls $0.35
*** FLOP *** [4h 8d Ac]
CutCut74: checks 
FoxCocs: bets $0.35
CutCut74: calls $0.35
*** TURN *** [4h 8d Ac] [Tc]
CutCut74: checks 
FoxCocs: checks 
*** RIVER *** [4h 8d Ac Tc] [5d]
CutCut74: checks 
FoxCocs: bets $0.05
CutCut74: raises $0.95 to $1
FoxCocs: calls $0.95
*** SHOW DOWN ***
CutCut74: shows [8s 8c] (three of a kind, Eights)
FoxCocs: mucks hand 
CutCut74 collected $3.37 from pot
*** SUMMARY ***
Total pot $3.52 | Rake $0.15 
Board [4h 8d Ac Tc 5d]
Seat 1: Fenri17UK (small blind) folded before Flop
Seat 2: CutCut74 (big blind) showed [8s 8c] and won ($3.37) with three of a kind, Eights
Seat 3: FoxCocs mucked [9h 9s]
Seat 4: twk7 folded before Flop (didn't bet)
Seat 5: bjrtyuk folded before Flop (didn't bet)
Seat 6: mr_brandy19 folded before Flop (didn't bet)
Seat 7: Dorex2007 folded before Flop (didn't bet)
Seat 8: iggypop85 folded before Flop (didn't bet)
Seat 9: Ossenberg (button) folded before Flop (didn't bet)



PokerStars Hand #238859876562:  Hold'em No Limit ($0.02/$0.05 USD) - 2022/09/25 10:54:32 PT [2022/09/25 13:54:32 ET]
Table 'Bussolini III' 9-max Seat #1 is the button
Seat 1: Fenri17UK ($6.20 in chips) 
Seat 2: CutCut74 ($10.14 in chips) 
Seat 3: FoxCocs ($6.17 in chips) 
Seat 4: twk7 ($5.21 in chips) 
Seat 5: bjrtyuk ($5 in chips) 
Seat 6: mr_brandy19 ($4.29 in chips) 
Seat 7: Dorex2007 ($5.14 in chips) 
Seat 8: iggypop85 ($2.98 in chips) 
Seat 9: Ossenberg ($5.59 in chips) 
CutCut74: posts small blind $0.02
FoxCocs: posts big blind $0.05
*** HOLE CARDS ***
Dealt to Dorex2007 [8d Ac]
twk7: folds 
bjrtyuk: folds 
mr_brandy19: folds 
Dorex2007: folds 
iggypop85 has timed out
iggypop85: folds 
Ossenberg: folds 
Fenri17UK: folds 
CutCut74: calls $0.03
FoxCocs: checks 
*** FLOP *** [4h 4c 3s]
CutCut74: bets $0.05
FoxCocs: folds 
Uncalled bet ($0.05) returned to CutCut74
CutCut74 collected $0.10 from pot
*** SUMMARY ***
Total pot $0.10 | Rake $0 
Board [4h 4c 3s]
Seat 1: Fenri17UK (button) folded before Flop (didn't bet)
Seat 2: CutCut74 (small blind) collected ($0.10)
Seat 3: FoxCocs (big blind) folded on the Flop
Seat 4: twk7 folded before Flop (didn't bet)
Seat 5: bjrtyuk folded before Flop (didn't bet)
Seat 6: mr_brandy19 folded before Flop (didn't bet)
Seat 7: Dorex2007 folded before Flop (didn't bet)
Seat 8: iggypop85 folded before Flop (didn't bet)
Seat 9: Ossenberg folded before Flop (didn't bet)



PokerStars Hand #238859895139:  Hold'em No Limit ($0.02/$0.05 USD) - 2022/09/25 10:55:11 PT [2022/09/25 13:55:11 ET]
Table 'Bussolini III' 9-max Seat #2 is the button
Seat 1: Fenri17UK ($6.20 in chips) 
Seat 2: CutCut74 ($10.19 in chips) 
Seat 3: FoxCocs ($6.12 in chips) 
Seat 5: bjrtyuk ($5 in chips) 
Seat 6: mr_brandy19 ($4.29 in chips) 
Seat 7: Dorex2007 ($5.14 in chips) 
Seat 9: Ossenberg ($5.59 in chips) 
FoxCocs: posts small blind $0.02
twk7: is sitting out 
bjrtyuk: posts big blind $0.05
*** HOLE CARDS ***
Dealt to Dorex2007 [7s 4h]
twk7 leaves the table
mr_brandy19: folds 
Dorex2007: folds 
Ossenberg: folds 
Fenri17UK: folds 
CutCut74: folds 
FoxCocs: raises $0.35 to $0.40
bjrtyuk: raises $4.60 to $5 and is all-in
FoxCocs: folds 
Uncalled bet ($4.60) returned to bjrtyuk
bjrtyuk collected $0.80 from pot
bjrtyuk: doesn't show hand 
*** SUMMARY ***
Total pot $0.80 | Rake $0 
Seat 1: Fenri17UK folded before Flop (didn't bet)
Seat 2: CutCut74 (button) folded before Flop (didn't bet)
Seat 3: FoxCocs (small blind) folded before Flop
Seat 5: bjrtyuk (big blind) collected ($0.80)
Seat 6: mr_brandy19 folded before Flop (didn't bet)
Seat 7: Dorex2007 folded before Flop (didn't bet)
Seat 9: Ossenberg folded before Flop (didn't bet)



PokerStars Hand #238859905417:  Hold'em No Limit ($0.02/$0.05 USD) - 2022/09/25 10:55:47 PT [2022/09/25 13:55:47 ET]
Table 'Bussolini III' 9-max Seat #3 is the button
Seat 1: Fenri17UK ($6.20 in chips) 
Seat 2: CutCut74 ($10.19 in chips) 
Seat 3: FoxCocs ($5.72 in chips) 
Seat 5: bjrtyuk ($5.40 in chips) 
Seat 6: mr_brandy19 ($4.29 in chips) 
Seat 7: Dorex2007 ($5.14 in chips) 
Seat 9: Ossenberg ($5.59 in chips) 
bjrtyuk: posts small blind $0.02
mr_brandy19: posts big blind $0.05
*** HOLE CARDS ***
Dealt to Dorex2007 [7d Kh]
Dorex2007: folds 
Ossenberg: folds 
Fenri17UK: folds 
BluffOnTable joins the table at seat #4 
CutCut74: folds 
FoxCocs: calls $0.05
bjrtyuk: folds 
mr_brandy19: checks 
*** FLOP *** [Jc Kd Kc]
mr_brandy19: checks 
FoxCocs: bets $0.25
mr_brandy19: folds 
Uncalled bet ($0.25) returned to FoxCocs
FoxCocs collected $0.12 from pot
*** SUMMARY ***
Total pot $0.12 | Rake $0 
Board [Jc Kd Kc]
Seat 1: Fenri17UK folded before Flop (didn't bet)
Seat 2: CutCut74 folded before Flop (didn't bet)
Seat 3: FoxCocs (button) collected ($0.12)
Seat 5: bjrtyuk (small blind) folded before Flop
Seat 6: mr_brandy19 (big blind) folded on the Flop
Seat 7: Dorex2007 folded before Flop (didn't bet)
Seat 9: Ossenberg folded before Flop (didn't bet)



PokerStars Hand #238859913538:  Hold'em No Limit ($0.02/$0.05 USD) - 2022/09/25 10:56:17 PT [2022/09/25 13:56:17 ET]
Table 'Bussolini III' 9-max Seat #5 is the button
Seat 1: Fenri17UK ($6.20 in chips) 
Seat 2: CutCut74 ($10.19 in chips) 
Seat 3: FoxCocs ($5.79 in chips) 
Seat 5: bjrtyuk ($5.38 in chips) 
Seat 6: mr_brandy19 ($4.24 in chips) 
Seat 7: Dorex2007 ($5.14 in chips) 
Seat 9: Ossenberg ($5.59 in chips) 
mr_brandy19: posts small blind $0.02
Dorex2007: posts big blind $0.05
BluffOnTable: sits out 
*** HOLE CARDS ***
Dealt to Dorex2007 [As 8c]
Ossenberg: folds 
Fenri17UK: calls $0.05
CutCut74: calls $0.05
FoxCocs: raises $2.05 to $2.10
bjrtyuk: folds 
mr_brandy19: folds 
Dorex2007: folds 
Fenri17UK: folds 
CutCut74: folds 
Uncalled bet ($2.05) returned to FoxCocs
FoxCocs collected $0.22 from pot
*** SUMMARY ***
Total pot $0.22 | Rake $0 
Seat 1: Fenri17UK folded before Flop
Seat 2: CutCut74 folded before Flop
Seat 3: FoxCocs collected ($0.22)
Seat 5: bjrtyuk (button) folded before Flop (didn't bet)
Seat 6: mr_brandy19 (small blind) folded before Flop
Seat 7: Dorex2007 (big blind) folded before Flop
Seat 9: Ossenberg folded before Flop (didn't bet)



PokerStars Hand #238859920183:  Hold'em No Limit ($0.02/$0.05 USD) - 2022/09/25 10:56:41 PT [2022/09/25 13:56:41 ET]
Table 'Bussolini III' 9-max Seat #6 is the button
Seat 1: Fenri17UK ($6.15 in chips) 
Seat 2: CutCut74 ($10.14 in chips) 
Seat 3: FoxCocs ($5.96 in chips) 
Seat 5: bjrtyuk ($5.38 in chips) 
Seat 6: mr_brandy19 ($4.22 in chips) 
Seat 7: Dorex2007 ($5.09 in chips) 
Seat 8: iggypop85 ($2.98 in chips) 
Seat 9: Ossenberg ($5.59 in chips) 
Dorex2007: posts small blind $0.02
iggypop85: posts big blind $0.05
BluffOnTable: sits out 
*** HOLE CARDS ***
Dealt to Dorex2007 [7c 8h]
Ossenberg: folds 
Fenri17UK: folds 
CutCut74: folds 
Fenri17UK leaves the table
FoxCocs: raises $0.90 to $0.95
bjrtyuk: folds 
mr_brandy19: folds 
Dorex2007: folds 
iggypop85: folds 
Uncalled bet ($0.90) returned to FoxCocs
FoxCocs collected $0.12 from pot
*** SUMMARY ***
Total pot $0.12 | Rake $0 
Seat 1: Fenri17UK folded before Flop (didn't bet)
Seat 2: CutCut74 folded before Flop (didn't bet)
Seat 3: FoxCocs collected ($0.12)
Seat 5: bjrtyuk folded before Flop (didn't bet)
Seat 6: mr_brandy19 (button) folded before Flop (didn't bet)
Seat 7: Dorex2007 (small blind) folded before Flop
Seat 8: iggypop85 (big blind) folded before Flop
Seat 9: Ossenberg folded before Flop (didn't bet)



PokerStars Hand #238859927688:  Hold'em No Limit ($0.02/$0.05 USD) - 2022/09/25 10:57:09 PT [2022/09/25 13:57:09 ET]
Table 'Bussolini III' 9-max Seat #7 is the button
Seat 2: CutCut74 ($10.14 in chips) 
Seat 3: FoxCocs ($6.03 in chips) 
Seat 5: bjrtyuk ($5.38 in chips) 
Seat 6: mr_brandy19 ($4.22 in chips) 
Seat 7: Dorex2007 ($5.07 in chips) 
Seat 8: iggypop85 ($2.93 in chips) 
iggypop85: posts small blind $0.02
CutCut74: posts big blind $0.05
BluffOnTable: sits out 
*** HOLE CARDS ***
Dealt to Dorex2007 [2c Th]
FoxCocs: raises $0.30 to $0.35
bjrtyuk: folds 
mr_brandy19: folds 
Dorex2007: folds 
iggypop85: folds 
CutCut74: folds 
Uncalled bet ($0.30) returned to FoxCocs
FoxCocs collected $0.12 from pot
*** SUMMARY ***
Total pot $0.12 | Rake $0 
Seat 2: CutCut74 (big blind) folded before Flop
Seat 3: FoxCocs collected ($0.12)
Seat 5: bjrtyuk folded before Flop (didn't bet)
Seat 6: mr_brandy19 folded before Flop (didn't bet)
Seat 7: Dorex2007 (button) folded before Flop (didn't bet)
Seat 8: iggypop85 (small blind) folded before Flop



PokerStars Hand #238859932297:  Hold'em No Limit ($0.02/$0.05 USD) - 2022/09/25 10:57:25 PT [2022/09/25 13:57:25 ET]
Table 'Bussolini III' 9-max Seat #8 is the button
Seat 2: CutCut74 ($10.09 in chips) 
Seat 3: FoxCocs ($6.10 in chips) 
Seat 5: bjrtyuk ($5.38 in chips) 
Seat 6: mr_brandy19 ($4.22 in chips) 
Seat 7: Dorex2007 ($5.07 in chips) 
Seat 8: iggypop85 ($2.91 in chips) 
CutCut74: posts small blind $0.02
FoxCocs: posts big blind $0.05
BluffOnTable: sits out 
*** HOLE CARDS ***
Dealt to Dorex2007 [Qs 2d]
bjrtyuk: folds 
jusssssssstin joins the table at seat #1 
mr_brandy19: folds 
Dorex2007: folds 
iggypop85: raises $0.10 to $0.15
CutCut74: calls $0.13
FoxCocs: calls $0.10
*** FLOP *** [Ad 9s Qc]
CutCut74: checks 
FoxCocs: checks 
iggypop85: bets $0.21
CutCut74: calls $0.21
FoxCocs: folds 
*** TURN *** [Ad 9s Qc] [2s]
CutCut74: checks 
iggypop85: bets $0.41
CutCut74: folds 
Uncalled bet ($0.41) returned to iggypop85
iggypop85 collected $0.83 from pot
*** SUMMARY ***
Total pot $0.87 | Rake $0.04 
Board [Ad 9s Qc 2s]
Seat 2: CutCut74 (small blind) folded on the Turn
Seat 3: FoxCocs (big blind) folded on the Flop
Seat 5: bjrtyuk folded before Flop (didn't bet)
Seat 6: mr_brandy19 folded before Flop (didn't bet)
Seat 7: Dorex2007 folded before Flop (didn't bet)
Seat 8: iggypop85 (button) collected ($0.83)



PokerStars Hand #238859954287:  Hold'em No Limit ($0.02/$0.05 USD) - 2022/09/25 10:58:45 PT [2022/09/25 13:58:45 ET]
Table 'Bussolini III' 9-max Seat #2 is the button
Seat 2: CutCut74 ($9.73 in chips) 
Seat 3: FoxCocs ($5.95 in chips) 
Seat 4: BluffOnTable ($5 in chips) 
Seat 5: bjrtyuk ($5.38 in chips) 
Seat 6: mr_brandy19 ($4.22 in chips) 
Seat 7: Dorex2007 ($5.07 in chips) 
Seat 8: iggypop85 ($3.38 in chips) 
FoxCocs: posts small blind $0.02
BluffOnTable: posts big blind $0.05
jusssssssstin: sits out 
*** HOLE CARDS ***
Dealt to Dorex2007 [Kd 5d]
bjrtyuk: folds 
mr_brandy19: folds 
Dorex2007: folds 
iggypop85: folds 
CutCut74: raises $0.10 to $0.15
FoxCocs: calls $0.13
BluffOnTable has timed out
BluffOnTable: folds 
*** FLOP *** [9c Js 8c]
FoxCocs: checks 
CutCut74: checks 
*** TURN *** [9c Js 8c] [Ac]
FoxCocs: checks 
CutCut74: bets $0.10
FoxCocs: calls $0.10
*** RIVER *** [9c Js 8c Ac] [3d]
FoxCocs: checks 
CutCut74: checks 
*** SHOW DOWN ***
FoxCocs: shows [7d Qs] (high card Ace)
CutCut74: shows [Ad 6h] (a pair of Aces)
CutCut74 collected $0.53 from pot
*** SUMMARY ***
Total pot $0.55 | Rake $0.02 
Board [9c Js 8c Ac 3d]
Seat 2: CutCut74 (button) showed [Ad 6h] and won ($0.53) with a pair of Aces
Seat 3: FoxCocs (small blind) showed [7d Qs] and lost with high card Ace
Seat 4: BluffOnTable (big blind) folded before Flop
Seat 5: bjrtyuk folded before Flop (didn't bet)
Seat 6: mr_brandy19 folded before Flop (didn't bet)
Seat 7: Dorex2007 folded before Flop (didn't bet)
Seat 8: iggypop85 folded before Flop (didn't bet)



PokerStars Hand #238859975345:  Hold'em No Limit ($0.02/$0.05 USD) - 2022/09/25 11:00:02 PT [2022/09/25 14:00:02 ET]
Table 'Bussolini III' 9-max Seat #3 is the button
Seat 2: CutCut74 ($10.01 in chips) 
Seat 3: FoxCocs ($5.70 in chips) 
Seat 4: BluffOnTable ($5 in chips) 
Seat 5: bjrtyuk ($5.38 in chips) 
Seat 6: mr_brandy19 ($4.22 in chips) 
Seat 7: Dorex2007 ($5.07 in chips) 
Seat 8: iggypop85 ($3.38 in chips) 
BluffOnTable: posts small blind $0.02
bjrtyuk: posts big blind $0.05
jusssssssstin: sits out 
*** HOLE CARDS ***
Dealt to Dorex2007 [3c 2c]
mr_brandy19: folds 
Dorex2007: folds 
iggypop85: raises $0.10 to $0.15
CutCut74: folds 
FoxCocs: calls $0.15
BluffOnTable: folds 
bjrtyuk: folds 
*** FLOP *** [5h 9c 2h]
iggypop85: checks 
FoxCocs: bets $0.40
iggypop85: folds 
Uncalled bet ($0.40) returned to FoxCocs
FoxCocs collected $0.35 from pot
*** SUMMARY ***
Total pot $0.37 | Rake $0.02 
Board [5h 9c 2h]
Seat 2: CutCut74 folded before Flop (didn't bet)
Seat 3: FoxCocs (button) collected ($0.35)
Seat 4: BluffOnTable (small blind) folded before Flop
Seat 5: bjrtyuk (big blind) folded before Flop
Seat 6: mr_brandy19 folded before Flop (didn't bet)
Seat 7: Dorex2007 folded before Flop (didn't bet)
Seat 8: iggypop85 folded on the Flop



PokerStars Hand #238859985693:  Hold'em No Limit ($0.02/$0.05 USD) - 2022/09/25 11:00:36 PT [2022/09/25 14:00:36 ET]
Table 'Bussolini III' 9-max Seat #4 is the button
Seat 2: CutCut74 ($10.01 in chips) 
Seat 3: FoxCocs ($5.90 in chips) 
Seat 4: BluffOnTable ($5 in chips) 
Seat 5: bjrtyuk ($5.33 in chips) 
Seat 6: mr_brandy19 ($4.22 in chips) 
Seat 7: Dorex2007 ($5.07 in chips) 
Seat 8: iggypop85 ($3.23 in chips) 
bjrtyuk: posts small blind $0.02
mr_brandy19: posts big blind $0.05
jusssssssstin: sits out 
*** HOLE CARDS ***
Dealt to Dorex2007 [As 4h]
Dorex2007: folds 
iggypop85: folds 
CutCut74: raises $0.05 to $0.10
FoxCocs: raises $0.95 to $1.05
BluffOnTable: folds 
bjrtyuk: folds 
mr_brandy19: folds 
CutCut74: folds 
Uncalled bet ($0.95) returned to FoxCocs
FoxCocs collected $0.27 from pot
*** SUMMARY ***
Total pot $0.27 | Rake $0 
Seat 2: CutCut74 folded before Flop
Seat 3: FoxCocs collected ($0.27)
Seat 4: BluffOnTable (button) folded before Flop (didn't bet)
Seat 5: bjrtyuk (small blind) folded before Flop
Seat 6: mr_brandy19 (big blind) folded before Flop
Seat 7: Dorex2007 folded before Flop (didn't bet)
Seat 8: iggypop85 folded before Flop (didn't bet)



PokerStars Hand #238859998978:  Hold'em No Limit ($0.02/$0.05 USD) - 2022/09/25 11:01:16 PT [2022/09/25 14:01:16 ET]
Table 'Bussolini III' 9-max Seat #5 is the button
Seat 2: CutCut74 ($9.91 in chips) 
Seat 3: FoxCocs ($6.07 in chips) 
Seat 4: BluffOnTable ($5 in chips) 
Seat 5: bjrtyuk ($5.31 in chips) 
Seat 6: mr_brandy19 ($4.17 in chips) 
Seat 7: Dorex2007 ($5.07 in chips) 
Seat 8: iggypop85 ($3.23 in chips) 
mr_brandy19: posts small blind $0.02
Dorex2007: posts big blind $0.05
jusssssssstin: sits out 
*** HOLE CARDS ***
Dealt to Dorex2007 [9s 4s]
iggypop85: raises $0.10 to $0.15
CutCut74: folds 
FoxCocs: calls $0.15
BluffOnTable has timed out
BluffOnTable: folds 
bjrtyuk: folds 
mr_brandy19: folds 
Dorex2007: folds 
*** FLOP *** [As 3d Qh]
iggypop85: checks 
FoxCocs: checks 
*** TURN *** [As 3d Qh] [Qc]
iggypop85: bets $0.17
FoxCocs: calls $0.17
*** RIVER *** [As 3d Qh Qc] [2h]
iggypop85: checks 
FoxCocs: checks 
*** SHOW DOWN ***
iggypop85: shows [Ac 4c] (two pair, Aces and Queens)
FoxCocs: mucks hand 
iggypop85 collected $0.68 from pot
*** SUMMARY ***
Total pot $0.71 | Rake $0.03 
Board [As 3d Qh Qc 2h]
Seat 2: CutCut74 folded before Flop (didn't bet)
Seat 3: FoxCocs mucked [Ts 2d]
Seat 4: BluffOnTable folded before Flop (didn't bet)
Seat 5: bjrtyuk (button) folded before Flop (didn't bet)
Seat 6: mr_brandy19 (small blind) folded before Flop
Seat 7: Dorex2007 (big blind) folded before Flop
Seat 8: iggypop85 showed [Ac 4c] and won ($0.68) with two pair, Aces and Queens



PokerStars Hand #238860019075:  Hold'em No Limit ($0.02/$0.05 USD) - 2022/09/25 11:02:07 PT [2022/09/25 14:02:07 ET]
Table 'Bussolini III' 9-max Seat #6 is the button
Seat 2: CutCut74 ($9.91 in chips) 
Seat 3: FoxCocs ($5.75 in chips) 
Seat 5: bjrtyuk ($5.31 in chips) 
Seat 6: mr_brandy19 ($4.15 in chips) 
Seat 7: Dorex2007 ($5.02 in chips) 
Seat 8: iggypop85 ($3.59 in chips) 
Dorex2007: posts small blind $0.02
iggypop85: posts big blind $0.05
jusssssssstin: sits out 
*** HOLE CARDS ***
Dealt to Dorex2007 [As 9d]
CutCut74: folds 
FoxCocs: raises $0.65 to $0.70
bjrtyuk: folds 
Dorex2007 is disconnected 
Ossenberg is disconnected 
CutCut74 is disconnected 
bjrtyuk is disconnected 
jusssssssstin is disconnected 
mr_brandy19 has timed out
mr_brandy19: folds 
BluffOnTable is disconnected 
mr_brandy19 is disconnected 
Dorex2007 has timed out while disconnected
Dorex2007: folds 
iggypop85: raises $2.89 to $3.59 and is all-in
FoxCocs is disconnected 
CutCut74 is disconnected 
CutCut74 leaves the table
robin2341 joins the table at seat #2 
FoxCocs has timed out while disconnected
FoxCocs: folds 
Uncalled bet ($2.89) returned to iggypop85
iggypop85 collected $1.42 from pot
*** SUMMARY ***
Total pot $1.42 | Rake $0 
Seat 2: CutCut74 folded before Flop (didn't bet)
Seat 3: FoxCocs folded before Flop
Seat 5: bjrtyuk folded before Flop (didn't bet)
Seat 6: mr_brandy19 (button) folded before Flop (didn't bet)
Seat 7: Dorex2007 (small blind) folded before Flop
Seat 8: iggypop85 (big blind) collected ($1.42)



PokerStars Hand #238860205807:  Hold'em No Limit ($0.02/$0.05 USD) - 2022/09/25 11:07:46 PT [2022/09/25 14:07:46 ET]
Table 'Bussolini III' 9-max Seat #7 is the button
Seat 1: jusssssssstin ($5 in chips) 
Seat 4: BluffOnTable ($5 in chips) 
Seat 5: bjrtyuk ($5.31 in chips) 
Seat 6: mr_brandy19 ($4.15 in chips) 
Seat 7: Dorex2007 ($5 in chips) 
Seat 8: iggypop85 ($4.31 in chips) 
iggypop85: posts small blind $0.02
jusssssssstin: posts big blind $0.05
robin2341: sits out 
*** HOLE CARDS ***
Dealt to Dorex2007 [6d Kh]
BluffOnTable: folds 
bjrtyuk: folds 
mr_brandy19: folds 
Dorex2007: folds 
iggypop85: folds 
Uncalled bet ($0.03) returned to jusssssssstin
jusssssssstin collected $0.04 from pot
jusssssssstin: doesn't show hand 
*** SUMMARY ***
Total pot $0.04 | Rake $0 
Seat 1: jusssssssstin (big blind) collected ($0.04)
Seat 4: BluffOnTable folded before Flop (didn't bet)
Seat 5: bjrtyuk folded before Flop (didn't bet)
Seat 6: mr_brandy19 folded before Flop (didn't bet)
Seat 7: Dorex2007 (button) folded before Flop (didn't bet)
Seat 8: iggypop85 (small blind) folded before Flop



PokerStars Hand #238860211322:  Hold'em No Limit ($0.02/$0.05 USD) - 2022/09/25 11:07:57 PT [2022/09/25 14:07:57 ET]
Table 'Bussolini III' 9-max Seat #1 is the button
Seat 1: jusssssssstin ($5.02 in chips) 
Seat 4: BluffOnTable ($5 in chips) 
Seat 5: bjrtyuk ($5.31 in chips) 
Seat 6: mr_brandy19 ($4.15 in chips) 
Seat 7: Dorex2007 ($5 in chips) 
BluffOnTable: posts small blind $0.02
bjrtyuk: posts big blind $0.05
*** HOLE CARDS ***
Dealt to Dorex2007 [Ad 8c]
iggypop85 leaves the table
mr_brandy19: folds 
Dorex2007: folds 
jusssssssstin: raises $0.10 to $0.15
BluffOnTable: folds 
bjrtyuk: calls $0.10
*** FLOP *** [7h 3d 6h]
bjrtyuk: checks 
jusssssssstin: bets $0.25
bjrtyuk: folds 
Uncalled bet ($0.25) returned to jusssssssstin
jusssssssstin collected $0.31 from pot
jusssssssstin: doesn't show hand 
*** SUMMARY ***
Total pot $0.32 | Rake $0.01 
Board [7h 3d 6h]
Seat 1: jusssssssstin (button) collected ($0.31)
Seat 4: BluffOnTable (small blind) folded before Flop
Seat 5: bjrtyuk (big blind) folded on the Flop
Seat 6: mr_brandy19 folded before Flop (didn't bet)
Seat 7: Dorex2007 folded before Flop (didn't bet)



PokerStars Hand #238860230174:  Hold'em No Limit ($0.02/$0.05 USD) - 2022/09/25 11:08:35 PT [2022/09/25 14:08:35 ET]
Table 'Bussolini III' 9-max Seat #4 is the button
Seat 1: jusssssssstin ($5.18 in chips) 
Seat 4: BluffOnTable ($5 in chips) 
Seat 5: bjrtyuk ($5.16 in chips) 
Seat 6: mr_brandy19 ($4.15 in chips) 
Seat 7: Dorex2007 ($5 in chips) 
bjrtyuk: posts small blind $0.02
mr_brandy19: posts big blind $0.05
robin2341: sits out 
*** HOLE CARDS ***
Dealt to Dorex2007 [Jd 4h]
Dorex2007: folds 
IceWolf998 joins the table at seat #8 
jusssssssstin: raises $0.05 to $0.10
BluffOnTable: calls $0.10
bjrtyuk: folds 
mr_brandy19: calls $0.05
*** FLOP *** [2s Kc Ah]
mr_brandy19: checks 
jusssssssstin: bets $0.08
BluffOnTable: calls $0.08
mr_brandy19: calls $0.08
*** TURN *** [2s Kc Ah] [7d]
mr_brandy19: checks 
jusssssssstin: checks 
BluffOnTable: checks 
*** RIVER *** [2s Kc Ah 7d] [3c]
mr_brandy19: checks 
FoxCocs leaves the table
jusssssssstin: checks 
BluffOnTable: checks 
*** SHOW DOWN ***
mr_brandy19: shows [Tc Qh] (high card Ace)
jusssssssstin: mucks hand 
BluffOnTable: shows [8s 8h] (a pair of Eights)
BluffOnTable collected $0.54 from pot
*** SUMMARY ***
Total pot $0.56 | Rake $0.02 
Board [2s Kc Ah 7d 3c]
Seat 1: jusssssssstin mucked [5s 6s]
Seat 4: BluffOnTable (button) showed [8s 8h] and won ($0.54) with a pair of Eights
Seat 5: bjrtyuk (small blind) folded before Flop
Seat 6: mr_brandy19 (big blind) showed [Tc Qh] and lost with high card Ace
Seat 7: Dorex2007 folded before Flop (didn't bet)



PokerStars Hand #238860269120:  Hold'em No Limit ($0.02/$0.05 USD) - 2022/09/25 11:09:53 PT [2022/09/25 14:09:53 ET]
Table 'Bussolini III' 9-max Seat #5 is the button
Seat 1: jusssssssstin ($5 in chips) 
Seat 4: BluffOnTable ($5.36 in chips) 
Seat 5: bjrtyuk ($5.14 in chips) 
Seat 6: mr_brandy19 ($3.97 in chips) 
Seat 7: Dorex2007 ($5 in chips) 
mr_brandy19: posts small blind $0.02
Dorex2007: posts big blind $0.05
IceWolf998: sits out 
Ossenberg: sits out 
robin2341: sits out 
*** HOLE CARDS ***
Dealt to Dorex2007 [8h 5h]
Al_pkr_plyr joins the table at seat #3 
jusssssssstin: raises $0.05 to $0.10
BluffOnTable: folds 
bjrtyuk: raises $0.30 to $0.40
mr_brandy19: folds 
Dorex2007: folds 
jusssssssstin: calls $0.30
*** FLOP *** [Kc Qs 7s]
jusssssssstin: checks 
bjrtyuk: bets $0.55
jusssssssstin: folds 
Uncalled bet ($0.55) returned to bjrtyuk
bjrtyuk collected $0.83 from pot
bjrtyuk: doesn't show hand 
*** SUMMARY ***
Total pot $0.87 | Rake $0.04 
Board [Kc Qs 7s]
Seat 1: jusssssssstin folded on the Flop
Seat 4: BluffOnTable folded before Flop (didn't bet)
Seat 5: bjrtyuk (button) collected ($0.83)
Seat 6: mr_brandy19 (small blind) folded before Flop
Seat 7: Dorex2007 (big blind) folded before Flop



PokerStars Hand #238860297871:  Hold'em No Limit ($0.02/$0.05 USD) - 2022/09/25 11:10:51 PT [2022/09/25 14:10:51 ET]
Table 'Bussolini III' 9-max Seat #6 is the button
Seat 1: jusssssssstin ($5 in chips) 
Seat 4: BluffOnTable ($5.36 in chips) 
Seat 5: bjrtyuk ($5.57 in chips) 
Seat 6: mr_brandy19 ($3.95 in chips) 
Seat 7: Dorex2007 ($5 in chips) 
Seat 8: IceWolf998 ($2 in chips) 
Dorex2007: posts small blind $0.02
IceWolf998: posts big blind $0.05
Ossenberg: sits out 
robin2341: sits out 
Al_pkr_plyr: sits out 
*** HOLE CARDS ***
Dealt to Dorex2007 [2s 3s]
jusssssssstin: folds 
BluffOnTable: folds 
bjrtyuk: folds 
mr_brandy19: folds 
Dorex2007: folds 
Uncalled bet ($0.03) returned to IceWolf998
IceWolf998 collected $0.04 from pot
*** SUMMARY ***
Total pot $0.04 | Rake $0 
Seat 1: jusssssssstin folded before Flop (didn't bet)
Seat 4: BluffOnTable folded before Flop (didn't bet)
Seat 5: bjrtyuk folded before Flop (didn't bet)
Seat 6: mr_brandy19 (button) folded before Flop (didn't bet)
Seat 7: Dorex2007 (small blind) folded before Flop
Seat 8: IceWolf998 (big blind) collected ($0.04)



PokerStars Hand #238860303136:  Hold'em No Limit ($0.02/$0.05 USD) - 2022/09/25 11:11:01 PT [2022/09/25 14:11:01 ET]
Table 'Bussolini III' 9-max Seat #7 is the button
Seat 1: jusssssssstin ($5 in chips) 
Seat 4: BluffOnTable ($5.36 in chips) 
Seat 5: bjrtyuk ($5.57 in chips) 
Seat 6: mr_brandy19 ($3.95 in chips) 
Seat 7: Dorex2007 ($5 in chips) 
Seat 8: IceWolf998 ($2.02 in chips) 
Seat 9: Ossenberg ($5.59 in chips) 
IceWolf998: posts small blind $0.02
Ossenberg: posts big blind $0.05
robin2341: sits out 
Al_pkr_plyr: sits out 
*** HOLE CARDS ***
Dealt to Dorex2007 [Kh Jc]
jusssssssstin: folds 
BluffOnTable: folds 
bjrtyuk: folds 
mr_brandy19: raises $0.10 to $0.15
Dorex2007: calls $0.15
IceWolf998: folds 
Ossenberg: folds 
*** FLOP *** [8h 9h 5s]
mr_brandy19: bets $0.20
Dorex2007: folds 
Uncalled bet ($0.20) returned to mr_brandy19
mr_brandy19 collected $0.35 from pot
mr_brandy19: doesn't show hand 
*** SUMMARY ***
Total pot $0.37 | Rake $0.02 
Board [8h 9h 5s]
Seat 1: jusssssssstin folded before Flop (didn't bet)
Seat 4: BluffOnTable folded before Flop (didn't bet)
Seat 5: bjrtyuk folded before Flop (didn't bet)
Seat 6: mr_brandy19 collected ($0.35)
Seat 7: Dorex2007 (button) folded on the Flop
Seat 8: IceWolf998 (small blind) folded before Flop
Seat 9: Ossenberg (big blind) folded before Flop



PokerStars Hand #238860321959:  Hold'em No Limit ($0.02/$0.05 USD) - 2022/09/25 11:11:39 PT [2022/09/25 14:11:39 ET]
Table 'Bussolini III' 9-max Seat #8 is the button
Seat 1: jusssssssstin ($5 in chips) 
Seat 4: BluffOnTable ($5.36 in chips) 
Seat 5: bjrtyuk ($5.57 in chips) 
Seat 6: mr_brandy19 ($4.15 in chips) 
Seat 7: Dorex2007 ($5 in chips) 
Seat 8: IceWolf998 ($2 in chips) 
Seat 9: Ossenberg ($5.54 in chips) 
Ossenberg: posts small blind $0.02
jusssssssstin: posts big blind $0.05
robin2341: sits out 
Al_pkr_plyr: sits out 
*** HOLE CARDS ***
Dealt to Dorex2007 [Qh 6h]
BluffOnTable has timed out
BluffOnTable: folds 
bjrtyuk: folds 
mr_brandy19: folds 
Dorex2007: folds 
IceWolf998: folds 
Ossenberg: folds 
Uncalled bet ($0.03) returned to jusssssssstin
jusssssssstin collected $0.04 from pot
jusssssssstin: doesn't show hand 
*** SUMMARY ***
Total pot $0.04 | Rake $0 
Seat 1: jusssssssstin (big blind) collected ($0.04)
Seat 4: BluffOnTable folded before Flop (didn't bet)
Seat 5: bjrtyuk folded before Flop (didn't bet)
Seat 6: mr_brandy19 folded before Flop (didn't bet)
Seat 7: Dorex2007 folded before Flop (didn't bet)
Seat 8: IceWolf998 (button) folded before Flop (didn't bet)
Seat 9: Ossenberg (small blind) folded before Flop



PokerStars Hand #238860332080:  Hold'em No Limit ($0.02/$0.05 USD) - 2022/09/25 11:12:00 PT [2022/09/25 14:12:00 ET]
Table 'Bussolini III' 9-max Seat #9 is the button
Seat 1: jusssssssstin ($5.02 in chips) 
Seat 2: robin2341 ($4 in chips) 
Seat 4: BluffOnTable ($5.36 in chips) 
Seat 5: bjrtyuk ($5.57 in chips) 
Seat 6: mr_brandy19 ($4.15 in chips) 
Seat 7: Dorex2007 ($5 in chips) 
Seat 8: IceWolf998 ($2 in chips) 
Seat 9: Ossenberg ($5.52 in chips) 
jusssssssstin: posts small blind $0.02
robin2341: posts big blind $0.05
Al_pkr_plyr: sits out 
*** HOLE CARDS ***
Dealt to Dorex2007 [Qd 3s]
BluffOnTable: folds 
bjrtyuk: folds 
mr_brandy19: folds 
Dorex2007: folds 
IceWolf998: calls $0.05
Ossenberg: folds 
jusssssssstin: calls $0.03
robin2341: checks 
*** FLOP *** [Ah 3c Js]
jusssssssstin: checks 
robin2341: checks 
IceWolf998: checks 
*** TURN *** [Ah 3c Js] [7d]
jusssssssstin: checks 
robin2341: checks 
IceWolf998: bets $0.07
jusssssssstin: folds 
robin2341: calls $0.07
*** RIVER *** [Ah 3c Js 7d] [5h]
robin2341: checks 
IceWolf998: bets $0.14
robin2341: raises $0.56 to $0.70
IceWolf998: calls $0.56
*** SHOW DOWN ***
robin2341: shows [6c 4c] (a straight, Three to Seven)
IceWolf998: mucks hand 
robin2341 collected $1.62 from pot
*** SUMMARY ***
Total pot $1.69 | Rake $0.07 
Board [Ah 3c Js 7d 5h]
Seat 1: jusssssssstin (small blind) folded on the Turn
Seat 2: robin2341 (big blind) showed [6c 4c] and won ($1.62) with a straight, Three to Seven
Seat 4: BluffOnTable folded before Flop (didn't bet)
Seat 5: bjrtyuk folded before Flop (didn't bet)
Seat 6: mr_brandy19 folded before Flop (didn't bet)
Seat 7: Dorex2007 folded before Flop (didn't bet)
Seat 8: IceWolf998 mucked [8h Ac]
Seat 9: Ossenberg (button) folded before Flop (didn't bet)



PokerStars Hand #238860374585:  Hold'em No Limit ($0.02/$0.05 USD) - 2022/09/25 11:13:25 PT [2022/09/25 14:13:25 ET]
Table 'Bussolini III' 9-max Seat #1 is the button
Seat 1: jusssssssstin ($5 in chips) 
Seat 2: robin2341 ($4.80 in chips) 
Seat 3: Al_pkr_plyr ($5 in chips) 
Seat 4: BluffOnTable ($5.36 in chips) 
Seat 5: bjrtyuk ($5.57 in chips) 
Seat 6: mr_brandy19 ($4.15 in chips) 
Seat 7: Dorex2007 ($5 in chips) 
Seat 8: IceWolf998 ($1.18 in chips) 
Seat 9: Ossenberg ($5.52 in chips) 
robin2341: posts small blind $0.02
Al_pkr_plyr: posts big blind $0.05
*** HOLE CARDS ***
Dealt to Dorex2007 [3s 6c]
BluffOnTable: folds 
bjrtyuk: folds 
mr_brandy19: folds 
Dorex2007: folds 
IceWolf998: calls $0.05
Ossenberg: folds 
jusssssssstin has timed out
jusssssssstin: folds 
robin2341: raises $0.15 to $0.20
Al_pkr_plyr: folds 
Al_pkr_plyr is disconnected 
Dorex2007 is disconnected 
Ossenberg is disconnected 
bjrtyuk is disconnected 
mr_brandy19 is disconnected 
robin2341 is disconnected 
BluffOnTable is disconnected 
jusssssssstin is disconnected 
IceWolf998 has timed out
IceWolf998: folds 
Uncalled bet ($0.15) returned to robin2341
robin2341 collected $0.15 from pot
*** SUMMARY ***
Total pot $0.15 | Rake $0 
Seat 1: jusssssssstin (button) folded before Flop (didn't bet)
Seat 2: robin2341 (small blind) collected ($0.15)
Seat 3: Al_pkr_plyr (big blind) folded before Flop
Seat 4: BluffOnTable folded before Flop (didn't bet)
Seat 5: bjrtyuk folded before Flop (didn't bet)
Seat 6: mr_brandy19 folded before Flop (didn't bet)
Seat 7: Dorex2007 folded before Flop (didn't bet)
Seat 8: IceWolf998 folded before Flop
Seat 9: Ossenberg folded before Flop (didn't bet)



