PokerStars Hand #237693721274:  Hold'em No Limit ($0.02/$0.05 USD) - 2022/07/30 21:00:07 PT [2022/07/31 0:00:07 ET]
Table 'Veteraniya II' 9-max Seat #7 is the button
Seat 1: daryl meow ($8.90 in chips) 
Seat 3: tripleplay72 ($5.44 in chips) 
Seat 4: Saydi4067 ($3.13 in chips) 
Seat 5: shin3p ($8.44 in chips) 
Seat 6: AGVsmarT ($3.57 in chips) 
Seat 7: Dorex2007 ($5.36 in chips) 
Seat 9: Almanza63 ($12.44 in chips) 
Almanza63: posts small blind $0.02
daryl meow: posts big blind $0.05
geniuss: sits out 
*** HOLE CARDS ***
Dealt to Dorex2007 [9d Ts]
tripleplay72: folds 
Saydi4067: folds 
shin3p: folds 
AGVsmarT: folds 
Dorex2007: folds 
Almanza63: raises $0.15 to $0.20
ricardofilho20 joins the table at seat #8 
daryl meow: folds 
Uncalled bet ($0.15) returned to Almanza63
Almanza63 collected $0.10 from pot
Almanza63: doesn't show hand 
*** SUMMARY ***
Total pot $0.10 | Rake $0 
Seat 1: daryl meow (big blind) folded before Flop
Seat 3: tripleplay72 folded before Flop (didn't bet)
Seat 4: Saydi4067 folded before Flop (didn't bet)
Seat 5: shin3p folded before Flop (didn't bet)
Seat 6: AGVsmarT folded before Flop (didn't bet)
Seat 7: Dorex2007 (button) folded before Flop (didn't bet)
Seat 9: Almanza63 (small blind) collected ($0.10)



PokerStars Hand #237693725743:  Hold'em No Limit ($0.02/$0.05 USD) - 2022/07/30 21:00:45 PT [2022/07/31 0:00:45 ET]
Table 'Veteraniya II' 9-max Seat #9 is the button
Seat 1: daryl meow ($8.85 in chips) 
Seat 2: geniuss ($5 in chips) 
Seat 3: tripleplay72 ($5.44 in chips) 
Seat 4: Saydi4067 ($3.13 in chips) 
Seat 5: shin3p ($8.44 in chips) 
Seat 6: AGVsmarT ($3.57 in chips) 
Seat 7: Dorex2007 ($5.36 in chips) 
Seat 9: Almanza63 ($12.49 in chips) 
daryl meow: posts small blind $0.02
geniuss: posts big blind $0.05
ricardofilho20: sits out 
*** HOLE CARDS ***
Dealt to Dorex2007 [Qs 6c]
tripleplay72: folds 
Saydi4067: folds 
shin3p: folds 
AGVsmarT: calls $0.05
Dorex2007: folds 
Almanza63: folds 
daryl meow: calls $0.03
geniuss: checks 
*** FLOP *** [4h 2d 2h]
daryl meow: checks 
geniuss: checks 
AGVsmarT: checks 
*** TURN *** [4h 2d 2h] [5d]
daryl meow: checks 
geniuss: checks 
AGVsmarT: bets $0.14
daryl meow: folds 
geniuss: folds 
Uncalled bet ($0.14) returned to AGVsmarT
AGVsmarT collected $0.14 from pot
*** SUMMARY ***
Total pot $0.15 | Rake $0.01 
Board [4h 2d 2h 5d]
Seat 1: daryl meow (small blind) folded on the Turn
Seat 2: geniuss (big blind) folded on the Turn
Seat 3: tripleplay72 folded before Flop (didn't bet)
Seat 4: Saydi4067 folded before Flop (didn't bet)
Seat 5: shin3p folded before Flop (didn't bet)
Seat 6: AGVsmarT collected ($0.14)
Seat 7: Dorex2007 folded before Flop (didn't bet)
Seat 9: Almanza63 (button) folded before Flop (didn't bet)



PokerStars Hand #237693734668:  Hold'em No Limit ($0.02/$0.05 USD) - 2022/07/30 21:01:55 PT [2022/07/31 0:01:55 ET]
Table 'Veteraniya II' 9-max Seat #1 is the button
Seat 1: daryl meow ($8.80 in chips) 
Seat 2: geniuss ($5 in chips) 
Seat 3: tripleplay72 ($5.44 in chips) 
Seat 4: Saydi4067 ($3.13 in chips) 
Seat 5: shin3p ($8.44 in chips) 
Seat 6: AGVsmarT ($3.66 in chips) 
Seat 7: Dorex2007 ($5.36 in chips) 
Seat 8: ricardofilho20 ($3.03 in chips) 
Seat 9: Almanza63 ($12.49 in chips) 
geniuss: posts small blind $0.02
tripleplay72: posts big blind $0.05
ricardofilho20: posts big blind $0.05
*** HOLE CARDS ***
Dealt to Dorex2007 [Kh 6d]
Saydi4067: folds 
shin3p: folds 
AGVsmarT has timed out
AGVsmarT: folds 
Dorex2007: folds 
ricardofilho20: checks 
Almanza63: folds 
daryl meow: folds 
geniuss: calls $0.03
tripleplay72: checks 
*** FLOP *** [7c 2h 3h]
geniuss: checks 
tripleplay72: checks 
ricardofilho20: checks 
*** TURN *** [7c 2h 3h] [7s]
geniuss: bets $0.12
tripleplay72: calls $0.12
ricardofilho20: folds 
*** RIVER *** [7c 2h 3h 7s] [4h]
geniuss: bets $0.37
tripleplay72: calls $0.37
*** SHOW DOWN ***
geniuss: shows [2c 2s] (a full house, Deuces full of Sevens)
tripleplay72: mucks hand 
geniuss collected $1.08 from pot
*** SUMMARY ***
Total pot $1.13 | Rake $0.05 
Board [7c 2h 3h 7s 4h]
Seat 1: daryl meow (button) folded before Flop (didn't bet)
Seat 2: geniuss (small blind) showed [2c 2s] and won ($1.08) with a full house, Deuces full of Sevens
Seat 3: tripleplay72 (big blind) mucked [3d Ad]
Seat 4: Saydi4067 folded before Flop (didn't bet)
Seat 5: shin3p folded before Flop (didn't bet)
Seat 6: AGVsmarT folded before Flop (didn't bet)
Seat 7: Dorex2007 folded before Flop (didn't bet)
Seat 8: ricardofilho20 folded on the Turn (didn't bet)
Seat 9: Almanza63 folded before Flop (didn't bet)



PokerStars Hand #237693742707:  Hold'em No Limit ($0.02/$0.05 USD) - 2022/07/30 21:02:58 PT [2022/07/31 0:02:58 ET]
Table 'Veteraniya II' 9-max Seat #2 is the button
Seat 1: daryl meow ($8.80 in chips) 
Seat 2: geniuss ($5.54 in chips) 
Seat 3: tripleplay72 ($5 in chips) 
Seat 4: Saydi4067 ($3.13 in chips) 
Seat 5: shin3p ($8.44 in chips) 
Seat 7: Dorex2007 ($5.36 in chips) 
Seat 8: ricardofilho20 ($2.98 in chips) 
Seat 9: Almanza63 ($12.49 in chips) 
tripleplay72: posts small blind $0.02
Saydi4067: posts big blind $0.05
*** HOLE CARDS ***
Dealt to Dorex2007 [7h 6h]
shin3p: raises $0.10 to $0.15
Dorex2007: folds 
ricardofilho20: folds 
Almanza63: folds 
daryl meow: folds 
geniuss: folds 
tripleplay72: folds 
Saydi4067: calls $0.10
*** FLOP *** [5c 8d 6c]
Saydi4067: checks 
shin3p: bets $0.15
Saydi4067: folds 
Uncalled bet ($0.15) returned to shin3p
shin3p collected $0.31 from pot
shin3p: doesn't show hand 
*** SUMMARY ***
Total pot $0.32 | Rake $0.01 
Board [5c 8d 6c]
Seat 1: daryl meow folded before Flop (didn't bet)
Seat 2: geniuss (button) folded before Flop (didn't bet)
Seat 3: tripleplay72 (small blind) folded before Flop
Seat 4: Saydi4067 (big blind) folded on the Flop
Seat 5: shin3p collected ($0.31)
Seat 7: Dorex2007 folded before Flop (didn't bet)
Seat 8: ricardofilho20 folded before Flop (didn't bet)
Seat 9: Almanza63 folded before Flop (didn't bet)



PokerStars Hand #237693747433:  Hold'em No Limit ($0.02/$0.05 USD) - 2022/07/30 21:03:35 PT [2022/07/31 0:03:35 ET]
Table 'Veteraniya II' 9-max Seat #3 is the button
Seat 1: daryl meow ($8.80 in chips) 
Seat 2: geniuss ($5.54 in chips) 
Seat 3: tripleplay72 ($5 in chips) 
Seat 4: Saydi4067 ($2.98 in chips) 
Seat 5: shin3p ($8.60 in chips) 
Seat 7: Dorex2007 ($5.36 in chips) 
Seat 8: ricardofilho20 ($2.98 in chips) 
Seat 9: Almanza63 ($12.49 in chips) 
Saydi4067: posts small blind $0.02
shin3p: posts big blind $0.05
*** HOLE CARDS ***
Dealt to Dorex2007 [3d 2d]
Dorex2007: folds 
ricardofilho20: folds 
Almanza63: folds 
daryl meow: raises $0.10 to $0.15
geniuss: folds 
tripleplay72: folds 
Saydi4067: folds 
shin3p: calls $0.10
*** FLOP *** [7h Qc 9s]
shin3p: checks 
daryl meow: bets $0.15
shin3p: calls $0.15
*** TURN *** [7h Qc 9s] [6s]
shin3p: checks 
daryl meow: bets $0.20
shin3p: calls $0.20
*** RIVER *** [7h Qc 9s 6s] [7s]
shin3p: checks 
daryl meow: checks 
*** SHOW DOWN ***
shin3p: shows [8s Ks] (a flush, King high)
daryl meow: mucks hand 
shin3p collected $0.98 from pot
*** SUMMARY ***
Total pot $1.02 | Rake $0.04 
Board [7h Qc 9s 6s 7s]
Seat 1: daryl meow mucked [Jd Kh]
Seat 2: geniuss folded before Flop (didn't bet)
Seat 3: tripleplay72 (button) folded before Flop (didn't bet)
Seat 4: Saydi4067 (small blind) folded before Flop
Seat 5: shin3p (big blind) showed [8s Ks] and won ($0.98) with a flush, King high
Seat 7: Dorex2007 folded before Flop (didn't bet)
Seat 8: ricardofilho20 folded before Flop (didn't bet)
Seat 9: Almanza63 folded before Flop (didn't bet)



PokerStars Hand #237693756082:  Hold'em No Limit ($0.02/$0.05 USD) - 2022/07/30 21:04:42 PT [2022/07/31 0:04:42 ET]
Table 'Veteraniya II' 9-max Seat #4 is the button
Seat 1: daryl meow ($8.30 in chips) 
Seat 2: geniuss ($5.54 in chips) 
Seat 3: tripleplay72 ($5 in chips) 
Seat 4: Saydi4067 ($2.96 in chips) 
Seat 5: shin3p ($9.08 in chips) 
Seat 6: AGVsmarT ($3.66 in chips) 
Seat 7: Dorex2007 ($5.36 in chips) 
Seat 8: ricardofilho20 ($2.98 in chips) 
Seat 9: Almanza63 ($12.49 in chips) 
shin3p: posts small blind $0.02
AGVsmarT: posts big blind $0.05
*** HOLE CARDS ***
Dealt to Dorex2007 [Qc 8c]
Dorex2007: folds 
ricardofilho20: raises $0.05 to $0.10
Almanza63: raises $0.20 to $0.30
daryl meow: folds 
geniuss: folds 
tripleplay72: folds 
Saydi4067: folds 
shin3p: folds 
AGVsmarT: folds 
ricardofilho20: calls $0.20
*** FLOP *** [4s 6s 7s]
ricardofilho20: checks 
Almanza63: bets $0.37
ricardofilho20: calls $0.37
*** TURN *** [4s 6s 7s] [Tc]
ricardofilho20: checks 
Almanza63: bets $1.16
ricardofilho20: folds 
Uncalled bet ($1.16) returned to Almanza63
Almanza63 collected $1.35 from pot
Almanza63: doesn't show hand 
*** SUMMARY ***
Total pot $1.41 | Rake $0.06 
Board [4s 6s 7s Tc]
Seat 1: daryl meow folded before Flop (didn't bet)
Seat 2: geniuss folded before Flop (didn't bet)
Seat 3: tripleplay72 folded before Flop (didn't bet)
Seat 4: Saydi4067 (button) folded before Flop (didn't bet)
Seat 5: shin3p (small blind) folded before Flop
Seat 6: AGVsmarT (big blind) folded before Flop
Seat 7: Dorex2007 folded before Flop (didn't bet)
Seat 8: ricardofilho20 folded on the Turn
Seat 9: Almanza63 collected ($1.35)



PokerStars Hand #237693765985:  Hold'em No Limit ($0.02/$0.05 USD) - 2022/07/30 21:05:58 PT [2022/07/31 0:05:58 ET]
Table 'Veteraniya II' 9-max Seat #5 is the button
Seat 1: daryl meow ($8.30 in chips) 
Seat 2: geniuss ($5.54 in chips) 
Seat 3: tripleplay72 ($5 in chips) 
Seat 4: Saydi4067 ($2.96 in chips) 
Seat 5: shin3p ($9.06 in chips) 
Seat 6: AGVsmarT ($3.61 in chips) 
Seat 7: Dorex2007 ($5.36 in chips) 
Seat 8: ricardofilho20 ($2.31 in chips) 
Seat 9: Almanza63 ($13.17 in chips) 
AGVsmarT: posts small blind $0.02
Dorex2007: posts big blind $0.05
*** HOLE CARDS ***
Dealt to Dorex2007 [5c 8d]
ricardofilho20: folds 
Almanza63: folds 
daryl meow: folds 
geniuss: folds 
tripleplay72: folds 
Saydi4067: folds 
shin3p: folds 
AGVsmarT: calls $0.03
Dorex2007: checks 
*** FLOP *** [Ad 9s Kd]
AGVsmarT: bets $0.10
Dorex2007: folds 
Uncalled bet ($0.10) returned to AGVsmarT
AGVsmarT collected $0.10 from pot
*** SUMMARY ***
Total pot $0.10 | Rake $0 
Board [Ad 9s Kd]
Seat 1: daryl meow folded before Flop (didn't bet)
Seat 2: geniuss folded before Flop (didn't bet)
Seat 3: tripleplay72 folded before Flop (didn't bet)
Seat 4: Saydi4067 folded before Flop (didn't bet)
Seat 5: shin3p (button) folded before Flop (didn't bet)
Seat 6: AGVsmarT (small blind) collected ($0.10)
Seat 7: Dorex2007 (big blind) folded on the Flop
Seat 8: ricardofilho20 folded before Flop (didn't bet)
Seat 9: Almanza63 folded before Flop (didn't bet)



PokerStars Hand #237693772702:  Hold'em No Limit ($0.02/$0.05 USD) - 2022/07/30 21:06:50 PT [2022/07/31 0:06:50 ET]
Table 'Veteraniya II' 9-max Seat #6 is the button
Seat 1: daryl meow ($8.30 in chips) 
Seat 2: geniuss ($5.54 in chips) 
Seat 3: tripleplay72 ($5 in chips) 
Seat 4: Saydi4067 ($2.96 in chips) 
Seat 5: shin3p ($9.06 in chips) 
Seat 6: AGVsmarT ($3.66 in chips) 
Seat 7: Dorex2007 ($5.31 in chips) 
Seat 8: ricardofilho20 ($2.31 in chips) 
Seat 9: Almanza63 ($13.17 in chips) 
Dorex2007: posts small blind $0.02
ricardofilho20: posts big blind $0.05
*** HOLE CARDS ***
Dealt to Dorex2007 [Th 7c]
Almanza63: folds 
daryl meow: folds 
geniuss: folds 
tripleplay72: folds 
Saydi4067: folds 
shin3p: raises $0.10 to $0.15
AGVsmarT: folds 
Dorex2007: folds 
ricardofilho20: folds 
Uncalled bet ($0.10) returned to shin3p
shin3p collected $0.12 from pot
shin3p: doesn't show hand 
*** SUMMARY ***
Total pot $0.12 | Rake $0 
Seat 1: daryl meow folded before Flop (didn't bet)
Seat 2: geniuss folded before Flop (didn't bet)
Seat 3: tripleplay72 folded before Flop (didn't bet)
Seat 4: Saydi4067 folded before Flop (didn't bet)
Seat 5: shin3p collected ($0.12)
Seat 6: AGVsmarT (button) folded before Flop (didn't bet)
Seat 7: Dorex2007 (small blind) folded before Flop
Seat 8: ricardofilho20 (big blind) folded before Flop
Seat 9: Almanza63 folded before Flop (didn't bet)



PokerStars Hand #237693775703:  Hold'em No Limit ($0.02/$0.05 USD) - 2022/07/30 21:07:13 PT [2022/07/31 0:07:13 ET]
Table 'Veteraniya II' 9-max Seat #7 is the button
Seat 1: daryl meow ($8.30 in chips) 
Seat 2: geniuss ($5.54 in chips) 
Seat 3: tripleplay72 ($5 in chips) 
Seat 4: Saydi4067 ($2.96 in chips) 
Seat 5: shin3p ($9.13 in chips) 
Seat 6: AGVsmarT ($3.66 in chips) 
Seat 7: Dorex2007 ($5.29 in chips) 
Seat 8: ricardofilho20 ($2.26 in chips) 
Seat 9: Almanza63 ($13.17 in chips) 
ricardofilho20: posts small blind $0.02
Almanza63: posts big blind $0.05
*** HOLE CARDS ***
Dealt to Dorex2007 [4h Qh]
daryl meow has timed out
daryl meow: folds 
geniuss: folds 
tripleplay72: folds 
Saydi4067: folds 
shin3p: folds 
AGVsmarT: raises $0.10 to $0.15
Dorex2007: folds 
ricardofilho20 has timed out
ricardofilho20: folds 
Almanza63: folds 
Uncalled bet ($0.10) returned to AGVsmarT
AGVsmarT collected $0.12 from pot
*** SUMMARY ***
Total pot $0.12 | Rake $0 
Seat 1: daryl meow folded before Flop (didn't bet)
Seat 2: geniuss folded before Flop (didn't bet)
Seat 3: tripleplay72 folded before Flop (didn't bet)
Seat 4: Saydi4067 folded before Flop (didn't bet)
Seat 5: shin3p folded before Flop (didn't bet)
Seat 6: AGVsmarT collected ($0.12)
Seat 7: Dorex2007 (button) folded before Flop (didn't bet)
Seat 8: ricardofilho20 (small blind) folded before Flop
Seat 9: Almanza63 (big blind) folded before Flop



PokerStars Hand #237693783021:  Hold'em No Limit ($0.02/$0.05 USD) - 2022/07/30 21:08:09 PT [2022/07/31 0:08:09 ET]
Table 'Veteraniya II' 9-max Seat #9 is the button
Seat 1: daryl meow ($8.30 in chips) 
Seat 2: geniuss ($5.54 in chips) 
Seat 3: tripleplay72 ($5 in chips) 
Seat 4: Saydi4067 ($2.96 in chips) 
Seat 5: shin3p ($9.13 in chips) 
Seat 6: AGVsmarT ($3.73 in chips) 
Seat 7: Dorex2007 ($5.29 in chips) 
Seat 9: Almanza63 ($13.12 in chips) 
daryl meow: posts small blind $0.02
geniuss: posts big blind $0.05
*** HOLE CARDS ***
Dealt to Dorex2007 [3d Kc]
tripleplay72: raises $0.10 to $0.15
Saydi4067: folds 
shin3p: folds 
AGVsmarT: folds 
Dorex2007: folds 
Almanza63: calls $0.15
daryl meow: calls $0.13
geniuss: folds 
*** FLOP *** [2s Ah 9h]
daryl meow: checks 
tripleplay72: checks 
Almanza63: checks 
*** TURN *** [2s Ah 9h] [5c]
daryl meow: checks 
tripleplay72: bets $0.24
Almanza63: folds 
daryl meow: folds 
Uncalled bet ($0.24) returned to tripleplay72
tripleplay72 collected $0.48 from pot
*** SUMMARY ***
Total pot $0.50 | Rake $0.02 
Board [2s Ah 9h 5c]
Seat 1: daryl meow (small blind) folded on the Turn
Seat 2: geniuss (big blind) folded before Flop
Seat 3: tripleplay72 collected ($0.48)
Seat 4: Saydi4067 folded before Flop (didn't bet)
Seat 5: shin3p folded before Flop (didn't bet)
Seat 6: AGVsmarT folded before Flop (didn't bet)
Seat 7: Dorex2007 folded before Flop (didn't bet)
Seat 9: Almanza63 (button) folded on the Turn



PokerStars Hand #237693801669:  Hold'em No Limit ($0.02/$0.05 USD) - 2022/07/30 21:09:15 PT [2022/07/31 0:09:15 ET]
Table 'Veteraniya II' 9-max Seat #1 is the button
Seat 1: daryl meow ($8.15 in chips) 
Seat 2: geniuss ($5.49 in chips) 
Seat 3: tripleplay72 ($5.33 in chips) 
Seat 4: Saydi4067 ($2.96 in chips) 
Seat 5: shin3p ($9.13 in chips) 
Seat 6: AGVsmarT ($3.73 in chips) 
Seat 7: Dorex2007 ($5.29 in chips) 
Seat 9: Almanza63 ($12.97 in chips) 
geniuss: posts small blind $0.02
tripleplay72: posts big blind $0.05
*** HOLE CARDS ***
Dealt to Dorex2007 [8h 9c]
Saydi4067: calls $0.05
shin3p: calls $0.05
AGVsmarT: calls $0.05
Dorex2007: folds 
Almanza63: folds 
daryl meow has timed out
daryl meow: folds 
geniuss: folds 
tripleplay72: checks 
*** FLOP *** [Jc Js Ks]
tripleplay72: checks 
Saydi4067: checks 
shin3p: bets $0.15
AGVsmarT: calls $0.15
ricardofilho20 is disconnected 
tripleplay72: folds 
Saydi4067: folds 
*** TURN *** [Jc Js Ks] [7s]
shin3p: bets $0.25
AGVsmarT: calls $0.25
*** RIVER *** [Jc Js Ks 7s] [Jd]
shin3p: checks 
AGVsmarT: checks 
*** SHOW DOWN ***
shin3p: shows [3c 3s] (a full house, Jacks full of Threes)
AGVsmarT: shows [Qc Kc] (a full house, Jacks full of Kings)
AGVsmarT collected $0.98 from pot
*** SUMMARY ***
Total pot $1.02 | Rake $0.04 
Board [Jc Js Ks 7s Jd]
Seat 1: daryl meow (button) folded before Flop (didn't bet)
Seat 2: geniuss (small blind) folded before Flop
Seat 3: tripleplay72 (big blind) folded on the Flop
Seat 4: Saydi4067 folded on the Flop
Seat 5: shin3p showed [3c 3s] and lost with a full house, Jacks full of Threes
Seat 6: AGVsmarT showed [Qc Kc] and won ($0.98) with a full house, Jacks full of Kings
Seat 7: Dorex2007 folded before Flop (didn't bet)
Seat 9: Almanza63 folded before Flop (didn't bet)



PokerStars Hand #237693812386:  Hold'em No Limit ($0.02/$0.05 USD) - 2022/07/30 21:10:36 PT [2022/07/31 0:10:36 ET]
Table 'Veteraniya II' 9-max Seat #2 is the button
Seat 1: daryl meow ($8.15 in chips) 
Seat 2: geniuss ($5.47 in chips) 
Seat 3: tripleplay72 ($5.28 in chips) 
Seat 4: Saydi4067 ($2.91 in chips) 
Seat 5: shin3p ($8.68 in chips) 
Seat 6: AGVsmarT ($4.26 in chips) 
Seat 7: Dorex2007 ($5.29 in chips) 
Seat 8: ricardofilho20 ($2.24 in chips) 
Seat 9: Almanza63 ($12.97 in chips) 
tripleplay72: posts small blind $0.02
Saydi4067: posts big blind $0.05
*** HOLE CARDS ***
Dealt to Dorex2007 [Ks 8s]
shin3p: folds 
AGVsmarT: folds 
Dorex2007: folds 
ricardofilho20 has timed out while disconnected
ricardofilho20: folds 
Almanza63: folds 
daryl meow: folds 
geniuss: folds 
tripleplay72: folds 
Uncalled bet ($0.03) returned to Saydi4067
Saydi4067 collected $0.04 from pot
Saydi4067: doesn't show hand 
*** SUMMARY ***
Total pot $0.04 | Rake $0 
Seat 1: daryl meow folded before Flop (didn't bet)
Seat 2: geniuss (button) folded before Flop (didn't bet)
Seat 3: tripleplay72 (small blind) folded before Flop
Seat 4: Saydi4067 (big blind) collected ($0.04)
Seat 5: shin3p folded before Flop (didn't bet)
Seat 6: AGVsmarT folded before Flop (didn't bet)
Seat 7: Dorex2007 folded before Flop (didn't bet)
Seat 8: ricardofilho20 folded before Flop (didn't bet)
Seat 9: Almanza63 folded before Flop (didn't bet)



PokerStars Hand #237693816731:  Hold'em No Limit ($0.02/$0.05 USD) - 2022/07/30 21:11:09 PT [2022/07/31 0:11:09 ET]
Table 'Veteraniya II' 9-max Seat #3 is the button
Seat 1: daryl meow ($8.15 in chips) 
Seat 2: geniuss ($5.47 in chips) 
Seat 3: tripleplay72 ($5.26 in chips) 
Seat 4: Saydi4067 ($2.93 in chips) 
Seat 5: shin3p ($8.68 in chips) 
Seat 6: AGVsmarT ($4.26 in chips) 
Seat 7: Dorex2007 ($5.29 in chips) 
Seat 9: Almanza63 ($12.97 in chips) 
Saydi4067: posts small blind $0.02
shin3p: posts big blind $0.05
*** HOLE CARDS ***
Dealt to Dorex2007 [5c Tc]
AGVsmarT: calls $0.05
Dorex2007: folds 
Almanza63: folds 
daryl meow: raises $0.10 to $0.15
geniuss: folds 
tripleplay72: folds 
Saydi4067: calls $0.13
shin3p: calls $0.10
AGVsmarT: calls $0.10
*** FLOP *** [8c Ah Ad]
Saydi4067: checks 
shin3p: checks 
AGVsmarT: checks 
daryl meow: checks 
*** TURN *** [8c Ah Ad] [6s]
Saydi4067: checks 
shin3p: bets $0.20
AGVsmarT: folds 
daryl meow: folds 
Saydi4067: folds 
Uncalled bet ($0.20) returned to shin3p
shin3p collected $0.58 from pot
shin3p: doesn't show hand 
*** SUMMARY ***
Total pot $0.60 | Rake $0.02 
Board [8c Ah Ad 6s]
Seat 1: daryl meow folded on the Turn
Seat 2: geniuss folded before Flop (didn't bet)
Seat 3: tripleplay72 (button) folded before Flop (didn't bet)
Seat 4: Saydi4067 (small blind) folded on the Turn
Seat 5: shin3p (big blind) collected ($0.58)
Seat 6: AGVsmarT folded on the Turn
Seat 7: Dorex2007 folded before Flop (didn't bet)
Seat 9: Almanza63 folded before Flop (didn't bet)



PokerStars Hand #237693822888:  Hold'em No Limit ($0.02/$0.05 USD) - 2022/07/30 21:11:56 PT [2022/07/31 0:11:56 ET]
Table 'Veteraniya II' 9-max Seat #4 is the button
Seat 1: daryl meow ($8 in chips) 
Seat 2: geniuss ($5.47 in chips) 
Seat 3: tripleplay72 ($5.26 in chips) 
Seat 4: Saydi4067 ($2.78 in chips) 
Seat 5: shin3p ($9.11 in chips) 
Seat 6: AGVsmarT ($4.11 in chips) 
Seat 7: Dorex2007 ($5.29 in chips) 
Seat 9: Almanza63 ($12.97 in chips) 
shin3p: posts small blind $0.02
AGVsmarT: posts big blind $0.05
*** HOLE CARDS ***
Dealt to Dorex2007 [8s 7c]
Dorex2007 has timed out
Dorex2007: folds 
Almanza63: folds 
daryl meow: raises $0.05 to $0.10
geniuss: folds 
tripleplay72: calls $0.10
Saydi4067: calls $0.10
shin3p: folds 
AGVsmarT: calls $0.05
*** FLOP *** [Jh Kd 4h]
AGVsmarT: checks 
daryl meow: bets $0.20
tripleplay72: folds 
Saydi4067: folds 
AGVsmarT: folds 
Uncalled bet ($0.20) returned to daryl meow
daryl meow collected $0.40 from pot
daryl meow: doesn't show hand 
*** SUMMARY ***
Total pot $0.42 | Rake $0.02 
Board [Jh Kd 4h]
Seat 1: daryl meow collected ($0.40)
Seat 2: geniuss folded before Flop (didn't bet)
Seat 3: tripleplay72 folded on the Flop
Seat 4: Saydi4067 (button) folded on the Flop
Seat 5: shin3p (small blind) folded before Flop
Seat 6: AGVsmarT (big blind) folded on the Flop
Seat 7: Dorex2007 folded before Flop (didn't bet)
Seat 9: Almanza63 folded before Flop (didn't bet)



PokerStars Hand #237693830362:  Hold'em No Limit ($0.02/$0.05 USD) - 2022/07/30 21:12:53 PT [2022/07/31 0:12:53 ET]
Table 'Veteraniya II' 9-max Seat #5 is the button
Seat 1: daryl meow ($8.30 in chips) 
Seat 2: geniuss ($5.47 in chips) 
Seat 3: tripleplay72 ($5.16 in chips) 
Seat 4: Saydi4067 ($2.68 in chips) 
Seat 5: shin3p ($9.09 in chips) 
Seat 6: AGVsmarT ($4.01 in chips) 
Seat 7: Dorex2007 ($5.29 in chips) 
Seat 9: Almanza63 ($12.97 in chips) 
AGVsmarT: posts small blind $0.02
Dorex2007: posts big blind $0.05
*** HOLE CARDS ***
Dealt to Dorex2007 [6h Td]
Almanza63: folds 
daryl meow: raises $0.10 to $0.15
geniuss: folds 
tripleplay72: folds 
Saydi4067: raises $0.37 to $0.52
shin3p: folds 
AGVsmarT: folds 
Dorex2007: folds 
daryl meow: calls $0.37
*** FLOP *** [5d 2c 9c]
daryl meow: checks 
Saydi4067: bets $0.53
daryl meow: raises $0.53 to $1.06
Saydi4067: calls $0.53
*** TURN *** [5d 2c 9c] [9d]
daryl meow: checks 
Saydi4067: bets $1.10 and is all-in
daryl meow: calls $1.10
*** RIVER *** [5d 2c 9c 9d] [7c]
*** SHOW DOWN ***
daryl meow: shows [Jh Js] (two pair, Jacks and Nines)
Saydi4067: shows [Ac Kd] (a pair of Nines)
daryl meow collected $5.20 from pot
*** SUMMARY ***
Total pot $5.43 | Rake $0.23 
Board [5d 2c 9c 9d 7c]
Seat 1: daryl meow showed [Jh Js] and won ($5.20) with two pair, Jacks and Nines
Seat 2: geniuss folded before Flop (didn't bet)
Seat 3: tripleplay72 folded before Flop (didn't bet)
Seat 4: Saydi4067 showed [Ac Kd] and lost with a pair of Nines
Seat 5: shin3p (button) folded before Flop (didn't bet)
Seat 6: AGVsmarT (small blind) folded before Flop
Seat 7: Dorex2007 (big blind) folded before Flop
Seat 9: Almanza63 folded before Flop (didn't bet)



PokerStars Hand #237693839022:  Hold'em No Limit ($0.02/$0.05 USD) - 2022/07/30 21:14:00 PT [2022/07/31 0:14:00 ET]
Table 'Veteraniya II' 9-max Seat #6 is the button
Seat 1: daryl meow ($10.82 in chips) 
Seat 2: geniuss ($5.47 in chips) 
Seat 3: tripleplay72 ($5.16 in chips) 
Seat 5: shin3p ($9.09 in chips) 
Seat 6: AGVsmarT ($3.99 in chips) 
Seat 7: Dorex2007 ($5.24 in chips) 
Seat 9: Almanza63 ($12.97 in chips) 
Dorex2007: posts small blind $0.02
Almanza63: posts big blind $0.05
*** HOLE CARDS ***
Dealt to Dorex2007 [3h 5c]
daryl meow: raises $0.10 to $0.15
geniuss: folds 
tripleplay72: folds 
Saydi4067 leaves the table
shin3p: calls $0.15
AGVsmarT: folds 
Dorex2007: folds 
Almanza63: folds 
*** FLOP *** [Qh Kc 2h]
daryl meow: bets $0.20
shin3p: calls $0.20
*** TURN *** [Qh Kc 2h] [5s]
Luigiams joins the table at seat #4 
daryl meow: checks 
shin3p: bets $0.35
daryl meow: calls $0.35
*** RIVER *** [Qh Kc 2h 5s] [8c]
daryl meow: checks 
shin3p: checks 
*** SHOW DOWN ***
daryl meow: shows [9c Qc] (a pair of Queens)
shin3p: mucks hand 
daryl meow collected $1.41 from pot
*** SUMMARY ***
Total pot $1.47 | Rake $0.06 
Board [Qh Kc 2h 5s 8c]
Seat 1: daryl meow showed [9c Qc] and won ($1.41) with a pair of Queens
Seat 2: geniuss folded before Flop (didn't bet)
Seat 3: tripleplay72 folded before Flop (didn't bet)
Seat 5: shin3p mucked [Jc Td]
Seat 6: AGVsmarT (button) folded before Flop (didn't bet)
Seat 7: Dorex2007 (small blind) folded before Flop
Seat 9: Almanza63 (big blind) folded before Flop



PokerStars Hand #237693845150:  Hold'em No Limit ($0.02/$0.05 USD) - 2022/07/30 21:14:47 PT [2022/07/31 0:14:47 ET]
Table 'Veteraniya II' 9-max Seat #7 is the button
Seat 1: daryl meow ($11.53 in chips) 
Seat 2: geniuss ($5.47 in chips) 
Seat 3: tripleplay72 ($5.16 in chips) 
Seat 5: shin3p ($8.39 in chips) 
Seat 6: AGVsmarT ($3.99 in chips) 
Seat 7: Dorex2007 ($5.22 in chips) 
Seat 9: Almanza63 ($12.92 in chips) 
Almanza63: posts small blind $0.02
daryl meow: posts big blind $0.05
Luigiams: sits out 
*** HOLE CARDS ***
Dealt to Dorex2007 [5h Qh]
geniuss: folds 
tripleplay72: folds 
shin3p: folds 
AGVsmarT: folds 
Dorex2007: folds 
Almanza63: raises $0.12 to $0.17
daryl meow: calls $0.12
*** FLOP *** [8h 6c 2c]
Almanza63: checks 
daryl meow: bets $0.10
Almanza63: folds 
Uncalled bet ($0.10) returned to daryl meow
daryl meow collected $0.33 from pot
daryl meow: doesn't show hand 
*** SUMMARY ***
Total pot $0.34 | Rake $0.01 
Board [8h 6c 2c]
Seat 1: daryl meow (big blind) collected ($0.33)
Seat 2: geniuss folded before Flop (didn't bet)
Seat 3: tripleplay72 folded before Flop (didn't bet)
Seat 5: shin3p folded before Flop (didn't bet)
Seat 6: AGVsmarT folded before Flop (didn't bet)
Seat 7: Dorex2007 (button) folded before Flop (didn't bet)
Seat 9: Almanza63 (small blind) folded on the Flop



PokerStars Hand #237693850602:  Hold'em No Limit ($0.02/$0.05 USD) - 2022/07/30 21:15:29 PT [2022/07/31 0:15:29 ET]
Table 'Veteraniya II' 9-max Seat #9 is the button
Seat 1: daryl meow ($11.69 in chips) 
Seat 2: geniuss ($5.47 in chips) 
Seat 3: tripleplay72 ($5.16 in chips) 
Seat 5: shin3p ($8.39 in chips) 
Seat 6: AGVsmarT ($3.99 in chips) 
Seat 7: Dorex2007 ($5.22 in chips) 
Seat 9: Almanza63 ($12.75 in chips) 
daryl meow: posts small blind $0.02
geniuss: posts big blind $0.05
Luigiams: sits out 
*** HOLE CARDS ***
Dealt to Dorex2007 [Ks Kh]
tripleplay72: raises $0.10 to $0.15
shin3p: folds 
AGVsmarT: folds 
Dorex2007: raises $0.25 to $0.40
Almanza63: folds 
daryl meow: calls $0.38
geniuss: folds 
tripleplay72: calls $0.25
*** FLOP *** [7d 5c 8c]
daryl meow: checks 
tripleplay72: checks 
Dorex2007: bets $1.20
daryl meow: folds 
tripleplay72: folds 
Uncalled bet ($1.20) returned to Dorex2007
Dorex2007 collected $1.20 from pot
Dorex2007: doesn't show hand 
*** SUMMARY ***
Total pot $1.25 | Rake $0.05 
Board [7d 5c 8c]
Seat 1: daryl meow (small blind) folded on the Flop
Seat 2: geniuss (big blind) folded before Flop
Seat 3: tripleplay72 folded on the Flop
Seat 5: shin3p folded before Flop (didn't bet)
Seat 6: AGVsmarT folded before Flop (didn't bet)
Seat 7: Dorex2007 collected ($1.20)
Seat 9: Almanza63 (button) folded before Flop (didn't bet)



PokerStars Hand #237693857488:  Hold'em No Limit ($0.02/$0.05 USD) - 2022/07/30 21:16:22 PT [2022/07/31 0:16:22 ET]
Table 'Veteraniya II' 9-max Seat #1 is the button
Seat 1: daryl meow ($11.29 in chips) 
Seat 2: geniuss ($5.42 in chips) 
Seat 3: tripleplay72 ($5 in chips) 
Seat 5: shin3p ($8.39 in chips) 
Seat 6: AGVsmarT ($3.99 in chips) 
Seat 7: Dorex2007 ($6.02 in chips) 
Seat 9: Almanza63 ($12.75 in chips) 
geniuss: posts small blind $0.02
tripleplay72: posts big blind $0.05
Luigiams: sits out 
*** HOLE CARDS ***
Dealt to Dorex2007 [9c 6h]
shin3p: folds 
AGVsmarT has timed out
AGVsmarT: folds 
Dorex2007: folds 
Almanza63: folds 
daryl meow: raises $0.10 to $0.15
geniuss: folds 
tripleplay72: folds 
Uncalled bet ($0.10) returned to daryl meow
daryl meow collected $0.12 from pot
daryl meow: doesn't show hand 
*** SUMMARY ***
Total pot $0.12 | Rake $0 
Seat 1: daryl meow (button) collected ($0.12)
Seat 2: geniuss (small blind) folded before Flop
Seat 3: tripleplay72 (big blind) folded before Flop
Seat 5: shin3p folded before Flop (didn't bet)
Seat 6: AGVsmarT folded before Flop (didn't bet)
Seat 7: Dorex2007 folded before Flop (didn't bet)
Seat 9: Almanza63 folded before Flop (didn't bet)



PokerStars Hand #237693862244:  Hold'em No Limit ($0.02/$0.05 USD) - 2022/07/30 21:16:59 PT [2022/07/31 0:16:59 ET]
Table 'Veteraniya II' 9-max Seat #2 is the button
Seat 1: daryl meow ($11.36 in chips) 
Seat 2: geniuss ($5.40 in chips) 
Seat 3: tripleplay72 ($5 in chips) 
Seat 4: Luigiams ($7.13 in chips) 
Seat 5: shin3p ($8.39 in chips) 
Seat 7: Dorex2007 ($6.02 in chips) 
Seat 9: Almanza63 ($12.75 in chips) 
tripleplay72: posts small blind $0.02
Luigiams: posts big blind $0.05
*** HOLE CARDS ***
Dealt to Dorex2007 [7c Ts]
shin3p: raises $0.10 to $0.15
Dorex2007: folds 
Almanza63: folds 
daryl meow: folds 
geniuss: folds 
tripleplay72: folds 
Luigiams: folds 
Uncalled bet ($0.10) returned to shin3p
shin3p collected $0.12 from pot
shin3p: doesn't show hand 
*** SUMMARY ***
Total pot $0.12 | Rake $0 
Seat 1: daryl meow folded before Flop (didn't bet)
Seat 2: geniuss (button) folded before Flop (didn't bet)
Seat 3: tripleplay72 (small blind) folded before Flop
Seat 4: Luigiams (big blind) folded before Flop
Seat 5: shin3p collected ($0.12)
Seat 7: Dorex2007 folded before Flop (didn't bet)
Seat 9: Almanza63 folded before Flop (didn't bet)



PokerStars Hand #237693864840:  Hold'em No Limit ($0.02/$0.05 USD) - 2022/07/30 21:17:19 PT [2022/07/31 0:17:19 ET]
Table 'Veteraniya II' 9-max Seat #3 is the button
Seat 1: daryl meow ($11.36 in chips) 
Seat 2: geniuss ($5.40 in chips) 
Seat 3: tripleplay72 ($5 in chips) 
Seat 4: Luigiams ($7.08 in chips) 
Seat 7: Dorex2007 ($6.02 in chips) 
Seat 9: Almanza63 ($12.75 in chips) 
Luigiams: posts small blind $0.02
shin3p: is sitting out 
Dorex2007: posts big blind $0.05
*** HOLE CARDS ***
Dealt to Dorex2007 [Qh Kh]
shin3p leaves the table
Almanza63: folds 
daryl meow: folds 
geniuss: raises $0.10 to $0.15
tripleplay72: folds 
Luigiams: folds 
Dorex2007: raises $0.30 to $0.45
geniuss: calls $0.30
*** FLOP *** [Js Ts 9s]
milkysteve joins the table at seat #5 
Dorex2007: bets $5.57 and is all-in
geniuss: folds 
Uncalled bet ($5.57) returned to Dorex2007
Dorex2007 collected $0.88 from pot
Dorex2007: doesn't show hand 
*** SUMMARY ***
Total pot $0.92 | Rake $0.04 
Board [Js Ts 9s]
Seat 1: daryl meow folded before Flop (didn't bet)
Seat 2: geniuss folded on the Flop
Seat 3: tripleplay72 (button) folded before Flop (didn't bet)
Seat 4: Luigiams (small blind) folded before Flop
Seat 7: Dorex2007 (big blind) collected ($0.88)
Seat 9: Almanza63 folded before Flop (didn't bet)



PokerStars Hand #237693871190:  Hold'em No Limit ($0.02/$0.05 USD) - 2022/07/30 21:18:08 PT [2022/07/31 0:18:08 ET]
Table 'Veteraniya II' 9-max Seat #4 is the button
Seat 1: daryl meow ($11.36 in chips) 
Seat 2: geniuss ($5 in chips) 
Seat 3: tripleplay72 ($5 in chips) 
Seat 4: Luigiams ($7.06 in chips) 
Seat 7: Dorex2007 ($6.45 in chips) 
Seat 9: Almanza63 ($12.75 in chips) 
Dorex2007: posts small blind $0.02
Almanza63: posts big blind $0.05
*** HOLE CARDS ***
Dealt to Dorex2007 [4h 6s]
daryl meow: folds 
geniuss: folds 
tripleplay72: folds 
Luigiams: folds 
Dorex2007: folds 
Uncalled bet ($0.03) returned to Almanza63
Almanza63 collected $0.04 from pot
Almanza63: doesn't show hand 
*** SUMMARY ***
Total pot $0.04 | Rake $0 
Seat 1: daryl meow folded before Flop (didn't bet)
Seat 2: geniuss folded before Flop (didn't bet)
Seat 3: tripleplay72 folded before Flop (didn't bet)
Seat 4: Luigiams (button) folded before Flop (didn't bet)
Seat 7: Dorex2007 (small blind) folded before Flop
Seat 9: Almanza63 (big blind) collected ($0.04)



PokerStars Hand #237693874494:  Hold'em No Limit ($0.02/$0.05 USD) - 2022/07/30 21:18:33 PT [2022/07/31 0:18:33 ET]
Table 'Veteraniya II' 9-max Seat #7 is the button
Seat 1: daryl meow ($11.36 in chips) 
Seat 2: geniuss ($5 in chips) 
Seat 3: tripleplay72 ($5 in chips) 
Seat 4: Luigiams ($7.06 in chips) 
Seat 7: Dorex2007 ($6.43 in chips) 
Seat 9: Almanza63 ($12.77 in chips) 
Almanza63: posts small blind $0.02
daryl meow: posts big blind $0.05
milkysteve: sits out 
*** HOLE CARDS ***
Dealt to Dorex2007 [As 5d]
geniuss: folds 
tripleplay72: raises $0.10 to $0.15
Luigiams: calls $0.15
Dorex2007: folds 
Almanza63: calls $0.13
daryl meow: calls $0.10
*** FLOP *** [3c 6d Jc]
Almanza63: checks 
daryl meow: checks 
tripleplay72: checks 
Luigiams: checks 
*** TURN *** [3c 6d Jc] [Ks]
Almanza63: checks 
daryl meow: bets $0.25
tripleplay72: calls $0.25
Luigiams: calls $0.25
Almanza63: folds 
*** RIVER *** [3c 6d Jc Ks] [Kc]
daryl meow: checks 
tripleplay72: checks 
Luigiams: checks 
*** SHOW DOWN ***
daryl meow: shows [7h 7d] (two pair, Kings and Sevens)
tripleplay72: mucks hand 
Luigiams: mucks hand 
daryl meow collected $1.29 from pot
*** SUMMARY ***
Total pot $1.35 | Rake $0.06 
Board [3c 6d Jc Ks Kc]
Seat 1: daryl meow (big blind) showed [7h 7d] and won ($1.29) with two pair, Kings and Sevens
Seat 2: geniuss folded before Flop (didn't bet)
Seat 3: tripleplay72 mucked [Ad Qs]
Seat 4: Luigiams mucked [Td Qh]
Seat 7: Dorex2007 (button) folded before Flop (didn't bet)
Seat 9: Almanza63 (small blind) folded on the Turn



PokerStars Hand #237693886861:  Hold'em No Limit ($0.02/$0.05 USD) - 2022/07/30 21:20:06 PT [2022/07/31 0:20:06 ET]
Table 'Veteraniya II' 9-max Seat #9 is the button
Seat 1: daryl meow ($12.25 in chips) 
Seat 2: geniuss ($5 in chips) 
Seat 3: tripleplay72 ($5 in chips) 
Seat 4: Luigiams ($6.66 in chips) 
Seat 7: Dorex2007 ($6.43 in chips) 
Seat 9: Almanza63 ($12.62 in chips) 
daryl meow: posts small blind $0.02
geniuss: posts big blind $0.05
milkysteve: sits out 
AGVsmarT: sits out 
*** HOLE CARDS ***
Dealt to Dorex2007 [Jh Kh]
tripleplay72: folds 
Luigiams: folds 
ricardofilho20 leaves the table
Dorex2007: raises $0.05 to $0.10
Almanza63: folds 
daryl meow: folds 
geniuss: calls $0.05
*** FLOP *** [7d Td 8s]
geniuss: checks 
Dorex2007: checks 
*** TURN *** [7d Td 8s] [8c]
geniuss: checks 
Dorex2007: bets $0.10
geniuss: folds 
Uncalled bet ($0.10) returned to Dorex2007
Dorex2007 collected $0.21 from pot
Dorex2007: doesn't show hand 
*** SUMMARY ***
Total pot $0.22 | Rake $0.01 
Board [7d Td 8s 8c]
Seat 1: daryl meow (small blind) folded before Flop
Seat 2: geniuss (big blind) folded on the Turn
Seat 3: tripleplay72 folded before Flop (didn't bet)
Seat 4: Luigiams folded before Flop (didn't bet)
Seat 7: Dorex2007 collected ($0.21)
Seat 9: Almanza63 (button) folded before Flop (didn't bet)



PokerStars Hand #237693892970:  Hold'em No Limit ($0.02/$0.05 USD) - 2022/07/30 21:20:53 PT [2022/07/31 0:20:53 ET]
Table 'Veteraniya II' 9-max Seat #1 is the button
Seat 1: daryl meow ($12.23 in chips) 
Seat 2: geniuss ($5 in chips) 
Seat 3: tripleplay72 ($5 in chips) 
Seat 4: Luigiams ($6.66 in chips) 
Seat 7: Dorex2007 ($6.54 in chips) 
Seat 9: Almanza63 ($12.62 in chips) 
geniuss: posts small blind $0.02
tripleplay72: posts big blind $0.05
milkysteve: sits out 
AGVsmarT: sits out 
*** HOLE CARDS ***
Dealt to Dorex2007 [9c 2h]
Luigiams: folds 
Dorex2007: folds 
Almanza63: folds 
daryl meow: raises $0.10 to $0.15
geniuss: folds 
tripleplay72: folds 
Uncalled bet ($0.10) returned to daryl meow
daryl meow collected $0.12 from pot
daryl meow: doesn't show hand 
*** SUMMARY ***
Total pot $0.12 | Rake $0 
Seat 1: daryl meow (button) collected ($0.12)
Seat 2: geniuss (small blind) folded before Flop
Seat 3: tripleplay72 (big blind) folded before Flop
Seat 4: Luigiams folded before Flop (didn't bet)
Seat 7: Dorex2007 folded before Flop (didn't bet)
Seat 9: Almanza63 folded before Flop (didn't bet)



PokerStars Hand #237693895391:  Hold'em No Limit ($0.02/$0.05 USD) - 2022/07/30 21:21:11 PT [2022/07/31 0:21:11 ET]
Table 'Veteraniya II' 9-max Seat #2 is the button
Seat 1: daryl meow ($12.30 in chips) 
Seat 2: geniuss ($5 in chips) 
Seat 3: tripleplay72 ($5 in chips) 
Seat 4: Luigiams ($6.66 in chips) 
Seat 7: Dorex2007 ($6.54 in chips) 
Seat 9: Almanza63 ($12.62 in chips) 
tripleplay72: posts small blind $0.02
Luigiams: posts big blind $0.05
milkysteve: sits out 
AGVsmarT: sits out 
*** HOLE CARDS ***
Dealt to Dorex2007 [Tc 4h]
MatiasP222 joins the table at seat #8 
Dorex2007: folds 
Almanza63: folds 
daryl meow: raises $0.10 to $0.15
geniuss: raises $0.30 to $0.45
tripleplay72: folds 
Luigiams: folds 
daryl meow: folds 
Uncalled bet ($0.30) returned to geniuss
geniuss collected $0.37 from pot
*** SUMMARY ***
Total pot $0.37 | Rake $0 
Seat 1: daryl meow folded before Flop
Seat 2: geniuss (button) collected ($0.37)
Seat 3: tripleplay72 (small blind) folded before Flop
Seat 4: Luigiams (big blind) folded before Flop
Seat 7: Dorex2007 folded before Flop (didn't bet)
Seat 9: Almanza63 folded before Flop (didn't bet)



PokerStars Hand #237693900539:  Hold'em No Limit ($0.02/$0.05 USD) - 2022/07/30 21:21:50 PT [2022/07/31 0:21:50 ET]
Table 'Veteraniya II' 9-max Seat #3 is the button
Seat 1: daryl meow ($12.15 in chips) 
Seat 2: geniuss ($5.22 in chips) 
Seat 3: tripleplay72 ($5 in chips) 
Seat 4: Luigiams ($6.61 in chips) 
Seat 5: milkysteve ($4.97 in chips) 
Seat 7: Dorex2007 ($6.54 in chips) 
Seat 8: MatiasP222 ($4 in chips) 
Seat 9: Almanza63 ($12.62 in chips) 
Luigiams: posts small blind $0.02
milkysteve: posts big blind $0.05
AGVsmarT: sits out 
MatiasP222: posts big blind $0.05
*** HOLE CARDS ***
Dealt to Dorex2007 [6h Js]
Dorex2007: folds 
MatiasP222: checks 
Almanza63: folds 
daryl meow: raises $0.10 to $0.15
geniuss: folds 
tripleplay72: folds 
Luigiams: folds 
milkysteve: calls $0.10
MatiasP222: folds 
*** FLOP *** [Tc 3s 7c]
milkysteve: checks 
daryl meow: bets $0.25
milkysteve: folds 
Uncalled bet ($0.25) returned to daryl meow
daryl meow collected $0.35 from pot
daryl meow: doesn't show hand 
*** SUMMARY ***
Total pot $0.37 | Rake $0.02 
Board [Tc 3s 7c]
Seat 1: daryl meow collected ($0.35)
Seat 2: geniuss folded before Flop (didn't bet)
Seat 3: tripleplay72 (button) folded before Flop (didn't bet)
Seat 4: Luigiams (small blind) folded before Flop
Seat 5: milkysteve (big blind) folded on the Flop
Seat 7: Dorex2007 folded before Flop (didn't bet)
Seat 8: MatiasP222 folded before Flop (didn't bet)
Seat 9: Almanza63 folded before Flop (didn't bet)



PokerStars Hand #237693906866:  Hold'em No Limit ($0.02/$0.05 USD) - 2022/07/30 21:22:39 PT [2022/07/31 0:22:39 ET]
Table 'Veteraniya II' 9-max Seat #4 is the button
Seat 1: daryl meow ($12.35 in chips) 
Seat 2: geniuss ($5.22 in chips) 
Seat 3: tripleplay72 ($5 in chips) 
Seat 4: Luigiams ($6.59 in chips) 
Seat 5: milkysteve ($4.82 in chips) 
Seat 6: AGVsmarT ($3.99 in chips) 
Seat 7: Dorex2007 ($6.54 in chips) 
Seat 8: MatiasP222 ($3.95 in chips) 
Seat 9: Almanza63 ($12.62 in chips) 
milkysteve: posts small blind $0.02
AGVsmarT: posts big blind $0.05
*** HOLE CARDS ***
Dealt to Dorex2007 [9d Ad]
Dorex2007: folds 
MatiasP222: folds 
Almanza63: raises $0.16 to $0.21
daryl meow: folds 
geniuss: folds 
tripleplay72: folds 
Luigiams: folds 
milkysteve: calls $0.19
AGVsmarT: folds 
*** FLOP *** [Kh Jd 4h]
milkysteve: checks 
Almanza63: bets $0.28
milkysteve: calls $0.28
*** TURN *** [Kh Jd 4h] [2d]
milkysteve: checks 
Almanza63: bets $0.69
milkysteve: calls $0.69
*** RIVER *** [Kh Jd 4h 2d] [Ac]
milkysteve: checks 
Almanza63: bets $1.89
milkysteve: calls $1.89
*** SHOW DOWN ***
Almanza63: shows [As Ks] (two pair, Aces and Kings)
milkysteve: mucks hand 
Almanza63 collected $5.93 from pot
*** SUMMARY ***
Total pot $6.19 | Rake $0.26 
Board [Kh Jd 4h 2d Ac]
Seat 1: daryl meow folded before Flop (didn't bet)
Seat 2: geniuss folded before Flop (didn't bet)
Seat 3: tripleplay72 folded before Flop (didn't bet)
Seat 4: Luigiams (button) folded before Flop (didn't bet)
Seat 5: milkysteve (small blind) mucked [Qd Ah]
Seat 6: AGVsmarT (big blind) folded before Flop
Seat 7: Dorex2007 folded before Flop (didn't bet)
Seat 8: MatiasP222 folded before Flop (didn't bet)
Seat 9: Almanza63 showed [As Ks] and won ($5.93) with two pair, Aces and Kings



PokerStars Hand #237693919504:  Hold'em No Limit ($0.02/$0.05 USD) - 2022/07/30 21:24:19 PT [2022/07/31 0:24:19 ET]
Table 'Veteraniya II' 9-max Seat #5 is the button
Seat 1: daryl meow ($12.35 in chips) 
Seat 2: geniuss ($5.22 in chips) 
Seat 3: tripleplay72 ($5 in chips) 
Seat 4: Luigiams ($6.59 in chips) 
Seat 5: milkysteve ($1.75 in chips) 
Seat 6: AGVsmarT ($3.94 in chips) 
Seat 7: Dorex2007 ($6.54 in chips) 
Seat 8: MatiasP222 ($3.95 in chips) 
Seat 9: Almanza63 ($15.48 in chips) 
AGVsmarT: posts small blind $0.02
Dorex2007: posts big blind $0.05
*** HOLE CARDS ***
Dealt to Dorex2007 [6h 8h]
MatiasP222: folds 
Almanza63: raises $0.16 to $0.21
daryl meow: folds 
geniuss: folds 
tripleplay72: folds 
Luigiams: folds 
milkysteve: raises $1.54 to $1.75 and is all-in
AGVsmarT: folds 
Dorex2007: folds 
Almanza63: calls $1.54
*** FLOP *** [Jh Qs 3h]
*** TURN *** [Jh Qs 3h] [6s]
*** RIVER *** [Jh Qs 3h 6s] [2s]
*** SHOW DOWN ***
Almanza63: shows [Qc Qd] (three of a kind, Queens)
milkysteve: shows [Js Ks] (a flush, King high)
milkysteve collected $3.42 from pot
*** SUMMARY ***
Total pot $3.57 | Rake $0.15 
Board [Jh Qs 3h 6s 2s]
Seat 1: daryl meow folded before Flop (didn't bet)
Seat 2: geniuss folded before Flop (didn't bet)
Seat 3: tripleplay72 folded before Flop (didn't bet)
Seat 4: Luigiams folded before Flop (didn't bet)
Seat 5: milkysteve (button) showed [Js Ks] and won ($3.42) with a flush, King high
Seat 6: AGVsmarT (small blind) folded before Flop
Seat 7: Dorex2007 (big blind) folded before Flop
Seat 8: MatiasP222 folded before Flop (didn't bet)
Seat 9: Almanza63 showed [Qc Qd] and lost with three of a kind, Queens



PokerStars Hand #237693924745:  Hold'em No Limit ($0.02/$0.05 USD) - 2022/07/30 21:25:01 PT [2022/07/31 0:25:01 ET]
Table 'Veteraniya II' 9-max Seat #6 is the button
Seat 1: daryl meow ($12.35 in chips) 
Seat 2: geniuss ($5.22 in chips) 
Seat 3: tripleplay72 ($5 in chips) 
Seat 4: Luigiams ($6.59 in chips) 
Seat 5: milkysteve ($3.42 in chips) 
Seat 6: AGVsmarT ($3.92 in chips) 
Seat 7: Dorex2007 ($6.49 in chips) 
Seat 8: MatiasP222 ($3.95 in chips) 
Seat 9: Almanza63 ($13.73 in chips) 
Dorex2007: posts small blind $0.02
MatiasP222: posts big blind $0.05
*** HOLE CARDS ***
Dealt to Dorex2007 [Td 4h]
Almanza63: raises $0.15 to $0.20
daryl meow: folds 
geniuss: folds 
tripleplay72: folds 
Luigiams: folds 
milkysteve: calls $0.20
AGVsmarT: folds 
Dorex2007: folds 
MatiasP222: folds 
*** FLOP *** [Jc Ts 5d]
Almanza63: checks 
milkysteve: checks 
*** TURN *** [Jc Ts 5d] [8c]
Almanza63: bets $0.22
milkysteve: calls $0.22
*** RIVER *** [Jc Ts 5d 8c] [Qd]
Almanza63: checks 
milkysteve: bets $0.43
Almanza63: calls $0.43
*** SHOW DOWN ***
milkysteve: shows [Qc 2c] (a pair of Queens)
Almanza63: shows [Tc Th] (three of a kind, Tens)
Almanza63 collected $1.70 from pot
*** SUMMARY ***
Total pot $1.77 | Rake $0.07 
Board [Jc Ts 5d 8c Qd]
Seat 1: daryl meow folded before Flop (didn't bet)
Seat 2: geniuss folded before Flop (didn't bet)
Seat 3: tripleplay72 folded before Flop (didn't bet)
Seat 4: Luigiams folded before Flop (didn't bet)
Seat 5: milkysteve showed [Qc 2c] and lost with a pair of Queens
Seat 6: AGVsmarT (button) folded before Flop (didn't bet)
Seat 7: Dorex2007 (small blind) folded before Flop
Seat 8: MatiasP222 (big blind) folded before Flop
Seat 9: Almanza63 showed [Tc Th] and won ($1.70) with three of a kind, Tens



PokerStars Hand #237693930939:  Hold'em No Limit ($0.02/$0.05 USD) - 2022/07/30 21:25:50 PT [2022/07/31 0:25:50 ET]
Table 'Veteraniya II' 9-max Seat #7 is the button
Seat 1: daryl meow ($12.35 in chips) 
Seat 2: geniuss ($5.22 in chips) 
Seat 3: tripleplay72 ($5 in chips) 
Seat 4: Luigiams ($6.59 in chips) 
Seat 5: milkysteve ($2.57 in chips) 
Seat 6: AGVsmarT ($3.92 in chips) 
Seat 7: Dorex2007 ($6.47 in chips) 
Seat 8: MatiasP222 ($3.90 in chips) 
Seat 9: Almanza63 ($14.58 in chips) 
MatiasP222: posts small blind $0.02
Almanza63: posts big blind $0.05
*** HOLE CARDS ***
Dealt to Dorex2007 [3d Tc]
daryl meow: folds 
geniuss: folds 
tripleplay72: folds 
Luigiams: calls $0.05
milkysteve: folds 
AGVsmarT: folds 
Dorex2007: folds 
MatiasP222: calls $0.03
Almanza63: checks 
*** FLOP *** [2c Ts Ah]
MatiasP222: checks 
Almanza63: checks 
Luigiams: bets $0.15
MatiasP222: calls $0.15
Almanza63: folds 
*** TURN *** [2c Ts Ah] [Qd]
MatiasP222: checks 
Luigiams: bets $0.25
MatiasP222: raises $0.25 to $0.50
Luigiams: calls $0.25
*** RIVER *** [2c Ts Ah Qd] [Qh]
MatiasP222: checks 
Luigiams: checks 
*** SHOW DOWN ***
MatiasP222: shows [Th Js] (two pair, Queens and Tens)
Luigiams: shows [2s Ad] (two pair, Aces and Queens)
Luigiams collected $1.39 from pot
*** SUMMARY ***
Total pot $1.45 | Rake $0.06 
Board [2c Ts Ah Qd Qh]
Seat 1: daryl meow folded before Flop (didn't bet)
Seat 2: geniuss folded before Flop (didn't bet)
Seat 3: tripleplay72 folded before Flop (didn't bet)
Seat 4: Luigiams showed [2s Ad] and won ($1.39) with two pair, Aces and Queens
Seat 5: milkysteve folded before Flop (didn't bet)
Seat 6: AGVsmarT folded before Flop (didn't bet)
Seat 7: Dorex2007 (button) folded before Flop (didn't bet)
Seat 8: MatiasP222 (small blind) showed [Th Js] and lost with two pair, Queens and Tens
Seat 9: Almanza63 (big blind) folded on the Flop



PokerStars Hand #237693940504:  Hold'em No Limit ($0.02/$0.05 USD) - 2022/07/30 21:27:07 PT [2022/07/31 0:27:07 ET]
Table 'Veteraniya II' 9-max Seat #8 is the button
Seat 1: daryl meow ($12.35 in chips) 
Seat 2: geniuss ($5.22 in chips) 
Seat 3: tripleplay72 ($5 in chips) 
Seat 4: Luigiams ($7.28 in chips) 
Seat 5: milkysteve ($4.97 in chips) 
Seat 6: AGVsmarT ($3.92 in chips) 
Seat 7: Dorex2007 ($6.47 in chips) 
Seat 8: MatiasP222 ($3.20 in chips) 
Seat 9: Almanza63 ($14.53 in chips) 
Almanza63: posts small blind $0.02
daryl meow: posts big blind $0.05
*** HOLE CARDS ***
Dealt to Dorex2007 [2h 7d]
geniuss: folds 
tripleplay72: folds 
Luigiams: folds 
milkysteve: folds 
AGVsmarT: folds 
Dorex2007: folds 
MatiasP222: raises $0.05 to $0.10
Almanza63: folds 
daryl meow: calls $0.05
*** FLOP *** [9d 3d 2d]
daryl meow: checks 
MatiasP222: bets $0.10
daryl meow: folds 
Uncalled bet ($0.10) returned to MatiasP222
MatiasP222 collected $0.21 from pot
MatiasP222: doesn't show hand 
*** SUMMARY ***
Total pot $0.22 | Rake $0.01 
Board [9d 3d 2d]
Seat 1: daryl meow (big blind) folded on the Flop
Seat 2: geniuss folded before Flop (didn't bet)
Seat 3: tripleplay72 folded before Flop (didn't bet)
Seat 4: Luigiams folded before Flop (didn't bet)
Seat 5: milkysteve folded before Flop (didn't bet)
Seat 6: AGVsmarT folded before Flop (didn't bet)
Seat 7: Dorex2007 folded before Flop (didn't bet)
Seat 8: MatiasP222 (button) collected ($0.21)
Seat 9: Almanza63 (small blind) folded before Flop



PokerStars Hand #237693945395:  Hold'em No Limit ($0.02/$0.05 USD) - 2022/07/30 21:27:46 PT [2022/07/31 0:27:46 ET]
Table 'Veteraniya II' 9-max Seat #9 is the button
Seat 1: daryl meow ($12.25 in chips) 
Seat 2: geniuss ($5.22 in chips) 
Seat 3: tripleplay72 ($5 in chips) 
Seat 4: Luigiams ($7.28 in chips) 
Seat 5: milkysteve ($4.97 in chips) 
Seat 6: AGVsmarT ($3.92 in chips) 
Seat 7: Dorex2007 ($6.47 in chips) 
Seat 8: MatiasP222 ($3.31 in chips) 
Seat 9: Almanza63 ($14.51 in chips) 
daryl meow: posts small blind $0.02
geniuss: posts big blind $0.05
*** HOLE CARDS ***
Dealt to Dorex2007 [5h 6c]
tripleplay72: folds 
Luigiams: folds 
milkysteve: folds 
AGVsmarT: folds 
Dorex2007: folds 
MatiasP222: raises $0.05 to $0.10
Almanza63: folds 
daryl meow: folds 
geniuss: folds 
Uncalled bet ($0.05) returned to MatiasP222
MatiasP222 collected $0.12 from pot
MatiasP222: doesn't show hand 
*** SUMMARY ***
Total pot $0.12 | Rake $0 
Seat 1: daryl meow (small blind) folded before Flop
Seat 2: geniuss (big blind) folded before Flop
Seat 3: tripleplay72 folded before Flop (didn't bet)
Seat 4: Luigiams folded before Flop (didn't bet)
Seat 5: milkysteve folded before Flop (didn't bet)
Seat 6: AGVsmarT folded before Flop (didn't bet)
Seat 7: Dorex2007 folded before Flop (didn't bet)
Seat 8: MatiasP222 collected ($0.12)
Seat 9: Almanza63 (button) folded before Flop (didn't bet)



PokerStars Hand #237693949010:  Hold'em No Limit ($0.02/$0.05 USD) - 2022/07/30 21:28:15 PT [2022/07/31 0:28:15 ET]
Table 'Veteraniya II' 9-max Seat #1 is the button
Seat 1: daryl meow ($12.23 in chips) 
Seat 2: geniuss ($5.17 in chips) 
Seat 3: tripleplay72 ($5 in chips) 
Seat 4: Luigiams ($7.28 in chips) 
Seat 5: milkysteve ($4.97 in chips) 
Seat 6: AGVsmarT ($3.92 in chips) 
Seat 7: Dorex2007 ($6.47 in chips) 
Seat 8: MatiasP222 ($3.38 in chips) 
Seat 9: Almanza63 ($14.51 in chips) 
geniuss: posts small blind $0.02
tripleplay72: posts big blind $0.05
*** HOLE CARDS ***
Dealt to Dorex2007 [Js Ac]
Luigiams: raises $0.05 to $0.10
milkysteve: calls $0.10
AGVsmarT: calls $0.10
Dorex2007: calls $0.10
MatiasP222: folds 
Almanza63: folds 
daryl meow: folds 
geniuss: folds 
tripleplay72: calls $0.05
*** FLOP *** [Qh 8h Td]
tripleplay72: checks 
Luigiams: bets $0.25
milkysteve: folds 
AGVsmarT: calls $0.25
Dorex2007: folds 
tripleplay72: calls $0.25
*** TURN *** [Qh 8h Td] [6c]
tripleplay72: checks 
Luigiams: bets $1.22
AGVsmarT: folds 
tripleplay72: folds 
Uncalled bet ($1.22) returned to Luigiams
Luigiams collected $1.22 from pot
*** SUMMARY ***
Total pot $1.27 | Rake $0.05 
Board [Qh 8h Td 6c]
Seat 1: daryl meow (button) folded before Flop (didn't bet)
Seat 2: geniuss (small blind) folded before Flop
Seat 3: tripleplay72 (big blind) folded on the Turn
Seat 4: Luigiams collected ($1.22)
Seat 5: milkysteve folded on the Flop
Seat 6: AGVsmarT folded on the Turn
Seat 7: Dorex2007 folded on the Flop
Seat 8: MatiasP222 folded before Flop (didn't bet)
Seat 9: Almanza63 folded before Flop (didn't bet)



PokerStars Hand #237693957764:  Hold'em No Limit ($0.02/$0.05 USD) - 2022/07/30 21:29:26 PT [2022/07/31 0:29:26 ET]
Table 'Veteraniya II' 9-max Seat #2 is the button
Seat 1: daryl meow ($12.23 in chips) 
Seat 2: geniuss ($5.15 in chips) 
Seat 3: tripleplay72 ($5 in chips) 
Seat 4: Luigiams ($8.15 in chips) 
Seat 5: milkysteve ($4.97 in chips) 
Seat 6: AGVsmarT ($5 in chips) 
Seat 7: Dorex2007 ($6.37 in chips) 
Seat 8: MatiasP222 ($3.38 in chips) 
Seat 9: Almanza63 ($14.51 in chips) 
tripleplay72: posts small blind $0.02
Luigiams: posts big blind $0.05
*** HOLE CARDS ***
Dealt to Dorex2007 [3s Kc]
milkysteve: folds 
AGVsmarT: calls $0.05
Dorex2007: folds 
MatiasP222: calls $0.05
Almanza63: folds 
daryl meow: raises $0.15 to $0.20
geniuss: folds 
tripleplay72: folds 
Luigiams: calls $0.15
AGVsmarT: calls $0.15
MatiasP222: calls $0.15
*** FLOP *** [7h 2c Ad]
Luigiams: checks 
AGVsmarT: checks 
MatiasP222: checks 
daryl meow: bets $0.25
Luigiams: folds 
AGVsmarT: calls $0.25
MatiasP222: folds 
*** TURN *** [7h 2c Ad] [6c]
AGVsmarT: checks 
daryl meow: checks 
*** RIVER *** [7h 2c Ad 6c] [2s]
AGVsmarT: checks 
daryl meow: checks 
*** SHOW DOWN ***
AGVsmarT: shows [5s 5d] (two pair, Fives and Deuces)
daryl meow: shows [4c Ah] (two pair, Aces and Deuces)
daryl meow collected $1.27 from pot
*** SUMMARY ***
Total pot $1.32 | Rake $0.05 
Board [7h 2c Ad 6c 2s]
Seat 1: daryl meow showed [4c Ah] and won ($1.27) with two pair, Aces and Deuces
Seat 2: geniuss (button) folded before Flop (didn't bet)
Seat 3: tripleplay72 (small blind) folded before Flop
Seat 4: Luigiams (big blind) folded on the Flop
Seat 5: milkysteve folded before Flop (didn't bet)
Seat 6: AGVsmarT showed [5s 5d] and lost with two pair, Fives and Deuces
Seat 7: Dorex2007 folded before Flop (didn't bet)
Seat 8: MatiasP222 folded on the Flop
Seat 9: Almanza63 folded before Flop (didn't bet)



PokerStars Hand #237693967333:  Hold'em No Limit ($0.02/$0.05 USD) - 2022/07/30 21:30:44 PT [2022/07/31 0:30:44 ET]
Table 'Veteraniya II' 9-max Seat #3 is the button
Seat 1: daryl meow ($13.05 in chips) 
Seat 2: geniuss ($5.15 in chips) 
Seat 3: tripleplay72 ($5 in chips) 
Seat 4: Luigiams ($7.95 in chips) 
Seat 5: milkysteve ($4.97 in chips) 
Seat 6: AGVsmarT ($4.55 in chips) 
Seat 7: Dorex2007 ($6.37 in chips) 
Seat 8: MatiasP222 ($3.18 in chips) 
Seat 9: Almanza63 ($14.51 in chips) 
Luigiams: posts small blind $0.02
milkysteve: posts big blind $0.05
*** HOLE CARDS ***
Dealt to Dorex2007 [7d 8s]
AGVsmarT: folds 
Dorex2007: folds 
MatiasP222: raises $0.05 to $0.10
Almanza63: folds 
daryl meow: folds 
geniuss: folds 
tripleplay72: folds 
Luigiams: calls $0.08
milkysteve: calls $0.05
*** FLOP *** [6h 7s Ah]
Luigiams: bets $0.10
milkysteve: raises $0.15 to $0.25
MatiasP222: calls $0.25
Luigiams: calls $0.15
*** TURN *** [6h 7s Ah] [Js]
Luigiams: checks 
milkysteve: bets $0.65
MatiasP222: calls $0.65
Luigiams: folds 
*** RIVER *** [6h 7s Ah Js] [2h]
milkysteve: bets $2.25
MatiasP222: calls $2.18 and is all-in
Uncalled bet ($0.07) returned to milkysteve
*** SHOW DOWN ***
milkysteve: shows [Ad 7h] (two pair, Aces and Sevens)
MatiasP222: shows [7c Ac] (two pair, Aces and Sevens)
milkysteve collected $3.22 from pot
MatiasP222 collected $3.21 from pot
*** SUMMARY ***
Total pot $6.71 | Rake $0.28 
Board [6h 7s Ah Js 2h]
Seat 1: daryl meow folded before Flop (didn't bet)
Seat 2: geniuss folded before Flop (didn't bet)
Seat 3: tripleplay72 (button) folded before Flop (didn't bet)
Seat 4: Luigiams (small blind) folded on the Turn
Seat 5: milkysteve (big blind) showed [Ad 7h] and won ($3.22) with two pair, Aces and Sevens
Seat 6: AGVsmarT folded before Flop (didn't bet)
Seat 7: Dorex2007 folded before Flop (didn't bet)
Seat 8: MatiasP222 showed [7c Ac] and won ($3.21) with two pair, Aces and Sevens
Seat 9: Almanza63 folded before Flop (didn't bet)



PokerStars Hand #237693975947:  Hold'em No Limit ($0.02/$0.05 USD) - 2022/07/30 21:31:54 PT [2022/07/31 0:31:54 ET]
Table 'Veteraniya II' 9-max Seat #4 is the button
Seat 1: daryl meow ($13.05 in chips) 
Seat 2: geniuss ($5.15 in chips) 
Seat 3: tripleplay72 ($5 in chips) 
Seat 4: Luigiams ($7.60 in chips) 
Seat 5: milkysteve ($5.01 in chips) 
Seat 6: AGVsmarT ($4.55 in chips) 
Seat 7: Dorex2007 ($6.37 in chips) 
Seat 8: MatiasP222 ($3.21 in chips) 
Seat 9: Almanza63 ($14.51 in chips) 
milkysteve: posts small blind $0.02
AGVsmarT: posts big blind $0.05
*** HOLE CARDS ***
Dealt to Dorex2007 [4h Td]
Dorex2007: folds 
MatiasP222: calls $0.05
Almanza63: folds 
daryl meow: raises $0.15 to $0.20
geniuss: folds 
tripleplay72: folds 
Luigiams: folds 
milkysteve: folds 
AGVsmarT: folds 
MatiasP222: calls $0.15
*** FLOP *** [Jc 2d 2c]
MatiasP222: checks 
daryl meow: checks 
*** TURN *** [Jc 2d 2c] [8d]
MatiasP222: bets $0.22
daryl meow: raises $0.28 to $0.50
MatiasP222: calls $0.28
*** RIVER *** [Jc 2d 2c 8d] [7s]
MatiasP222: bets $1.41
daryl meow: folds 
Uncalled bet ($1.41) returned to MatiasP222
MatiasP222 collected $1.41 from pot
MatiasP222: doesn't show hand 
*** SUMMARY ***
Total pot $1.47 | Rake $0.06 
Board [Jc 2d 2c 8d 7s]
Seat 1: daryl meow folded on the River
Seat 2: geniuss folded before Flop (didn't bet)
Seat 3: tripleplay72 folded before Flop (didn't bet)
Seat 4: Luigiams (button) folded before Flop (didn't bet)
Seat 5: milkysteve (small blind) folded before Flop
Seat 6: AGVsmarT (big blind) folded before Flop
Seat 7: Dorex2007 folded before Flop (didn't bet)
Seat 8: MatiasP222 collected ($1.41)
Seat 9: Almanza63 folded before Flop (didn't bet)



PokerStars Hand #237693984600:  Hold'em No Limit ($0.02/$0.05 USD) - 2022/07/30 21:33:03 PT [2022/07/31 0:33:03 ET]
Table 'Veteraniya II' 9-max Seat #5 is the button
Seat 1: daryl meow ($12.35 in chips) 
Seat 2: geniuss ($5.15 in chips) 
Seat 3: tripleplay72 ($5 in chips) 
Seat 4: Luigiams ($7.60 in chips) 
Seat 5: milkysteve ($4.99 in chips) 
Seat 6: AGVsmarT ($4.50 in chips) 
Seat 7: Dorex2007 ($6.37 in chips) 
Seat 8: MatiasP222 ($3.92 in chips) 
Seat 9: Almanza63 ($14.51 in chips) 
AGVsmarT: posts small blind $0.02
Dorex2007: posts big blind $0.05
*** HOLE CARDS ***
Dealt to Dorex2007 [9h 8h]
MatiasP222: folds 
Almanza63: folds 
daryl meow: raises $0.05 to $0.10
geniuss: folds 
tripleplay72: folds 
Luigiams: folds 
milkysteve: calls $0.10
AGVsmarT: folds 
Dorex2007: folds 
*** FLOP *** [4s 2s Kh]
daryl meow: checks 
milkysteve: bets $0.10
daryl meow: calls $0.10
*** TURN *** [4s 2s Kh] [9s]
daryl meow: checks 
milkysteve: bets $0.40
daryl meow: folds 
Uncalled bet ($0.40) returned to milkysteve
milkysteve collected $0.45 from pot
milkysteve: doesn't show hand 
*** SUMMARY ***
Total pot $0.47 | Rake $0.02 
Board [4s 2s Kh 9s]
Seat 1: daryl meow folded on the Turn
Seat 2: geniuss folded before Flop (didn't bet)
Seat 3: tripleplay72 folded before Flop (didn't bet)
Seat 4: Luigiams folded before Flop (didn't bet)
Seat 5: milkysteve (button) collected ($0.45)
Seat 6: AGVsmarT (small blind) folded before Flop
Seat 7: Dorex2007 (big blind) folded before Flop
Seat 8: MatiasP222 folded before Flop (didn't bet)
Seat 9: Almanza63 folded before Flop (didn't bet)



PokerStars Hand #237693991718:  Hold'em No Limit ($0.02/$0.05 USD) - 2022/07/30 21:34:00 PT [2022/07/31 0:34:00 ET]
Table 'Veteraniya II' 9-max Seat #6 is the button
Seat 1: daryl meow ($12.15 in chips) 
Seat 2: geniuss ($5.15 in chips) 
Seat 3: tripleplay72 ($5 in chips) 
Seat 4: Luigiams ($7.60 in chips) 
Seat 5: milkysteve ($5.24 in chips) 
Seat 6: AGVsmarT ($4.48 in chips) 
Seat 7: Dorex2007 ($6.32 in chips) 
Seat 8: MatiasP222 ($3.92 in chips) 
Seat 9: Almanza63 ($14.51 in chips) 
Dorex2007: posts small blind $0.02
MatiasP222: posts big blind $0.05
*** HOLE CARDS ***
Dealt to Dorex2007 [4c 2d]
Almanza63: folds 
daryl meow: folds 
geniuss: folds 
tripleplay72: folds 
Luigiams: folds 
milkysteve: calls $0.05
AGVsmarT: calls $0.05
Dorex2007: folds 
MatiasP222: checks 
*** FLOP *** [3s 3d 5h]
MatiasP222: bets $0.08
daryl meow leaves the table
milkysteve: folds 
AGVsmarT: folds 
Uncalled bet ($0.08) returned to MatiasP222
MatiasP222 collected $0.16 from pot
MatiasP222: doesn't show hand 
*** SUMMARY ***
Total pot $0.17 | Rake $0.01 
Board [3s 3d 5h]
Seat 1: daryl meow folded before Flop (didn't bet)
Seat 2: geniuss folded before Flop (didn't bet)
Seat 3: tripleplay72 folded before Flop (didn't bet)
Seat 4: Luigiams folded before Flop (didn't bet)
Seat 5: milkysteve folded on the Flop
Seat 6: AGVsmarT (button) folded on the Flop
Seat 7: Dorex2007 (small blind) folded before Flop
Seat 8: MatiasP222 (big blind) collected ($0.16)
Seat 9: Almanza63 folded before Flop (didn't bet)



PokerStars Hand #237693996461:  Hold'em No Limit ($0.02/$0.05 USD) - 2022/07/30 21:34:38 PT [2022/07/31 0:34:38 ET]
Table 'Veteraniya II' 9-max Seat #7 is the button
Seat 2: geniuss ($5.15 in chips) 
Seat 3: tripleplay72 ($5 in chips) 
Seat 4: Luigiams ($7.60 in chips) 
Seat 5: milkysteve ($5.19 in chips) 
Seat 6: AGVsmarT ($4.43 in chips) 
Seat 7: Dorex2007 ($6.30 in chips) 
Seat 8: MatiasP222 ($4.03 in chips) 
Seat 9: Almanza63 ($14.51 in chips) 
MatiasP222: posts small blind $0.02
Almanza63: posts big blind $0.05
*** HOLE CARDS ***
Dealt to Dorex2007 [Kc 2d]
geniuss: folds 
tripleplay72: raises $0.10 to $0.15
Luigiams: folds 
milkysteve: calls $0.15
AGVsmarT: folds 
Dorex2007: folds 
MatiasP222: folds 
Almanza63: folds 
*** FLOP *** [9h 5c 7c]
tripleplay72: checks 
milkysteve: checks 
*** TURN *** [9h 5c 7c] [Jh]
tripleplay72: bets $0.17
milkysteve: raises $0.17 to $0.34
tripleplay72: calls $0.17
*** RIVER *** [9h 5c 7c Jh] [4d]
tripleplay72: checks 
milkysteve: bets $0.35
tripleplay72: calls $0.35
*** SHOW DOWN ***
milkysteve: shows [Ks Jd] (a pair of Jacks)
tripleplay72: shows [Js Ad] (a pair of Jacks - Ace kicker)
tripleplay72 collected $1.68 from pot
*** SUMMARY ***
Total pot $1.75 | Rake $0.07 
Board [9h 5c 7c Jh 4d]
Seat 2: geniuss folded before Flop (didn't bet)
Seat 3: tripleplay72 showed [Js Ad] and won ($1.68) with a pair of Jacks
Seat 4: Luigiams folded before Flop (didn't bet)
Seat 5: milkysteve showed [Ks Jd] and lost with a pair of Jacks
Seat 6: AGVsmarT folded before Flop (didn't bet)
Seat 7: Dorex2007 (button) folded before Flop (didn't bet)
Seat 8: MatiasP222 (small blind) folded before Flop
Seat 9: Almanza63 (big blind) folded before Flop



PokerStars Hand #237694014545:  Hold'em No Limit ($0.02/$0.05 USD) - 2022/07/30 21:35:45 PT [2022/07/31 0:35:45 ET]
Table 'Veteraniya II' 9-max Seat #8 is the button
Seat 2: geniuss ($5.15 in chips) 
Seat 3: tripleplay72 ($5.84 in chips) 
Seat 4: Luigiams ($7.60 in chips) 
Seat 5: milkysteve ($4.35 in chips) 
Seat 6: AGVsmarT ($4.43 in chips) 
Seat 7: Dorex2007 ($6.30 in chips) 
Seat 8: MatiasP222 ($4.01 in chips) 
Seat 9: Almanza63 ($14.46 in chips) 
Almanza63: posts small blind $0.02
geniuss: posts big blind $0.05
*** HOLE CARDS ***
Dealt to Dorex2007 [Kc 3s]
tripleplay72: raises $0.10 to $0.15
Luigiams: folds 
milkysteve: calls $0.15
AGVsmarT: folds 
Dorex2007: folds 
MatiasP222: folds 
Almanza63: folds 
geniuss: folds 
*** FLOP *** [3h Ah As]
MatiasP222 leaves the table
tripleplay72: checks 
milkysteve: checks 
*** TURN *** [3h Ah As] [5c]
tripleplay72: bets $0.17
milkysteve: calls $0.17
*** RIVER *** [3h Ah As 5c] [Ac]
tripleplay72: bets $0.68
milkysteve: calls $0.68
*** SHOW DOWN ***
tripleplay72: shows [Ad 3d] (four of a kind, Aces)
milkysteve: mucks hand 
tripleplay72 collected $1.98 from pot
*** SUMMARY ***
Total pot $2.07 | Rake $0.09 
Board [3h Ah As 5c Ac]
Seat 2: geniuss (big blind) folded before Flop
Seat 3: tripleplay72 showed [Ad 3d] and won ($1.98) with four of a kind, Aces
Seat 4: Luigiams folded before Flop (didn't bet)
Seat 5: milkysteve mucked [6s 5s]
Seat 6: AGVsmarT folded before Flop (didn't bet)
Seat 7: Dorex2007 folded before Flop (didn't bet)
Seat 8: MatiasP222 (button) folded before Flop (didn't bet)
Seat 9: Almanza63 (small blind) folded before Flop



PokerStars Hand #237694021510:  Hold'em No Limit ($0.02/$0.05 USD) - 2022/07/30 21:36:40 PT [2022/07/31 0:36:40 ET]
Table 'Veteraniya II' 9-max Seat #9 is the button
Seat 2: geniuss ($5.10 in chips) 
Seat 3: tripleplay72 ($6.82 in chips) 
Seat 4: Luigiams ($7.60 in chips) 
Seat 5: milkysteve ($3.35 in chips) 
Seat 6: AGVsmarT ($4.43 in chips) 
Seat 7: Dorex2007 ($6.30 in chips) 
Seat 9: Almanza63 ($14.44 in chips) 
geniuss: posts small blind $0.02
tripleplay72: posts big blind $0.05
*** HOLE CARDS ***
Dealt to Dorex2007 [7s 8d]
Luigiams: calls $0.05
milkysteve: calls $0.05
AGVsmarT: raises $0.10 to $0.15
Dorex2007: folds 
Almanza63: calls $0.15
geniuss: folds 
tripleplay72: folds 
Luigiams: folds 
milkysteve: calls $0.10
*** FLOP *** [Js Td Qd]
milkysteve: checks 
AGVsmarT: bets $0.55
Almanza63: folds 
milkysteve: calls $0.55
*** TURN *** [Js Td Qd] [2d]
milkysteve: checks 
AGVsmarT: bets $0.80
milkysteve: calls $0.80
*** RIVER *** [Js Td Qd 2d] [Jh]
milkysteve: checks 
AGVsmarT: checks 
*** SHOW DOWN ***
milkysteve: shows [9h Jc] (three of a kind, Jacks)
AGVsmarT: mucks hand 
milkysteve collected $3.13 from pot
*** SUMMARY ***
Total pot $3.27 | Rake $0.14 
Board [Js Td Qd 2d Jh]
Seat 2: geniuss (small blind) folded before Flop
Seat 3: tripleplay72 (big blind) folded before Flop
Seat 4: Luigiams folded before Flop
Seat 5: milkysteve showed [9h Jc] and won ($3.13) with three of a kind, Jacks
Seat 6: AGVsmarT mucked [Tc Qc]
Seat 7: Dorex2007 folded before Flop (didn't bet)
Seat 9: Almanza63 (button) folded on the Flop



PokerStars Hand #237694028541:  Hold'em No Limit ($0.02/$0.05 USD) - 2022/07/30 21:37:38 PT [2022/07/31 0:37:38 ET]
Table 'Veteraniya II' 9-max Seat #2 is the button
Seat 2: geniuss ($5.08 in chips) 
Seat 3: tripleplay72 ($6.77 in chips) 
Seat 4: Luigiams ($7.55 in chips) 
Seat 5: milkysteve ($4.98 in chips) 
Seat 6: AGVsmarT ($2.93 in chips) 
Seat 7: Dorex2007 ($6.30 in chips) 
Seat 9: Almanza63 ($14.29 in chips) 
tripleplay72: posts small blind $0.02
Luigiams: posts big blind $0.05
*** HOLE CARDS ***
Dealt to Dorex2007 [Kc 6h]
milkysteve: calls $0.05
AGVsmarT: folds 
Dorex2007: folds 
Almanza63: folds 
geniuss: folds 
tripleplay72: folds 
Luigiams: raises $0.15 to $0.20
milkysteve: folds 
Uncalled bet ($0.15) returned to Luigiams
Luigiams collected $0.12 from pot
*** SUMMARY ***
Total pot $0.12 | Rake $0 
Seat 2: geniuss (button) folded before Flop (didn't bet)
Seat 3: tripleplay72 (small blind) folded before Flop
Seat 4: Luigiams (big blind) collected ($0.12)
Seat 5: milkysteve folded before Flop
Seat 6: AGVsmarT folded before Flop (didn't bet)
Seat 7: Dorex2007 folded before Flop (didn't bet)
Seat 9: Almanza63 folded before Flop (didn't bet)



PokerStars Hand #237694031205:  Hold'em No Limit ($0.02/$0.05 USD) - 2022/07/30 21:37:59 PT [2022/07/31 0:37:59 ET]
Table 'Veteraniya II' 9-max Seat #3 is the button
Seat 2: geniuss ($5.08 in chips) 
Seat 3: tripleplay72 ($6.75 in chips) 
Seat 4: Luigiams ($7.62 in chips) 
Seat 5: milkysteve ($4.93 in chips) 
Seat 6: AGVsmarT ($4.93 in chips) 
Seat 7: Dorex2007 ($6.30 in chips) 
Seat 9: Almanza63 ($14.29 in chips) 
Luigiams: posts small blind $0.02
milkysteve: posts big blind $0.05
*** HOLE CARDS ***
Dealt to Dorex2007 [Ks 8d]
AGVsmarT: folds 
Dorex2007: folds 
Almanza63: folds 
geniuss: folds 
tripleplay72: folds 
Luigiams: calls $0.03
milkysteve: raises $0.10 to $0.15
Luigiams: folds 
Uncalled bet ($0.10) returned to milkysteve
milkysteve collected $0.10 from pot
milkysteve: doesn't show hand 
*** SUMMARY ***
Total pot $0.10 | Rake $0 
Seat 2: geniuss folded before Flop (didn't bet)
Seat 3: tripleplay72 (button) folded before Flop (didn't bet)
Seat 4: Luigiams (small blind) folded before Flop
Seat 5: milkysteve (big blind) collected ($0.10)
Seat 6: AGVsmarT folded before Flop (didn't bet)
Seat 7: Dorex2007 folded before Flop (didn't bet)
Seat 9: Almanza63 folded before Flop (didn't bet)



PokerStars Hand #237694034026:  Hold'em No Limit ($0.02/$0.05 USD) - 2022/07/30 21:38:22 PT [2022/07/31 0:38:22 ET]
Table 'Veteraniya II' 9-max Seat #4 is the button
Seat 2: geniuss ($5.08 in chips) 
Seat 3: tripleplay72 ($6.75 in chips) 
Seat 4: Luigiams ($7.57 in chips) 
Seat 5: milkysteve ($4.98 in chips) 
Seat 6: AGVsmarT ($4.93 in chips) 
Seat 7: Dorex2007 ($6.30 in chips) 
Seat 9: Almanza63 ($14.29 in chips) 
milkysteve: posts small blind $0.02
AGVsmarT: posts big blind $0.05
*** HOLE CARDS ***
Dealt to Dorex2007 [Qh Ah]
Dorex2007: raises $0.05 to $0.10
Almanza63: folds 
geniuss: folds 
tripleplay72: calls $0.10
Luigiams: folds 
milkysteve: calls $0.08
AGVsmarT: calls $0.05
*** FLOP *** [Td 4d 4h]
milkysteve: checks 
AGVsmarT: checks 
Dorex2007: checks 
tripleplay72: checks 
*** TURN *** [Td 4d 4h] [6d]
milkysteve: bets $0.10
AGVsmarT: folds 
Dorex2007: folds 
tripleplay72: calls $0.10
*** RIVER *** [Td 4d 4h 6d] [Jh]
milkysteve: bets $0.45
tripleplay72: calls $0.45
*** SHOW DOWN ***
milkysteve: shows [Kd 9s] (a pair of Fours)
tripleplay72: shows [7d 9d] (a flush, Ten high)
tripleplay72 collected $1.44 from pot
*** SUMMARY ***
Total pot $1.50 | Rake $0.06 
Board [Td 4d 4h 6d Jh]
Seat 2: geniuss folded before Flop (didn't bet)
Seat 3: tripleplay72 showed [7d 9d] and won ($1.44) with a flush, Ten high
Seat 4: Luigiams (button) folded before Flop (didn't bet)
Seat 5: milkysteve (small blind) showed [Kd 9s] and lost with a pair of Fours
Seat 6: AGVsmarT (big blind) folded on the Turn
Seat 7: Dorex2007 folded on the Turn
Seat 9: Almanza63 folded before Flop (didn't bet)



PokerStars Hand #237694042623:  Hold'em No Limit ($0.02/$0.05 USD) - 2022/07/30 21:39:33 PT [2022/07/31 0:39:33 ET]
Table 'Veteraniya II' 9-max Seat #5 is the button
Seat 2: geniuss ($5.08 in chips) 
Seat 3: tripleplay72 ($7.54 in chips) 
Seat 4: Luigiams ($7.57 in chips) 
Seat 5: milkysteve ($4.33 in chips) 
Seat 6: AGVsmarT ($4.83 in chips) 
Seat 7: Dorex2007 ($6.20 in chips) 
Seat 9: Almanza63 ($14.29 in chips) 
AGVsmarT: posts small blind $0.02
Dorex2007: posts big blind $0.05
*** HOLE CARDS ***
Dealt to Dorex2007 [9c Kh]
Almanza63: folds 
geniuss: folds 
tripleplay72: raises $0.10 to $0.15
Luigiams: folds 
milkysteve: calls $0.15
AGVsmarT: folds 
Dorex2007: folds 
*** FLOP *** [7h As 3d]
tripleplay72: checks 
milkysteve: checks 
*** TURN *** [7h As 3d] [8c]
tripleplay72: bets $0.17
milkysteve: folds 
Uncalled bet ($0.17) returned to tripleplay72
tripleplay72 collected $0.35 from pot
*** SUMMARY ***
Total pot $0.37 | Rake $0.02 
Board [7h As 3d 8c]
Seat 2: geniuss folded before Flop (didn't bet)
Seat 3: tripleplay72 collected ($0.35)
Seat 4: Luigiams folded before Flop (didn't bet)
Seat 5: milkysteve (button) folded on the Turn
Seat 6: AGVsmarT (small blind) folded before Flop
Seat 7: Dorex2007 (big blind) folded before Flop
Seat 9: Almanza63 folded before Flop (didn't bet)



PokerStars Hand #237694047403:  Hold'em No Limit ($0.02/$0.05 USD) - 2022/07/30 21:40:12 PT [2022/07/31 0:40:12 ET]
Table 'Veteraniya II' 9-max Seat #6 is the button
Seat 2: geniuss ($5.08 in chips) 
Seat 3: tripleplay72 ($7.74 in chips) 
Seat 4: Luigiams ($7.57 in chips) 
Seat 5: milkysteve ($4.18 in chips) 
Seat 6: AGVsmarT ($4.81 in chips) 
Seat 7: Dorex2007 ($6.15 in chips) 
Seat 9: Almanza63 ($14.29 in chips) 
Dorex2007: posts small blind $0.02
Almanza63: posts big blind $0.05
*** HOLE CARDS ***
Dealt to Dorex2007 [Qc Kc]
geniuss: folds 
tripleplay72: folds 
Luigiams: folds 
milkysteve: raises $0.10 to $0.15
AGVsmarT: folds 
Dorex2007: raises $0.20 to $0.35
Almanza63: folds 
milkysteve: calls $0.20
*** FLOP *** [7h Kd 9s]
Dorex2007: checks 
milkysteve: checks 
*** TURN *** [7h Kd 9s] [Qs]
Dorex2007: bets $0.36
milkysteve: folds 
Uncalled bet ($0.36) returned to Dorex2007
Dorex2007 collected $0.72 from pot
Dorex2007: doesn't show hand 
*** SUMMARY ***
Total pot $0.75 | Rake $0.03 
Board [7h Kd 9s Qs]
Seat 2: geniuss folded before Flop (didn't bet)
Seat 3: tripleplay72 folded before Flop (didn't bet)
Seat 4: Luigiams folded before Flop (didn't bet)
Seat 5: milkysteve folded on the Turn
Seat 6: AGVsmarT (button) folded before Flop (didn't bet)
Seat 7: Dorex2007 (small blind) collected ($0.72)
Seat 9: Almanza63 (big blind) folded before Flop



PokerStars Hand #237694052523:  Hold'em No Limit ($0.02/$0.05 USD) - 2022/07/30 21:40:54 PT [2022/07/31 0:40:54 ET]
Table 'Veteraniya II' 9-max Seat #7 is the button
Seat 2: geniuss ($5.08 in chips) 
Seat 3: tripleplay72 ($7.74 in chips) 
Seat 4: Luigiams ($7.57 in chips) 
Seat 5: milkysteve ($3.83 in chips) 
Seat 6: AGVsmarT ($4.81 in chips) 
Seat 7: Dorex2007 ($6.52 in chips) 
Seat 9: Almanza63 ($14.24 in chips) 
Almanza63: posts small blind $0.02
geniuss: posts big blind $0.05
*** HOLE CARDS ***
Dealt to Dorex2007 [Jd Ks]
tripleplay72: folds 
Luigiams: raises $0.05 to $0.10
milkysteve: folds 
AGVsmarT: folds 
Dorex2007: calls $0.10
Almanza63: folds 
geniuss: folds 
*** FLOP *** [6h 8d Td]
Luigiams: bets $0.20
Dorex2007: folds 
Uncalled bet ($0.20) returned to Luigiams
Luigiams collected $0.26 from pot
*** SUMMARY ***
Total pot $0.27 | Rake $0.01 
Board [6h 8d Td]
Seat 2: geniuss (big blind) folded before Flop
Seat 3: tripleplay72 folded before Flop (didn't bet)
Seat 4: Luigiams collected ($0.26)
Seat 5: milkysteve folded before Flop (didn't bet)
Seat 6: AGVsmarT folded before Flop (didn't bet)
Seat 7: Dorex2007 (button) folded on the Flop
Seat 9: Almanza63 (small blind) folded before Flop



PokerStars Hand #237694056391:  Hold'em No Limit ($0.02/$0.05 USD) - 2022/07/30 21:41:26 PT [2022/07/31 0:41:26 ET]
Table 'Veteraniya II' 9-max Seat #9 is the button
Seat 2: geniuss ($5.03 in chips) 
Seat 3: tripleplay72 ($7.74 in chips) 
Seat 4: Luigiams ($7.73 in chips) 
Seat 5: milkysteve ($3.83 in chips) 
Seat 6: AGVsmarT ($4.81 in chips) 
Seat 7: Dorex2007 ($6.42 in chips) 
Seat 9: Almanza63 ($14.22 in chips) 
geniuss: posts small blind $0.02
tripleplay72: posts big blind $0.05
*** HOLE CARDS ***
Dealt to Dorex2007 [4c Qc]
Luigiams: calls $0.05
milkysteve: folds 
AGVsmarT: raises $0.17 to $0.22
Dorex2007: folds 
Almanza63: folds 
geniuss: folds 
tripleplay72: folds 
Luigiams: calls $0.17
*** FLOP *** [4s 2c Td]
Luigiams: checks 
AGVsmarT: bets $0.15
Luigiams: calls $0.15
*** TURN *** [4s 2c Td] [Kh]
Luigiams: checks 
AGVsmarT: bets $0.15
Luigiams: folds 
Uncalled bet ($0.15) returned to AGVsmarT
AGVsmarT collected $0.78 from pot
*** SUMMARY ***
Total pot $0.81 | Rake $0.03 
Board [4s 2c Td Kh]
Seat 2: geniuss (small blind) folded before Flop
Seat 3: tripleplay72 (big blind) folded before Flop
Seat 4: Luigiams folded on the Turn
Seat 5: milkysteve folded before Flop (didn't bet)
Seat 6: AGVsmarT collected ($0.78)
Seat 7: Dorex2007 folded before Flop (didn't bet)
Seat 9: Almanza63 (button) folded before Flop (didn't bet)



PokerStars Hand #237694060942:  Hold'em No Limit ($0.02/$0.05 USD) - 2022/07/30 21:42:04 PT [2022/07/31 0:42:04 ET]
Table 'Veteraniya II' 9-max Seat #2 is the button
Seat 2: geniuss ($5.01 in chips) 
Seat 3: tripleplay72 ($7.69 in chips) 
Seat 4: Luigiams ($7.36 in chips) 
Seat 5: milkysteve ($3.83 in chips) 
Seat 6: AGVsmarT ($5.22 in chips) 
Seat 7: Dorex2007 ($6.42 in chips) 
Seat 9: Almanza63 ($14.22 in chips) 
tripleplay72: posts small blind $0.02
Luigiams: posts big blind $0.05
*** HOLE CARDS ***
Dealt to Dorex2007 [3h 8h]
milkysteve: raises $0.05 to $0.10
AGVsmarT: calls $0.10
Dorex2007: folds 
Almanza63: folds 
geniuss: folds 
tripleplay72: calls $0.08
Luigiams: calls $0.05
*** FLOP *** [Qs Qh 7s]
tripleplay72: checks 
Luigiams: checks 
milkysteve: bets $0.20
AGVsmarT: calls $0.20
tripleplay72: folds 
Luigiams: folds 
*** TURN *** [Qs Qh 7s] [6c]
milkysteve: bets $0.20
AGVsmarT: calls $0.20
*** RIVER *** [Qs Qh 7s 6c] [7c]
milkysteve: bets $1.15
AGVsmarT: raises $3.57 to $4.72 and is all-in
milkysteve: calls $2.18 and is all-in
Uncalled bet ($1.39) returned to AGVsmarT
*** SHOW DOWN ***
AGVsmarT: shows [Qd Kc] (a full house, Queens full of Sevens)
milkysteve: shows [Ah 7h] (a full house, Sevens full of Queens)
AGVsmarT collected $7.53 from pot
*** SUMMARY ***
Total pot $7.86 | Rake $0.33 
Board [Qs Qh 7s 6c 7c]
Seat 2: geniuss (button) folded before Flop (didn't bet)
Seat 3: tripleplay72 (small blind) folded on the Flop
Seat 4: Luigiams (big blind) folded on the Flop
Seat 5: milkysteve showed [Ah 7h] and lost with a full house, Sevens full of Queens
Seat 6: AGVsmarT showed [Qd Kc] and won ($7.53) with a full house, Queens full of Sevens
Seat 7: Dorex2007 folded before Flop (didn't bet)
Seat 9: Almanza63 folded before Flop (didn't bet)



PokerStars Hand #237694072432:  Hold'em No Limit ($0.02/$0.05 USD) - 2022/07/30 21:43:16 PT [2022/07/31 0:43:16 ET]
Table 'Veteraniya II' 9-max Seat #3 is the button
Seat 2: geniuss ($5.01 in chips) 
Seat 3: tripleplay72 ($7.59 in chips) 
Seat 4: Luigiams ($7.26 in chips) 
Seat 6: AGVsmarT ($8.92 in chips) 
Seat 7: Dorex2007 ($6.42 in chips) 
Seat 9: Almanza63 ($14.22 in chips) 
Luigiams: posts small blind $0.02
AGVsmarT: posts big blind $0.05
*** HOLE CARDS ***
Dealt to Dorex2007 [Th Ad]
Dorex2007: calls $0.05
milkysteve leaves the table
Almanza63: folds 
geniuss: folds 
tripleplay72: calls $0.05
Luigiams: raises $0.20 to $0.25
rice_hand joins the table at seat #8 
AGVsmarT: calls $0.20
rice_hand leaves the table
Dorex2007: folds 
tripleplay72: calls $0.20
*** FLOP *** [Qs 5h As]
Luigiams: bets $0.25
AGVsmarT: calls $0.25
tripleplay72: folds 
*** TURN *** [Qs 5h As] [9s]
Luigiams: checks 
AGVsmarT: bets $0.62
Luigiams: calls $0.62
*** RIVER *** [Qs 5h As 9s] [9c]
Luigiams: checks 
AGVsmarT: bets $1.21
Luigiams: calls $1.21
*** SHOW DOWN ***
AGVsmarT: shows [Ac Ks] (two pair, Aces and Nines)
Luigiams: shows [Ah Qd] (two pair, Aces and Queens)
Luigiams collected $4.75 from pot
*** SUMMARY ***
Total pot $4.96 | Rake $0.21 
Board [Qs 5h As 9s 9c]
Seat 2: geniuss folded before Flop (didn't bet)
Seat 3: tripleplay72 (button) folded on the Flop
Seat 4: Luigiams (small blind) showed [Ah Qd] and won ($4.75) with two pair, Aces and Queens
Seat 6: AGVsmarT (big blind) showed [Ac Ks] and lost with two pair, Aces and Nines
Seat 7: Dorex2007 folded before Flop
Seat 9: Almanza63 folded before Flop (didn't bet)



PokerStars Hand #237694081539:  Hold'em No Limit ($0.02/$0.05 USD) - 2022/07/30 21:44:32 PT [2022/07/31 0:44:32 ET]
Table 'Veteraniya II' 9-max Seat #4 is the button
Seat 2: geniuss ($5.01 in chips) 
Seat 3: tripleplay72 ($7.34 in chips) 
Seat 4: Luigiams ($9.68 in chips) 
Seat 6: AGVsmarT ($6.59 in chips) 
Seat 7: Dorex2007 ($6.37 in chips) 
Seat 9: Almanza63 ($14.22 in chips) 
AGVsmarT: posts small blind $0.02
Dorex2007: posts big blind $0.05
*** HOLE CARDS ***
Dealt to Dorex2007 [9h Tc]
Almanza63: folds 
geniuss: folds 
tripleplay72: folds 
Luigiams: raises $0.05 to $0.10
AGVsmarT: calls $0.08
Dorex2007: folds 
*** FLOP *** [9s 6d 2h]
AGVsmarT: bets $0.24
Luigiams: folds 
Uncalled bet ($0.24) returned to AGVsmarT
AGVsmarT collected $0.24 from pot
*** SUMMARY ***
Total pot $0.25 | Rake $0.01 
Board [9s 6d 2h]
Seat 2: geniuss folded before Flop (didn't bet)
Seat 3: tripleplay72 folded before Flop (didn't bet)
Seat 4: Luigiams (button) folded on the Flop
Seat 6: AGVsmarT (small blind) collected ($0.24)
Seat 7: Dorex2007 (big blind) folded before Flop
Seat 9: Almanza63 folded before Flop (didn't bet)



PokerStars Hand #237694084420:  Hold'em No Limit ($0.02/$0.05 USD) - 2022/07/30 21:44:55 PT [2022/07/31 0:44:55 ET]
Table 'Veteraniya II' 9-max Seat #6 is the button
Seat 2: geniuss ($5.01 in chips) 
Seat 3: tripleplay72 ($7.34 in chips) 
Seat 4: Luigiams ($9.58 in chips) 
Seat 6: AGVsmarT ($6.73 in chips) 
Seat 7: Dorex2007 ($6.32 in chips) 
Seat 9: Almanza63 ($14.22 in chips) 
Dorex2007: posts small blind $0.02
Almanza63: posts big blind $0.05
*** HOLE CARDS ***
Dealt to Dorex2007 [Td Jd]
geniuss: folds 
tripleplay72: raises $0.10 to $0.15
Luigiams: folds 
AGVsmarT: calls $0.15
Dorex2007: calls $0.13
Almanza63: folds 
*** FLOP *** [Jh 5d Tc]
Dorex2007: checks 
tripleplay72: checks 
AGVsmarT: bets $0.24
Dorex2007: raises $0.40 to $0.64
tripleplay72: folds 
AGVsmarT: folds 
Uncalled bet ($0.40) returned to Dorex2007
Dorex2007 collected $0.94 from pot
Dorex2007: doesn't show hand 
*** SUMMARY ***
Total pot $0.98 | Rake $0.04 
Board [Jh 5d Tc]
Seat 2: geniuss folded before Flop (didn't bet)
Seat 3: tripleplay72 folded on the Flop
Seat 4: Luigiams folded before Flop (didn't bet)
Seat 6: AGVsmarT (button) folded on the Flop
Seat 7: Dorex2007 (small blind) collected ($0.94)
Seat 9: Almanza63 (big blind) folded before Flop



PokerStars Hand #237694090326:  Hold'em No Limit ($0.02/$0.05 USD) - 2022/07/30 21:45:44 PT [2022/07/31 0:45:44 ET]
Table 'Veteraniya II' 9-max Seat #7 is the button
Seat 2: geniuss ($5.01 in chips) 
Seat 3: tripleplay72 ($7.19 in chips) 
Seat 4: Luigiams ($9.58 in chips) 
Seat 6: AGVsmarT ($6.34 in chips) 
Seat 7: Dorex2007 ($6.87 in chips) 
Seat 9: Almanza63 ($14.17 in chips) 
Almanza63: posts small blind $0.02
geniuss: posts big blind $0.05
*** HOLE CARDS ***
Dealt to Dorex2007 [4h Jd]
tripleplay72: folds 
Luigiams: folds 
AGVsmarT: folds 
Dorex2007: folds 
Almanza63: folds 
Uncalled bet ($0.03) returned to geniuss
geniuss collected $0.04 from pot
*** SUMMARY ***
Total pot $0.04 | Rake $0 
Seat 2: geniuss (big blind) collected ($0.04)
Seat 3: tripleplay72 folded before Flop (didn't bet)
Seat 4: Luigiams folded before Flop (didn't bet)
Seat 6: AGVsmarT folded before Flop (didn't bet)
Seat 7: Dorex2007 (button) folded before Flop (didn't bet)
Seat 9: Almanza63 (small blind) folded before Flop



PokerStars Hand #237694092089:  Hold'em No Limit ($0.02/$0.05 USD) - 2022/07/30 21:45:58 PT [2022/07/31 0:45:58 ET]
Table 'Veteraniya II' 9-max Seat #9 is the button
Seat 2: geniuss ($5.03 in chips) 
Seat 3: tripleplay72 ($7.19 in chips) 
Seat 4: Luigiams ($9.58 in chips) 
Seat 6: AGVsmarT ($6.34 in chips) 
Seat 7: Dorex2007 ($6.87 in chips) 
Seat 9: Almanza63 ($14.15 in chips) 
geniuss: posts small blind $0.02
tripleplay72: posts big blind $0.05
*** HOLE CARDS ***
Dealt to Dorex2007 [4h 3c]
Luigiams: folds 
AGVsmarT: calls $0.05
Dorex2007: folds 
Almanza63: folds 
geniuss: calls $0.03
tripleplay72: checks 
*** FLOP *** [8h 2h 4c]
geniuss: checks 
tripleplay72: checks 
AGVsmarT: bets $0.05
geniuss: calls $0.05
tripleplay72: folds 
*** TURN *** [8h 2h 4c] [Qs]
geniuss: checks 
AGVsmarT: bets $0.10
geniuss: folds 
Uncalled bet ($0.10) returned to AGVsmarT
AGVsmarT collected $0.24 from pot
*** SUMMARY ***
Total pot $0.25 | Rake $0.01 
Board [8h 2h 4c Qs]
Seat 2: geniuss (small blind) folded on the Turn
Seat 3: tripleplay72 (big blind) folded on the Flop
Seat 4: Luigiams folded before Flop (didn't bet)
Seat 6: AGVsmarT collected ($0.24)
Seat 7: Dorex2007 folded before Flop (didn't bet)
Seat 9: Almanza63 (button) folded before Flop (didn't bet)



PokerStars Hand #237694098899:  Hold'em No Limit ($0.02/$0.05 USD) - 2022/07/30 21:46:56 PT [2022/07/31 0:46:56 ET]
Table 'Veteraniya II' 9-max Seat #2 is the button
Seat 2: geniuss ($5 in chips) 
Seat 3: tripleplay72 ($7.14 in chips) 
Seat 4: Luigiams ($9.58 in chips) 
Seat 6: AGVsmarT ($6.48 in chips) 
Seat 7: Dorex2007 ($6.87 in chips) 
Seat 9: Almanza63 ($14.15 in chips) 
tripleplay72: posts small blind $0.02
Luigiams: posts big blind $0.05
*** HOLE CARDS ***
Dealt to Dorex2007 [5d 9d]
AGVsmarT: calls $0.05
Dorex2007: folds 
Almanza63: raises $0.10 to $0.15
geniuss: folds 
tripleplay72: calls $0.13
Luigiams: folds 
AGVsmarT: folds 
*** FLOP *** [9s 7s Jd]
tripleplay72: checks 
Almanza63: bets $0.19
tripleplay72: folds 
Uncalled bet ($0.19) returned to Almanza63
Almanza63 collected $0.38 from pot
Almanza63: doesn't show hand 
*** SUMMARY ***
Total pot $0.40 | Rake $0.02 
Board [9s 7s Jd]
Seat 2: geniuss (button) folded before Flop (didn't bet)
Seat 3: tripleplay72 (small blind) folded on the Flop
Seat 4: Luigiams (big blind) folded before Flop
Seat 6: AGVsmarT folded before Flop
Seat 7: Dorex2007 folded before Flop (didn't bet)
Seat 9: Almanza63 collected ($0.38)



PokerStars Hand #237694103377:  Hold'em No Limit ($0.02/$0.05 USD) - 2022/07/30 21:47:32 PT [2022/07/31 0:47:32 ET]
Table 'Veteraniya II' 9-max Seat #3 is the button
Seat 2: geniuss ($5 in chips) 
Seat 3: tripleplay72 ($6.99 in chips) 
Seat 4: Luigiams ($9.53 in chips) 
Seat 6: AGVsmarT ($6.43 in chips) 
Seat 7: Dorex2007 ($6.87 in chips) 
Seat 9: Almanza63 ($14.38 in chips) 
Luigiams: posts small blind $0.02
AGVsmarT: posts big blind $0.05
*** HOLE CARDS ***
Dealt to Dorex2007 [9d 7d]
Dorex2007: folds 
Almanza63: folds 
geniuss: calls $0.05
tripleplay72: folds 
Luigiams: calls $0.03
AGVsmarT: checks 
*** FLOP *** [5c 7h Qh]
Luigiams: checks 
AGVsmarT: bets $0.14
geniuss: folds 
Luigiams: folds 
Uncalled bet ($0.14) returned to AGVsmarT
AGVsmarT collected $0.14 from pot
*** SUMMARY ***
Total pot $0.15 | Rake $0.01 
Board [5c 7h Qh]
Seat 2: geniuss folded on the Flop
Seat 3: tripleplay72 (button) folded before Flop (didn't bet)
Seat 4: Luigiams (small blind) folded on the Flop
Seat 6: AGVsmarT (big blind) collected ($0.14)
Seat 7: Dorex2007 folded before Flop (didn't bet)
Seat 9: Almanza63 folded before Flop (didn't bet)



PokerStars Hand #237694107058:  Hold'em No Limit ($0.02/$0.05 USD) - 2022/07/30 21:48:02 PT [2022/07/31 0:48:02 ET]
Table 'Veteraniya II' 9-max Seat #4 is the button
Seat 2: geniuss ($5 in chips) 
Seat 3: tripleplay72 ($6.99 in chips) 
Seat 4: Luigiams ($9.48 in chips) 
Seat 6: AGVsmarT ($6.52 in chips) 
Seat 7: Dorex2007 ($6.87 in chips) 
Seat 9: Almanza63 ($14.38 in chips) 
AGVsmarT: posts small blind $0.02
Dorex2007: posts big blind $0.05
*** HOLE CARDS ***
Dealt to Dorex2007 [Ts Ah]
Almanza63: folds 
geniuss: folds 
tripleplay72: raises $0.10 to $0.15
Luigiams: folds 
AGVsmarT: folds 
Dorex2007: folds 
Uncalled bet ($0.10) returned to tripleplay72
tripleplay72 collected $0.12 from pot
*** SUMMARY ***
Total pot $0.12 | Rake $0 
Seat 2: geniuss folded before Flop (didn't bet)
Seat 3: tripleplay72 collected ($0.12)
Seat 4: Luigiams (button) folded before Flop (didn't bet)
Seat 6: AGVsmarT (small blind) folded before Flop
Seat 7: Dorex2007 (big blind) folded before Flop
Seat 9: Almanza63 folded before Flop (didn't bet)



