PokerStars Hand #238654754657:  Hold'em No Limit ($0.02/$0.05 USD) - 2022/09/15 18:47:55 PT [2022/09/15 21:47:55 ET]
Table 'Parvulesco' 9-max Seat #1 is the button
Seat 1: Glayson035 ($0.89 in chips) 
Seat 2: livermore1m ($6.51 in chips) 
Seat 3: Dan Beckman ($1.86 in chips) 
Seat 4: NBA_marco13 ($6.37 in chips) 
Seat 5: Xaptal ($5 in chips) 
Seat 6: WeNaSo_07 ($3.46 in chips) 
Seat 7: IM40AA ($10.59 in chips) 
Seat 8: barbolicious ($5.55 in chips) 
Seat 9: Dorex2007 ($5 in chips) 
livermore1m: posts small blind $0.02
Dan Beckman: posts big blind $0.05
Dorex2007: posts big blind $0.05
*** HOLE CARDS ***
Dealt to Dorex2007 [4h Td]
NBA_marco13: folds 
Xaptal: folds 
WeNaSo_07: folds 
IM40AA: folds 
barbolicious: folds 
Dorex2007: checks 
Glayson035: folds 
livermore1m: folds 
Dan Beckman: checks 
*** FLOP *** [Jd 3h 4d]
Dan Beckman: checks 
Dorex2007: checks 
*** TURN *** [Jd 3h 4d] [6s]
Dan Beckman: checks 
Dorex2007: checks 
*** RIVER *** [Jd 3h 4d 6s] [5d]
Dan Beckman: checks 
Dorex2007: checks 
*** SHOW DOWN ***
Dan Beckman: shows [Ts 2c] (a straight, Deuce to Six)
Dorex2007: mucks hand 
Dan Beckman collected $0.12 from pot
*** SUMMARY ***
Total pot $0.12 | Rake $0 
Board [Jd 3h 4d 6s 5d]
Seat 1: Glayson035 (button) folded before Flop (didn't bet)
Seat 2: livermore1m (small blind) folded before Flop
Seat 3: Dan Beckman (big blind) showed [Ts 2c] and won ($0.12) with a straight, Deuce to Six
Seat 4: NBA_marco13 folded before Flop (didn't bet)
Seat 5: Xaptal folded before Flop (didn't bet)
Seat 6: WeNaSo_07 folded before Flop (didn't bet)
Seat 7: IM40AA folded before Flop (didn't bet)
Seat 8: barbolicious folded before Flop (didn't bet)
Seat 9: Dorex2007 mucked [4h Td]



PokerStars Hand #238654765677:  Hold'em No Limit ($0.02/$0.05 USD) - 2022/09/15 18:48:50 PT [2022/09/15 21:48:50 ET]
Table 'Parvulesco' 9-max Seat #2 is the button
Seat 1: Glayson035 ($0.89 in chips) 
Seat 2: livermore1m ($6.49 in chips) 
Seat 3: Dan Beckman ($1.93 in chips) 
Seat 4: NBA_marco13 ($6.37 in chips) 
Seat 5: Xaptal ($5 in chips) 
Seat 6: WeNaSo_07 ($3.46 in chips) 
Seat 7: IM40AA ($10.59 in chips) 
Seat 8: barbolicious ($5.55 in chips) 
Seat 9: Dorex2007 ($5 in chips) 
Dan Beckman: posts small blind $0.02
NBA_marco13: posts big blind $0.05
*** HOLE CARDS ***
Dealt to Dorex2007 [Jd 2h]
Xaptal: folds 
WeNaSo_07: folds 
IM40AA: raises $0.09 to $0.14
barbolicious: folds 
Dorex2007: folds 
Glayson035: folds 
livermore1m: folds 
Dan Beckman: folds 
NBA_marco13: folds 
Uncalled bet ($0.09) returned to IM40AA
IM40AA collected $0.12 from pot
IM40AA: doesn't show hand 
*** SUMMARY ***
Total pot $0.12 | Rake $0 
Seat 1: Glayson035 folded before Flop (didn't bet)
Seat 2: livermore1m (button) folded before Flop (didn't bet)
Seat 3: Dan Beckman (small blind) folded before Flop
Seat 4: NBA_marco13 (big blind) folded before Flop
Seat 5: Xaptal folded before Flop (didn't bet)
Seat 6: WeNaSo_07 folded before Flop (didn't bet)
Seat 7: IM40AA collected ($0.12)
Seat 8: barbolicious folded before Flop (didn't bet)
Seat 9: Dorex2007 folded before Flop (didn't bet)



PokerStars Hand #238654771290:  Hold'em No Limit ($0.02/$0.05 USD) - 2022/09/15 18:49:17 PT [2022/09/15 21:49:17 ET]
Table 'Parvulesco' 9-max Seat #3 is the button
Seat 1: Glayson035 ($0.89 in chips) 
Seat 2: livermore1m ($6.49 in chips) 
Seat 3: Dan Beckman ($1.91 in chips) 
Seat 4: NBA_marco13 ($6.32 in chips) 
Seat 5: Xaptal ($5 in chips) 
Seat 6: WeNaSo_07 ($3.46 in chips) 
Seat 7: IM40AA ($10.66 in chips) 
Seat 8: barbolicious ($5.55 in chips) 
Seat 9: Dorex2007 ($5 in chips) 
NBA_marco13: posts small blind $0.02
Xaptal: posts big blind $0.05
*** HOLE CARDS ***
Dealt to Dorex2007 [Jh Ad]
WeNaSo_07: folds 
IM40AA: calls $0.05
barbolicious: folds 
Dorex2007: raises $0.10 to $0.15
Glayson035: calls $0.15
livermore1m: folds 
Dan Beckman: folds 
NBA_marco13: folds 
Xaptal: folds 
IM40AA: calls $0.10
*** FLOP *** [6c 9h Qd]
IM40AA: checks 
Dorex2007: checks 
Glayson035: bets $0.40
IM40AA: folds 
Dorex2007: folds 
Uncalled bet ($0.40) returned to Glayson035
Glayson035 collected $0.50 from pot
Glayson035: doesn't show hand 
*** SUMMARY ***
Total pot $0.52 | Rake $0.02 
Board [6c 9h Qd]
Seat 1: Glayson035 collected ($0.50)
Seat 2: livermore1m folded before Flop (didn't bet)
Seat 3: Dan Beckman (button) folded before Flop (didn't bet)
Seat 4: NBA_marco13 (small blind) folded before Flop
Seat 5: Xaptal (big blind) folded before Flop
Seat 6: WeNaSo_07 folded before Flop (didn't bet)
Seat 7: IM40AA folded on the Flop
Seat 8: barbolicious folded before Flop (didn't bet)
Seat 9: Dorex2007 folded on the Flop



PokerStars Hand #238654782989:  Hold'em No Limit ($0.02/$0.05 USD) - 2022/09/15 18:50:16 PT [2022/09/15 21:50:16 ET]
Table 'Parvulesco' 9-max Seat #4 is the button
Seat 1: Glayson035 ($1.24 in chips) 
Seat 2: livermore1m ($6.49 in chips) 
Seat 3: Dan Beckman ($1.91 in chips) 
Seat 4: NBA_marco13 ($6.30 in chips) 
Seat 5: Xaptal ($4.95 in chips) 
Seat 6: WeNaSo_07 ($3.46 in chips) 
Seat 7: IM40AA ($10.51 in chips) 
Seat 8: barbolicious ($5.55 in chips) 
Seat 9: Dorex2007 ($5 in chips) 
Xaptal: posts small blind $0.02
WeNaSo_07: posts big blind $0.05
*** HOLE CARDS ***
Dealt to Dorex2007 [Jh Ad]
IM40AA: folds 
barbolicious: folds 
Dorex2007: folds 
Glayson035: folds 
livermore1m: raises $0.07 to $0.12
Dan Beckman: folds 
NBA_marco13: folds 
IM40AA leaves the table
Xaptal: raises $0.29 to $0.41
WeNaSo_07: folds 
mumisber joins the table at seat #7 
livermore1m: folds 
Uncalled bet ($0.29) returned to Xaptal
Xaptal collected $0.29 from pot
*** SUMMARY ***
Total pot $0.29 | Rake $0 
Seat 1: Glayson035 folded before Flop (didn't bet)
Seat 2: livermore1m folded before Flop
Seat 3: Dan Beckman folded before Flop (didn't bet)
Seat 4: NBA_marco13 (button) folded before Flop (didn't bet)
Seat 5: Xaptal (small blind) collected ($0.29)
Seat 6: WeNaSo_07 (big blind) folded before Flop
Seat 7: IM40AA folded before Flop (didn't bet)
Seat 8: barbolicious folded before Flop (didn't bet)
Seat 9: Dorex2007 folded before Flop (didn't bet)



PokerStars Hand #238654789063:  Hold'em No Limit ($0.02/$0.05 USD) - 2022/09/15 18:50:47 PT [2022/09/15 21:50:47 ET]
Table 'Parvulesco' 9-max Seat #5 is the button
Seat 1: Glayson035 ($1.24 in chips) 
Seat 2: livermore1m ($6.37 in chips) 
Seat 3: Dan Beckman ($1.91 in chips) 
Seat 4: NBA_marco13 ($6.30 in chips) 
Seat 5: Xaptal ($5.12 in chips) 
Seat 6: WeNaSo_07 ($3.41 in chips) 
Seat 7: mumisber ($2 in chips) 
Seat 8: barbolicious ($5.55 in chips) 
Seat 9: Dorex2007 ($5 in chips) 
WeNaSo_07: posts small blind $0.02
mumisber: posts big blind $0.05
*** HOLE CARDS ***
Dealt to Dorex2007 [2c 4h]
barbolicious: folds 
Dorex2007: folds 
Glayson035: folds 
livermore1m: folds 
Dan Beckman: folds 
NBA_marco13: raises $0.10 to $0.15
Xaptal: folds 
WeNaSo_07: folds 
mumisber: calls $0.10
*** FLOP *** [Js 5s 6h]
mumisber: checks 
NBA_marco13: bets $0.15
mumisber: folds 
Uncalled bet ($0.15) returned to NBA_marco13
NBA_marco13 collected $0.31 from pot
NBA_marco13: doesn't show hand 
*** SUMMARY ***
Total pot $0.32 | Rake $0.01 
Board [Js 5s 6h]
Seat 1: Glayson035 folded before Flop (didn't bet)
Seat 2: livermore1m folded before Flop (didn't bet)
Seat 3: Dan Beckman folded before Flop (didn't bet)
Seat 4: NBA_marco13 collected ($0.31)
Seat 5: Xaptal (button) folded before Flop (didn't bet)
Seat 6: WeNaSo_07 (small blind) folded before Flop
Seat 7: mumisber (big blind) folded on the Flop
Seat 8: barbolicious folded before Flop (didn't bet)
Seat 9: Dorex2007 folded before Flop (didn't bet)



PokerStars Hand #238654802551:  Hold'em No Limit ($0.02/$0.05 USD) - 2022/09/15 18:51:56 PT [2022/09/15 21:51:56 ET]
Table 'Parvulesco' 9-max Seat #6 is the button
Seat 1: Glayson035 ($1.24 in chips) 
Seat 2: livermore1m ($6.37 in chips) 
Seat 3: Dan Beckman ($1.91 in chips) 
Seat 4: NBA_marco13 ($6.46 in chips) 
Seat 5: Xaptal ($5.12 in chips) 
Seat 6: WeNaSo_07 ($3.39 in chips) 
Seat 7: mumisber ($1.85 in chips) 
Seat 8: barbolicious ($5.55 in chips) 
Seat 9: Dorex2007 ($5 in chips) 
mumisber: posts small blind $0.02
barbolicious: posts big blind $0.05
*** HOLE CARDS ***
Dealt to Dorex2007 [4s Kh]
Dorex2007: folds 
Glayson035: folds 
livermore1m has timed out
livermore1m: folds 
Dan Beckman: folds 
NBA_marco13: folds 
Xaptal: raises $0.10 to $0.15
WeNaSo_07: folds 
livermore1m leaves the table
vkorgik joins the table at seat #2 
mumisber: folds 
barbolicious: folds 
Uncalled bet ($0.10) returned to Xaptal
Xaptal collected $0.12 from pot
*** SUMMARY ***
Total pot $0.12 | Rake $0 
Seat 1: Glayson035 folded before Flop (didn't bet)
Seat 2: livermore1m folded before Flop (didn't bet)
Seat 3: Dan Beckman folded before Flop (didn't bet)
Seat 4: NBA_marco13 folded before Flop (didn't bet)
Seat 5: Xaptal collected ($0.12)
Seat 6: WeNaSo_07 (button) folded before Flop (didn't bet)
Seat 7: mumisber (small blind) folded before Flop
Seat 8: barbolicious (big blind) folded before Flop
Seat 9: Dorex2007 folded before Flop (didn't bet)



PokerStars Hand #238654813470:  Hold'em No Limit ($0.02/$0.05 USD) - 2022/09/15 18:52:51 PT [2022/09/15 21:52:51 ET]
Table 'Parvulesco' 9-max Seat #7 is the button
Seat 1: Glayson035 ($1.24 in chips) 
Seat 3: Dan Beckman ($1.91 in chips) 
Seat 4: NBA_marco13 ($6.46 in chips) 
Seat 5: Xaptal ($5.19 in chips) 
Seat 6: WeNaSo_07 ($3.39 in chips) 
Seat 7: mumisber ($1.83 in chips) 
Seat 8: barbolicious ($5.50 in chips) 
Seat 9: Dorex2007 ($5 in chips) 
barbolicious: posts small blind $0.02
Dorex2007: posts big blind $0.05
vkorgik: sits out 
*** HOLE CARDS ***
Dealt to Dorex2007 [7h 6c]
Glayson035 has timed out
Glayson035: folds 
Dan Beckman: folds 
NBA_marco13: raises $0.07 to $0.12
Xaptal: folds 
WeNaSo_07: folds 
mumisber: folds 
barbolicious: folds 
Dorex2007: folds 
Uncalled bet ($0.07) returned to NBA_marco13
NBA_marco13 collected $0.12 from pot
NBA_marco13: doesn't show hand 
*** SUMMARY ***
Total pot $0.12 | Rake $0 
Seat 1: Glayson035 folded before Flop (didn't bet)
Seat 3: Dan Beckman folded before Flop (didn't bet)
Seat 4: NBA_marco13 collected ($0.12)
Seat 5: Xaptal folded before Flop (didn't bet)
Seat 6: WeNaSo_07 folded before Flop (didn't bet)
Seat 7: mumisber (button) folded before Flop (didn't bet)
Seat 8: barbolicious (small blind) folded before Flop
Seat 9: Dorex2007 (big blind) folded before Flop



PokerStars Hand #238654817629:  Hold'em No Limit ($0.02/$0.05 USD) - 2022/09/15 18:53:12 PT [2022/09/15 21:53:12 ET]
Table 'Parvulesco' 9-max Seat #8 is the button
Seat 1: Glayson035 ($1.24 in chips) 
Seat 3: Dan Beckman ($1.91 in chips) 
Seat 4: NBA_marco13 ($6.53 in chips) 
Seat 5: Xaptal ($5.19 in chips) 
Seat 6: WeNaSo_07 ($3.39 in chips) 
Seat 7: mumisber ($1.83 in chips) 
Seat 8: barbolicious ($5.48 in chips) 
Seat 9: Dorex2007 ($5 in chips) 
Dorex2007: posts small blind $0.02
Glayson035: posts big blind $0.05
vkorgik: sits out 
*** HOLE CARDS ***
Dealt to Dorex2007 [8d Js]
Dan Beckman: folds 
NBA_marco13: folds 
Xaptal: folds 
WeNaSo_07: raises $0.10 to $0.15
mumisber: folds 
barbolicious: folds 
Dorex2007: folds 
Glayson035: calls $0.10
*** FLOP *** [Ts 7h Th]
Glayson035: checks 
WeNaSo_07: bets $0.10
Glayson035: calls $0.10
*** TURN *** [Ts 7h Th] [3h]
Glayson035: checks 
WeNaSo_07: checks 
*** RIVER *** [Ts 7h Th 3h] [Jc]
Glayson035: checks 
WeNaSo_07: checks 
*** SHOW DOWN ***
Glayson035: shows [5c 7c] (two pair, Tens and Sevens)
WeNaSo_07: mucks hand 
Glayson035 collected $0.50 from pot
*** SUMMARY ***
Total pot $0.52 | Rake $0.02 
Board [Ts 7h Th 3h Jc]
Seat 1: Glayson035 (big blind) showed [5c 7c] and won ($0.50) with two pair, Tens and Sevens
Seat 3: Dan Beckman folded before Flop (didn't bet)
Seat 4: NBA_marco13 folded before Flop (didn't bet)
Seat 5: Xaptal folded before Flop (didn't bet)
Seat 6: WeNaSo_07 mucked [6s 6h]
Seat 7: mumisber folded before Flop (didn't bet)
Seat 8: barbolicious (button) folded before Flop (didn't bet)
Seat 9: Dorex2007 (small blind) folded before Flop



PokerStars Hand #238654832451:  Hold'em No Limit ($0.02/$0.05 USD) - 2022/09/15 18:54:28 PT [2022/09/15 21:54:28 ET]
Table 'Parvulesco' 9-max Seat #9 is the button
Seat 1: Glayson035 ($1.49 in chips) 
Seat 2: vkorgik ($5 in chips) 
Seat 3: Dan Beckman ($1.91 in chips) 
Seat 4: NBA_marco13 ($6.53 in chips) 
Seat 5: Xaptal ($5.19 in chips) 
Seat 6: WeNaSo_07 ($3.14 in chips) 
Seat 7: mumisber ($1.83 in chips) 
Seat 8: barbolicious ($5.48 in chips) 
Seat 9: Dorex2007 ($5 in chips) 
Glayson035: posts small blind $0.02
vkorgik: posts big blind $0.05
*** HOLE CARDS ***
Dealt to Dorex2007 [6c 3h]
Dan Beckman: folds 
NBA_marco13: folds 
Xaptal: folds 
WeNaSo_07: folds 
mumisber: folds 
barbolicious: raises $0.10 to $0.15
Dorex2007: folds 
Glayson035: calls $0.13
vkorgik: folds 
*** FLOP *** [Tc 2h 4c]
Glayson035: checks 
barbolicious: bets $0.20
Glayson035: folds 
Uncalled bet ($0.20) returned to barbolicious
barbolicious collected $0.34 from pot
barbolicious: doesn't show hand 
*** SUMMARY ***
Total pot $0.35 | Rake $0.01 
Board [Tc 2h 4c]
Seat 1: Glayson035 (small blind) folded on the Flop
Seat 2: vkorgik (big blind) folded before Flop
Seat 3: Dan Beckman folded before Flop (didn't bet)
Seat 4: NBA_marco13 folded before Flop (didn't bet)
Seat 5: Xaptal folded before Flop (didn't bet)
Seat 6: WeNaSo_07 folded before Flop (didn't bet)
Seat 7: mumisber folded before Flop (didn't bet)
Seat 8: barbolicious collected ($0.34)
Seat 9: Dorex2007 (button) folded before Flop (didn't bet)



PokerStars Hand #238654840236:  Hold'em No Limit ($0.02/$0.05 USD) - 2022/09/15 18:55:08 PT [2022/09/15 21:55:08 ET]
Table 'Parvulesco' 9-max Seat #1 is the button
Seat 1: Glayson035 ($1.34 in chips) 
Seat 2: vkorgik ($5 in chips) 
Seat 3: Dan Beckman ($1.91 in chips) 
Seat 4: NBA_marco13 ($6.53 in chips) 
Seat 5: Xaptal ($5.19 in chips) 
Seat 6: WeNaSo_07 ($3.14 in chips) 
Seat 7: mumisber ($1.83 in chips) 
Seat 8: barbolicious ($5.67 in chips) 
Seat 9: Dorex2007 ($5 in chips) 
vkorgik: posts small blind $0.02
Dan Beckman: posts big blind $0.05
*** HOLE CARDS ***
Dealt to Dorex2007 [8h 4d]
NBA_marco13: raises $0.10 to $0.15
Xaptal: folds 
WeNaSo_07: folds 
mumisber: folds 
barbolicious: folds 
Dorex2007: folds 
Glayson035: folds 
vkorgik: folds 
Dan Beckman: folds 
Uncalled bet ($0.10) returned to NBA_marco13
NBA_marco13 collected $0.12 from pot
NBA_marco13: doesn't show hand 
*** SUMMARY ***
Total pot $0.12 | Rake $0 
Seat 1: Glayson035 (button) folded before Flop (didn't bet)
Seat 2: vkorgik (small blind) folded before Flop
Seat 3: Dan Beckman (big blind) folded before Flop
Seat 4: NBA_marco13 collected ($0.12)
Seat 5: Xaptal folded before Flop (didn't bet)
Seat 6: WeNaSo_07 folded before Flop (didn't bet)
Seat 7: mumisber folded before Flop (didn't bet)
Seat 8: barbolicious folded before Flop (didn't bet)
Seat 9: Dorex2007 folded before Flop (didn't bet)



