PokerStars Hand #233641554117:  Hold'em No Limit ($0.01/$0.02 USD) - 2022/01/30 21:00:08 PT [2022/01/31 0:00:08 ET]
Table 'Sagitta IV' 9-max Seat #2 is the button
Seat 1: valeriafim ($8.74 in chips) 
Seat 2: Dorex2007 ($2 in chips) 
Seat 3: SergeiLvovic ($2.80 in chips) 
Seat 4: Shamdi228 ($1.03 in chips) 
Seat 6: gochoman111 ($0.41 in chips) 
Seat 8: 2040800 ($5.24 in chips) 
Seat 9: 0RB BR0 ($1.37 in chips) 
SergeiLvovic: posts small blind $0.01
Shamdi228: posts big blind $0.02
dubbleoo: sits out 
*** HOLE CARDS ***
Dealt to Dorex2007 [Th 5c]
gochoman111: raises $0.39 to $0.41 and is all-in
2040800: folds 
0RB BR0: folds 
valeriafim: folds 
Dorex2007: folds 
SergeiLvovic: folds 
Shamdi228: folds 
Uncalled bet ($0.39) returned to gochoman111
gochoman111 collected $0.05 from pot
gochoman111: doesn't show hand 
*** SUMMARY ***
Total pot $0.05 | Rake $0 
Seat 1: valeriafim folded before Flop (didn't bet)
Seat 2: Dorex2007 (button) folded before Flop (didn't bet)
Seat 3: SergeiLvovic (small blind) folded before Flop
Seat 4: Shamdi228 (big blind) folded before Flop
Seat 6: gochoman111 collected ($0.05)
Seat 8: 2040800 folded before Flop (didn't bet)
Seat 9: 0RB BR0 folded before Flop (didn't bet)



PokerStars Hand #233641556125:  Hold'em No Limit ($0.01/$0.02 USD) - 2022/01/30 21:00:24 PT [2022/01/31 0:00:24 ET]
Table 'Sagitta IV' 9-max Seat #3 is the button
Seat 1: valeriafim ($8.74 in chips) 
Seat 2: Dorex2007 ($2 in chips) 
Seat 3: SergeiLvovic ($2.79 in chips) 
Seat 4: Shamdi228 ($1.01 in chips) 
Seat 6: gochoman111 ($0.44 in chips) 
Seat 8: 2040800 ($5.24 in chips) 
Seat 9: 0RB BR0 ($1.37 in chips) 
Shamdi228: posts small blind $0.01
gochoman111: posts big blind $0.02
dubbleoo: sits out 
*** HOLE CARDS ***
Dealt to Dorex2007 [4s Tc]
2040800: folds 
0RB BR0: folds 
valeriafim: folds 
Dorex2007: folds 
SergeiLvovic: folds 
Shamdi228: raises $0.02 to $0.04
gochoman111: calls $0.02
*** FLOP *** [Th 7d Td]
Shamdi228: bets $0.04
gochoman111: folds 
Uncalled bet ($0.04) returned to Shamdi228
Shamdi228 collected $0.08 from pot
Shamdi228: doesn't show hand 
*** SUMMARY ***
Total pot $0.08 | Rake $0 
Board [Th 7d Td]
Seat 1: valeriafim folded before Flop (didn't bet)
Seat 2: Dorex2007 folded before Flop (didn't bet)
Seat 3: SergeiLvovic (button) folded before Flop (didn't bet)
Seat 4: Shamdi228 (small blind) collected ($0.08)
Seat 6: gochoman111 (big blind) folded on the Flop
Seat 8: 2040800 folded before Flop (didn't bet)
Seat 9: 0RB BR0 folded before Flop (didn't bet)



PokerStars Hand #233641559943:  Hold'em No Limit ($0.01/$0.02 USD) - 2022/01/30 21:00:52 PT [2022/01/31 0:00:52 ET]
Table 'Sagitta IV' 9-max Seat #4 is the button
Seat 1: valeriafim ($8.74 in chips) 
Seat 2: Dorex2007 ($2 in chips) 
Seat 3: SergeiLvovic ($2.79 in chips) 
Seat 4: Shamdi228 ($1.05 in chips) 
Seat 6: gochoman111 ($0.40 in chips) 
Seat 7: dubbleoo ($2 in chips) 
Seat 8: 2040800 ($5.24 in chips) 
Seat 9: 0RB BR0 ($1.37 in chips) 
gochoman111: posts small blind $0.01
dubbleoo: posts big blind $0.02
*** HOLE CARDS ***
Dealt to Dorex2007 [As Kh]
2040800: folds 
0RB BR0: folds 
valeriafim: calls $0.02
Dorex2007: raises $0.04 to $0.06
SergeiLvovic: folds 
Shamdi228: folds 
gochoman111: folds 
dubbleoo: calls $0.04
valeriafim: calls $0.04
*** FLOP *** [Ad Ks 3s]
dubbleoo: checks 
valeriafim: checks 
Dorex2007: bets $0.12
dubbleoo: folds 
valeriafim: folds 
Uncalled bet ($0.12) returned to Dorex2007
Dorex2007 collected $0.18 from pot
Dorex2007: doesn't show hand 
*** SUMMARY ***
Total pot $0.19 | Rake $0.01 
Board [Ad Ks 3s]
Seat 1: valeriafim folded on the Flop
Seat 2: Dorex2007 collected ($0.18)
Seat 3: SergeiLvovic folded before Flop (didn't bet)
Seat 4: Shamdi228 (button) folded before Flop (didn't bet)
Seat 6: gochoman111 (small blind) folded before Flop
Seat 7: dubbleoo (big blind) folded on the Flop
Seat 8: 2040800 folded before Flop (didn't bet)
Seat 9: 0RB BR0 folded before Flop (didn't bet)



PokerStars Hand #233641575279:  Hold'em No Limit ($0.01/$0.02 USD) - 2022/01/30 21:01:40 PT [2022/01/31 0:01:40 ET]
Table 'Sagitta IV' 9-max Seat #6 is the button
Seat 1: valeriafim ($8.68 in chips) 
Seat 2: Dorex2007 ($2.12 in chips) 
Seat 3: SergeiLvovic ($2.79 in chips) 
Seat 4: Shamdi228 ($1.05 in chips) 
Seat 6: gochoman111 ($0.39 in chips) 
Seat 7: dubbleoo ($1.94 in chips) 
Seat 8: 2040800 ($5.24 in chips) 
Seat 9: 0RB BR0 ($1.37 in chips) 
dubbleoo: posts small blind $0.01
2040800: posts big blind $0.02
*** HOLE CARDS ***
Dealt to Dorex2007 [Qh 3d]
0RB BR0: folds 
valeriafim: raises $0.02 to $0.04
Dorex2007: folds 
SergeiLvovic: folds 
Shamdi228: folds 
gochoman111: folds 
dubbleoo: folds 
2040800: calls $0.02
*** FLOP *** [Qc 7c Jh]
2040800: checks 
valeriafim: bets $0.04
2040800: folds 
Uncalled bet ($0.04) returned to valeriafim
valeriafim collected $0.09 from pot
valeriafim: doesn't show hand 
*** SUMMARY ***
Total pot $0.09 | Rake $0 
Board [Qc 7c Jh]
Seat 1: valeriafim collected ($0.09)
Seat 2: Dorex2007 folded before Flop (didn't bet)
Seat 3: SergeiLvovic folded before Flop (didn't bet)
Seat 4: Shamdi228 folded before Flop (didn't bet)
Seat 6: gochoman111 (button) folded before Flop (didn't bet)
Seat 7: dubbleoo (small blind) folded before Flop
Seat 8: 2040800 (big blind) folded on the Flop
Seat 9: 0RB BR0 folded before Flop (didn't bet)



PokerStars Hand #233641579226:  Hold'em No Limit ($0.01/$0.02 USD) - 2022/01/30 21:02:08 PT [2022/01/31 0:02:08 ET]
Table 'Sagitta IV' 9-max Seat #7 is the button
Seat 1: valeriafim ($8.73 in chips) 
Seat 2: Dorex2007 ($2.12 in chips) 
Seat 3: SergeiLvovic ($2.79 in chips) 
Seat 4: Shamdi228 ($1.05 in chips) 
Seat 6: gochoman111 ($0.39 in chips) 
Seat 7: dubbleoo ($1.93 in chips) 
Seat 8: 2040800 ($5.20 in chips) 
Seat 9: 0RB BR0 ($1.37 in chips) 
2040800: posts small blind $0.01
0RB BR0: posts big blind $0.02
*** HOLE CARDS ***
Dealt to Dorex2007 [4h Qd]
valeriafim: calls $0.02
Dorex2007: folds 
SergeiLvovic: raises $0.06 to $0.08
Shamdi228: folds 
gochoman111: calls $0.08
dubbleoo: folds 
2040800: calls $0.07
0RB BR0: folds 
valeriafim: calls $0.06
*** FLOP *** [7h Ah Qh]
2040800: bets $0.08
valeriafim: folds 
SergeiLvovic: calls $0.08
gochoman111: raises $0.23 to $0.31 and is all-in
2040800: calls $0.23
SergeiLvovic: raises $2.40 to $2.71 and is all-in
2040800: folds 
Uncalled bet ($2.40) returned to SergeiLvovic
SergeiLvovic has timed out
*** TURN *** [7h Ah Qh] [5s]
*** RIVER *** [7h Ah Qh 5s] [7c]
*** SHOW DOWN ***
SergeiLvovic: shows [Kh Ac] (two pair, Aces and Sevens)
gochoman111: shows [Ad Tc] (two pair, Aces and Sevens - lower kicker)
SergeiLvovic collected $1.23 from pot
*** SUMMARY ***
Total pot $1.27 | Rake $0.04 
Board [7h Ah Qh 5s 7c]
Seat 1: valeriafim folded on the Flop
Seat 2: Dorex2007 folded before Flop (didn't bet)
Seat 3: SergeiLvovic showed [Kh Ac] and won ($1.23) with two pair, Aces and Sevens
Seat 4: Shamdi228 folded before Flop (didn't bet)
Seat 6: gochoman111 showed [Ad Tc] and lost with two pair, Aces and Sevens
Seat 7: dubbleoo (button) folded before Flop (didn't bet)
Seat 8: 2040800 (small blind) folded on the Flop
Seat 9: 0RB BR0 (big blind) folded before Flop



PokerStars Hand #233641600287:  Hold'em No Limit ($0.01/$0.02 USD) - 2022/01/30 21:03:33 PT [2022/01/31 0:03:33 ET]
Table 'Sagitta IV' 9-max Seat #9 is the button
Seat 1: valeriafim ($8.65 in chips) 
Seat 2: Dorex2007 ($2.12 in chips) 
Seat 3: SergeiLvovic ($3.63 in chips) 
Seat 4: Shamdi228 ($1.05 in chips) 
Seat 7: dubbleoo ($1.93 in chips) 
Seat 9: 0RB BR0 ($1.35 in chips) 
valeriafim: posts small blind $0.01
Dorex2007: posts big blind $0.02
*** HOLE CARDS ***
Dealt to Dorex2007 [Ts 6h]
SergeiLvovic: folds 
Shamdi228: calls $0.02
dubbleoo: folds 
gochoman111 leaves the table
0RB BR0: raises $0.02 to $0.04
valeriafim: folds 
Dorex2007: calls $0.02
Shamdi228: calls $0.02
*** FLOP *** [3h 3s 8d]
Alehta joins the table at seat #6 
Dorex2007: checks 
Shamdi228: checks 
0RB BR0: checks 
*** TURN *** [3h 3s 8d] [8s]
Dorex2007: checks 
Shamdi228: checks 
0RB BR0: bets $0.04
Dorex2007: folds 
Shamdi228: calls $0.04
*** RIVER *** [3h 3s 8d 8s] [8h]
Shamdi228: bets $0.02
0RB BR0: raises $0.24 to $0.26
Shamdi228: calls $0.24
*** SHOW DOWN ***
0RB BR0: shows [Jh Ad] (a full house, Eights full of Threes)
Shamdi228: shows [7s As] (a full house, Eights full of Threes)
Shamdi228 collected $0.35 from pot
0RB BR0 collected $0.35 from pot
*** SUMMARY ***
Total pot $0.73 | Rake $0.03 
Board [3h 3s 8d 8s 8h]
Seat 1: valeriafim (small blind) folded before Flop
Seat 2: Dorex2007 (big blind) folded on the Turn
Seat 3: SergeiLvovic folded before Flop (didn't bet)
Seat 4: Shamdi228 showed [7s As] and won ($0.35) with a full house, Eights full of Threes
Seat 7: dubbleoo folded before Flop (didn't bet)
Seat 9: 0RB BR0 (button) showed [Jh Ad] and won ($0.35) with a full house, Eights full of Threes



PokerStars Hand #233641608799:  Hold'em No Limit ($0.01/$0.02 USD) - 2022/01/30 21:04:31 PT [2022/01/31 0:04:31 ET]
Table 'Sagitta IV' 9-max Seat #1 is the button
Seat 1: valeriafim ($8.64 in chips) 
Seat 2: Dorex2007 ($2.08 in chips) 
Seat 3: SergeiLvovic ($3.63 in chips) 
Seat 4: Shamdi228 ($1.06 in chips) 
Seat 7: dubbleoo ($1.93 in chips) 
Seat 9: 0RB BR0 ($1.36 in chips) 
Dorex2007: posts small blind $0.01
SergeiLvovic: posts big blind $0.02
Alehta: sits out 
*** HOLE CARDS ***
Dealt to Dorex2007 [Qh 8c]
Shamdi228: folds 
dubbleoo: folds 
0RB BR0: calls $0.02
valeriafim: folds 
Dorex2007: calls $0.01
SergeiLvovic: checks 
*** FLOP *** [6c Th 2h]
Dorex2007: checks 
SergeiLvovic: checks 
0RB BR0: bets $0.04
Dorex2007: folds 
SergeiLvovic: calls $0.04
*** TURN *** [6c Th 2h] [5c]
SergeiLvovic: checks 
0RB BR0: bets $0.04
SergeiLvovic: calls $0.04
*** RIVER *** [6c Th 2h 5c] [7d]
SergeiLvovic: checks 
0RB BR0: checks 
*** SHOW DOWN ***
SergeiLvovic: shows [Qc Jh] (high card Queen)
0RB BR0: shows [Ts Ad] (a pair of Tens)
0RB BR0 collected $0.21 from pot
*** SUMMARY ***
Total pot $0.22 | Rake $0.01 
Board [6c Th 2h 5c 7d]
Seat 1: valeriafim (button) folded before Flop (didn't bet)
Seat 2: Dorex2007 (small blind) folded on the Flop
Seat 3: SergeiLvovic (big blind) showed [Qc Jh] and lost with high card Queen
Seat 4: Shamdi228 folded before Flop (didn't bet)
Seat 7: dubbleoo folded before Flop (didn't bet)
Seat 9: 0RB BR0 showed [Ts Ad] and won ($0.21) with a pair of Tens



PokerStars Hand #233641621192:  Hold'em No Limit ($0.01/$0.02 USD) - 2022/01/30 21:05:21 PT [2022/01/31 0:05:21 ET]
Table 'Sagitta IV' 9-max Seat #2 is the button
Seat 1: valeriafim ($8.64 in chips) 
Seat 2: Dorex2007 ($2.06 in chips) 
Seat 3: SergeiLvovic ($3.53 in chips) 
Seat 4: Shamdi228 ($1.06 in chips) 
Seat 7: dubbleoo ($1.93 in chips) 
Seat 9: 0RB BR0 ($1.47 in chips) 
SergeiLvovic: posts small blind $0.01
Shamdi228: posts big blind $0.02
Alehta: sits out 
*** HOLE CARDS ***
Dealt to Dorex2007 [Kh Qs]
dubbleoo: calls $0.02
0RB BR0: raises $0.02 to $0.04
valeriafim: folds 
Dorex2007: calls $0.04
SergeiLvovic: folds 
Shamdi228: calls $0.02
dubbleoo: calls $0.02
*** FLOP *** [9d 3s Jh]
Shamdi228: checks 
dubbleoo: checks 
0RB BR0: checks 
Dorex2007: checks 
*** TURN *** [9d 3s Jh] [Qc]
Shamdi228: checks 
dubbleoo: checks 
0RB BR0: checks 
Dorex2007: bets $0.11
Shamdi228: folds 
dubbleoo: folds 
0RB BR0: folds 
Uncalled bet ($0.11) returned to Dorex2007
Dorex2007 collected $0.16 from pot
Dorex2007: doesn't show hand 
*** SUMMARY ***
Total pot $0.17 | Rake $0.01 
Board [9d 3s Jh Qc]
Seat 1: valeriafim folded before Flop (didn't bet)
Seat 2: Dorex2007 (button) collected ($0.16)
Seat 3: SergeiLvovic (small blind) folded before Flop
Seat 4: Shamdi228 (big blind) folded on the Turn
Seat 7: dubbleoo folded on the Turn
Seat 9: 0RB BR0 folded on the Turn



PokerStars Hand #233641630678:  Hold'em No Limit ($0.01/$0.02 USD) - 2022/01/30 21:06:26 PT [2022/01/31 0:06:26 ET]
Table 'Sagitta IV' 9-max Seat #3 is the button
Seat 1: valeriafim ($8.64 in chips) 
Seat 2: Dorex2007 ($2.18 in chips) 
Seat 3: SergeiLvovic ($3.52 in chips) 
Seat 4: Shamdi228 ($1.02 in chips) 
Seat 6: Alehta ($0.80 in chips) 
Seat 7: dubbleoo ($1.89 in chips) 
Seat 9: 0RB BR0 ($1.43 in chips) 
Shamdi228: posts small blind $0.01
Alehta: posts big blind $0.02
*** HOLE CARDS ***
Dealt to Dorex2007 [4c Js]
dubbleoo: folds 
0RB BR0: folds 
valeriafim: raises $0.04 to $0.06
Dorex2007: folds 
SergeiLvovic: folds 
Shamdi228: folds 
Alehta: folds 
Uncalled bet ($0.04) returned to valeriafim
valeriafim collected $0.05 from pot
2700172 leaves the table
*** SUMMARY ***
Total pot $0.05 | Rake $0 
Seat 1: valeriafim collected ($0.05)
Seat 2: Dorex2007 folded before Flop (didn't bet)
Seat 3: SergeiLvovic (button) folded before Flop (didn't bet)
Seat 4: Shamdi228 (small blind) folded before Flop
Seat 6: Alehta (big blind) folded before Flop
Seat 7: dubbleoo folded before Flop (didn't bet)
Seat 9: 0RB BR0 folded before Flop (didn't bet)



PokerStars Hand #233641633536:  Hold'em No Limit ($0.01/$0.02 USD) - 2022/01/30 21:06:46 PT [2022/01/31 0:06:46 ET]
Table 'Sagitta IV' 9-max Seat #4 is the button
Seat 1: valeriafim ($8.67 in chips) 
Seat 2: Dorex2007 ($2.18 in chips) 
Seat 3: SergeiLvovic ($3.52 in chips) 
Seat 4: Shamdi228 ($1.01 in chips) 
Seat 6: Alehta ($0.78 in chips) 
Seat 7: dubbleoo ($1.89 in chips) 
Seat 9: 0RB BR0 ($1.43 in chips) 
Alehta: posts small blind $0.01
dubbleoo: posts big blind $0.02
*** HOLE CARDS ***
Dealt to Dorex2007 [Ad 5s]
thepospelov joins the table at seat #5 
0RB BR0: folds 
valeriafim: raises $0.02 to $0.04
Dorex2007: folds 
SergeiLvovic: folds 
Shamdi228: calls $0.04
Alehta: folds 
dubbleoo: calls $0.02
*** FLOP *** [Qh 3s 6h]
dubbleoo: checks 
valeriafim: checks 
Shamdi228: checks 
*** TURN *** [Qh 3s 6h] [Ks]
dubbleoo: checks 
valeriafim: checks 
Shamdi228: checks 
*** RIVER *** [Qh 3s 6h Ks] [2d]
dubbleoo: bets $0.04
valeriafim: folds 
Shamdi228: calls $0.04
*** SHOW DOWN ***
dubbleoo: shows [6s 8s] (a pair of Sixes)
Shamdi228: mucks hand 
dubbleoo collected $0.20 from pot
*** SUMMARY ***
Total pot $0.21 | Rake $0.01 
Board [Qh 3s 6h Ks 2d]
Seat 1: valeriafim folded on the River
Seat 2: Dorex2007 folded before Flop (didn't bet)
Seat 3: SergeiLvovic folded before Flop (didn't bet)
Seat 4: Shamdi228 (button) mucked [9d As]
Seat 6: Alehta (small blind) folded before Flop
Seat 7: dubbleoo (big blind) showed [6s 8s] and won ($0.20) with a pair of Sixes
Seat 9: 0RB BR0 folded before Flop (didn't bet)



PokerStars Hand #233641641338:  Hold'em No Limit ($0.01/$0.02 USD) - 2022/01/30 21:07:39 PT [2022/01/31 0:07:39 ET]
Table 'Sagitta IV' 9-max Seat #6 is the button
Seat 1: valeriafim ($8.63 in chips) 
Seat 2: Dorex2007 ($2.18 in chips) 
Seat 3: SergeiLvovic ($3.52 in chips) 
Seat 4: Shamdi228 ($0.93 in chips) 
Seat 5: thepospelov ($0.80 in chips) 
Seat 6: Alehta ($0.77 in chips) 
Seat 7: dubbleoo ($2.01 in chips) 
Seat 9: 0RB BR0 ($1.43 in chips) 
dubbleoo: posts small blind $0.01
0RB BR0: posts big blind $0.02
thepospelov: posts big blind $0.02
*** HOLE CARDS ***
Dealt to Dorex2007 [As 6h]
valeriafim: calls $0.02
Dorex2007: folds 
SergeiLvovic: calls $0.02
Shamdi228: folds 
thepospelov: checks 
Alehta has timed out
Alehta: folds 
dubbleoo: calls $0.01
0RB BR0: checks 
*** FLOP *** [6s 2s Qc]
dubbleoo: checks 
0RB BR0: checks 
valeriafim: bets $0.02
SergeiLvovic: calls $0.02
thepospelov: folds 
dubbleoo: folds 
0RB BR0: folds 
*** TURN *** [6s 2s Qc] [Qd]
Shamdi228 leaves the table
valeriafim: bets $0.02
SergeiLvovic: calls $0.02
*** RIVER *** [6s 2s Qc Qd] [8s]
scarface0880 joins the table at seat #4 
valeriafim: bets $0.04
SergeiLvovic: calls $0.04
*** SHOW DOWN ***
valeriafim: shows [7d 6d] (two pair, Queens and Sixes)
SergeiLvovic: shows [Jc Qs] (three of a kind, Queens)
SergeiLvovic collected $0.25 from pot
*** SUMMARY ***
Total pot $0.26 | Rake $0.01 
Board [6s 2s Qc Qd 8s]
Seat 1: valeriafim showed [7d 6d] and lost with two pair, Queens and Sixes
Seat 2: Dorex2007 folded before Flop (didn't bet)
Seat 3: SergeiLvovic showed [Jc Qs] and won ($0.25) with three of a kind, Queens
Seat 4: Shamdi228 folded before Flop (didn't bet)
Seat 5: thepospelov folded on the Flop (didn't bet)
Seat 6: Alehta (button) folded before Flop (didn't bet)
Seat 7: dubbleoo (small blind) folded on the Flop
Seat 9: 0RB BR0 (big blind) folded on the Flop



PokerStars Hand #233641656355:  Hold'em No Limit ($0.01/$0.02 USD) - 2022/01/30 21:09:24 PT [2022/01/31 0:09:24 ET]
Table 'Sagitta IV' 9-max Seat #7 is the button
Seat 1: valeriafim ($8.53 in chips) 
Seat 2: Dorex2007 ($2.18 in chips) 
Seat 3: SergeiLvovic ($3.67 in chips) 
Seat 5: thepospelov ($0.78 in chips) 
Seat 7: dubbleoo ($1.99 in chips) 
Seat 9: 0RB BR0 ($1.41 in chips) 
0RB BR0: posts small blind $0.01
valeriafim: posts big blind $0.02
scarface0880: sits out 
*** HOLE CARDS ***
Dealt to Dorex2007 [2s Js]
Dorex2007: folds 
SergeiLvovic: folds 
thepospelov: calls $0.02
dubbleoo: folds 
0RB BR0: folds 
valeriafim: checks 
*** FLOP *** [Ah Ts 3s]
valeriafim: checks 
thepospelov: checks 
*** TURN *** [Ah Ts 3s] [8s]
valeriafim: checks 
thepospelov: checks 
*** RIVER *** [Ah Ts 3s 8s] [Kd]
valeriafim: checks 
thepospelov: checks 
*** SHOW DOWN ***
valeriafim: shows [5h 4d] (high card Ace)
thepospelov: shows [7c 6h] (high card Ace - King+Ten+Eight+Seven kicker)
thepospelov collected $0.05 from pot
*** SUMMARY ***
Total pot $0.05 | Rake $0 
Board [Ah Ts 3s 8s Kd]
Seat 1: valeriafim (big blind) showed [5h 4d] and lost with high card Ace
Seat 2: Dorex2007 folded before Flop (didn't bet)
Seat 3: SergeiLvovic folded before Flop (didn't bet)
Seat 5: thepospelov showed [7c 6h] and won ($0.05) with high card Ace
Seat 7: dubbleoo (button) folded before Flop (didn't bet)
Seat 9: 0RB BR0 (small blind) folded before Flop



PokerStars Hand #233641660876:  Hold'em No Limit ($0.01/$0.02 USD) - 2022/01/30 21:09:56 PT [2022/01/31 0:09:56 ET]
Table 'Sagitta IV' 9-max Seat #9 is the button
Seat 1: valeriafim ($8.51 in chips) 
Seat 2: Dorex2007 ($2.18 in chips) 
Seat 3: SergeiLvovic ($3.67 in chips) 
Seat 5: thepospelov ($0.81 in chips) 
Seat 7: dubbleoo ($1.99 in chips) 
Seat 9: 0RB BR0 ($1.40 in chips) 
valeriafim: posts small blind $0.01
Dorex2007: posts big blind $0.02
scarface0880: sits out 
*** HOLE CARDS ***
Dealt to Dorex2007 [Js 9s]
SergeiLvovic: folds 
thepospelov: folds 
dubbleoo: folds 
0RB BR0: folds 
valeriafim: calls $0.01
Dorex2007: checks 
*** FLOP *** [6s Kd Ah]
valeriafim: checks 
Dorex2007: checks 
*** TURN *** [6s Kd Ah] [Qs]
valeriafim: checks 
Dorex2007: bets $0.03
valeriafim: calls $0.03
*** RIVER *** [6s Kd Ah Qs] [Ac]
valeriafim: checks 
Dorex2007: bets $0.05
valeriafim: calls $0.05
*** SHOW DOWN ***
Dorex2007: shows [Js 9s] (a pair of Aces)
valeriafim: shows [9h Qc] (two pair, Aces and Queens)
valeriafim collected $0.19 from pot
*** SUMMARY ***
Total pot $0.20 | Rake $0.01 
Board [6s Kd Ah Qs Ac]
Seat 1: valeriafim (small blind) showed [9h Qc] and won ($0.19) with two pair, Aces and Queens
Seat 2: Dorex2007 (big blind) showed [Js 9s] and lost with a pair of Aces
Seat 3: SergeiLvovic folded before Flop (didn't bet)
Seat 5: thepospelov folded before Flop (didn't bet)
Seat 7: dubbleoo folded before Flop (didn't bet)
Seat 9: 0RB BR0 (button) folded before Flop (didn't bet)



PokerStars Hand #233641666244:  Hold'em No Limit ($0.01/$0.02 USD) - 2022/01/30 21:10:34 PT [2022/01/31 0:10:34 ET]
Table 'Sagitta IV' 9-max Seat #1 is the button
Seat 1: valeriafim ($8.60 in chips) 
Seat 2: Dorex2007 ($2.08 in chips) 
Seat 3: SergeiLvovic ($3.67 in chips) 
Seat 5: thepospelov ($0.81 in chips) 
Seat 7: dubbleoo ($1.99 in chips) 
Seat 8: 2040800 ($4.81 in chips) 
Seat 9: 0RB BR0 ($1.40 in chips) 
Dorex2007: posts small blind $0.01
SergeiLvovic: posts big blind $0.02
scarface0880: sits out 
2040800: posts small & big blinds $0.03
*** HOLE CARDS ***
Dealt to Dorex2007 [Qs 2c]
thepospelov: calls $0.02
dubbleoo: folds 
2040800: checks 
0RB BR0: folds 
valeriafim: folds 
valeriafim leaves the table
Dorex2007: folds 
SergeiLvovic: checks 
*** FLOP *** [Kh 8s Th]
SergeiLvovic: checks 
thepospelov: checks 
2040800: checks 
*** TURN *** [Kh 8s Th] [6h]
SergeiLvovic: checks 
thepospelov: bets $0.10
2040800: folds 
SergeiLvovic: folds 
Uncalled bet ($0.10) returned to thepospelov
thepospelov collected $0.08 from pot
thepospelov: doesn't show hand 
*** SUMMARY ***
Total pot $0.08 | Rake $0 
Board [Kh 8s Th 6h]
Seat 1: valeriafim (button) folded before Flop (didn't bet)
Seat 2: Dorex2007 (small blind) folded before Flop
Seat 3: SergeiLvovic (big blind) folded on the Turn
Seat 5: thepospelov collected ($0.08)
Seat 7: dubbleoo folded before Flop (didn't bet)
Seat 8: 2040800 folded on the Turn (didn't bet)
Seat 9: 0RB BR0 folded before Flop (didn't bet)



PokerStars Hand #233641671760:  Hold'em No Limit ($0.01/$0.02 USD) - 2022/01/30 21:11:12 PT [2022/01/31 0:11:12 ET]
Table 'Sagitta IV' 9-max Seat #2 is the button
Seat 2: Dorex2007 ($2.07 in chips) 
Seat 3: SergeiLvovic ($3.65 in chips) 
Seat 4: scarface0880 ($0.80 in chips) 
Seat 5: thepospelov ($0.87 in chips) 
Seat 7: dubbleoo ($1.99 in chips) 
Seat 8: 2040800 ($4.78 in chips) 
Seat 9: 0RB BR0 ($1.40 in chips) 
SergeiLvovic: posts small blind $0.01
scarface0880: posts big blind $0.02
*** HOLE CARDS ***
Dealt to Dorex2007 [Th 7h]
thepospelov: folds 
dubbleoo: raises $0.02 to $0.04
2040800: folds 
0RB BR0: folds 
dendi913 joins the table at seat #1 
Dorex2007: folds 
SergeiLvovic: folds 
scarface0880: calls $0.02
*** FLOP *** [4c 4s 5d]
scarface0880: checks 
dubbleoo: bets $0.04
scarface0880: calls $0.04
*** TURN *** [4c 4s 5d] [3d]
scarface0880: checks 
dubbleoo: checks 
*** RIVER *** [4c 4s 5d 3d] [Qs]
scarface0880: bets $0.22
dubbleoo: folds 
Uncalled bet ($0.22) returned to scarface0880
scarface0880 collected $0.16 from pot
scarface0880: doesn't show hand 
*** SUMMARY ***
Total pot $0.17 | Rake $0.01 
Board [4c 4s 5d 3d Qs]
Seat 2: Dorex2007 (button) folded before Flop (didn't bet)
Seat 3: SergeiLvovic (small blind) folded before Flop
Seat 4: scarface0880 (big blind) collected ($0.16)
Seat 5: thepospelov folded before Flop (didn't bet)
Seat 7: dubbleoo folded on the River
Seat 8: 2040800 folded before Flop (didn't bet)
Seat 9: 0RB BR0 folded before Flop (didn't bet)



PokerStars Hand #233641678908:  Hold'em No Limit ($0.01/$0.02 USD) - 2022/01/30 21:12:02 PT [2022/01/31 0:12:02 ET]
Table 'Sagitta IV' 9-max Seat #3 is the button
Seat 1: dendi913 ($0.80 in chips) 
Seat 2: Dorex2007 ($2.07 in chips) 
Seat 3: SergeiLvovic ($3.64 in chips) 
Seat 4: scarface0880 ($0.88 in chips) 
Seat 5: thepospelov ($0.87 in chips) 
Seat 7: dubbleoo ($1.91 in chips) 
Seat 8: 2040800 ($4.78 in chips) 
Seat 9: 0RB BR0 ($1.40 in chips) 
scarface0880: posts small blind $0.01
thepospelov: posts big blind $0.02
dendi913: posts big blind $0.02
*** HOLE CARDS ***
Dealt to Dorex2007 [9s 7c]
dubbleoo: raises $0.02 to $0.04
2040800: folds 
0RB BR0: folds 
dendi913: calls $0.02
Dorex2007: folds 
SergeiLvovic: calls $0.04
scarface0880: calls $0.03
thepospelov: calls $0.02
*** FLOP *** [4d Kd 7d]
scarface0880: bets $0.10
thepospelov: folds 
dubbleoo: raises $0.16 to $0.26
dendi913: folds 
SergeiLvovic: folds 
scarface0880: folds 
Uncalled bet ($0.16) returned to dubbleoo
dubbleoo collected $0.39 from pot
dubbleoo: doesn't show hand 
*** SUMMARY ***
Total pot $0.40 | Rake $0.01 
Board [4d Kd 7d]
Seat 1: dendi913 folded on the Flop
Seat 2: Dorex2007 folded before Flop (didn't bet)
Seat 3: SergeiLvovic (button) folded on the Flop
Seat 4: scarface0880 (small blind) folded on the Flop
Seat 5: thepospelov (big blind) folded on the Flop
Seat 7: dubbleoo collected ($0.39)
Seat 8: 2040800 folded before Flop (didn't bet)
Seat 9: 0RB BR0 folded before Flop (didn't bet)



PokerStars Hand #233641684512:  Hold'em No Limit ($0.01/$0.02 USD) - 2022/01/30 21:12:41 PT [2022/01/31 0:12:41 ET]
Table 'Sagitta IV' 9-max Seat #4 is the button
Seat 1: dendi913 ($0.76 in chips) 
Seat 2: Dorex2007 ($2.07 in chips) 
Seat 3: SergeiLvovic ($3.60 in chips) 
Seat 4: scarface0880 ($0.74 in chips) 
Seat 5: thepospelov ($0.83 in chips) 
Seat 7: dubbleoo ($2.16 in chips) 
Seat 8: 2040800 ($4.78 in chips) 
Seat 9: 0RB BR0 ($1.40 in chips) 
thepospelov: posts small blind $0.01
dubbleoo: posts big blind $0.02
*** HOLE CARDS ***
Dealt to Dorex2007 [7h 8c]
2040800: folds 
0RB BR0: calls $0.02
dendi913: folds 
Dorex2007: folds 
SergeiLvovic: folds 
scarface0880: folds 
thepospelov: calls $0.01
dubbleoo: raises $0.02 to $0.04
0RB BR0: calls $0.02
thepospelov: calls $0.02
*** FLOP *** [6d 6s Kh]
thepospelov: checks 
dubbleoo: bets $0.04
0RB BR0: calls $0.04
thepospelov: folds 
*** TURN *** [6d 6s Kh] [Ks]
dubbleoo: checks 
0RB BR0: checks 
*** RIVER *** [6d 6s Kh Ks] [4c]
dubbleoo: checks 
0RB BR0: bets $1.32 and is all-in
dubbleoo: folds 
Uncalled bet ($1.32) returned to 0RB BR0
0RB BR0 collected $0.19 from pot
*** SUMMARY ***
Total pot $0.20 | Rake $0.01 
Board [6d 6s Kh Ks 4c]
Seat 1: dendi913 folded before Flop (didn't bet)
Seat 2: Dorex2007 folded before Flop (didn't bet)
Seat 3: SergeiLvovic folded before Flop (didn't bet)
Seat 4: scarface0880 (button) folded before Flop (didn't bet)
Seat 5: thepospelov (small blind) folded on the Flop
Seat 7: dubbleoo (big blind) folded on the River
Seat 8: 2040800 folded before Flop (didn't bet)
Seat 9: 0RB BR0 collected ($0.19)



PokerStars Hand #233641693771:  Hold'em No Limit ($0.01/$0.02 USD) - 2022/01/30 21:13:44 PT [2022/01/31 0:13:44 ET]
Table 'Sagitta IV' 9-max Seat #5 is the button
Seat 1: dendi913 ($0.76 in chips) 
Seat 2: Dorex2007 ($2.07 in chips) 
Seat 3: SergeiLvovic ($3.60 in chips) 
Seat 4: scarface0880 ($0.74 in chips) 
Seat 5: thepospelov ($0.79 in chips) 
Seat 7: dubbleoo ($2.08 in chips) 
Seat 8: 2040800 ($4.78 in chips) 
Seat 9: 0RB BR0 ($1.51 in chips) 
dubbleoo: posts small blind $0.01
2040800: posts big blind $0.02
*** HOLE CARDS ***
Dealt to Dorex2007 [2c 7h]
0RB BR0: folds 
dendi913: folds 
Dorex2007: folds 
SergeiLvovic: raises $0.05 to $0.07
scarface0880: folds 
thepospelov: folds 
dubbleoo: folds 
2040800: folds 
Uncalled bet ($0.05) returned to SergeiLvovic
SergeiLvovic collected $0.05 from pot
SergeiLvovic: doesn't show hand 
*** SUMMARY ***
Total pot $0.05 | Rake $0 
Seat 1: dendi913 folded before Flop (didn't bet)
Seat 2: Dorex2007 folded before Flop (didn't bet)
Seat 3: SergeiLvovic collected ($0.05)
Seat 4: scarface0880 folded before Flop (didn't bet)
Seat 5: thepospelov (button) folded before Flop (didn't bet)
Seat 7: dubbleoo (small blind) folded before Flop
Seat 8: 2040800 (big blind) folded before Flop
Seat 9: 0RB BR0 folded before Flop (didn't bet)



PokerStars Hand #233641696244:  Hold'em No Limit ($0.01/$0.02 USD) - 2022/01/30 21:14:02 PT [2022/01/31 0:14:02 ET]
Table 'Sagitta IV' 9-max Seat #7 is the button
Seat 1: dendi913 ($0.76 in chips) 
Seat 2: Dorex2007 ($2.07 in chips) 
Seat 3: SergeiLvovic ($3.63 in chips) 
Seat 4: scarface0880 ($0.74 in chips) 
Seat 5: thepospelov ($0.79 in chips) 
Seat 7: dubbleoo ($2.07 in chips) 
Seat 8: 2040800 ($4.76 in chips) 
Seat 9: 0RB BR0 ($1.51 in chips) 
2040800: posts small blind $0.01
0RB BR0: posts big blind $0.02
*** HOLE CARDS ***
Dealt to Dorex2007 [Jd 8h]
dendi913: folds 
Dorex2007: folds 
SergeiLvovic: folds 
scarface0880: folds 
thepospelov: folds 
dubbleoo: raises $0.02 to $0.04
2040800: folds 
0RB BR0: calls $0.02
*** FLOP *** [Jh 9s 2c]
0RB BR0: bets $0.02
dubbleoo: calls $0.02
*** TURN *** [Jh 9s 2c] [Kd]
0RB BR0: checks 
dubbleoo: bets $0.06
0RB BR0: folds 
Uncalled bet ($0.06) returned to dubbleoo
dubbleoo collected $0.13 from pot
dubbleoo: doesn't show hand 
*** SUMMARY ***
Total pot $0.13 | Rake $0 
Board [Jh 9s 2c Kd]
Seat 1: dendi913 folded before Flop (didn't bet)
Seat 2: Dorex2007 folded before Flop (didn't bet)
Seat 3: SergeiLvovic folded before Flop (didn't bet)
Seat 4: scarface0880 folded before Flop (didn't bet)
Seat 5: thepospelov folded before Flop (didn't bet)
Seat 7: dubbleoo (button) collected ($0.13)
Seat 8: 2040800 (small blind) folded before Flop
Seat 9: 0RB BR0 (big blind) folded on the Turn



PokerStars Hand #233641702411:  Hold'em No Limit ($0.01/$0.02 USD) - 2022/01/30 21:14:45 PT [2022/01/31 0:14:45 ET]
Table 'Sagitta IV' 9-max Seat #8 is the button
Seat 1: dendi913 ($0.76 in chips) 
Seat 2: Dorex2007 ($2.07 in chips) 
Seat 3: SergeiLvovic ($3.63 in chips) 
Seat 4: scarface0880 ($0.74 in chips) 
Seat 5: thepospelov ($0.79 in chips) 
Seat 7: dubbleoo ($2.14 in chips) 
Seat 8: 2040800 ($4.75 in chips) 
Seat 9: 0RB BR0 ($1.45 in chips) 
0RB BR0: posts small blind $0.01
dendi913: posts big blind $0.02
Alehta: sits out 
*** HOLE CARDS ***
Dealt to Dorex2007 [7d 8s]
Dorex2007: folds 
SergeiLvovic: folds 
scarface0880: folds 
thepospelov: folds 
dubbleoo: folds 
2040800 has timed out
2040800: folds 
0RB BR0: folds 
Uncalled bet ($0.01) returned to dendi913
dendi913 collected $0.02 from pot
dendi913: doesn't show hand 
*** SUMMARY ***
Total pot $0.02 | Rake $0 
Seat 1: dendi913 (big blind) collected ($0.02)
Seat 2: Dorex2007 folded before Flop (didn't bet)
Seat 3: SergeiLvovic folded before Flop (didn't bet)
Seat 4: scarface0880 folded before Flop (didn't bet)
Seat 5: thepospelov folded before Flop (didn't bet)
Seat 7: dubbleoo folded before Flop (didn't bet)
Seat 8: 2040800 (button) folded before Flop (didn't bet)
Seat 9: 0RB BR0 (small blind) folded before Flop



PokerStars Hand #233641706991:  Hold'em No Limit ($0.01/$0.02 USD) - 2022/01/30 21:15:17 PT [2022/01/31 0:15:17 ET]
Table 'Sagitta IV' 9-max Seat #9 is the button
Seat 1: dendi913 ($0.77 in chips) 
Seat 2: Dorex2007 ($2.07 in chips) 
Seat 3: SergeiLvovic ($3.63 in chips) 
Seat 4: scarface0880 ($0.74 in chips) 
Seat 5: thepospelov ($0.79 in chips) 
Seat 7: dubbleoo ($2.14 in chips) 
Seat 9: 0RB BR0 ($1.44 in chips) 
dendi913: posts small blind $0.01
Dorex2007: posts big blind $0.02
Alehta: sits out 
*** HOLE CARDS ***
Dealt to Dorex2007 [Jh Ac]
SergeiLvovic: folds 
scarface0880: folds 
thepospelov: calls $0.02
dubbleoo: folds 
0RB BR0: calls $0.02
dendi913: folds 
Dorex2007: checks 
*** FLOP *** [8d 6d Kd]
Dorex2007: checks 
thepospelov: checks 
0RB BR0: bets $0.02
Dorex2007: folds 
thepospelov: calls $0.02
*** TURN *** [8d 6d Kd] [Qc]
thepospelov: checks 
0RB BR0: checks 
*** RIVER *** [8d 6d Kd Qc] [Kc]
thepospelov: bets $0.06
0RB BR0: folds 
Uncalled bet ($0.06) returned to thepospelov
thepospelov collected $0.11 from pot
thepospelov: doesn't show hand 
*** SUMMARY ***
Total pot $0.11 | Rake $0 
Board [8d 6d Kd Qc Kc]
Seat 1: dendi913 (small blind) folded before Flop
Seat 2: Dorex2007 (big blind) folded on the Flop
Seat 3: SergeiLvovic folded before Flop (didn't bet)
Seat 4: scarface0880 folded before Flop (didn't bet)
Seat 5: thepospelov collected ($0.11)
Seat 7: dubbleoo folded before Flop (didn't bet)
Seat 9: 0RB BR0 (button) folded on the River



PokerStars Hand #233641712506:  Hold'em No Limit ($0.01/$0.02 USD) - 2022/01/30 21:15:55 PT [2022/01/31 0:15:55 ET]
Table 'Sagitta IV' 9-max Seat #1 is the button
Seat 1: dendi913 ($0.76 in chips) 
Seat 2: Dorex2007 ($2.05 in chips) 
Seat 3: SergeiLvovic ($3.63 in chips) 
Seat 4: scarface0880 ($0.74 in chips) 
Seat 5: thepospelov ($0.86 in chips) 
Seat 7: dubbleoo ($2.14 in chips) 
Seat 8: 2040800 ($4.75 in chips) 
Seat 9: 0RB BR0 ($1.40 in chips) 
Dorex2007: posts small blind $0.01
SergeiLvovic: posts big blind $0.02
Alehta: sits out 
*** HOLE CARDS ***
Dealt to Dorex2007 [Kc 6h]
scarface0880: raises $0.06 to $0.08
thepospelov: raises $0.12 to $0.20
dubbleoo: folds 
2040800: folds 
0RB BR0: folds 
dendi913: folds 
Dorex2007: folds 
SergeiLvovic: folds 
scarface0880: calls $0.12
*** FLOP *** [2d Jh 9s]
scarface0880: bets $0.41
thepospelov: folds 
Uncalled bet ($0.41) returned to scarface0880
scarface0880 collected $0.41 from pot
scarface0880: doesn't show hand 
*** SUMMARY ***
Total pot $0.43 | Rake $0.02 
Board [2d Jh 9s]
Seat 1: dendi913 (button) folded before Flop (didn't bet)
Seat 2: Dorex2007 (small blind) folded before Flop
Seat 3: SergeiLvovic (big blind) folded before Flop
Seat 4: scarface0880 collected ($0.41)
Seat 5: thepospelov folded on the Flop
Seat 7: dubbleoo folded before Flop (didn't bet)
Seat 8: 2040800 folded before Flop (didn't bet)
Seat 9: 0RB BR0 folded before Flop (didn't bet)



PokerStars Hand #233641717621:  Hold'em No Limit ($0.01/$0.02 USD) - 2022/01/30 21:16:31 PT [2022/01/31 0:16:31 ET]
Table 'Sagitta IV' 9-max Seat #2 is the button
Seat 1: dendi913 ($0.76 in chips) 
Seat 2: Dorex2007 ($2.04 in chips) 
Seat 3: SergeiLvovic ($3.61 in chips) 
Seat 4: scarface0880 ($0.95 in chips) 
Seat 5: thepospelov ($0.66 in chips) 
Seat 7: dubbleoo ($2.14 in chips) 
Seat 8: 2040800 ($4.75 in chips) 
Seat 9: 0RB BR0 ($1.40 in chips) 
SergeiLvovic: posts small blind $0.01
scarface0880: posts big blind $0.02
Alehta: sits out 
*** HOLE CARDS ***
Dealt to Dorex2007 [7h 5h]
thepospelov: folds 
dubbleoo: folds 
2040800: calls $0.02
0RB BR0: calls $0.02
dendi913: folds 
Dorex2007: folds 
SergeiLvovic: calls $0.01
scarface0880: checks 
*** FLOP *** [5c As Kh]
SergeiLvovic: checks 
scarface0880: checks 
2040800: checks 
0RB BR0: bets $0.02
SergeiLvovic: folds 
scarface0880: folds 
2040800: folds 
Uncalled bet ($0.02) returned to 0RB BR0
0RB BR0 collected $0.08 from pot
*** SUMMARY ***
Total pot $0.08 | Rake $0 
Board [5c As Kh]
Seat 1: dendi913 folded before Flop (didn't bet)
Seat 2: Dorex2007 (button) folded before Flop (didn't bet)
Seat 3: SergeiLvovic (small blind) folded on the Flop
Seat 4: scarface0880 (big blind) folded on the Flop
Seat 5: thepospelov folded before Flop (didn't bet)
Seat 7: dubbleoo folded before Flop (didn't bet)
Seat 8: 2040800 folded on the Flop
Seat 9: 0RB BR0 collected ($0.08)



PokerStars Hand #233641722728:  Hold'em No Limit ($0.01/$0.02 USD) - 2022/01/30 21:17:07 PT [2022/01/31 0:17:07 ET]
Table 'Sagitta IV' 9-max Seat #3 is the button
Seat 1: dendi913 ($0.76 in chips) 
Seat 2: Dorex2007 ($2.04 in chips) 
Seat 3: SergeiLvovic ($3.59 in chips) 
Seat 4: scarface0880 ($0.93 in chips) 
Seat 5: thepospelov ($0.66 in chips) 
Seat 7: dubbleoo ($2.14 in chips) 
Seat 8: 2040800 ($4.73 in chips) 
Seat 9: 0RB BR0 ($1.46 in chips) 
scarface0880: posts small blind $0.01
thepospelov: posts big blind $0.02
Alehta: sits out 
*** HOLE CARDS ***
Dealt to Dorex2007 [2h Qd]
dubbleoo: folds 
2040800: folds 
0RB BR0: raises $0.02 to $0.04
dendi913: calls $0.04
Dorex2007: folds 
SergeiLvovic: folds 
scarface0880: calls $0.03
thepospelov: calls $0.02
*** FLOP *** [Kh 4h Kd]
scarface0880: checks 
thepospelov: checks 
0RB BR0: checks 
dendi913: checks 
*** TURN *** [Kh 4h Kd] [2d]
scarface0880: checks 
thepospelov: checks 
0RB BR0: bets $0.07
dendi913: folds 
scarface0880: folds 
thepospelov: folds 
Uncalled bet ($0.07) returned to 0RB BR0
0RB BR0 collected $0.15 from pot
*** SUMMARY ***
Total pot $0.16 | Rake $0.01 
Board [Kh 4h Kd 2d]
Seat 1: dendi913 folded on the Turn
Seat 2: Dorex2007 folded before Flop (didn't bet)
Seat 3: SergeiLvovic (button) folded before Flop (didn't bet)
Seat 4: scarface0880 (small blind) folded on the Turn
Seat 5: thepospelov (big blind) folded on the Turn
Seat 7: dubbleoo folded before Flop (didn't bet)
Seat 8: 2040800 folded before Flop (didn't bet)
Seat 9: 0RB BR0 collected ($0.15)



PokerStars Hand #233641729815:  Hold'em No Limit ($0.01/$0.02 USD) - 2022/01/30 21:17:57 PT [2022/01/31 0:17:57 ET]
Table 'Sagitta IV' 9-max Seat #4 is the button
Seat 1: dendi913 ($0.72 in chips) 
Seat 2: Dorex2007 ($2.04 in chips) 
Seat 3: SergeiLvovic ($3.59 in chips) 
Seat 4: scarface0880 ($0.89 in chips) 
Seat 5: thepospelov ($0.62 in chips) 
Seat 6: Alehta ($0.77 in chips) 
Seat 7: dubbleoo ($2.14 in chips) 
Seat 8: 2040800 ($4.73 in chips) 
Seat 9: 0RB BR0 ($1.57 in chips) 
thepospelov: posts small blind $0.01
Alehta: posts big blind $0.02
*** HOLE CARDS ***
Dealt to Dorex2007 [4d Kh]
dubbleoo: folds 
2040800: calls $0.02
0RB BR0: calls $0.02
dendi913: folds 
Dorex2007: folds 
SergeiLvovic: calls $0.02
scarface0880: calls $0.02
thepospelov: calls $0.01
Alehta has timed out
Alehta: checks 
*** FLOP *** [4h 3d 9d]
thepospelov: checks 
Alehta: checks 
2040800: bets $0.02
0RB BR0: calls $0.02
SergeiLvovic: calls $0.02
scarface0880: raises $0.08 to $0.10
thepospelov: folds 
Alehta: folds 
2040800: folds 
0RB BR0: folds 
SergeiLvovic: calls $0.08
*** TURN *** [4h 3d 9d] [6d]
SergeiLvovic: checks 
scarface0880: bets $0.18
SergeiLvovic: calls $0.18
*** RIVER *** [4h 3d 9d 6d] [3s]
SergeiLvovic: checks 
scarface0880: bets $0.34
SergeiLvovic: folds 
Uncalled bet ($0.34) returned to scarface0880
scarface0880 collected $0.69 from pot
scarface0880: doesn't show hand 
*** SUMMARY ***
Total pot $0.72 | Rake $0.03 
Board [4h 3d 9d 6d 3s]
Seat 1: dendi913 folded before Flop (didn't bet)
Seat 2: Dorex2007 folded before Flop (didn't bet)
Seat 3: SergeiLvovic folded on the River
Seat 4: scarface0880 (button) collected ($0.69)
Seat 5: thepospelov (small blind) folded on the Flop
Seat 6: Alehta (big blind) folded on the Flop
Seat 7: dubbleoo folded before Flop (didn't bet)
Seat 8: 2040800 folded on the Flop
Seat 9: 0RB BR0 folded on the Flop



PokerStars Hand #233641745687:  Hold'em No Limit ($0.01/$0.02 USD) - 2022/01/30 21:19:49 PT [2022/01/31 0:19:49 ET]
Table 'Sagitta IV' 9-max Seat #5 is the button
Seat 1: dendi913 ($0.72 in chips) 
Seat 2: Dorex2007 ($2.04 in chips) 
Seat 3: SergeiLvovic ($3.29 in chips) 
Seat 4: scarface0880 ($1.28 in chips) 
Seat 5: thepospelov ($0.60 in chips) 
Seat 6: Alehta ($0.75 in chips) 
Seat 7: dubbleoo ($2.14 in chips) 
Seat 8: 2040800 ($4.69 in chips) 
Seat 9: 0RB BR0 ($1.53 in chips) 
Alehta: posts small blind $0.01
dubbleoo: posts big blind $0.02
*** HOLE CARDS ***
Dealt to Dorex2007 [7d 3s]
2040800: folds 
0RB BR0: folds 
dendi913: calls $0.02
Dorex2007: folds 
SergeiLvovic: folds 
scarface0880: calls $0.02
thepospelov: calls $0.02
Alehta: calls $0.01
dubbleoo: checks 
*** FLOP *** [6c Kh Qd]
Alehta: checks 
dubbleoo: checks 
dendi913: checks 
scarface0880: checks 
thepospelov: bets $0.10
Alehta: calls $0.10
dubbleoo: folds 
dendi913: folds 
scarface0880: folds 
*** TURN *** [6c Kh Qd] [As]
Alehta: checks 
thepospelov: checks 
*** RIVER *** [6c Kh Qd As] [7s]
Alehta: bets $0.19
thepospelov: calls $0.19
*** SHOW DOWN ***
Alehta: shows [Tc Jc] (a straight, Ten to Ace)
thepospelov: mucks hand 
Alehta collected $0.66 from pot
*** SUMMARY ***
Total pot $0.68 | Rake $0.02 
Board [6c Kh Qd As 7s]
Seat 1: dendi913 folded on the Flop
Seat 2: Dorex2007 folded before Flop (didn't bet)
Seat 3: SergeiLvovic folded before Flop (didn't bet)
Seat 4: scarface0880 folded on the Flop
Seat 5: thepospelov (button) mucked [Kc 9c]
Seat 6: Alehta (small blind) showed [Tc Jc] and won ($0.66) with a straight, Ten to Ace
Seat 7: dubbleoo (big blind) folded on the Flop
Seat 8: 2040800 folded before Flop (didn't bet)
Seat 9: 0RB BR0 folded before Flop (didn't bet)



PokerStars Hand #233641756461:  Hold'em No Limit ($0.01/$0.02 USD) - 2022/01/30 21:21:04 PT [2022/01/31 0:21:04 ET]
Table 'Sagitta IV' 9-max Seat #6 is the button
Seat 1: dendi913 ($0.70 in chips) 
Seat 2: Dorex2007 ($2.04 in chips) 
Seat 3: SergeiLvovic ($3.29 in chips) 
Seat 4: scarface0880 ($1.26 in chips) 
Seat 5: thepospelov ($0.29 in chips) 
Seat 6: Alehta ($1.10 in chips) 
Seat 7: dubbleoo ($2.12 in chips) 
Seat 8: 2040800 ($4.69 in chips) 
Seat 9: 0RB BR0 ($1.53 in chips) 
dubbleoo: posts small blind $0.01
2040800: posts big blind $0.02
*** HOLE CARDS ***
Dealt to Dorex2007 [8c Ah]
0RB BR0: calls $0.02
dendi913: calls $0.02
Dorex2007: folds 
SergeiLvovic: folds 
scarface0880: calls $0.02
thepospelov has timed out
thepospelov: folds 
Alehta: folds 
dubbleoo: calls $0.01
2040800: checks 
*** FLOP *** [Qs Ks Ad]
dubbleoo: bets $0.04
2040800: calls $0.04
0RB BR0: calls $0.04
dendi913: calls $0.04
scarface0880: folds 
*** TURN *** [Qs Ks Ad] [3s]
dubbleoo: bets $0.12
2040800: folds 
0RB BR0: folds 
dendi913: folds 
Uncalled bet ($0.12) returned to dubbleoo
dubbleoo collected $0.25 from pot
dubbleoo: doesn't show hand 
*** SUMMARY ***
Total pot $0.26 | Rake $0.01 
Board [Qs Ks Ad 3s]
Seat 1: dendi913 folded on the Turn
Seat 2: Dorex2007 folded before Flop (didn't bet)
Seat 3: SergeiLvovic folded before Flop (didn't bet)
Seat 4: scarface0880 folded on the Flop
Seat 5: thepospelov folded before Flop (didn't bet)
Seat 6: Alehta (button) folded before Flop (didn't bet)
Seat 7: dubbleoo (small blind) collected ($0.25)
Seat 8: 2040800 (big blind) folded on the Turn
Seat 9: 0RB BR0 folded on the Turn



PokerStars Hand #233641767901:  Hold'em No Limit ($0.01/$0.02 USD) - 2022/01/30 21:22:22 PT [2022/01/31 0:22:22 ET]
Table 'Sagitta IV' 9-max Seat #7 is the button
Seat 1: dendi913 ($0.64 in chips) 
Seat 2: Dorex2007 ($2.04 in chips) 
Seat 3: SergeiLvovic ($3.29 in chips) 
Seat 4: scarface0880 ($1.24 in chips) 
Seat 5: thepospelov ($0.29 in chips) 
Seat 6: Alehta ($1.10 in chips) 
Seat 7: dubbleoo ($2.31 in chips) 
Seat 8: 2040800 ($4.63 in chips) 
Seat 9: 0RB BR0 ($1.47 in chips) 
2040800: posts small blind $0.01
0RB BR0: posts big blind $0.02
*** HOLE CARDS ***
Dealt to Dorex2007 [Js 3c]
dendi913: folds 
Dorex2007: folds 
SergeiLvovic: folds 
scarface0880: calls $0.02
thepospelov: folds 
Alehta: folds 
dubbleoo: calls $0.02
2040800: calls $0.01
0RB BR0: checks 
*** FLOP *** [9h Jd Tc]
2040800: checks 
0RB BR0: checks 
scarface0880: bets $0.04
dubbleoo: folds 
2040800: calls $0.04
0RB BR0: calls $0.04
*** TURN *** [9h Jd Tc] [2h]
2040800: bets $0.08
0RB BR0: folds 
scarface0880: calls $0.08
*** RIVER *** [9h Jd Tc 2h] [9d]
2040800: bets $0.08
scarface0880: calls $0.08
*** SHOW DOWN ***
2040800: shows [Jc Th] (two pair, Jacks and Tens)
scarface0880: shows [Qh 9s] (three of a kind, Nines)
scarface0880 collected $0.50 from pot
*** SUMMARY ***
Total pot $0.52 | Rake $0.02 
Board [9h Jd Tc 2h 9d]
Seat 1: dendi913 folded before Flop (didn't bet)
Seat 2: Dorex2007 folded before Flop (didn't bet)
Seat 3: SergeiLvovic folded before Flop (didn't bet)
Seat 4: scarface0880 showed [Qh 9s] and won ($0.50) with three of a kind, Nines
Seat 5: thepospelov folded before Flop (didn't bet)
Seat 6: Alehta folded before Flop (didn't bet)
Seat 7: dubbleoo (button) folded on the Flop
Seat 8: 2040800 (small blind) showed [Jc Th] and lost with two pair, Jacks and Tens
Seat 9: 0RB BR0 (big blind) folded on the Turn



PokerStars Hand #233641775638:  Hold'em No Limit ($0.01/$0.02 USD) - 2022/01/30 21:23:16 PT [2022/01/31 0:23:16 ET]
Table 'Sagitta IV' 9-max Seat #8 is the button
Seat 2: Dorex2007 ($2.04 in chips) 
Seat 3: SergeiLvovic ($3.29 in chips) 
Seat 4: scarface0880 ($1.52 in chips) 
Seat 5: thepospelov ($0.29 in chips) 
Seat 6: Alehta ($1.10 in chips) 
Seat 7: dubbleoo ($2.29 in chips) 
Seat 8: 2040800 ($4.41 in chips) 
Seat 9: 0RB BR0 ($1.41 in chips) 
0RB BR0: posts small blind $0.01
dendi913: is sitting out 
Dorex2007: posts big blind $0.02
*** HOLE CARDS ***
Dealt to Dorex2007 [3s 4s]
SergeiLvovic: raises $0.05 to $0.07
scarface0880: folds 
thepospelov: folds 
Alehta: folds 
dubbleoo: folds 
2040800: folds 
0RB BR0: calls $0.06
Dorex2007: folds 
*** FLOP *** [Js 8c Ac]
0RB BR0: checks 
SergeiLvovic: bets $0.08
0RB BR0: calls $0.08
*** TURN *** [Js 8c Ac] [7h]
0RB BR0: bets $0.11
SergeiLvovic: calls $0.11
*** RIVER *** [Js 8c Ac 7h] [Qs]
thepospelov leaves the table
0RB BR0: bets $0.16
SergeiLvovic: raises $0.28 to $0.44
0RB BR0: calls $0.28
*** SHOW DOWN ***
SergeiLvovic: shows [Qd As] (two pair, Aces and Queens)
0RB BR0: mucks hand 
SergeiLvovic collected $1.37 from pot
*** SUMMARY ***
Total pot $1.42 | Rake $0.05 
Board [Js 8c Ac 7h Qs]
Seat 2: Dorex2007 (big blind) folded before Flop
Seat 3: SergeiLvovic showed [Qd As] and won ($1.37) with two pair, Aces and Queens
Seat 4: scarface0880 folded before Flop (didn't bet)
Seat 5: thepospelov folded before Flop (didn't bet)
Seat 6: Alehta folded before Flop (didn't bet)
Seat 7: dubbleoo folded before Flop (didn't bet)
Seat 8: 2040800 (button) folded before Flop (didn't bet)
Seat 9: 0RB BR0 (small blind) mucked [Kd Ad]



PokerStars Hand #233641786850:  Hold'em No Limit ($0.01/$0.02 USD) - 2022/01/30 21:24:34 PT [2022/01/31 0:24:34 ET]
Table 'Sagitta IV' 9-max Seat #9 is the button
Seat 2: Dorex2007 ($2.02 in chips) 
Seat 3: SergeiLvovic ($3.96 in chips) 
Seat 4: scarface0880 ($1.52 in chips) 
Seat 6: Alehta ($1.10 in chips) 
Seat 7: dubbleoo ($2.29 in chips) 
Seat 8: 2040800 ($4.41 in chips) 
Seat 9: 0RB BR0 ($0.71 in chips) 
Dorex2007: posts small blind $0.01
SergeiLvovic: posts big blind $0.02
*** HOLE CARDS ***
Dealt to Dorex2007 [2c Ts]
scarface0880: folds 
Alehta: raises $0.04 to $0.06
scarface0880 leaves the table
dubbleoo: folds 
2040800: calls $0.06
U-boat101 joins the table at seat #4 
0RB BR0: folds 
Dorex2007: folds 
SergeiLvovic: folds 
*** FLOP *** [5d 4c 7s]
Alehta: checks 
2040800: bets $0.06
Alehta: calls $0.06
*** TURN *** [5d 4c 7s] [Jh]
Alehta: checks 
2040800: bets $0.06
Alehta: folds 
Uncalled bet ($0.06) returned to 2040800
2040800 collected $0.26 from pot
*** SUMMARY ***
Total pot $0.27 | Rake $0.01 
Board [5d 4c 7s Jh]
Seat 2: Dorex2007 (small blind) folded before Flop
Seat 3: SergeiLvovic (big blind) folded before Flop
Seat 4: scarface0880 folded before Flop (didn't bet)
Seat 6: Alehta folded on the Turn
Seat 7: dubbleoo folded before Flop (didn't bet)
Seat 8: 2040800 collected ($0.26)
Seat 9: 0RB BR0 (button) folded before Flop (didn't bet)



PokerStars Hand #233641795972:  Hold'em No Limit ($0.01/$0.02 USD) - 2022/01/30 21:25:37 PT [2022/01/31 0:25:37 ET]
Table 'Sagitta IV' 9-max Seat #2 is the button
Seat 1: dendi913 ($0.64 in chips) 
Seat 2: Dorex2007 ($2.01 in chips) 
Seat 3: SergeiLvovic ($3.94 in chips) 
Seat 4: U-boat101 ($2 in chips) 
Seat 6: Alehta ($0.98 in chips) 
Seat 7: dubbleoo ($2.29 in chips) 
Seat 8: 2040800 ($4.55 in chips) 
Seat 9: 0RB BR0 ($0.71 in chips) 
SergeiLvovic: posts small blind $0.01
U-boat101: posts big blind $0.02
dendi913: posts small & big blinds $0.03
*** HOLE CARDS ***
Dealt to Dorex2007 [Ts Ah]
Alehta: calls $0.02
dubbleoo: folds 
2040800: folds 
0RB BR0: folds 
dendi913: checks 
Dorex2007: calls $0.02
SergeiLvovic: calls $0.01
U-boat101: checks 
*** FLOP *** [Qc Qs 2h]
SergeiLvovic: checks 
U-boat101: checks 
Alehta: checks 
dendi913: checks 
Dorex2007: checks 
*** TURN *** [Qc Qs 2h] [5s]
SergeiLvovic: bets $0.06
U-boat101: folds 
Alehta: raises $0.90 to $0.96 and is all-in
dendi913: folds 
Dorex2007: folds 
SergeiLvovic: folds 
Uncalled bet ($0.90) returned to Alehta
Alehta collected $0.22 from pot
Alehta: doesn't show hand 
*** SUMMARY ***
Total pot $0.23 | Rake $0.01 
Board [Qc Qs 2h 5s]
Seat 1: dendi913 folded on the Turn (didn't bet)
Seat 2: Dorex2007 (button) folded on the Turn
Seat 3: SergeiLvovic (small blind) folded on the Turn
Seat 4: U-boat101 (big blind) folded on the Turn
Seat 6: Alehta collected ($0.22)
Seat 7: dubbleoo folded before Flop (didn't bet)
Seat 8: 2040800 folded before Flop (didn't bet)
Seat 9: 0RB BR0 folded before Flop (didn't bet)



PokerStars Hand #233641802935:  Hold'em No Limit ($0.01/$0.02 USD) - 2022/01/30 21:26:25 PT [2022/01/31 0:26:25 ET]
Table 'Sagitta IV' 9-max Seat #3 is the button
Seat 1: dendi913 ($0.61 in chips) 
Seat 2: Dorex2007 ($2 in chips) 
Seat 3: SergeiLvovic ($3.86 in chips) 
Seat 4: U-boat101 ($1.98 in chips) 
Seat 6: Alehta ($1.12 in chips) 
Seat 7: dubbleoo ($2.29 in chips) 
Seat 8: 2040800 ($4.55 in chips) 
Seat 9: 0RB BR0 ($0.71 in chips) 
U-boat101: posts small blind $0.01
Alehta: posts big blind $0.02
*** HOLE CARDS ***
Dealt to Dorex2007 [7d 4s]
dubbleoo: folds 
2040800: folds 
0RB BR0: calls $0.02
dendi913: folds 
Dorex2007: folds 
Khrenya joins the table at seat #5 
SergeiLvovic: folds 
U-boat101: calls $0.01
Alehta: raises $0.08 to $0.10
0RB BR0: folds 
U-boat101: folds 
Uncalled bet ($0.08) returned to Alehta
Alehta collected $0.06 from pot
Alehta: doesn't show hand 
*** SUMMARY ***
Total pot $0.06 | Rake $0 
Seat 1: dendi913 folded before Flop (didn't bet)
Seat 2: Dorex2007 folded before Flop (didn't bet)
Seat 3: SergeiLvovic (button) folded before Flop (didn't bet)
Seat 4: U-boat101 (small blind) folded before Flop
Seat 6: Alehta (big blind) collected ($0.06)
Seat 7: dubbleoo folded before Flop (didn't bet)
Seat 8: 2040800 folded before Flop (didn't bet)
Seat 9: 0RB BR0 folded before Flop



PokerStars Hand #233641808756:  Hold'em No Limit ($0.01/$0.02 USD) - 2022/01/30 21:27:05 PT [2022/01/31 0:27:05 ET]
Table 'Sagitta IV' 9-max Seat #4 is the button
Seat 1: dendi913 ($0.61 in chips) 
Seat 2: Dorex2007 ($2 in chips) 
Seat 3: SergeiLvovic ($3.86 in chips) 
Seat 4: U-boat101 ($1.96 in chips) 
Seat 6: Alehta ($1.16 in chips) 
Seat 7: dubbleoo ($2.29 in chips) 
Seat 8: 2040800 ($4.55 in chips) 
Seat 9: 0RB BR0 ($0.69 in chips) 
Alehta: posts small blind $0.01
dubbleoo: posts big blind $0.02
*** HOLE CARDS ***
Dealt to Dorex2007 [Qs 3c]
2040800: folds 
2040800 leaves the table
0RB BR0: folds 
dendi913: folds 
Dorex2007: folds 
SergeiLvovic: raises $0.03 to $0.05
U-boat101: calls $0.05
Alehta: folds 
dubbleoo: folds 
*** FLOP *** [2d 9d Qh]
SergeiLvovic: bets $0.07
U-boat101: calls $0.07
*** TURN *** [2d 9d Qh] [Jd]
SergeiLvovic: bets $0.13
U-boat101: calls $0.13
*** RIVER *** [2d 9d Qh Jd] [3s]
SergeiLvovic: checks 
U-boat101: checks 
*** SHOW DOWN ***
SergeiLvovic: shows [8d 8c] (a pair of Eights)
U-boat101: shows [Jc As] (a pair of Jacks)
U-boat101 collected $0.51 from pot
*** SUMMARY ***
Total pot $0.53 | Rake $0.02 
Board [2d 9d Qh Jd 3s]
Seat 1: dendi913 folded before Flop (didn't bet)
Seat 2: Dorex2007 folded before Flop (didn't bet)
Seat 3: SergeiLvovic showed [8d 8c] and lost with a pair of Eights
Seat 4: U-boat101 (button) showed [Jc As] and won ($0.51) with a pair of Jacks
Seat 6: Alehta (small blind) folded before Flop
Seat 7: dubbleoo (big blind) folded before Flop
Seat 8: 2040800 folded before Flop (didn't bet)
Seat 9: 0RB BR0 folded before Flop (didn't bet)



PokerStars Hand #233641815242:  Hold'em No Limit ($0.01/$0.02 USD) - 2022/01/30 21:27:50 PT [2022/01/31 0:27:50 ET]
Table 'Sagitta IV' 9-max Seat #6 is the button
Seat 1: dendi913 ($0.61 in chips) 
Seat 2: Dorex2007 ($2 in chips) 
Seat 3: SergeiLvovic ($3.61 in chips) 
Seat 4: U-boat101 ($2.22 in chips) 
Seat 5: Khrenya ($2 in chips) 
Seat 6: Alehta ($1.15 in chips) 
Seat 7: dubbleoo ($2.27 in chips) 
Seat 9: 0RB BR0 ($0.69 in chips) 
dubbleoo: posts small blind $0.01
0RB BR0: posts big blind $0.02
Khrenya: posts big blind $0.02
*** HOLE CARDS ***
Dealt to Dorex2007 [9s Js]
dendi913: calls $0.02
Dorex2007: folds 
SergeiLvovic: folds 
U-boat101: raises $0.02 to $0.04
Khrenya: calls $0.02
Alehta: raises $0.02 to $0.06
dubbleoo: calls $0.05
0RB BR0: folds 
dendi913: calls $0.04
U-boat101: calls $0.02
lisbo.feee joins the table at seat #8 
Khrenya: calls $0.02
*** FLOP *** [Jh 7c 3c]
dubbleoo: bets $0.08
dendi913: folds 
U-boat101: calls $0.08
Khrenya: folds 
Alehta: raises $0.15 to $0.23
dubbleoo: folds 
U-boat101: folds 
Uncalled bet ($0.15) returned to Alehta
Alehta collected $0.54 from pot
Alehta: doesn't show hand 
*** SUMMARY ***
Total pot $0.56 | Rake $0.02 
Board [Jh 7c 3c]
Seat 1: dendi913 folded on the Flop
Seat 2: Dorex2007 folded before Flop (didn't bet)
Seat 3: SergeiLvovic folded before Flop (didn't bet)
Seat 4: U-boat101 folded on the Flop
Seat 5: Khrenya folded on the Flop
Seat 6: Alehta (button) collected ($0.54)
Seat 7: dubbleoo (small blind) folded on the Flop
Seat 9: 0RB BR0 (big blind) folded before Flop



PokerStars Hand #233641836692:  Hold'em No Limit ($0.01/$0.02 USD) - 2022/01/30 21:29:46 PT [2022/01/31 0:29:46 ET]
Table 'Sagitta IV' 9-max Seat #7 is the button
Seat 2: Dorex2007 ($2 in chips) 
Seat 3: SergeiLvovic ($3.61 in chips) 
Seat 4: U-boat101 ($2.08 in chips) 
Seat 5: Khrenya ($1.94 in chips) 
Seat 6: Alehta ($1.55 in chips) 
Seat 7: dubbleoo ($2.13 in chips) 
Seat 9: 0RB BR0 ($0.67 in chips) 
0RB BR0: posts small blind $0.01
dendi913: is sitting out 
Dorex2007: posts big blind $0.02
*** HOLE CARDS ***
Dealt to Dorex2007 [Ks Tc]
dendi913 leaves the table
SergeiLvovic has timed out
SergeiLvovic: folds 
U-boat101: raises $0.04 to $0.06
Khrenya: calls $0.06
Alehta: calls $0.06
dubbleoo: folds 
0RB BR0: calls $0.05
Dorex2007: folds 
*** FLOP *** [5c Th 2c]
0RB BR0: checks 
U-boat101: checks 
Khrenya: bets $0.12
Tora1717 joins the table at seat #1 
Alehta: folds 
0RB BR0: calls $0.12
U-boat101: folds 
*** TURN *** [5c Th 2c] [9h]
0RB BR0: bets $0.18
Khrenya: calls $0.18
*** RIVER *** [5c Th 2c 9h] [3c]
0RB BR0: bets $0.29
Khrenya: raises $0.71 to $1
0RB BR0: calls $0.02 and is all-in
Uncalled bet ($0.69) returned to Khrenya
*** SHOW DOWN ***
Khrenya: shows [7c 7d] (a pair of Sevens)
0RB BR0: shows [Td Ac] (a pair of Tens)
0RB BR0 collected $1.43 from pot
*** SUMMARY ***
Total pot $1.48 | Rake $0.05 
Board [5c Th 2c 9h 3c]
Seat 2: Dorex2007 (big blind) folded before Flop
Seat 3: SergeiLvovic folded before Flop (didn't bet)
Seat 4: U-boat101 folded on the Flop
Seat 5: Khrenya showed [7c 7d] and lost with a pair of Sevens
Seat 6: Alehta folded on the Flop
Seat 7: dubbleoo (button) folded before Flop (didn't bet)
Seat 9: 0RB BR0 (small blind) showed [Td Ac] and won ($1.43) with a pair of Tens



PokerStars Hand #233641850967:  Hold'em No Limit ($0.01/$0.02 USD) - 2022/01/30 21:31:26 PT [2022/01/31 0:31:26 ET]
Table 'Sagitta IV' 9-max Seat #9 is the button
Seat 2: Dorex2007 ($2 in chips) 
Seat 3: SergeiLvovic ($3.61 in chips) 
Seat 4: U-boat101 ($2.02 in chips) 
Seat 5: Khrenya ($1.27 in chips) 
Seat 6: Alehta ($1.49 in chips) 
Seat 7: dubbleoo ($2.13 in chips) 
Seat 8: lisbo.feee ($1 in chips) 
Seat 9: 0RB BR0 ($1.43 in chips) 
Dorex2007: posts small blind $0.01
SergeiLvovic: posts big blind $0.02
lisbo.feee: posts big blind $0.02
*** HOLE CARDS ***
Dealt to Dorex2007 [Tc 2h]
U-boat101: folds 
Khrenya: folds 
Alehta: folds 
dubbleoo: folds 
lisbo.feee: raises $0.04 to $0.06
0RB BR0: folds 
Dorex2007: folds 
SergeiLvovic: calls $0.04
*** FLOP *** [Qs 3d 8s]
SergeiLvovic: checks 
lisbo.feee: bets $0.06
SergeiLvovic: calls $0.06
*** TURN *** [Qs 3d 8s] [Th]
SergeiLvovic: checks 
lisbo.feee: bets $0.12
SergeiLvovic: folds 
Uncalled bet ($0.12) returned to lisbo.feee
lisbo.feee collected $0.24 from pot
lisbo.feee: doesn't show hand 
*** SUMMARY ***
Total pot $0.25 | Rake $0.01 
Board [Qs 3d 8s Th]
Seat 2: Dorex2007 (small blind) folded before Flop
Seat 3: SergeiLvovic (big blind) folded on the Turn
Seat 4: U-boat101 folded before Flop (didn't bet)
Seat 5: Khrenya folded before Flop (didn't bet)
Seat 6: Alehta folded before Flop (didn't bet)
Seat 7: dubbleoo folded before Flop (didn't bet)
Seat 8: lisbo.feee collected ($0.24)
Seat 9: 0RB BR0 (button) folded before Flop (didn't bet)



PokerStars Hand #233641857741:  Hold'em No Limit ($0.01/$0.02 USD) - 2022/01/30 21:32:12 PT [2022/01/31 0:32:12 ET]
Table 'Sagitta IV' 9-max Seat #2 is the button
Seat 2: Dorex2007 ($2 in chips) 
Seat 3: SergeiLvovic ($3.49 in chips) 
Seat 4: U-boat101 ($2.02 in chips) 
Seat 5: Khrenya ($2 in chips) 
Seat 6: Alehta ($1.49 in chips) 
Seat 7: dubbleoo ($2.13 in chips) 
Seat 8: lisbo.feee ($1.12 in chips) 
Seat 9: 0RB BR0 ($1.43 in chips) 
SergeiLvovic: posts small blind $0.01
U-boat101: posts big blind $0.02
Tora1717: sits out 
*** HOLE CARDS ***
Dealt to Dorex2007 [Kc 9c]
Khrenya: folds 
Alehta: folds 
Alehta leaves the table
dubbleoo: folds 
lisbo.feee: raises $0.03 to $0.05
0RB BR0: folds 
Dorex2007: folds 
SergeiLvovic: folds 
U-boat101: calls $0.03
*** FLOP *** [9s Kd Td]
U-boat101: bets $0.06
lisbo.feee: folds 
Uncalled bet ($0.06) returned to U-boat101
U-boat101 collected $0.11 from pot
U-boat101: doesn't show hand 
*** SUMMARY ***
Total pot $0.11 | Rake $0 
Board [9s Kd Td]
Seat 2: Dorex2007 (button) folded before Flop (didn't bet)
Seat 3: SergeiLvovic (small blind) folded before Flop
Seat 4: U-boat101 (big blind) collected ($0.11)
Seat 5: Khrenya folded before Flop (didn't bet)
Seat 6: Alehta folded before Flop (didn't bet)
Seat 7: dubbleoo folded before Flop (didn't bet)
Seat 8: lisbo.feee folded on the Flop
Seat 9: 0RB BR0 folded before Flop (didn't bet)



PokerStars Hand #233641863260:  Hold'em No Limit ($0.01/$0.02 USD) - 2022/01/30 21:32:51 PT [2022/01/31 0:32:51 ET]
Table 'Sagitta IV' 9-max Seat #3 is the button
Seat 2: Dorex2007 ($2 in chips) 
Seat 3: SergeiLvovic ($3.48 in chips) 
Seat 4: U-boat101 ($2.08 in chips) 
Seat 5: Khrenya ($2 in chips) 
Seat 7: dubbleoo ($2.13 in chips) 
Seat 8: lisbo.feee ($1.07 in chips) 
Seat 9: 0RB BR0 ($1.43 in chips) 
U-boat101: posts small blind $0.01
Khrenya: posts big blind $0.02
Tora1717: sits out 
*** HOLE CARDS ***
Dealt to Dorex2007 [9h 2h]
dubbleoo: folds 
lisbo.feee: folds 
0RB BR0: raises $0.02 to $0.04
Dorex2007: folds 
SergeiLvovic: folds 
SergeiLvovic leaves the table
U-boat101: folds 
Khrenya: calls $0.02
*** FLOP *** [Jc 9d 7d]
Khrenya: bets $0.09
0RB BR0: folds 
Uncalled bet ($0.09) returned to Khrenya
Khrenya collected $0.09 from pot
Khrenya: doesn't show hand 
*** SUMMARY ***
Total pot $0.09 | Rake $0 
Board [Jc 9d 7d]
Seat 2: Dorex2007 folded before Flop (didn't bet)
Seat 3: SergeiLvovic (button) folded before Flop (didn't bet)
Seat 4: U-boat101 (small blind) folded before Flop
Seat 5: Khrenya (big blind) collected ($0.09)
Seat 7: dubbleoo folded before Flop (didn't bet)
Seat 8: lisbo.feee folded before Flop (didn't bet)
Seat 9: 0RB BR0 folded on the Flop



PokerStars Hand #233641869050:  Hold'em No Limit ($0.01/$0.02 USD) - 2022/01/30 21:33:32 PT [2022/01/31 0:33:32 ET]
Table 'Sagitta IV' 9-max Seat #4 is the button
Seat 2: Dorex2007 ($2 in chips) 
Seat 4: U-boat101 ($2.07 in chips) 
Seat 5: Khrenya ($2.05 in chips) 
Seat 7: dubbleoo ($2.13 in chips) 
Seat 8: lisbo.feee ($1.07 in chips) 
Seat 9: 0RB BR0 ($1.39 in chips) 
Khrenya: posts small blind $0.01
dubbleoo: posts big blind $0.02
Tora1717: sits out 
*** HOLE CARDS ***
Dealt to Dorex2007 [4s 9s]
lisbo.feee: raises $0.04 to $0.06
0RB BR0: folds 
Dorex2007: folds 
U-boat101: folds 
Khrenya: folds 
dubbleoo: folds 
Uncalled bet ($0.04) returned to lisbo.feee
lisbo.feee collected $0.05 from pot
lisbo.feee: doesn't show hand 
*** SUMMARY ***
Total pot $0.05 | Rake $0 
Seat 2: Dorex2007 folded before Flop (didn't bet)
Seat 4: U-boat101 (button) folded before Flop (didn't bet)
Seat 5: Khrenya (small blind) folded before Flop
Seat 7: dubbleoo (big blind) folded before Flop
Seat 8: lisbo.feee collected ($0.05)
Seat 9: 0RB BR0 folded before Flop (didn't bet)



PokerStars Hand #233641872497:  Hold'em No Limit ($0.01/$0.02 USD) - 2022/01/30 21:33:56 PT [2022/01/31 0:33:56 ET]
Table 'Sagitta IV' 9-max Seat #5 is the button
Seat 2: Dorex2007 ($2 in chips) 
Seat 4: U-boat101 ($2.07 in chips) 
Seat 5: Khrenya ($2.04 in chips) 
Seat 7: dubbleoo ($2.11 in chips) 
Seat 8: lisbo.feee ($1.10 in chips) 
Seat 9: 0RB BR0 ($1.39 in chips) 
dubbleoo: posts small blind $0.01
lisbo.feee: posts big blind $0.02
Tora1717: sits out 
*** HOLE CARDS ***
Dealt to Dorex2007 [2d 6d]
0RB BR0: calls $0.02
Dorex2007: folds 
U-boat101: folds 
Khrenya: raises $0.08 to $0.10
dubbleoo: calls $0.09
lisbo.feee: folds 
*VM*727 joins the table at seat #3 
0RB BR0: folds 
*** FLOP *** [Ah Td 9h]
dubbleoo: checks 
Khrenya: bets $0.11
dubbleoo: calls $0.11
*** TURN *** [Ah Td 9h] [3s]
dubbleoo: checks 
Khrenya: bets $0.18
dubbleoo: calls $0.18
*** RIVER *** [Ah Td 9h 3s] [8c]
dubbleoo: bets $0.02
IvanV1 joins the table at seat #6 
Khrenya: raises $0.48 to $0.50
dubbleoo: calls $0.48
*** SHOW DOWN ***
Khrenya: shows [Ad Th] (two pair, Aces and Tens)
dubbleoo: mucks hand 
Khrenya collected $1.76 from pot
*** SUMMARY ***
Total pot $1.82 | Rake $0.06 
Board [Ah Td 9h 3s 8c]
Seat 2: Dorex2007 folded before Flop (didn't bet)
Seat 4: U-boat101 folded before Flop (didn't bet)
Seat 5: Khrenya (button) showed [Ad Th] and won ($1.76) with two pair, Aces and Tens
Seat 7: dubbleoo (small blind) mucked [As Kh]
Seat 8: lisbo.feee (big blind) folded before Flop
Seat 9: 0RB BR0 folded before Flop



PokerStars Hand #233641894338:  Hold'em No Limit ($0.01/$0.02 USD) - 2022/01/30 21:35:43 PT [2022/01/31 0:35:43 ET]
Table 'Sagitta IV' 9-max Seat #7 is the button
Seat 2: Dorex2007 ($2 in chips) 
Seat 4: U-boat101 ($2.07 in chips) 
Seat 5: Khrenya ($2.91 in chips) 
Seat 7: dubbleoo ($1.22 in chips) 
Seat 8: lisbo.feee ($1.08 in chips) 
Seat 9: 0RB BR0 ($1.37 in chips) 
lisbo.feee: posts small blind $0.01
0RB BR0: posts big blind $0.02
Tora1717: sits out 
*VM*727: sits out 
IvanV1: sits out 
*** HOLE CARDS ***
Dealt to Dorex2007 [5s Ts]
Dorex2007: folds 
U-boat101: folds 
Khrenya: folds 
dubbleoo: folds 
lisbo.feee: folds 
Uncalled bet ($0.01) returned to 0RB BR0
0RB BR0 collected $0.02 from pot
*** SUMMARY ***
Total pot $0.02 | Rake $0 
Seat 2: Dorex2007 folded before Flop (didn't bet)
Seat 4: U-boat101 folded before Flop (didn't bet)
Seat 5: Khrenya folded before Flop (didn't bet)
Seat 7: dubbleoo (button) folded before Flop (didn't bet)
Seat 8: lisbo.feee (small blind) folded before Flop
Seat 9: 0RB BR0 (big blind) collected ($0.02)



PokerStars Hand #233641896748:  Hold'em No Limit ($0.01/$0.02 USD) - 2022/01/30 21:35:59 PT [2022/01/31 0:35:59 ET]
Table 'Sagitta IV' 9-max Seat #8 is the button
Seat 1: Tora1717 ($0.80 in chips) 
Seat 2: Dorex2007 ($2 in chips) 
Seat 4: U-boat101 ($2.07 in chips) 
Seat 5: Khrenya ($2.91 in chips) 
Seat 6: IvanV1 ($1.60 in chips) 
Seat 7: dubbleoo ($1.22 in chips) 
Seat 8: lisbo.feee ($1.07 in chips) 
Seat 9: 0RB BR0 ($1.38 in chips) 
0RB BR0: posts small blind $0.01
Tora1717: posts big blind $0.02
*VM*727: sits out 
IvanV1: posts big blind $0.02
*** HOLE CARDS ***
Dealt to Dorex2007 [Ts 6c]
Dorex2007: folds 
U-boat101: folds 
Khrenya: folds 
IvanV1: checks 
dubbleoo: raises $0.02 to $0.04
lisbo.feee: folds 
0RB BR0: calls $0.03
Tora1717: calls $0.02
IvanV1: folds 
*** FLOP *** [8h Qh 7d]
0RB BR0: checks 
Tora1717: bets $0.14
dubbleoo: calls $0.14
0RB BR0: folds 
*** TURN *** [8h Qh 7d] [2h]
Tora1717: bets $0.02
dubbleoo: raises $0.08 to $0.10
Tora1717: calls $0.08
*** RIVER *** [8h Qh 7d 2h] [Jh]
Tora1717: checks 
dubbleoo: bets $0.30
Tora1717: folds 
Uncalled bet ($0.30) returned to dubbleoo
dubbleoo collected $0.60 from pot
dubbleoo: doesn't show hand 
*** SUMMARY ***
Total pot $0.62 | Rake $0.02 
Board [8h Qh 7d 2h Jh]
Seat 1: Tora1717 (big blind) folded on the River
Seat 2: Dorex2007 folded before Flop (didn't bet)
Seat 4: U-boat101 folded before Flop (didn't bet)
Seat 5: Khrenya folded before Flop (didn't bet)
Seat 6: IvanV1 folded before Flop (didn't bet)
Seat 7: dubbleoo collected ($0.60)
Seat 8: lisbo.feee (button) folded before Flop (didn't bet)
Seat 9: 0RB BR0 (small blind) folded on the Flop



PokerStars Hand #233641905622:  Hold'em No Limit ($0.01/$0.02 USD) - 2022/01/30 21:37:03 PT [2022/01/31 0:37:03 ET]
Table 'Sagitta IV' 9-max Seat #9 is the button
Seat 1: Tora1717 ($0.52 in chips) 
Seat 2: Dorex2007 ($2 in chips) 
Seat 4: U-boat101 ($2.07 in chips) 
Seat 5: Khrenya ($2.91 in chips) 
Seat 6: IvanV1 ($1.58 in chips) 
Seat 7: dubbleoo ($1.54 in chips) 
Seat 8: lisbo.feee ($1.07 in chips) 
Seat 9: 0RB BR0 ($1.34 in chips) 
Tora1717: posts small blind $0.01
Dorex2007: posts big blind $0.02
*VM*727: sits out 
*** HOLE CARDS ***
Dealt to Dorex2007 [Qs Jd]
U-boat101: folds 
Khrenya: folds 
IvanV1: raises $0.02 to $0.04
dubbleoo: folds 
lisbo.feee: folds 
0RB BR0: folds 
Tora1717: folds 
Dorex2007: calls $0.02
*** FLOP *** [Ks 5d 3d]
Dorex2007: checks 
IvanV1: bets $0.06
Dorex2007: folds 
Uncalled bet ($0.06) returned to IvanV1
IvanV1 collected $0.09 from pot
*** SUMMARY ***
Total pot $0.09 | Rake $0 
Board [Ks 5d 3d]
Seat 1: Tora1717 (small blind) folded before Flop
Seat 2: Dorex2007 (big blind) folded on the Flop
Seat 4: U-boat101 folded before Flop (didn't bet)
Seat 5: Khrenya folded before Flop (didn't bet)
Seat 6: IvanV1 collected ($0.09)
Seat 7: dubbleoo folded before Flop (didn't bet)
Seat 8: lisbo.feee folded before Flop (didn't bet)
Seat 9: 0RB BR0 (button) folded before Flop (didn't bet)



PokerStars Hand #233641910267:  Hold'em No Limit ($0.01/$0.02 USD) - 2022/01/30 21:37:36 PT [2022/01/31 0:37:36 ET]
Table 'Sagitta IV' 9-max Seat #1 is the button
Seat 1: Tora1717 ($0.51 in chips) 
Seat 2: Dorex2007 ($2 in chips) 
Seat 3: *VM*727 ($2 in chips) 
Seat 4: U-boat101 ($2.07 in chips) 
Seat 5: Khrenya ($2.91 in chips) 
Seat 6: IvanV1 ($1.63 in chips) 
Seat 7: dubbleoo ($1.54 in chips) 
Seat 8: lisbo.feee ($1.07 in chips) 
Seat 9: 0RB BR0 ($1.34 in chips) 
Dorex2007: posts small blind $0.01
*VM*727: posts big blind $0.02
*** HOLE CARDS ***
Dealt to Dorex2007 [8s 9h]
U-boat101: folds 
Khrenya: folds 
IvanV1: raises $0.02 to $0.04
dubbleoo: folds 
lisbo.feee: folds 
0RB BR0: calls $0.04
Tora1717: folds 
Dorex2007: folds 
*VM*727: folds 
*** FLOP *** [9d 2d Kc]
IvanV1: checks 
0RB BR0: checks 
*** TURN *** [9d 2d Kc] [Td]
IvanV1: bets $0.05
0RB BR0: calls $0.05
*** RIVER *** [9d 2d Kc Td] [Qh]
IvanV1: bets $0.10
0RB BR0: folds 
Uncalled bet ($0.10) returned to IvanV1
IvanV1 collected $0.20 from pot
*** SUMMARY ***
Total pot $0.21 | Rake $0.01 
Board [9d 2d Kc Td Qh]
Seat 1: Tora1717 (button) folded before Flop (didn't bet)
Seat 2: Dorex2007 (small blind) folded before Flop
Seat 3: *VM*727 (big blind) folded before Flop
Seat 4: U-boat101 folded before Flop (didn't bet)
Seat 5: Khrenya folded before Flop (didn't bet)
Seat 6: IvanV1 collected ($0.20)
Seat 7: dubbleoo folded before Flop (didn't bet)
Seat 8: lisbo.feee folded before Flop (didn't bet)
Seat 9: 0RB BR0 folded on the River



PokerStars Hand #233641916572:  Hold'em No Limit ($0.01/$0.02 USD) - 2022/01/30 21:38:21 PT [2022/01/31 0:38:21 ET]
Table 'Sagitta IV' 9-max Seat #2 is the button
Seat 2: Dorex2007 ($2 in chips) 
Seat 3: *VM*727 ($1.98 in chips) 
Seat 4: U-boat101 ($2.07 in chips) 
Seat 5: Khrenya ($2.91 in chips) 
Seat 6: IvanV1 ($1.74 in chips) 
Seat 7: dubbleoo ($1.54 in chips) 
Seat 8: lisbo.feee ($1.07 in chips) 
Seat 9: 0RB BR0 ($1.25 in chips) 
*VM*727: posts small blind $0.01
U-boat101: posts big blind $0.02
*** HOLE CARDS ***
Dealt to Dorex2007 [4h 6s]
Khrenya: raises $0.06 to $0.08
IvanV1: raises $0.06 to $0.14
dubbleoo: folds 
lisbo.feee: folds 
0RB BR0: folds 
Dorex2007: folds 
*VM*727: folds 
U-boat101: folds 
Khrenya: calls $0.06
*** FLOP *** [6d 7c 4d]
Khrenya: checks 
IvanV1: bets $0.30
Khrenya: folds 
Uncalled bet ($0.30) returned to IvanV1
IvanV1 collected $0.30 from pot
*** SUMMARY ***
Total pot $0.31 | Rake $0.01 
Board [6d 7c 4d]
Seat 2: Dorex2007 (button) folded before Flop (didn't bet)
Seat 3: *VM*727 (small blind) folded before Flop
Seat 4: U-boat101 (big blind) folded before Flop
Seat 5: Khrenya folded on the Flop
Seat 6: IvanV1 collected ($0.30)
Seat 7: dubbleoo folded before Flop (didn't bet)
Seat 8: lisbo.feee folded before Flop (didn't bet)
Seat 9: 0RB BR0 folded before Flop (didn't bet)



PokerStars Hand #233641923235:  Hold'em No Limit ($0.01/$0.02 USD) - 2022/01/30 21:39:09 PT [2022/01/31 0:39:09 ET]
Table 'Sagitta IV' 9-max Seat #3 is the button
Seat 2: Dorex2007 ($2 in chips) 
Seat 3: *VM*727 ($1.97 in chips) 
Seat 4: U-boat101 ($2.05 in chips) 
Seat 5: Khrenya ($2.77 in chips) 
Seat 6: IvanV1 ($1.90 in chips) 
Seat 7: dubbleoo ($1.54 in chips) 
Seat 8: lisbo.feee ($1.07 in chips) 
Seat 9: 0RB BR0 ($1.25 in chips) 
U-boat101: posts small blind $0.01
Khrenya: posts big blind $0.02
*** HOLE CARDS ***
Dealt to Dorex2007 [4h 7h]
IvanV1: folds 
dubbleoo: raises $0.02 to $0.04
lisbo.feee: folds 
0RB BR0: folds 
Dorex2007: folds 
*VM*727: folds 
U-boat101: raises $0.08 to $0.12
Khrenya: calls $0.10
dubbleoo: folds 
*** FLOP *** [9s 5h 3d]
U-boat101: bets $0.22
Khrenya: folds 
Uncalled bet ($0.22) returned to U-boat101
U-boat101 collected $0.27 from pot
U-boat101: doesn't show hand 
*** SUMMARY ***
Total pot $0.28 | Rake $0.01 
Board [9s 5h 3d]
Seat 2: Dorex2007 folded before Flop (didn't bet)
Seat 3: *VM*727 (button) folded before Flop (didn't bet)
Seat 4: U-boat101 (small blind) collected ($0.27)
Seat 5: Khrenya (big blind) folded on the Flop
Seat 6: IvanV1 folded before Flop (didn't bet)
Seat 7: dubbleoo folded before Flop
Seat 8: lisbo.feee folded before Flop (didn't bet)
Seat 9: 0RB BR0 folded before Flop (didn't bet)



PokerStars Hand #233641930007:  Hold'em No Limit ($0.01/$0.02 USD) - 2022/01/30 21:39:57 PT [2022/01/31 0:39:57 ET]
Table 'Sagitta IV' 9-max Seat #4 is the button
Seat 2: Dorex2007 ($2 in chips) 
Seat 3: *VM*727 ($1.97 in chips) 
Seat 4: U-boat101 ($2.20 in chips) 
Seat 5: Khrenya ($2.65 in chips) 
Seat 6: IvanV1 ($1.90 in chips) 
Seat 7: dubbleoo ($1.50 in chips) 
Seat 8: lisbo.feee ($1.07 in chips) 
Seat 9: 0RB BR0 ($1.25 in chips) 
Khrenya: posts small blind $0.01
IvanV1: posts big blind $0.02
*** HOLE CARDS ***
Dealt to Dorex2007 [Jc Qs]
dubbleoo: folds 
lisbo.feee: folds 
0RB BR0: folds 
Dorex2007: folds 
*VM*727: folds 
U-boat101: raises $0.04 to $0.06
Khrenya: calls $0.05
IvanV1: calls $0.04
*** FLOP *** [Ah 6s Qd]
Khrenya: checks 
IvanV1: checks 
U-boat101: bets $0.14
Khrenya: folds 
IvanV1: folds 
Uncalled bet ($0.14) returned to U-boat101
U-boat101 collected $0.17 from pot
U-boat101: doesn't show hand 
*** SUMMARY ***
Total pot $0.18 | Rake $0.01 
Board [Ah 6s Qd]
Seat 2: Dorex2007 folded before Flop (didn't bet)
Seat 3: *VM*727 folded before Flop (didn't bet)
Seat 4: U-boat101 (button) collected ($0.17)
Seat 5: Khrenya (small blind) folded on the Flop
Seat 6: IvanV1 (big blind) folded on the Flop
Seat 7: dubbleoo folded before Flop (didn't bet)
Seat 8: lisbo.feee folded before Flop (didn't bet)
Seat 9: 0RB BR0 folded before Flop (didn't bet)



PokerStars Hand #233641936321:  Hold'em No Limit ($0.01/$0.02 USD) - 2022/01/30 21:40:43 PT [2022/01/31 0:40:43 ET]
Table 'Sagitta IV' 9-max Seat #5 is the button
Seat 2: Dorex2007 ($2 in chips) 
Seat 3: *VM*727 ($1.97 in chips) 
Seat 4: U-boat101 ($2.31 in chips) 
Seat 5: Khrenya ($2.59 in chips) 
Seat 6: IvanV1 ($1.84 in chips) 
Seat 7: dubbleoo ($1.50 in chips) 
Seat 8: lisbo.feee ($1.07 in chips) 
Seat 9: 0RB BR0 ($1.25 in chips) 
IvanV1: posts small blind $0.01
dubbleoo: posts big blind $0.02
*** HOLE CARDS ***
Dealt to Dorex2007 [Jc Jd]
lisbo.feee: folds 
0RB BR0: folds 
Dorex2007: raises $0.08 to $0.10
*VM*727: folds 
U-boat101: folds 
Khrenya: folds 
IvanV1: raises $0.08 to $0.18
dubbleoo: folds 
Dorex2007: calls $0.08
*** FLOP *** [4c 5h Ks]
IvanV1: checks 
Dorex2007: bets $0.19
IvanV1: calls $0.19
*** TURN *** [4c 5h Ks] [9s]
IvanV1: checks 
Dorex2007: checks 
*** RIVER *** [4c 5h Ks 9s] [Ad]
IvanV1: bets $0.36
Dorex2007: folds 
Uncalled bet ($0.36) returned to IvanV1
IvanV1 collected $0.73 from pot
*** SUMMARY ***
Total pot $0.76 | Rake $0.03 
Board [4c 5h Ks 9s Ad]
Seat 2: Dorex2007 folded on the River
Seat 3: *VM*727 folded before Flop (didn't bet)
Seat 4: U-boat101 folded before Flop (didn't bet)
Seat 5: Khrenya (button) folded before Flop (didn't bet)
Seat 6: IvanV1 (small blind) collected ($0.73)
Seat 7: dubbleoo (big blind) folded before Flop
Seat 8: lisbo.feee folded before Flop (didn't bet)
Seat 9: 0RB BR0 folded before Flop (didn't bet)



PokerStars Hand #233641942672:  Hold'em No Limit ($0.01/$0.02 USD) - 2022/01/30 21:41:29 PT [2022/01/31 0:41:29 ET]
Table 'Sagitta IV' 9-max Seat #6 is the button
Seat 2: Dorex2007 ($2 in chips) 
Seat 3: *VM*727 ($1.97 in chips) 
Seat 4: U-boat101 ($2.31 in chips) 
Seat 5: Khrenya ($2.59 in chips) 
Seat 6: IvanV1 ($2.20 in chips) 
Seat 7: dubbleoo ($1.48 in chips) 
Seat 8: lisbo.feee ($1.07 in chips) 
Seat 9: 0RB BR0 ($1.25 in chips) 
dubbleoo: posts small blind $0.01
lisbo.feee: posts big blind $0.02
*** HOLE CARDS ***
Dealt to Dorex2007 [7h 9s]
0RB BR0: folds 
Dorex2007: folds 
*VM*727: calls $0.02
U-boat101: raises $0.04 to $0.06
Khrenya: raises $0.06 to $0.12
IvanV1: folds 
dubbleoo: folds 
lisbo.feee: calls $0.10
*VM*727: folds 
U-boat101: calls $0.06
*** FLOP *** [9h Ts Kc]
lisbo.feee: checks 
U-boat101: checks 
Khrenya: bets $0.19
lisbo.feee: calls $0.19
U-boat101: folds 
*** TURN *** [9h Ts Kc] [As]
lisbo.feee: checks 
Khrenya: checks 
*** RIVER *** [9h Ts Kc As] [2c]
lisbo.feee: checks 
Khrenya: checks 
*** SHOW DOWN ***
lisbo.feee: shows [Ah Jh] (a pair of Aces)
Khrenya: mucks hand 
lisbo.feee collected $0.74 from pot
*** SUMMARY ***
Total pot $0.77 | Rake $0.03 
Board [9h Ts Kc As 2c]
Seat 2: Dorex2007 folded before Flop (didn't bet)
Seat 3: *VM*727 folded before Flop
Seat 4: U-boat101 folded on the Flop
Seat 5: Khrenya mucked [Jc Jd]
Seat 6: IvanV1 (button) folded before Flop (didn't bet)
Seat 7: dubbleoo (small blind) folded before Flop
Seat 8: lisbo.feee (big blind) showed [Ah Jh] and won ($0.74) with a pair of Aces
Seat 9: 0RB BR0 folded before Flop (didn't bet)



PokerStars Hand #233641953912:  Hold'em No Limit ($0.01/$0.02 USD) - 2022/01/30 21:42:50 PT [2022/01/31 0:42:50 ET]
Table 'Sagitta IV' 9-max Seat #7 is the button
Seat 2: Dorex2007 ($2 in chips) 
Seat 3: *VM*727 ($1.95 in chips) 
Seat 4: U-boat101 ($2.19 in chips) 
Seat 5: Khrenya ($2.28 in chips) 
Seat 6: IvanV1 ($2.20 in chips) 
Seat 7: dubbleoo ($1.47 in chips) 
Seat 8: lisbo.feee ($1.50 in chips) 
Seat 9: 0RB BR0 ($1.25 in chips) 
lisbo.feee: posts small blind $0.01
0RB BR0: posts big blind $0.02
*** HOLE CARDS ***
Dealt to Dorex2007 [Jh 8d]
Dorex2007: folds 
*VM*727: calls $0.02
U-boat101: folds 
Khrenya: folds 
IvanV1: folds 
dubbleoo: folds 
lisbo.feee: calls $0.01
0RB BR0: checks 
*** FLOP *** [4d 7d Td]
lisbo.feee: bets $0.06
0RB BR0: folds 
*VM*727: folds 
Uncalled bet ($0.06) returned to lisbo.feee
lisbo.feee collected $0.06 from pot
lisbo.feee: doesn't show hand 
*** SUMMARY ***
Total pot $0.06 | Rake $0 
Board [4d 7d Td]
Seat 2: Dorex2007 folded before Flop (didn't bet)
Seat 3: *VM*727 folded on the Flop
Seat 4: U-boat101 folded before Flop (didn't bet)
Seat 5: Khrenya folded before Flop (didn't bet)
Seat 6: IvanV1 folded before Flop (didn't bet)
Seat 7: dubbleoo (button) folded before Flop (didn't bet)
Seat 8: lisbo.feee (small blind) collected ($0.06)
Seat 9: 0RB BR0 (big blind) folded on the Flop



PokerStars Hand #233641958847:  Hold'em No Limit ($0.01/$0.02 USD) - 2022/01/30 21:43:26 PT [2022/01/31 0:43:26 ET]
Table 'Sagitta IV' 9-max Seat #8 is the button
Seat 1: Tora1717 ($0.51 in chips) 
Seat 2: Dorex2007 ($2 in chips) 
Seat 3: *VM*727 ($1.93 in chips) 
Seat 4: U-boat101 ($2.19 in chips) 
Seat 5: Khrenya ($2.28 in chips) 
Seat 6: IvanV1 ($2.20 in chips) 
Seat 7: dubbleoo ($1.47 in chips) 
Seat 8: lisbo.feee ($1.54 in chips) 
Seat 9: 0RB BR0 ($1.23 in chips) 
0RB BR0: posts small blind $0.01
Tora1717: posts big blind $0.02
*** HOLE CARDS ***
Dealt to Dorex2007 [8s 8d]
Dorex2007: calls $0.02
*VM*727: folds 
U-boat101: folds 
Khrenya: folds 
IvanV1: folds 
dubbleoo: folds 
lisbo.feee: raises $0.06 to $0.08
0RB BR0: folds 
Tora1717: folds 
Dorex2007: calls $0.06
*** FLOP *** [8h Qh 2s]
Dorex2007: checks 
lisbo.feee: bets $0.09
Dorex2007: raises $0.15 to $0.24
lisbo.feee: calls $0.15
*** TURN *** [8h Qh 2s] [4c]
Dorex2007: bets $1.68 and is all-in
lisbo.feee: folds 
Uncalled bet ($1.68) returned to Dorex2007
Dorex2007 collected $0.65 from pot
Dorex2007: doesn't show hand 
*** SUMMARY ***
Total pot $0.67 | Rake $0.02 
Board [8h Qh 2s 4c]
Seat 1: Tora1717 (big blind) folded before Flop
Seat 2: Dorex2007 collected ($0.65)
Seat 3: *VM*727 folded before Flop (didn't bet)
Seat 4: U-boat101 folded before Flop (didn't bet)
Seat 5: Khrenya folded before Flop (didn't bet)
Seat 6: IvanV1 folded before Flop (didn't bet)
Seat 7: dubbleoo folded before Flop (didn't bet)
Seat 8: lisbo.feee (button) folded on the Turn
Seat 9: 0RB BR0 (small blind) folded before Flop



PokerStars Hand #233641966747:  Hold'em No Limit ($0.01/$0.02 USD) - 2022/01/30 21:44:23 PT [2022/01/31 0:44:23 ET]
Table 'Sagitta IV' 9-max Seat #9 is the button
Seat 1: Tora1717 ($0.49 in chips) 
Seat 2: Dorex2007 ($2.33 in chips) 
Seat 3: *VM*727 ($1.93 in chips) 
Seat 4: U-boat101 ($2.19 in chips) 
Seat 5: Khrenya ($2.28 in chips) 
Seat 6: IvanV1 ($2.20 in chips) 
Seat 7: dubbleoo ($1.47 in chips) 
Seat 8: lisbo.feee ($1.22 in chips) 
Seat 9: 0RB BR0 ($1.22 in chips) 
Tora1717: posts small blind $0.01
Dorex2007: posts big blind $0.02
*** HOLE CARDS ***
Dealt to Dorex2007 [Kh Jc]
*VM*727: folds 
U-boat101: folds 
Khrenya: folds 
IvanV1: folds 
dubbleoo: folds 
lisbo.feee: folds 
0RB BR0: raises $0.02 to $0.04
Tora1717: folds 
Dorex2007: calls $0.02
*** FLOP *** [5d Ad 8s]
Dorex2007: checks 
0RB BR0: bets $0.02
Dorex2007: folds 
Uncalled bet ($0.02) returned to 0RB BR0
0RB BR0 collected $0.09 from pot
*** SUMMARY ***
Total pot $0.09 | Rake $0 
Board [5d Ad 8s]
Seat 1: Tora1717 (small blind) folded before Flop
Seat 2: Dorex2007 (big blind) folded on the Flop
Seat 3: *VM*727 folded before Flop (didn't bet)
Seat 4: U-boat101 folded before Flop (didn't bet)
Seat 5: Khrenya folded before Flop (didn't bet)
Seat 6: IvanV1 folded before Flop (didn't bet)
Seat 7: dubbleoo folded before Flop (didn't bet)
Seat 8: lisbo.feee folded before Flop (didn't bet)
Seat 9: 0RB BR0 (button) collected ($0.09)



PokerStars Hand #233641970157:  Hold'em No Limit ($0.01/$0.02 USD) - 2022/01/30 21:44:47 PT [2022/01/31 0:44:47 ET]
Table 'Sagitta IV' 9-max Seat #1 is the button
Seat 1: Tora1717 ($0.48 in chips) 
Seat 2: Dorex2007 ($2.29 in chips) 
Seat 3: *VM*727 ($1.93 in chips) 
Seat 4: U-boat101 ($2.19 in chips) 
Seat 5: Khrenya ($2.28 in chips) 
Seat 6: IvanV1 ($2.20 in chips) 
Seat 7: dubbleoo ($1.47 in chips) 
Seat 8: lisbo.feee ($1.22 in chips) 
Seat 9: 0RB BR0 ($1.27 in chips) 
Dorex2007: posts small blind $0.01
*VM*727: posts big blind $0.02
*** HOLE CARDS ***
Dealt to Dorex2007 [4h Js]
U-boat101: raises $0.02 to $0.04
Khrenya: folds 
IvanV1: calls $0.04
dubbleoo: folds 
lisbo.feee: folds 
0RB BR0: folds 
Tora1717: folds 
Dorex2007: folds 
*VM*727: calls $0.02
*** FLOP *** [8c 8h 3d]
*VM*727: checks 
U-boat101: bets $0.13
IvanV1: calls $0.13
*VM*727: raises $1.76 to $1.89 and is all-in
U-boat101: folds 
IvanV1: folds 
Uncalled bet ($1.76) returned to *VM*727
*VM*727 collected $0.50 from pot
*VM*727: doesn't show hand 
*** SUMMARY ***
Total pot $0.52 | Rake $0.02 
Board [8c 8h 3d]
Seat 1: Tora1717 (button) folded before Flop (didn't bet)
Seat 2: Dorex2007 (small blind) folded before Flop
Seat 3: *VM*727 (big blind) collected ($0.50)
Seat 4: U-boat101 folded on the Flop
Seat 5: Khrenya folded before Flop (didn't bet)
Seat 6: IvanV1 folded on the Flop
Seat 7: dubbleoo folded before Flop (didn't bet)
Seat 8: lisbo.feee folded before Flop (didn't bet)
Seat 9: 0RB BR0 folded before Flop (didn't bet)



PokerStars Hand #233641982782:  Hold'em No Limit ($0.01/$0.02 USD) - 2022/01/30 21:45:25 PT [2022/01/31 0:45:25 ET]
Table 'Sagitta IV' 9-max Seat #2 is the button
Seat 1: Tora1717 ($0.48 in chips) 
Seat 2: Dorex2007 ($2.28 in chips) 
Seat 3: *VM*727 ($2.26 in chips) 
Seat 4: U-boat101 ($2.02 in chips) 
Seat 5: Khrenya ($2.28 in chips) 
Seat 6: IvanV1 ($2.03 in chips) 
Seat 7: dubbleoo ($1.47 in chips) 
Seat 8: lisbo.feee ($1.22 in chips) 
Seat 9: 0RB BR0 ($1.27 in chips) 
*VM*727: posts small blind $0.01
U-boat101: posts big blind $0.02
*** HOLE CARDS ***
Dealt to Dorex2007 [2d Qc]
Khrenya: folds 
IvanV1: raises $0.02 to $0.04
dubbleoo: folds 
lisbo.feee: folds 
0RB BR0: calls $0.04
Tora1717: folds 
Dorex2007: folds 
*VM*727: folds 
U-boat101: calls $0.02
*** FLOP *** [6d Js 2c]
U-boat101: bets $0.10
IvanV1: folds 
0RB BR0: folds 
Uncalled bet ($0.10) returned to U-boat101
U-boat101 collected $0.13 from pot
U-boat101: doesn't show hand 
*** SUMMARY ***
Total pot $0.13 | Rake $0 
Board [6d Js 2c]
Seat 1: Tora1717 folded before Flop (didn't bet)
Seat 2: Dorex2007 (button) folded before Flop (didn't bet)
Seat 3: *VM*727 (small blind) folded before Flop
Seat 4: U-boat101 (big blind) collected ($0.13)
Seat 5: Khrenya folded before Flop (didn't bet)
Seat 6: IvanV1 folded on the Flop
Seat 7: dubbleoo folded before Flop (didn't bet)
Seat 8: lisbo.feee folded before Flop (didn't bet)
Seat 9: 0RB BR0 folded on the Flop



PokerStars Hand #233641988023:  Hold'em No Limit ($0.01/$0.02 USD) - 2022/01/30 21:46:02 PT [2022/01/31 0:46:02 ET]
Table 'Sagitta IV' 9-max Seat #3 is the button
Seat 1: Tora1717 ($0.48 in chips) 
Seat 2: Dorex2007 ($2.28 in chips) 
Seat 3: *VM*727 ($2.25 in chips) 
Seat 4: U-boat101 ($2.11 in chips) 
Seat 5: Khrenya ($2.28 in chips) 
Seat 6: IvanV1 ($1.99 in chips) 
Seat 7: dubbleoo ($1.47 in chips) 
Seat 8: lisbo.feee ($1.22 in chips) 
Seat 9: 0RB BR0 ($1.23 in chips) 
U-boat101: posts small blind $0.01
Khrenya: posts big blind $0.02
*** HOLE CARDS ***
Dealt to Dorex2007 [Qc 7c]
IvanV1: raises $0.04 to $0.06
dubbleoo: folds 
lisbo.feee: folds 
0RB BR0: folds 
Tora1717: folds 
Dorex2007: folds 
*VM*727: calls $0.06
U-boat101: folds 
Khrenya: calls $0.04
*** FLOP *** [Ad 6h 4h]
Khrenya: bets $0.09
IvanV1: calls $0.09
*VM*727: folds 
*** TURN *** [Ad 6h 4h] [Qs]
Khrenya: checks 
IvanV1: bets $0.18
Khrenya: calls $0.18
*** RIVER *** [Ad 6h 4h Qs] [7s]
Khrenya: checks 
IvanV1: bets $0.30
Khrenya: folds 
Uncalled bet ($0.30) returned to IvanV1
IvanV1 collected $0.70 from pot
*** SUMMARY ***
Total pot $0.73 | Rake $0.03 
Board [Ad 6h 4h Qs 7s]
Seat 1: Tora1717 folded before Flop (didn't bet)
Seat 2: Dorex2007 folded before Flop (didn't bet)
Seat 3: *VM*727 (button) folded on the Flop
Seat 4: U-boat101 (small blind) folded before Flop
Seat 5: Khrenya (big blind) folded on the River
Seat 6: IvanV1 collected ($0.70)
Seat 7: dubbleoo folded before Flop (didn't bet)
Seat 8: lisbo.feee folded before Flop (didn't bet)
Seat 9: 0RB BR0 folded before Flop (didn't bet)



PokerStars Hand #233641997480:  Hold'em No Limit ($0.01/$0.02 USD) - 2022/01/30 21:47:09 PT [2022/01/31 0:47:09 ET]
Table 'Sagitta IV' 9-max Seat #4 is the button
Seat 1: Tora1717 ($0.48 in chips) 
Seat 2: Dorex2007 ($2.28 in chips) 
Seat 3: *VM*727 ($2.19 in chips) 
Seat 4: U-boat101 ($2.10 in chips) 
Seat 5: Khrenya ($1.95 in chips) 
Seat 6: IvanV1 ($2.36 in chips) 
Seat 7: dubbleoo ($1.47 in chips) 
Seat 8: lisbo.feee ($1.22 in chips) 
Seat 9: 0RB BR0 ($1.23 in chips) 
Khrenya: posts small blind $0.01
IvanV1: posts big blind $0.02
*** HOLE CARDS ***
Dealt to Dorex2007 [Ac 9h]
dubbleoo: folds 
lisbo.feee: folds 
0RB BR0: folds 
Tora1717: calls $0.02
Dorex2007: folds 
*VM*727: folds 
U-boat101: raises $0.04 to $0.06
Khrenya: calls $0.05
IvanV1: folds 
Tora1717: calls $0.04
*** FLOP *** [6d 7h Jc]
Khrenya: checks 
Tora1717: bets $0.02
U-boat101: raises $0.14 to $0.16
Khrenya: folds 
Tora1717: folds 
Uncalled bet ($0.14) returned to U-boat101
U-boat101 collected $0.23 from pot
U-boat101: doesn't show hand 
*** SUMMARY ***
Total pot $0.24 | Rake $0.01 
Board [6d 7h Jc]
Seat 1: Tora1717 folded on the Flop
Seat 2: Dorex2007 folded before Flop (didn't bet)
Seat 3: *VM*727 folded before Flop (didn't bet)
Seat 4: U-boat101 (button) collected ($0.23)
Seat 5: Khrenya (small blind) folded on the Flop
Seat 6: IvanV1 (big blind) folded before Flop
Seat 7: dubbleoo folded before Flop (didn't bet)
Seat 8: lisbo.feee folded before Flop (didn't bet)
Seat 9: 0RB BR0 folded before Flop (didn't bet)



PokerStars Hand #233642004716:  Hold'em No Limit ($0.01/$0.02 USD) - 2022/01/30 21:48:01 PT [2022/01/31 0:48:01 ET]
Table 'Sagitta IV' 9-max Seat #5 is the button
Seat 1: Tora1717 ($0.40 in chips) 
Seat 2: Dorex2007 ($2.28 in chips) 
Seat 3: *VM*727 ($2.19 in chips) 
Seat 4: U-boat101 ($2.25 in chips) 
Seat 5: Khrenya ($1.89 in chips) 
Seat 6: IvanV1 ($2.34 in chips) 
Seat 7: dubbleoo ($1.47 in chips) 
Seat 8: lisbo.feee ($1.22 in chips) 
Seat 9: 0RB BR0 ($1.23 in chips) 
IvanV1: posts small blind $0.01
dubbleoo: posts big blind $0.02
*** HOLE CARDS ***
Dealt to Dorex2007 [9d 6d]
lisbo.feee: raises $0.03 to $0.05
0RB BR0: folds 
Tora1717: raises $0.03 to $0.08
Dorex2007: folds 
*VM*727: folds 
U-boat101: folds 
Khrenya: folds 
IvanV1: folds 
dubbleoo: folds 
lisbo.feee: calls $0.03
*** FLOP *** [6c 4h Th]
lisbo.feee: checks 
Tora1717: bets $0.18
lisbo.feee: raises $0.18 to $0.36
Tora1717: calls $0.14 and is all-in
Uncalled bet ($0.04) returned to lisbo.feee
*** TURN *** [6c 4h Th] [Kh]
*** RIVER *** [6c 4h Th Kh] [Qc]
*** SHOW DOWN ***
lisbo.feee: shows [Ad Js] (a straight, Ten to Ace)
Tora1717: shows [Ks Kd] (three of a kind, Kings)
lisbo.feee collected $0.80 from pot
*** SUMMARY ***
Total pot $0.83 | Rake $0.03 
Board [6c 4h Th Kh Qc]
Seat 1: Tora1717 showed [Ks Kd] and lost with three of a kind, Kings
Seat 2: Dorex2007 folded before Flop (didn't bet)
Seat 3: *VM*727 folded before Flop (didn't bet)
Seat 4: U-boat101 folded before Flop (didn't bet)
Seat 5: Khrenya (button) folded before Flop (didn't bet)
Seat 6: IvanV1 (small blind) folded before Flop
Seat 7: dubbleoo (big blind) folded before Flop
Seat 8: lisbo.feee showed [Ad Js] and won ($0.80) with a straight, Ten to Ace
Seat 9: 0RB BR0 folded before Flop (didn't bet)



PokerStars Hand #233642011571:  Hold'em No Limit ($0.01/$0.02 USD) - 2022/01/30 21:48:51 PT [2022/01/31 0:48:51 ET]
Table 'Sagitta IV' 9-max Seat #6 is the button
Seat 2: Dorex2007 ($2.28 in chips) 
Seat 3: *VM*727 ($2.19 in chips) 
Seat 4: U-boat101 ($2.25 in chips) 
Seat 5: Khrenya ($1.89 in chips) 
Seat 6: IvanV1 ($2.33 in chips) 
Seat 7: dubbleoo ($1.45 in chips) 
Seat 8: lisbo.feee ($1.62 in chips) 
Seat 9: 0RB BR0 ($1.23 in chips) 
dubbleoo: posts small blind $0.01
lisbo.feee: posts big blind $0.02
*** HOLE CARDS ***
Dealt to Dorex2007 [3c 7h]
0RB BR0: folds 
Dorex2007: folds 
*VM*727: folds 
U-boat101: raises $0.02 to $0.04
Khrenya: folds 
IvanV1: folds 
dubbleoo: folds 
lisbo.feee: folds 
Uncalled bet ($0.02) returned to U-boat101
U-boat101 collected $0.05 from pot
U-boat101: doesn't show hand 
*** SUMMARY ***
Total pot $0.05 | Rake $0 
Seat 2: Dorex2007 folded before Flop (didn't bet)
Seat 3: *VM*727 folded before Flop (didn't bet)
Seat 4: U-boat101 collected ($0.05)
Seat 5: Khrenya folded before Flop (didn't bet)
Seat 6: IvanV1 (button) folded before Flop (didn't bet)
Seat 7: dubbleoo (small blind) folded before Flop
Seat 8: lisbo.feee (big blind) folded before Flop
Seat 9: 0RB BR0 folded before Flop (didn't bet)



PokerStars Hand #233642016288:  Hold'em No Limit ($0.01/$0.02 USD) - 2022/01/30 21:49:25 PT [2022/01/31 0:49:25 ET]
Table 'Sagitta IV' 9-max Seat #7 is the button
Seat 1: Tora1717 ($0.80 in chips) 
Seat 2: Dorex2007 ($2.28 in chips) 
Seat 3: *VM*727 ($2.19 in chips) 
Seat 4: U-boat101 ($2.28 in chips) 
Seat 5: Khrenya ($1.89 in chips) 
Seat 6: IvanV1 ($2.33 in chips) 
Seat 7: dubbleoo ($1.44 in chips) 
Seat 8: lisbo.feee ($1.60 in chips) 
Seat 9: 0RB BR0 ($1.23 in chips) 
lisbo.feee: posts small blind $0.01
0RB BR0: posts big blind $0.02
*** HOLE CARDS ***
Dealt to Dorex2007 [6h Qc]
Tora1717: folds 
Dorex2007: folds 
*VM*727: folds 
U-boat101: raises $0.02 to $0.04
Khrenya: folds 
IvanV1: folds 
dubbleoo: folds 
lisbo.feee: folds 
0RB BR0: folds 
Uncalled bet ($0.02) returned to U-boat101
U-boat101 collected $0.05 from pot
U-boat101: doesn't show hand 
*** SUMMARY ***
Total pot $0.05 | Rake $0 
Seat 1: Tora1717 folded before Flop (didn't bet)
Seat 2: Dorex2007 folded before Flop (didn't bet)
Seat 3: *VM*727 folded before Flop (didn't bet)
Seat 4: U-boat101 collected ($0.05)
Seat 5: Khrenya folded before Flop (didn't bet)
Seat 6: IvanV1 folded before Flop (didn't bet)
Seat 7: dubbleoo (button) folded before Flop (didn't bet)
Seat 8: lisbo.feee (small blind) folded before Flop
Seat 9: 0RB BR0 (big blind) folded before Flop



PokerStars Hand #233642019332:  Hold'em No Limit ($0.01/$0.02 USD) - 2022/01/30 21:49:47 PT [2022/01/31 0:49:47 ET]
Table 'Sagitta IV' 9-max Seat #8 is the button
Seat 1: Tora1717 ($0.80 in chips) 
Seat 2: Dorex2007 ($2.28 in chips) 
Seat 3: *VM*727 ($2.19 in chips) 
Seat 4: U-boat101 ($2.31 in chips) 
Seat 5: Khrenya ($1.89 in chips) 
Seat 6: IvanV1 ($2.33 in chips) 
Seat 7: dubbleoo ($1.44 in chips) 
Seat 8: lisbo.feee ($1.59 in chips) 
Seat 9: 0RB BR0 ($1.21 in chips) 
0RB BR0: posts small blind $0.01
Tora1717: posts big blind $0.02
*** HOLE CARDS ***
Dealt to Dorex2007 [4c Kh]
Dorex2007: folds 
*VM*727: folds 
U-boat101: folds 
Khrenya: raises $0.08 to $0.10
IvanV1: calls $0.10
dubbleoo: folds 
lisbo.feee: folds 
0RB BR0: folds 
Tora1717: folds 
*** FLOP *** [Js Jh 8s]
Khrenya: checks 
IvanV1: checks 
*** TURN *** [Js Jh 8s] [Ad]
Khrenya: bets $0.11
IvanV1: calls $0.11
*** RIVER *** [Js Jh 8s Ad] [Ah]
Khrenya: bets $0.27
IvanV1: calls $0.27
*** SHOW DOWN ***
Khrenya: shows [Ks Ac] (a full house, Aces full of Jacks)
IvanV1: mucks hand 
Khrenya collected $0.96 from pot
*** SUMMARY ***
Total pot $0.99 | Rake $0.03 
Board [Js Jh 8s Ad Ah]
Seat 1: Tora1717 (big blind) folded before Flop
Seat 2: Dorex2007 folded before Flop (didn't bet)
Seat 3: *VM*727 folded before Flop (didn't bet)
Seat 4: U-boat101 folded before Flop (didn't bet)
Seat 5: Khrenya showed [Ks Ac] and won ($0.96) with a full house, Aces full of Jacks
Seat 6: IvanV1 mucked [Qs Qc]
Seat 7: dubbleoo folded before Flop (didn't bet)
Seat 8: lisbo.feee (button) folded before Flop (didn't bet)
Seat 9: 0RB BR0 (small blind) folded before Flop



PokerStars Hand #233642026491:  Hold'em No Limit ($0.01/$0.02 USD) - 2022/01/30 21:50:39 PT [2022/01/31 0:50:39 ET]
Table 'Sagitta IV' 9-max Seat #9 is the button
Seat 1: Tora1717 ($0.78 in chips) 
Seat 2: Dorex2007 ($2.28 in chips) 
Seat 3: *VM*727 ($2.19 in chips) 
Seat 5: Khrenya ($2.37 in chips) 
Seat 6: IvanV1 ($1.85 in chips) 
Seat 7: dubbleoo ($1.44 in chips) 
Seat 8: lisbo.feee ($1.59 in chips) 
Seat 9: 0RB BR0 ($1.20 in chips) 
Tora1717: posts small blind $0.01
Dorex2007: posts big blind $0.02
*** HOLE CARDS ***
Dealt to Dorex2007 [3c Jd]
*VM*727: calls $0.02
Khrenya: folds 
IvanV1: folds 
dubbleoo: folds 
lisbo.feee: folds 
0RB BR0: calls $0.02
Tora1717: folds 
Dorex2007: checks 
*** FLOP *** [2s 4s 5s]
Dorex2007: checks 
*VM*727: checks 
0RB BR0: bets $0.04
Dorex2007: folds 
*VM*727: folds 
Uncalled bet ($0.04) returned to 0RB BR0
0RB BR0 collected $0.07 from pot
*** SUMMARY ***
Total pot $0.07 | Rake $0 
Board [2s 4s 5s]
Seat 1: Tora1717 (small blind) folded before Flop
Seat 2: Dorex2007 (big blind) folded on the Flop
Seat 3: *VM*727 folded on the Flop
Seat 5: Khrenya folded before Flop (didn't bet)
Seat 6: IvanV1 folded before Flop (didn't bet)
Seat 7: dubbleoo folded before Flop (didn't bet)
Seat 8: lisbo.feee folded before Flop (didn't bet)
Seat 9: 0RB BR0 (button) collected ($0.07)



PokerStars Hand #233642031066:  Hold'em No Limit ($0.01/$0.02 USD) - 2022/01/30 21:51:12 PT [2022/01/31 0:51:12 ET]
Table 'Sagitta IV' 9-max Seat #1 is the button
Seat 1: Tora1717 ($0.77 in chips) 
Seat 2: Dorex2007 ($2.26 in chips) 
Seat 3: *VM*727 ($2.17 in chips) 
Seat 5: Khrenya ($2.37 in chips) 
Seat 6: IvanV1 ($1.85 in chips) 
Seat 7: dubbleoo ($1.44 in chips) 
Seat 8: lisbo.feee ($1.59 in chips) 
Seat 9: 0RB BR0 ($1.25 in chips) 
Dorex2007: posts small blind $0.01
*VM*727: posts big blind $0.02
*** HOLE CARDS ***
Dealt to Dorex2007 [6c 8d]
Khrenya: folds 
IvanV1: raises $0.02 to $0.04
dubbleoo: calls $0.04
lisbo.feee: folds 
0RB BR0: folds 
Tora1717: folds 
Dorex2007: folds 
*VM*727: folds 
*** FLOP *** [6d 7h 6s]
IvanV1: checks 
dubbleoo: checks 
*** TURN *** [6d 7h 6s] [Tc]
IvanV1: checks 
dubbleoo: checks 
*** RIVER *** [6d 7h 6s Tc] [Jh]
IvanV1: checks 
dubbleoo: bets $0.02
IvanV1: folds 
Uncalled bet ($0.02) returned to dubbleoo
dubbleoo collected $0.11 from pot
dubbleoo: doesn't show hand 
*** SUMMARY ***
Total pot $0.11 | Rake $0 
Board [6d 7h 6s Tc Jh]
Seat 1: Tora1717 (button) folded before Flop (didn't bet)
Seat 2: Dorex2007 (small blind) folded before Flop
Seat 3: *VM*727 (big blind) folded before Flop
Seat 5: Khrenya folded before Flop (didn't bet)
Seat 6: IvanV1 folded on the River
Seat 7: dubbleoo collected ($0.11)
Seat 8: lisbo.feee folded before Flop (didn't bet)
Seat 9: 0RB BR0 folded before Flop (didn't bet)



PokerStars Hand #233642039245:  Hold'em No Limit ($0.01/$0.02 USD) - 2022/01/30 21:52:12 PT [2022/01/31 0:52:12 ET]
Table 'Sagitta IV' 9-max Seat #2 is the button
Seat 1: Tora1717 ($0.77 in chips) 
Seat 2: Dorex2007 ($2.25 in chips) 
Seat 3: *VM*727 ($2.15 in chips) 
Seat 4: U-boat101 ($2.31 in chips) 
Seat 5: Khrenya ($2.37 in chips) 
Seat 6: IvanV1 ($1.81 in chips) 
Seat 7: dubbleoo ($1.51 in chips) 
Seat 8: lisbo.feee ($1.59 in chips) 
Seat 9: 0RB BR0 ($1.25 in chips) 
*VM*727: posts small blind $0.01
U-boat101: posts big blind $0.02
*** HOLE CARDS ***
Dealt to Dorex2007 [3s Jc]
Khrenya: folds 
IvanV1: folds 
dubbleoo: folds 
lisbo.feee: folds 
0RB BR0: folds 
Tora1717: folds 
Dorex2007: folds 
*VM*727: folds 
Uncalled bet ($0.01) returned to U-boat101
U-boat101 collected $0.02 from pot
U-boat101: doesn't show hand 
*** SUMMARY ***
Total pot $0.02 | Rake $0 
Seat 1: Tora1717 folded before Flop (didn't bet)
Seat 2: Dorex2007 (button) folded before Flop (didn't bet)
Seat 3: *VM*727 (small blind) folded before Flop
Seat 4: U-boat101 (big blind) collected ($0.02)
Seat 5: Khrenya folded before Flop (didn't bet)
Seat 6: IvanV1 folded before Flop (didn't bet)
Seat 7: dubbleoo folded before Flop (didn't bet)
Seat 8: lisbo.feee folded before Flop (didn't bet)
Seat 9: 0RB BR0 folded before Flop (didn't bet)



PokerStars Hand #233642041286:  Hold'em No Limit ($0.01/$0.02 USD) - 2022/01/30 21:52:27 PT [2022/01/31 0:52:27 ET]
Table 'Sagitta IV' 9-max Seat #3 is the button
Seat 1: Tora1717 ($0.77 in chips) 
Seat 2: Dorex2007 ($2.25 in chips) 
Seat 3: *VM*727 ($2.14 in chips) 
Seat 4: U-boat101 ($2.32 in chips) 
Seat 5: Khrenya ($2.37 in chips) 
Seat 6: IvanV1 ($1.81 in chips) 
Seat 7: dubbleoo ($1.51 in chips) 
Seat 8: lisbo.feee ($1.59 in chips) 
Seat 9: 0RB BR0 ($1.25 in chips) 
U-boat101: posts small blind $0.01
Khrenya: posts big blind $0.02
*** HOLE CARDS ***
Dealt to Dorex2007 [6s Ah]
IvanV1: raises $0.02 to $0.04
dubbleoo: folds 
lisbo.feee: folds 
0RB BR0: folds 
Tora1717: folds 
Dorex2007: folds 
*VM*727: folds 
U-boat101: calls $0.03
Khrenya: raises $0.16 to $0.20
IvanV1: folds 
U-boat101: calls $0.16
*** FLOP *** [3s 2d 7h]
U-boat101: checks 
Khrenya: bets $0.21
U-boat101: calls $0.21
*** TURN *** [3s 2d 7h] [Kd]
U-boat101: checks 
Khrenya: checks 
*** RIVER *** [3s 2d 7h Kd] [As]
U-boat101: bets $0.83
Khrenya: calls $0.83
*** SHOW DOWN ***
U-boat101: shows [6h 8d] (high card Ace)
Khrenya: shows [Qc Qd] (a pair of Queens)
Khrenya collected $2.43 from pot
*** SUMMARY ***
Total pot $2.52 | Rake $0.09 
Board [3s 2d 7h Kd As]
Seat 1: Tora1717 folded before Flop (didn't bet)
Seat 2: Dorex2007 folded before Flop (didn't bet)
Seat 3: *VM*727 (button) folded before Flop (didn't bet)
Seat 4: U-boat101 (small blind) showed [6h 8d] and lost with high card Ace
Seat 5: Khrenya (big blind) showed [Qc Qd] and won ($2.43) with a pair of Queens
Seat 6: IvanV1 folded before Flop
Seat 7: dubbleoo folded before Flop (didn't bet)
Seat 8: lisbo.feee folded before Flop (didn't bet)
Seat 9: 0RB BR0 folded before Flop (didn't bet)



PokerStars Hand #233642051412:  Hold'em No Limit ($0.01/$0.02 USD) - 2022/01/30 21:53:41 PT [2022/01/31 0:53:41 ET]
Table 'Sagitta IV' 9-max Seat #4 is the button
Seat 2: Dorex2007 ($2.25 in chips) 
Seat 3: *VM*727 ($2.14 in chips) 
Seat 4: U-boat101 ($1.08 in chips) 
Seat 5: Khrenya ($3.56 in chips) 
Seat 6: IvanV1 ($1.77 in chips) 
Seat 7: dubbleoo ($1.51 in chips) 
Seat 8: lisbo.feee ($1.59 in chips) 
Seat 9: 0RB BR0 ($1.25 in chips) 
Khrenya: posts small blind $0.01
IvanV1: posts big blind $0.02
*** HOLE CARDS ***
Dealt to Dorex2007 [3s As]
dubbleoo: folds 
lisbo.feee: raises $0.03 to $0.05
0RB BR0: folds 
Dorex2007: folds 
*VM*727: folds 
U-boat101: calls $0.05
Khrenya: folds 
IvanV1: raises $0.03 to $0.08
lisbo.feee: calls $0.03
U-boat101: calls $0.03
*** FLOP *** [2d 5d Qd]
IvanV1: bets $0.12
lisbo.feee: calls $0.12
U-boat101: calls $0.12
*** TURN *** [2d 5d Qd] [6d]
IvanV1: checks 
lisbo.feee: bets $0.29
U-boat101: raises $0.59 to $0.88 and is all-in
IvanV1: raises $0.59 to $1.47
lisbo.feee: folds 
Uncalled bet ($0.59) returned to IvanV1
*** RIVER *** [2d 5d Qd 6d] [7c]
*** SHOW DOWN ***
IvanV1: shows [Jc Ad] (a flush, Ace high)
U-boat101: shows [Ts Kd] (a flush, King high)
IvanV1 collected $2.57 from pot
*** SUMMARY ***
Total pot $2.66 | Rake $0.09 
Board [2d 5d Qd 6d 7c]
Seat 2: Dorex2007 folded before Flop (didn't bet)
Seat 3: *VM*727 folded before Flop (didn't bet)
Seat 4: U-boat101 (button) showed [Ts Kd] and lost with a flush, King high
Seat 5: Khrenya (small blind) folded before Flop
Seat 6: IvanV1 (big blind) showed [Jc Ad] and won ($2.57) with a flush, Ace high
Seat 7: dubbleoo folded before Flop (didn't bet)
Seat 8: lisbo.feee folded on the Turn
Seat 9: 0RB BR0 folded before Flop (didn't bet)



PokerStars Hand #233642059609:  Hold'em No Limit ($0.01/$0.02 USD) - 2022/01/30 21:54:41 PT [2022/01/31 0:54:41 ET]
Table 'Sagitta IV' 9-max Seat #5 is the button
Seat 2: Dorex2007 ($2.25 in chips) 
Seat 3: *VM*727 ($2.14 in chips) 
Seat 4: U-boat101 ($0.92 in chips) 
Seat 5: Khrenya ($3.55 in chips) 
Seat 6: IvanV1 ($3.26 in chips) 
Seat 7: dubbleoo ($1.51 in chips) 
Seat 8: lisbo.feee ($1.10 in chips) 
Seat 9: 0RB BR0 ($1.25 in chips) 
IvanV1: posts small blind $0.01
dubbleoo: posts big blind $0.02
*** HOLE CARDS ***
Dealt to Dorex2007 [3h 8d]
lisbo.feee: folds 
0RB BR0: folds 
Dorex2007: folds 
*VM*727: folds 
U-boat101: raises $0.04 to $0.06
Khrenya: folds 
IvanV1: calls $0.05
dubbleoo: folds 
*** FLOP *** [Qc Qs 5h]
IvanV1: checks 
U-boat101: bets $0.14
IvanV1: folds 
Uncalled bet ($0.14) returned to U-boat101
U-boat101 collected $0.14 from pot
U-boat101: doesn't show hand 
*** SUMMARY ***
Total pot $0.14 | Rake $0 
Board [Qc Qs 5h]
Seat 2: Dorex2007 folded before Flop (didn't bet)
Seat 3: *VM*727 folded before Flop (didn't bet)
Seat 4: U-boat101 collected ($0.14)
Seat 5: Khrenya (button) folded before Flop (didn't bet)
Seat 6: IvanV1 (small blind) folded on the Flop
Seat 7: dubbleoo (big blind) folded before Flop
Seat 8: lisbo.feee folded before Flop (didn't bet)
Seat 9: 0RB BR0 folded before Flop (didn't bet)



PokerStars Hand #233642063562:  Hold'em No Limit ($0.01/$0.02 USD) - 2022/01/30 21:55:09 PT [2022/01/31 0:55:09 ET]
Table 'Sagitta IV' 9-max Seat #6 is the button
Seat 2: Dorex2007 ($2.25 in chips) 
Seat 3: *VM*727 ($2.14 in chips) 
Seat 4: U-boat101 ($1 in chips) 
Seat 5: Khrenya ($3.55 in chips) 
Seat 6: IvanV1 ($3.20 in chips) 
Seat 7: dubbleoo ($1.49 in chips) 
Seat 8: lisbo.feee ($1.10 in chips) 
Seat 9: 0RB BR0 ($1.25 in chips) 
dubbleoo: posts small blind $0.01
lisbo.feee: posts big blind $0.02
*** HOLE CARDS ***
Dealt to Dorex2007 [Jd 5h]
0RB BR0: folds 
Dorex2007: folds 
*VM*727: raises $0.35 to $0.37
U-boat101: folds 
Khrenya: folds 
IvanV1: folds 
dubbleoo: folds 
lisbo.feee: folds 
Uncalled bet ($0.35) returned to *VM*727
*VM*727 collected $0.05 from pot
*VM*727: doesn't show hand 
*** SUMMARY ***
Total pot $0.05 | Rake $0 
Seat 2: Dorex2007 folded before Flop (didn't bet)
Seat 3: *VM*727 collected ($0.05)
Seat 4: U-boat101 folded before Flop (didn't bet)
Seat 5: Khrenya folded before Flop (didn't bet)
Seat 6: IvanV1 (button) folded before Flop (didn't bet)
Seat 7: dubbleoo (small blind) folded before Flop
Seat 8: lisbo.feee (big blind) folded before Flop
Seat 9: 0RB BR0 folded before Flop (didn't bet)



PokerStars Hand #233642066786:  Hold'em No Limit ($0.01/$0.02 USD) - 2022/01/30 21:55:35 PT [2022/01/31 0:55:35 ET]
Table 'Sagitta IV' 9-max Seat #7 is the button
Seat 2: Dorex2007 ($2.25 in chips) 
Seat 3: *VM*727 ($2.17 in chips) 
Seat 4: U-boat101 ($2 in chips) 
Seat 5: Khrenya ($3.55 in chips) 
Seat 6: IvanV1 ($3.20 in chips) 
Seat 7: dubbleoo ($1.48 in chips) 
Seat 8: lisbo.feee ($1.08 in chips) 
Seat 9: 0RB BR0 ($1.25 in chips) 
lisbo.feee: posts small blind $0.01
0RB BR0: posts big blind $0.02
*** HOLE CARDS ***
Dealt to Dorex2007 [3c 7c]
Dorex2007: folds 
*VM*727: calls $0.02
U-boat101: folds 
Khrenya: folds 
IvanV1: folds 
dubbleoo: raises $0.02 to $0.04
lisbo.feee: calls $0.03
0RB BR0: calls $0.02
*VM*727: calls $0.02
*** FLOP *** [3s 6c Jh]
lisbo.feee: bets $0.07
0RB BR0: calls $0.07
*VM*727: folds 
dubbleoo: folds 
*** TURN *** [3s 6c Jh] [4h]
lisbo.feee: bets $0.14
0RB BR0: folds [Jc]
Uncalled bet ($0.14) returned to lisbo.feee
lisbo.feee collected $0.29 from pot
lisbo.feee: doesn't show hand 
*** SUMMARY ***
Total pot $0.30 | Rake $0.01 
Board [3s 6c Jh 4h]
Seat 2: Dorex2007 folded before Flop (didn't bet)
Seat 3: *VM*727 folded on the Flop
Seat 4: U-boat101 folded before Flop (didn't bet)
Seat 5: Khrenya folded before Flop (didn't bet)
Seat 6: IvanV1 folded before Flop (didn't bet)
Seat 7: dubbleoo (button) folded on the Flop
Seat 8: lisbo.feee (small blind) collected ($0.29)
Seat 9: 0RB BR0 (big blind) folded on the Turn



PokerStars Hand #233642073350:  Hold'em No Limit ($0.01/$0.02 USD) - 2022/01/30 21:56:27 PT [2022/01/31 0:56:27 ET]
Table 'Sagitta IV' 9-max Seat #8 is the button
Seat 1: Tora1717 ($0.77 in chips) 
Seat 2: Dorex2007 ($2.25 in chips) 
Seat 3: *VM*727 ($2.13 in chips) 
Seat 4: U-boat101 ($2 in chips) 
Seat 5: Khrenya ($3.55 in chips) 
Seat 6: IvanV1 ($3.20 in chips) 
Seat 7: dubbleoo ($1.44 in chips) 
Seat 8: lisbo.feee ($1.26 in chips) 
Seat 9: 0RB BR0 ($1.14 in chips) 
0RB BR0: posts small blind $0.01
Tora1717: posts big blind $0.02
*** HOLE CARDS ***
Dealt to Dorex2007 [3c Qd]
Dorex2007: folds 
*VM*727: folds 
U-boat101: folds 
Khrenya: folds 
*VM*727 leaves the table
IvanV1: folds 
goalie39 joins the table at seat #3 
dubbleoo: folds 
lisbo.feee: folds 
0RB BR0: calls $0.01
Tora1717: checks 
*** FLOP *** [8s 8h 4c]
0RB BR0: bets $0.02
Tora1717: folds 
Uncalled bet ($0.02) returned to 0RB BR0
0RB BR0 collected $0.04 from pot
*** SUMMARY ***
Total pot $0.04 | Rake $0 
Board [8s 8h 4c]
Seat 1: Tora1717 (big blind) folded on the Flop
Seat 2: Dorex2007 folded before Flop (didn't bet)
Seat 3: *VM*727 folded before Flop (didn't bet)
Seat 4: U-boat101 folded before Flop (didn't bet)
Seat 5: Khrenya folded before Flop (didn't bet)
Seat 6: IvanV1 folded before Flop (didn't bet)
Seat 7: dubbleoo folded before Flop (didn't bet)
Seat 8: lisbo.feee (button) folded before Flop (didn't bet)
Seat 9: 0RB BR0 (small blind) collected ($0.04)



PokerStars Hand #233642078041:  Hold'em No Limit ($0.01/$0.02 USD) - 2022/01/30 21:57:06 PT [2022/01/31 0:57:06 ET]
Table 'Sagitta IV' 9-max Seat #9 is the button
Seat 1: Tora1717 ($0.75 in chips) 
Seat 2: Dorex2007 ($2.25 in chips) 
Seat 3: goalie39 ($1.60 in chips) 
Seat 4: U-boat101 ($2 in chips) 
Seat 5: Khrenya ($3.55 in chips) 
Seat 6: IvanV1 ($3.20 in chips) 
Seat 7: dubbleoo ($1.44 in chips) 
Seat 8: lisbo.feee ($1.26 in chips) 
Seat 9: 0RB BR0 ($1.16 in chips) 
Tora1717: posts small blind $0.01
Dorex2007: posts big blind $0.02
goalie39: posts big blind $0.02
*** HOLE CARDS ***
Dealt to Dorex2007 [4c Ah]
goalie39: checks 
U-boat101: folds 
Khrenya: folds 
IvanV1: folds 
dubbleoo: folds 
lisbo.feee: folds 
0RB BR0: calls $0.02
Tora1717: calls $0.01
Dorex2007: checks 
*** FLOP *** [5c Qs 9s]
Tora1717: checks 
Dorex2007: checks 
goalie39: checks 
0RB BR0: bets $0.04
Tora1717: folds 
Dorex2007: folds 
goalie39: folds 
Uncalled bet ($0.04) returned to 0RB BR0
0RB BR0 collected $0.08 from pot
*** SUMMARY ***
Total pot $0.08 | Rake $0 
Board [5c Qs 9s]
Seat 1: Tora1717 (small blind) folded on the Flop
Seat 2: Dorex2007 (big blind) folded on the Flop
Seat 3: goalie39 folded on the Flop (didn't bet)
Seat 4: U-boat101 folded before Flop (didn't bet)
Seat 5: Khrenya folded before Flop (didn't bet)
Seat 6: IvanV1 folded before Flop (didn't bet)
Seat 7: dubbleoo folded before Flop (didn't bet)
Seat 8: lisbo.feee folded before Flop (didn't bet)
Seat 9: 0RB BR0 (button) collected ($0.08)



PokerStars Hand #233642082705:  Hold'em No Limit ($0.01/$0.02 USD) - 2022/01/30 21:57:45 PT [2022/01/31 0:57:45 ET]
Table 'Sagitta IV' 9-max Seat #1 is the button
Seat 1: Tora1717 ($0.73 in chips) 
Seat 2: Dorex2007 ($2.23 in chips) 
Seat 3: goalie39 ($1.58 in chips) 
Seat 4: U-boat101 ($2 in chips) 
Seat 5: Khrenya ($3.55 in chips) 
Seat 6: IvanV1 ($3.20 in chips) 
Seat 7: dubbleoo ($1.44 in chips) 
Seat 8: lisbo.feee ($1.26 in chips) 
Seat 9: 0RB BR0 ($1.22 in chips) 
Dorex2007: posts small blind $0.01
goalie39: posts big blind $0.02
*** HOLE CARDS ***
Dealt to Dorex2007 [7h 8s]
U-boat101: folds 
Khrenya: folds 
IvanV1: folds 
dubbleoo: folds 
lisbo.feee: raises $0.03 to $0.05
0RB BR0: calls $0.05
Tora1717: folds 
Dorex2007: folds 
goalie39: folds 
*** FLOP *** [9d Ks Qc]
lisbo.feee: bets $0.06
0RB BR0: calls $0.06
*** TURN *** [9d Ks Qc] [2c]
lisbo.feee: bets $0.12
0RB BR0: calls $0.12
*** RIVER *** [9d Ks Qc 2c] [Jc]
lisbo.feee: bets $0.23
0RB BR0: calls $0.23
*** SHOW DOWN ***
lisbo.feee: shows [Th Ah] (a straight, Ten to Ace)
0RB BR0: mucks hand 
lisbo.feee collected $0.92 from pot
*** SUMMARY ***
Total pot $0.95 | Rake $0.03 
Board [9d Ks Qc 2c Jc]
Seat 1: Tora1717 (button) folded before Flop (didn't bet)
Seat 2: Dorex2007 (small blind) folded before Flop
Seat 3: goalie39 (big blind) folded before Flop
Seat 4: U-boat101 folded before Flop (didn't bet)
Seat 5: Khrenya folded before Flop (didn't bet)
Seat 6: IvanV1 folded before Flop (didn't bet)
Seat 7: dubbleoo folded before Flop (didn't bet)
Seat 8: lisbo.feee showed [Th Ah] and won ($0.92) with a straight, Ten to Ace
Seat 9: 0RB BR0 mucked [Jh Kc]



PokerStars Hand #233642087953:  Hold'em No Limit ($0.01/$0.02 USD) - 2022/01/30 21:58:29 PT [2022/01/31 0:58:29 ET]
Table 'Sagitta IV' 9-max Seat #2 is the button
Seat 1: Tora1717 ($0.73 in chips) 
Seat 2: Dorex2007 ($2.22 in chips) 
Seat 3: goalie39 ($1.56 in chips) 
Seat 4: U-boat101 ($2 in chips) 
Seat 5: Khrenya ($3.55 in chips) 
Seat 6: IvanV1 ($3.20 in chips) 
Seat 7: dubbleoo ($1.44 in chips) 
Seat 8: lisbo.feee ($1.72 in chips) 
Seat 9: 0RB BR0 ($0.76 in chips) 
goalie39: posts small blind $0.01
U-boat101: posts big blind $0.02
*** HOLE CARDS ***
Dealt to Dorex2007 [3h Jc]
Khrenya: folds 
IvanV1: folds 
dubbleoo: raises $0.02 to $0.04
lisbo.feee: folds 
0RB BR0: folds 
Tora1717: calls $0.04
Dorex2007: folds 
goalie39: folds 
U-boat101: calls $0.02
*** FLOP *** [7s Qd 9s]
U-boat101: checks 
dubbleoo: checks 
Tora1717: checks 
*** TURN *** [7s Qd 9s] [4s]
U-boat101: checks 
dubbleoo: bets $0.06
Tora1717: folds 
U-boat101: folds 
Uncalled bet ($0.06) returned to dubbleoo
dubbleoo collected $0.13 from pot
dubbleoo: doesn't show hand 
*** SUMMARY ***
Total pot $0.13 | Rake $0 
Board [7s Qd 9s 4s]
Seat 1: Tora1717 folded on the Turn
Seat 2: Dorex2007 (button) folded before Flop (didn't bet)
Seat 3: goalie39 (small blind) folded before Flop
Seat 4: U-boat101 (big blind) folded on the Turn
Seat 5: Khrenya folded before Flop (didn't bet)
Seat 6: IvanV1 folded before Flop (didn't bet)
Seat 7: dubbleoo collected ($0.13)
Seat 8: lisbo.feee folded before Flop (didn't bet)
Seat 9: 0RB BR0 folded before Flop (didn't bet)



PokerStars Hand #233642094316:  Hold'em No Limit ($0.01/$0.02 USD) - 2022/01/30 21:59:23 PT [2022/01/31 0:59:23 ET]
Table 'Sagitta IV' 9-max Seat #3 is the button
Seat 1: Tora1717 ($0.69 in chips) 
Seat 2: Dorex2007 ($2.22 in chips) 
Seat 3: goalie39 ($1.55 in chips) 
Seat 4: U-boat101 ($1.96 in chips) 
Seat 5: Khrenya ($3.55 in chips) 
Seat 6: IvanV1 ($3.20 in chips) 
Seat 7: dubbleoo ($1.53 in chips) 
Seat 8: lisbo.feee ($1.72 in chips) 
Seat 9: 0RB BR0 ($0.76 in chips) 
U-boat101: posts small blind $0.01
Khrenya: posts big blind $0.02
*** HOLE CARDS ***
Dealt to Dorex2007 [2c Tc]
IvanV1 has timed out
IvanV1: folds 
dubbleoo: folds 
lisbo.feee: folds 
0RB BR0: folds 
Tora1717: folds 
Dorex2007: folds 
goalie39: raises $0.04 to $0.06
U-boat101: folds 
Khrenya: folds 
Uncalled bet ($0.04) returned to goalie39
goalie39 collected $0.05 from pot
goalie39: doesn't show hand 
*** SUMMARY ***
Total pot $0.05 | Rake $0 
Seat 1: Tora1717 folded before Flop (didn't bet)
Seat 2: Dorex2007 folded before Flop (didn't bet)
Seat 3: goalie39 (button) collected ($0.05)
Seat 4: U-boat101 (small blind) folded before Flop
Seat 5: Khrenya (big blind) folded before Flop
Seat 6: IvanV1 folded before Flop (didn't bet)
Seat 7: dubbleoo folded before Flop (didn't bet)
Seat 8: lisbo.feee folded before Flop (didn't bet)
Seat 9: 0RB BR0 folded before Flop (didn't bet)



PokerStars Hand #233642100586:  Hold'em No Limit ($0.01/$0.02 USD) - 2022/01/30 21:59:54 PT [2022/01/31 0:59:54 ET]
Table 'Sagitta IV' 9-max Seat #4 is the button
Seat 1: Tora1717 ($0.69 in chips) 
Seat 2: Dorex2007 ($2.22 in chips) 
Seat 3: goalie39 ($1.58 in chips) 
Seat 4: U-boat101 ($1.95 in chips) 
Seat 5: Khrenya ($3.53 in chips) 
Seat 6: IvanV1 ($3.20 in chips) 
Seat 7: dubbleoo ($1.53 in chips) 
Seat 8: lisbo.feee ($1.72 in chips) 
Seat 9: 0RB BR0 ($0.76 in chips) 
Khrenya: posts small blind $0.01
IvanV1: posts big blind $0.02
*** HOLE CARDS ***
Dealt to Dorex2007 [4c 5h]
dubbleoo: folds 
lisbo.feee: folds 
0RB BR0: folds 
Tora1717: folds 
Dorex2007: folds 
goalie39: folds 
U-boat101: raises $0.04 to $0.06
Khrenya: folds 
IvanV1: calls $0.04
*** FLOP *** [5d 7c 9s]
IvanV1: checks 
U-boat101: bets $0.07
IvanV1: folds 
Uncalled bet ($0.07) returned to U-boat101
U-boat101 collected $0.13 from pot
U-boat101: doesn't show hand 
*** SUMMARY ***
Total pot $0.13 | Rake $0 
Board [5d 7c 9s]
Seat 1: Tora1717 folded before Flop (didn't bet)
Seat 2: Dorex2007 folded before Flop (didn't bet)
Seat 3: goalie39 folded before Flop (didn't bet)
Seat 4: U-boat101 (button) collected ($0.13)
Seat 5: Khrenya (small blind) folded before Flop
Seat 6: IvanV1 (big blind) folded on the Flop
Seat 7: dubbleoo folded before Flop (didn't bet)
Seat 8: lisbo.feee folded before Flop (didn't bet)
Seat 9: 0RB BR0 folded before Flop (didn't bet)



PokerStars Hand #233642103797:  Hold'em No Limit ($0.01/$0.02 USD) - 2022/01/30 22:00:21 PT [2022/01/31 1:00:21 ET]
Table 'Sagitta IV' 9-max Seat #5 is the button
Seat 1: Tora1717 ($0.69 in chips) 
Seat 2: Dorex2007 ($2.22 in chips) 
Seat 3: goalie39 ($1.58 in chips) 
Seat 4: U-boat101 ($2.02 in chips) 
Seat 5: Khrenya ($3.52 in chips) 
Seat 6: IvanV1 ($3.14 in chips) 
Seat 7: dubbleoo ($1.53 in chips) 
Seat 8: lisbo.feee ($1.72 in chips) 
Seat 9: 0RB BR0 ($0.76 in chips) 
IvanV1: posts small blind $0.01
dubbleoo: posts big blind $0.02
*** HOLE CARDS ***
Dealt to Dorex2007 [5d 2s]
lisbo.feee: folds 
0RB BR0: folds 
Tora1717: calls $0.02
Dorex2007: folds 
goalie39: folds 
U-boat101: calls $0.02
Khrenya: raises $0.08 to $0.10
IvanV1: folds 
dubbleoo: folds 
Tora1717: calls $0.08
U-boat101: calls $0.08
*** FLOP *** [3s 9h 5h]
Tora1717: bets $0.02
U-boat101: raises $0.11 to $0.13
Khrenya: calls $0.13
Tora1717: folds 
*** TURN *** [3s 9h 5h] [Js]
U-boat101: checks 
Khrenya: bets $0.33
U-boat101: calls $0.33
*** RIVER *** [3s 9h 5h Js] [4c]
U-boat101: checks 
Khrenya: bets $0.61
U-boat101: folds 
Uncalled bet ($0.61) returned to Khrenya
Khrenya collected $1.23 from pot
Khrenya: doesn't show hand 
*** SUMMARY ***
Total pot $1.27 | Rake $0.04 
Board [3s 9h 5h Js 4c]
Seat 1: Tora1717 folded on the Flop
Seat 2: Dorex2007 folded before Flop (didn't bet)
Seat 3: goalie39 folded before Flop (didn't bet)
Seat 4: U-boat101 folded on the River
Seat 5: Khrenya (button) collected ($1.23)
Seat 6: IvanV1 (small blind) folded before Flop
Seat 7: dubbleoo (big blind) folded before Flop
Seat 8: lisbo.feee folded before Flop (didn't bet)
Seat 9: 0RB BR0 folded before Flop (didn't bet)



PokerStars Hand #233642114767:  Hold'em No Limit ($0.01/$0.02 USD) - 2022/01/30 22:01:47 PT [2022/01/31 1:01:47 ET]
Table 'Sagitta IV' 9-max Seat #6 is the button
Seat 1: Tora1717 ($0.57 in chips) 
Seat 2: Dorex2007 ($2.22 in chips) 
Seat 3: goalie39 ($1.58 in chips) 
Seat 4: U-boat101 ($1.46 in chips) 
Seat 5: Khrenya ($4.19 in chips) 
Seat 6: IvanV1 ($3.13 in chips) 
Seat 7: dubbleoo ($1.51 in chips) 
Seat 8: lisbo.feee ($1.72 in chips) 
Seat 9: 0RB BR0 ($0.76 in chips) 
dubbleoo: posts small blind $0.01
lisbo.feee: posts big blind $0.02
*** HOLE CARDS ***
Dealt to Dorex2007 [Qc 5s]
0RB BR0: folds 
Tora1717: folds 
Dorex2007: folds 
goalie39: folds 
U-boat101: raises $0.04 to $0.06
Khrenya: folds 
IvanV1: folds 
dubbleoo: calls $0.05
lisbo.feee: folds 
*** FLOP *** [Js 4h 3d]
dubbleoo: bets $0.06
U-boat101: calls $0.06
*** TURN *** [Js 4h 3d] [3h]
dubbleoo: bets $0.08
U-boat101: calls $0.08
*** RIVER *** [Js 4h 3d 3h] [2s]
dubbleoo: checks 
U-boat101: checks 
*** SHOW DOWN ***
dubbleoo: shows [9h 9c] (two pair, Nines and Threes)
U-boat101: mucks hand 
dubbleoo collected $0.41 from pot
*** SUMMARY ***
Total pot $0.42 | Rake $0.01 
Board [Js 4h 3d 3h 2s]
Seat 1: Tora1717 folded before Flop (didn't bet)
Seat 2: Dorex2007 folded before Flop (didn't bet)
Seat 3: goalie39 folded before Flop (didn't bet)
Seat 4: U-boat101 mucked [Ah Qs]
Seat 5: Khrenya folded before Flop (didn't bet)
Seat 6: IvanV1 (button) folded before Flop (didn't bet)
Seat 7: dubbleoo (small blind) showed [9h 9c] and won ($0.41) with two pair, Nines and Threes
Seat 8: lisbo.feee (big blind) folded before Flop
Seat 9: 0RB BR0 folded before Flop (didn't bet)



PokerStars Hand #233642122661:  Hold'em No Limit ($0.01/$0.02 USD) - 2022/01/30 22:02:47 PT [2022/01/31 1:02:47 ET]
Table 'Sagitta IV' 9-max Seat #7 is the button
Seat 1: Tora1717 ($0.57 in chips) 
Seat 2: Dorex2007 ($2.22 in chips) 
Seat 3: goalie39 ($1.58 in chips) 
Seat 4: U-boat101 ($1.80 in chips) 
Seat 5: Khrenya ($4.19 in chips) 
Seat 6: IvanV1 ($3.13 in chips) 
Seat 7: dubbleoo ($1.72 in chips) 
Seat 8: lisbo.feee ($1.70 in chips) 
Seat 9: 0RB BR0 ($0.76 in chips) 
lisbo.feee: posts small blind $0.01
0RB BR0: posts big blind $0.02
*** HOLE CARDS ***
Dealt to Dorex2007 [7d 3d]
Tora1717: folds 
Dorex2007: folds 
goalie39: calls $0.02
U-boat101: folds 
Khrenya: folds 
IvanV1: folds 
dubbleoo: folds 
lisbo.feee: folds 
0RB BR0: checks 
*** FLOP *** [9d Kc Ac]
0RB BR0: checks 
goalie39: checks 
*** TURN *** [9d Kc Ac] [Kd]
0RB BR0: bets $0.02
goalie39: calls $0.02
*** RIVER *** [9d Kc Ac Kd] [7s]
0RB BR0: bets $0.02
goalie39: calls $0.02
*** SHOW DOWN ***
0RB BR0: shows [7h 6d] (two pair, Kings and Sevens)
goalie39: shows [As 5s] (two pair, Aces and Kings)
goalie39 collected $0.13 from pot
*** SUMMARY ***
Total pot $0.13 | Rake $0 
Board [9d Kc Ac Kd 7s]
Seat 1: Tora1717 folded before Flop (didn't bet)
Seat 2: Dorex2007 folded before Flop (didn't bet)
Seat 3: goalie39 showed [As 5s] and won ($0.13) with two pair, Aces and Kings
Seat 4: U-boat101 folded before Flop (didn't bet)
Seat 5: Khrenya folded before Flop (didn't bet)
Seat 6: IvanV1 folded before Flop (didn't bet)
Seat 7: dubbleoo (button) folded before Flop (didn't bet)
Seat 8: lisbo.feee (small blind) folded before Flop
Seat 9: 0RB BR0 (big blind) showed [7h 6d] and lost with two pair, Kings and Sevens



PokerStars Hand #233642127772:  Hold'em No Limit ($0.01/$0.02 USD) - 2022/01/30 22:03:26 PT [2022/01/31 1:03:26 ET]
Table 'Sagitta IV' 9-max Seat #8 is the button
Seat 1: Tora1717 ($0.57 in chips) 
Seat 2: Dorex2007 ($2.22 in chips) 
Seat 3: goalie39 ($1.65 in chips) 
Seat 4: U-boat101 ($2 in chips) 
Seat 5: Khrenya ($4.19 in chips) 
Seat 6: IvanV1 ($3.13 in chips) 
Seat 7: dubbleoo ($1.72 in chips) 
Seat 8: lisbo.feee ($1.69 in chips) 
Seat 9: 0RB BR0 ($0.70 in chips) 
0RB BR0: posts small blind $0.01
Tora1717: posts big blind $0.02
*** HOLE CARDS ***
Dealt to Dorex2007 [9d Tc]
Dorex2007: folds 
goalie39: calls $0.02
U-boat101: folds 
Khrenya: folds 
IvanV1: folds 
dubbleoo: raises $0.02 to $0.04
lisbo.feee: folds 
0RB BR0: calls $0.03
Tora1717: calls $0.02
goalie39: calls $0.02
*** FLOP *** [Td 7c 5c]
0RB BR0: bets $0.02
Tora1717: calls $0.02
goalie39: calls $0.02
dubbleoo: raises $0.02 to $0.04
0RB BR0: calls $0.02
Tora1717: calls $0.02
goalie39: calls $0.02
*** TURN *** [Td 7c 5c] [7d]
0RB BR0: bets $0.02
Tora1717: calls $0.02
goalie39: calls $0.02
dubbleoo: calls $0.02
*** RIVER *** [Td 7c 5c 7d] [8h]
0RB BR0: bets $0.04
Tora1717: calls $0.04
goalie39: raises $0.30 to $0.34
dubbleoo: folds 
0RB BR0: folds 
Tora1717: calls $0.30
*** SHOW DOWN ***
goalie39: shows [8c 8s] (a full house, Eights full of Sevens)
Tora1717: mucks hand 
goalie39 collected $1.08 from pot
*** SUMMARY ***
Total pot $1.12 | Rake $0.04 
Board [Td 7c 5c 7d 8h]
Seat 1: Tora1717 (big blind) mucked [8d 6h]
Seat 2: Dorex2007 folded before Flop (didn't bet)
Seat 3: goalie39 showed [8c 8s] and won ($1.08) with a full house, Eights full of Sevens
Seat 4: U-boat101 folded before Flop (didn't bet)
Seat 5: Khrenya folded before Flop (didn't bet)
Seat 6: IvanV1 folded before Flop (didn't bet)
Seat 7: dubbleoo folded on the River
Seat 8: lisbo.feee (button) folded before Flop (didn't bet)
Seat 9: 0RB BR0 (small blind) folded on the River



