PokerStars Hand #238419079597:  Hold'em No Limit ($0.02/$0.05 USD) - 2022/09/04 14:10:37 PT [2022/09/04 17:10:37 ET]
Table 'Bistro' 9-max Seat #2 is the button
Seat 1: Dorex2007 ($5 in chips) 
Seat 2: Colt_BLR ($7.39 in chips) 
Seat 3: henriquefjc ($4.02 in chips) 
Seat 4: notis-magia ($5.01 in chips) 
Seat 5: TTomi18 ($12.94 in chips) 
Seat 6: vitusrocks ($9.99 in chips) 
Seat 7: piernen ($8.81 in chips) 
Seat 8: TRobertoTR ($7.08 in chips) 
henriquefjc: posts small blind $0.02
notis-magia: posts big blind $0.05
TRobertoTR: posts small & big blinds $0.07
Dorex2007: posts big blind $0.05
*** HOLE CARDS ***
Dealt to Dorex2007 [4h Kh]
TTomi18: folds 
vitusrocks: folds 
piernen: calls $0.05
TRobertoTR: checks 
Dorex2007: checks 
Colt_BLR: calls $0.05
henriquefjc: calls $0.03
notis-magia: checks 
*** FLOP *** [Ad Ac Tc]
henriquefjc: checks 
notis-magia: checks 
piernen: checks 
TRobertoTR: checks 
Dorex2007: checks 
Colt_BLR: checks 
*** TURN *** [Ad Ac Tc] [5s]
henriquefjc: checks 
notis-magia: checks 
piernen: checks 
TRobertoTR: checks 
Dorex2007: checks 
Colt_BLR: bets $0.37
henriquefjc: folds 
notis-magia: folds 
piernen is disconnected 
TTomi18 leaves the table
vitusrocks leaves the table
piernen has timed out while being disconnected
piernen: folds 
TRobertoTR: folds 
Dorex2007: folds 
Uncalled bet ($0.37) returned to Colt_BLR
Colt_BLR collected $0.31 from pot
*** SUMMARY ***
Total pot $0.32 | Rake $0.01 
Board [Ad Ac Tc 5s]
Seat 1: Dorex2007 folded on the Turn (didn't bet)
Seat 2: Colt_BLR (button) collected ($0.31)
Seat 3: henriquefjc (small blind) folded on the Turn
Seat 4: notis-magia (big blind) folded on the Turn
Seat 5: TTomi18 folded before Flop (didn't bet)
Seat 6: vitusrocks folded before Flop (didn't bet)
Seat 7: piernen folded on the Turn
Seat 8: TRobertoTR folded on the Turn (didn't bet)



PokerStars Hand #238419145942:  Hold'em No Limit ($0.02/$0.05 USD) - 2022/09/04 14:12:57 PT [2022/09/04 17:12:57 ET]
Table 'Bistro' 9-max Seat #3 is the button
Seat 1: Dorex2007 ($5 in chips) 
Seat 2: Colt_BLR ($7.65 in chips) 
Seat 3: henriquefjc ($3.97 in chips) 
Seat 4: notis-magia ($4.96 in chips) 
Seat 8: TRobertoTR ($7.01 in chips) 
notis-magia: posts small blind $0.02
TRobertoTR: posts big blind $0.05
*** HOLE CARDS ***
Dealt to Dorex2007 [Th Qh]
Dorex2007: raises $0.05 to $0.10
Colt_BLR: folds 
henriquefjc: folds 
notis-magia: folds 
TRobertoTR: calls $0.05
*** FLOP *** [2d 6c 5c]
TRobertoTR: checks 
Dorex2007: checks 
*** TURN *** [2d 6c 5c] [3s]
TRobertoTR: bets $0.10
Dorex2007: folds 
Uncalled bet ($0.10) returned to TRobertoTR
TRobertoTR collected $0.21 from pot
TRobertoTR: doesn't show hand 
*** SUMMARY ***
Total pot $0.22 | Rake $0.01 
Board [2d 6c 5c 3s]
Seat 1: Dorex2007 folded on the Turn
Seat 2: Colt_BLR folded before Flop (didn't bet)
Seat 3: henriquefjc (button) folded before Flop (didn't bet)
Seat 4: notis-magia (small blind) folded before Flop
Seat 8: TRobertoTR (big blind) collected ($0.21)



PokerStars Hand #238419161900:  Hold'em No Limit ($0.02/$0.05 USD) - 2022/09/04 14:13:31 PT [2022/09/04 17:13:31 ET]
Table 'Bistro' 9-max Seat #4 is the button
Seat 1: Dorex2007 ($5 in chips) 
Seat 2: Colt_BLR ($7.65 in chips) 
Seat 3: henriquefjc ($3.97 in chips) 
Seat 4: notis-magia ($4.94 in chips) 
Seat 8: TRobertoTR ($7.12 in chips) 
TRobertoTR: posts small blind $0.02
Dorex2007: posts big blind $0.05
*** HOLE CARDS ***
Dealt to Dorex2007 [Ac 4d]
Colt_BLR: folds 
henriquefjc has timed out
henriquefjc: folds 
notis-magia: folds 
TRobertoTR: calls $0.03
Dorex2007: checks 
*** FLOP *** [7c As Jd]
TRobertoTR: checks 
Dorex2007: checks 
*** TURN *** [7c As Jd] [Kc]
TRobertoTR: bets $0.05
Dorex2007: calls $0.05
*** RIVER *** [7c As Jd Kc] [Qs]
Hatkevich joins the table at seat #5 
TRobertoTR: bets $0.19
Dorex2007: calls $0.19
*** SHOW DOWN ***
TRobertoTR: shows [7d Qd] (two pair, Queens and Sevens)
Dorex2007: mucks hand 
TRobertoTR collected $0.56 from pot
*** SUMMARY ***
Total pot $0.58 | Rake $0.02 
Board [7c As Jd Kc Qs]
Seat 1: Dorex2007 (big blind) mucked [Ac 4d]
Seat 2: Colt_BLR folded before Flop (didn't bet)
Seat 3: henriquefjc folded before Flop (didn't bet)
Seat 4: notis-magia (button) folded before Flop (didn't bet)
Seat 8: TRobertoTR (small blind) showed [7d Qd] and won ($0.56) with two pair, Queens and Sevens



PokerStars Hand #238419184374:  Hold'em No Limit ($0.02/$0.05 USD) - 2022/09/04 14:14:20 PT [2022/09/04 17:14:20 ET]
Table 'Bistro' 9-max Seat #8 is the button
Seat 1: Dorex2007 ($5 in chips) 
Seat 2: Colt_BLR ($7.65 in chips) 
Seat 3: henriquefjc ($3.97 in chips) 
Seat 4: notis-magia ($4.94 in chips) 
Seat 8: TRobertoTR ($7.39 in chips) 
Dorex2007: posts small blind $0.02
Colt_BLR: posts big blind $0.05
Hatkevich: sits out 
*** HOLE CARDS ***
Dealt to Dorex2007 [7s 7h]
henriquefjc: folds 
notis-magia: folds 
TRobertoTR: folds 
Dorex2007: raises $0.05 to $0.10
Colt_BLR: calls $0.05
*** FLOP *** [9d Ah 2s]
Dorex2007: checks 
Colt_BLR: checks 
*** TURN *** [9d Ah 2s] [As]
Dorex2007: bets $0.09
ehbaron joins the table at seat #6 
Colt_BLR: calls $0.09
*** RIVER *** [9d Ah 2s As] [Js]
Dorex2007: bets $0.18
Colt_BLR: folds 
Uncalled bet ($0.18) returned to Dorex2007
Dorex2007 collected $0.36 from pot
Dorex2007: doesn't show hand 
*** SUMMARY ***
Total pot $0.38 | Rake $0.02 
Board [9d Ah 2s As Js]
Seat 1: Dorex2007 (small blind) collected ($0.36)
Seat 2: Colt_BLR (big blind) folded on the River
Seat 3: henriquefjc folded before Flop (didn't bet)
Seat 4: notis-magia folded before Flop (didn't bet)
Seat 8: TRobertoTR (button) folded before Flop (didn't bet)



PokerStars Hand #238419197596:  Hold'em No Limit ($0.02/$0.05 USD) - 2022/09/04 14:14:48 PT [2022/09/04 17:14:48 ET]
Table 'Bistro' 9-max Seat #1 is the button
Seat 1: Dorex2007 ($5.17 in chips) 
Seat 2: Colt_BLR ($7.46 in chips) 
Seat 3: henriquefjc ($3.97 in chips) 
Seat 4: notis-magia ($4.94 in chips) 
Seat 6: ehbaron ($2.97 in chips) 
Seat 8: TRobertoTR ($7.39 in chips) 
Colt_BLR: posts small blind $0.02
henriquefjc: posts big blind $0.05
Hatkevich: sits out 
ehbaron: posts big blind $0.05
*** HOLE CARDS ***
Dealt to Dorex2007 [Kc 3c]
notis-magia: folds 
ehbaron: checks 
TRobertoTR: raises $0.05 to $0.10
Dorex2007: folds 
Colt_BLR: folds 
henriquefjc: folds 
ehbaron: folds 
Uncalled bet ($0.05) returned to TRobertoTR
TRobertoTR collected $0.17 from pot
TRobertoTR: doesn't show hand 
*** SUMMARY ***
Total pot $0.17 | Rake $0 
Seat 1: Dorex2007 (button) folded before Flop (didn't bet)
Seat 2: Colt_BLR (small blind) folded before Flop
Seat 3: henriquefjc (big blind) folded before Flop
Seat 4: notis-magia folded before Flop (didn't bet)
Seat 6: ehbaron folded before Flop (didn't bet)
Seat 8: TRobertoTR collected ($0.17)



PokerStars Hand #238419206525:  Hold'em No Limit ($0.02/$0.05 USD) - 2022/09/04 14:15:07 PT [2022/09/04 17:15:07 ET]
Table 'Bistro' 9-max Seat #2 is the button
Seat 1: Dorex2007 ($5.17 in chips) 
Seat 2: Colt_BLR ($7.44 in chips) 
Seat 3: henriquefjc ($3.92 in chips) 
Seat 4: notis-magia ($4.94 in chips) 
Seat 6: ehbaron ($2.92 in chips) 
Seat 8: TRobertoTR ($7.51 in chips) 
henriquefjc: posts small blind $0.02
notis-magia: posts big blind $0.05
Hatkevich: sits out 
*** HOLE CARDS ***
Dealt to Dorex2007 [Ah 3s]
ehbaron: folds 
TRobertoTR: folds 
Dorex2007: folds 
Colt_BLR: raises $0.10 to $0.15
henriquefjc: folds 
notis-magia: folds 
Uncalled bet ($0.10) returned to Colt_BLR
Colt_BLR collected $0.12 from pot
*** SUMMARY ***
Total pot $0.12 | Rake $0 
Seat 1: Dorex2007 folded before Flop (didn't bet)
Seat 2: Colt_BLR (button) collected ($0.12)
Seat 3: henriquefjc (small blind) folded before Flop
Seat 4: notis-magia (big blind) folded before Flop
Seat 6: ehbaron folded before Flop (didn't bet)
Seat 8: TRobertoTR folded before Flop (didn't bet)



PokerStars Hand #238419218788:  Hold'em No Limit ($0.02/$0.05 USD) - 2022/09/04 14:15:33 PT [2022/09/04 17:15:33 ET]
Table 'Bistro' 9-max Seat #3 is the button
Seat 1: Dorex2007 ($5.17 in chips) 
Seat 2: Colt_BLR ($7.51 in chips) 
Seat 3: henriquefjc ($3.90 in chips) 
Seat 4: notis-magia ($4.89 in chips) 
Seat 5: Hatkevich ($5 in chips) 
Seat 6: ehbaron ($2.92 in chips) 
Seat 8: TRobertoTR ($7.51 in chips) 
notis-magia: posts small blind $0.02
Hatkevich: posts big blind $0.05
*** HOLE CARDS ***
Dealt to Dorex2007 [9s 3h]
ehbaron has timed out
ehbaron: folds 
TRobertoTR: raises $0.05 to $0.10
Dorex2007: folds 
Colt_BLR: raises $0.35 to $0.45
henriquefjc: folds 
notis-magia: folds 
Hatkevich: folds 
TRobertoTR: calls $0.35
*** FLOP *** [8d Tc 5d]
TRobertoTR: checks 
Colt_BLR: bets $0.62
TRobertoTR: folds 
Uncalled bet ($0.62) returned to Colt_BLR
Colt_BLR collected $0.93 from pot
*** SUMMARY ***
Total pot $0.97 | Rake $0.04 
Board [8d Tc 5d]
Seat 1: Dorex2007 folded before Flop (didn't bet)
Seat 2: Colt_BLR collected ($0.93)
Seat 3: henriquefjc (button) folded before Flop (didn't bet)
Seat 4: notis-magia (small blind) folded before Flop
Seat 5: Hatkevich (big blind) folded before Flop
Seat 6: ehbaron folded before Flop (didn't bet)
Seat 8: TRobertoTR folded on the Flop



PokerStars Hand #238419251875:  Hold'em No Limit ($0.02/$0.05 USD) - 2022/09/04 14:16:45 PT [2022/09/04 17:16:45 ET]
Table 'Bistro' 9-max Seat #4 is the button
Seat 1: Dorex2007 ($5.17 in chips) 
Seat 2: Colt_BLR ($7.99 in chips) 
Seat 3: henriquefjc ($3.90 in chips) 
Seat 4: notis-magia ($4.87 in chips) 
Seat 5: Hatkevich ($5 in chips) 
Seat 6: ehbaron ($2.92 in chips) 
Seat 8: TRobertoTR ($7.06 in chips) 
Hatkevich: posts small blind $0.02
ehbaron: posts big blind $0.05
*** HOLE CARDS ***
Dealt to Dorex2007 [7d Jc]
TRobertoTR: folds 
Dorex2007: folds 
Colt_BLR: folds 
henriquefjc: folds 
notis-magia: folds 
Hatkevich: raises $0.10 to $0.15
ehbaron: folds 
Uncalled bet ($0.10) returned to Hatkevich
Hatkevich collected $0.10 from pot
Hatkevich: doesn't show hand 
*** SUMMARY ***
Total pot $0.10 | Rake $0 
Seat 1: Dorex2007 folded before Flop (didn't bet)
Seat 2: Colt_BLR folded before Flop (didn't bet)
Seat 3: henriquefjc folded before Flop (didn't bet)
Seat 4: notis-magia (button) folded before Flop (didn't bet)
Seat 5: Hatkevich (small blind) collected ($0.10)
Seat 6: ehbaron (big blind) folded before Flop
Seat 8: TRobertoTR folded before Flop (didn't bet)



PokerStars Hand #238419261248:  Hold'em No Limit ($0.02/$0.05 USD) - 2022/09/04 14:17:05 PT [2022/09/04 17:17:05 ET]
Table 'Bistro' 9-max Seat #5 is the button
Seat 1: Dorex2007 ($5.17 in chips) 
Seat 2: Colt_BLR ($7.99 in chips) 
Seat 3: henriquefjc ($3.90 in chips) 
Seat 4: notis-magia ($4.87 in chips) 
Seat 5: Hatkevich ($5.05 in chips) 
Seat 6: ehbaron ($2.87 in chips) 
Seat 8: TRobertoTR ($7.06 in chips) 
Seat 9: paarpfund ($6.57 in chips) 
ehbaron: posts small blind $0.02
TRobertoTR: posts big blind $0.05
paarpfund: posts small & big blinds $0.07
*** HOLE CARDS ***
Dealt to Dorex2007 [8c 9h]
paarpfund: checks 
Dorex2007: folds 
Colt_BLR: folds 
henriquefjc: folds 
notis-magia: folds 
Hatkevich: folds 
ehbaron: folds 
TRobertoTR: checks 
*** FLOP *** [8s 8h 9c]
TRobertoTR: checks 
paarpfund has timed out
paarpfund: checks 
*** TURN *** [8s 8h 9c] [9d]
TRobertoTR: checks 
paarpfund: bets $0.05
TRobertoTR: folds 
Uncalled bet ($0.05) returned to paarpfund
paarpfund collected $0.13 from pot
*** SUMMARY ***
Total pot $0.14 | Rake $0.01 
Board [8s 8h 9c 9d]
Seat 1: Dorex2007 folded before Flop (didn't bet)
Seat 2: Colt_BLR folded before Flop (didn't bet)
Seat 3: henriquefjc folded before Flop (didn't bet)
Seat 4: notis-magia folded before Flop (didn't bet)
Seat 5: Hatkevich (button) folded before Flop (didn't bet)
Seat 6: ehbaron (small blind) folded before Flop
Seat 8: TRobertoTR (big blind) folded on the Turn
Seat 9: paarpfund collected ($0.13)



PokerStars Hand #238419283713:  Hold'em No Limit ($0.02/$0.05 USD) - 2022/09/04 14:17:53 PT [2022/09/04 17:17:53 ET]
Table 'Bistro' 9-max Seat #6 is the button
Seat 1: Dorex2007 ($5.17 in chips) 
Seat 2: Colt_BLR ($7.99 in chips) 
Seat 3: henriquefjc ($3.90 in chips) 
Seat 4: notis-magia ($4.87 in chips) 
Seat 5: Hatkevich ($5.05 in chips) 
Seat 6: ehbaron ($2.85 in chips) 
Seat 8: TRobertoTR ($7.01 in chips) 
Seat 9: paarpfund ($6.63 in chips) 
TRobertoTR: posts small blind $0.02
paarpfund: posts big blind $0.05
*** HOLE CARDS ***
Dealt to Dorex2007 [Qd 4c]
Dorex2007: folds 
Colt_BLR: folds 
henriquefjc: folds 
notis-magia: folds 
Hatkevich: raises $0.07 to $0.12
ehbaron: folds 
TRobertoTR: folds 
piernen is disconnected 
paarpfund has timed out
paarpfund: folds 
Uncalled bet ($0.07) returned to Hatkevich
Hatkevich collected $0.12 from pot
Hatkevich: doesn't show hand 
*** SUMMARY ***
Total pot $0.12 | Rake $0 
Seat 1: Dorex2007 folded before Flop (didn't bet)
Seat 2: Colt_BLR folded before Flop (didn't bet)
Seat 3: henriquefjc folded before Flop (didn't bet)
Seat 4: notis-magia folded before Flop (didn't bet)
Seat 5: Hatkevich collected ($0.12)
Seat 6: ehbaron (button) folded before Flop (didn't bet)
Seat 8: TRobertoTR (small blind) folded before Flop
Seat 9: paarpfund (big blind) folded before Flop



PokerStars Hand #238419301308:  Hold'em No Limit ($0.02/$0.05 USD) - 2022/09/04 14:18:31 PT [2022/09/04 17:18:31 ET]
Table 'Bistro' 9-max Seat #8 is the button
Seat 1: Dorex2007 ($5.17 in chips) 
Seat 2: Colt_BLR ($7.99 in chips) 
Seat 3: henriquefjc ($3.90 in chips) 
Seat 4: notis-magia ($4.87 in chips) 
Seat 5: Hatkevich ($5.12 in chips) 
Seat 6: ehbaron ($2.85 in chips) 
Seat 8: TRobertoTR ($6.99 in chips) 
Dorex2007: posts small blind $0.02
Colt_BLR: posts big blind $0.05
*** HOLE CARDS ***
Dealt to Dorex2007 [3c 6s]
henriquefjc: folds 
notis-magia: folds 
Hatkevich: folds 
ehbaron: folds 
TRobertoTR: folds 
Dorex2007: folds 
Uncalled bet ($0.03) returned to Colt_BLR
Colt_BLR collected $0.04 from pot
*** SUMMARY ***
Total pot $0.04 | Rake $0 
Seat 1: Dorex2007 (small blind) folded before Flop
Seat 2: Colt_BLR (big blind) collected ($0.04)
Seat 3: henriquefjc folded before Flop (didn't bet)
Seat 4: notis-magia folded before Flop (didn't bet)
Seat 5: Hatkevich folded before Flop (didn't bet)
Seat 6: ehbaron folded before Flop (didn't bet)
Seat 8: TRobertoTR (button) folded before Flop (didn't bet)



PokerStars Hand #238419306228:  Hold'em No Limit ($0.02/$0.05 USD) - 2022/09/04 14:18:41 PT [2022/09/04 17:18:41 ET]
Table 'Bistro' 9-max Seat #1 is the button
Seat 1: Dorex2007 ($5.15 in chips) 
Seat 2: Colt_BLR ($8.01 in chips) 
Seat 3: henriquefjc ($3.90 in chips) 
Seat 4: notis-magia ($4.87 in chips) 
Seat 5: Hatkevich ($5.12 in chips) 
Seat 6: ehbaron ($2.85 in chips) 
Seat 8: TRobertoTR ($6.99 in chips) 
Seat 9: paarpfund ($6.58 in chips) 
Colt_BLR: posts small blind $0.02
henriquefjc: posts big blind $0.05
paarpfund: posts small blind $0.02
*** HOLE CARDS ***
Dealt to Dorex2007 [6d 3c]
notis-magia: folds 
Hatkevich: folds 
ehbaron: folds 
TRobertoTR: folds 
paarpfund: calls $0.05
Dorex2007: folds 
Colt_BLR: folds 
henriquefjc: raises $0.14 to $0.19
paarpfund: calls $0.14
*** FLOP *** [4c Ks 2d]
henriquefjc: bets $0.40
paarpfund: folds 
Uncalled bet ($0.40) returned to henriquefjc
henriquefjc collected $0.40 from pot
henriquefjc: doesn't show hand 
*** SUMMARY ***
Total pot $0.42 | Rake $0.02 
Board [4c Ks 2d]
Seat 1: Dorex2007 (button) folded before Flop (didn't bet)
Seat 2: Colt_BLR (small blind) folded before Flop
Seat 3: henriquefjc (big blind) collected ($0.40)
Seat 4: notis-magia folded before Flop (didn't bet)
Seat 5: Hatkevich folded before Flop (didn't bet)
Seat 6: ehbaron folded before Flop (didn't bet)
Seat 8: TRobertoTR folded before Flop (didn't bet)
Seat 9: paarpfund folded on the Flop



PokerStars Hand #238419326017:  Hold'em No Limit ($0.02/$0.05 USD) - 2022/09/04 14:19:25 PT [2022/09/04 17:19:25 ET]
Table 'Bistro' 9-max Seat #2 is the button
Seat 1: Dorex2007 ($5.15 in chips) 
Seat 2: Colt_BLR ($7.99 in chips) 
Seat 3: henriquefjc ($4.11 in chips) 
Seat 4: notis-magia ($4.87 in chips) 
Seat 5: Hatkevich ($5.12 in chips) 
Seat 6: ehbaron ($2.85 in chips) 
Seat 8: TRobertoTR ($6.99 in chips) 
Seat 9: paarpfund ($6.37 in chips) 
henriquefjc: posts small blind $0.02
notis-magia: posts big blind $0.05
*** HOLE CARDS ***
Dealt to Dorex2007 [Jh 6d]
Hatkevich: folds 
ehbaron: folds 
TRobertoTR: folds 
paarpfund: raises $0.05 to $0.10
Dorex2007: folds 
Colt_BLR: folds 
henriquefjc: calls $0.08
notis-magia: calls $0.05
*** FLOP *** [Ah 7h 2c]
henriquefjc: checks 
notis-magia: bets $0.14
paarpfund: calls $0.14
henriquefjc: folds 
*** TURN *** [Ah 7h 2c] [Qc]
notis-magia: bets $0.28
paarpfund: folds 
Uncalled bet ($0.28) returned to notis-magia
notis-magia collected $0.56 from pot
notis-magia: doesn't show hand 
*** SUMMARY ***
Total pot $0.58 | Rake $0.02 
Board [Ah 7h 2c Qc]
Seat 1: Dorex2007 folded before Flop (didn't bet)
Seat 2: Colt_BLR (button) folded before Flop (didn't bet)
Seat 3: henriquefjc (small blind) folded on the Flop
Seat 4: notis-magia (big blind) collected ($0.56)
Seat 5: Hatkevich folded before Flop (didn't bet)
Seat 6: ehbaron folded before Flop (didn't bet)
Seat 8: TRobertoTR folded before Flop (didn't bet)
Seat 9: paarpfund folded on the Turn



PokerStars Hand #238419348548:  Hold'em No Limit ($0.02/$0.05 USD) - 2022/09/04 14:20:13 PT [2022/09/04 17:20:13 ET]
Table 'Bistro' 9-max Seat #3 is the button
Seat 1: Dorex2007 ($5.15 in chips) 
Seat 2: Colt_BLR ($7.99 in chips) 
Seat 3: henriquefjc ($4.01 in chips) 
Seat 4: notis-magia ($5.19 in chips) 
Seat 5: Hatkevich ($5.12 in chips) 
Seat 6: ehbaron ($2.85 in chips) 
Seat 8: TRobertoTR ($6.99 in chips) 
notis-magia: posts small blind $0.02
Hatkevich: posts big blind $0.05
*** HOLE CARDS ***
Dealt to Dorex2007 [Jh Td]
ehbaron: folds 
TRobertoTR: folds 
Dorex2007: folds 
Colt_BLR: raises $0.10 to $0.15
henriquefjc: folds 
notis-magia: folds 
Hatkevich: folds 
Uncalled bet ($0.10) returned to Colt_BLR
Colt_BLR collected $0.12 from pot
*** SUMMARY ***
Total pot $0.12 | Rake $0 
Seat 1: Dorex2007 folded before Flop (didn't bet)
Seat 2: Colt_BLR collected ($0.12)
Seat 3: henriquefjc (button) folded before Flop (didn't bet)
Seat 4: notis-magia (small blind) folded before Flop
Seat 5: Hatkevich (big blind) folded before Flop
Seat 6: ehbaron folded before Flop (didn't bet)
Seat 8: TRobertoTR folded before Flop (didn't bet)



PokerStars Hand #238419354732:  Hold'em No Limit ($0.02/$0.05 USD) - 2022/09/04 14:20:27 PT [2022/09/04 17:20:27 ET]
Table 'Bistro' 9-max Seat #4 is the button
Seat 1: Dorex2007 ($5.15 in chips) 
Seat 2: Colt_BLR ($8.06 in chips) 
Seat 3: henriquefjc ($4.01 in chips) 
Seat 4: notis-magia ($5.17 in chips) 
Seat 5: Hatkevich ($5.07 in chips) 
Seat 6: ehbaron ($2.85 in chips) 
Seat 8: TRobertoTR ($6.99 in chips) 
Hatkevich: posts small blind $0.02
ehbaron: posts big blind $0.05
*** HOLE CARDS ***
Dealt to Dorex2007 [3c 9h]
TRobertoTR: folds 
Dorex2007: folds 
Colt_BLR: folds 
henriquefjc: folds 
notis-magia: raises $0.10 to $0.15
Hatkevich: folds 
ehbaron: folds 
Uncalled bet ($0.10) returned to notis-magia
notis-magia collected $0.12 from pot
notis-magia: doesn't show hand 
*** SUMMARY ***
Total pot $0.12 | Rake $0 
Seat 1: Dorex2007 folded before Flop (didn't bet)
Seat 2: Colt_BLR folded before Flop (didn't bet)
Seat 3: henriquefjc folded before Flop (didn't bet)
Seat 4: notis-magia (button) collected ($0.12)
Seat 5: Hatkevich (small blind) folded before Flop
Seat 6: ehbaron (big blind) folded before Flop
Seat 8: TRobertoTR folded before Flop (didn't bet)



PokerStars Hand #238419364214:  Hold'em No Limit ($0.02/$0.05 USD) - 2022/09/04 14:20:47 PT [2022/09/04 17:20:47 ET]
Table 'Bistro' 9-max Seat #5 is the button
Seat 1: Dorex2007 ($5.15 in chips) 
Seat 2: Colt_BLR ($8.06 in chips) 
Seat 3: henriquefjc ($4.01 in chips) 
Seat 4: notis-magia ($5.24 in chips) 
Seat 5: Hatkevich ($5.05 in chips) 
Seat 6: ehbaron ($2.80 in chips) 
Seat 8: TRobertoTR ($6.99 in chips) 
ehbaron: posts small blind $0.02
TRobertoTR: posts big blind $0.05
*** HOLE CARDS ***
Dealt to Dorex2007 [Qs 9s]
Dorex2007: folds 
Colt_BLR: folds 
henriquefjc: folds 
notis-magia: folds 
Hatkevich: folds 
ehbaron: calls $0.03
TRobertoTR: checks 
*** FLOP *** [4s Kc 6d]
ehbaron: checks 
TRobertoTR: checks 
*** TURN *** [4s Kc 6d] [9c]
ehbaron: bets $0.05
TRobertoTR: raises $0.05 to $0.10
ehbaron: calls $0.05
*** RIVER *** [4s Kc 6d 9c] [3d]
ehbaron: checks 
TRobertoTR: bets $0.85
ehbaron: folds 
Uncalled bet ($0.85) returned to TRobertoTR
TRobertoTR collected $0.29 from pot
TRobertoTR: doesn't show hand 
*** SUMMARY ***
Total pot $0.30 | Rake $0.01 
Board [4s Kc 6d 9c 3d]
Seat 1: Dorex2007 folded before Flop (didn't bet)
Seat 2: Colt_BLR folded before Flop (didn't bet)
Seat 3: henriquefjc folded before Flop (didn't bet)
Seat 4: notis-magia folded before Flop (didn't bet)
Seat 5: Hatkevich (button) folded before Flop (didn't bet)
Seat 6: ehbaron (small blind) folded on the River
Seat 8: TRobertoTR (big blind) collected ($0.29)



PokerStars Hand #238419390199:  Hold'em No Limit ($0.02/$0.05 USD) - 2022/09/04 14:21:44 PT [2022/09/04 17:21:44 ET]
Table 'Bistro' 9-max Seat #6 is the button
Seat 1: Dorex2007 ($5.15 in chips) 
Seat 2: Colt_BLR ($8.06 in chips) 
Seat 3: henriquefjc ($4.01 in chips) 
Seat 4: notis-magia ($5.24 in chips) 
Seat 5: Hatkevich ($5.05 in chips) 
Seat 6: ehbaron ($2.65 in chips) 
Seat 8: TRobertoTR ($7.13 in chips) 
TRobertoTR: posts small blind $0.02
Dorex2007: posts big blind $0.05
*** HOLE CARDS ***
Dealt to Dorex2007 [Td 8s]
Colt_BLR: folds 
henriquefjc: folds 
notis-magia: folds 
Hatkevich: folds 
ehbaron: raises $0.10 to $0.15
TRobertoTR: folds 
Dorex2007: folds 
Uncalled bet ($0.10) returned to ehbaron
ehbaron collected $0.12 from pot
*** SUMMARY ***
Total pot $0.12 | Rake $0 
Seat 1: Dorex2007 (big blind) folded before Flop
Seat 2: Colt_BLR folded before Flop (didn't bet)
Seat 3: henriquefjc folded before Flop (didn't bet)
Seat 4: notis-magia folded before Flop (didn't bet)
Seat 5: Hatkevich folded before Flop (didn't bet)
Seat 6: ehbaron (button) collected ($0.12)
Seat 8: TRobertoTR (small blind) folded before Flop



PokerStars Hand #238419397582:  Hold'em No Limit ($0.02/$0.05 USD) - 2022/09/04 14:22:00 PT [2022/09/04 17:22:00 ET]
Table 'Bistro' 9-max Seat #8 is the button
Seat 1: Dorex2007 ($5.10 in chips) 
Seat 2: Colt_BLR ($8.06 in chips) 
Seat 3: henriquefjc ($4.01 in chips) 
Seat 4: notis-magia ($5.24 in chips) 
Seat 5: Hatkevich ($5.05 in chips) 
Seat 6: ehbaron ($2.72 in chips) 
Seat 8: TRobertoTR ($7.11 in chips) 
Dorex2007: posts small blind $0.02
Colt_BLR: posts big blind $0.05
*** HOLE CARDS ***
Dealt to Dorex2007 [7h Kd]
henriquefjc: folds 
notis-magia: folds 
Hatkevich: folds 
ehbaron: folds 
TRobertoTR: raises $0.05 to $0.10
Dorex2007: folds 
Colt_BLR: folds 
Uncalled bet ($0.05) returned to TRobertoTR
TRobertoTR collected $0.12 from pot
TRobertoTR: doesn't show hand 
*** SUMMARY ***
Total pot $0.12 | Rake $0 
Seat 1: Dorex2007 (small blind) folded before Flop
Seat 2: Colt_BLR (big blind) folded before Flop
Seat 3: henriquefjc folded before Flop (didn't bet)
Seat 4: notis-magia folded before Flop (didn't bet)
Seat 5: Hatkevich folded before Flop (didn't bet)
Seat 6: ehbaron folded before Flop (didn't bet)
Seat 8: TRobertoTR (button) collected ($0.12)



PokerStars Hand #238419403935:  Hold'em No Limit ($0.02/$0.05 USD) - 2022/09/04 14:22:13 PT [2022/09/04 17:22:13 ET]
Table 'Bistro' 9-max Seat #1 is the button
Seat 1: Dorex2007 ($5.08 in chips) 
Seat 2: Colt_BLR ($8.01 in chips) 
Seat 3: henriquefjc ($4.01 in chips) 
Seat 4: notis-magia ($5.24 in chips) 
Seat 5: Hatkevich ($5.05 in chips) 
Seat 6: ehbaron ($2.72 in chips) 
Seat 8: TRobertoTR ($7.18 in chips) 
Seat 9: paarpfund ($6.13 in chips) 
Colt_BLR: posts small blind $0.02
henriquefjc: posts big blind $0.05
paarpfund: posts small & big blinds $0.07
*** HOLE CARDS ***
Dealt to Dorex2007 [7d Ks]
notis-magia: folds 
Hatkevich: folds 
ehbaron has timed out
ehbaron: folds 
TRobertoTR: raises $0.05 to $0.10
paarpfund: calls $0.05
Dorex2007: folds 
Colt_BLR: folds 
henriquefjc: calls $0.05
*** FLOP *** [3d Qc Kh]
henriquefjc: checks 
TRobertoTR: checks 
paarpfund: bets $0.05
henriquefjc: raises $0.22 to $0.27
TRobertoTR: folds 
paarpfund: calls $0.22
*** TURN *** [3d Qc Kh] [9s]
henriquefjc: bets $0.42
paarpfund: calls $0.42
*** RIVER *** [3d Qc Kh 9s] [Js]
henriquefjc: checks 
paarpfund: checks 
*** SHOW DOWN ***
henriquefjc: shows [Th Kd] (a straight, Nine to King)
paarpfund: mucks hand 
henriquefjc collected $1.65 from pot
*** SUMMARY ***
Total pot $1.72 | Rake $0.07 
Board [3d Qc Kh 9s Js]
Seat 1: Dorex2007 (button) folded before Flop (didn't bet)
Seat 2: Colt_BLR (small blind) folded before Flop
Seat 3: henriquefjc (big blind) showed [Th Kd] and won ($1.65) with a straight, Nine to King
Seat 4: notis-magia folded before Flop (didn't bet)
Seat 5: Hatkevich folded before Flop (didn't bet)
Seat 6: ehbaron folded before Flop (didn't bet)
Seat 8: TRobertoTR folded on the Flop
Seat 9: paarpfund mucked [Jc 3h]



PokerStars Hand #238419448577:  Hold'em No Limit ($0.02/$0.05 USD) - 2022/09/04 14:23:50 PT [2022/09/04 17:23:50 ET]
Table 'Bistro' 9-max Seat #2 is the button
Seat 1: Dorex2007 ($5.08 in chips) 
Seat 2: Colt_BLR ($7.99 in chips) 
Seat 3: henriquefjc ($4.87 in chips) 
Seat 4: notis-magia ($5.24 in chips) 
Seat 5: Hatkevich ($5.05 in chips) 
Seat 6: ehbaron ($2.72 in chips) 
Seat 8: TRobertoTR ($7.08 in chips) 
Seat 9: paarpfund ($5.32 in chips) 
henriquefjc: posts small blind $0.02
notis-magia: posts big blind $0.05
*** HOLE CARDS ***
Dealt to Dorex2007 [Td 9c]
Hatkevich: folds 
ehbaron: calls $0.05
TRobertoTR: folds 
paarpfund: calls $0.05
Dorex2007: folds 
Colt_BLR: folds 
henriquefjc: calls $0.03
notis-magia: raises $0.10 to $0.15
ehbaron: folds 
paarpfund: calls $0.10
henriquefjc: calls $0.10
*** FLOP *** [2h Ad 4s]
henriquefjc: checks 
notis-magia: bets $0.24
paarpfund: folds 
henriquefjc: calls $0.24
*** TURN *** [2h Ad 4s] [3c]
piernen is disconnected 
henriquefjc: checks 
notis-magia: checks 
*** RIVER *** [2h Ad 4s 3c] [4h]
henriquefjc: bets $0.94
notis-magia: folds 
Uncalled bet ($0.94) returned to henriquefjc
henriquefjc collected $0.94 from pot
henriquefjc: doesn't show hand 
*** SUMMARY ***
Total pot $0.98 | Rake $0.04 
Board [2h Ad 4s 3c 4h]
Seat 1: Dorex2007 folded before Flop (didn't bet)
Seat 2: Colt_BLR (button) folded before Flop (didn't bet)
Seat 3: henriquefjc (small blind) collected ($0.94)
Seat 4: notis-magia (big blind) folded on the River
Seat 5: Hatkevich folded before Flop (didn't bet)
Seat 6: ehbaron folded before Flop
Seat 8: TRobertoTR folded before Flop (didn't bet)
Seat 9: paarpfund folded on the Flop



PokerStars Hand #238419480335:  Hold'em No Limit ($0.02/$0.05 USD) - 2022/09/04 14:25:00 PT [2022/09/04 17:25:00 ET]
Table 'Bistro' 9-max Seat #3 is the button
Seat 1: Dorex2007 ($5.08 in chips) 
Seat 2: Colt_BLR ($7.99 in chips) 
Seat 3: henriquefjc ($5.42 in chips) 
Seat 4: notis-magia ($4.85 in chips) 
Seat 5: Hatkevich ($5.05 in chips) 
Seat 6: ehbaron ($2.67 in chips) 
Seat 8: TRobertoTR ($7.08 in chips) 
Seat 9: paarpfund ($5.17 in chips) 
notis-magia: posts small blind $0.02
Hatkevich: posts big blind $0.05
*** HOLE CARDS ***
Dealt to Dorex2007 [7h 6h]
ehbaron: folds 
TRobertoTR: folds 
paarpfund: folds 
Dorex2007: folds 
Colt_BLR: folds 
henriquefjc: raises $0.05 to $0.10
notis-magia: folds 
Hatkevich: calls $0.05
*** FLOP *** [Jh 2h 2s]
Hatkevich: checks 
henriquefjc: checks 
*** TURN *** [Jh 2h 2s] [4h]
Hatkevich: checks 
paarpfund leaves the table
henriquefjc: checks 
*** RIVER *** [Jh 2h 2s 4h] [7d]
Hatkevich: checks 
henriquefjc: checks 
*** SHOW DOWN ***
Hatkevich: shows [Ad Qs] (a pair of Deuces)
henriquefjc: mucks hand 
Hatkevich collected $0.21 from pot
*** SUMMARY ***
Total pot $0.22 | Rake $0.01 
Board [Jh 2h 2s 4h 7d]
Seat 1: Dorex2007 folded before Flop (didn't bet)
Seat 2: Colt_BLR folded before Flop (didn't bet)
Seat 3: henriquefjc (button) mucked [9s As]
Seat 4: notis-magia (small blind) folded before Flop
Seat 5: Hatkevich (big blind) showed [Ad Qs] and won ($0.21) with a pair of Deuces
Seat 6: ehbaron folded before Flop (didn't bet)
Seat 8: TRobertoTR folded before Flop (didn't bet)
Seat 9: paarpfund folded before Flop (didn't bet)



PokerStars Hand #238419500483:  Hold'em No Limit ($0.02/$0.05 USD) - 2022/09/04 14:25:45 PT [2022/09/04 17:25:45 ET]
Table 'Bistro' 9-max Seat #4 is the button
Seat 1: Dorex2007 ($5.08 in chips) 
Seat 2: Colt_BLR ($7.99 in chips) 
Seat 3: henriquefjc ($5.32 in chips) 
Seat 4: notis-magia ($4.83 in chips) 
Seat 5: Hatkevich ($5.16 in chips) 
Seat 6: ehbaron ($2.67 in chips) 
Seat 8: TRobertoTR ($7.08 in chips) 
Hatkevich: posts small blind $0.02
ehbaron: posts big blind $0.05
*** HOLE CARDS ***
Dealt to Dorex2007 [Ah 6c]
TRobertoTR: calls $0.05
Dorex2007: folds 
ehbaron is disconnected 
Colt_BLR: folds 
henriquefjc: folds 
notis-magia: folds 
Hatkevich: folds 
ehbaron has timed out while disconnected
ehbaron: checks 
*** FLOP *** [Tc Ad 6d]
ehbaron has timed out while disconnected
ehbaron: checks 
TRobertoTR: checks 
*** TURN *** [Tc Ad 6d] [7h]
raika14 joins the table at seat #9 
ehbaron has timed out while disconnected
ehbaron: checks 
TRobertoTR: bets $0.06
ehbaron has timed out while disconnected
ehbaron: folds 
Uncalled bet ($0.06) returned to TRobertoTR
TRobertoTR collected $0.12 from pot
TRobertoTR: doesn't show hand 
*** SUMMARY ***
Total pot $0.12 | Rake $0 
Board [Tc Ad 6d 7h]
Seat 1: Dorex2007 folded before Flop (didn't bet)
Seat 2: Colt_BLR folded before Flop (didn't bet)
Seat 3: henriquefjc folded before Flop (didn't bet)
Seat 4: notis-magia (button) folded before Flop (didn't bet)
Seat 5: Hatkevich (small blind) folded before Flop
Seat 6: ehbaron (big blind) folded on the Turn
Seat 8: TRobertoTR collected ($0.12)



PokerStars Hand #238419534930:  Hold'em No Limit ($0.02/$0.05 USD) - 2022/09/04 14:27:01 PT [2022/09/04 17:27:01 ET]
Table 'Bistro' 9-max Seat #5 is the button
Seat 1: Dorex2007 ($5.08 in chips) 
Seat 2: Colt_BLR ($7.99 in chips) 
Seat 3: henriquefjc ($5.32 in chips) 
Seat 4: notis-magia ($4.83 in chips) 
Seat 5: Hatkevich ($5.14 in chips) 
Seat 8: TRobertoTR ($7.15 in chips) 
Seat 9: raika14 ($5 in chips) 
TRobertoTR: posts small blind $0.02
raika14: posts big blind $0.05
*** HOLE CARDS ***
Dealt to Dorex2007 [Ah 4h]
Dorex2007: folds 
Colt_BLR: folds 
henriquefjc: folds 
notis-magia: folds 
Hatkevich: raises $0.07 to $0.12
TRobertoTR: folds 
raika14: raises $0.38 to $0.50
Hatkevich: folds 
Uncalled bet ($0.38) returned to raika14
raika14 collected $0.26 from pot
raika14: doesn't show hand 
*** SUMMARY ***
Total pot $0.26 | Rake $0 
Seat 1: Dorex2007 folded before Flop (didn't bet)
Seat 2: Colt_BLR folded before Flop (didn't bet)
Seat 3: henriquefjc folded before Flop (didn't bet)
Seat 4: notis-magia folded before Flop (didn't bet)
Seat 5: Hatkevich (button) folded before Flop
Seat 8: TRobertoTR (small blind) folded before Flop
Seat 9: raika14 (big blind) collected ($0.26)



PokerStars Hand #238419547942:  Hold'em No Limit ($0.02/$0.05 USD) - 2022/09/04 14:27:30 PT [2022/09/04 17:27:30 ET]
Table 'Bistro' 9-max Seat #8 is the button
Seat 1: Dorex2007 ($5.08 in chips) 
Seat 2: Colt_BLR ($7.99 in chips) 
Seat 3: henriquefjc ($5.32 in chips) 
Seat 4: notis-magia ($4.83 in chips) 
Seat 5: Hatkevich ($5.02 in chips) 
Seat 8: TRobertoTR ($7.13 in chips) 
Seat 9: raika14 ($5.14 in chips) 
raika14: posts small blind $0.02
Dorex2007: posts big blind $0.05
*** HOLE CARDS ***
Dealt to Dorex2007 [4h 6h]
Colt_BLR: folds 
henriquefjc: folds 
notis-magia: folds 
Hatkevich has timed out
Hatkevich: folds 
TRobertoTR: raises $0.05 to $0.10
raika14: folds 
Dorex2007: folds 
Uncalled bet ($0.05) returned to TRobertoTR
TRobertoTR collected $0.12 from pot
TRobertoTR: doesn't show hand 
*** SUMMARY ***
Total pot $0.12 | Rake $0 
Seat 1: Dorex2007 (big blind) folded before Flop
Seat 2: Colt_BLR folded before Flop (didn't bet)
Seat 3: henriquefjc folded before Flop (didn't bet)
Seat 4: notis-magia folded before Flop (didn't bet)
Seat 5: Hatkevich folded before Flop (didn't bet)
Seat 8: TRobertoTR (button) collected ($0.12)
Seat 9: raika14 (small blind) folded before Flop



PokerStars Hand #238419561535:  Hold'em No Limit ($0.02/$0.05 USD) - 2022/09/04 14:27:59 PT [2022/09/04 17:27:59 ET]
Table 'Bistro' 9-max Seat #9 is the button
Seat 1: Dorex2007 ($5.03 in chips) 
Seat 2: Colt_BLR ($7.99 in chips) 
Seat 3: henriquefjc ($5.32 in chips) 
Seat 4: notis-magia ($4.83 in chips) 
Seat 8: TRobertoTR ($7.20 in chips) 
Seat 9: raika14 ($5.12 in chips) 
Dorex2007: posts small blind $0.02
Colt_BLR: posts big blind $0.05
*** HOLE CARDS ***
Dealt to Dorex2007 [7h Ad]
henriquefjc: folds 
notis-magia: raises $0.10 to $0.15
TRobertoTR: folds 
raika14: raises $0.35 to $0.50
Dorex2007: folds 
Colt_BLR: folds 
notis-magia: folds 
Uncalled bet ($0.35) returned to raika14
raika14 collected $0.37 from pot
raika14: doesn't show hand 
*** SUMMARY ***
Total pot $0.37 | Rake $0 
Seat 1: Dorex2007 (small blind) folded before Flop
Seat 2: Colt_BLR (big blind) folded before Flop
Seat 3: henriquefjc folded before Flop (didn't bet)
Seat 4: notis-magia folded before Flop
Seat 8: TRobertoTR folded before Flop (didn't bet)
Seat 9: raika14 (button) collected ($0.37)



PokerStars Hand #238419569894:  Hold'em No Limit ($0.02/$0.05 USD) - 2022/09/04 14:28:18 PT [2022/09/04 17:28:18 ET]
Table 'Bistro' 9-max Seat #1 is the button
Seat 1: Dorex2007 ($5.01 in chips) 
Seat 2: Colt_BLR ($7.94 in chips) 
Seat 3: henriquefjc ($5.32 in chips) 
Seat 4: notis-magia ($4.68 in chips) 
Seat 8: TRobertoTR ($7.20 in chips) 
Seat 9: raika14 ($5.34 in chips) 
Colt_BLR: posts small blind $0.02
henriquefjc: posts big blind $0.05
*** HOLE CARDS ***
Dealt to Dorex2007 [4d Jd]
notis-magia: folds 
TRobertoTR: folds 
raika14: folds 
Dorex2007: folds 
Colt_BLR: raises $0.15 to $0.20
henriquefjc: folds 
Uncalled bet ($0.15) returned to Colt_BLR
Colt_BLR collected $0.10 from pot
*** SUMMARY ***
Total pot $0.10 | Rake $0 
Seat 1: Dorex2007 (button) folded before Flop (didn't bet)
Seat 2: Colt_BLR (small blind) collected ($0.10)
Seat 3: henriquefjc (big blind) folded before Flop
Seat 4: notis-magia folded before Flop (didn't bet)
Seat 8: TRobertoTR folded before Flop (didn't bet)
Seat 9: raika14 folded before Flop (didn't bet)



PokerStars Hand #238419576335:  Hold'em No Limit ($0.02/$0.05 USD) - 2022/09/04 14:28:32 PT [2022/09/04 17:28:32 ET]
Table 'Bistro' 9-max Seat #2 is the button
Seat 1: Dorex2007 ($5.01 in chips) 
Seat 2: Colt_BLR ($7.99 in chips) 
Seat 3: henriquefjc ($5.27 in chips) 
Seat 4: notis-magia ($4.68 in chips) 
Seat 8: TRobertoTR ($7.20 in chips) 
Seat 9: raika14 ($5.34 in chips) 
henriquefjc: posts small blind $0.02
notis-magia: posts big blind $0.05
*** HOLE CARDS ***
Dealt to Dorex2007 [Kd 7s]
TRobertoTR: raises $0.05 to $0.10
raika14: calls $0.10
Dorex2007: folds 
Colt_BLR: folds 
henriquefjc: folds 
notis-magia: folds 
*** FLOP *** [Jc 6s 2s]
TRobertoTR: checks 
raika14: bets $0.30
TRobertoTR: folds 
Uncalled bet ($0.30) returned to raika14
raika14 collected $0.26 from pot
raika14: doesn't show hand 
*** SUMMARY ***
Total pot $0.27 | Rake $0.01 
Board [Jc 6s 2s]
Seat 1: Dorex2007 folded before Flop (didn't bet)
Seat 2: Colt_BLR (button) folded before Flop (didn't bet)
Seat 3: henriquefjc (small blind) folded before Flop
Seat 4: notis-magia (big blind) folded before Flop
Seat 8: TRobertoTR folded on the Flop
Seat 9: raika14 collected ($0.26)



PokerStars Hand #238419591234:  Hold'em No Limit ($0.02/$0.05 USD) - 2022/09/04 14:29:05 PT [2022/09/04 17:29:05 ET]
Table 'Bistro' 9-max Seat #3 is the button
Seat 1: Dorex2007 ($5.01 in chips) 
Seat 2: Colt_BLR ($7.99 in chips) 
Seat 3: henriquefjc ($5.25 in chips) 
Seat 4: notis-magia ($4.63 in chips) 
Seat 5: Hatkevich ($5.02 in chips) 
Seat 8: TRobertoTR ($7.10 in chips) 
Seat 9: raika14 ($5.50 in chips) 
notis-magia: posts small blind $0.02
Hatkevich: posts big blind $0.05
*** HOLE CARDS ***
Dealt to Dorex2007 [7s Ac]
TRobertoTR: folds 
raika14: folds 
Dorex2007: folds 
Colt_BLR: folds 
henriquefjc: folds 
notis-magia: folds 
Uncalled bet ($0.03) returned to Hatkevich
Hatkevich collected $0.04 from pot
Hatkevich: doesn't show hand 
*** SUMMARY ***
Total pot $0.04 | Rake $0 
Seat 1: Dorex2007 folded before Flop (didn't bet)
Seat 2: Colt_BLR folded before Flop (didn't bet)
Seat 3: henriquefjc (button) folded before Flop (didn't bet)
Seat 4: notis-magia (small blind) folded before Flop
Seat 5: Hatkevich (big blind) collected ($0.04)
Seat 8: TRobertoTR folded before Flop (didn't bet)
Seat 9: raika14 folded before Flop (didn't bet)



PokerStars Hand #238419598789:  Hold'em No Limit ($0.02/$0.05 USD) - 2022/09/04 14:29:22 PT [2022/09/04 17:29:22 ET]
Table 'Bistro' 9-max Seat #4 is the button
Seat 1: Dorex2007 ($5.01 in chips) 
Seat 2: Colt_BLR ($7.99 in chips) 
Seat 3: henriquefjc ($5.25 in chips) 
Seat 4: notis-magia ($4.61 in chips) 
Seat 5: Hatkevich ($5.04 in chips) 
Seat 8: TRobertoTR ($7.10 in chips) 
Seat 9: raika14 ($5.50 in chips) 
Hatkevich: posts small blind $0.02
TRobertoTR: posts big blind $0.05
*** HOLE CARDS ***
Dealt to Dorex2007 [Kc 8d]
raika14: folds 
Dorex2007: folds 
Colt_BLR: folds 
henriquefjc: folds 
notis-magia: folds 
Hatkevich: folds 
Uncalled bet ($0.03) returned to TRobertoTR
TRobertoTR collected $0.04 from pot
piernen leaves the table
TRobertoTR: doesn't show hand 
*** SUMMARY ***
Total pot $0.04 | Rake $0 
Seat 1: Dorex2007 folded before Flop (didn't bet)
Seat 2: Colt_BLR folded before Flop (didn't bet)
Seat 3: henriquefjc folded before Flop (didn't bet)
Seat 4: notis-magia (button) folded before Flop (didn't bet)
Seat 5: Hatkevich (small blind) folded before Flop
Seat 8: TRobertoTR (big blind) collected ($0.04)
Seat 9: raika14 folded before Flop (didn't bet)



PokerStars Hand #238419614042:  Hold'em No Limit ($0.02/$0.05 USD) - 2022/09/04 14:29:56 PT [2022/09/04 17:29:56 ET]
Table 'Bistro' 9-max Seat #5 is the button
Seat 1: Dorex2007 ($5.01 in chips) 
Seat 2: Colt_BLR ($7.99 in chips) 
Seat 3: henriquefjc ($5.25 in chips) 
Seat 4: notis-magia ($4.61 in chips) 
Seat 5: Hatkevich ($5.02 in chips) 
Seat 8: TRobertoTR ($7.12 in chips) 
Seat 9: raika14 ($5.50 in chips) 
TRobertoTR: posts small blind $0.02
raika14: posts big blind $0.05
*** HOLE CARDS ***
Dealt to Dorex2007 [3s Qd]
Dorex2007: folds 
Ewol17 joins the table at seat #7 
Colt_BLR: folds 
henriquefjc: raises $0.07 to $0.12
notis-magia: folds 
Hatkevich: calls $0.12
TRobertoTR: folds 
raika14: folds 
*** FLOP *** [Ks 6h 4d]
henriquefjc: bets $0.25
Hatkevich: folds 
Uncalled bet ($0.25) returned to henriquefjc
henriquefjc collected $0.30 from pot
henriquefjc: doesn't show hand 
*** SUMMARY ***
Total pot $0.31 | Rake $0.01 
Board [Ks 6h 4d]
Seat 1: Dorex2007 folded before Flop (didn't bet)
Seat 2: Colt_BLR folded before Flop (didn't bet)
Seat 3: henriquefjc collected ($0.30)
Seat 4: notis-magia folded before Flop (didn't bet)
Seat 5: Hatkevich (button) folded on the Flop
Seat 8: TRobertoTR (small blind) folded before Flop
Seat 9: raika14 (big blind) folded before Flop



PokerStars Hand #238419628519:  Hold'em No Limit ($0.02/$0.05 USD) - 2022/09/04 14:30:28 PT [2022/09/04 17:30:28 ET]
Table 'Bistro' 9-max Seat #8 is the button
Seat 1: Dorex2007 ($5.01 in chips) 
Seat 2: Colt_BLR ($7.99 in chips) 
Seat 3: henriquefjc ($5.43 in chips) 
Seat 4: notis-magia ($4.61 in chips) 
Seat 5: Hatkevich ($5 in chips) 
Seat 8: TRobertoTR ($7.10 in chips) 
Seat 9: raika14 ($5.45 in chips) 
raika14: posts small blind $0.02
Dorex2007: posts big blind $0.05
Ewol17: sits out 
*** HOLE CARDS ***
Dealt to Dorex2007 [Qh Qs]
Colt_BLR: folds 
henriquefjc: folds 
notis-magia: folds 
Hatkevich: folds 
TRobertoTR: raises $0.05 to $0.10
raika14: raises $0.40 to $0.50
Dorex2007: folds 
TRobertoTR: folds 
Uncalled bet ($0.40) returned to raika14
raika14 collected $0.25 from pot
raika14: doesn't show hand 
*** SUMMARY ***
Total pot $0.25 | Rake $0 
Seat 1: Dorex2007 (big blind) folded before Flop
Seat 2: Colt_BLR folded before Flop (didn't bet)
Seat 3: henriquefjc folded before Flop (didn't bet)
Seat 4: notis-magia folded before Flop (didn't bet)
Seat 5: Hatkevich folded before Flop (didn't bet)
Seat 8: TRobertoTR (button) folded before Flop
Seat 9: raika14 (small blind) collected ($0.25)



PokerStars Hand #238419646261:  Hold'em No Limit ($0.02/$0.05 USD) - 2022/09/04 14:31:07 PT [2022/09/04 17:31:07 ET]
Table 'Bistro' 9-max Seat #9 is the button
Seat 1: Dorex2007 ($5 in chips) 
Seat 2: Colt_BLR ($7.99 in chips) 
Seat 3: henriquefjc ($5.43 in chips) 
Seat 4: notis-magia ($4.61 in chips) 
Seat 5: Hatkevich ($5 in chips) 
Seat 8: TRobertoTR ($7 in chips) 
Seat 9: raika14 ($5.60 in chips) 
Dorex2007: posts small blind $0.02
Colt_BLR: posts big blind $0.05
Ewol17: sits out 
*** HOLE CARDS ***
Dealt to Dorex2007 [2h Jd]
henriquefjc: folds 
notis-magia: raises $0.10 to $0.15
Hatkevich: raises $0.35 to $0.50
TRobertoTR: calls $0.50
raika14: calls $0.50
Dorex2007: folds 
Colt_BLR: folds 
notis-magia: folds 
*** FLOP *** [7h 9h Qc]
Hatkevich: checks 
TRobertoTR: checks 
raika14: checks 
*** TURN *** [7h 9h Qc] [Kd]
Hatkevich: bets $0.75
TRobertoTR: calls $0.75
raika14: folds 
*** RIVER *** [7h 9h Qc Kd] [5c]
Hatkevich: checks 
TRobertoTR: bets $2.25
Hatkevich: calls $2.25
*** SHOW DOWN ***
TRobertoTR: shows [7d 7c] (three of a kind, Sevens)
Hatkevich: mucks hand 
TRobertoTR collected $7.40 from pot
*** SUMMARY ***
Total pot $7.72 | Rake $0.32 
Board [7h 9h Qc Kd 5c]
Seat 1: Dorex2007 (small blind) folded before Flop
Seat 2: Colt_BLR (big blind) folded before Flop
Seat 3: henriquefjc folded before Flop (didn't bet)
Seat 4: notis-magia folded before Flop
Seat 5: Hatkevich mucked [As Kc]
Seat 8: TRobertoTR showed [7d 7c] and won ($7.40) with three of a kind, Sevens
Seat 9: raika14 (button) folded on the Turn



PokerStars Hand #238419692001:  Hold'em No Limit ($0.02/$0.05 USD) - 2022/09/04 14:32:49 PT [2022/09/04 17:32:49 ET]
Table 'Bistro' 9-max Seat #1 is the button
Seat 1: Dorex2007 ($5 in chips) 
Seat 2: Colt_BLR ($7.94 in chips) 
Seat 3: henriquefjc ($5.43 in chips) 
Seat 4: notis-magia ($4.46 in chips) 
Seat 5: Hatkevich ($5 in chips) 
Seat 7: Ewol17 ($2 in chips) 
Seat 8: TRobertoTR ($10.90 in chips) 
Seat 9: raika14 ($5.10 in chips) 
Colt_BLR: posts small blind $0.02
henriquefjc: posts big blind $0.05
Ewol17: posts big blind $0.05
*** HOLE CARDS ***
Dealt to Dorex2007 [3c 8s]
notis-magia: raises $0.10 to $0.15
Hatkevich: folds 
Ewol17: folds 
TRobertoTR: folds 
raika14: folds 
Dorex2007: folds 
Colt_BLR: folds 
henriquefjc: folds 
Uncalled bet ($0.10) returned to notis-magia
notis-magia collected $0.17 from pot
notis-magia: doesn't show hand 
*** SUMMARY ***
Total pot $0.17 | Rake $0 
Seat 1: Dorex2007 (button) folded before Flop (didn't bet)
Seat 2: Colt_BLR (small blind) folded before Flop
Seat 3: henriquefjc (big blind) folded before Flop
Seat 4: notis-magia collected ($0.17)
Seat 5: Hatkevich folded before Flop (didn't bet)
Seat 7: Ewol17 folded before Flop (didn't bet)
Seat 8: TRobertoTR folded before Flop (didn't bet)
Seat 9: raika14 folded before Flop (didn't bet)



PokerStars Hand #238419710357:  Hold'em No Limit ($0.02/$0.05 USD) - 2022/09/04 14:33:31 PT [2022/09/04 17:33:31 ET]
Table 'Bistro' 9-max Seat #2 is the button
Seat 1: Dorex2007 ($5 in chips) 
Seat 2: Colt_BLR ($7.92 in chips) 
Seat 3: henriquefjc ($5.38 in chips) 
Seat 4: notis-magia ($4.58 in chips) 
Seat 5: Hatkevich ($5 in chips) 
Seat 7: Ewol17 ($1.95 in chips) 
Seat 8: TRobertoTR ($10.90 in chips) 
Seat 9: raika14 ($5.10 in chips) 
henriquefjc: posts small blind $0.02
notis-magia: posts big blind $0.05
*** HOLE CARDS ***
Dealt to Dorex2007 [6s 2s]
Hatkevich: folds 
Ewol17: folds 
TRobertoTR: calls $0.05
raika14: folds 
Dorex2007: folds 
Colt_BLR: folds 
henriquefjc: calls $0.03
notis-magia: checks 
*** FLOP *** [9c Js 8d]
henriquefjc: checks 
notis-magia: checks 
TRobertoTR: checks 
*** TURN *** [9c Js 8d] [Kh]
henriquefjc: checks 
notis-magia: checks 
TRobertoTR: bets $0.25
henriquefjc: folds 
notis-magia: folds 
Uncalled bet ($0.25) returned to TRobertoTR
TRobertoTR collected $0.14 from pot
TRobertoTR: doesn't show hand 
*** SUMMARY ***
Total pot $0.15 | Rake $0.01 
Board [9c Js 8d Kh]
Seat 1: Dorex2007 folded before Flop (didn't bet)
Seat 2: Colt_BLR (button) folded before Flop (didn't bet)
Seat 3: henriquefjc (small blind) folded on the Turn
Seat 4: notis-magia (big blind) folded on the Turn
Seat 5: Hatkevich folded before Flop (didn't bet)
Seat 7: Ewol17 folded before Flop (didn't bet)
Seat 8: TRobertoTR collected ($0.14)
Seat 9: raika14 folded before Flop (didn't bet)



PokerStars Hand #238419736073:  Hold'em No Limit ($0.02/$0.05 USD) - 2022/09/04 14:34:29 PT [2022/09/04 17:34:29 ET]
Table 'Bistro' 9-max Seat #3 is the button
Seat 1: Dorex2007 ($5 in chips) 
Seat 2: Colt_BLR ($7.92 in chips) 
Seat 3: henriquefjc ($5.33 in chips) 
Seat 4: notis-magia ($4.53 in chips) 
Seat 5: Hatkevich ($5 in chips) 
Seat 7: Ewol17 ($1.95 in chips) 
Seat 8: TRobertoTR ($10.99 in chips) 
Seat 9: raika14 ($5.10 in chips) 
notis-magia: posts small blind $0.02
Hatkevich: posts big blind $0.05
*** HOLE CARDS ***
Dealt to Dorex2007 [Qh Jh]
Ewol17: folds 
TRobertoTR: folds 
raika14: folds 
Dorex2007: raises $0.12 to $0.17
Colt_BLR: calls $0.17
henriquefjc: folds 
notis-magia: folds 
Hatkevich: folds 
*** FLOP *** [4s Ah 9c]
Dorex2007: checks 
Colt_BLR: checks 
*** TURN *** [4s Ah 9c] [Kd]
Dorex2007: checks 
Colt_BLR: checks 
*** RIVER *** [4s Ah 9c Kd] [6c]
Dorex2007: bets $0.19
Colt_BLR: folds 
Uncalled bet ($0.19) returned to Dorex2007
Dorex2007 collected $0.39 from pot
Dorex2007: doesn't show hand 
*** SUMMARY ***
Total pot $0.41 | Rake $0.02 
Board [4s Ah 9c Kd 6c]
Seat 1: Dorex2007 collected ($0.39)
Seat 2: Colt_BLR folded on the River
Seat 3: henriquefjc (button) folded before Flop (didn't bet)
Seat 4: notis-magia (small blind) folded before Flop
Seat 5: Hatkevich (big blind) folded before Flop
Seat 7: Ewol17 folded before Flop (didn't bet)
Seat 8: TRobertoTR folded before Flop (didn't bet)
Seat 9: raika14 folded before Flop (didn't bet)



PokerStars Hand #238419755486:  Hold'em No Limit ($0.02/$0.05 USD) - 2022/09/04 14:35:12 PT [2022/09/04 17:35:12 ET]
Table 'Bistro' 9-max Seat #4 is the button
Seat 1: Dorex2007 ($5.22 in chips) 
Seat 2: Colt_BLR ($7.75 in chips) 
Seat 3: henriquefjc ($5.33 in chips) 
Seat 4: notis-magia ($4.51 in chips) 
Seat 5: Hatkevich ($5 in chips) 
Seat 7: Ewol17 ($1.95 in chips) 
Seat 8: TRobertoTR ($10.99 in chips) 
Seat 9: raika14 ($5.10 in chips) 
Hatkevich: posts small blind $0.02
Ewol17: posts big blind $0.05
*** HOLE CARDS ***
Dealt to Dorex2007 [Qs 3s]
TRobertoTR: folds 
raika14: folds 
Dorex2007: folds 
Colt_BLR: folds 
henriquefjc: raises $0.12 to $0.17
notis-magia: folds 
Hatkevich: folds 
Ewol17: folds 
Uncalled bet ($0.12) returned to henriquefjc
henriquefjc collected $0.12 from pot
henriquefjc: doesn't show hand 
*** SUMMARY ***
Total pot $0.12 | Rake $0 
Seat 1: Dorex2007 folded before Flop (didn't bet)
Seat 2: Colt_BLR folded before Flop (didn't bet)
Seat 3: henriquefjc collected ($0.12)
Seat 4: notis-magia (button) folded before Flop (didn't bet)
Seat 5: Hatkevich (small blind) folded before Flop
Seat 7: Ewol17 (big blind) folded before Flop
Seat 8: TRobertoTR folded before Flop (didn't bet)
Seat 9: raika14 folded before Flop (didn't bet)



PokerStars Hand #238419765261:  Hold'em No Limit ($0.02/$0.05 USD) - 2022/09/04 14:35:35 PT [2022/09/04 17:35:35 ET]
Table 'Bistro' 9-max Seat #5 is the button
Seat 1: Dorex2007 ($5.22 in chips) 
Seat 2: Colt_BLR ($7.75 in chips) 
Seat 3: henriquefjc ($5.40 in chips) 
Seat 4: notis-magia ($4.51 in chips) 
Seat 5: Hatkevich ($5 in chips) 
Seat 7: Ewol17 ($1.90 in chips) 
Seat 8: TRobertoTR ($10.99 in chips) 
Seat 9: raika14 ($5.10 in chips) 
Ewol17: posts small blind $0.02
TRobertoTR: posts big blind $0.05
*** HOLE CARDS ***
Dealt to Dorex2007 [Kc 2d]
raika14: folds 
Dorex2007: folds 
Colt_BLR: folds 
henriquefjc: folds 
notis-magia: folds 
Hatkevich: folds 
Ewol17: folds 
Uncalled bet ($0.03) returned to TRobertoTR
TRobertoTR collected $0.04 from pot
TRobertoTR: doesn't show hand 
*** SUMMARY ***
Total pot $0.04 | Rake $0 
Seat 1: Dorex2007 folded before Flop (didn't bet)
Seat 2: Colt_BLR folded before Flop (didn't bet)
Seat 3: henriquefjc folded before Flop (didn't bet)
Seat 4: notis-magia folded before Flop (didn't bet)
Seat 5: Hatkevich (button) folded before Flop (didn't bet)
Seat 7: Ewol17 (small blind) folded before Flop
Seat 8: TRobertoTR (big blind) collected ($0.04)
Seat 9: raika14 folded before Flop (didn't bet)



PokerStars Hand #238419776459:  Hold'em No Limit ($0.02/$0.05 USD) - 2022/09/04 14:36:00 PT [2022/09/04 17:36:00 ET]
Table 'Bistro' 9-max Seat #7 is the button
Seat 1: Dorex2007 ($5.22 in chips) 
Seat 2: Colt_BLR ($7.75 in chips) 
Seat 3: henriquefjc ($5.40 in chips) 
Seat 4: notis-magia ($4.51 in chips) 
Seat 5: Hatkevich ($5 in chips) 
Seat 7: Ewol17 ($1.88 in chips) 
Seat 8: TRobertoTR ($11.01 in chips) 
Seat 9: raika14 ($5.10 in chips) 
TRobertoTR: posts small blind $0.02
raika14: posts big blind $0.05
*** HOLE CARDS ***
Dealt to Dorex2007 [Qh Qs]
Dorex2007: raises $0.10 to $0.15
Colt_BLR: folds 
henriquefjc: folds 
notis-magia: folds 
Hatkevich: folds 
Ewol17: folds 
TRobertoTR: calls $0.13
raika14: folds 
*** FLOP *** [3d Ah 9c]
TRobertoTR: checks 
Dorex2007: bets $0.23
TRobertoTR: folds 
Uncalled bet ($0.23) returned to Dorex2007
Dorex2007 collected $0.34 from pot
Dorex2007: doesn't show hand 
*** SUMMARY ***
Total pot $0.35 | Rake $0.01 
Board [3d Ah 9c]
Seat 1: Dorex2007 collected ($0.34)
Seat 2: Colt_BLR folded before Flop (didn't bet)
Seat 3: henriquefjc folded before Flop (didn't bet)
Seat 4: notis-magia folded before Flop (didn't bet)
Seat 5: Hatkevich folded before Flop (didn't bet)
Seat 7: Ewol17 (button) folded before Flop (didn't bet)
Seat 8: TRobertoTR (small blind) folded on the Flop
Seat 9: raika14 (big blind) folded before Flop



PokerStars Hand #238419797440:  Hold'em No Limit ($0.02/$0.05 USD) - 2022/09/04 14:36:48 PT [2022/09/04 17:36:48 ET]
Table 'Bistro' 9-max Seat #8 is the button
Seat 1: Dorex2007 ($5.41 in chips) 
Seat 2: Colt_BLR ($7.75 in chips) 
Seat 3: henriquefjc ($5.40 in chips) 
Seat 4: notis-magia ($4.51 in chips) 
Seat 5: Hatkevich ($5 in chips) 
Seat 7: Ewol17 ($1.88 in chips) 
Seat 8: TRobertoTR ($10.86 in chips) 
Seat 9: raika14 ($5.05 in chips) 
raika14: posts small blind $0.02
Dorex2007: posts big blind $0.05
*** HOLE CARDS ***
Dealt to Dorex2007 [Kd 9c]
Colt_BLR: folds 
henriquefjc: folds 
notis-magia: folds 
Hatkevich: folds 
ehbaron leaves the table
Ewol17: raises $0.10 to $0.15
TRobertoTR: calls $0.15
raika14: folds 
Dorex2007: folds 
*** FLOP *** [As Ac 4c]
Colt_BLR leaves the table
Ewol17: checks 
TRobertoTR: checks 
*** TURN *** [As Ac 4c] [3c]
Ewol17: bets $0.17
TRobertoTR: calls $0.17
*** RIVER *** [As Ac 4c 3c] [8c]
Ewol17: checks 
TRobertoTR: bets $0.68
Ewol17: calls $0.68
*** SHOW DOWN ***
TRobertoTR: shows [5c 5s] (a flush, Ace high)
Ewol17: shows [Td Tc] (a flush, Ace high - Ten higher)
Ewol17 collected $1.98 from pot
*** SUMMARY ***
Total pot $2.07 | Rake $0.09 
Board [As Ac 4c 3c 8c]
Seat 1: Dorex2007 (big blind) folded before Flop
Seat 2: Colt_BLR folded before Flop (didn't bet)
Seat 3: henriquefjc folded before Flop (didn't bet)
Seat 4: notis-magia folded before Flop (didn't bet)
Seat 5: Hatkevich folded before Flop (didn't bet)
Seat 7: Ewol17 showed [Td Tc] and won ($1.98) with a flush, Ace high
Seat 8: TRobertoTR (button) showed [5c 5s] and lost with a flush, Ace high
Seat 9: raika14 (small blind) folded before Flop



PokerStars Hand #238419818659:  Hold'em No Limit ($0.02/$0.05 USD) - 2022/09/04 14:37:36 PT [2022/09/04 17:37:36 ET]
Table 'Bistro' 9-max Seat #9 is the button
Seat 1: Dorex2007 ($5.36 in chips) 
Seat 3: henriquefjc ($5.40 in chips) 
Seat 4: notis-magia ($4.51 in chips) 
Seat 5: Hatkevich ($5 in chips) 
Seat 7: Ewol17 ($2.86 in chips) 
Seat 8: TRobertoTR ($9.86 in chips) 
Seat 9: raika14 ($5.03 in chips) 
Dorex2007: posts small blind $0.02
henriquefjc: posts big blind $0.05
*** HOLE CARDS ***
Dealt to Dorex2007 [Jd Kh]
notis-magia: folds 
Hatkevich: folds 
Ewol17: folds 
TRobertoTR: folds 
raika14: raises $0.10 to $0.15
Dorex2007: calls $0.13
henriquefjc: folds 
*** FLOP *** [3s 4s Ah]
Dorex2007: checks 
mahspace joins the table at seat #2 
raika14: checks 
*** TURN *** [3s 4s Ah] [2c]
Dorex2007: checks 
raika14: checks 
*** RIVER *** [3s 4s Ah 2c] [Js]
Dorex2007: bets $0.34
raika14: folds 
Uncalled bet ($0.34) returned to Dorex2007
Dorex2007 collected $0.34 from pot
Dorex2007: doesn't show hand 
*** SUMMARY ***
Total pot $0.35 | Rake $0.01 
Board [3s 4s Ah 2c Js]
Seat 1: Dorex2007 (small blind) collected ($0.34)
Seat 3: henriquefjc (big blind) folded before Flop
Seat 4: notis-magia folded before Flop (didn't bet)
Seat 5: Hatkevich folded before Flop (didn't bet)
Seat 7: Ewol17 folded before Flop (didn't bet)
Seat 8: TRobertoTR folded before Flop (didn't bet)
Seat 9: raika14 (button) folded on the River



PokerStars Hand #238419838072:  Hold'em No Limit ($0.02/$0.05 USD) - 2022/09/04 14:38:20 PT [2022/09/04 17:38:20 ET]
Table 'Bistro' 9-max Seat #1 is the button
Seat 1: Dorex2007 ($5.55 in chips) 
Seat 3: henriquefjc ($5.35 in chips) 
Seat 4: notis-magia ($4.51 in chips) 
Seat 5: Hatkevich ($5 in chips) 
Seat 7: Ewol17 ($2.86 in chips) 
Seat 8: TRobertoTR ($9.86 in chips) 
Seat 9: raika14 ($5 in chips) 
henriquefjc: posts small blind $0.02
notis-magia: posts big blind $0.05
*** HOLE CARDS ***
Dealt to Dorex2007 [3h 5d]
Hatkevich: folds 
Ewol17: raises $0.05 to $0.10
TRobertoTR: folds 
raika14: folds 
Dorex2007: folds 
henriquefjc: folds 
notis-magia: folds 
Uncalled bet ($0.05) returned to Ewol17
Ewol17 collected $0.12 from pot
Ewol17: doesn't show hand 
*** SUMMARY ***
Total pot $0.12 | Rake $0 
Seat 1: Dorex2007 (button) folded before Flop (didn't bet)
Seat 3: henriquefjc (small blind) folded before Flop
Seat 4: notis-magia (big blind) folded before Flop
Seat 5: Hatkevich folded before Flop (didn't bet)
Seat 7: Ewol17 collected ($0.12)
Seat 8: TRobertoTR folded before Flop (didn't bet)
Seat 9: raika14 folded before Flop (didn't bet)



PokerStars Hand #238419850700:  Hold'em No Limit ($0.02/$0.05 USD) - 2022/09/04 14:38:48 PT [2022/09/04 17:38:48 ET]
Table 'Bistro' 9-max Seat #3 is the button
Seat 1: Dorex2007 ($5.55 in chips) 
Seat 3: henriquefjc ($5.33 in chips) 
Seat 4: notis-magia ($4.46 in chips) 
Seat 5: Hatkevich ($5 in chips) 
Seat 7: Ewol17 ($2.93 in chips) 
Seat 8: TRobertoTR ($9.86 in chips) 
Seat 9: raika14 ($5 in chips) 
notis-magia: posts small blind $0.02
Hatkevich: posts big blind $0.05
mahspace: sits out 
*** HOLE CARDS ***
Dealt to Dorex2007 [2h 3h]
Ewol17: folds 
TRobertoTR: folds 
raika14: folds 
Dorex2007: folds 
henriquefjc: folds 
notis-magia: folds 
Uncalled bet ($0.03) returned to Hatkevich
Hatkevich collected $0.04 from pot
Hatkevich: doesn't show hand 
*** SUMMARY ***
Total pot $0.04 | Rake $0 
Seat 1: Dorex2007 folded before Flop (didn't bet)
Seat 3: henriquefjc (button) folded before Flop (didn't bet)
Seat 4: notis-magia (small blind) folded before Flop
Seat 5: Hatkevich (big blind) collected ($0.04)
Seat 7: Ewol17 folded before Flop (didn't bet)
Seat 8: TRobertoTR folded before Flop (didn't bet)
Seat 9: raika14 folded before Flop (didn't bet)



PokerStars Hand #238419856730:  Hold'em No Limit ($0.02/$0.05 USD) - 2022/09/04 14:39:02 PT [2022/09/04 17:39:02 ET]
Table 'Bistro' 9-max Seat #4 is the button
Seat 1: Dorex2007 ($5.55 in chips) 
Seat 3: henriquefjc ($5.33 in chips) 
Seat 4: notis-magia ($4.44 in chips) 
Seat 5: Hatkevich ($5.02 in chips) 
Seat 7: Ewol17 ($2.93 in chips) 
Seat 8: TRobertoTR ($9.86 in chips) 
Seat 9: raika14 ($5 in chips) 
Hatkevich: posts small blind $0.02
Ewol17: posts big blind $0.05
mahspace: sits out 
*** HOLE CARDS ***
Dealt to Dorex2007 [Ah Jd]
TRobertoTR: folds 
raika14: folds 
Dorex2007: raises $0.05 to $0.10
henriquefjc: folds 
notis-magia: folds 
Hatkevich: folds 
Ewol17: raises $0.05 to $0.15
Dorex2007: calls $0.05
*** FLOP *** [Tc Jh 5s]
Ewol17: checks 
Dorex2007: bets $0.31
JRthrees joins the table at seat #6 
Ewol17: folds 
Uncalled bet ($0.31) returned to Dorex2007
Dorex2007 collected $0.31 from pot
Dorex2007: doesn't show hand 
*** SUMMARY ***
Total pot $0.32 | Rake $0.01 
Board [Tc Jh 5s]
Seat 1: Dorex2007 collected ($0.31)
Seat 3: henriquefjc folded before Flop (didn't bet)
Seat 4: notis-magia (button) folded before Flop (didn't bet)
Seat 5: Hatkevich (small blind) folded before Flop
Seat 7: Ewol17 (big blind) folded on the Flop
Seat 8: TRobertoTR folded before Flop (didn't bet)
Seat 9: raika14 folded before Flop (didn't bet)



PokerStars Hand #238419873040:  Hold'em No Limit ($0.02/$0.05 USD) - 2022/09/04 14:39:39 PT [2022/09/04 17:39:39 ET]
Table 'Bistro' 9-max Seat #5 is the button
Seat 1: Dorex2007 ($5.71 in chips) 
Seat 3: henriquefjc ($5.33 in chips) 
Seat 4: notis-magia ($4.44 in chips) 
Seat 5: Hatkevich ($5 in chips) 
Seat 7: Ewol17 ($2.78 in chips) 
Seat 8: TRobertoTR ($9.86 in chips) 
Seat 9: raika14 ($5 in chips) 
Ewol17: posts small blind $0.02
TRobertoTR: posts big blind $0.05
mahspace: sits out 
*** HOLE CARDS ***
Dealt to Dorex2007 [7d Th]
raika14: folds 
Dorex2007: folds 
henriquefjc: calls $0.05
notis-magia: folds 
Hatkevich: folds 
Ewol17: folds 
TRobertoTR: checks 
*** FLOP *** [Kc 4s Qc]
TRobertoTR: checks 
henriquefjc: bets $0.10
TRobertoTR: calls $0.10
*** TURN *** [Kc 4s Qc] [3c]
TRobertoTR: bets $0.31
henriquefjc: folds 
Uncalled bet ($0.31) returned to TRobertoTR
TRobertoTR collected $0.31 from pot
TRobertoTR: doesn't show hand 
*** SUMMARY ***
Total pot $0.32 | Rake $0.01 
Board [Kc 4s Qc 3c]
Seat 1: Dorex2007 folded before Flop (didn't bet)
Seat 3: henriquefjc folded on the Turn
Seat 4: notis-magia folded before Flop (didn't bet)
Seat 5: Hatkevich (button) folded before Flop (didn't bet)
Seat 7: Ewol17 (small blind) folded before Flop
Seat 8: TRobertoTR (big blind) collected ($0.31)
Seat 9: raika14 folded before Flop (didn't bet)



PokerStars Hand #238419892299:  Hold'em No Limit ($0.02/$0.05 USD) - 2022/09/04 14:40:23 PT [2022/09/04 17:40:23 ET]
Table 'Bistro' 9-max Seat #7 is the button
Seat 1: Dorex2007 ($5.71 in chips) 
Seat 3: henriquefjc ($5.18 in chips) 
Seat 4: notis-magia ($4.44 in chips) 
Seat 5: Hatkevich ($5 in chips) 
Seat 6: JRthrees ($4 in chips) 
Seat 7: Ewol17 ($2.76 in chips) 
Seat 8: TRobertoTR ($10.02 in chips) 
Seat 9: raika14 ($5 in chips) 
TRobertoTR: posts small blind $0.02
raika14: posts big blind $0.05
mahspace: sits out 
JRthrees: posts big blind $0.05
*** HOLE CARDS ***
Dealt to Dorex2007 [4h Qs]
Dorex2007: folds 
henriquefjc: folds 
notis-magia: folds 
Hatkevich: folds 
JRthrees: checks 
Ewol17 has timed out
Ewol17: folds 
TRobertoTR: calls $0.03
raika14: checks 
*** FLOP *** [3h 2d 6s]
TRobertoTR: checks 
raika14: checks 
JRthrees: bets $0.07
TRobertoTR: folds 
raika14: calls $0.07
*** TURN *** [3h 2d 6s] [8d]
raika14: checks 
JRthrees: bets $0.28
raika14: folds 
Uncalled bet ($0.28) returned to JRthrees
JRthrees collected $0.28 from pot
JRthrees: doesn't show hand 
*** SUMMARY ***
Total pot $0.29 | Rake $0.01 
Board [3h 2d 6s 8d]
Seat 1: Dorex2007 folded before Flop (didn't bet)
Seat 3: henriquefjc folded before Flop (didn't bet)
Seat 4: notis-magia folded before Flop (didn't bet)
Seat 5: Hatkevich folded before Flop (didn't bet)
Seat 6: JRthrees collected ($0.28)
Seat 7: Ewol17 (button) folded before Flop (didn't bet)
Seat 8: TRobertoTR (small blind) folded on the Flop
Seat 9: raika14 (big blind) folded on the Turn



PokerStars Hand #238419922305:  Hold'em No Limit ($0.02/$0.05 USD) - 2022/09/04 14:41:33 PT [2022/09/04 17:41:33 ET]
Table 'Bistro' 9-max Seat #8 is the button
Seat 1: Dorex2007 ($5.71 in chips) 
Seat 3: henriquefjc ($5.18 in chips) 
Seat 4: notis-magia ($4.44 in chips) 
Seat 5: Hatkevich ($5 in chips) 
Seat 6: JRthrees ($4.16 in chips) 
Seat 7: Ewol17 ($2.76 in chips) 
Seat 8: TRobertoTR ($9.97 in chips) 
Seat 9: raika14 ($5 in chips) 
raika14: posts small blind $0.02
Dorex2007: posts big blind $0.05
mahspace: sits out 
*** HOLE CARDS ***
Dealt to Dorex2007 [6h 8s]
henriquefjc: folds 
notis-magia: folds 
Hatkevich: folds 
JRthrees has timed out
JRthrees: folds 
Ewol17: folds 
TRobertoTR: raises $0.05 to $0.10
raika14: raises $0.40 to $0.50
Dorex2007: folds 
TRobertoTR: calls $0.40
*** FLOP *** [3h Kc 2s]
raika14: bets $0.50
TRobertoTR: folds 
Uncalled bet ($0.50) returned to raika14
raika14 collected $1.01 from pot
raika14: doesn't show hand 
*** SUMMARY ***
Total pot $1.05 | Rake $0.04 
Board [3h Kc 2s]
Seat 1: Dorex2007 (big blind) folded before Flop
Seat 3: henriquefjc folded before Flop (didn't bet)
Seat 4: notis-magia folded before Flop (didn't bet)
Seat 5: Hatkevich folded before Flop (didn't bet)
Seat 6: JRthrees folded before Flop (didn't bet)
Seat 7: Ewol17 folded before Flop (didn't bet)
Seat 8: TRobertoTR (button) folded on the Flop
Seat 9: raika14 (small blind) collected ($1.01)



PokerStars Hand #238419941632:  Hold'em No Limit ($0.02/$0.05 USD) - 2022/09/04 14:42:18 PT [2022/09/04 17:42:18 ET]
Table 'Bistro' 9-max Seat #9 is the button
Seat 1: Dorex2007 ($5.66 in chips) 
Seat 2: mahspace ($5 in chips) 
Seat 3: henriquefjc ($5.18 in chips) 
Seat 4: notis-magia ($4.44 in chips) 
Seat 5: Hatkevich ($5 in chips) 
Seat 6: JRthrees ($4.16 in chips) 
Seat 7: Ewol17 ($2.76 in chips) 
Seat 8: TRobertoTR ($9.47 in chips) 
Seat 9: raika14 ($5.51 in chips) 
Dorex2007: posts small blind $0.02
mahspace: posts big blind $0.05
*** HOLE CARDS ***
Dealt to Dorex2007 [Qh Kh]
henriquefjc: folds 
notis-magia: folds 
Hatkevich: folds 
JRthrees: folds 
Ewol17: folds 
TRobertoTR: folds 
raika14: raises $0.10 to $0.15
Dorex2007: calls $0.13
mahspace: folds 
*** FLOP *** [5d 8c 2h]
Dorex2007: checks 
raika14: bets $0.24
Dorex2007: calls $0.24
*** TURN *** [5d 8c 2h] [Jd]
Dorex2007: checks 
raika14: bets $0.58
Dorex2007: folds 
Uncalled bet ($0.58) returned to raika14
raika14 collected $0.80 from pot
raika14: doesn't show hand 
*** SUMMARY ***
Total pot $0.83 | Rake $0.03 
Board [5d 8c 2h Jd]
Seat 1: Dorex2007 (small blind) folded on the Turn
Seat 2: mahspace (big blind) folded before Flop
Seat 3: henriquefjc folded before Flop (didn't bet)
Seat 4: notis-magia folded before Flop (didn't bet)
Seat 5: Hatkevich folded before Flop (didn't bet)
Seat 6: JRthrees folded before Flop (didn't bet)
Seat 7: Ewol17 folded before Flop (didn't bet)
Seat 8: TRobertoTR folded before Flop (didn't bet)
Seat 9: raika14 (button) collected ($0.80)



PokerStars Hand #238419956977:  Hold'em No Limit ($0.02/$0.05 USD) - 2022/09/04 14:42:54 PT [2022/09/04 17:42:54 ET]
Table 'Bistro' 9-max Seat #1 is the button
Seat 1: Dorex2007 ($5.27 in chips) 
Seat 2: mahspace ($4.95 in chips) 
Seat 3: henriquefjc ($5.18 in chips) 
Seat 4: notis-magia ($4.44 in chips) 
Seat 5: Hatkevich ($5 in chips) 
Seat 6: JRthrees ($4.16 in chips) 
Seat 7: Ewol17 ($2.76 in chips) 
Seat 8: TRobertoTR ($9.47 in chips) 
Seat 9: raika14 ($5.92 in chips) 
mahspace: posts small blind $0.02
henriquefjc: posts big blind $0.05
*** HOLE CARDS ***
Dealt to Dorex2007 [9s 3s]
notis-magia: folds 
Hatkevich: folds 
JRthrees: folds 
Ewol17: folds 
TRobertoTR: folds 
raika14: folds 
Dorex2007: folds 
mahspace: folds 
Uncalled bet ($0.03) returned to henriquefjc
henriquefjc collected $0.04 from pot
raika14 leaves the table
henriquefjc: doesn't show hand 
*** SUMMARY ***
Total pot $0.04 | Rake $0 
Seat 1: Dorex2007 (button) folded before Flop (didn't bet)
Seat 2: mahspace (small blind) folded before Flop
Seat 3: henriquefjc (big blind) collected ($0.04)
Seat 4: notis-magia folded before Flop (didn't bet)
Seat 5: Hatkevich folded before Flop (didn't bet)
Seat 6: JRthrees folded before Flop (didn't bet)
Seat 7: Ewol17 folded before Flop (didn't bet)
Seat 8: TRobertoTR folded before Flop (didn't bet)
Seat 9: raika14 folded before Flop (didn't bet)



PokerStars Hand #238419968058:  Hold'em No Limit ($0.02/$0.05 USD) - 2022/09/04 14:43:21 PT [2022/09/04 17:43:21 ET]
Table 'Bistro' 9-max Seat #2 is the button
Seat 1: Dorex2007 ($5.27 in chips) 
Seat 2: mahspace ($4.93 in chips) 
Seat 3: henriquefjc ($5.20 in chips) 
Seat 4: notis-magia ($4.44 in chips) 
Seat 5: Hatkevich ($5 in chips) 
Seat 6: JRthrees ($4.16 in chips) 
Seat 7: Ewol17 ($2.76 in chips) 
Seat 8: TRobertoTR ($9.47 in chips) 
henriquefjc: posts small blind $0.02
notis-magia: posts big blind $0.05
*** HOLE CARDS ***
Dealt to Dorex2007 [Ac 9c]
vlasyk2017 joins the table at seat #9 
Hatkevich: raises $0.07 to $0.12
JRthrees: folds 
Ewol17: folds 
TRobertoTR: folds 
Dorex2007: calls $0.12
mahspace: folds 
henriquefjc: calls $0.10
notis-magia: calls $0.07
*** FLOP *** [Jh Js 4c]
henriquefjc: checks 
notis-magia: checks 
Hatkevich: bets $0.25
Dorex2007: folds 
henriquefjc: folds 
notis-magia: folds 
Uncalled bet ($0.25) returned to Hatkevich
Hatkevich collected $0.46 from pot
Hatkevich: doesn't show hand 
*** SUMMARY ***
Total pot $0.48 | Rake $0.02 
Board [Jh Js 4c]
Seat 1: Dorex2007 folded on the Flop
Seat 2: mahspace (button) folded before Flop (didn't bet)
Seat 3: henriquefjc (small blind) folded on the Flop
Seat 4: notis-magia (big blind) folded on the Flop
Seat 5: Hatkevich collected ($0.46)
Seat 6: JRthrees folded before Flop (didn't bet)
Seat 7: Ewol17 folded before Flop (didn't bet)
Seat 8: TRobertoTR folded before Flop (didn't bet)



PokerStars Hand #238419989274:  Hold'em No Limit ($0.02/$0.05 USD) - 2022/09/04 14:44:10 PT [2022/09/04 17:44:10 ET]
Table 'Bistro' 9-max Seat #3 is the button
Seat 1: Dorex2007 ($5.15 in chips) 
Seat 2: mahspace ($4.93 in chips) 
Seat 3: henriquefjc ($5.08 in chips) 
Seat 4: notis-magia ($4.32 in chips) 
Seat 5: Hatkevich ($5.34 in chips) 
Seat 6: JRthrees ($4.16 in chips) 
Seat 7: Ewol17 ($2.76 in chips) 
Seat 8: TRobertoTR ($9.47 in chips) 
notis-magia: posts small blind $0.02
Hatkevich: posts big blind $0.05
vlasyk2017: sits out 
*** HOLE CARDS ***
Dealt to Dorex2007 [3c Qc]
JRthrees: folds 
Ewol17: folds 
TRobertoTR: raises $0.05 to $0.10
Dorex2007: folds 
mahspace: folds 
henriquefjc: folds 
notis-magia: calls $0.08
Hatkevich: calls $0.05
*** FLOP *** [2c 3d 8d]
notis-magia: checks 
Hatkevich: checks 
TRobertoTR: checks 
*** TURN *** [2c 3d 8d] [Qh]
notis-magia: checks 
Hatkevich: checks 
TRobertoTR: bets $0.14
notis-magia: calls $0.14
Hatkevich: folds 
*** RIVER *** [2c 3d 8d Qh] [Th]
notis-magia: checks 
TRobertoTR: bets $0.28
notis-magia: folds 
Uncalled bet ($0.28) returned to TRobertoTR
TRobertoTR collected $0.56 from pot
TRobertoTR: doesn't show hand 
*** SUMMARY ***
Total pot $0.58 | Rake $0.02 
Board [2c 3d 8d Qh Th]
Seat 1: Dorex2007 folded before Flop (didn't bet)
Seat 2: mahspace folded before Flop (didn't bet)
Seat 3: henriquefjc (button) folded before Flop (didn't bet)
Seat 4: notis-magia (small blind) folded on the River
Seat 5: Hatkevich (big blind) folded on the Turn
Seat 6: JRthrees folded before Flop (didn't bet)
Seat 7: Ewol17 folded before Flop (didn't bet)
Seat 8: TRobertoTR collected ($0.56)



PokerStars Hand #238420022035:  Hold'em No Limit ($0.02/$0.05 USD) - 2022/09/04 14:45:27 PT [2022/09/04 17:45:27 ET]
Table 'Bistro' 9-max Seat #4 is the button
Seat 1: Dorex2007 ($5.15 in chips) 
Seat 2: mahspace ($4.93 in chips) 
Seat 3: henriquefjc ($5.08 in chips) 
Seat 4: notis-magia ($4.08 in chips) 
Seat 5: Hatkevich ($5.24 in chips) 
Seat 6: JRthrees ($4.16 in chips) 
Seat 7: Ewol17 ($2.76 in chips) 
Seat 8: TRobertoTR ($9.79 in chips) 
Hatkevich: posts small blind $0.02
JRthrees: posts big blind $0.05
vlasyk2017: sits out 
*** HOLE CARDS ***
Dealt to Dorex2007 [4s Jd]
Ewol17: folds 
TRobertoTR: folds 
Dorex2007: folds 
mahspace: folds 
henriquefjc: folds 
notis-magia: folds 
Hatkevich: folds 
Uncalled bet ($0.03) returned to JRthrees
JRthrees collected $0.04 from pot
JRthrees: doesn't show hand 
*** SUMMARY ***
Total pot $0.04 | Rake $0 
Seat 1: Dorex2007 folded before Flop (didn't bet)
Seat 2: mahspace folded before Flop (didn't bet)
Seat 3: henriquefjc folded before Flop (didn't bet)
Seat 4: notis-magia (button) folded before Flop (didn't bet)
Seat 5: Hatkevich (small blind) folded before Flop
Seat 6: JRthrees (big blind) collected ($0.04)
Seat 7: Ewol17 folded before Flop (didn't bet)
Seat 8: TRobertoTR folded before Flop (didn't bet)



PokerStars Hand #238420028035:  Hold'em No Limit ($0.02/$0.05 USD) - 2022/09/04 14:45:41 PT [2022/09/04 17:45:41 ET]
Table 'Bistro' 9-max Seat #5 is the button
Seat 1: Dorex2007 ($5.15 in chips) 
Seat 2: mahspace ($4.93 in chips) 
Seat 3: henriquefjc ($5.08 in chips) 
Seat 4: notis-magia ($4.08 in chips) 
Seat 5: Hatkevich ($5.22 in chips) 
Seat 6: JRthrees ($4.18 in chips) 
Seat 7: Ewol17 ($2.76 in chips) 
Seat 8: TRobertoTR ($9.79 in chips) 
JRthrees: posts small blind $0.02
Ewol17: posts big blind $0.05
vlasyk2017: sits out 
*** HOLE CARDS ***
Dealt to Dorex2007 [Qc 3h]
TRobertoTR: folds 
Dorex2007: folds 
mahspace: folds 
henriquefjc: folds 
notis-magia: folds 
Hatkevich has timed out
Hatkevich: folds 
JRthrees: calls $0.03
Ewol17: checks 
*** FLOP *** [3c Kd Tc]
JRthrees: checks 
Ewol17: checks 
*** TURN *** [3c Kd Tc] [Th]
JRthrees: checks 
Ewol17: checks 
*** RIVER *** [3c Kd Tc Th] [Kc]
JRthrees: bets $0.10
Ewol17: folds 
Uncalled bet ($0.10) returned to JRthrees
JRthrees collected $0.10 from pot
JRthrees: doesn't show hand 
*** SUMMARY ***
Total pot $0.10 | Rake $0 
Board [3c Kd Tc Th Kc]
Seat 1: Dorex2007 folded before Flop (didn't bet)
Seat 2: mahspace folded before Flop (didn't bet)
Seat 3: henriquefjc folded before Flop (didn't bet)
Seat 4: notis-magia folded before Flop (didn't bet)
Seat 5: Hatkevich (button) folded before Flop (didn't bet)
Seat 6: JRthrees (small blind) collected ($0.10)
Seat 7: Ewol17 (big blind) folded on the River
Seat 8: TRobertoTR folded before Flop (didn't bet)



PokerStars Hand #238420050201:  Hold'em No Limit ($0.02/$0.05 USD) - 2022/09/04 14:46:33 PT [2022/09/04 17:46:33 ET]
Table 'Bistro' 9-max Seat #6 is the button
Seat 1: Dorex2007 ($5.15 in chips) 
Seat 2: mahspace ($4.93 in chips) 
Seat 3: henriquefjc ($5.08 in chips) 
Seat 4: notis-magia ($4.08 in chips) 
Seat 5: Hatkevich ($5.22 in chips) 
Seat 6: JRthrees ($4.23 in chips) 
Seat 7: Ewol17 ($2.71 in chips) 
Seat 8: TRobertoTR ($9.79 in chips) 
Ewol17: posts small blind $0.02
TRobertoTR: posts big blind $0.05
vlasyk2017: sits out 
*** HOLE CARDS ***
Dealt to Dorex2007 [9c 5s]
Dorex2007: folds 
mahspace: folds 
henriquefjc: folds 
notis-magia: folds 
Hatkevich: folds 
JRthrees: raises $0.12 to $0.17
Ewol17: folds 
TRobertoTR: folds 
Uncalled bet ($0.12) returned to JRthrees
JRthrees collected $0.12 from pot
JRthrees: doesn't show hand 
*** SUMMARY ***
Total pot $0.12 | Rake $0 
Seat 1: Dorex2007 folded before Flop (didn't bet)
Seat 2: mahspace folded before Flop (didn't bet)
Seat 3: henriquefjc folded before Flop (didn't bet)
Seat 4: notis-magia folded before Flop (didn't bet)
Seat 5: Hatkevich folded before Flop (didn't bet)
Seat 6: JRthrees (button) collected ($0.12)
Seat 7: Ewol17 (small blind) folded before Flop
Seat 8: TRobertoTR (big blind) folded before Flop



PokerStars Hand #238420059975:  Hold'em No Limit ($0.02/$0.05 USD) - 2022/09/04 14:46:56 PT [2022/09/04 17:46:56 ET]
Table 'Bistro' 9-max Seat #7 is the button
Seat 1: Dorex2007 ($5.15 in chips) 
Seat 2: mahspace ($4.93 in chips) 
Seat 3: henriquefjc ($5.08 in chips) 
Seat 4: notis-magia ($4.08 in chips) 
Seat 5: Hatkevich ($5.22 in chips) 
Seat 6: JRthrees ($4.30 in chips) 
Seat 7: Ewol17 ($2.69 in chips) 
Seat 8: TRobertoTR ($9.74 in chips) 
Seat 9: vlasyk2017 ($5 in chips) 
TRobertoTR: posts small blind $0.02
vlasyk2017: posts big blind $0.05
*** HOLE CARDS ***
Dealt to Dorex2007 [Jh 4c]
Dorex2007: folds 
mahspace: folds 
henriquefjc: folds 
notis-magia: folds 
Hatkevich: folds 
JRthrees: raises $0.10 to $0.15
Ewol17: folds 
TRobertoTR: folds 
vlasyk2017: folds 
Uncalled bet ($0.10) returned to JRthrees
JRthrees collected $0.12 from pot
JRthrees: doesn't show hand 
*** SUMMARY ***
Total pot $0.12 | Rake $0 
Seat 1: Dorex2007 folded before Flop (didn't bet)
Seat 2: mahspace folded before Flop (didn't bet)
Seat 3: henriquefjc folded before Flop (didn't bet)
Seat 4: notis-magia folded before Flop (didn't bet)
Seat 5: Hatkevich folded before Flop (didn't bet)
Seat 6: JRthrees collected ($0.12)
Seat 7: Ewol17 (button) folded before Flop (didn't bet)
Seat 8: TRobertoTR (small blind) folded before Flop
Seat 9: vlasyk2017 (big blind) folded before Flop



PokerStars Hand #238420072151:  Hold'em No Limit ($0.02/$0.05 USD) - 2022/09/04 14:47:25 PT [2022/09/04 17:47:25 ET]
Table 'Bistro' 9-max Seat #8 is the button
Seat 1: Dorex2007 ($5.15 in chips) 
Seat 2: mahspace ($4.93 in chips) 
Seat 3: henriquefjc ($5.08 in chips) 
Seat 4: notis-magia ($4.08 in chips) 
Seat 5: Hatkevich ($5.22 in chips) 
Seat 6: JRthrees ($4.37 in chips) 
Seat 7: Ewol17 ($2.69 in chips) 
Seat 8: TRobertoTR ($9.72 in chips) 
Seat 9: vlasyk2017 ($5 in chips) 
vlasyk2017: posts small blind $0.02
Dorex2007: posts big blind $0.05
*** HOLE CARDS ***
Dealt to Dorex2007 [Js 5c]
mahspace: folds 
henriquefjc: raises $0.07 to $0.12
notis-magia: folds 
Hatkevich: folds 
JRthrees: folds 
Ewol17: folds 
TRobertoTR: calls $0.12
vlasyk2017: folds 
Dorex2007: folds 
*** FLOP *** [9d 4s Jc]
henriquefjc: bets $0.30
TRobertoTR: folds 
Uncalled bet ($0.30) returned to henriquefjc
henriquefjc collected $0.30 from pot
henriquefjc: doesn't show hand 
*** SUMMARY ***
Total pot $0.31 | Rake $0.01 
Board [9d 4s Jc]
Seat 1: Dorex2007 (big blind) folded before Flop
Seat 2: mahspace folded before Flop (didn't bet)
Seat 3: henriquefjc collected ($0.30)
Seat 4: notis-magia folded before Flop (didn't bet)
Seat 5: Hatkevich folded before Flop (didn't bet)
Seat 6: JRthrees folded before Flop (didn't bet)
Seat 7: Ewol17 folded before Flop (didn't bet)
Seat 8: TRobertoTR (button) folded on the Flop
Seat 9: vlasyk2017 (small blind) folded before Flop



PokerStars Hand #238420085052:  Hold'em No Limit ($0.02/$0.05 USD) - 2022/09/04 14:47:56 PT [2022/09/04 17:47:56 ET]
Table 'Bistro' 9-max Seat #9 is the button
Seat 1: Dorex2007 ($5.10 in chips) 
Seat 2: mahspace ($4.93 in chips) 
Seat 3: henriquefjc ($5.26 in chips) 
Seat 4: notis-magia ($4.08 in chips) 
Seat 5: Hatkevich ($5.22 in chips) 
Seat 6: JRthrees ($4.37 in chips) 
Seat 7: Ewol17 ($2.69 in chips) 
Seat 8: TRobertoTR ($9.60 in chips) 
Seat 9: vlasyk2017 ($5 in chips) 
Dorex2007: posts small blind $0.02
mahspace: posts big blind $0.05
*** HOLE CARDS ***
Dealt to Dorex2007 [6c Ks]
henriquefjc: folds 
notis-magia: folds 
Hatkevich: folds 
JRthrees: folds 
Ewol17: raises $0.10 to $0.15
TRobertoTR: folds 
vlasyk2017: folds 
Dorex2007: folds 
mahspace: folds 
Uncalled bet ($0.10) returned to Ewol17
Ewol17 collected $0.12 from pot
Ewol17: doesn't show hand 
*** SUMMARY ***
Total pot $0.12 | Rake $0 
Seat 1: Dorex2007 (small blind) folded before Flop
Seat 2: mahspace (big blind) folded before Flop
Seat 3: henriquefjc folded before Flop (didn't bet)
Seat 4: notis-magia folded before Flop (didn't bet)
Seat 5: Hatkevich folded before Flop (didn't bet)
Seat 6: JRthrees folded before Flop (didn't bet)
Seat 7: Ewol17 collected ($0.12)
Seat 8: TRobertoTR folded before Flop (didn't bet)
Seat 9: vlasyk2017 (button) folded before Flop (didn't bet)



PokerStars Hand #238420092057:  Hold'em No Limit ($0.02/$0.05 USD) - 2022/09/04 14:48:12 PT [2022/09/04 17:48:12 ET]
Table 'Bistro' 9-max Seat #1 is the button
Seat 1: Dorex2007 ($5.08 in chips) 
Seat 2: mahspace ($4.88 in chips) 
Seat 3: henriquefjc ($5.26 in chips) 
Seat 4: notis-magia ($4.08 in chips) 
Seat 5: Hatkevich ($5.22 in chips) 
Seat 6: JRthrees ($4.37 in chips) 
Seat 7: Ewol17 ($2.76 in chips) 
Seat 8: TRobertoTR ($9.60 in chips) 
Seat 9: vlasyk2017 ($5 in chips) 
mahspace: posts small blind $0.02
henriquefjc: posts big blind $0.05
*** HOLE CARDS ***
Dealt to Dorex2007 [7s Js]
notis-magia: folds 
Hatkevich: folds 
JRthrees: folds 
Ewol17: raises $0.05 to $0.10
TRobertoTR: folds 
vlasyk2017: folds 
vlasyk2017 leaves the table
Dorex2007: folds 
mahspace: folds 
henriquefjc: folds 
Uncalled bet ($0.05) returned to Ewol17
Ewol17 collected $0.12 from pot
Ewol17: doesn't show hand 
*** SUMMARY ***
Total pot $0.12 | Rake $0 
Seat 1: Dorex2007 (button) folded before Flop (didn't bet)
Seat 2: mahspace (small blind) folded before Flop
Seat 3: henriquefjc (big blind) folded before Flop
Seat 4: notis-magia folded before Flop (didn't bet)
Seat 5: Hatkevich folded before Flop (didn't bet)
Seat 6: JRthrees folded before Flop (didn't bet)
Seat 7: Ewol17 collected ($0.12)
Seat 8: TRobertoTR folded before Flop (didn't bet)
Seat 9: vlasyk2017 folded before Flop (didn't bet)



PokerStars Hand #238420101000:  Hold'em No Limit ($0.02/$0.05 USD) - 2022/09/04 14:48:33 PT [2022/09/04 17:48:33 ET]
Table 'Bistro' 9-max Seat #2 is the button
Seat 1: Dorex2007 ($5.08 in chips) 
Seat 2: mahspace ($4.86 in chips) 
Seat 3: henriquefjc ($5.21 in chips) 
Seat 4: notis-magia ($4.08 in chips) 
Seat 5: Hatkevich ($5.22 in chips) 
Seat 6: JRthrees ($4.37 in chips) 
Seat 7: Ewol17 ($2.83 in chips) 
Seat 8: TRobertoTR ($9.60 in chips) 
henriquefjc: posts small blind $0.02
notis-magia: posts big blind $0.05
*** HOLE CARDS ***
Dealt to Dorex2007 [4h Qd]
Hatkevich: folds 
JRthrees: raises $0.12 to $0.17
Ewol17: folds 
TRobertoTR: folds 
Dorex2007: folds 
mahspace: calls $0.17
henriquefjc: folds 
notis-magia: folds 
*** FLOP *** [Ad 6c 7d]
JRthrees: bets $0.19
mahspace: folds 
Uncalled bet ($0.19) returned to JRthrees
JRthrees collected $0.39 from pot
JRthrees: doesn't show hand 
*** SUMMARY ***
Total pot $0.41 | Rake $0.02 
Board [Ad 6c 7d]
Seat 1: Dorex2007 folded before Flop (didn't bet)
Seat 2: mahspace (button) folded on the Flop
Seat 3: henriquefjc (small blind) folded before Flop
Seat 4: notis-magia (big blind) folded before Flop
Seat 5: Hatkevich folded before Flop (didn't bet)
Seat 6: JRthrees collected ($0.39)
Seat 7: Ewol17 folded before Flop (didn't bet)
Seat 8: TRobertoTR folded before Flop (didn't bet)



PokerStars Hand #238420117135:  Hold'em No Limit ($0.02/$0.05 USD) - 2022/09/04 14:49:11 PT [2022/09/04 17:49:11 ET]
Table 'Bistro' 9-max Seat #3 is the button
Seat 1: Dorex2007 ($5.08 in chips) 
Seat 2: mahspace ($4.69 in chips) 
Seat 3: henriquefjc ($5.19 in chips) 
Seat 4: notis-magia ($4.03 in chips) 
Seat 5: Hatkevich ($5.22 in chips) 
Seat 6: JRthrees ($4.59 in chips) 
Seat 7: Ewol17 ($2.83 in chips) 
Seat 8: TRobertoTR ($9.60 in chips) 
notis-magia: posts small blind $0.02
Hatkevich: posts big blind $0.05
*** HOLE CARDS ***
Dealt to Dorex2007 [7h 7d]
JRthrees: folds 
Ewol17 has timed out
Ewol17: folds 
TRobertoTR: folds 
Dorex2007: raises $0.10 to $0.15
mahspace: folds 
henriquefjc: folds 
notis-magia: folds 
Hatkevich: folds 
Uncalled bet ($0.10) returned to Dorex2007
Dorex2007 collected $0.12 from pot
Dorex2007: doesn't show hand 
*** SUMMARY ***
Total pot $0.12 | Rake $0 
Seat 1: Dorex2007 collected ($0.12)
Seat 2: mahspace folded before Flop (didn't bet)
Seat 3: henriquefjc (button) folded before Flop (didn't bet)
Seat 4: notis-magia (small blind) folded before Flop
Seat 5: Hatkevich (big blind) folded before Flop
Seat 6: JRthrees folded before Flop (didn't bet)
Seat 7: Ewol17 folded before Flop (didn't bet)
Seat 8: TRobertoTR folded before Flop (didn't bet)



PokerStars Hand #238420127194:  Hold'em No Limit ($0.02/$0.05 USD) - 2022/09/04 14:49:35 PT [2022/09/04 17:49:35 ET]
Table 'Bistro' 9-max Seat #4 is the button
Seat 1: Dorex2007 ($5.15 in chips) 
Seat 2: mahspace ($4.69 in chips) 
Seat 3: henriquefjc ($5.19 in chips) 
Seat 4: notis-magia ($4.01 in chips) 
Seat 5: Hatkevich ($5.17 in chips) 
Seat 6: JRthrees ($4.59 in chips) 
Seat 7: Ewol17 ($2.83 in chips) 
Seat 8: TRobertoTR ($9.60 in chips) 
Hatkevich: posts small blind $0.02
JRthrees: posts big blind $0.05
*** HOLE CARDS ***
Dealt to Dorex2007 [Ad Qd]
gmitoi joins the table at seat #9 
Ewol17: folds 
TRobertoTR: folds 
Dorex2007: raises $0.05 to $0.10
mahspace: folds 
henriquefjc: folds 
notis-magia: folds 
Hatkevich: folds 
JRthrees: calls $0.05
*** FLOP *** [2c Qc 4s]
JRthrees: checks 
Dorex2007: bets $0.14
JRthrees: folds 
Uncalled bet ($0.14) returned to Dorex2007
Dorex2007 collected $0.21 from pot
Dorex2007: doesn't show hand 
*** SUMMARY ***
Total pot $0.22 | Rake $0.01 
Board [2c Qc 4s]
Seat 1: Dorex2007 collected ($0.21)
Seat 2: mahspace folded before Flop (didn't bet)
Seat 3: henriquefjc folded before Flop (didn't bet)
Seat 4: notis-magia (button) folded before Flop (didn't bet)
Seat 5: Hatkevich (small blind) folded before Flop
Seat 6: JRthrees (big blind) folded on the Flop
Seat 7: Ewol17 folded before Flop (didn't bet)
Seat 8: TRobertoTR folded before Flop (didn't bet)



PokerStars Hand #238420146794:  Hold'em No Limit ($0.02/$0.05 USD) - 2022/09/04 14:50:22 PT [2022/09/04 17:50:22 ET]
Table 'Bistro' 9-max Seat #5 is the button
Seat 1: Dorex2007 ($5.26 in chips) 
Seat 2: mahspace ($4.69 in chips) 
Seat 3: henriquefjc ($5.19 in chips) 
Seat 4: notis-magia ($4.01 in chips) 
Seat 5: Hatkevich ($5.15 in chips) 
Seat 6: JRthrees ($4.49 in chips) 
Seat 7: Ewol17 ($2.83 in chips) 
Seat 8: TRobertoTR ($9.60 in chips) 
JRthrees: posts small blind $0.02
Ewol17: posts big blind $0.05
gmitoi: sits out 
*** HOLE CARDS ***
Dealt to Dorex2007 [8h 3s]
TRobertoTR: folds 
Dorex2007: folds 
mahspace: folds 
henriquefjc: folds 
notis-magia: folds 
Hatkevich: folds 
JRthrees: raises $0.05 to $0.10
Ewol17: folds 
Uncalled bet ($0.05) returned to JRthrees
JRthrees collected $0.10 from pot
JRthrees: doesn't show hand 
*** SUMMARY ***
Total pot $0.10 | Rake $0 
Seat 1: Dorex2007 folded before Flop (didn't bet)
Seat 2: mahspace folded before Flop (didn't bet)
Seat 3: henriquefjc folded before Flop (didn't bet)
Seat 4: notis-magia folded before Flop (didn't bet)
Seat 5: Hatkevich (button) folded before Flop (didn't bet)
Seat 6: JRthrees (small blind) collected ($0.10)
Seat 7: Ewol17 (big blind) folded before Flop
Seat 8: TRobertoTR folded before Flop (didn't bet)



PokerStars Hand #238420157332:  Hold'em No Limit ($0.02/$0.05 USD) - 2022/09/04 14:50:48 PT [2022/09/04 17:50:48 ET]
Table 'Bistro' 9-max Seat #6 is the button
Seat 1: Dorex2007 ($5.26 in chips) 
Seat 2: mahspace ($4.69 in chips) 
Seat 3: henriquefjc ($5.19 in chips) 
Seat 4: notis-magia ($4.01 in chips) 
Seat 5: Hatkevich ($5.15 in chips) 
Seat 6: JRthrees ($4.54 in chips) 
Seat 7: Ewol17 ($2.78 in chips) 
Seat 8: TRobertoTR ($9.60 in chips) 
Ewol17: posts small blind $0.02
TRobertoTR: posts big blind $0.05
gmitoi: sits out 
*** HOLE CARDS ***
Dealt to Dorex2007 [9h Js]
Dorex2007: folds 
mahspace: folds 
henriquefjc: folds 
notis-magia: folds 
Hatkevich: raises $0.07 to $0.12
JRthrees: folds 
Ewol17: folds 
TRobertoTR: folds 
Uncalled bet ($0.07) returned to Hatkevich
Hatkevich collected $0.12 from pot
Hatkevich: doesn't show hand 
*** SUMMARY ***
Total pot $0.12 | Rake $0 
Seat 1: Dorex2007 folded before Flop (didn't bet)
Seat 2: mahspace folded before Flop (didn't bet)
Seat 3: henriquefjc folded before Flop (didn't bet)
Seat 4: notis-magia folded before Flop (didn't bet)
Seat 5: Hatkevich collected ($0.12)
Seat 6: JRthrees (button) folded before Flop (didn't bet)
Seat 7: Ewol17 (small blind) folded before Flop
Seat 8: TRobertoTR (big blind) folded before Flop



PokerStars Hand #238420168604:  Hold'em No Limit ($0.02/$0.05 USD) - 2022/09/04 14:51:16 PT [2022/09/04 17:51:16 ET]
Table 'Bistro' 9-max Seat #7 is the button
Seat 1: Dorex2007 ($5.26 in chips) 
Seat 2: mahspace ($4.69 in chips) 
Seat 3: henriquefjc ($5.19 in chips) 
Seat 4: notis-magia ($4.01 in chips) 
Seat 5: Hatkevich ($5.22 in chips) 
Seat 6: JRthrees ($4.54 in chips) 
Seat 7: Ewol17 ($2.76 in chips) 
Seat 8: TRobertoTR ($9.55 in chips) 
Seat 9: gmitoi ($5 in chips) 
TRobertoTR: posts small blind $0.02
gmitoi: posts big blind $0.05
*** HOLE CARDS ***
Dealt to Dorex2007 [Kd Ah]
Dorex2007: raises $0.05 to $0.10
mahspace: folds 
henriquefjc: calls $0.10
notis-magia: folds 
Hatkevich: raises $0.20 to $0.30
JRthrees: folds 
Ewol17 has timed out
Ewol17: folds 
TRobertoTR: folds 
gmitoi: folds 
Dorex2007: calls $0.20
henriquefjc: calls $0.20
*** FLOP *** [4d 6h 2c]
Dorex2007: bets $0.46
henriquefjc: folds 
Hatkevich: calls $0.46
*** TURN *** [4d 6h 2c] [3s]
Dorex2007: checks 
Hatkevich: bets $0.90
Dorex2007: calls $0.90
*** RIVER *** [4d 6h 2c 3s] [5d]
Dorex2007: bets $3.54
Hatkevich: calls $3.54
*** SHOW DOWN ***
Dorex2007: shows [Kd Ah] (a straight, Deuce to Six)
Hatkevich: shows [Ad Kc] (a straight, Deuce to Six)
Dorex2007 collected $5.16 from pot
Hatkevich collected $5.16 from pot
*** SUMMARY ***
Total pot $10.77 | Rake $0.45 
Board [4d 6h 2c 3s 5d]
Seat 1: Dorex2007 showed [Kd Ah] and won ($5.16) with a straight, Deuce to Six
Seat 2: mahspace folded before Flop (didn't bet)
Seat 3: henriquefjc folded on the Flop
Seat 4: notis-magia folded before Flop (didn't bet)
Seat 5: Hatkevich showed [Ad Kc] and won ($5.16) with a straight, Deuce to Six
Seat 6: JRthrees folded before Flop (didn't bet)
Seat 7: Ewol17 (button) folded before Flop (didn't bet)
Seat 8: TRobertoTR (small blind) folded before Flop
Seat 9: gmitoi (big blind) folded before Flop



PokerStars Hand #238420200302:  Hold'em No Limit ($0.02/$0.05 USD) - 2022/09/04 14:52:33 PT [2022/09/04 17:52:33 ET]
Table 'Bistro' 9-max Seat #8 is the button
Seat 1: Dorex2007 ($5.22 in chips) 
Seat 2: mahspace ($4.69 in chips) 
Seat 3: henriquefjc ($4.89 in chips) 
Seat 4: notis-magia ($4.01 in chips) 
Seat 5: Hatkevich ($5.18 in chips) 
Seat 6: JRthrees ($4.54 in chips) 
Seat 8: TRobertoTR ($9.53 in chips) 
Seat 9: gmitoi ($5 in chips) 
gmitoi: posts small blind $0.02
Dorex2007: posts big blind $0.05
*** HOLE CARDS ***
Dealt to Dorex2007 [8d Qh]
mahspace: folds 
henriquefjc: folds 
notis-magia: folds 
Hatkevich: raises $0.10 to $0.15
JRthrees: folds 
TRobertoTR: folds 
gmitoi: folds 
Dorex2007: folds 
Uncalled bet ($0.10) returned to Hatkevich
Hatkevich collected $0.12 from pot
Hatkevich: doesn't show hand 
*** SUMMARY ***
Total pot $0.12 | Rake $0 
Seat 1: Dorex2007 (big blind) folded before Flop
Seat 2: mahspace folded before Flop (didn't bet)
Seat 3: henriquefjc folded before Flop (didn't bet)
Seat 4: notis-magia folded before Flop (didn't bet)
Seat 5: Hatkevich collected ($0.12)
Seat 6: JRthrees folded before Flop (didn't bet)
Seat 8: TRobertoTR (button) folded before Flop (didn't bet)
Seat 9: gmitoi (small blind) folded before Flop



PokerStars Hand #238420207356:  Hold'em No Limit ($0.02/$0.05 USD) - 2022/09/04 14:52:50 PT [2022/09/04 17:52:50 ET]
Table 'Bistro' 9-max Seat #9 is the button
Seat 1: Dorex2007 ($5.17 in chips) 
Seat 2: mahspace ($4.69 in chips) 
Seat 3: henriquefjc ($4.89 in chips) 
Seat 4: notis-magia ($4.01 in chips) 
Seat 5: Hatkevich ($5.25 in chips) 
Seat 6: JRthrees ($4.54 in chips) 
Seat 8: TRobertoTR ($9.53 in chips) 
Seat 9: gmitoi ($5 in chips) 
Dorex2007: posts small blind $0.02
mahspace: posts big blind $0.05
*** HOLE CARDS ***
Dealt to Dorex2007 [Jh 9c]
henriquefjc: folds 
notis-magia: folds 
Hatkevich: folds 
JRthrees: folds 
TRobertoTR: raises $0.05 to $0.10
gmitoi: raises $0.25 to $0.35
Dorex2007: folds 
mahspace: folds 
TRobertoTR: calls $0.25
*** FLOP *** [3h 7h 9d]
TRobertoTR: checks 
gmitoi: checks 
*** TURN *** [3h 7h 9d] [6h]
TRobertoTR: checks 
gmitoi: checks 
*** RIVER *** [3h 7h 9d 6h] [Ac]
TRobertoTR: checks 
gmitoi: checks 
*** SHOW DOWN ***
TRobertoTR: shows [2d 4d] (high card Ace)
gmitoi: shows [Qc Ks] (high card Ace - King kicker)
gmitoi collected $0.74 from pot
*** SUMMARY ***
Total pot $0.77 | Rake $0.03 
Board [3h 7h 9d 6h Ac]
Seat 1: Dorex2007 (small blind) folded before Flop
Seat 2: mahspace (big blind) folded before Flop
Seat 3: henriquefjc folded before Flop (didn't bet)
Seat 4: notis-magia folded before Flop (didn't bet)
Seat 5: Hatkevich folded before Flop (didn't bet)
Seat 6: JRthrees folded before Flop (didn't bet)
Seat 8: TRobertoTR showed [2d 4d] and lost with high card Ace
Seat 9: gmitoi (button) showed [Qc Ks] and won ($0.74) with high card Ace



PokerStars Hand #238420233672:  Hold'em No Limit ($0.02/$0.05 USD) - 2022/09/04 14:53:55 PT [2022/09/04 17:53:55 ET]
Table 'Bistro' 9-max Seat #1 is the button
Seat 1: Dorex2007 ($5.15 in chips) 
Seat 2: mahspace ($4.64 in chips) 
Seat 3: henriquefjc ($4.89 in chips) 
Seat 4: notis-magia ($4.01 in chips) 
Seat 5: Hatkevich ($5.25 in chips) 
Seat 6: JRthrees ($4.54 in chips) 
Seat 8: TRobertoTR ($9.18 in chips) 
Seat 9: gmitoi ($5.39 in chips) 
mahspace: posts small blind $0.02
henriquefjc: posts big blind $0.05
*** HOLE CARDS ***
Dealt to Dorex2007 [Js Td]
notis-magia: folds 
Hatkevich: folds 
JRthrees: folds 
TRobertoTR: folds 
gmitoi: raises $0.10 to $0.15
Dorex2007: calls $0.15
mahspace: folds 
henriquefjc: folds 
*** FLOP *** [5h Qh 3h]
gmitoi: checks 
Dorex2007: checks 
*** TURN *** [5h Qh 3h] [Ac]
gmitoi: checks 
Dorex2007: checks 
*** RIVER *** [5h Qh 3h Ac] [9h]
gmitoi: checks 
Dorex2007: bets $0.17
gmitoi: folds 
Uncalled bet ($0.17) returned to Dorex2007
Dorex2007 collected $0.35 from pot
Dorex2007: doesn't show hand 
*** SUMMARY ***
Total pot $0.37 | Rake $0.02 
Board [5h Qh 3h Ac 9h]
Seat 1: Dorex2007 (button) collected ($0.35)
Seat 2: mahspace (small blind) folded before Flop
Seat 3: henriquefjc (big blind) folded before Flop
Seat 4: notis-magia folded before Flop (didn't bet)
Seat 5: Hatkevich folded before Flop (didn't bet)
Seat 6: JRthrees folded before Flop (didn't bet)
Seat 8: TRobertoTR folded before Flop (didn't bet)
Seat 9: gmitoi folded on the River



PokerStars Hand #238420254952:  Hold'em No Limit ($0.02/$0.05 USD) - 2022/09/04 14:54:47 PT [2022/09/04 17:54:47 ET]
Table 'Bistro' 9-max Seat #2 is the button
Seat 1: Dorex2007 ($5.35 in chips) 
Seat 2: mahspace ($4.62 in chips) 
Seat 3: henriquefjc ($4.84 in chips) 
Seat 4: notis-magia ($4.01 in chips) 
Seat 5: Hatkevich ($5.25 in chips) 
Seat 6: JRthrees ($4.54 in chips) 
Seat 8: TRobertoTR ($9.18 in chips) 
Seat 9: gmitoi ($5.24 in chips) 
henriquefjc: posts small blind $0.02
notis-magia: posts big blind $0.05
*** HOLE CARDS ***
Dealt to Dorex2007 [7h 9s]
Hatkevich: folds 
JRthrees: folds 
TRobertoTR: folds 
gmitoi: folds 
Dorex2007: folds 
mahspace: folds 
henriquefjc: raises $0.10 to $0.15
notis-magia: folds 
Uncalled bet ($0.10) returned to henriquefjc
henriquefjc collected $0.10 from pot
henriquefjc: doesn't show hand 
*** SUMMARY ***
Total pot $0.10 | Rake $0 
Seat 1: Dorex2007 folded before Flop (didn't bet)
Seat 2: mahspace (button) folded before Flop (didn't bet)
Seat 3: henriquefjc (small blind) collected ($0.10)
Seat 4: notis-magia (big blind) folded before Flop
Seat 5: Hatkevich folded before Flop (didn't bet)
Seat 6: JRthrees folded before Flop (didn't bet)
Seat 8: TRobertoTR folded before Flop (didn't bet)
Seat 9: gmitoi folded before Flop (didn't bet)



PokerStars Hand #238420261859:  Hold'em No Limit ($0.02/$0.05 USD) - 2022/09/04 14:55:05 PT [2022/09/04 17:55:05 ET]
Table 'Bistro' 9-max Seat #3 is the button
Seat 1: Dorex2007 ($5.35 in chips) 
Seat 2: mahspace ($4.62 in chips) 
Seat 3: henriquefjc ($4.89 in chips) 
Seat 4: notis-magia ($3.96 in chips) 
Seat 5: Hatkevich ($5.25 in chips) 
Seat 6: JRthrees ($4.54 in chips) 
Seat 7: Ewol17 ($2.76 in chips) 
Seat 8: TRobertoTR ($9.18 in chips) 
Seat 9: gmitoi ($5.24 in chips) 
notis-magia: posts small blind $0.02
Hatkevich: posts big blind $0.05
*** HOLE CARDS ***
Dealt to Dorex2007 [3h 2h]
JRthrees: folds 
Ewol17 has timed out
Ewol17: folds 
TRobertoTR: folds 
gmitoi: folds 
Dorex2007: folds 
mahspace: folds 
henriquefjc: folds 
notis-magia: folds 
Uncalled bet ($0.03) returned to Hatkevich
Hatkevich collected $0.04 from pot
Hatkevich: doesn't show hand 
*** SUMMARY ***
Total pot $0.04 | Rake $0 
Seat 1: Dorex2007 folded before Flop (didn't bet)
Seat 2: mahspace folded before Flop (didn't bet)
Seat 3: henriquefjc (button) folded before Flop (didn't bet)
Seat 4: notis-magia (small blind) folded before Flop
Seat 5: Hatkevich (big blind) collected ($0.04)
Seat 6: JRthrees folded before Flop (didn't bet)
Seat 7: Ewol17 folded before Flop (didn't bet)
Seat 8: TRobertoTR folded before Flop (didn't bet)
Seat 9: gmitoi folded before Flop (didn't bet)



PokerStars Hand #238420267387:  Hold'em No Limit ($0.02/$0.05 USD) - 2022/09/04 14:55:27 PT [2022/09/04 17:55:27 ET]
Table 'Bistro' 9-max Seat #4 is the button
Seat 1: Dorex2007 ($5.35 in chips) 
Seat 2: mahspace ($4.62 in chips) 
Seat 4: notis-magia ($3.94 in chips) 
Seat 5: Hatkevich ($5.27 in chips) 
Seat 6: JRthrees ($4.54 in chips) 
Seat 7: Ewol17 ($2.76 in chips) 
Seat 8: TRobertoTR ($9.18 in chips) 
Seat 9: gmitoi ($5.24 in chips) 
Hatkevich: posts small blind $0.02
JRthrees: posts big blind $0.05
*** HOLE CARDS ***
Dealt to Dorex2007 [7d 7s]
Ewol17: raises $0.05 to $0.10
TRobertoTR: folds 
gmitoi: folds 
Dorex2007: calls $0.10
mahspace: folds 
notis-magia: folds 
Hatkevich: folds 
JRthrees: calls $0.05
*** FLOP *** [Qc Th Kh]
JRthrees: checks 
Ewol17: bets $0.05
Dorex2007: folds 
JRthrees: calls $0.05
*** TURN *** [Qc Th Kh] [4c]
JRthrees: checks 
Ewol17: bets $0.20
JRthrees: folds 
Uncalled bet ($0.20) returned to Ewol17
Ewol17 collected $0.40 from pot
Ewol17: doesn't show hand 
*** SUMMARY ***
Total pot $0.42 | Rake $0.02 
Board [Qc Th Kh 4c]
Seat 1: Dorex2007 folded on the Flop
Seat 2: mahspace folded before Flop (didn't bet)
Seat 4: notis-magia (button) folded before Flop (didn't bet)
Seat 5: Hatkevich (small blind) folded before Flop
Seat 6: JRthrees (big blind) folded on the Turn
Seat 7: Ewol17 collected ($0.40)
Seat 8: TRobertoTR folded before Flop (didn't bet)
Seat 9: gmitoi folded before Flop (didn't bet)



PokerStars Hand #238420278536:  Hold'em No Limit ($0.02/$0.05 USD) - 2022/09/04 14:56:09 PT [2022/09/04 17:56:09 ET]
Table 'Bistro' 9-max Seat #5 is the button
Seat 1: Dorex2007 ($5.25 in chips) 
Seat 2: mahspace ($4.62 in chips) 
Seat 4: notis-magia ($3.94 in chips) 
Seat 5: Hatkevich ($5.25 in chips) 
Seat 6: JRthrees ($4.39 in chips) 
Seat 7: Ewol17 ($3.01 in chips) 
Seat 8: TRobertoTR ($9.18 in chips) 
Seat 9: gmitoi ($5.24 in chips) 
JRthrees: posts small blind $0.02
Ewol17: posts big blind $0.05
*** HOLE CARDS ***
Dealt to Dorex2007 [Tc Qs]
TRobertoTR: folds 
gmitoi: folds 
Dorex2007: folds 
mahspace: folds 
notis-magia: folds 
Hatkevich: folds 
JRthrees: calls $0.03
Ewol17: checks 
*** FLOP *** [9c Qh 3s]
JRthrees: checks 
Ewol17: checks 
*** TURN *** [9c Qh 3s] [Ah]
JRthrees: checks 
Ewol17 has timed out
Ewol17: checks 
*** RIVER *** [9c Qh 3s Ah] [2d]
JRthrees: bets $0.10
Ewol17: folds 
Uncalled bet ($0.10) returned to JRthrees
JRthrees collected $0.10 from pot
JRthrees: doesn't show hand 
*** SUMMARY ***
Total pot $0.10 | Rake $0 
Board [9c Qh 3s Ah 2d]
Seat 1: Dorex2007 folded before Flop (didn't bet)
Seat 2: mahspace folded before Flop (didn't bet)
Seat 4: notis-magia folded before Flop (didn't bet)
Seat 5: Hatkevich (button) folded before Flop (didn't bet)
Seat 6: JRthrees (small blind) collected ($0.10)
Seat 7: Ewol17 (big blind) folded on the River
Seat 8: TRobertoTR folded before Flop (didn't bet)
Seat 9: gmitoi folded before Flop (didn't bet)



PokerStars Hand #238420302939:  Hold'em No Limit ($0.02/$0.05 USD) - 2022/09/04 14:57:42 PT [2022/09/04 17:57:42 ET]
Table 'Bistro' 9-max Seat #6 is the button
Seat 1: Dorex2007 ($5.25 in chips) 
Seat 2: mahspace ($4.62 in chips) 
Seat 4: notis-magia ($3.94 in chips) 
Seat 5: Hatkevich ($5.25 in chips) 
Seat 6: JRthrees ($4.44 in chips) 
Seat 8: TRobertoTR ($9.18 in chips) 
Seat 9: gmitoi ($5.24 in chips) 
TRobertoTR: posts small blind $0.02
gmitoi: posts big blind $0.05
*** HOLE CARDS ***
Dealt to Dorex2007 [8c 5d]
Dorex2007: folds 
mahspace: folds 
notis-magia: folds 
Hatkevich: folds 
JRthrees: folds 
TRobertoTR: folds 
Uncalled bet ($0.03) returned to gmitoi
gmitoi collected $0.04 from pot
gmitoi: doesn't show hand 
*** SUMMARY ***
Total pot $0.04 | Rake $0 
Seat 1: Dorex2007 folded before Flop (didn't bet)
Seat 2: mahspace folded before Flop (didn't bet)
Seat 4: notis-magia folded before Flop (didn't bet)
Seat 5: Hatkevich folded before Flop (didn't bet)
Seat 6: JRthrees (button) folded before Flop (didn't bet)
Seat 8: TRobertoTR (small blind) folded before Flop
Seat 9: gmitoi (big blind) collected ($0.04)



PokerStars Hand #238420305898:  Hold'em No Limit ($0.02/$0.05 USD) - 2022/09/04 14:57:54 PT [2022/09/04 17:57:54 ET]
Table 'Bistro' 9-max Seat #8 is the button
Seat 1: Dorex2007 ($5.25 in chips) 
Seat 2: mahspace ($4.62 in chips) 
Seat 4: notis-magia ($3.94 in chips) 
Seat 5: Hatkevich ($5.25 in chips) 
Seat 6: JRthrees ($4.44 in chips) 
Seat 8: TRobertoTR ($9.16 in chips) 
Seat 9: gmitoi ($5.26 in chips) 
gmitoi: posts small blind $0.02
Dorex2007: posts big blind $0.05
*** HOLE CARDS ***
Dealt to Dorex2007 [Qd Ts]
mahspace: folds 
notis-magia: folds 
Hatkevich: folds 
JRthrees: raises $0.05 to $0.10
TRobertoTR: calls $0.10
gmitoi: calls $0.08
Dorex2007: calls $0.05
*** FLOP *** [Ks 2h 9h]
gmitoi: checks 
Dorex2007: checks 
JRthrees: checks 
TRobertoTR: bets $0.19
gmitoi: folds 
Dorex2007: folds 
JRthrees: folds 
Uncalled bet ($0.19) returned to TRobertoTR
TRobertoTR collected $0.38 from pot
TRobertoTR: doesn't show hand 
*** SUMMARY ***
Total pot $0.40 | Rake $0.02 
Board [Ks 2h 9h]
Seat 1: Dorex2007 (big blind) folded on the Flop
Seat 2: mahspace folded before Flop (didn't bet)
Seat 4: notis-magia folded before Flop (didn't bet)
Seat 5: Hatkevich folded before Flop (didn't bet)
Seat 6: JRthrees folded on the Flop
Seat 8: TRobertoTR (button) collected ($0.38)
Seat 9: gmitoi (small blind) folded on the Flop



