PokerStars Hand #237326764505:  Hold'em No Limit ($0.01/$0.02 USD) - 2022/07/12 18:53:58 PT [2022/07/12 21:53:58 ET]
Table 'Sergestus III' 9-max Seat #5 is the button
Seat 1: Lars137 ($3.67 in chips) 
Seat 2: yur4ik777 ($1.98 in chips) 
Seat 3: Donckske ($0.95 in chips) 
Seat 4: Dorex2007 ($2 in chips) 
Seat 5: Agetro ($2.39 in chips) 
Seat 6: Lashram ($1.74 in chips) 
Seat 7: abufirs ($2.36 in chips) 
Seat 8: MelchiorF1 ($3.76 in chips) 
Seat 9: aandre.luna ($2.06 in chips) 
Lashram: posts small blind $0.01
abufirs: posts big blind $0.02
Dorex2007: posts big blind $0.02
*** HOLE CARDS ***
Dealt to Dorex2007 [5d Qd]
MelchiorF1: raises $0.04 to $0.06
aandre.luna: folds 
Lars137: calls $0.06
yur4ik777: folds 
Donckske: folds 
Dorex2007: folds 
Agetro: raises $0.18 to $0.24
Lashram: folds 
abufirs: folds 
MelchiorF1: folds 
Lars137: folds 
Uncalled bet ($0.18) returned to Agetro
Agetro collected $0.23 from pot
*** SUMMARY ***
Total pot $0.23 | Rake $0 
Seat 1: Lars137 folded before Flop
Seat 2: yur4ik777 folded before Flop (didn't bet)
Seat 3: Donckske folded before Flop (didn't bet)
Seat 4: Dorex2007 folded before Flop (didn't bet)
Seat 5: Agetro (button) collected ($0.23)
Seat 6: Lashram (small blind) folded before Flop
Seat 7: abufirs (big blind) folded before Flop
Seat 8: MelchiorF1 folded before Flop
Seat 9: aandre.luna folded before Flop (didn't bet)



PokerStars Hand #237326776710:  Hold'em No Limit ($0.01/$0.02 USD) - 2022/07/12 18:54:42 PT [2022/07/12 21:54:42 ET]
Table 'Sergestus III' 9-max Seat #6 is the button
Seat 1: Lars137 ($3.61 in chips) 
Seat 2: yur4ik777 ($1.98 in chips) 
Seat 3: Donckske ($0.95 in chips) 
Seat 4: Dorex2007 ($2 in chips) 
Seat 5: Agetro ($2.56 in chips) 
Seat 6: Lashram ($1.73 in chips) 
Seat 7: abufirs ($2.34 in chips) 
Seat 8: MelchiorF1 ($3.70 in chips) 
Seat 9: aandre.luna ($2.06 in chips) 
abufirs: posts small blind $0.01
MelchiorF1: posts big blind $0.02
*** HOLE CARDS ***
Dealt to Dorex2007 [4c 7s]
aandre.luna: folds 
Lars137: folds 
yur4ik777: folds 
Donckske: raises $0.04 to $0.06
Dorex2007: folds 
Agetro: folds 
Lashram: folds 
abufirs: calls $0.05
MelchiorF1: calls $0.04
*** FLOP *** [7c 7h 5h]
abufirs: checks 
MelchiorF1: checks 
Donckske: bets $0.06
abufirs: calls $0.06
MelchiorF1: folds 
*** TURN *** [7c 7h 5h] [6d]
Agetro leaves the table
abufirs: checks 
Donckske: bets $0.10
abufirs: calls $0.10
*** RIVER *** [7c 7h 5h 6d] [Qh]
abufirs: checks 
Donckske: bets $0.24
abufirs: calls $0.24
*** SHOW DOWN ***
Donckske: shows [Td Ad] (a pair of Sevens)
abufirs: shows [7d Jd] (three of a kind, Sevens)
abufirs collected $0.95 from pot
*** SUMMARY ***
Total pot $0.98 | Rake $0.03 
Board [7c 7h 5h 6d Qh]
Seat 1: Lars137 folded before Flop (didn't bet)
Seat 2: yur4ik777 folded before Flop (didn't bet)
Seat 3: Donckske showed [Td Ad] and lost with a pair of Sevens
Seat 4: Dorex2007 folded before Flop (didn't bet)
Seat 5: Agetro folded before Flop (didn't bet)
Seat 6: Lashram (button) folded before Flop (didn't bet)
Seat 7: abufirs (small blind) showed [7d Jd] and won ($0.95) with three of a kind, Sevens
Seat 8: MelchiorF1 (big blind) folded on the Flop
Seat 9: aandre.luna folded before Flop (didn't bet)



PokerStars Hand #237326790001:  Hold'em No Limit ($0.01/$0.02 USD) - 2022/07/12 18:56:01 PT [2022/07/12 21:56:01 ET]
Table 'Sergestus III' 9-max Seat #7 is the button
Seat 1: Lars137 ($3.61 in chips) 
Seat 2: yur4ik777 ($1.98 in chips) 
Seat 3: Donckske ($0.49 in chips) 
Seat 4: Dorex2007 ($2 in chips) 
Seat 6: Lashram ($1.73 in chips) 
Seat 7: abufirs ($2.83 in chips) 
Seat 8: MelchiorF1 ($3.64 in chips) 
Seat 9: aandre.luna ($2.06 in chips) 
I_am_Carlinho joins the table at seat #5 
MelchiorF1: posts small blind $0.01
aandre.luna: posts big blind $0.02
*** HOLE CARDS ***
Dealt to Dorex2007 [Qc 7s]
Lars137: folds 
yur4ik777: folds 
Donckske: folds 
Dorex2007: folds 
Lashram: calls $0.02
abufirs: folds 
MelchiorF1: folds 
aandre.luna: checks 
*** FLOP *** [Jh Ac 4h]
aandre.luna: checks 
Lashram: checks 
*** TURN *** [Jh Ac 4h] [Qs]
aandre.luna: checks 
Lashram: bets $0.02
aandre.luna: calls $0.02
*** RIVER *** [Jh Ac 4h Qs] [Qd]
aandre.luna: checks 
Lashram: bets $0.06
aandre.luna: calls $0.06
*** SHOW DOWN ***
Lashram: shows [Ad 6h] (two pair, Aces and Queens)
aandre.luna: mucks hand 
Lashram collected $0.20 from pot
*** SUMMARY ***
Total pot $0.21 | Rake $0.01 
Board [Jh Ac 4h Qs Qd]
Seat 1: Lars137 folded before Flop (didn't bet)
Seat 2: yur4ik777 folded before Flop (didn't bet)
Seat 3: Donckske folded before Flop (didn't bet)
Seat 4: Dorex2007 folded before Flop (didn't bet)
Seat 6: Lashram showed [Ad 6h] and won ($0.20) with two pair, Aces and Queens
Seat 7: abufirs (button) folded before Flop (didn't bet)
Seat 8: MelchiorF1 (small blind) folded before Flop
Seat 9: aandre.luna (big blind) mucked [Jd Th]



PokerStars Hand #237326800676:  Hold'em No Limit ($0.01/$0.02 USD) - 2022/07/12 18:57:10 PT [2022/07/12 21:57:10 ET]
Table 'Sergestus III' 9-max Seat #8 is the button
Seat 1: Lars137 ($3.61 in chips) 
Seat 2: yur4ik777 ($1.98 in chips) 
Seat 3: Donckske ($0.49 in chips) 
Seat 4: Dorex2007 ($2 in chips) 
Seat 5: I_am_Carlinho ($1 in chips) 
Seat 6: Lashram ($1.83 in chips) 
Seat 7: abufirs ($2.83 in chips) 
Seat 8: MelchiorF1 ($3.63 in chips) 
Seat 9: aandre.luna ($1.96 in chips) 
aandre.luna: posts small blind $0.01
Lars137: posts big blind $0.02
I_am_Carlinho: posts big blind $0.02
*** HOLE CARDS ***
Dealt to Dorex2007 [6d 7s]
yur4ik777: folds 
Donckske: folds 
Dorex2007: folds 
I_am_Carlinho: checks 
Lashram: folds 
abufirs: folds 
MelchiorF1: folds 
aandre.luna: folds 
Lars137: checks 
*** FLOP *** [Ad Ts Td]
Lars137: checks 
I_am_Carlinho: folds 
I_am_Carlinho leaves the table
Lars137 collected $0.05 from pot
*** SUMMARY ***
Total pot $0.05 | Rake $0 
Board [Ad Ts Td]
Seat 1: Lars137 (big blind) collected ($0.05)
Seat 2: yur4ik777 folded before Flop (didn't bet)
Seat 3: Donckske folded before Flop (didn't bet)
Seat 4: Dorex2007 folded before Flop (didn't bet)
Seat 5: I_am_Carlinho folded on the Flop (didn't bet)
Seat 6: Lashram folded before Flop (didn't bet)
Seat 7: abufirs folded before Flop (didn't bet)
Seat 8: MelchiorF1 (button) folded before Flop (didn't bet)
Seat 9: aandre.luna (small blind) folded before Flop



PokerStars Hand #237326808313:  Hold'em No Limit ($0.01/$0.02 USD) - 2022/07/12 18:57:59 PT [2022/07/12 21:57:59 ET]
Table 'Sergestus III' 9-max Seat #9 is the button
Seat 1: Lars137 ($3.64 in chips) 
Seat 2: yur4ik777 ($1.98 in chips) 
Seat 3: Donckske ($0.49 in chips) 
Seat 4: Dorex2007 ($2 in chips) 
Seat 6: Lashram ($1.83 in chips) 
Seat 7: abufirs ($2.83 in chips) 
Seat 8: MelchiorF1 ($3.63 in chips) 
Seat 9: aandre.luna ($1.95 in chips) 
Lars137: posts small blind $0.01
yur4ik777: posts big blind $0.02
*** HOLE CARDS ***
Dealt to Dorex2007 [Qh 5h]
Donckske: folds 
Cammerrzr joins the table at seat #5 
Dorex2007: folds 
Lashram: calls $0.02
abufirs: folds 
MelchiorF1: raises $0.04 to $0.06
aandre.luna: folds 
Lars137: folds 
yur4ik777: folds 
Lashram: raises $0.04 to $0.10
MelchiorF1: calls $0.04
*** FLOP *** [6h 7d 8s]
Lashram: bets $0.10
MelchiorF1: calls $0.10
*** TURN *** [6h 7d 8s] [9h]
Lashram: bets $0.10
MelchiorF1: folds 
Uncalled bet ($0.10) returned to Lashram
Lashram collected $0.41 from pot
*** SUMMARY ***
Total pot $0.43 | Rake $0.02 
Board [6h 7d 8s 9h]
Seat 1: Lars137 (small blind) folded before Flop
Seat 2: yur4ik777 (big blind) folded before Flop
Seat 3: Donckske folded before Flop (didn't bet)
Seat 4: Dorex2007 folded before Flop (didn't bet)
Seat 6: Lashram collected ($0.41)
Seat 7: abufirs folded before Flop (didn't bet)
Seat 8: MelchiorF1 folded on the Turn
Seat 9: aandre.luna (button) folded before Flop (didn't bet)



PokerStars Hand #237326818293:  Hold'em No Limit ($0.01/$0.02 USD) - 2022/07/12 18:59:03 PT [2022/07/12 21:59:03 ET]
Table 'Sergestus III' 9-max Seat #1 is the button
Seat 1: Lars137 ($3.63 in chips) 
Seat 2: yur4ik777 ($1.96 in chips) 
Seat 3: Donckske ($0.49 in chips) 
Seat 4: Dorex2007 ($2 in chips) 
Seat 5: Cammerrzr ($1.60 in chips) 
Seat 6: Lashram ($2.04 in chips) 
Seat 7: abufirs ($2.83 in chips) 
Seat 8: MelchiorF1 ($3.43 in chips) 
Seat 9: aandre.luna ($1.95 in chips) 
yur4ik777: posts small blind $0.01
Donckske: posts big blind $0.02
Cammerrzr: posts big blind $0.02
*** HOLE CARDS ***
Dealt to Dorex2007 [6s 9h]
Dorex2007: folds 
Cammerrzr: checks 
Lashram: folds 
abufirs: folds 
MelchiorF1: folds 
aandre.luna has timed out
aandre.luna: folds 
Lars137: folds 
yur4ik777: calls $0.01
Donckske: checks 
*** FLOP *** [3s Td Ts]
yur4ik777: checks 
Donckske: bets $0.04
Cammerrzr: folds 
yur4ik777: folds 
Uncalled bet ($0.04) returned to Donckske
Donckske collected $0.06 from pot
*** SUMMARY ***
Total pot $0.06 | Rake $0 
Board [3s Td Ts]
Seat 1: Lars137 (button) folded before Flop (didn't bet)
Seat 2: yur4ik777 (small blind) folded on the Flop
Seat 3: Donckske (big blind) collected ($0.06)
Seat 4: Dorex2007 folded before Flop (didn't bet)
Seat 5: Cammerrzr folded on the Flop (didn't bet)
Seat 6: Lashram folded before Flop (didn't bet)
Seat 7: abufirs folded before Flop (didn't bet)
Seat 8: MelchiorF1 folded before Flop (didn't bet)
Seat 9: aandre.luna folded before Flop (didn't bet)



PokerStars Hand #237326829906:  Hold'em No Limit ($0.01/$0.02 USD) - 2022/07/12 19:00:16 PT [2022/07/12 22:00:16 ET]
Table 'Sergestus III' 9-max Seat #2 is the button
Seat 1: Lars137 ($3.63 in chips) 
Seat 2: yur4ik777 ($1.94 in chips) 
Seat 3: Donckske ($0.53 in chips) 
Seat 4: Dorex2007 ($2 in chips) 
Seat 5: Cammerrzr ($1.58 in chips) 
Seat 7: abufirs ($2.83 in chips) 
Seat 8: MelchiorF1 ($3.43 in chips) 
Seat 9: aandre.luna ($1.95 in chips) 
Donckske: posts small blind $0.01
Dorex2007: posts big blind $0.02
*** HOLE CARDS ***
Dealt to Dorex2007 [Kd 5d]
Cammerrzr: folds 
abufirs has timed out
abufirs: folds 
MelchiorF1 has timed out
MelchiorF1: folds 
aandre.luna: folds 
Lars137: raises $0.02 to $0.04
yur4ik777: folds 
Donckske: calls $0.03
Dorex2007: folds 
*** FLOP *** [7h Ac 6d]
Donckske: checks 
Lars137: checks 
*** TURN *** [7h Ac 6d] [9d]
Donckske: checks 
Lars137: checks 
*** RIVER *** [7h Ac 6d 9d] [9c]
Donckske: checks 
Lars137: checks 
*** SHOW DOWN ***
Donckske: shows [Ts Js] (a pair of Nines)
Lars137: shows [Qc Kc] (a pair of Nines - Ace+King kicker)
Lars137 collected $0.10 from pot
*** SUMMARY ***
Total pot $0.10 | Rake $0 
Board [7h Ac 6d 9d 9c]
Seat 1: Lars137 showed [Qc Kc] and won ($0.10) with a pair of Nines
Seat 2: yur4ik777 (button) folded before Flop (didn't bet)
Seat 3: Donckske (small blind) showed [Ts Js] and lost with a pair of Nines
Seat 4: Dorex2007 (big blind) folded before Flop
Seat 5: Cammerrzr folded before Flop (didn't bet)
Seat 7: abufirs folded before Flop (didn't bet)
Seat 8: MelchiorF1 folded before Flop (didn't bet)
Seat 9: aandre.luna folded before Flop (didn't bet)



PokerStars Hand #237326839683:  Hold'em No Limit ($0.01/$0.02 USD) - 2022/07/12 19:01:13 PT [2022/07/12 22:01:13 ET]
Table 'Sergestus III' 9-max Seat #3 is the button
Seat 1: Lars137 ($3.69 in chips) 
Seat 2: yur4ik777 ($1.94 in chips) 
Seat 3: Donckske ($0.49 in chips) 
Seat 4: Dorex2007 ($2 in chips) 
Seat 5: Cammerrzr ($1.58 in chips) 
Seat 7: abufirs ($2.83 in chips) 
Seat 8: MelchiorF1 ($3.43 in chips) 
Seat 9: aandre.luna ($1.95 in chips) 
Dorex2007: posts small blind $0.01
Cammerrzr: posts big blind $0.02
*** HOLE CARDS ***
Dealt to Dorex2007 [3d 9h]
abufirs: folds 
MelchiorF1: folds 
aandre.luna: raises $0.02 to $0.04
Lars137: folds 
yur4ik777: folds 
Donckske: folds 
Dorex2007: folds 
Cammerrzr: folds 
Uncalled bet ($0.02) returned to aandre.luna
aandre.luna collected $0.05 from pot
*** SUMMARY ***
Total pot $0.05 | Rake $0 
Seat 1: Lars137 folded before Flop (didn't bet)
Seat 2: yur4ik777 folded before Flop (didn't bet)
Seat 3: Donckske (button) folded before Flop (didn't bet)
Seat 4: Dorex2007 (small blind) folded before Flop
Seat 5: Cammerrzr (big blind) folded before Flop
Seat 7: abufirs folded before Flop (didn't bet)
Seat 8: MelchiorF1 folded before Flop (didn't bet)
Seat 9: aandre.luna collected ($0.05)



PokerStars Hand #237326844207:  Hold'em No Limit ($0.01/$0.02 USD) - 2022/07/12 19:01:36 PT [2022/07/12 22:01:36 ET]
Table 'Sergestus III' 9-max Seat #4 is the button
Seat 1: Lars137 ($3.69 in chips) 
Seat 2: yur4ik777 ($1.94 in chips) 
Seat 3: Donckske ($0.49 in chips) 
Seat 4: Dorex2007 ($2 in chips) 
Seat 5: Cammerrzr ($1.56 in chips) 
Seat 7: abufirs ($2.83 in chips) 
Seat 8: MelchiorF1 ($3.43 in chips) 
Seat 9: aandre.luna ($1.98 in chips) 
Cammerrzr: posts small blind $0.01
abufirs: posts big blind $0.02
*** HOLE CARDS ***
Dealt to Dorex2007 [9d 7h]
MelchiorF1: folds 
aandre.luna: folds 
Lars137: folds 
yur4ik777: folds 
Donckske: folds 
Dorex2007: folds 
Cammerrzr: folds 
Uncalled bet ($0.01) returned to abufirs
abufirs collected $0.02 from pot
*** SUMMARY ***
Total pot $0.02 | Rake $0 
Seat 1: Lars137 folded before Flop (didn't bet)
Seat 2: yur4ik777 folded before Flop (didn't bet)
Seat 3: Donckske folded before Flop (didn't bet)
Seat 4: Dorex2007 (button) folded before Flop (didn't bet)
Seat 5: Cammerrzr (small blind) folded before Flop
Seat 7: abufirs (big blind) collected ($0.02)
Seat 8: MelchiorF1 folded before Flop (didn't bet)
Seat 9: aandre.luna folded before Flop (didn't bet)



PokerStars Hand #237326848021:  Hold'em No Limit ($0.01/$0.02 USD) - 2022/07/12 19:01:57 PT [2022/07/12 22:01:57 ET]
Table 'Sergestus III' 9-max Seat #5 is the button
Seat 1: Lars137 ($3.69 in chips) 
Seat 2: yur4ik777 ($1.94 in chips) 
Seat 3: Donckske ($0.49 in chips) 
Seat 4: Dorex2007 ($2 in chips) 
Seat 5: Cammerrzr ($1.55 in chips) 
Seat 7: abufirs ($2.84 in chips) 
Seat 8: MelchiorF1 ($3.43 in chips) 
Seat 9: aandre.luna ($1.98 in chips) 
abufirs: posts small blind $0.01
MelchiorF1: posts big blind $0.02
*** HOLE CARDS ***
Dealt to Dorex2007 [2h Th]
aandre.luna: folds 
Lars137: folds 
yur4ik777: folds 
Donckske: folds 
Dorex2007: folds 
Cammerrzr: calls $0.02
abufirs: folds 
MelchiorF1: checks 
*** FLOP *** [7h 8c 9c]
MelchiorF1: checks 
Cammerrzr: checks 
*** TURN *** [7h 8c 9c] [Jd]
MelchiorF1: checks 
Cammerrzr: checks 
*** RIVER *** [7h 8c 9c Jd] [4c]
MelchiorF1: checks 
Cammerrzr: checks 
*** SHOW DOWN ***
MelchiorF1: shows [7d 3d] (a pair of Sevens)
Cammerrzr: mucks hand 
MelchiorF1 collected $0.05 from pot
*** SUMMARY ***
Total pot $0.05 | Rake $0 
Board [7h 8c 9c Jd 4c]
Seat 1: Lars137 folded before Flop (didn't bet)
Seat 2: yur4ik777 folded before Flop (didn't bet)
Seat 3: Donckske folded before Flop (didn't bet)
Seat 4: Dorex2007 folded before Flop (didn't bet)
Seat 5: Cammerrzr (button) mucked [Ah Ks]
Seat 7: abufirs (small blind) folded before Flop
Seat 8: MelchiorF1 (big blind) showed [7d 3d] and won ($0.05) with a pair of Sevens
Seat 9: aandre.luna folded before Flop (didn't bet)



PokerStars Hand #237326864124:  Hold'em No Limit ($0.01/$0.02 USD) - 2022/07/12 19:03:10 PT [2022/07/12 22:03:10 ET]
Table 'Sergestus III' 9-max Seat #7 is the button
Seat 1: Lars137 ($3.69 in chips) 
Seat 2: yur4ik777 ($1.94 in chips) 
Seat 3: Donckske ($0.49 in chips) 
Seat 4: Dorex2007 ($2 in chips) 
Seat 5: Cammerrzr ($1.53 in chips) 
Seat 7: abufirs ($2.83 in chips) 
Seat 8: MelchiorF1 ($3.46 in chips) 
MelchiorF1: posts small blind $0.01
Lars137: posts big blind $0.02
*** HOLE CARDS ***
Dealt to Dorex2007 [Qd 2c]
yur4ik777: folds 
Donckske: raises $0.02 to $0.04
Dorex2007: folds 
Cammerrzr: folds 
abufirs: calls $0.04
MelchiorF1: folds 
Lars137: calls $0.02
*** FLOP *** [8s 7c 9h]
Lars137: checks 
Donckske: bets $0.06
abufirs: folds 
Lars137: folds 
Uncalled bet ($0.06) returned to Donckske
Donckske collected $0.13 from pot
*** SUMMARY ***
Total pot $0.13 | Rake $0 
Board [8s 7c 9h]
Seat 1: Lars137 (big blind) folded on the Flop
Seat 2: yur4ik777 folded before Flop (didn't bet)
Seat 3: Donckske collected ($0.13)
Seat 4: Dorex2007 folded before Flop (didn't bet)
Seat 5: Cammerrzr folded before Flop (didn't bet)
Seat 7: abufirs (button) folded on the Flop
Seat 8: MelchiorF1 (small blind) folded before Flop



PokerStars Hand #237326872857:  Hold'em No Limit ($0.01/$0.02 USD) - 2022/07/12 19:03:55 PT [2022/07/12 22:03:55 ET]
Table 'Sergestus III' 9-max Seat #8 is the button
Seat 1: Lars137 ($3.65 in chips) 
Seat 2: yur4ik777 ($1.94 in chips) 
Seat 3: Donckske ($0.58 in chips) 
Seat 4: Dorex2007 ($2 in chips) 
Seat 5: Cammerrzr ($1.53 in chips) 
Seat 7: abufirs ($2.79 in chips) 
Seat 8: MelchiorF1 ($3.45 in chips) 
Lars137: posts small blind $0.01
yur4ik777: posts big blind $0.02
*** HOLE CARDS ***
Dealt to Dorex2007 [9h 5c]
Donckske: raises $0.02 to $0.04
Dorex2007: folds 
Cammerrzr: folds 
abufirs: folds 
MelchiorF1: raises $0.08 to $0.12
Lars137: folds 
yur4ik777: folds 
Donckske: folds 
Uncalled bet ($0.08) returned to MelchiorF1
MelchiorF1 collected $0.11 from pot
*** SUMMARY ***
Total pot $0.11 | Rake $0 
Seat 1: Lars137 (small blind) folded before Flop
Seat 2: yur4ik777 (big blind) folded before Flop
Seat 3: Donckske folded before Flop
Seat 4: Dorex2007 folded before Flop (didn't bet)
Seat 5: Cammerrzr folded before Flop (didn't bet)
Seat 7: abufirs folded before Flop (didn't bet)
Seat 8: MelchiorF1 (button) collected ($0.11)



PokerStars Hand #237326876708:  Hold'em No Limit ($0.01/$0.02 USD) - 2022/07/12 19:04:15 PT [2022/07/12 22:04:15 ET]
Table 'Sergestus III' 9-max Seat #1 is the button
Seat 1: Lars137 ($3.64 in chips) 
Seat 2: yur4ik777 ($1.92 in chips) 
Seat 3: Donckske ($0.54 in chips) 
Seat 4: Dorex2007 ($2 in chips) 
Seat 5: Cammerrzr ($1.53 in chips) 
Seat 7: abufirs ($2.79 in chips) 
Seat 8: MelchiorF1 ($3.52 in chips) 
yur4ik777: posts small blind $0.01
Donckske: posts big blind $0.02
*** HOLE CARDS ***
Dealt to Dorex2007 [Jc Kd]
Dorex2007: calls $0.02
Cammerrzr has timed out
Cammerrzr: folds 
abufirs: folds 
MelchiorF1: folds 
Lars137: folds 
yur4ik777: calls $0.01
Donckske: checks 
*** FLOP *** [8h Qh 8d]
aandre.luna leaves the table
yur4ik777: checks 
Donckske: checks 
Dorex2007: checks 
*** TURN *** [8h Qh 8d] [6s]
yur4ik777: checks 
Donckske: checks 
Dorex2007: checks 
*** RIVER *** [8h Qh 8d 6s] [Ad]
yur4ik777: bets $0.02
Donckske: folds 
Dorex2007: folds 
Uncalled bet ($0.02) returned to yur4ik777
yur4ik777 collected $0.06 from pot
*** SUMMARY ***
Total pot $0.06 | Rake $0 
Board [8h Qh 8d 6s Ad]
Seat 1: Lars137 (button) folded before Flop (didn't bet)
Seat 2: yur4ik777 (small blind) collected ($0.06)
Seat 3: Donckske (big blind) folded on the River
Seat 4: Dorex2007 folded on the River
Seat 5: Cammerrzr folded before Flop (didn't bet)
Seat 7: abufirs folded before Flop (didn't bet)
Seat 8: MelchiorF1 folded before Flop (didn't bet)



PokerStars Hand #237326886535:  Hold'em No Limit ($0.01/$0.02 USD) - 2022/07/12 19:05:06 PT [2022/07/12 22:05:06 ET]
Table 'Sergestus III' 9-max Seat #2 is the button
Seat 1: Lars137 ($3.64 in chips) 
Seat 2: yur4ik777 ($1.96 in chips) 
Seat 3: Donckske ($0.52 in chips) 
Seat 4: Dorex2007 ($2 in chips) 
Seat 7: abufirs ($2.79 in chips) 
Seat 8: MelchiorF1 ($3.52 in chips) 
Donckske: posts small blind $0.01
Dorex2007: posts big blind $0.02
*** HOLE CARDS ***
Dealt to Dorex2007 [Tc 7h]
abufirs: folds 
MelchiorF1: folds 
Lars137: folds 
yur4ik777: folds 
Donckske: calls $0.01
Dorex2007: checks 
*** FLOP *** [6d 5d Ts]
Donckske: checks 
Dorex2007: bets $0.06
Donckske: calls $0.06
*** TURN *** [6d 5d Ts] [9c]
Donckske: checks 
Dorex2007: checks 
*** RIVER *** [6d 5d Ts 9c] [Qh]
Donckske: checks 
Dorex2007: checks 
*** SHOW DOWN ***
Donckske: shows [9d 4d] (a pair of Nines)
Dorex2007: shows [Tc 7h] (a pair of Tens)
Dorex2007 collected $0.15 from pot
*** SUMMARY ***
Total pot $0.16 | Rake $0.01 
Board [6d 5d Ts 9c Qh]
Seat 1: Lars137 folded before Flop (didn't bet)
Seat 2: yur4ik777 (button) folded before Flop (didn't bet)
Seat 3: Donckske (small blind) showed [9d 4d] and lost with a pair of Nines
Seat 4: Dorex2007 (big blind) showed [Tc 7h] and won ($0.15) with a pair of Tens
Seat 7: abufirs folded before Flop (didn't bet)
Seat 8: MelchiorF1 folded before Flop (didn't bet)



PokerStars Hand #237326892342:  Hold'em No Limit ($0.01/$0.02 USD) - 2022/07/12 19:05:36 PT [2022/07/12 22:05:36 ET]
Table 'Sergestus III' 9-max Seat #3 is the button
Seat 1: Lars137 ($3.64 in chips) 
Seat 2: yur4ik777 ($1.96 in chips) 
Seat 3: Donckske ($0.44 in chips) 
Seat 4: Dorex2007 ($2.07 in chips) 
Seat 5: Cammerrzr ($1.53 in chips) 
Seat 7: abufirs ($2.79 in chips) 
Seat 8: MelchiorF1 ($3.52 in chips) 
Dorex2007: posts small blind $0.01
Cammerrzr: posts big blind $0.02
*** HOLE CARDS ***
Dealt to Dorex2007 [Ad As]
abufirs: calls $0.02
MelchiorF1: folds 
Lars137: folds 
yur4ik777: folds 
Donckske: folds 
MajorZK joins the table at seat #9 
Dorex2007: calls $0.01
Cammerrzr: checks 
*** FLOP *** [Tc 2c 6d]
Dorex2007: checks 
Cammerrzr: checks 
abufirs: checks 
*** TURN *** [Tc 2c 6d] [2s]
Dorex2007: bets $0.06
Cammerrzr: folds 
abufirs: folds 
Uncalled bet ($0.06) returned to Dorex2007
Dorex2007 collected $0.06 from pot
*** SUMMARY ***
Total pot $0.06 | Rake $0 
Board [Tc 2c 6d 2s]
Seat 1: Lars137 folded before Flop (didn't bet)
Seat 2: yur4ik777 folded before Flop (didn't bet)
Seat 3: Donckske (button) folded before Flop (didn't bet)
Seat 4: Dorex2007 (small blind) collected ($0.06)
Seat 5: Cammerrzr (big blind) folded on the Turn
Seat 7: abufirs folded on the Turn
Seat 8: MelchiorF1 folded before Flop (didn't bet)



PokerStars Hand #237326903523:  Hold'em No Limit ($0.01/$0.02 USD) - 2022/07/12 19:06:34 PT [2022/07/12 22:06:34 ET]
Table 'Sergestus III' 9-max Seat #4 is the button
Seat 1: Lars137 ($3.64 in chips) 
Seat 2: yur4ik777 ($1.96 in chips) 
Seat 3: Donckske ($0.44 in chips) 
Seat 4: Dorex2007 ($2.11 in chips) 
Seat 5: Cammerrzr ($1.51 in chips) 
Seat 7: abufirs ($2.77 in chips) 
Seat 8: MelchiorF1 ($3.52 in chips) 
Cammerrzr: posts small blind $0.01
abufirs: posts big blind $0.02
MajorZK: sits out 
*** HOLE CARDS ***
Dealt to Dorex2007 [Ts Th]
MelchiorF1: raises $0.04 to $0.06
Lars137: folds 
yur4ik777: folds 
Donckske: folds 
Dorex2007: calls $0.06
Cammerrzr: calls $0.05
abufirs: folds 
*** FLOP *** [8c 4c 4h]
Cammerrzr: checks 
MelchiorF1: checks 
Dorex2007: bets $0.19
Cammerrzr: folds 
MelchiorF1: folds 
Uncalled bet ($0.19) returned to Dorex2007
Dorex2007 collected $0.19 from pot
*** SUMMARY ***
Total pot $0.20 | Rake $0.01 
Board [8c 4c 4h]
Seat 1: Lars137 folded before Flop (didn't bet)
Seat 2: yur4ik777 folded before Flop (didn't bet)
Seat 3: Donckske folded before Flop (didn't bet)
Seat 4: Dorex2007 (button) collected ($0.19)
Seat 5: Cammerrzr (small blind) folded on the Flop
Seat 7: abufirs (big blind) folded before Flop
Seat 8: MelchiorF1 folded on the Flop



PokerStars Hand #237326908769:  Hold'em No Limit ($0.01/$0.02 USD) - 2022/07/12 19:07:01 PT [2022/07/12 22:07:01 ET]
Table 'Sergestus III' 9-max Seat #5 is the button
Seat 1: Lars137 ($3.64 in chips) 
Seat 2: yur4ik777 ($1.96 in chips) 
Seat 3: Donckske ($0.44 in chips) 
Seat 4: Dorex2007 ($2.24 in chips) 
Seat 5: Cammerrzr ($1.45 in chips) 
Seat 7: abufirs ($2.75 in chips) 
Seat 8: MelchiorF1 ($3.46 in chips) 
abufirs: posts small blind $0.01
MelchiorF1: posts big blind $0.02
MajorZK: sits out 
*** HOLE CARDS ***
Dealt to Dorex2007 [Qh 6c]
Lars137: folds 
yur4ik777: folds 
Donckske: folds 
Dorex2007: folds 
Cammerrzr: folds 
abufirs: calls $0.01
MelchiorF1: checks 
*** FLOP *** [Ac Ks Jh]
abufirs: checks 
MelchiorF1: checks 
*** TURN *** [Ac Ks Jh] [Qd]
abufirs: checks 
Lashram leaves the table
MelchiorF1: checks 
*** RIVER *** [Ac Ks Jh Qd] [9h]
abufirs: checks 
MelchiorF1: checks 
*** SHOW DOWN ***
abufirs: shows [9c 8d] (a pair of Nines)
MelchiorF1: mucks hand 
abufirs collected $0.04 from pot
*** SUMMARY ***
Total pot $0.04 | Rake $0 
Board [Ac Ks Jh Qd 9h]
Seat 1: Lars137 folded before Flop (didn't bet)
Seat 2: yur4ik777 folded before Flop (didn't bet)
Seat 3: Donckske folded before Flop (didn't bet)
Seat 4: Dorex2007 folded before Flop (didn't bet)
Seat 5: Cammerrzr (button) folded before Flop (didn't bet)
Seat 7: abufirs (small blind) showed [9c 8d] and won ($0.04) with a pair of Nines
Seat 8: MelchiorF1 (big blind) mucked [3c 5c]



PokerStars Hand #237326914837:  Hold'em No Limit ($0.01/$0.02 USD) - 2022/07/12 19:07:30 PT [2022/07/12 22:07:30 ET]
Table 'Sergestus III' 9-max Seat #7 is the button
Seat 1: Lars137 ($3.64 in chips) 
Seat 2: yur4ik777 ($1.96 in chips) 
Seat 3: Donckske ($0.44 in chips) 
Seat 4: Dorex2007 ($2.24 in chips) 
Seat 5: Cammerrzr ($1.45 in chips) 
Seat 7: abufirs ($2.77 in chips) 
Seat 8: MelchiorF1 ($3.44 in chips) 
Seat 9: MajorZK ($1.20 in chips) 
MelchiorF1: posts small blind $0.01
MajorZK: posts big blind $0.02
*** HOLE CARDS ***
Dealt to Dorex2007 [5s 6h]
Lars137: folds 
yur4ik777: folds 
Donckske: folds 
Dorex2007: folds 
Cammerrzr has timed out
Cammerrzr: folds 
abufirs: folds 
MelchiorF1: folds 
Uncalled bet ($0.01) returned to MajorZK
MajorZK collected $0.02 from pot
*** SUMMARY ***
Total pot $0.02 | Rake $0 
Seat 1: Lars137 folded before Flop (didn't bet)
Seat 2: yur4ik777 folded before Flop (didn't bet)
Seat 3: Donckske folded before Flop (didn't bet)
Seat 4: Dorex2007 folded before Flop (didn't bet)
Seat 5: Cammerrzr folded before Flop (didn't bet)
Seat 7: abufirs (button) folded before Flop (didn't bet)
Seat 8: MelchiorF1 (small blind) folded before Flop
Seat 9: MajorZK (big blind) collected ($0.02)



PokerStars Hand #237326921678:  Hold'em No Limit ($0.01/$0.02 USD) - 2022/07/12 19:08:06 PT [2022/07/12 22:08:06 ET]
Table 'Sergestus III' 9-max Seat #8 is the button
Seat 1: Lars137 ($3.64 in chips) 
Seat 2: yur4ik777 ($1.96 in chips) 
Seat 3: Donckske ($0.44 in chips) 
Seat 4: Dorex2007 ($2.24 in chips) 
Seat 7: abufirs ($2.77 in chips) 
Seat 8: MelchiorF1 ($3.43 in chips) 
Seat 9: MajorZK ($1.21 in chips) 
MajorZK: posts small blind $0.01
Lars137: posts big blind $0.02
*** HOLE CARDS ***
Dealt to Dorex2007 [Qh Ad]
yur4ik777: folds 
Donckske: folds 
Dorex2007: raises $0.02 to $0.04
abufirs: folds 
MelchiorF1: calls $0.04
MajorZK: calls $0.03
Lars137: calls $0.02
*** FLOP *** [9h Qs Ah]
MajorZK: checks 
Lars137: checks 
Dorex2007: bets $0.07
Addammss joins the table at seat #6 
MelchiorF1: folds 
MajorZK: calls $0.07
Lars137: folds 
*** TURN *** [9h Qs Ah] [Ts]
MajorZK: checks 
Dorex2007: bets $0.29
Donckske is disconnected 
MajorZK: folds 
Uncalled bet ($0.29) returned to Dorex2007
Dorex2007 collected $0.29 from pot
*** SUMMARY ***
Total pot $0.30 | Rake $0.01 
Board [9h Qs Ah Ts]
Seat 1: Lars137 (big blind) folded on the Flop
Seat 2: yur4ik777 folded before Flop (didn't bet)
Seat 3: Donckske folded before Flop (didn't bet)
Seat 4: Dorex2007 collected ($0.29)
Seat 7: abufirs folded before Flop (didn't bet)
Seat 8: MelchiorF1 (button) folded on the Flop
Seat 9: MajorZK (small blind) folded on the Turn



PokerStars Hand #237326944386:  Hold'em No Limit ($0.01/$0.02 USD) - 2022/07/12 19:09:39 PT [2022/07/12 22:09:39 ET]
Table 'Sergestus III' 9-max Seat #9 is the button
Seat 2: yur4ik777 ($1.96 in chips) 
Seat 4: Dorex2007 ($2.42 in chips) 
Seat 5: Cammerrzr ($1.45 in chips) 
Seat 6: Addammss ($0.80 in chips) 
Seat 7: abufirs ($2.77 in chips) 
Seat 8: MelchiorF1 ($3.39 in chips) 
Seat 9: MajorZK ($1.10 in chips) 
yur4ik777: posts small blind $0.01
Donckske has timed out while disconnected
Donckske: is sitting out 
Dorex2007: posts big blind $0.02
Addammss: posts big blind $0.02
*** HOLE CARDS ***
Dealt to Dorex2007 [Ks 6s]
Cammerrzr: folds 
Addammss: checks 
abufirs: folds 
MelchiorF1: folds 
MajorZK: calls $0.02
yur4ik777: folds 
Dorex2007: checks 
*** FLOP *** [7c Ah Kd]
Dorex2007: checks 
Addammss: checks 
MajorZK: checks 
*** TURN *** [7c Ah Kd] [Jh]
Dorex2007: bets $0.07
Addammss: calls $0.07
MajorZK: folds 
*** RIVER *** [7c Ah Kd Jh] [Js]
Dorex2007: checks 
Addammss: bets $0.06
Dorex2007: calls $0.06
*** SHOW DOWN ***
Addammss: shows [Jc Th] (three of a kind, Jacks)
Dorex2007: mucks hand 
Addammss collected $0.32 from pot
*** SUMMARY ***
Total pot $0.33 | Rake $0.01 
Board [7c Ah Kd Jh Js]
Seat 2: yur4ik777 (small blind) folded before Flop
Seat 4: Dorex2007 (big blind) mucked [Ks 6s]
Seat 5: Cammerrzr folded before Flop (didn't bet)
Seat 6: Addammss showed [Jc Th] and won ($0.32) with three of a kind, Jacks
Seat 7: abufirs folded before Flop (didn't bet)
Seat 8: MelchiorF1 folded before Flop (didn't bet)
Seat 9: MajorZK (button) folded on the Turn



PokerStars Hand #237326952651:  Hold'em No Limit ($0.01/$0.02 USD) - 2022/07/12 19:10:22 PT [2022/07/12 22:10:22 ET]
Table 'Sergestus III' 9-max Seat #2 is the button
Seat 2: yur4ik777 ($1.95 in chips) 
Seat 4: Dorex2007 ($2.27 in chips) 
Seat 5: Cammerrzr ($1.45 in chips) 
Seat 6: Addammss ($0.97 in chips) 
Seat 7: abufirs ($2.77 in chips) 
Seat 8: MelchiorF1 ($3.39 in chips) 
Seat 9: MajorZK ($1.08 in chips) 
Dorex2007: posts small blind $0.01
Cammerrzr: posts big blind $0.02
*** HOLE CARDS ***
Dealt to Dorex2007 [6s 3s]
Addammss: calls $0.02
abufirs: folds 
MelchiorF1: folds 
MajorZK: calls $0.02
yur4ik777: folds 
Dorex2007: folds 
Cammerrzr: checks 
*** FLOP *** [Kc 5c 4h]
Cammerrzr: checks 
Addammss: checks 
MajorZK: checks 
*** TURN *** [Kc 5c 4h] [Qh]
Cammerrzr has timed out
Cammerrzr: checks 
Addammss: checks 
MajorZK: bets $0.04
Cammerrzr: folds 
Addammss: calls $0.04
*** RIVER *** [Kc 5c 4h Qh] [5h]
Addammss: checks 
MajorZK: checks 
*** SHOW DOWN ***
Addammss: shows [3d Ad] (a pair of Fives)
MajorZK: shows [8s 8c] (two pair, Eights and Fives)
MajorZK collected $0.14 from pot
*** SUMMARY ***
Total pot $0.15 | Rake $0.01 
Board [Kc 5c 4h Qh 5h]
Seat 2: yur4ik777 (button) folded before Flop (didn't bet)
Seat 4: Dorex2007 (small blind) folded before Flop
Seat 5: Cammerrzr (big blind) folded on the Turn
Seat 6: Addammss showed [3d Ad] and lost with a pair of Fives
Seat 7: abufirs folded before Flop (didn't bet)
Seat 8: MelchiorF1 folded before Flop (didn't bet)
Seat 9: MajorZK showed [8s 8c] and won ($0.14) with two pair, Eights and Fives



PokerStars Hand #237326966236:  Hold'em No Limit ($0.01/$0.02 USD) - 2022/07/12 19:11:34 PT [2022/07/12 22:11:34 ET]
Table 'Sergestus III' 9-max Seat #4 is the button
Seat 2: yur4ik777 ($1.95 in chips) 
Seat 3: Donckske ($0.44 in chips) 
Seat 4: Dorex2007 ($2.26 in chips) 
Seat 5: Cammerrzr ($1.43 in chips) 
Seat 6: Addammss ($0.91 in chips) 
Seat 7: abufirs ($2.77 in chips) 
Seat 8: MelchiorF1 ($3.39 in chips) 
Seat 9: MajorZK ($1.16 in chips) 
Cammerrzr: posts small blind $0.01
Addammss: posts big blind $0.02
Donckske: posts small & big blinds $0.03
*** HOLE CARDS ***
Dealt to Dorex2007 [9s Ts]
abufirs: folds 
MelchiorF1: folds 
MajorZK: folds 
yur4ik777: folds 
Donckske: checks 
Dorex2007: folds 
Hibitox joins the table at seat #1 
Cammerrzr has timed out
Cammerrzr: folds 
Addammss: checks 
*** FLOP *** [5c Kc 8h]
Addammss: checks 
Donckske: checks 
*** TURN *** [5c Kc 8h] [Jc]
Addammss: bets $0.02
Donckske: calls $0.02
*** RIVER *** [5c Kc 8h Jc] [Kh]
Addammss: checks 
Donckske: checks 
*** SHOW DOWN ***
Addammss: shows [2c Jd] (two pair, Kings and Jacks)
Donckske: mucks hand 
Addammss collected $0.10 from pot
*** SUMMARY ***
Total pot $0.10 | Rake $0 
Board [5c Kc 8h Jc Kh]
Seat 2: yur4ik777 folded before Flop (didn't bet)
Seat 3: Donckske mucked [Qd 9c]
Seat 4: Dorex2007 (button) folded before Flop (didn't bet)
Seat 5: Cammerrzr (small blind) folded before Flop
Seat 6: Addammss (big blind) showed [2c Jd] and won ($0.10) with two pair, Kings and Jacks
Seat 7: abufirs folded before Flop (didn't bet)
Seat 8: MelchiorF1 folded before Flop (didn't bet)
Seat 9: MajorZK folded before Flop (didn't bet)



PokerStars Hand #237326980411:  Hold'em No Limit ($0.01/$0.02 USD) - 2022/07/12 19:12:49 PT [2022/07/12 22:12:49 ET]
Table 'Sergestus III' 9-max Seat #6 is the button
Seat 2: yur4ik777 ($1.95 in chips) 
Seat 3: Donckske ($0.39 in chips) 
Seat 4: Dorex2007 ($2.26 in chips) 
Seat 6: Addammss ($0.97 in chips) 
Seat 7: abufirs ($2.77 in chips) 
Seat 8: MelchiorF1 ($3.39 in chips) 
Seat 9: MajorZK ($1.16 in chips) 
abufirs: posts small blind $0.01
MelchiorF1: posts big blind $0.02
Hibitox has timed out
Hibitox: is sitting out 
*** HOLE CARDS ***
Dealt to Dorex2007 [Tc 8d]
Cammerrzr is disconnected 
MajorZK: folds 
yur4ik777: folds 
Donckske: raises $0.04 to $0.06
Dorex2007: folds 
Addammss: calls $0.06
abufirs: folds 
MelchiorF1: folds 
*** FLOP *** [Kd 7d Th]
Donckske: bets $0.07
Addammss: calls $0.07
*** TURN *** [Kd 7d Th] [9c]
Donckske: checks 
Addammss: checks 
*** RIVER *** [Kd 7d Th 9c] [4c]
Donckske: checks 
Addammss: checks 
*** SHOW DOWN ***
Donckske: shows [7c 8c] (a pair of Sevens)
Addammss: mucks hand 
Donckske collected $0.28 from pot
*** SUMMARY ***
Total pot $0.29 | Rake $0.01 
Board [Kd 7d Th 9c 4c]
Seat 2: yur4ik777 folded before Flop (didn't bet)
Seat 3: Donckske showed [7c 8c] and won ($0.28) with a pair of Sevens
Seat 4: Dorex2007 folded before Flop (didn't bet)
Seat 6: Addammss (button) mucked [2h Qh]
Seat 7: abufirs (small blind) folded before Flop
Seat 8: MelchiorF1 (big blind) folded before Flop
Seat 9: MajorZK folded before Flop (didn't bet)



PokerStars Hand #237326989818:  Hold'em No Limit ($0.01/$0.02 USD) - 2022/07/12 19:13:40 PT [2022/07/12 22:13:40 ET]
Table 'Sergestus III' 9-max Seat #7 is the button
Seat 2: yur4ik777 ($1.95 in chips) 
Seat 3: Donckske ($0.54 in chips) 
Seat 4: Dorex2007 ($2.26 in chips) 
Seat 5: Cammerrzr ($1.42 in chips) 
Seat 6: Addammss ($0.84 in chips) 
Seat 7: abufirs ($2.76 in chips) 
Seat 8: MelchiorF1 ($3.37 in chips) 
Seat 9: MajorZK ($1.16 in chips) 
MelchiorF1: posts small blind $0.01
MajorZK: posts big blind $0.02
Hibitox: sits out 
*** HOLE CARDS ***
Dealt to Dorex2007 [Ks 5d]
yur4ik777: folds 
Donckske: folds 
Dorex2007: folds 
Cammerrzr has timed out
Cammerrzr: folds 
Addammss: calls $0.02
abufirs: folds 
MelchiorF1: raises $0.04 to $0.06
MajorZK: folds 
Addammss: calls $0.04
*** FLOP *** [9c 6s 3d]
MelchiorF1: bets $0.04
Addammss: calls $0.04
*** TURN *** [9c 6s 3d] [9s]
MelchiorF1: checks 
Addammss: checks 
*** RIVER *** [9c 6s 3d 9s] [Td]
MelchiorF1: checks 
Addammss: checks 
*** SHOW DOWN ***
MelchiorF1: shows [Kd Ah] (a pair of Nines)
Addammss: mucks hand 
MelchiorF1 collected $0.21 from pot
*** SUMMARY ***
Total pot $0.22 | Rake $0.01 
Board [9c 6s 3d 9s Td]
Seat 2: yur4ik777 folded before Flop (didn't bet)
Seat 3: Donckske folded before Flop (didn't bet)
Seat 4: Dorex2007 folded before Flop (didn't bet)
Seat 5: Cammerrzr folded before Flop (didn't bet)
Seat 6: Addammss mucked [4d 7c]
Seat 7: abufirs (button) folded before Flop (didn't bet)
Seat 8: MelchiorF1 (small blind) showed [Kd Ah] and won ($0.21) with a pair of Nines
Seat 9: MajorZK (big blind) folded before Flop



PokerStars Hand #237327002016:  Hold'em No Limit ($0.01/$0.02 USD) - 2022/07/12 19:14:46 PT [2022/07/12 22:14:46 ET]
Table 'Sergestus III' 9-max Seat #8 is the button
Seat 1: Hibitox ($0.80 in chips) 
Seat 2: yur4ik777 ($1.95 in chips) 
Seat 3: Donckske ($0.54 in chips) 
Seat 4: Dorex2007 ($2.26 in chips) 
Seat 5: Cammerrzr ($1.42 in chips) 
Seat 6: Addammss ($0.74 in chips) 
Seat 7: abufirs ($2.76 in chips) 
Seat 8: MelchiorF1 ($3.48 in chips) 
Seat 9: MajorZK ($1.14 in chips) 
MajorZK: posts small blind $0.01
Hibitox: posts big blind $0.02
*** HOLE CARDS ***
Dealt to Dorex2007 [6h Qs]
yur4ik777: folds 
Donckske: folds 
Dorex2007: folds 
Cammerrzr: folds 
Addammss has timed out
Addammss: folds 
abufirs: calls $0.02
MelchiorF1: raises $0.04 to $0.06
MajorZK: folds 
Hibitox: calls $0.04
abufirs: calls $0.04
*** FLOP *** [Qh 7h Ts]
Hibitox: checks 
abufirs: checks 
MelchiorF1: bets $0.10
Hibitox: calls $0.10
abufirs: folds 
*** TURN *** [Qh 7h Ts] [9d]
Hibitox: bets $0.13
MelchiorF1: raises $0.19 to $0.32
Hibitox: calls $0.19
*** RIVER *** [Qh 7h Ts 9d] [Ad]
Hibitox: checks 
MelchiorF1: bets $0.76
Hibitox: folds 
Uncalled bet ($0.76) returned to MelchiorF1
MelchiorF1 collected $0.99 from pot
*** SUMMARY ***
Total pot $1.03 | Rake $0.04 
Board [Qh 7h Ts 9d Ad]
Seat 1: Hibitox (big blind) folded on the River
Seat 2: yur4ik777 folded before Flop (didn't bet)
Seat 3: Donckske folded before Flop (didn't bet)
Seat 4: Dorex2007 folded before Flop (didn't bet)
Seat 5: Cammerrzr folded before Flop (didn't bet)
Seat 6: Addammss folded before Flop (didn't bet)
Seat 7: abufirs folded on the Flop
Seat 8: MelchiorF1 (button) collected ($0.99)
Seat 9: MajorZK (small blind) folded before Flop



PokerStars Hand #237327021619:  Hold'em No Limit ($0.01/$0.02 USD) - 2022/07/12 19:16:29 PT [2022/07/12 22:16:29 ET]
Table 'Sergestus III' 9-max Seat #9 is the button
Seat 1: Hibitox ($0.32 in chips) 
Seat 2: yur4ik777 ($1.95 in chips) 
Seat 3: Donckske ($0.54 in chips) 
Seat 4: Dorex2007 ($2.26 in chips) 
Seat 5: Cammerrzr ($1.42 in chips) 
Seat 6: Addammss ($0.74 in chips) 
Seat 7: abufirs ($2.70 in chips) 
Seat 8: MelchiorF1 ($3.99 in chips) 
Seat 9: MajorZK ($1.13 in chips) 
Hibitox: posts small blind $0.01
yur4ik777: posts big blind $0.02
*** HOLE CARDS ***
Dealt to Dorex2007 [Ac 8s]
Donckske: folds 
Dorex2007: folds 
Cammerrzr: folds 
Donckske is disconnected 
Addammss: calls $0.02
abufirs: folds 
MelchiorF1: folds 
MajorZK: folds 
Hibitox: calls $0.01
yur4ik777: checks 
*** FLOP *** [Ad 2d 5d]
Hibitox: checks 
yur4ik777: checks 
Addammss: checks 
*** TURN *** [Ad 2d 5d] [Qc]
Hibitox: checks 
yur4ik777: checks 
Addammss: checks 
*** RIVER *** [Ad 2d 5d Qc] [Kd]
Hibitox: checks 
yur4ik777: checks 
Addammss: checks 
*** SHOW DOWN ***
Hibitox: shows [Jc 4c] (high card Ace)
yur4ik777: shows [6d 8d] (a flush, Ace high)
Addammss: mucks hand 
yur4ik777 collected $0.06 from pot
*** SUMMARY ***
Total pot $0.06 | Rake $0 
Board [Ad 2d 5d Qc Kd]
Seat 1: Hibitox (small blind) showed [Jc 4c] and lost with high card Ace
Seat 2: yur4ik777 (big blind) showed [6d 8d] and won ($0.06) with a flush, Ace high
Seat 3: Donckske folded before Flop (didn't bet)
Seat 4: Dorex2007 folded before Flop (didn't bet)
Seat 5: Cammerrzr folded before Flop (didn't bet)
Seat 6: Addammss mucked [2s 3h]
Seat 7: abufirs folded before Flop (didn't bet)
Seat 8: MelchiorF1 folded before Flop (didn't bet)
Seat 9: MajorZK (button) folded before Flop (didn't bet)



PokerStars Hand #237327029840:  Hold'em No Limit ($0.01/$0.02 USD) - 2022/07/12 19:17:13 PT [2022/07/12 22:17:13 ET]
Table 'Sergestus III' 9-max Seat #1 is the button
Seat 1: Hibitox ($0.30 in chips) 
Seat 2: yur4ik777 ($1.99 in chips) 
Seat 4: Dorex2007 ($2.26 in chips) 
Seat 5: Cammerrzr ($1.42 in chips) 
Seat 6: Addammss ($0.72 in chips) 
Seat 7: abufirs ($2.70 in chips) 
Seat 8: MelchiorF1 ($3.99 in chips) 
Seat 9: MajorZK ($1.13 in chips) 
yur4ik777: posts small blind $0.01
Donckske has timed out while disconnected
Donckske: is sitting out 
Dorex2007: posts big blind $0.02
*** HOLE CARDS ***
Dealt to Dorex2007 [Ts Ad]
Cammerrzr has timed out
Cammerrzr: folds 
Addammss: calls $0.02
abufirs: calls $0.02
MelchiorF1: folds 
MajorZK: folds 
Hibitox: folds 
yur4ik777: calls $0.01
Dorex2007: checks 
*** FLOP *** [Kd Js 3c]
yur4ik777: checks 
Dorex2007: checks 
Addammss: checks 
abufirs: checks 
*** TURN *** [Kd Js 3c] [Qs]
yur4ik777: checks 
Dorex2007: checks 
Addammss: bets $0.04
abufirs: calls $0.04
yur4ik777: folds 
Dorex2007: raises $0.12 to $0.16
Addammss: calls $0.12
abufirs: folds 
*** RIVER *** [Kd Js 3c Qs] [4d]
Dorex2007: bets $0.42
Addammss: folds 
Uncalled bet ($0.42) returned to Dorex2007
Dorex2007 collected $0.42 from pot
*** SUMMARY ***
Total pot $0.44 | Rake $0.02 
Board [Kd Js 3c Qs 4d]
Seat 1: Hibitox (button) folded before Flop (didn't bet)
Seat 2: yur4ik777 (small blind) folded on the Turn
Seat 4: Dorex2007 (big blind) collected ($0.42)
Seat 5: Cammerrzr folded before Flop (didn't bet)
Seat 6: Addammss folded on the River
Seat 7: abufirs folded on the Turn
Seat 8: MelchiorF1 folded before Flop (didn't bet)
Seat 9: MajorZK folded before Flop (didn't bet)



PokerStars Hand #237327049033:  Hold'em No Limit ($0.01/$0.02 USD) - 2022/07/12 19:18:55 PT [2022/07/12 22:18:55 ET]
Table 'Sergestus III' 9-max Seat #2 is the button
Seat 1: Hibitox ($0.30 in chips) 
Seat 2: yur4ik777 ($1.97 in chips) 
Seat 4: Dorex2007 ($2.50 in chips) 
Seat 5: Cammerrzr ($1.42 in chips) 
Seat 6: Addammss ($0.54 in chips) 
Seat 7: abufirs ($2.64 in chips) 
Seat 8: MelchiorF1 ($3.99 in chips) 
Seat 9: MajorZK ($1.13 in chips) 
Dorex2007: posts small blind $0.01
Cammerrzr: posts big blind $0.02
*** HOLE CARDS ***
Dealt to Dorex2007 [5c 7c]
Addammss: calls $0.02
abufirs: folds 
MelchiorF1: folds 
MajorZK: folds 
Hibitox: folds 
yur4ik777: folds 
Dorex2007: folds 
Cammerrzr has timed out
Cammerrzr: checks 
*** FLOP *** [3s Js 3c]
Cammerrzr has timed out
Cammerrzr: checks 
Addammss: checks 
*** TURN *** [3s Js 3c] [2h]
Cammerrzr has timed out
Cammerrzr: checks 
Addammss: checks 
*** RIVER *** [3s Js 3c 2h] [8s]
Cammerrzr: checks 
Addammss: checks 
*** SHOW DOWN ***
Cammerrzr: shows [4c Qs] (a pair of Threes)
Addammss: shows [2d Ah] (two pair, Threes and Deuces)
Addammss collected $0.05 from pot
*** SUMMARY ***
Total pot $0.05 | Rake $0 
Board [3s Js 3c 2h 8s]
Seat 1: Hibitox folded before Flop (didn't bet)
Seat 2: yur4ik777 (button) folded before Flop (didn't bet)
Seat 4: Dorex2007 (small blind) folded before Flop
Seat 5: Cammerrzr (big blind) showed [4c Qs] and lost with a pair of Threes
Seat 6: Addammss showed [2d Ah] and won ($0.05) with two pair, Threes and Deuces
Seat 7: abufirs folded before Flop (didn't bet)
Seat 8: MelchiorF1 folded before Flop (didn't bet)
Seat 9: MajorZK folded before Flop (didn't bet)



PokerStars Hand #237327072169:  Hold'em No Limit ($0.01/$0.02 USD) - 2022/07/12 19:20:14 PT [2022/07/12 22:20:14 ET]
Table 'Sergestus III' 9-max Seat #4 is the button
Seat 1: Hibitox ($0.30 in chips) 
Seat 2: yur4ik777 ($1.97 in chips) 
Seat 4: Dorex2007 ($2.49 in chips) 
Seat 5: Cammerrzr ($1.40 in chips) 
Seat 6: Addammss ($0.57 in chips) 
Seat 7: abufirs ($2.64 in chips) 
Seat 8: MelchiorF1 ($3.99 in chips) 
Seat 9: MajorZK ($1.13 in chips) 
Cammerrzr: posts small blind $0.01
Addammss: posts big blind $0.02
*** HOLE CARDS ***
Dealt to Dorex2007 [2d 7s]
abufirs: folds 
abufirs leaves the table
MelchiorF1: folds 
MajorZK: folds 
Hibitox: raises $0.06 to $0.08
yur4ik777: folds 
Dorex2007: folds 
Cammerrzr: folds 
Addammss: calls $0.06
*** FLOP *** [Ad Ts 2c]
Addammss: checks 
Hibitox: bets $0.05
Addammss: calls $0.05
*** TURN *** [Ad Ts 2c] [8c]
meelis9 joins the table at seat #7 
Addammss: checks 
Hibitox: bets $0.08
Addammss: calls $0.08
*** RIVER *** [Ad Ts 2c 8c] [Js]
Addammss: bets $0.14
Hibitox: calls $0.09 and is all-in
Uncalled bet ($0.05) returned to Addammss
*** SHOW DOWN ***
Addammss: shows [Td 8s] (two pair, Tens and Eights)
Hibitox: shows [2h Ah] (two pair, Aces and Deuces)
Hibitox collected $0.59 from pot
*** SUMMARY ***
Total pot $0.61 | Rake $0.02 
Board [Ad Ts 2c 8c Js]
Seat 1: Hibitox showed [2h Ah] and won ($0.59) with two pair, Aces and Deuces
Seat 2: yur4ik777 folded before Flop (didn't bet)
Seat 4: Dorex2007 (button) folded before Flop (didn't bet)
Seat 5: Cammerrzr (small blind) folded before Flop
Seat 6: Addammss (big blind) showed [Td 8s] and lost with two pair, Tens and Eights
Seat 7: abufirs folded before Flop (didn't bet)
Seat 8: MelchiorF1 folded before Flop (didn't bet)
Seat 9: MajorZK folded before Flop (didn't bet)



PokerStars Hand #237327086015:  Hold'em No Limit ($0.01/$0.02 USD) - 2022/07/12 19:21:28 PT [2022/07/12 22:21:28 ET]
Table 'Sergestus III' 9-max Seat #6 is the button
Seat 1: Hibitox ($0.59 in chips) 
Seat 2: yur4ik777 ($1.97 in chips) 
Seat 4: Dorex2007 ($2.49 in chips) 
Seat 6: Addammss ($0.27 in chips) 
Seat 8: MelchiorF1 ($3.99 in chips) 
Seat 9: MajorZK ($1.13 in chips) 
MelchiorF1: posts small blind $0.01
MajorZK: posts big blind $0.02
*** HOLE CARDS ***
Dealt to Dorex2007 [6h 9h]
Hibitox: raises $0.04 to $0.06
yur4ik777: folds 
Dorex2007: folds 
Addammss: calls $0.06
MelchiorF1: folds 
MajorZK: folds 
*** FLOP *** [Ts 5c 7c]
Hibitox: bets $0.07
Addammss: folds 
Uncalled bet ($0.07) returned to Hibitox
Hibitox collected $0.14 from pot
*** SUMMARY ***
Total pot $0.15 | Rake $0.01 
Board [Ts 5c 7c]
Seat 1: Hibitox collected ($0.14)
Seat 2: yur4ik777 folded before Flop (didn't bet)
Seat 4: Dorex2007 folded before Flop (didn't bet)
Seat 6: Addammss (button) folded on the Flop
Seat 8: MelchiorF1 (small blind) folded before Flop
Seat 9: MajorZK (big blind) folded before Flop



PokerStars Hand #237327090496:  Hold'em No Limit ($0.01/$0.02 USD) - 2022/07/12 19:21:52 PT [2022/07/12 22:21:52 ET]
Table 'Sergestus III' 9-max Seat #8 is the button
Seat 1: Hibitox ($0.67 in chips) 
Seat 2: yur4ik777 ($1.97 in chips) 
Seat 4: Dorex2007 ($2.49 in chips) 
Seat 6: Addammss ($0.21 in chips) 
Seat 7: meelis9 ($2 in chips) 
Seat 8: MelchiorF1 ($3.98 in chips) 
Seat 9: MajorZK ($1.11 in chips) 
MajorZK: posts small blind $0.01
Hibitox: posts big blind $0.02
meelis9: posts big blind $0.02
*** HOLE CARDS ***
Dealt to Dorex2007 [9h As]
yur4ik777: folds 
Dorex2007: folds 
Addammss has timed out
Addammss: folds 
meelis9: checks 
MelchiorF1: raises $0.06 to $0.08
MajorZK: folds 
Hibitox: folds 
meelis9: folds 
Uncalled bet ($0.06) returned to MelchiorF1
MelchiorF1 collected $0.07 from pot
*** SUMMARY ***
Total pot $0.07 | Rake $0 
Seat 1: Hibitox (big blind) folded before Flop
Seat 2: yur4ik777 folded before Flop (didn't bet)
Seat 4: Dorex2007 folded before Flop (didn't bet)
Seat 6: Addammss folded before Flop (didn't bet)
Seat 7: meelis9 folded before Flop (didn't bet)
Seat 8: MelchiorF1 (button) collected ($0.07)
Seat 9: MajorZK (small blind) folded before Flop



PokerStars Hand #237327099665:  Hold'em No Limit ($0.01/$0.02 USD) - 2022/07/12 19:22:42 PT [2022/07/12 22:22:42 ET]
Table 'Sergestus III' 9-max Seat #9 is the button
Seat 1: Hibitox ($0.65 in chips) 
Seat 2: yur4ik777 ($1.97 in chips) 
Seat 4: Dorex2007 ($2.49 in chips) 
Seat 6: Addammss ($0.21 in chips) 
Seat 7: meelis9 ($2 in chips) 
Seat 8: MelchiorF1 ($4.03 in chips) 
Seat 9: MajorZK ($1.10 in chips) 
Hibitox: posts small blind $0.01
yur4ik777: posts big blind $0.02
*** HOLE CARDS ***
Dealt to Dorex2007 [2d 3h]
Dorex2007: folds 
Addammss: calls $0.02
meelis9: folds 
MelchiorF1: folds 
MajorZK: folds 
Hibitox: calls $0.01
yur4ik777: checks 
*** FLOP *** [3c Ts Qs]
Hibitox: checks 
yur4ik777: checks 
Addammss: checks 
*** TURN *** [3c Ts Qs] [6h]
Hibitox: checks 
yur4ik777: bets $0.04
Addammss: folds 
Hibitox: calls $0.04
*** RIVER *** [3c Ts Qs 6h] [Ks]
Hibitox: bets $0.05
yur4ik777: folds 
Uncalled bet ($0.05) returned to Hibitox
Hibitox collected $0.14 from pot
*** SUMMARY ***
Total pot $0.14 | Rake $0 
Board [3c Ts Qs 6h Ks]
Seat 1: Hibitox (small blind) collected ($0.14)
Seat 2: yur4ik777 (big blind) folded on the River
Seat 4: Dorex2007 folded before Flop (didn't bet)
Seat 6: Addammss folded on the Turn
Seat 7: meelis9 folded before Flop (didn't bet)
Seat 8: MelchiorF1 folded before Flop (didn't bet)
Seat 9: MajorZK (button) folded before Flop (didn't bet)



PokerStars Hand #237327111702:  Hold'em No Limit ($0.01/$0.02 USD) - 2022/07/12 19:23:48 PT [2022/07/12 22:23:48 ET]
Table 'Sergestus III' 9-max Seat #1 is the button
Seat 1: Hibitox ($0.73 in chips) 
Seat 2: yur4ik777 ($1.91 in chips) 
Seat 4: Dorex2007 ($2.49 in chips) 
Seat 6: Addammss ($0.19 in chips) 
Seat 7: meelis9 ($2 in chips) 
Seat 8: MelchiorF1 ($4.03 in chips) 
Seat 9: MajorZK ($1.10 in chips) 
yur4ik777: posts small blind $0.01
Dorex2007: posts big blind $0.02
*** HOLE CARDS ***
Dealt to Dorex2007 [5c 2d]
Addammss: calls $0.02
meelis9: folds 
MelchiorF1: folds 
MajorZK: calls $0.02
Hibitox: raises $0.06 to $0.08
yur4ik777: folds 
Dorex2007: folds 
Addammss: calls $0.06
MajorZK: folds 
*** FLOP *** [2h 8c 4c]
Addammss: checks 
Hibitox: bets $0.11
Addammss: folds 
Uncalled bet ($0.11) returned to Hibitox
Hibitox collected $0.20 from pot
*** SUMMARY ***
Total pot $0.21 | Rake $0.01 
Board [2h 8c 4c]
Seat 1: Hibitox (button) collected ($0.20)
Seat 2: yur4ik777 (small blind) folded before Flop
Seat 4: Dorex2007 (big blind) folded before Flop
Seat 6: Addammss folded on the Flop
Seat 7: meelis9 folded before Flop (didn't bet)
Seat 8: MelchiorF1 folded before Flop (didn't bet)
Seat 9: MajorZK folded before Flop



PokerStars Hand #237327119857:  Hold'em No Limit ($0.01/$0.02 USD) - 2022/07/12 19:24:32 PT [2022/07/12 22:24:32 ET]
Table 'Sergestus III' 9-max Seat #2 is the button
Seat 1: Hibitox ($0.85 in chips) 
Seat 2: yur4ik777 ($1.90 in chips) 
Seat 4: Dorex2007 ($2.47 in chips) 
Seat 6: Addammss ($0.11 in chips) 
Seat 7: meelis9 ($2 in chips) 
Seat 8: MelchiorF1 ($4.03 in chips) 
Seat 9: MajorZK ($1.08 in chips) 
Dorex2007: posts small blind $0.01
Addammss: posts big blind $0.02
*** HOLE CARDS ***
Dealt to Dorex2007 [3c 7c]
meelis9 has timed out
meelis9: folds 
MelchiorF1: folds 
MajorZK: calls $0.02
Hibitox: folds 
yur4ik777: folds 
Dorex2007: folds 
Addammss: raises $0.09 to $0.11 and is all-in
MajorZK: calls $0.09
*** FLOP *** [8h 2s 2c]
*** TURN *** [8h 2s 2c] [7d]
*** RIVER *** [8h 2s 2c 7d] [4d]
*** SHOW DOWN ***
Addammss: shows [Ad Ah] (two pair, Aces and Deuces)
MajorZK: shows [Jd Kd] (a pair of Deuces)
Addammss collected $0.22 from pot
MajorZK cashed out the hand for $0.03
*** SUMMARY ***
Total pot $0.23 | Rake $0.01 
Board [8h 2s 2c 7d 4d]
Seat 1: Hibitox folded before Flop (didn't bet)
Seat 2: yur4ik777 (button) folded before Flop (didn't bet)
Seat 4: Dorex2007 (small blind) folded before Flop
Seat 6: Addammss (big blind) showed [Ad Ah] and won ($0.22) with two pair, Aces and Deuces
Seat 7: meelis9 folded before Flop (didn't bet)
Seat 8: MelchiorF1 folded before Flop (didn't bet)
Seat 9: MajorZK showed [Jd Kd] and lost with a pair of Deuces (cashed out).



PokerStars Hand #237327127490:  Hold'em No Limit ($0.01/$0.02 USD) - 2022/07/12 19:25:14 PT [2022/07/12 22:25:14 ET]
Table 'Sergestus III' 9-max Seat #4 is the button
Seat 1: Hibitox ($0.85 in chips) 
Seat 2: yur4ik777 ($1.90 in chips) 
Seat 4: Dorex2007 ($2.46 in chips) 
Seat 6: Addammss ($0.22 in chips) 
Seat 7: meelis9 ($2 in chips) 
Seat 8: MelchiorF1 ($4.03 in chips) 
Seat 9: MajorZK ($1 in chips) 
Addammss: posts small blind $0.01
meelis9: posts big blind $0.02
*** HOLE CARDS ***
Dealt to Dorex2007 [5s 9d]
MelchiorF1: folds 
MajorZK: calls $0.02
Hibitox: folds 
yur4ik777: folds 
Dorex2007: folds 
Addammss: calls $0.01
meelis9: raises $0.04 to $0.06
MajorZK: calls $0.04
Addammss: calls $0.04
*** FLOP *** [8h 2d 3h]
Addammss: checks 
meelis9: bets $0.08
MajorZK: calls $0.08
Addammss: calls $0.08
*** TURN *** [8h 2d 3h] [2h]
Addammss: checks 
meelis9: checks 
MajorZK: bets $0.20
Addammss: calls $0.08 and is all-in
meelis9: folds 
Uncalled bet ($0.12) returned to MajorZK
*** RIVER *** [8h 2d 3h 2h] [7s]
*** SHOW DOWN ***
Addammss: shows [3d Tc] (two pair, Threes and Deuces)
MajorZK: shows [Kc 2s] (three of a kind, Deuces)
MajorZK cashed out the hand for $0.52 | Cash Out Fee $0.01
*** SUMMARY ***
Total pot $0.58 | Rake $0.02 
Board [8h 2d 3h 2h 7s]
Seat 1: Hibitox folded before Flop (didn't bet)
Seat 2: yur4ik777 folded before Flop (didn't bet)
Seat 4: Dorex2007 (button) folded before Flop (didn't bet)
Seat 6: Addammss (small blind) showed [3d Tc] and lost with two pair, Threes and Deuces
Seat 7: meelis9 (big blind) folded on the Turn
Seat 8: MelchiorF1 folded before Flop (didn't bet)
Seat 9: MajorZK showed [Kc 2s] and won ($0.56) with three of a kind, Deuces (pot not awarded as player cashed out)



PokerStars Hand #237327138543:  Hold'em No Limit ($0.01/$0.02 USD) - 2022/07/12 19:26:14 PT [2022/07/12 22:26:14 ET]
Table 'Sergestus III' 9-max Seat #7 is the button
Seat 1: Hibitox ($0.85 in chips) 
Seat 2: yur4ik777 ($1.90 in chips) 
Seat 4: Dorex2007 ($2.46 in chips) 
Seat 7: meelis9 ($2 in chips) 
Seat 8: MelchiorF1 ($4.03 in chips) 
Seat 9: MajorZK ($1.30 in chips) 
MelchiorF1: posts small blind $0.01
MajorZK: posts big blind $0.02
*** HOLE CARDS ***
Dealt to Dorex2007 [3c Jd]
Addammss leaves the table
Hibitox: calls $0.02
yur4ik777: folds 
Dorex2007: folds 
meelis9: folds 
Donckske leaves the table
MelchiorF1: folds 
MajorZK: raises $0.02 to $0.04
Hibitox: calls $0.02
*** FLOP *** [8h 5h Ks]
MajorZK: checks 
Hibitox: checks 
*** TURN *** [8h 5h Ks] [2h]
MajorZK: checks 
Hibitox: checks 
*** RIVER *** [8h 5h Ks 2h] [6c]
MajorZK: bets $0.06
Hibitox: folds 
Uncalled bet ($0.06) returned to MajorZK
MajorZK collected $0.09 from pot
*** SUMMARY ***
Total pot $0.09 | Rake $0 
Board [8h 5h Ks 2h 6c]
Seat 1: Hibitox folded on the River
Seat 2: yur4ik777 folded before Flop (didn't bet)
Seat 4: Dorex2007 folded before Flop (didn't bet)
Seat 7: meelis9 (button) folded before Flop (didn't bet)
Seat 8: MelchiorF1 (small blind) folded before Flop
Seat 9: MajorZK (big blind) collected ($0.09)



PokerStars Hand #237327160310:  Hold'em No Limit ($0.01/$0.02 USD) - 2022/07/12 19:27:30 PT [2022/07/12 22:27:30 ET]
Table 'Sergestus III' 9-max Seat #8 is the button
Seat 1: Hibitox ($0.81 in chips) 
Seat 2: yur4ik777 ($1.90 in chips) 
Seat 4: Dorex2007 ($2.46 in chips) 
Seat 7: meelis9 ($2 in chips) 
Seat 8: MelchiorF1 ($4.02 in chips) 
Seat 9: MajorZK ($1.35 in chips) 
MajorZK: posts small blind $0.01
Hibitox: posts big blind $0.02
*** HOLE CARDS ***
Dealt to Dorex2007 [6s Qd]
yur4ik777: folds 
all-night1315 joins the table at seat #3 
Dorex2007: folds 
meelis9: folds 
MelchiorF1: folds 
MajorZK: calls $0.01
Hibitox: checks 
*** FLOP *** [Ac Th 2d]
MajorZK: checks 
Hibitox: bets $0.02
MajorZK: calls $0.02
*** TURN *** [Ac Th 2d] [8c]
MajorZK: checks 
Hibitox: checks 
*** RIVER *** [Ac Th 2d 8c] [As]
MajorZK: bets $0.04
ElChingolo77 joins the table at seat #6 
Hibitox: folds 
Uncalled bet ($0.04) returned to MajorZK
MajorZK collected $0.08 from pot
*** SUMMARY ***
Total pot $0.08 | Rake $0 
Board [Ac Th 2d 8c As]
Seat 1: Hibitox (big blind) folded on the River
Seat 2: yur4ik777 folded before Flop (didn't bet)
Seat 4: Dorex2007 folded before Flop (didn't bet)
Seat 7: meelis9 folded before Flop (didn't bet)
Seat 8: MelchiorF1 (button) folded before Flop (didn't bet)
Seat 9: MajorZK (small blind) collected ($0.08)



PokerStars Hand #237327170986:  Hold'em No Limit ($0.01/$0.02 USD) - 2022/07/12 19:28:28 PT [2022/07/12 22:28:28 ET]
Table 'Sergestus III' 9-max Seat #9 is the button
Seat 1: Hibitox ($0.77 in chips) 
Seat 2: yur4ik777 ($1.90 in chips) 
Seat 3: all-night1315 ($1.04 in chips) 
Seat 4: Dorex2007 ($2.46 in chips) 
Seat 6: ElChingolo77 ($1.70 in chips) 
Seat 7: meelis9 ($2 in chips) 
Seat 8: MelchiorF1 ($4.02 in chips) 
Seat 9: MajorZK ($1.39 in chips) 
Hibitox: posts small blind $0.01
yur4ik777: posts big blind $0.02
all-night1315: posts big blind $0.02
ElChingolo77: posts big blind $0.02
*** HOLE CARDS ***
Dealt to Dorex2007 [5s 5d]
all-night1315: checks 
Dorex2007: calls $0.02
ElChingolo77: checks 
meelis9: folds 
MelchiorF1 has timed out
MelchiorF1: folds 
MajorZK: calls $0.02
Hibitox: calls $0.01
yur4ik777: checks 
*** FLOP *** [9h 2h Tc]
Hibitox: checks 
yur4ik777: checks 
all-night1315: checks 
Dorex2007: checks 
ElChingolo77: checks 
MajorZK: checks 
*** TURN *** [9h 2h Tc] [3d]
Hibitox: checks 
yur4ik777: checks 
all-night1315: checks 
Dorex2007: checks 
ElChingolo77: checks 
MajorZK: checks 
*** RIVER *** [9h 2h Tc 3d] [5h]
Hibitox: checks 
yur4ik777: checks 
all-night1315: bets $0.06
Dorex2007: calls $0.06
ElChingolo77: folds 
MajorZK: folds 
Hibitox: folds 
yur4ik777: folds 
*** SHOW DOWN ***
all-night1315: shows [5c Qd] (a pair of Fives)
Dorex2007: shows [5s 5d] (three of a kind, Fives)
Dorex2007 collected $0.23 from pot
*** SUMMARY ***
Total pot $0.24 | Rake $0.01 
Board [9h 2h Tc 3d 5h]
Seat 1: Hibitox (small blind) folded on the River
Seat 2: yur4ik777 (big blind) folded on the River
Seat 3: all-night1315 showed [5c Qd] and lost with a pair of Fives
Seat 4: Dorex2007 showed [5s 5d] and won ($0.23) with three of a kind, Fives
Seat 6: ElChingolo77 folded on the River (didn't bet)
Seat 7: meelis9 folded before Flop (didn't bet)
Seat 8: MelchiorF1 folded before Flop (didn't bet)
Seat 9: MajorZK (button) folded on the River



PokerStars Hand #237327190055:  Hold'em No Limit ($0.01/$0.02 USD) - 2022/07/12 19:30:12 PT [2022/07/12 22:30:12 ET]
Table 'Sergestus III' 9-max Seat #1 is the button
Seat 1: Hibitox ($0.75 in chips) 
Seat 2: yur4ik777 ($1.88 in chips) 
Seat 3: all-night1315 ($0.96 in chips) 
Seat 4: Dorex2007 ($2.61 in chips) 
Seat 6: ElChingolo77 ($1.68 in chips) 
Seat 7: meelis9 ($2 in chips) 
Seat 8: MelchiorF1 ($4.02 in chips) 
Seat 9: MajorZK ($1.37 in chips) 
yur4ik777: posts small blind $0.01
all-night1315: posts big blind $0.02
*** HOLE CARDS ***
Dealt to Dorex2007 [7h 9c]
Dorex2007: folds 
ElChingolo77 has timed out
ElChingolo77: folds 
meelis9 has timed out
meelis9: folds 
MelchiorF1: raises $0.03 to $0.05
MajorZK: calls $0.05
Hibitox: folds 
yur4ik777: calls $0.04
all-night1315: calls $0.03
*** FLOP *** [6c 2c 3c]
yur4ik777: checks 
all-night1315: checks 
MelchiorF1: checks 
MajorZK: checks 
*** TURN *** [6c 2c 3c] [5h]
yur4ik777: checks 
all-night1315: checks 
MelchiorF1: checks 
MajorZK: checks 
*** RIVER *** [6c 2c 3c 5h] [7d]
yur4ik777: checks 
all-night1315: checks 
MelchiorF1: checks 
MajorZK: checks 
*** SHOW DOWN ***
yur4ik777: shows [Ah Ts] (high card Ace)
all-night1315: mucks hand 
MelchiorF1: shows [8h 8s] (a pair of Eights)
MajorZK: mucks hand 
MelchiorF1 collected $0.19 from pot
*** SUMMARY ***
Total pot $0.20 | Rake $0.01 
Board [6c 2c 3c 5h 7d]
Seat 1: Hibitox (button) folded before Flop (didn't bet)
Seat 2: yur4ik777 (small blind) showed [Ah Ts] and lost with high card Ace
Seat 3: all-night1315 (big blind) mucked [Qc 9h]
Seat 4: Dorex2007 folded before Flop (didn't bet)
Seat 6: ElChingolo77 folded before Flop (didn't bet)
Seat 7: meelis9 folded before Flop (didn't bet)
Seat 8: MelchiorF1 showed [8h 8s] and won ($0.19) with a pair of Eights
Seat 9: MajorZK mucked [Kd 9s]



PokerStars Hand #237327217834:  Hold'em No Limit ($0.01/$0.02 USD) - 2022/07/12 19:31:56 PT [2022/07/12 22:31:56 ET]
Table 'Sergestus III' 9-max Seat #2 is the button
Seat 1: Hibitox ($0.75 in chips) 
Seat 2: yur4ik777 ($1.83 in chips) 
Seat 3: all-night1315 ($0.91 in chips) 
Seat 4: Dorex2007 ($2.61 in chips) 
Seat 5: Cammerrzr ($1.39 in chips) 
Seat 6: ElChingolo77 ($1.68 in chips) 
Seat 7: meelis9 ($2 in chips) 
Seat 8: MelchiorF1 ($4.16 in chips) 
Seat 9: MajorZK ($1.32 in chips) 
all-night1315: posts small blind $0.01
Dorex2007: posts big blind $0.02
Cammerrzr: posts small & big blinds $0.03
*** HOLE CARDS ***
Dealt to Dorex2007 [Qc 2d]
Cammerrzr: checks 
ElChingolo77: calls $0.02
meelis9: folds 
MelchiorF1: folds 
MajorZK: folds 
Hibitox: raises $0.07 to $0.09
yur4ik777: folds 
all-night1315: folds 
Dorex2007: folds 
Cammerrzr has timed out
Cammerrzr: folds 
ElChingolo77: calls $0.07
*** FLOP *** [9c Ah Qd]
ElChingolo77: checks 
Hibitox: bets $0.11
ElChingolo77: folds 
Uncalled bet ($0.11) returned to Hibitox
Hibitox collected $0.23 from pot
*** SUMMARY ***
Total pot $0.24 | Rake $0.01 
Board [9c Ah Qd]
Seat 1: Hibitox collected ($0.23)
Seat 2: yur4ik777 (button) folded before Flop (didn't bet)
Seat 3: all-night1315 (small blind) folded before Flop
Seat 4: Dorex2007 (big blind) folded before Flop
Seat 5: Cammerrzr folded before Flop (didn't bet)
Seat 6: ElChingolo77 folded on the Flop
Seat 7: meelis9 folded before Flop (didn't bet)
Seat 8: MelchiorF1 folded before Flop (didn't bet)
Seat 9: MajorZK folded before Flop (didn't bet)



PokerStars Hand #237327231418:  Hold'em No Limit ($0.01/$0.02 USD) - 2022/07/12 19:33:11 PT [2022/07/12 22:33:11 ET]
Table 'Sergestus III' 9-max Seat #3 is the button
Seat 1: Hibitox ($0.89 in chips) 
Seat 2: yur4ik777 ($1.83 in chips) 
Seat 3: all-night1315 ($0.90 in chips) 
Seat 4: Dorex2007 ($2.59 in chips) 
Seat 6: ElChingolo77 ($1.59 in chips) 
Seat 7: meelis9 ($2 in chips) 
Seat 8: MelchiorF1 ($4.16 in chips) 
Seat 9: MajorZK ($1.32 in chips) 
Dorex2007: posts small blind $0.01
ElChingolo77: posts big blind $0.02
*** HOLE CARDS ***
Dealt to Dorex2007 [2c 7c]
meelis9: folds 
MelchiorF1: folds 
MajorZK: folds 
Hibitox: raises $0.05 to $0.07
yur4ik777: folds 
all-night1315: folds 
Dorex2007: folds 
ElChingolo77: calls $0.05
*** FLOP *** [5d Kc 3h]
ElChingolo77: checks 
Hibitox: bets $0.07
ElChingolo77: folds 
Uncalled bet ($0.07) returned to Hibitox
Hibitox collected $0.14 from pot
*** SUMMARY ***
Total pot $0.15 | Rake $0.01 
Board [5d Kc 3h]
Seat 1: Hibitox collected ($0.14)
Seat 2: yur4ik777 folded before Flop (didn't bet)
Seat 3: all-night1315 (button) folded before Flop (didn't bet)
Seat 4: Dorex2007 (small blind) folded before Flop
Seat 6: ElChingolo77 (big blind) folded on the Flop
Seat 7: meelis9 folded before Flop (didn't bet)
Seat 8: MelchiorF1 folded before Flop (didn't bet)
Seat 9: MajorZK folded before Flop (didn't bet)



PokerStars Hand #237327238804:  Hold'em No Limit ($0.01/$0.02 USD) - 2022/07/12 19:33:52 PT [2022/07/12 22:33:52 ET]
Table 'Sergestus III' 9-max Seat #4 is the button
Seat 1: Hibitox ($0.96 in chips) 
Seat 2: yur4ik777 ($1.83 in chips) 
Seat 3: all-night1315 ($0.90 in chips) 
Seat 4: Dorex2007 ($2.58 in chips) 
Seat 6: ElChingolo77 ($1.52 in chips) 
Seat 7: meelis9 ($2 in chips) 
Seat 8: MelchiorF1 ($4.16 in chips) 
Seat 9: MajorZK ($1.32 in chips) 
ElChingolo77: posts small blind $0.01
meelis9: posts big blind $0.02
*** HOLE CARDS ***
Dealt to Dorex2007 [9h 8d]
MelchiorF1: raises $0.04 to $0.06
MajorZK: calls $0.06
Hibitox: calls $0.06
yur4ik777: folds 
all-night1315: folds 
Dorex2007: folds 
ElChingolo77: calls $0.05
meelis9: raises $0.12 to $0.18
MelchiorF1: calls $0.12
MajorZK: folds 
Hibitox: folds 
ElChingolo77: folds 
*** FLOP *** [Ts Td 8c]
meelis9: bets $0.26
MelchiorF1: folds 
Uncalled bet ($0.26) returned to meelis9
meelis9 collected $0.52 from pot
*** SUMMARY ***
Total pot $0.54 | Rake $0.02 
Board [Ts Td 8c]
Seat 1: Hibitox folded before Flop
Seat 2: yur4ik777 folded before Flop (didn't bet)
Seat 3: all-night1315 folded before Flop (didn't bet)
Seat 4: Dorex2007 (button) folded before Flop (didn't bet)
Seat 6: ElChingolo77 (small blind) folded before Flop
Seat 7: meelis9 (big blind) collected ($0.52)
Seat 8: MelchiorF1 folded on the Flop
Seat 9: MajorZK folded before Flop



PokerStars Hand #237327254562:  Hold'em No Limit ($0.01/$0.02 USD) - 2022/07/12 19:35:20 PT [2022/07/12 22:35:20 ET]
Table 'Sergestus III' 9-max Seat #6 is the button
Seat 1: Hibitox ($0.90 in chips) 
Seat 2: yur4ik777 ($1.83 in chips) 
Seat 3: all-night1315 ($0.90 in chips) 
Seat 4: Dorex2007 ($2.58 in chips) 
Seat 6: ElChingolo77 ($1.46 in chips) 
Seat 7: meelis9 ($2.34 in chips) 
Seat 8: MelchiorF1 ($3.98 in chips) 
Seat 9: MajorZK ($1.26 in chips) 
meelis9: posts small blind $0.01
MelchiorF1: posts big blind $0.02
Cammerrzr: sits out 
*** HOLE CARDS ***
Dealt to Dorex2007 [2d 3h]
MajorZK: folds 
Hibitox: raises $0.04 to $0.06
yur4ik777: folds 
all-night1315: calls $0.06
Dorex2007: folds 
ElChingolo77: folds 
meelis9: folds 
MelchiorF1: folds 
*** FLOP *** [Ks Ac Kh]
Hibitox: bets $0.05
all-night1315: folds 
Uncalled bet ($0.05) returned to Hibitox
Hibitox collected $0.14 from pot
*** SUMMARY ***
Total pot $0.15 | Rake $0.01 
Board [Ks Ac Kh]
Seat 1: Hibitox collected ($0.14)
Seat 2: yur4ik777 folded before Flop (didn't bet)
Seat 3: all-night1315 folded on the Flop
Seat 4: Dorex2007 folded before Flop (didn't bet)
Seat 6: ElChingolo77 (button) folded before Flop (didn't bet)
Seat 7: meelis9 (small blind) folded before Flop
Seat 8: MelchiorF1 (big blind) folded before Flop
Seat 9: MajorZK folded before Flop (didn't bet)



PokerStars Hand #237327261937:  Hold'em No Limit ($0.01/$0.02 USD) - 2022/07/12 19:36:01 PT [2022/07/12 22:36:01 ET]
Table 'Sergestus III' 9-max Seat #7 is the button
Seat 1: Hibitox ($0.98 in chips) 
Seat 2: yur4ik777 ($1.83 in chips) 
Seat 3: all-night1315 ($0.84 in chips) 
Seat 4: Dorex2007 ($2.58 in chips) 
Seat 6: ElChingolo77 ($1.46 in chips) 
Seat 7: meelis9 ($2.33 in chips) 
Seat 8: MelchiorF1 ($3.96 in chips) 
Seat 9: MajorZK ($1.26 in chips) 
MelchiorF1: posts small blind $0.01
MajorZK: posts big blind $0.02
Cammerrzr: sits out 
*** HOLE CARDS ***
Dealt to Dorex2007 [As 7h]
Hibitox: raises $0.04 to $0.06
yur4ik777: folds 
all-night1315: folds 
Dorex2007: folds 
ElChingolo77: folds 
meelis9: folds 
MelchiorF1: folds 
MajorZK: folds 
Uncalled bet ($0.04) returned to Hibitox
Hibitox collected $0.05 from pot
*** SUMMARY ***
Total pot $0.05 | Rake $0 
Seat 1: Hibitox collected ($0.05)
Seat 2: yur4ik777 folded before Flop (didn't bet)
Seat 3: all-night1315 folded before Flop (didn't bet)
Seat 4: Dorex2007 folded before Flop (didn't bet)
Seat 6: ElChingolo77 folded before Flop (didn't bet)
Seat 7: meelis9 (button) folded before Flop (didn't bet)
Seat 8: MelchiorF1 (small blind) folded before Flop
Seat 9: MajorZK (big blind) folded before Flop



PokerStars Hand #237327265639:  Hold'em No Limit ($0.01/$0.02 USD) - 2022/07/12 19:36:22 PT [2022/07/12 22:36:22 ET]
Table 'Sergestus III' 9-max Seat #8 is the button
Seat 1: Hibitox ($1.01 in chips) 
Seat 2: yur4ik777 ($1.83 in chips) 
Seat 3: all-night1315 ($0.84 in chips) 
Seat 4: Dorex2007 ($2.58 in chips) 
Seat 6: ElChingolo77 ($1.46 in chips) 
Seat 7: meelis9 ($2.33 in chips) 
Seat 8: MelchiorF1 ($3.95 in chips) 
Seat 9: MajorZK ($1.24 in chips) 
MajorZK: posts small blind $0.01
Hibitox: posts big blind $0.02
Cammerrzr: sits out 
*** HOLE CARDS ***
Dealt to Dorex2007 [6s 7c]
yur4ik777: folds 
all-night1315: folds 
Dorex2007: folds 
ElChingolo77: raises $0.02 to $0.04
meelis9: raises $0.08 to $0.12
MelchiorF1: folds 
MajorZK: folds 
Hibitox: folds 
ElChingolo77: calls $0.08
*** FLOP *** [4s Kd Ad]
ElChingolo77: bets $0.13
meelis9: calls $0.13
*** TURN *** [4s Kd Ad] [9h]
ElChingolo77: checks 
meelis9: bets $0.18
ElChingolo77: folds 
Uncalled bet ($0.18) returned to meelis9
meelis9 collected $0.51 from pot
*** SUMMARY ***
Total pot $0.53 | Rake $0.02 
Board [4s Kd Ad 9h]
Seat 1: Hibitox (big blind) folded before Flop
Seat 2: yur4ik777 folded before Flop (didn't bet)
Seat 3: all-night1315 folded before Flop (didn't bet)
Seat 4: Dorex2007 folded before Flop (didn't bet)
Seat 6: ElChingolo77 folded on the Turn
Seat 7: meelis9 collected ($0.51)
Seat 8: MelchiorF1 (button) folded before Flop (didn't bet)
Seat 9: MajorZK (small blind) folded before Flop



PokerStars Hand #237327276730:  Hold'em No Limit ($0.01/$0.02 USD) - 2022/07/12 19:37:25 PT [2022/07/12 22:37:25 ET]
Table 'Sergestus III' 9-max Seat #9 is the button
Seat 1: Hibitox ($0.99 in chips) 
Seat 2: yur4ik777 ($1.83 in chips) 
Seat 3: all-night1315 ($0.84 in chips) 
Seat 4: Dorex2007 ($2.58 in chips) 
Seat 6: ElChingolo77 ($1.21 in chips) 
Seat 7: meelis9 ($2.59 in chips) 
Seat 8: MelchiorF1 ($3.95 in chips) 
Seat 9: MajorZK ($1.23 in chips) 
Hibitox: posts small blind $0.01
yur4ik777: posts big blind $0.02
Cammerrzr: sits out 
*** HOLE CARDS ***
Dealt to Dorex2007 [7d Js]
all-night1315: folds 
Dorex2007: folds 
ElChingolo77: raises $0.04 to $0.06
meelis9: folds 
MelchiorF1: folds 
MajorZK: calls $0.06
Hibitox: folds 
yur4ik777: folds 
*** FLOP *** [Qs 4h 9h]
ElChingolo77: bets $0.07
MajorZK: folds 
Uncalled bet ($0.07) returned to ElChingolo77
ElChingolo77 collected $0.14 from pot
*** SUMMARY ***
Total pot $0.15 | Rake $0.01 
Board [Qs 4h 9h]
Seat 1: Hibitox (small blind) folded before Flop
Seat 2: yur4ik777 (big blind) folded before Flop
Seat 3: all-night1315 folded before Flop (didn't bet)
Seat 4: Dorex2007 folded before Flop (didn't bet)
Seat 6: ElChingolo77 collected ($0.14)
Seat 7: meelis9 folded before Flop (didn't bet)
Seat 8: MelchiorF1 folded before Flop (didn't bet)
Seat 9: MajorZK (button) folded on the Flop



PokerStars Hand #237327283048:  Hold'em No Limit ($0.01/$0.02 USD) - 2022/07/12 19:37:58 PT [2022/07/12 22:37:58 ET]
Table 'Sergestus III' 9-max Seat #1 is the button
Seat 1: Hibitox ($0.98 in chips) 
Seat 2: yur4ik777 ($1.81 in chips) 
Seat 3: all-night1315 ($0.84 in chips) 
Seat 4: Dorex2007 ($2.58 in chips) 
Seat 6: ElChingolo77 ($1.29 in chips) 
Seat 7: meelis9 ($2.59 in chips) 
Seat 8: MelchiorF1 ($3.95 in chips) 
Seat 9: MajorZK ($1.17 in chips) 
yur4ik777: posts small blind $0.01
all-night1315: posts big blind $0.02
Cammerrzr: sits out 
*** HOLE CARDS ***
Dealt to Dorex2007 [4h Qd]
Dorex2007: folds 
ElChingolo77: folds 
meelis9: folds 
MelchiorF1: folds 
MajorZK: folds 
Hibitox: raises $0.05 to $0.07
yur4ik777: folds 
all-night1315: folds 
Uncalled bet ($0.05) returned to Hibitox
Hibitox collected $0.05 from pot
*** SUMMARY ***
Total pot $0.05 | Rake $0 
Seat 1: Hibitox (button) collected ($0.05)
Seat 2: yur4ik777 (small blind) folded before Flop
Seat 3: all-night1315 (big blind) folded before Flop
Seat 4: Dorex2007 folded before Flop (didn't bet)
Seat 6: ElChingolo77 folded before Flop (didn't bet)
Seat 7: meelis9 folded before Flop (didn't bet)
Seat 8: MelchiorF1 folded before Flop (didn't bet)
Seat 9: MajorZK folded before Flop (didn't bet)



PokerStars Hand #237327285874:  Hold'em No Limit ($0.01/$0.02 USD) - 2022/07/12 19:38:15 PT [2022/07/12 22:38:15 ET]
Table 'Sergestus III' 9-max Seat #2 is the button
Seat 1: Hibitox ($1.01 in chips) 
Seat 2: yur4ik777 ($1.80 in chips) 
Seat 3: all-night1315 ($0.82 in chips) 
Seat 4: Dorex2007 ($2.58 in chips) 
Seat 6: ElChingolo77 ($1.29 in chips) 
Seat 7: meelis9 ($2.59 in chips) 
Seat 8: MelchiorF1 ($3.95 in chips) 
Seat 9: MajorZK ($1.17 in chips) 
all-night1315: posts small blind $0.01
Dorex2007: posts big blind $0.02
Cammerrzr: sits out 
*** HOLE CARDS ***
Dealt to Dorex2007 [7c 2s]
ElChingolo77: raises $0.05 to $0.07
meelis9: folds 
MelchiorF1: raises $0.22 to $0.29
MajorZK: folds 
Hibitox: folds 
yur4ik777: folds 
all-night1315: folds 
Dorex2007: folds 
ElChingolo77: folds 
Uncalled bet ($0.22) returned to MelchiorF1
MelchiorF1 collected $0.17 from pot
*** SUMMARY ***
Total pot $0.17 | Rake $0 
Seat 1: Hibitox folded before Flop (didn't bet)
Seat 2: yur4ik777 (button) folded before Flop (didn't bet)
Seat 3: all-night1315 (small blind) folded before Flop
Seat 4: Dorex2007 (big blind) folded before Flop
Seat 6: ElChingolo77 folded before Flop
Seat 7: meelis9 folded before Flop (didn't bet)
Seat 8: MelchiorF1 collected ($0.17)
Seat 9: MajorZK folded before Flop (didn't bet)



PokerStars Hand #237327292519:  Hold'em No Limit ($0.01/$0.02 USD) - 2022/07/12 19:38:53 PT [2022/07/12 22:38:53 ET]
Table 'Sergestus III' 9-max Seat #3 is the button
Seat 1: Hibitox ($1.01 in chips) 
Seat 2: yur4ik777 ($1.80 in chips) 
Seat 3: all-night1315 ($0.81 in chips) 
Seat 4: Dorex2007 ($2.56 in chips) 
Seat 5: Cammerrzr ($1.36 in chips) 
Seat 6: ElChingolo77 ($1.22 in chips) 
Seat 7: meelis9 ($2.59 in chips) 
Seat 8: MelchiorF1 ($4.05 in chips) 
Seat 9: MajorZK ($1.17 in chips) 
Dorex2007: posts small blind $0.01
Cammerrzr: posts big blind $0.02
*** HOLE CARDS ***
Dealt to Dorex2007 [Kd Jd]
ElChingolo77: folds 
meelis9: folds 
MelchiorF1: folds 
MajorZK: calls $0.02
Hibitox: folds 
yur4ik777: raises $0.07 to $0.09
all-night1315: folds 
Dorex2007: calls $0.08
Cammerrzr has timed out
Cammerrzr: folds 
MajorZK: calls $0.07
*** FLOP *** [2d 4h 4d]
Dorex2007: bets $0.14
MajorZK: folds 
yur4ik777: folds 
Uncalled bet ($0.14) returned to Dorex2007
Dorex2007 collected $0.28 from pot
*** SUMMARY ***
Total pot $0.29 | Rake $0.01 
Board [2d 4h 4d]
Seat 1: Hibitox folded before Flop (didn't bet)
Seat 2: yur4ik777 folded on the Flop
Seat 3: all-night1315 (button) folded before Flop (didn't bet)
Seat 4: Dorex2007 (small blind) collected ($0.28)
Seat 5: Cammerrzr (big blind) folded before Flop
Seat 6: ElChingolo77 folded before Flop (didn't bet)
Seat 7: meelis9 folded before Flop (didn't bet)
Seat 8: MelchiorF1 folded before Flop (didn't bet)
Seat 9: MajorZK folded on the Flop



PokerStars Hand #237327312286:  Hold'em No Limit ($0.01/$0.02 USD) - 2022/07/12 19:39:54 PT [2022/07/12 22:39:54 ET]
Table 'Sergestus III' 9-max Seat #4 is the button
Seat 1: Hibitox ($1.01 in chips) 
Seat 2: yur4ik777 ($2 in chips) 
Seat 3: all-night1315 ($0.81 in chips) 
Seat 4: Dorex2007 ($2.75 in chips) 
Seat 5: Cammerrzr ($1.34 in chips) 
Seat 6: ElChingolo77 ($1.22 in chips) 
Seat 7: meelis9 ($2.59 in chips) 
Seat 8: MelchiorF1 ($4.05 in chips) 
Seat 9: MajorZK ($1.08 in chips) 
Cammerrzr: posts small blind $0.01
ElChingolo77: posts big blind $0.02
*** HOLE CARDS ***
Dealt to Dorex2007 [6d 9s]
meelis9: folds 
MelchiorF1: folds 
MajorZK: calls $0.02
Hibitox: folds 
yur4ik777: folds 
all-night1315: calls $0.02
Dorex2007: folds 
Cammerrzr: folds 
ElChingolo77: raises $0.07 to $0.09
MajorZK: calls $0.07
all-night1315: calls $0.07
*** FLOP *** [As Qh Ts]
ElChingolo77: bets $0.13
MajorZK: calls $0.13
all-night1315: folds 
*** TURN *** [As Qh Ts] [2d]
ElChingolo77: checks 
MajorZK: checks 
*** RIVER *** [As Qh Ts 2d] [4c]
ElChingolo77: checks 
MajorZK: bets $0.26
ElChingolo77: calls $0.26
*** SHOW DOWN ***
MajorZK: shows [Ah 9d] (a pair of Aces)
ElChingolo77: mucks hand 
MajorZK collected $1.02 from pot
*** SUMMARY ***
Total pot $1.06 | Rake $0.04 
Board [As Qh Ts 2d 4c]
Seat 1: Hibitox folded before Flop (didn't bet)
Seat 2: yur4ik777 folded before Flop (didn't bet)
Seat 3: all-night1315 folded on the Flop
Seat 4: Dorex2007 (button) folded before Flop (didn't bet)
Seat 5: Cammerrzr (small blind) folded before Flop
Seat 6: ElChingolo77 (big blind) mucked [Jd Js]
Seat 7: meelis9 folded before Flop (didn't bet)
Seat 8: MelchiorF1 folded before Flop (didn't bet)
Seat 9: MajorZK showed [Ah 9d] and won ($1.02) with a pair of Aces



PokerStars Hand #237327323583:  Hold'em No Limit ($0.01/$0.02 USD) - 2022/07/12 19:40:58 PT [2022/07/12 22:40:58 ET]
Table 'Sergestus III' 9-max Seat #5 is the button
Seat 1: Hibitox ($1.01 in chips) 
Seat 2: yur4ik777 ($2 in chips) 
Seat 3: all-night1315 ($0.72 in chips) 
Seat 4: Dorex2007 ($2.75 in chips) 
Seat 5: Cammerrzr ($1.33 in chips) 
Seat 6: ElChingolo77 ($0.74 in chips) 
Seat 7: meelis9 ($2.59 in chips) 
Seat 8: MelchiorF1 ($4.05 in chips) 
Seat 9: MajorZK ($1.62 in chips) 
ElChingolo77: posts small blind $0.01
meelis9: posts big blind $0.02
*** HOLE CARDS ***
Dealt to Dorex2007 [8s 9h]
MelchiorF1: folds 
MajorZK: calls $0.02
Hibitox: folds 
yur4ik777: folds 
all-night1315: folds 
Dorex2007: folds 
Cammerrzr: folds 
ElChingolo77: calls $0.01
meelis9: checks 
*** FLOP *** [5s Ks 9s]
ElChingolo77: checks 
meelis9: checks 
MajorZK: bets $0.02
ElChingolo77: calls $0.02
meelis9: folds 
*** TURN *** [5s Ks 9s] [3s]
ElChingolo77: checks 
MajorZK: checks 
*** RIVER *** [5s Ks 9s 3s] [Kd]
ElChingolo77: bets $0.05
MajorZK: calls $0.05
*** SHOW DOWN ***
ElChingolo77: shows [3h Ac] (two pair, Kings and Threes)
MajorZK: shows [5h Th] (two pair, Kings and Fives)
MajorZK collected $0.19 from pot
*** SUMMARY ***
Total pot $0.20 | Rake $0.01 
Board [5s Ks 9s 3s Kd]
Seat 1: Hibitox folded before Flop (didn't bet)
Seat 2: yur4ik777 folded before Flop (didn't bet)
Seat 3: all-night1315 folded before Flop (didn't bet)
Seat 4: Dorex2007 folded before Flop (didn't bet)
Seat 5: Cammerrzr (button) folded before Flop (didn't bet)
Seat 6: ElChingolo77 (small blind) showed [3h Ac] and lost with two pair, Kings and Threes
Seat 7: meelis9 (big blind) folded on the Flop
Seat 8: MelchiorF1 folded before Flop (didn't bet)
Seat 9: MajorZK showed [5h Th] and won ($0.19) with two pair, Kings and Fives



PokerStars Hand #237327336016:  Hold'em No Limit ($0.01/$0.02 USD) - 2022/07/12 19:42:10 PT [2022/07/12 22:42:10 ET]
Table 'Sergestus III' 9-max Seat #6 is the button
Seat 1: Hibitox ($1.01 in chips) 
Seat 2: yur4ik777 ($2 in chips) 
Seat 3: all-night1315 ($0.72 in chips) 
Seat 4: Dorex2007 ($2.75 in chips) 
Seat 5: Cammerrzr ($1.33 in chips) 
Seat 6: ElChingolo77 ($0.65 in chips) 
Seat 7: meelis9 ($2.57 in chips) 
Seat 8: MelchiorF1 ($4.05 in chips) 
Seat 9: MajorZK ($1.72 in chips) 
meelis9: posts small blind $0.01
MelchiorF1: posts big blind $0.02
*** HOLE CARDS ***
Dealt to Dorex2007 [Kd 3d]
MajorZK: calls $0.02
Hibitox: folds 
yur4ik777: raises $0.07 to $0.09
all-night1315: folds 
Dorex2007: folds 
Cammerrzr: folds 
ElChingolo77: calls $0.09
meelis9: calls $0.08
MelchiorF1: folds 
MajorZK: folds 
*** FLOP *** [Kh 2h Kc]
meelis9: checks 
yur4ik777: bets $0.16
ElChingolo77: folds 
meelis9: folds 
Uncalled bet ($0.16) returned to yur4ik777
yur4ik777 collected $0.30 from pot
*** SUMMARY ***
Total pot $0.31 | Rake $0.01 
Board [Kh 2h Kc]
Seat 1: Hibitox folded before Flop (didn't bet)
Seat 2: yur4ik777 collected ($0.30)
Seat 3: all-night1315 folded before Flop (didn't bet)
Seat 4: Dorex2007 folded before Flop (didn't bet)
Seat 5: Cammerrzr folded before Flop (didn't bet)
Seat 6: ElChingolo77 (button) folded on the Flop
Seat 7: meelis9 (small blind) folded on the Flop
Seat 8: MelchiorF1 (big blind) folded before Flop
Seat 9: MajorZK folded before Flop



PokerStars Hand #237327345518:  Hold'em No Limit ($0.01/$0.02 USD) - 2022/07/12 19:43:05 PT [2022/07/12 22:43:05 ET]
Table 'Sergestus III' 9-max Seat #7 is the button
Seat 1: Hibitox ($1.01 in chips) 
Seat 2: yur4ik777 ($2.21 in chips) 
Seat 3: all-night1315 ($0.72 in chips) 
Seat 4: Dorex2007 ($2.75 in chips) 
Seat 5: Cammerrzr ($1.33 in chips) 
Seat 6: ElChingolo77 ($0.56 in chips) 
Seat 7: meelis9 ($2.48 in chips) 
Seat 8: MelchiorF1 ($4.03 in chips) 
Seat 9: MajorZK ($1.70 in chips) 
MelchiorF1: posts small blind $0.01
MajorZK: posts big blind $0.02
*** HOLE CARDS ***
Dealt to Dorex2007 [9d As]
Hibitox: raises $0.06 to $0.08
yur4ik777: folds 
all-night1315: folds 
Dorex2007: folds 
Cammerrzr: folds 
ElChingolo77: folds 
meelis9: calls $0.08
MelchiorF1: folds 
MajorZK: calls $0.06
*** FLOP *** [Js Kc 2c]
MajorZK: checks 
Hibitox: bets $0.10
meelis9: folds 
MajorZK: calls $0.10
*** TURN *** [Js Kc 2c] [2s]
MajorZK: checks 
Hibitox: checks 
*** RIVER *** [Js Kc 2c 2s] [6c]
MajorZK: bets $0.12
Hibitox: calls $0.12
*** SHOW DOWN ***
MajorZK: shows [Ah Kh] (two pair, Kings and Deuces)
Hibitox: mucks hand 
MajorZK collected $0.67 from pot
*** SUMMARY ***
Total pot $0.69 | Rake $0.02 
Board [Js Kc 2c 2s 6c]
Seat 1: Hibitox mucked [Ac Jh]
Seat 2: yur4ik777 folded before Flop (didn't bet)
Seat 3: all-night1315 folded before Flop (didn't bet)
Seat 4: Dorex2007 folded before Flop (didn't bet)
Seat 5: Cammerrzr folded before Flop (didn't bet)
Seat 6: ElChingolo77 folded before Flop (didn't bet)
Seat 7: meelis9 (button) folded on the Flop
Seat 8: MelchiorF1 (small blind) folded before Flop
Seat 9: MajorZK (big blind) showed [Ah Kh] and won ($0.67) with two pair, Kings and Deuces



PokerStars Hand #237327360268:  Hold'em No Limit ($0.01/$0.02 USD) - 2022/07/12 19:44:31 PT [2022/07/12 22:44:31 ET]
Table 'Sergestus III' 9-max Seat #8 is the button
Seat 1: Hibitox ($0.71 in chips) 
Seat 2: yur4ik777 ($2.21 in chips) 
Seat 3: all-night1315 ($0.72 in chips) 
Seat 4: Dorex2007 ($2.75 in chips) 
Seat 5: Cammerrzr ($1.33 in chips) 
Seat 6: ElChingolo77 ($0.56 in chips) 
Seat 7: meelis9 ($2.40 in chips) 
Seat 8: MelchiorF1 ($4.02 in chips) 
Seat 9: MajorZK ($2.07 in chips) 
MajorZK: posts small blind $0.01
Hibitox: posts big blind $0.02
*** HOLE CARDS ***
Dealt to Dorex2007 [6d 2s]
yur4ik777: folds 
all-night1315: folds 
Dorex2007: folds 
Cammerrzr: folds 
ElChingolo77: folds 
meelis9: folds 
MelchiorF1: folds 
MajorZK: raises $0.02 to $0.04
Hibitox: calls $0.02
*** FLOP *** [7d Kd 5d]
MajorZK: checks 
Hibitox: bets $0.04
MajorZK: folds 
Uncalled bet ($0.04) returned to Hibitox
Hibitox collected $0.08 from pot
*** SUMMARY ***
Total pot $0.08 | Rake $0 
Board [7d Kd 5d]
Seat 1: Hibitox (big blind) collected ($0.08)
Seat 2: yur4ik777 folded before Flop (didn't bet)
Seat 3: all-night1315 folded before Flop (didn't bet)
Seat 4: Dorex2007 folded before Flop (didn't bet)
Seat 5: Cammerrzr folded before Flop (didn't bet)
Seat 6: ElChingolo77 folded before Flop (didn't bet)
Seat 7: meelis9 folded before Flop (didn't bet)
Seat 8: MelchiorF1 (button) folded before Flop (didn't bet)
Seat 9: MajorZK (small blind) folded on the Flop



PokerStars Hand #237327372500:  Hold'em No Limit ($0.01/$0.02 USD) - 2022/07/12 19:45:09 PT [2022/07/12 22:45:09 ET]
Table 'Sergestus III' 9-max Seat #9 is the button
Seat 1: Hibitox ($0.75 in chips) 
Seat 2: yur4ik777 ($2.21 in chips) 
Seat 3: all-night1315 ($0.72 in chips) 
Seat 4: Dorex2007 ($2.75 in chips) 
Seat 5: Cammerrzr ($1.33 in chips) 
Seat 6: ElChingolo77 ($0.56 in chips) 
Seat 7: meelis9 ($2.40 in chips) 
Seat 8: MelchiorF1 ($4.02 in chips) 
Seat 9: MajorZK ($2.03 in chips) 
Hibitox: posts small blind $0.01
yur4ik777: posts big blind $0.02
*** HOLE CARDS ***
Dealt to Dorex2007 [8c 2c]
all-night1315: calls $0.02
Dorex2007: folds 
Cammerrzr has timed out
Cammerrzr: folds 
ElChingolo77: folds 
meelis9: folds 
MelchiorF1: folds 
MajorZK: calls $0.02
Hibitox: calls $0.01
yur4ik777: checks 
*** FLOP *** [4c Ac 3s]
Hibitox: checks 
yur4ik777: checks 
all-night1315: checks 
MajorZK: checks 
*** TURN *** [4c Ac 3s] [Ks]
Hibitox: checks 
yur4ik777: checks 
all-night1315: checks 
MajorZK: checks 
*** RIVER *** [4c Ac 3s Ks] [Tc]
Hibitox: checks 
yur4ik777: checks 
all-night1315: bets $0.10
MajorZK: folds 
Hibitox: folds 
yur4ik777: folds 
Uncalled bet ($0.10) returned to all-night1315
all-night1315 collected $0.08 from pot
*** SUMMARY ***
Total pot $0.08 | Rake $0 
Board [4c Ac 3s Ks Tc]
Seat 1: Hibitox (small blind) folded on the River
Seat 2: yur4ik777 (big blind) folded on the River
Seat 3: all-night1315 collected ($0.08)
Seat 4: Dorex2007 folded before Flop (didn't bet)
Seat 5: Cammerrzr folded before Flop (didn't bet)
Seat 6: ElChingolo77 folded before Flop (didn't bet)
Seat 7: meelis9 folded before Flop (didn't bet)
Seat 8: MelchiorF1 folded before Flop (didn't bet)
Seat 9: MajorZK (button) folded on the River



PokerStars Hand #237327391775:  Hold'em No Limit ($0.01/$0.02 USD) - 2022/07/12 19:47:03 PT [2022/07/12 22:47:03 ET]
Table 'Sergestus III' 9-max Seat #1 is the button
Seat 1: Hibitox ($0.73 in chips) 
Seat 2: yur4ik777 ($2.19 in chips) 
Seat 3: all-night1315 ($0.78 in chips) 
Seat 4: Dorex2007 ($2.75 in chips) 
Seat 5: Cammerrzr ($1.33 in chips) 
Seat 6: ElChingolo77 ($0.56 in chips) 
Seat 7: meelis9 ($2.40 in chips) 
Seat 8: MelchiorF1 ($4.02 in chips) 
Seat 9: MajorZK ($2.01 in chips) 
yur4ik777: posts small blind $0.01
all-night1315: posts big blind $0.02
*** HOLE CARDS ***
Dealt to Dorex2007 [3c Jd]
Dorex2007 has timed out
Dorex2007: folds 
Cammerrzr: folds 
ElChingolo77 has timed out
ElChingolo77: folds 
meelis9: folds 
MelchiorF1: raises $0.03 to $0.05
MajorZK: folds 
Hibitox: folds 
yur4ik777: folds 
all-night1315: calls $0.03
*** FLOP *** [Qd 9d As]
all-night1315: checks 
MelchiorF1: bets $0.06
all-night1315: calls $0.06
*** TURN *** [Qd 9d As] [5s]
all-night1315: checks 
MelchiorF1: bets $0.10
all-night1315: folds 
Uncalled bet ($0.10) returned to MelchiorF1
MelchiorF1 collected $0.22 from pot
*** SUMMARY ***
Total pot $0.23 | Rake $0.01 
Board [Qd 9d As 5s]
Seat 1: Hibitox (button) folded before Flop (didn't bet)
Seat 2: yur4ik777 (small blind) folded before Flop
Seat 3: all-night1315 (big blind) folded on the Turn
Seat 4: Dorex2007 folded before Flop (didn't bet)
Seat 5: Cammerrzr folded before Flop (didn't bet)
Seat 6: ElChingolo77 folded before Flop (didn't bet)
Seat 7: meelis9 folded before Flop (didn't bet)
Seat 8: MelchiorF1 collected ($0.22)
Seat 9: MajorZK folded before Flop (didn't bet)



PokerStars Hand #237327405036:  Hold'em No Limit ($0.01/$0.02 USD) - 2022/07/12 19:48:21 PT [2022/07/12 22:48:21 ET]
Table 'Sergestus III' 9-max Seat #2 is the button
Seat 1: Hibitox ($0.73 in chips) 
Seat 2: yur4ik777 ($2.18 in chips) 
Seat 3: all-night1315 ($0.67 in chips) 
Seat 4: Dorex2007 ($2.75 in chips) 
Seat 5: Cammerrzr ($1.33 in chips) 
Seat 7: meelis9 ($2.40 in chips) 
Seat 8: MelchiorF1 ($4.13 in chips) 
Seat 9: MajorZK ($2.01 in chips) 
all-night1315: posts small blind $0.01
Dorex2007: posts big blind $0.02
*** HOLE CARDS ***
Dealt to Dorex2007 [6c Th]
Cammerrzr: folds 
meelis9: folds 
MelchiorF1: folds 
MajorZK: folds 
Hibitox: folds 
yur4ik777: raises $0.04 to $0.06
all-night1315: calls $0.05
Dorex2007: folds 
*** FLOP *** [Ac 9d Jh]
all-night1315: checks 
ElChingolo77 leaves the table
yur4ik777: checks 
*** TURN *** [Ac 9d Jh] [Qs]
Aflil1966 joins the table at seat #6 
all-night1315: bets $0.06
yur4ik777: raises $0.15 to $0.21
all-night1315: calls $0.15
*** RIVER *** [Ac 9d Jh Qs] [2s]
all-night1315: checks 
yur4ik777: bets $0.43
all-night1315: calls $0.40 and is all-in
Uncalled bet ($0.03) returned to yur4ik777
*** SHOW DOWN ***
yur4ik777: shows [9s 9c] (three of a kind, Nines)
all-night1315: shows [Ad Qh] (two pair, Aces and Queens)
yur4ik777 collected $1.31 from pot
*** SUMMARY ***
Total pot $1.36 | Rake $0.05 
Board [Ac 9d Jh Qs 2s]
Seat 1: Hibitox folded before Flop (didn't bet)
Seat 2: yur4ik777 (button) showed [9s 9c] and won ($1.31) with three of a kind, Nines
Seat 3: all-night1315 (small blind) showed [Ad Qh] and lost with two pair, Aces and Queens
Seat 4: Dorex2007 (big blind) folded before Flop
Seat 5: Cammerrzr folded before Flop (didn't bet)
Seat 7: meelis9 folded before Flop (didn't bet)
Seat 8: MelchiorF1 folded before Flop (didn't bet)
Seat 9: MajorZK folded before Flop (didn't bet)



PokerStars Hand #237327417032:  Hold'em No Limit ($0.01/$0.02 USD) - 2022/07/12 19:49:31 PT [2022/07/12 22:49:31 ET]
Table 'Sergestus III' 9-max Seat #4 is the button
Seat 1: Hibitox ($0.73 in chips) 
Seat 2: yur4ik777 ($2.82 in chips) 
Seat 4: Dorex2007 ($2.73 in chips) 
Seat 5: Cammerrzr ($1.33 in chips) 
Seat 6: Aflil1966 ($2 in chips) 
Seat 7: meelis9 ($2.40 in chips) 
Seat 8: MelchiorF1 ($4.13 in chips) 
Seat 9: MajorZK ($2.01 in chips) 
Cammerrzr: posts small blind $0.01
Aflil1966: posts big blind $0.02
*** HOLE CARDS ***
Dealt to Dorex2007 [Td 9s]
meelis9: folds 
MelchiorF1: folds 
MajorZK: calls $0.02
Hibitox: raises $0.06 to $0.08
all-night1315 leaves the table
yur4ik777: folds 
Dorex2007: folds 
Cammerrzr: folds 
Aflil1966: folds 
MajorZK: calls $0.06
*** FLOP *** [Qs 8d 7c]
MajorZK: checks 
Hibitox: bets $0.09
WG8978 joins the table at seat #3 
MajorZK: calls $0.09
*** TURN *** [Qs 8d 7c] [9d]
MajorZK: bets $1.84 and is all-in
Hibitox: folds 
Uncalled bet ($1.84) returned to MajorZK
MajorZK collected $0.36 from pot
*** SUMMARY ***
Total pot $0.37 | Rake $0.01 
Board [Qs 8d 7c 9d]
Seat 1: Hibitox folded on the Turn
Seat 2: yur4ik777 folded before Flop (didn't bet)
Seat 4: Dorex2007 (button) folded before Flop (didn't bet)
Seat 5: Cammerrzr (small blind) folded before Flop
Seat 6: Aflil1966 (big blind) folded before Flop
Seat 7: meelis9 folded before Flop (didn't bet)
Seat 8: MelchiorF1 folded before Flop (didn't bet)
Seat 9: MajorZK collected ($0.36)



PokerStars Hand #237327425878:  Hold'em No Limit ($0.01/$0.02 USD) - 2022/07/12 19:50:24 PT [2022/07/12 22:50:24 ET]
Table 'Sergestus III' 9-max Seat #5 is the button
Seat 1: Hibitox ($0.56 in chips) 
Seat 2: yur4ik777 ($2.82 in chips) 
Seat 4: Dorex2007 ($2.73 in chips) 
Seat 5: Cammerrzr ($1.32 in chips) 
Seat 6: Aflil1966 ($1.98 in chips) 
Seat 7: meelis9 ($2.40 in chips) 
Seat 8: MelchiorF1 ($4.13 in chips) 
Seat 9: MajorZK ($2.20 in chips) 
Aflil1966: posts small blind $0.01
meelis9: posts big blind $0.02
WG8978: sits out 
*** HOLE CARDS ***
Dealt to Dorex2007 [5h Qh]
MelchiorF1: folds 
MajorZK: calls $0.02
Hibitox: raises $0.05 to $0.07
yur4ik777: folds 
Dorex2007: folds 
Cammerrzr has timed out
Cammerrzr: folds 
Aflil1966: folds 
meelis9: folds 
MajorZK: folds 
Uncalled bet ($0.05) returned to Hibitox
Hibitox collected $0.07 from pot
*** SUMMARY ***
Total pot $0.07 | Rake $0 
Seat 1: Hibitox collected ($0.07)
Seat 2: yur4ik777 folded before Flop (didn't bet)
Seat 4: Dorex2007 folded before Flop (didn't bet)
Seat 5: Cammerrzr (button) folded before Flop (didn't bet)
Seat 6: Aflil1966 (small blind) folded before Flop
Seat 7: meelis9 (big blind) folded before Flop
Seat 8: MelchiorF1 folded before Flop (didn't bet)
Seat 9: MajorZK folded before Flop



PokerStars Hand #237327433000:  Hold'em No Limit ($0.01/$0.02 USD) - 2022/07/12 19:51:07 PT [2022/07/12 22:51:07 ET]
Table 'Sergestus III' 9-max Seat #6 is the button
Seat 1: Hibitox ($0.61 in chips) 
Seat 2: yur4ik777 ($2.82 in chips) 
Seat 4: Dorex2007 ($2.73 in chips) 
Seat 6: Aflil1966 ($1.97 in chips) 
Seat 7: meelis9 ($2.38 in chips) 
Seat 8: MelchiorF1 ($4.13 in chips) 
Seat 9: MajorZK ($2.18 in chips) 
meelis9: posts small blind $0.01
MelchiorF1: posts big blind $0.02
WG8978: sits out 
*** HOLE CARDS ***
Dealt to Dorex2007 [Ts 9d]
MajorZK: calls $0.02
Hibitox: calls $0.02
yur4ik777: folds 
Dorex2007: folds 
Aflil1966: folds 
meelis9: folds 
MelchiorF1: checks 
*** FLOP *** [6c Ad Ac]
MelchiorF1: checks 
MajorZK: bets $0.02
Hibitox: calls $0.02
MelchiorF1: folds 
*** TURN *** [6c Ad Ac] [6s]
Cammerrzr is disconnected 
MajorZK: bets $0.04
Hibitox: calls $0.04
*** RIVER *** [6c Ad Ac 6s] [8d]
MajorZK: checks 
Hibitox: bets $0.09
MajorZK: calls $0.09
*** SHOW DOWN ***
Hibitox: shows [4c 5c] (two pair, Aces and Sixes)
MajorZK: shows [Qd Kh] (two pair, Aces and Sixes - King kicker)
MajorZK collected $0.36 from pot
*** SUMMARY ***
Total pot $0.37 | Rake $0.01 
Board [6c Ad Ac 6s 8d]
Seat 1: Hibitox showed [4c 5c] and lost with two pair, Aces and Sixes
Seat 2: yur4ik777 folded before Flop (didn't bet)
Seat 4: Dorex2007 folded before Flop (didn't bet)
Seat 6: Aflil1966 (button) folded before Flop (didn't bet)
Seat 7: meelis9 (small blind) folded before Flop
Seat 8: MelchiorF1 (big blind) folded on the Flop
Seat 9: MajorZK showed [Qd Kh] and won ($0.36) with two pair, Aces and Sixes



PokerStars Hand #237327440491:  Hold'em No Limit ($0.01/$0.02 USD) - 2022/07/12 19:51:51 PT [2022/07/12 22:51:51 ET]
Table 'Sergestus III' 9-max Seat #7 is the button
Seat 1: Hibitox ($0.44 in chips) 
Seat 2: yur4ik777 ($2.82 in chips) 
Seat 4: Dorex2007 ($2.73 in chips) 
Seat 5: Cammerrzr ($1.32 in chips) 
Seat 6: Aflil1966 ($1.97 in chips) 
Seat 7: meelis9 ($2.37 in chips) 
Seat 8: MelchiorF1 ($4.11 in chips) 
Seat 9: MajorZK ($2.37 in chips) 
MelchiorF1: posts small blind $0.01
MajorZK: posts big blind $0.02
WG8978: sits out 
*** HOLE CARDS ***
Dealt to Dorex2007 [Td 6h]
Hibitox: folds 
yur4ik777 has timed out
yur4ik777: folds 
Dorex2007: folds 
Cammerrzr: folds 
Aflil1966: folds 
meelis9: folds 
MelchiorF1: folds 
Uncalled bet ($0.01) returned to MajorZK
MajorZK collected $0.02 from pot
*** SUMMARY ***
Total pot $0.02 | Rake $0 
Seat 1: Hibitox folded before Flop (didn't bet)
Seat 2: yur4ik777 folded before Flop (didn't bet)
Seat 4: Dorex2007 folded before Flop (didn't bet)
Seat 5: Cammerrzr folded before Flop (didn't bet)
Seat 6: Aflil1966 folded before Flop (didn't bet)
Seat 7: meelis9 (button) folded before Flop (didn't bet)
Seat 8: MelchiorF1 (small blind) folded before Flop
Seat 9: MajorZK (big blind) collected ($0.02)



PokerStars Hand #237327443709:  Hold'em No Limit ($0.01/$0.02 USD) - 2022/07/12 19:52:10 PT [2022/07/12 22:52:10 ET]
Table 'Sergestus III' 9-max Seat #8 is the button
Seat 1: Hibitox ($0.44 in chips) 
Seat 4: Dorex2007 ($2.73 in chips) 
Seat 5: Cammerrzr ($1.32 in chips) 
Seat 6: Aflil1966 ($1.97 in chips) 
Seat 7: meelis9 ($2.37 in chips) 
Seat 8: MelchiorF1 ($4.10 in chips) 
Seat 9: MajorZK ($2.38 in chips) 
MajorZK: posts small blind $0.01
Hibitox: posts big blind $0.02
WG8978: sits out 
*** HOLE CARDS ***
Dealt to Dorex2007 [Kc 2c]
Dorex2007: folds 
Cammerrzr has timed out
Cammerrzr: folds 
Aflil1966: calls $0.02
meelis9: folds 
MelchiorF1: raises $0.03 to $0.05
MajorZK: folds 
Hibitox: folds 
Aflil1966: folds 
Uncalled bet ($0.03) returned to MelchiorF1
MelchiorF1 collected $0.07 from pot
*** SUMMARY ***
Total pot $0.07 | Rake $0 
Seat 1: Hibitox (big blind) folded before Flop
Seat 4: Dorex2007 folded before Flop (didn't bet)
Seat 5: Cammerrzr folded before Flop (didn't bet)
Seat 6: Aflil1966 folded before Flop
Seat 7: meelis9 folded before Flop (didn't bet)
Seat 8: MelchiorF1 (button) collected ($0.07)
Seat 9: MajorZK (small blind) folded before Flop



PokerStars Hand #237327450103:  Hold'em No Limit ($0.01/$0.02 USD) - 2022/07/12 19:52:48 PT [2022/07/12 22:52:48 ET]
Table 'Sergestus III' 9-max Seat #9 is the button
Seat 1: Hibitox ($0.42 in chips) 
Seat 2: yur4ik777 ($2.82 in chips) 
Seat 4: Dorex2007 ($2.73 in chips) 
Seat 6: Aflil1966 ($1.95 in chips) 
Seat 7: meelis9 ($2.37 in chips) 
Seat 8: MelchiorF1 ($4.15 in chips) 
Seat 9: MajorZK ($2.37 in chips) 
Hibitox: posts small blind $0.01
yur4ik777: posts big blind $0.02
WG8978: sits out 
*** HOLE CARDS ***
Dealt to Dorex2007 [7s Jh]
Dorex2007: folds 
Aflil1966: folds 
meelis9: folds 
MelchiorF1: folds 
MajorZK: calls $0.02
Hibitox: calls $0.01
yur4ik777: checks 
*** FLOP *** [Kh Td 8d]
Hibitox: checks 
yur4ik777: checks 
MajorZK: bets $0.02
Hibitox: folds 
yur4ik777: calls $0.02
*** TURN *** [Kh Td 8d] [3c]
yur4ik777: checks 
MajorZK: checks 
*** RIVER *** [Kh Td 8d 3c] [Jc]
yur4ik777: checks 
MajorZK: checks 
*** SHOW DOWN ***
yur4ik777: shows [4h Ts] (a pair of Tens)
MajorZK: mucks hand 
yur4ik777 collected $0.10 from pot
*** SUMMARY ***
Total pot $0.10 | Rake $0 
Board [Kh Td 8d 3c Jc]
Seat 1: Hibitox (small blind) folded on the Flop
Seat 2: yur4ik777 (big blind) showed [4h Ts] and won ($0.10) with a pair of Tens
Seat 4: Dorex2007 folded before Flop (didn't bet)
Seat 6: Aflil1966 folded before Flop (didn't bet)
Seat 7: meelis9 folded before Flop (didn't bet)
Seat 8: MelchiorF1 folded before Flop (didn't bet)
Seat 9: MajorZK (button) mucked [6h Qh]



PokerStars Hand #237327465004:  Hold'em No Limit ($0.01/$0.02 USD) - 2022/07/12 19:54:19 PT [2022/07/12 22:54:19 ET]
Table 'Sergestus III' 9-max Seat #1 is the button
Seat 1: Hibitox ($0.40 in chips) 
Seat 2: yur4ik777 ($2.88 in chips) 
Seat 3: WG8978 ($2 in chips) 
Seat 4: Dorex2007 ($2.73 in chips) 
Seat 5: Cammerrzr ($1.32 in chips) 
Seat 6: Aflil1966 ($1.95 in chips) 
Seat 7: meelis9 ($2.37 in chips) 
Seat 8: MelchiorF1 ($4.15 in chips) 
Seat 9: MajorZK ($2.33 in chips) 
yur4ik777: posts small blind $0.01
WG8978: posts big blind $0.02
*** HOLE CARDS ***
Dealt to Dorex2007 [As Ts]
Dorex2007: calls $0.02
Cammerrzr: folds 
Aflil1966: folds 
meelis9: folds 
MelchiorF1: folds 
MajorZK: folds 
Hibitox: raises $0.04 to $0.06
yur4ik777: calls $0.05
WG8978: folds 
Dorex2007: calls $0.04
*** FLOP *** [8d 4s 2c]
yur4ik777: checks 
Dorex2007: checks 
Hibitox: bets $0.09
yur4ik777: folds 
Dorex2007: folds 
Uncalled bet ($0.09) returned to Hibitox
Hibitox collected $0.19 from pot
*** SUMMARY ***
Total pot $0.20 | Rake $0.01 
Board [8d 4s 2c]
Seat 1: Hibitox (button) collected ($0.19)
Seat 2: yur4ik777 (small blind) folded on the Flop
Seat 3: WG8978 (big blind) folded before Flop
Seat 4: Dorex2007 folded on the Flop
Seat 5: Cammerrzr folded before Flop (didn't bet)
Seat 6: Aflil1966 folded before Flop (didn't bet)
Seat 7: meelis9 folded before Flop (didn't bet)
Seat 8: MelchiorF1 folded before Flop (didn't bet)
Seat 9: MajorZK folded before Flop (didn't bet)



PokerStars Hand #237327477129:  Hold'em No Limit ($0.01/$0.02 USD) - 2022/07/12 19:55:38 PT [2022/07/12 22:55:38 ET]
Table 'Sergestus III' 9-max Seat #2 is the button
Seat 1: Hibitox ($0.53 in chips) 
Seat 2: yur4ik777 ($2.82 in chips) 
Seat 3: WG8978 ($2 in chips) 
Seat 4: Dorex2007 ($2.67 in chips) 
Seat 5: Cammerrzr ($1.32 in chips) 
Seat 6: Aflil1966 ($1.95 in chips) 
Seat 7: meelis9 ($2.37 in chips) 
Seat 8: MelchiorF1 ($4.15 in chips) 
Seat 9: MajorZK ($2.33 in chips) 
WG8978: posts small blind $0.01
Dorex2007: posts big blind $0.02
*** HOLE CARDS ***
Dealt to Dorex2007 [9c 2s]
Cammerrzr: folds 
Aflil1966: folds 
meelis9: folds 
meelis9 leaves the table
MelchiorF1: folds 
RAAAAdik joins the table at seat #7 
MajorZK: folds 
Hibitox: raises $0.04 to $0.06
yur4ik777: folds 
WG8978: folds 
Dorex2007: folds 
Uncalled bet ($0.04) returned to Hibitox
Hibitox collected $0.05 from pot
*** SUMMARY ***
Total pot $0.05 | Rake $0 
Seat 1: Hibitox collected ($0.05)
Seat 2: yur4ik777 (button) folded before Flop (didn't bet)
Seat 3: WG8978 (small blind) folded before Flop
Seat 4: Dorex2007 (big blind) folded before Flop
Seat 5: Cammerrzr folded before Flop (didn't bet)
Seat 6: Aflil1966 folded before Flop (didn't bet)
Seat 7: meelis9 folded before Flop (didn't bet)
Seat 8: MelchiorF1 folded before Flop (didn't bet)
Seat 9: MajorZK folded before Flop (didn't bet)



PokerStars Hand #237327481246:  Hold'em No Limit ($0.01/$0.02 USD) - 2022/07/12 19:56:09 PT [2022/07/12 22:56:09 ET]
Table 'Sergestus III' 9-max Seat #3 is the button
Seat 1: Hibitox ($0.56 in chips) 
Seat 2: yur4ik777 ($2.82 in chips) 
Seat 3: WG8978 ($2 in chips) 
Seat 4: Dorex2007 ($2.65 in chips) 
Seat 5: Cammerrzr ($1.32 in chips) 
Seat 6: Aflil1966 ($1.95 in chips) 
Seat 8: MelchiorF1 ($4.15 in chips) 
Seat 9: MajorZK ($2.33 in chips) 
Dorex2007: posts small blind $0.01
Cammerrzr: posts big blind $0.02
RAAAAdik: sits out 
*** HOLE CARDS ***
Dealt to Dorex2007 [9h 5s]
Aflil1966: folds 
MelchiorF1: folds 
MajorZK: folds 
Hibitox: raises $0.04 to $0.06
yur4ik777: folds 
WG8978: folds 
Dorex2007: folds 
Cammerrzr: folds 
Uncalled bet ($0.04) returned to Hibitox
Hibitox collected $0.05 from pot
*** SUMMARY ***
Total pot $0.05 | Rake $0 
Seat 1: Hibitox collected ($0.05)
Seat 2: yur4ik777 folded before Flop (didn't bet)
Seat 3: WG8978 (button) folded before Flop (didn't bet)
Seat 4: Dorex2007 (small blind) folded before Flop
Seat 5: Cammerrzr (big blind) folded before Flop
Seat 6: Aflil1966 folded before Flop (didn't bet)
Seat 8: MelchiorF1 folded before Flop (didn't bet)
Seat 9: MajorZK folded before Flop (didn't bet)



PokerStars Hand #237327483803:  Hold'em No Limit ($0.01/$0.02 USD) - 2022/07/12 19:56:27 PT [2022/07/12 22:56:27 ET]
Table 'Sergestus III' 9-max Seat #4 is the button
Seat 1: Hibitox ($0.59 in chips) 
Seat 2: yur4ik777 ($2.82 in chips) 
Seat 3: WG8978 ($2 in chips) 
Seat 4: Dorex2007 ($2.64 in chips) 
Seat 5: Cammerrzr ($1.30 in chips) 
Seat 6: Aflil1966 ($1.95 in chips) 
Seat 8: MelchiorF1 ($4.15 in chips) 
Seat 9: MajorZK ($2.33 in chips) 
Cammerrzr: posts small blind $0.01
Aflil1966: posts big blind $0.02
RAAAAdik: sits out 
*** HOLE CARDS ***
Dealt to Dorex2007 [Kc 9d]
MelchiorF1: folds 
MajorZK: calls $0.02
Hibitox: raises $0.06 to $0.08
yur4ik777: folds 
WG8978: folds 
Dorex2007: folds 
Cammerrzr: folds 
Aflil1966: folds 
MajorZK: calls $0.06
*** FLOP *** [3s Ad 2c]
MajorZK: checks 
Hibitox: bets $0.09
MajorZK: calls $0.09
*** TURN *** [3s Ad 2c] [Jd]
MajorZK: checks 
Hibitox: checks 
*** RIVER *** [3s Ad 2c Jd] [9s]
MajorZK: bets $0.12
Hibitox: folds 
Uncalled bet ($0.12) returned to MajorZK
MajorZK collected $0.36 from pot
*** SUMMARY ***
Total pot $0.37 | Rake $0.01 
Board [3s Ad 2c Jd 9s]
Seat 1: Hibitox folded on the River
Seat 2: yur4ik777 folded before Flop (didn't bet)
Seat 3: WG8978 folded before Flop (didn't bet)
Seat 4: Dorex2007 (button) folded before Flop (didn't bet)
Seat 5: Cammerrzr (small blind) folded before Flop
Seat 6: Aflil1966 (big blind) folded before Flop
Seat 8: MelchiorF1 folded before Flop (didn't bet)
Seat 9: MajorZK collected ($0.36)



PokerStars Hand #237327490177:  Hold'em No Limit ($0.01/$0.02 USD) - 2022/07/12 19:57:14 PT [2022/07/12 22:57:14 ET]
Table 'Sergestus III' 9-max Seat #5 is the button
Seat 1: Hibitox ($0.42 in chips) 
Seat 2: yur4ik777 ($2.82 in chips) 
Seat 3: WG8978 ($2 in chips) 
Seat 4: Dorex2007 ($2.64 in chips) 
Seat 5: Cammerrzr ($1.29 in chips) 
Seat 6: Aflil1966 ($1.93 in chips) 
Seat 7: RAAAAdik ($2 in chips) 
Seat 8: MelchiorF1 ($4.15 in chips) 
Seat 9: MajorZK ($2.52 in chips) 
Aflil1966: posts small blind $0.01
RAAAAdik: posts big blind $0.02
*** HOLE CARDS ***
Dealt to Dorex2007 [4c Jh]
MelchiorF1: folds 
MajorZK: folds 
Hibitox: folds 
yur4ik777: folds 
WG8978: folds 
Dorex2007: folds 
Cammerrzr: folds 
Aflil1966: folds 
Uncalled bet ($0.01) returned to RAAAAdik
RAAAAdik collected $0.02 from pot
*** SUMMARY ***
Total pot $0.02 | Rake $0 
Seat 1: Hibitox folded before Flop (didn't bet)
Seat 2: yur4ik777 folded before Flop (didn't bet)
Seat 3: WG8978 folded before Flop (didn't bet)
Seat 4: Dorex2007 folded before Flop (didn't bet)
Seat 5: Cammerrzr (button) folded before Flop (didn't bet)
Seat 6: Aflil1966 (small blind) folded before Flop
Seat 7: RAAAAdik (big blind) collected ($0.02)
Seat 8: MelchiorF1 folded before Flop (didn't bet)
Seat 9: MajorZK folded before Flop (didn't bet)



PokerStars Hand #237327492412:  Hold'em No Limit ($0.01/$0.02 USD) - 2022/07/12 19:57:31 PT [2022/07/12 22:57:31 ET]
Table 'Sergestus III' 9-max Seat #6 is the button
Seat 1: Hibitox ($0.42 in chips) 
Seat 2: yur4ik777 ($2.82 in chips) 
Seat 3: WG8978 ($2 in chips) 
Seat 4: Dorex2007 ($2.64 in chips) 
Seat 5: Cammerrzr ($1.29 in chips) 
Seat 6: Aflil1966 ($1.92 in chips) 
Seat 7: RAAAAdik ($2.01 in chips) 
Seat 8: MelchiorF1 ($4.15 in chips) 
Seat 9: MajorZK ($2.52 in chips) 
RAAAAdik: posts small blind $0.01
MelchiorF1: posts big blind $0.02
*** HOLE CARDS ***
Dealt to Dorex2007 [4h Th]
MajorZK: calls $0.02
Hibitox: folds 
yur4ik777: folds 
WG8978: folds 
Dorex2007: folds 
Cammerrzr: folds 
Aflil1966: calls $0.02
RAAAAdik: folds 
MelchiorF1: checks 
*** FLOP *** [Qs Qh 2c]
MelchiorF1: checks 
MajorZK: bets $0.02
Aflil1966: folds 
MelchiorF1: folds 
Uncalled bet ($0.02) returned to MajorZK
MajorZK collected $0.07 from pot
*** SUMMARY ***
Total pot $0.07 | Rake $0 
Board [Qs Qh 2c]
Seat 1: Hibitox folded before Flop (didn't bet)
Seat 2: yur4ik777 folded before Flop (didn't bet)
Seat 3: WG8978 folded before Flop (didn't bet)
Seat 4: Dorex2007 folded before Flop (didn't bet)
Seat 5: Cammerrzr folded before Flop (didn't bet)
Seat 6: Aflil1966 (button) folded on the Flop
Seat 7: RAAAAdik (small blind) folded before Flop
Seat 8: MelchiorF1 (big blind) folded on the Flop
Seat 9: MajorZK collected ($0.07)



PokerStars Hand #237327496427:  Hold'em No Limit ($0.01/$0.02 USD) - 2022/07/12 19:58:00 PT [2022/07/12 22:58:00 ET]
Table 'Sergestus III' 9-max Seat #7 is the button
Seat 1: Hibitox ($0.42 in chips) 
Seat 2: yur4ik777 ($2.82 in chips) 
Seat 3: WG8978 ($2 in chips) 
Seat 4: Dorex2007 ($2.64 in chips) 
Seat 5: Cammerrzr ($1.29 in chips) 
Seat 6: Aflil1966 ($1.90 in chips) 
Seat 7: RAAAAdik ($2 in chips) 
Seat 8: MelchiorF1 ($4.13 in chips) 
Seat 9: MajorZK ($2.57 in chips) 
MelchiorF1: posts small blind $0.01
MajorZK: posts big blind $0.02
*** HOLE CARDS ***
Dealt to Dorex2007 [6d 6h]
Hibitox: folds 
yur4ik777: folds 
WG8978: folds 
Dorex2007: calls $0.02
Cammerrzr: folds 
Aflil1966: calls $0.02
RAAAAdik: folds 
MelchiorF1: folds 
MajorZK: checks 
*** FLOP *** [5s 3d Qh]
MajorZK: checks 
Dorex2007: checks 
Aflil1966: checks 
*** TURN *** [5s 3d Qh] [Ah]
MajorZK: checks 
Dorex2007: checks 
Aflil1966: bets $0.07
MajorZK: folds 
Dorex2007: folds 
Uncalled bet ($0.07) returned to Aflil1966
Aflil1966 collected $0.07 from pot
*** SUMMARY ***
Total pot $0.07 | Rake $0 
Board [5s 3d Qh Ah]
Seat 1: Hibitox folded before Flop (didn't bet)
Seat 2: yur4ik777 folded before Flop (didn't bet)
Seat 3: WG8978 folded before Flop (didn't bet)
Seat 4: Dorex2007 folded on the Turn
Seat 5: Cammerrzr folded before Flop (didn't bet)
Seat 6: Aflil1966 collected ($0.07)
Seat 7: RAAAAdik (button) folded before Flop (didn't bet)
Seat 8: MelchiorF1 (small blind) folded before Flop
Seat 9: MajorZK (big blind) folded on the Turn



PokerStars Hand #237327502514:  Hold'em No Limit ($0.01/$0.02 USD) - 2022/07/12 19:58:44 PT [2022/07/12 22:58:44 ET]
Table 'Sergestus III' 9-max Seat #8 is the button
Seat 1: Hibitox ($0.42 in chips) 
Seat 2: yur4ik777 ($2.82 in chips) 
Seat 3: WG8978 ($2 in chips) 
Seat 4: Dorex2007 ($2.62 in chips) 
Seat 5: Cammerrzr ($1.29 in chips) 
Seat 6: Aflil1966 ($1.95 in chips) 
Seat 7: RAAAAdik ($2 in chips) 
Seat 8: MelchiorF1 ($4.12 in chips) 
Seat 9: MajorZK ($2.55 in chips) 
MajorZK: posts small blind $0.01
Hibitox: posts big blind $0.02
*** HOLE CARDS ***
Dealt to Dorex2007 [6h 8s]
yur4ik777: folds 
WG8978: folds 
Dorex2007: folds 
Cammerrzr: calls $0.02
Aflil1966: folds 
RAAAAdik: folds 
MelchiorF1: folds 
MajorZK: calls $0.01
Hibitox: checks 
*** FLOP *** [Kc 6c Qc]
MajorZK: checks 
Hibitox: checks 
Cammerrzr: checks 
*** TURN *** [Kc 6c Qc] [7s]
MajorZK: checks 
Hibitox: checks 
Cammerrzr: checks 
*** RIVER *** [Kc 6c Qc 7s] [9h]
MajorZK: checks 
Hibitox: checks 
Cammerrzr: checks 
*** SHOW DOWN ***
MajorZK: shows [9d 5h] (a pair of Nines)
Hibitox: mucks hand 
Cammerrzr: mucks hand 
MajorZK collected $0.06 from pot
*** SUMMARY ***
Total pot $0.06 | Rake $0 
Board [Kc 6c Qc 7s 9h]
Seat 1: Hibitox (big blind) mucked [5d Jh]
Seat 2: yur4ik777 folded before Flop (didn't bet)
Seat 3: WG8978 folded before Flop (didn't bet)
Seat 4: Dorex2007 folded before Flop (didn't bet)
Seat 5: Cammerrzr mucked [5s As]
Seat 6: Aflil1966 folded before Flop (didn't bet)
Seat 7: RAAAAdik folded before Flop (didn't bet)
Seat 8: MelchiorF1 (button) folded before Flop (didn't bet)
Seat 9: MajorZK (small blind) showed [9d 5h] and won ($0.06) with a pair of Nines



PokerStars Hand #237327508232:  Hold'em No Limit ($0.01/$0.02 USD) - 2022/07/12 19:59:26 PT [2022/07/12 22:59:26 ET]
Table 'Sergestus III' 9-max Seat #9 is the button
Seat 1: Hibitox ($0.40 in chips) 
Seat 2: yur4ik777 ($2.82 in chips) 
Seat 3: WG8978 ($2 in chips) 
Seat 4: Dorex2007 ($2.62 in chips) 
Seat 5: Cammerrzr ($1.27 in chips) 
Seat 6: Aflil1966 ($1.95 in chips) 
Seat 7: RAAAAdik ($2 in chips) 
Seat 8: MelchiorF1 ($4.12 in chips) 
Seat 9: MajorZK ($2.59 in chips) 
Hibitox: posts small blind $0.01
yur4ik777: posts big blind $0.02
*** HOLE CARDS ***
Dealt to Dorex2007 [Jc 3s]
WG8978: folds 
Dorex2007: folds 
Cammerrzr: calls $0.02
Aflil1966: calls $0.02
RAAAAdik: folds 
MelchiorF1: folds 
MajorZK: calls $0.02
Hibitox: calls $0.01
yur4ik777: checks 
*** FLOP *** [Tc Qc 9d]
Hibitox: checks 
yur4ik777: checks 
Cammerrzr: bets $0.05
Aflil1966: calls $0.05
MajorZK: folds 
Hibitox: folds 
yur4ik777: folds 
*** TURN *** [Tc Qc 9d] [7h]
Cammerrzr: checks 
Aflil1966: checks 
*** RIVER *** [Tc Qc 9d 7h] [Qs]
Cammerrzr: bets $0.09
Aflil1966: folds 
Uncalled bet ($0.09) returned to Cammerrzr
Cammerrzr collected $0.19 from pot
*** SUMMARY ***
Total pot $0.20 | Rake $0.01 
Board [Tc Qc 9d 7h Qs]
Seat 1: Hibitox (small blind) folded on the Flop
Seat 2: yur4ik777 (big blind) folded on the Flop
Seat 3: WG8978 folded before Flop (didn't bet)
Seat 4: Dorex2007 folded before Flop (didn't bet)
Seat 5: Cammerrzr collected ($0.19)
Seat 6: Aflil1966 folded on the River
Seat 7: RAAAAdik folded before Flop (didn't bet)
Seat 8: MelchiorF1 folded before Flop (didn't bet)
Seat 9: MajorZK (button) folded on the Flop



PokerStars Hand #237327516572:  Hold'em No Limit ($0.01/$0.02 USD) - 2022/07/12 20:00:21 PT [2022/07/12 23:00:21 ET]
Table 'Sergestus III' 9-max Seat #1 is the button
Seat 1: Hibitox ($0.38 in chips) 
Seat 2: yur4ik777 ($2.80 in chips) 
Seat 3: WG8978 ($2 in chips) 
Seat 4: Dorex2007 ($2.62 in chips) 
Seat 5: Cammerrzr ($1.39 in chips) 
Seat 6: Aflil1966 ($1.88 in chips) 
Seat 7: RAAAAdik ($2 in chips) 
Seat 8: MelchiorF1 ($4.12 in chips) 
Seat 9: MajorZK ($2.57 in chips) 
yur4ik777: posts small blind $0.01
WG8978: posts big blind $0.02
*** HOLE CARDS ***
Dealt to Dorex2007 [9h 2d]
Dorex2007: folds 
Cammerrzr: folds 
Cammerrzr leaves the table
Aflil1966: calls $0.02
RAAAAdik: calls $0.02
MelchiorF1: folds 
MajorZK: calls $0.02
Hibitox: raises $0.04 to $0.06
yur4ik777: folds 
WG8978: folds 
Aflil1966: folds 
RAAAAdik: calls $0.04
MajorZK: calls $0.04
*** FLOP *** [Qh Qc Qs]
RAAAAdik: checks 
MajorZK: checks 
Hibitox: checks 
*** TURN *** [Qh Qc Qs] [Kh]
RAAAAdik: checks 
MajorZK: checks 
Hibitox: bets $0.11
RAAAAdik: folds 
MajorZK: calls $0.11
*** RIVER *** [Qh Qc Qs Kh] [Qd]
MajorZK: checks 
Hibitox: bets $0.21 and is all-in
MajorZK: calls $0.21
*** SHOW DOWN ***
Hibitox: shows [Th Js] (four of a kind, Queens)
MajorZK: shows [Jd 8d] (four of a kind, Queens)
MajorZK collected $0.42 from pot
Hibitox collected $0.42 from pot
*** SUMMARY ***
Total pot $0.87 | Rake $0.03 
Board [Qh Qc Qs Kh Qd]
Seat 1: Hibitox (button) showed [Th Js] and won ($0.42) with four of a kind, Queens
Seat 2: yur4ik777 (small blind) folded before Flop
Seat 3: WG8978 (big blind) folded before Flop
Seat 4: Dorex2007 folded before Flop (didn't bet)
Seat 5: Cammerrzr folded before Flop (didn't bet)
Seat 6: Aflil1966 folded before Flop
Seat 7: RAAAAdik folded on the Turn
Seat 8: MelchiorF1 folded before Flop (didn't bet)
Seat 9: MajorZK showed [Jd 8d] and won ($0.42) with four of a kind, Queens



PokerStars Hand #237327536350:  Hold'em No Limit ($0.01/$0.02 USD) - 2022/07/12 20:02:08 PT [2022/07/12 23:02:08 ET]
Table 'Sergestus III' 9-max Seat #2 is the button
Seat 1: Hibitox ($0.42 in chips) 
Seat 2: yur4ik777 ($2.79 in chips) 
Seat 3: WG8978 ($2 in chips) 
Seat 4: Dorex2007 ($2.62 in chips) 
Seat 6: Aflil1966 ($1.86 in chips) 
Seat 7: RAAAAdik ($2 in chips) 
Seat 8: MelchiorF1 ($4.12 in chips) 
Seat 9: MajorZK ($2.61 in chips) 
WG8978: posts small blind $0.01
Dorex2007: posts big blind $0.02
*** HOLE CARDS ***
Dealt to Dorex2007 [Ac Qd]
Aflil1966: folds 
RAAAAdik: folds 
MelchiorF1: folds 
MajorZK: folds 
Hibitox: raises $0.04 to $0.06
yur4ik777: folds 
WG8978: folds 
Dorex2007: calls $0.04
*** FLOP *** [7h 3d 2c]
Dorex2007: checks 
Hibitox: bets $0.06
Dorex2007: folds 
Uncalled bet ($0.06) returned to Hibitox
Hibitox collected $0.13 from pot
*** SUMMARY ***
Total pot $0.13 | Rake $0 
Board [7h 3d 2c]
Seat 1: Hibitox collected ($0.13)
Seat 2: yur4ik777 (button) folded before Flop (didn't bet)
Seat 3: WG8978 (small blind) folded before Flop
Seat 4: Dorex2007 (big blind) folded on the Flop
Seat 6: Aflil1966 folded before Flop (didn't bet)
Seat 7: RAAAAdik folded before Flop (didn't bet)
Seat 8: MelchiorF1 folded before Flop (didn't bet)
Seat 9: MajorZK folded before Flop (didn't bet)



PokerStars Hand #237327540922:  Hold'em No Limit ($0.01/$0.02 USD) - 2022/07/12 20:02:37 PT [2022/07/12 23:02:37 ET]
Table 'Sergestus III' 9-max Seat #3 is the button
Seat 1: Hibitox ($0.49 in chips) 
Seat 2: yur4ik777 ($2.79 in chips) 
Seat 3: WG8978 ($2 in chips) 
Seat 4: Dorex2007 ($2.56 in chips) 
Seat 6: Aflil1966 ($1.86 in chips) 
Seat 7: RAAAAdik ($2 in chips) 
Seat 8: MelchiorF1 ($4.12 in chips) 
Seat 9: MajorZK ($2.61 in chips) 
Dorex2007: posts small blind $0.01
Aflil1966: posts big blind $0.02
*** HOLE CARDS ***
Dealt to Dorex2007 [Ah 4h]
RAAAAdik: folds 
MelchiorF1: folds 
MajorZK: calls $0.02
Hibitox: folds 
yur4ik777: folds 
WG8978: folds 
Dorex2007: calls $0.01
Aflil1966: checks 
*** FLOP *** [Tc 5h 8s]
Dorex2007: checks 
Aflil1966: checks 
MajorZK: checks 
*** TURN *** [Tc 5h 8s] [6c]
Dorex2007: checks 
Aflil1966: checks 
MajorZK: checks 
*** RIVER *** [Tc 5h 8s 6c] [3c]
Dorex2007: checks 
Aflil1966: checks 
MajorZK: checks 
*** SHOW DOWN ***
Dorex2007: shows [Ah 4h] (high card Ace)
Aflil1966: mucks hand 
MajorZK: shows [As Qh] (high card Ace - Queen kicker)
MajorZK collected $0.06 from pot
*** SUMMARY ***
Total pot $0.06 | Rake $0 
Board [Tc 5h 8s 6c 3c]
Seat 1: Hibitox folded before Flop (didn't bet)
Seat 2: yur4ik777 folded before Flop (didn't bet)
Seat 3: WG8978 (button) folded before Flop (didn't bet)
Seat 4: Dorex2007 (small blind) showed [Ah 4h] and lost with high card Ace
Seat 6: Aflil1966 (big blind) mucked [Js 4d]
Seat 7: RAAAAdik folded before Flop (didn't bet)
Seat 8: MelchiorF1 folded before Flop (didn't bet)
Seat 9: MajorZK showed [As Qh] and won ($0.06) with high card Ace



