PokerStars Hand #237324724715:  Hold'em No Limit ($0.01/$0.02 USD) - 2022/07/12 16:28:20 PT [2022/07/12 19:28:20 ET]
Table 'Wirt II' 9-max Seat #8 is the button
Seat 2: bubutos69 ($3.03 in chips) 
Seat 3: Char P-3 ($1.21 in chips) 
Seat 4: fuealejandro ($1.79 in chips) 
Seat 5: EviLCordes ($0.83 in chips) 
Seat 6: CasObserver ($0.76 in chips) 
Seat 7: Dorex2007 ($2 in chips) 
Seat 8: Mehanicar ($8.50 in chips) 
bubutos69: posts small blind $0.01
Char P-3: posts big blind $0.02
Dorex2007: posts big blind $0.02
*** HOLE CARDS ***
Dealt to Dorex2007 [5c 4d]
fuealejandro: folds 
EviLCordes: folds 
CasObserver: raises $0.12 to $0.14
Dorex2007: folds 
Mehanicar: calls $0.14
bubutos69: folds 
Char P-3: calls $0.12
*** FLOP *** [8s 7s 7c]
Char P-3: checks 
CasObserver: bets $0.18
Mehanicar: calls $0.18
Char P-3: folds 
*** TURN *** [8s 7s 7c] [2s]
CasObserver: bets $0.02
Mehanicar: calls $0.02
*** RIVER *** [8s 7s 7c 2s] [9d]
CasObserver: bets $0.42 and is all-in
Mehanicar: calls $0.42
*** SHOW DOWN ***
CasObserver: shows [Qd Qh] (two pair, Queens and Sevens)
Mehanicar: shows [6h 8c] (two pair, Eights and Sevens)
CasObserver collected $1.63 from pot
*** SUMMARY ***
Total pot $1.69 | Rake $0.06 
Board [8s 7s 7c 2s 9d]
Seat 2: bubutos69 (small blind) folded before Flop
Seat 3: Char P-3 (big blind) folded on the Flop
Seat 4: fuealejandro folded before Flop (didn't bet)
Seat 5: EviLCordes folded before Flop (didn't bet)
Seat 6: CasObserver showed [Qd Qh] and won ($1.63) with two pair, Queens and Sevens
Seat 7: Dorex2007 folded before Flop (didn't bet)
Seat 8: Mehanicar (button) showed [6h 8c] and lost with two pair, Eights and Sevens



PokerStars Hand #237324737393:  Hold'em No Limit ($0.01/$0.02 USD) - 2022/07/12 16:29:08 PT [2022/07/12 19:29:08 ET]
Table 'Wirt II' 9-max Seat #2 is the button
Seat 1: Gust4v0_7 ($0.80 in chips) 
Seat 2: bubutos69 ($3.02 in chips) 
Seat 3: Char P-3 ($1.07 in chips) 
Seat 4: fuealejandro ($1.79 in chips) 
Seat 5: EviLCordes ($0.83 in chips) 
Seat 6: CasObserver ($1.63 in chips) 
Seat 7: Dorex2007 ($2 in chips) 
Seat 8: Mehanicar ($7.74 in chips) 
Char P-3: posts small blind $0.01
fuealejandro: posts big blind $0.02
Gust4v0_7: posts big blind $0.02
*** HOLE CARDS ***
Dealt to Dorex2007 [Td 7c]
EviLCordes: folds 
CasObserver: calls $0.02
Dorex2007: folds 
Mehanicar: folds 
Mehanicar leaves the table
Gust4v0_7: raises $0.04 to $0.06
bubutos69: calls $0.06
BotaNoHard joins the table at seat #8 
Char P-3: folds 
fuealejandro: folds 
CasObserver: calls $0.04
*** FLOP *** [Qd 2s Kh]
CasObserver: checks 
Gust4v0_7: bets $0.10
bubutos69: folds 
CasObserver: calls $0.10
*** TURN *** [Qd 2s Kh] [4c]
CasObserver: bets $0.10
Gust4v0_7: folds 
Uncalled bet ($0.10) returned to CasObserver
CasObserver collected $0.40 from pot
*** SUMMARY ***
Total pot $0.41 | Rake $0.01 
Board [Qd 2s Kh 4c]
Seat 1: Gust4v0_7 folded on the Turn
Seat 2: bubutos69 (button) folded on the Flop
Seat 3: Char P-3 (small blind) folded before Flop
Seat 4: fuealejandro (big blind) folded before Flop
Seat 5: EviLCordes folded before Flop (didn't bet)
Seat 6: CasObserver collected ($0.40)
Seat 7: Dorex2007 folded before Flop (didn't bet)
Seat 8: Mehanicar folded before Flop (didn't bet)



PokerStars Hand #237324752574:  Hold'em No Limit ($0.01/$0.02 USD) - 2022/07/12 16:30:05 PT [2022/07/12 19:30:05 ET]
Table 'Wirt II' 9-max Seat #3 is the button
Seat 1: Gust4v0_7 ($0.64 in chips) 
Seat 2: bubutos69 ($2.96 in chips) 
Seat 3: Char P-3 ($1.06 in chips) 
Seat 4: fuealejandro ($1.77 in chips) 
Seat 5: EviLCordes ($0.83 in chips) 
Seat 6: CasObserver ($1.87 in chips) 
Seat 7: Dorex2007 ($2 in chips) 
Seat 8: BotaNoHard ($2 in chips) 
fuealejandro: posts small blind $0.01
EviLCordes: posts big blind $0.02
BotaNoHard: posts big blind $0.02
*** HOLE CARDS ***
Dealt to Dorex2007 [Jd 4h]
CasObserver: folds 
Dorex2007: folds 
BotaNoHard: checks 
Gust4v0_7: folds 
bubutos69: folds 
Char P-3: folds 
fuealejandro: raises $0.03 to $0.05
EviLCordes: folds 
BotaNoHard: calls $0.03
*** FLOP *** [Jc 2d Kc]
fuealejandro: bets $0.04
BotaNoHard: raises $0.04 to $0.08
fuealejandro: calls $0.04
*** TURN *** [Jc 2d Kc] [5h]
fuealejandro: checks 
BotaNoHard: bets $0.02
fuealejandro: calls $0.02
*** RIVER *** [Jc 2d Kc 5h] [4s]
fuealejandro: checks 
BotaNoHard: bets $1.85 and is all-in
fuealejandro: folds 
Uncalled bet ($1.85) returned to BotaNoHard
BotaNoHard collected $0.31 from pot
*** SUMMARY ***
Total pot $0.32 | Rake $0.01 
Board [Jc 2d Kc 5h 4s]
Seat 1: Gust4v0_7 folded before Flop (didn't bet)
Seat 2: bubutos69 folded before Flop (didn't bet)
Seat 3: Char P-3 (button) folded before Flop (didn't bet)
Seat 4: fuealejandro (small blind) folded on the River
Seat 5: EviLCordes (big blind) folded before Flop
Seat 6: CasObserver folded before Flop (didn't bet)
Seat 7: Dorex2007 folded before Flop (didn't bet)
Seat 8: BotaNoHard collected ($0.31)



PokerStars Hand #237324776871:  Hold'em No Limit ($0.01/$0.02 USD) - 2022/07/12 16:31:38 PT [2022/07/12 19:31:38 ET]
Table 'Wirt II' 9-max Seat #4 is the button
Seat 1: Gust4v0_7 ($0.64 in chips) 
Seat 2: bubutos69 ($2.96 in chips) 
Seat 3: Char P-3 ($1.06 in chips) 
Seat 4: fuealejandro ($1.62 in chips) 
Seat 5: EviLCordes ($0.81 in chips) 
Seat 6: CasObserver ($1.87 in chips) 
Seat 7: Dorex2007 ($2 in chips) 
Seat 8: BotaNoHard ($2.16 in chips) 
EviLCordes: posts small blind $0.01
CasObserver: posts big blind $0.02
*** HOLE CARDS ***
Dealt to Dorex2007 [Ks Kh]
Dorex2007: raises $0.04 to $0.06
BotaNoHard: folds 
Gust4v0_7: folds 
bubutos69: folds 
Char P-3: folds 
fuealejandro: folds 
EviLCordes: folds 
CasObserver: folds 
Uncalled bet ($0.04) returned to Dorex2007
Dorex2007 collected $0.05 from pot
*** SUMMARY ***
Total pot $0.05 | Rake $0 
Seat 1: Gust4v0_7 folded before Flop (didn't bet)
Seat 2: bubutos69 folded before Flop (didn't bet)
Seat 3: Char P-3 folded before Flop (didn't bet)
Seat 4: fuealejandro (button) folded before Flop (didn't bet)
Seat 5: EviLCordes (small blind) folded before Flop
Seat 6: CasObserver (big blind) folded before Flop
Seat 7: Dorex2007 collected ($0.05)
Seat 8: BotaNoHard folded before Flop (didn't bet)



PokerStars Hand #237324780876:  Hold'em No Limit ($0.01/$0.02 USD) - 2022/07/12 16:31:53 PT [2022/07/12 19:31:53 ET]
Table 'Wirt II' 9-max Seat #5 is the button
Seat 1: Gust4v0_7 ($0.64 in chips) 
Seat 2: bubutos69 ($2.96 in chips) 
Seat 3: Char P-3 ($1.06 in chips) 
Seat 4: fuealejandro ($1.62 in chips) 
Seat 5: EviLCordes ($0.80 in chips) 
Seat 6: CasObserver ($1.85 in chips) 
Seat 7: Dorex2007 ($2.03 in chips) 
Seat 8: BotaNoHard ($2.16 in chips) 
CasObserver: posts small blind $0.01
Dorex2007: posts big blind $0.02
*** HOLE CARDS ***
Dealt to Dorex2007 [6s 7c]
BotaNoHard: folds 
Gust4v0_7: folds 
bubutos69: calls $0.02
Char P-3: folds 
fuealejandro: raises $0.04 to $0.06
EviLCordes: folds 
CasObserver: folds 
Dorex2007: folds 
bubutos69: calls $0.04
*** FLOP *** [Ks Th 5c]
bubutos69: checks 
fuealejandro: checks 
*** TURN *** [Ks Th 5c] [2c]
bubutos69: checks 
fuealejandro: bets $0.08
bubutos69: folds 
Uncalled bet ($0.08) returned to fuealejandro
fuealejandro collected $0.14 from pot
*** SUMMARY ***
Total pot $0.15 | Rake $0.01 
Board [Ks Th 5c 2c]
Seat 1: Gust4v0_7 folded before Flop (didn't bet)
Seat 2: bubutos69 folded on the Turn
Seat 3: Char P-3 folded before Flop (didn't bet)
Seat 4: fuealejandro collected ($0.14)
Seat 5: EviLCordes (button) folded before Flop (didn't bet)
Seat 6: CasObserver (small blind) folded before Flop
Seat 7: Dorex2007 (big blind) folded before Flop
Seat 8: BotaNoHard folded before Flop (didn't bet)



PokerStars Hand #237324795337:  Hold'em No Limit ($0.01/$0.02 USD) - 2022/07/12 16:32:48 PT [2022/07/12 19:32:48 ET]
Table 'Wirt II' 9-max Seat #6 is the button
Seat 1: Gust4v0_7 ($0.64 in chips) 
Seat 2: bubutos69 ($2.90 in chips) 
Seat 3: Char P-3 ($1.06 in chips) 
Seat 4: fuealejandro ($1.70 in chips) 
Seat 5: EviLCordes ($0.80 in chips) 
Seat 6: CasObserver ($1.84 in chips) 
Seat 7: Dorex2007 ($2.01 in chips) 
Dorex2007: posts small blind $0.01
Gust4v0_7: posts big blind $0.02
*** HOLE CARDS ***
Dealt to Dorex2007 [8d 7s]
bubutos69: calls $0.02
Char P-3: folds 
fuealejandro: folds 
EviLCordes: folds 
CasObserver: folds 
Dorex2007: folds 
Gust4v0_7: checks 
*** FLOP *** [4h 6h Ac]
Gust4v0_7: checks 
bubutos69: bets $0.05
Gust4v0_7: folds 
Uncalled bet ($0.05) returned to bubutos69
bubutos69 collected $0.05 from pot
*** SUMMARY ***
Total pot $0.05 | Rake $0 
Board [4h 6h Ac]
Seat 1: Gust4v0_7 (big blind) folded on the Flop
Seat 2: bubutos69 collected ($0.05)
Seat 3: Char P-3 folded before Flop (didn't bet)
Seat 4: fuealejandro folded before Flop (didn't bet)
Seat 5: EviLCordes folded before Flop (didn't bet)
Seat 6: CasObserver (button) folded before Flop (didn't bet)
Seat 7: Dorex2007 (small blind) folded before Flop



PokerStars Hand #237324801033:  Hold'em No Limit ($0.01/$0.02 USD) - 2022/07/12 16:33:09 PT [2022/07/12 19:33:09 ET]
Table 'Wirt II' 9-max Seat #7 is the button
Seat 1: Gust4v0_7 ($0.62 in chips) 
Seat 2: bubutos69 ($2.93 in chips) 
Seat 3: Char P-3 ($1.06 in chips) 
Seat 4: fuealejandro ($1.70 in chips) 
Seat 5: EviLCordes ($0.80 in chips) 
Seat 6: CasObserver ($1.84 in chips) 
Seat 7: Dorex2007 ($2 in chips) 
Gust4v0_7: posts small blind $0.01
bubutos69: posts big blind $0.02
*** HOLE CARDS ***
Dealt to Dorex2007 [4s 9d]
Char P-3: folds 
BotaNoHard leaves the table
fuealejandro: folds 
EviLCordes: folds 
CasObserver: calls $0.02
Dorex2007: folds 
Gust4v0_7: calls $0.01
bubutos69: raises $0.08 to $0.10
CasObserver: calls $0.08
Gust4v0_7: folds 
*** FLOP *** [Qc 4d Jc]
bubutos69: bets $0.14
Barrospe joins the table at seat #8 
CasObserver: calls $0.14
*** TURN *** [Qc 4d Jc] [9s]
bubutos69: bets $0.24
CasObserver: folds 
Uncalled bet ($0.24) returned to bubutos69
bubutos69 collected $0.48 from pot
*** SUMMARY ***
Total pot $0.50 | Rake $0.02 
Board [Qc 4d Jc 9s]
Seat 1: Gust4v0_7 (small blind) folded before Flop
Seat 2: bubutos69 (big blind) collected ($0.48)
Seat 3: Char P-3 folded before Flop (didn't bet)
Seat 4: fuealejandro folded before Flop (didn't bet)
Seat 5: EviLCordes folded before Flop (didn't bet)
Seat 6: CasObserver folded on the Turn
Seat 7: Dorex2007 (button) folded before Flop (didn't bet)



PokerStars Hand #237324814968:  Hold'em No Limit ($0.01/$0.02 USD) - 2022/07/12 16:34:03 PT [2022/07/12 19:34:03 ET]
Table 'Wirt II' 9-max Seat #1 is the button
Seat 1: Gust4v0_7 ($0.60 in chips) 
Seat 2: bubutos69 ($3.17 in chips) 
Seat 3: Char P-3 ($1.06 in chips) 
Seat 4: fuealejandro ($1.70 in chips) 
Seat 5: EviLCordes ($0.80 in chips) 
Seat 6: CasObserver ($1.60 in chips) 
Seat 7: Dorex2007 ($2 in chips) 
Seat 8: Barrospe ($2 in chips) 
bubutos69: posts small blind $0.01
Char P-3: posts big blind $0.02
Barrospe: posts big blind $0.02
*** HOLE CARDS ***
Dealt to Dorex2007 [Td 9s]
fuealejandro: folds 
EviLCordes: folds 
CasObserver: folds 
Dorex2007: folds 
Barrospe: checks 
Gust4v0_7: calls $0.02
bubutos69: calls $0.01
Char P-3: checks 
*** FLOP *** [Th 5h 6c]
bubutos69: checks 
Char P-3: bets $0.02
Barrospe: folds 
Gust4v0_7: folds 
bubutos69: calls $0.02
*** TURN *** [Th 5h 6c] [8d]
bubutos69: bets $0.10
Char P-3: folds 
Uncalled bet ($0.10) returned to bubutos69
bubutos69 collected $0.12 from pot
*** SUMMARY ***
Total pot $0.12 | Rake $0 
Board [Th 5h 6c 8d]
Seat 1: Gust4v0_7 (button) folded on the Flop
Seat 2: bubutos69 (small blind) collected ($0.12)
Seat 3: Char P-3 (big blind) folded on the Turn
Seat 4: fuealejandro folded before Flop (didn't bet)
Seat 5: EviLCordes folded before Flop (didn't bet)
Seat 6: CasObserver folded before Flop (didn't bet)
Seat 7: Dorex2007 folded before Flop (didn't bet)
Seat 8: Barrospe folded on the Flop (didn't bet)



PokerStars Hand #237324829822:  Hold'em No Limit ($0.01/$0.02 USD) - 2022/07/12 16:35:00 PT [2022/07/12 19:35:00 ET]
Table 'Wirt II' 9-max Seat #2 is the button
Seat 1: Gust4v0_7 ($0.58 in chips) 
Seat 2: bubutos69 ($3.25 in chips) 
Seat 3: Char P-3 ($1.02 in chips) 
Seat 4: fuealejandro ($1.70 in chips) 
Seat 5: EviLCordes ($0.80 in chips) 
Seat 6: CasObserver ($1.60 in chips) 
Seat 7: Dorex2007 ($2 in chips) 
Seat 8: Barrospe ($1.98 in chips) 
Char P-3: posts small blind $0.01
fuealejandro: posts big blind $0.02
*** HOLE CARDS ***
Dealt to Dorex2007 [6s 8h]
EviLCordes: folds 
CasObserver: folds 
Dorex2007: folds 
Barrospe: folds 
Gust4v0_7: calls $0.02
bubutos69: folds 
Char P-3: calls $0.01
fuealejandro: checks 
*** FLOP *** [Ah 8c Kc]
Char P-3: checks 
fuealejandro: checks 
Gust4v0_7: bets $0.03
Char P-3: folds 
fuealejandro: folds 
Uncalled bet ($0.03) returned to Gust4v0_7
Gust4v0_7 collected $0.06 from pot
*** SUMMARY ***
Total pot $0.06 | Rake $0 
Board [Ah 8c Kc]
Seat 1: Gust4v0_7 collected ($0.06)
Seat 2: bubutos69 (button) folded before Flop (didn't bet)
Seat 3: Char P-3 (small blind) folded on the Flop
Seat 4: fuealejandro (big blind) folded on the Flop
Seat 5: EviLCordes folded before Flop (didn't bet)
Seat 6: CasObserver folded before Flop (didn't bet)
Seat 7: Dorex2007 folded before Flop (didn't bet)
Seat 8: Barrospe folded before Flop (didn't bet)



PokerStars Hand #237324839032:  Hold'em No Limit ($0.01/$0.02 USD) - 2022/07/12 16:35:35 PT [2022/07/12 19:35:35 ET]
Table 'Wirt II' 9-max Seat #3 is the button
Seat 1: Gust4v0_7 ($0.62 in chips) 
Seat 2: bubutos69 ($3.25 in chips) 
Seat 3: Char P-3 ($1 in chips) 
Seat 4: fuealejandro ($1.68 in chips) 
Seat 5: EviLCordes ($0.80 in chips) 
Seat 6: CasObserver ($1.60 in chips) 
Seat 7: Dorex2007 ($2 in chips) 
Seat 8: Barrospe ($1.98 in chips) 
fuealejandro: posts small blind $0.01
EviLCordes: posts big blind $0.02
*** HOLE CARDS ***
Dealt to Dorex2007 [7d 2s]
CasObserver: calls $0.02
Dorex2007: folds 
Barrospe: folds 
Gust4v0_7: folds 
bubutos69: folds 
Char P-3: folds 
fuealejandro: folds 
EviLCordes: checks 
*** FLOP *** [5c Ks Kc]
EviLCordes: checks 
CasObserver: checks 
*** TURN *** [5c Ks Kc] [Qs]
EviLCordes: checks 
CasObserver: bets $0.02
EviLCordes: folds 
Uncalled bet ($0.02) returned to CasObserver
CasObserver collected $0.05 from pot
*** SUMMARY ***
Total pot $0.05 | Rake $0 
Board [5c Ks Kc Qs]
Seat 1: Gust4v0_7 folded before Flop (didn't bet)
Seat 2: bubutos69 folded before Flop (didn't bet)
Seat 3: Char P-3 (button) folded before Flop (didn't bet)
Seat 4: fuealejandro (small blind) folded before Flop
Seat 5: EviLCordes (big blind) folded on the Turn
Seat 6: CasObserver collected ($0.05)
Seat 7: Dorex2007 folded before Flop (didn't bet)
Seat 8: Barrospe folded before Flop (didn't bet)



PokerStars Hand #237324848718:  Hold'em No Limit ($0.01/$0.02 USD) - 2022/07/12 16:36:12 PT [2022/07/12 19:36:12 ET]
Table 'Wirt II' 9-max Seat #4 is the button
Seat 1: Gust4v0_7 ($0.62 in chips) 
Seat 2: bubutos69 ($3.25 in chips) 
Seat 3: Char P-3 ($1 in chips) 
Seat 4: fuealejandro ($1.67 in chips) 
Seat 5: EviLCordes ($0.78 in chips) 
Seat 6: CasObserver ($1.63 in chips) 
Seat 7: Dorex2007 ($2 in chips) 
Seat 8: Barrospe ($1.98 in chips) 
EviLCordes: posts small blind $0.01
CasObserver: posts big blind $0.02
*** HOLE CARDS ***
Dealt to Dorex2007 [Ad 5c]
Dorex2007: folds 
Barrospe: calls $0.02
Gust4v0_7: folds 
bubutos69: calls $0.02
Char P-3: folds 
fuealejandro: raises $0.04 to $0.06
EviLCordes: folds 
CasObserver: calls $0.04
Barrospe: calls $0.04
bubutos69: calls $0.04
*** FLOP *** [9c 8h 4s]
CasObserver: checks 
Barrospe: checks 
bubutos69: checks 
fuealejandro: bets $0.08
CasObserver: calls $0.08
Barrospe: folds 
bubutos69: calls $0.08
*** TURN *** [9c 8h 4s] [Jd]
CasObserver: checks 
bubutos69: checks 
fuealejandro: checks 
*** RIVER *** [9c 8h 4s Jd] [Qc]
CasObserver: checks 
bubutos69: checks 
fuealejandro: checks 
*** SHOW DOWN ***
CasObserver: shows [4h 2h] (a pair of Fours)
bubutos69: mucks hand 
fuealejandro: shows [8d Ac] (a pair of Eights)
fuealejandro collected $0.47 from pot
*** SUMMARY ***
Total pot $0.49 | Rake $0.02 
Board [9c 8h 4s Jd Qc]
Seat 1: Gust4v0_7 folded before Flop (didn't bet)
Seat 2: bubutos69 mucked [5d 7s]
Seat 3: Char P-3 folded before Flop (didn't bet)
Seat 4: fuealejandro (button) showed [8d Ac] and won ($0.47) with a pair of Eights
Seat 5: EviLCordes (small blind) folded before Flop
Seat 6: CasObserver (big blind) showed [4h 2h] and lost with a pair of Fours
Seat 7: Dorex2007 folded before Flop (didn't bet)
Seat 8: Barrospe folded on the Flop



PokerStars Hand #237324870278:  Hold'em No Limit ($0.01/$0.02 USD) - 2022/07/12 16:37:35 PT [2022/07/12 19:37:35 ET]
Table 'Wirt II' 9-max Seat #5 is the button
Seat 1: Gust4v0_7 ($0.62 in chips) 
Seat 2: bubutos69 ($3.11 in chips) 
Seat 3: Char P-3 ($1 in chips) 
Seat 4: fuealejandro ($2 in chips) 
Seat 5: EviLCordes ($0.77 in chips) 
Seat 6: CasObserver ($1.49 in chips) 
Seat 7: Dorex2007 ($2 in chips) 
Seat 8: Barrospe ($1.92 in chips) 
CasObserver: posts small blind $0.01
Dorex2007: posts big blind $0.02
*** HOLE CARDS ***
Dealt to Dorex2007 [7c Jh]
Barrospe: calls $0.02
Gust4v0_7: folds 
bubutos69: raises $0.06 to $0.08
Char P-3: folds 
fuealejandro: folds 
EviLCordes: calls $0.08
CasObserver: folds 
Dorex2007: folds 
Barrospe: calls $0.06
*** FLOP *** [8h Th 6s]
Barrospe: bets $0.04
bubutos69: raises $0.10 to $0.14
EviLCordes: folds 
Barrospe: calls $0.10
*** TURN *** [8h Th 6s] [Ks]
Barrospe: checks 
bubutos69: checks 
*** RIVER *** [8h Th 6s Ks] [5c]
Barrospe: bets $1.70 and is all-in
bubutos69: folds 
Uncalled bet ($1.70) returned to Barrospe
Barrospe collected $0.53 from pot
*** SUMMARY ***
Total pot $0.55 | Rake $0.02 
Board [8h Th 6s Ks 5c]
Seat 1: Gust4v0_7 folded before Flop (didn't bet)
Seat 2: bubutos69 folded on the River
Seat 3: Char P-3 folded before Flop (didn't bet)
Seat 4: fuealejandro folded before Flop (didn't bet)
Seat 5: EviLCordes (button) folded on the Flop
Seat 6: CasObserver (small blind) folded before Flop
Seat 7: Dorex2007 (big blind) folded before Flop
Seat 8: Barrospe collected ($0.53)



PokerStars Hand #237324892618:  Hold'em No Limit ($0.01/$0.02 USD) - 2022/07/12 16:38:36 PT [2022/07/12 19:38:36 ET]
Table 'Wirt II' 9-max Seat #6 is the button
Seat 1: Gust4v0_7 ($0.62 in chips) 
Seat 2: bubutos69 ($2.89 in chips) 
Seat 3: Char P-3 ($1 in chips) 
Seat 4: fuealejandro ($2 in chips) 
Seat 5: EviLCordes ($0.69 in chips) 
Seat 6: CasObserver ($1.48 in chips) 
Seat 7: Dorex2007 ($2 in chips) 
Seat 8: Barrospe ($2.23 in chips) 
Dorex2007: posts small blind $0.01
Barrospe: posts big blind $0.02
*** HOLE CARDS ***
Dealt to Dorex2007 [6c Jd]
Gust4v0_7: folds 
bubutos69: raises $0.04 to $0.06
Char P-3: folds 
fuealejandro: folds 
EviLCordes: folds 
CasObserver: folds 
Dorex2007: folds 
Barrospe: folds 
Uncalled bet ($0.04) returned to bubutos69
bubutos69 collected $0.05 from pot
*** SUMMARY ***
Total pot $0.05 | Rake $0 
Seat 1: Gust4v0_7 folded before Flop (didn't bet)
Seat 2: bubutos69 collected ($0.05)
Seat 3: Char P-3 folded before Flop (didn't bet)
Seat 4: fuealejandro folded before Flop (didn't bet)
Seat 5: EviLCordes folded before Flop (didn't bet)
Seat 6: CasObserver (button) folded before Flop (didn't bet)
Seat 7: Dorex2007 (small blind) folded before Flop
Seat 8: Barrospe (big blind) folded before Flop



PokerStars Hand #237324896921:  Hold'em No Limit ($0.01/$0.02 USD) - 2022/07/12 16:38:52 PT [2022/07/12 19:38:52 ET]
Table 'Wirt II' 9-max Seat #7 is the button
Seat 1: Gust4v0_7 ($0.62 in chips) 
Seat 2: bubutos69 ($2.92 in chips) 
Seat 3: Char P-3 ($1 in chips) 
Seat 4: fuealejandro ($2 in chips) 
Seat 5: EviLCordes ($0.69 in chips) 
Seat 6: CasObserver ($1.48 in chips) 
Seat 7: Dorex2007 ($2 in chips) 
Seat 8: Barrospe ($2.21 in chips) 
Barrospe: posts small blind $0.01
Gust4v0_7: posts big blind $0.02
*** HOLE CARDS ***
Dealt to Dorex2007 [2d 3s]
bubutos69: raises $0.04 to $0.06
Char P-3: folds 
fuealejandro: folds 
EviLCordes: folds 
CasObserver: folds 
Dorex2007: folds 
Barrospe: folds 
Gust4v0_7: calls $0.04
*** FLOP *** [Ad 4h 9h]
Gust4v0_7: checks 
bubutos69: bets $0.08
Gust4v0_7: folds 
Uncalled bet ($0.08) returned to bubutos69
bubutos69 collected $0.13 from pot
*** SUMMARY ***
Total pot $0.13 | Rake $0 
Board [Ad 4h 9h]
Seat 1: Gust4v0_7 (big blind) folded on the Flop
Seat 2: bubutos69 collected ($0.13)
Seat 3: Char P-3 folded before Flop (didn't bet)
Seat 4: fuealejandro folded before Flop (didn't bet)
Seat 5: EviLCordes folded before Flop (didn't bet)
Seat 6: CasObserver folded before Flop (didn't bet)
Seat 7: Dorex2007 (button) folded before Flop (didn't bet)
Seat 8: Barrospe (small blind) folded before Flop



PokerStars Hand #237324906633:  Hold'em No Limit ($0.01/$0.02 USD) - 2022/07/12 16:39:30 PT [2022/07/12 19:39:30 ET]
Table 'Wirt II' 9-max Seat #8 is the button
Seat 1: Gust4v0_7 ($0.56 in chips) 
Seat 2: bubutos69 ($2.99 in chips) 
Seat 3: Char P-3 ($1 in chips) 
Seat 4: fuealejandro ($2 in chips) 
Seat 5: EviLCordes ($0.69 in chips) 
Seat 6: CasObserver ($1.48 in chips) 
Seat 7: Dorex2007 ($2 in chips) 
Seat 8: Barrospe ($2.20 in chips) 
Gust4v0_7: posts small blind $0.01
bubutos69: posts big blind $0.02
*** HOLE CARDS ***
Dealt to Dorex2007 [Qc 6c]
Char P-3: folds 
fuealejandro: folds 
EviLCordes: folds 
CasObserver: folds 
Dorex2007: folds 
Barrospe: folds 
Gust4v0_7: calls $0.01
bubutos69: raises $0.04 to $0.06
Gust4v0_7: calls $0.04
*** FLOP *** [Qs 2d Td]
Gust4v0_7: checks 
bubutos69: bets $0.08
Gust4v0_7: raises $0.08 to $0.16
bubutos69: calls $0.08
*** TURN *** [Qs 2d Td] [Js]
Gust4v0_7: bets $0.34 and is all-in
bubutos69: calls $0.34
*** RIVER *** [Qs 2d Td Js] [8c]
*** SHOW DOWN ***
Gust4v0_7: shows [9h Ts] (a straight, Eight to Queen)
bubutos69: shows [Kc Th] (a pair of Tens)
Gust4v0_7 collected $1.08 from pot
bubutos69 cashed out the hand for $0.89 | Cash Out Fee $0.01
*** SUMMARY ***
Total pot $1.12 | Rake $0.04 
Board [Qs 2d Td Js 8c]
Seat 1: Gust4v0_7 (small blind) showed [9h Ts] and won ($1.08) with a straight, Eight to Queen
Seat 2: bubutos69 (big blind) showed [Kc Th] and lost with a pair of Tens (cashed out).
Seat 3: Char P-3 folded before Flop (didn't bet)
Seat 4: fuealejandro folded before Flop (didn't bet)
Seat 5: EviLCordes folded before Flop (didn't bet)
Seat 6: CasObserver folded before Flop (didn't bet)
Seat 7: Dorex2007 folded before Flop (didn't bet)
Seat 8: Barrospe (button) folded before Flop (didn't bet)



PokerStars Hand #237324931062:  Hold'em No Limit ($0.01/$0.02 USD) - 2022/07/12 16:41:07 PT [2022/07/12 19:41:07 ET]
Table 'Wirt II' 9-max Seat #1 is the button
Seat 1: Gust4v0_7 ($1.08 in chips) 
Seat 2: bubutos69 ($3.32 in chips) 
Seat 3: Char P-3 ($1 in chips) 
Seat 4: fuealejandro ($2 in chips) 
Seat 5: EviLCordes ($0.69 in chips) 
Seat 6: CasObserver ($1.48 in chips) 
Seat 7: Dorex2007 ($2 in chips) 
Seat 8: Barrospe ($2.20 in chips) 
bubutos69: posts small blind $0.01
Char P-3: posts big blind $0.02
*** HOLE CARDS ***
Dealt to Dorex2007 [Th 7d]
fuealejandro: raises $0.03 to $0.05
EviLCordes: folds 
CasObserver: calls $0.05
Dorex2007: folds 
Barrospe: folds 
Gust4v0_7: folds 
bubutos69: raises $0.17 to $0.22
Char P-3: folds 
fuealejandro: folds 
CasObserver: folds 
Uncalled bet ($0.17) returned to bubutos69
bubutos69 collected $0.17 from pot
*** SUMMARY ***
Total pot $0.17 | Rake $0 
Seat 1: Gust4v0_7 (button) folded before Flop (didn't bet)
Seat 2: bubutos69 (small blind) collected ($0.17)
Seat 3: Char P-3 (big blind) folded before Flop
Seat 4: fuealejandro folded before Flop
Seat 5: EviLCordes folded before Flop (didn't bet)
Seat 6: CasObserver folded before Flop
Seat 7: Dorex2007 folded before Flop (didn't bet)
Seat 8: Barrospe folded before Flop (didn't bet)



PokerStars Hand #237324939768:  Hold'em No Limit ($0.01/$0.02 USD) - 2022/07/12 16:41:41 PT [2022/07/12 19:41:41 ET]
Table 'Wirt II' 9-max Seat #2 is the button
Seat 1: Gust4v0_7 ($1.08 in chips) 
Seat 2: bubutos69 ($3.44 in chips) 
Seat 3: Char P-3 ($0.98 in chips) 
Seat 4: fuealejandro ($1.95 in chips) 
Seat 5: EviLCordes ($1.09 in chips) 
Seat 6: CasObserver ($1.43 in chips) 
Seat 7: Dorex2007 ($2 in chips) 
Seat 8: Barrospe ($2.20 in chips) 
Char P-3: posts small blind $0.01
fuealejandro: posts big blind $0.02
*** HOLE CARDS ***
Dealt to Dorex2007 [Td 8c]
EviLCordes: calls $0.02
CasObserver: folds 
Dorex2007: folds 
Barrospe: raises $0.12 to $0.14
Gust4v0_7: folds 
bubutos69: folds 
Char P-3: folds 
fuealejandro: folds 
EviLCordes: folds 
Uncalled bet ($0.12) returned to Barrospe
Barrospe collected $0.07 from pot
*** SUMMARY ***
Total pot $0.07 | Rake $0 
Seat 1: Gust4v0_7 folded before Flop (didn't bet)
Seat 2: bubutos69 (button) folded before Flop (didn't bet)
Seat 3: Char P-3 (small blind) folded before Flop
Seat 4: fuealejandro (big blind) folded before Flop
Seat 5: EviLCordes folded before Flop
Seat 6: CasObserver folded before Flop (didn't bet)
Seat 7: Dorex2007 folded before Flop (didn't bet)
Seat 8: Barrospe collected ($0.07)



PokerStars Hand #237324946477:  Hold'em No Limit ($0.01/$0.02 USD) - 2022/07/12 16:42:07 PT [2022/07/12 19:42:07 ET]
Table 'Wirt II' 9-max Seat #3 is the button
Seat 1: Gust4v0_7 ($1.08 in chips) 
Seat 2: bubutos69 ($3.44 in chips) 
Seat 3: Char P-3 ($0.97 in chips) 
Seat 4: fuealejandro ($1.93 in chips) 
Seat 5: EviLCordes ($1.07 in chips) 
Seat 6: CasObserver ($1.43 in chips) 
Seat 7: Dorex2007 ($2 in chips) 
Seat 8: Barrospe ($2.25 in chips) 
fuealejandro: posts small blind $0.01
EviLCordes: posts big blind $0.02
*** HOLE CARDS ***
Dealt to Dorex2007 [9c 7h]
CasObserver has timed out
CasObserver: folds 
Dorex2007: folds 
Barrospe: folds 
Gust4v0_7: folds 
bubutos69: folds 
Char P-3: folds 
fuealejandro: raises $0.04 to $0.06
EviLCordes: folds 
Uncalled bet ($0.04) returned to fuealejandro
fuealejandro collected $0.04 from pot
*** SUMMARY ***
Total pot $0.04 | Rake $0 
Seat 1: Gust4v0_7 folded before Flop (didn't bet)
Seat 2: bubutos69 folded before Flop (didn't bet)
Seat 3: Char P-3 (button) folded before Flop (didn't bet)
Seat 4: fuealejandro (small blind) collected ($0.04)
Seat 5: EviLCordes (big blind) folded before Flop
Seat 6: CasObserver folded before Flop (didn't bet)
Seat 7: Dorex2007 folded before Flop (didn't bet)
Seat 8: Barrospe folded before Flop (didn't bet)



PokerStars Hand #237324953597:  Hold'em No Limit ($0.01/$0.02 USD) - 2022/07/12 16:42:35 PT [2022/07/12 19:42:35 ET]
Table 'Wirt II' 9-max Seat #4 is the button
Seat 1: Gust4v0_7 ($1.08 in chips) 
Seat 2: bubutos69 ($3.44 in chips) 
Seat 3: Char P-3 ($0.97 in chips) 
Seat 4: fuealejandro ($1.95 in chips) 
Seat 5: EviLCordes ($1.05 in chips) 
Seat 7: Dorex2007 ($2 in chips) 
Seat 8: Barrospe ($2.25 in chips) 
EviLCordes: posts small blind $0.01
Dorex2007: posts big blind $0.02
*** HOLE CARDS ***
Dealt to Dorex2007 [7d 4h]
Barrospe: calls $0.02
Gust4v0_7: calls $0.02
bubutos69: folds 
Char P-3: folds 
CasObserver leaves the table
fuealejandro: folds 
EviLCordes: folds 
Dorex2007: checks 
*** FLOP *** [2s 4s 9d]
Dorex2007: checks 
Barrospe: bets $0.06
Gust4v0_7: calls $0.06
Dorex2007: folds 
*** TURN *** [2s 4s 9d] [Ad]
Barrospe: checks 
PatrickJ2008 joins the table at seat #6 
Gust4v0_7: checks 
*** RIVER *** [2s 4s 9d Ad] [Kh]
Barrospe: bets $0.10
Gust4v0_7: folds 
Uncalled bet ($0.10) returned to Barrospe
Barrospe collected $0.18 from pot
*** SUMMARY ***
Total pot $0.19 | Rake $0.01 
Board [2s 4s 9d Ad Kh]
Seat 1: Gust4v0_7 folded on the River
Seat 2: bubutos69 folded before Flop (didn't bet)
Seat 3: Char P-3 folded before Flop (didn't bet)
Seat 4: fuealejandro (button) folded before Flop (didn't bet)
Seat 5: EviLCordes (small blind) folded before Flop
Seat 7: Dorex2007 (big blind) folded on the Flop
Seat 8: Barrospe collected ($0.18)



PokerStars Hand #237324967901:  Hold'em No Limit ($0.01/$0.02 USD) - 2022/07/12 16:43:21 PT [2022/07/12 19:43:21 ET]
Table 'Wirt II' 9-max Seat #5 is the button
Seat 1: Gust4v0_7 ($1 in chips) 
Seat 2: bubutos69 ($3.44 in chips) 
Seat 3: Char P-3 ($0.97 in chips) 
Seat 4: fuealejandro ($1.95 in chips) 
Seat 5: EviLCordes ($1.04 in chips) 
Seat 7: Dorex2007 ($2 in chips) 
Seat 8: Barrospe ($2.35 in chips) 
Dorex2007: posts small blind $0.01
Barrospe: posts big blind $0.02
*** HOLE CARDS ***
Dealt to Dorex2007 [2h 2d]
Gust4v0_7: folds 
bubutos69: raises $0.04 to $0.06
Char P-3: calls $0.06
fuealejandro: folds 
EviLCordes: folds 
Dorex2007: folds 
Barrospe: calls $0.04
*** FLOP *** [Qs 3h 5d]
Barrospe: checks 
bubutos69: checks 
Char P-3: checks 
*** TURN *** [Qs 3h 5d] [2c]
Barrospe: bets $0.14
bubutos69: calls $0.14
Char P-3: folds 
*** RIVER *** [Qs 3h 5d 2c] [Th]
Barrospe: checks 
bubutos69: checks 
*** SHOW DOWN ***
Barrospe: shows [Ac Jc] (high card Ace)
bubutos69: shows [4c 4h] (a pair of Fours)
bubutos69 collected $0.45 from pot
*** SUMMARY ***
Total pot $0.47 | Rake $0.02 
Board [Qs 3h 5d 2c Th]
Seat 1: Gust4v0_7 folded before Flop (didn't bet)
Seat 2: bubutos69 showed [4c 4h] and won ($0.45) with a pair of Fours
Seat 3: Char P-3 folded on the Turn
Seat 4: fuealejandro folded before Flop (didn't bet)
Seat 5: EviLCordes (button) folded before Flop (didn't bet)
Seat 7: Dorex2007 (small blind) folded before Flop
Seat 8: Barrospe (big blind) showed [Ac Jc] and lost with high card Ace



PokerStars Hand #237324980973:  Hold'em No Limit ($0.01/$0.02 USD) - 2022/07/12 16:44:13 PT [2022/07/12 19:44:13 ET]
Table 'Wirt II' 9-max Seat #7 is the button
Seat 1: Gust4v0_7 ($1 in chips) 
Seat 2: bubutos69 ($3.69 in chips) 
Seat 3: Char P-3 ($0.91 in chips) 
Seat 4: fuealejandro ($1.95 in chips) 
Seat 5: EviLCordes ($1.04 in chips) 
Seat 7: Dorex2007 ($2 in chips) 
Seat 8: Barrospe ($2.15 in chips) 
Barrospe: posts small blind $0.01
Gust4v0_7: posts big blind $0.02
PatrickJ2008: sits out 
*** HOLE CARDS ***
Dealt to Dorex2007 [Qs 2c]
bubutos69: calls $0.02
Char P-3: folds 
fuealejandro: folds 
EviLCordes: folds 
Dorex2007: folds 
Barrospe: calls $0.01
Gust4v0_7: checks 
*** FLOP *** [Ah 8c 8h]
Barrospe: checks 
Gust4v0_7: checks 
bubutos69: bets $0.06
Barrospe: calls $0.06
Gust4v0_7: folds 
*** TURN *** [Ah 8c 8h] [3d]
Barrospe: checks 
bubutos69: bets $0.14
Barrospe: calls $0.14
*** RIVER *** [Ah 8c 8h 3d] [8s]
Barrospe: checks 
bubutos69: bets $0.22
Barrospe: folds 
Uncalled bet ($0.22) returned to bubutos69
bubutos69 collected $0.44 from pot
romitob leaves the table
*** SUMMARY ***
Total pot $0.46 | Rake $0.02 
Board [Ah 8c 8h 3d 8s]
Seat 1: Gust4v0_7 (big blind) folded on the Flop
Seat 2: bubutos69 collected ($0.44)
Seat 3: Char P-3 folded before Flop (didn't bet)
Seat 4: fuealejandro folded before Flop (didn't bet)
Seat 5: EviLCordes folded before Flop (didn't bet)
Seat 7: Dorex2007 (button) folded before Flop (didn't bet)
Seat 8: Barrospe (small blind) folded on the River



PokerStars Hand #237324993800:  Hold'em No Limit ($0.01/$0.02 USD) - 2022/07/12 16:45:04 PT [2022/07/12 19:45:04 ET]
Table 'Wirt II' 9-max Seat #8 is the button
Seat 1: Gust4v0_7 ($0.98 in chips) 
Seat 2: bubutos69 ($3.91 in chips) 
Seat 3: Char P-3 ($0.91 in chips) 
Seat 4: fuealejandro ($1.95 in chips) 
Seat 5: EviLCordes ($1.04 in chips) 
Seat 6: PatrickJ2008 ($2 in chips) 
Seat 7: Dorex2007 ($2 in chips) 
Seat 8: Barrospe ($1.93 in chips) 
Gust4v0_7: posts small blind $0.01
bubutos69: posts big blind $0.02
PatrickJ2008: posts big blind $0.02
*** HOLE CARDS ***
Dealt to Dorex2007 [8c Qh]
Char P-3: folds 
fuealejandro: folds 
EviLCordes: folds 
mexicano_019 joins the table at seat #9 
PatrickJ2008: checks 
Dorex2007: folds 
Barrospe: raises $0.02 to $0.04
Gust4v0_7: folds 
bubutos69: raises $0.10 to $0.14
PatrickJ2008: folds 
Barrospe: calls $0.10
*** FLOP *** [3d Ah 8h]
bubutos69: bets $0.20
Barrospe: raises $1.59 to $1.79 and is all-in
bubutos69: calls $1.59
*** TURN *** [3d Ah 8h] [6c]
*** RIVER *** [3d Ah 8h 6c] [Jd]
*** SHOW DOWN ***
bubutos69: shows [Qs Ad] (a pair of Aces)
Barrospe: shows [Js Kh] (a pair of Jacks)
bubutos69 cashed out the hand for $3.46 | Cash Out Fee $0.03
*** SUMMARY ***
Total pot $3.89 | Rake $0.14 
Board [3d Ah 8h 6c Jd]
Seat 1: Gust4v0_7 (small blind) folded before Flop
Seat 2: bubutos69 (big blind) showed [Qs Ad] and won ($3.75) with a pair of Aces (pot not awarded as player cashed out)
Seat 3: Char P-3 folded before Flop (didn't bet)
Seat 4: fuealejandro folded before Flop (didn't bet)
Seat 5: EviLCordes folded before Flop (didn't bet)
Seat 6: PatrickJ2008 folded before Flop (didn't bet)
Seat 7: Dorex2007 folded before Flop (didn't bet)
Seat 8: Barrospe (button) showed [Js Kh] and lost with a pair of Jacks



PokerStars Hand #237325009708:  Hold'em No Limit ($0.01/$0.02 USD) - 2022/07/12 16:46:08 PT [2022/07/12 19:46:08 ET]
Table 'Wirt II' 9-max Seat #1 is the button
Seat 1: Gust4v0_7 ($0.97 in chips) 
Seat 2: bubutos69 ($5.44 in chips) 
Seat 3: Char P-3 ($0.91 in chips) 
Seat 4: fuealejandro ($1.95 in chips) 
Seat 5: EviLCordes ($1.04 in chips) 
Seat 6: PatrickJ2008 ($1.98 in chips) 
Seat 7: Dorex2007 ($2 in chips) 
bubutos69: posts small blind $0.01
Char P-3: posts big blind $0.02
mexicano_019: sits out 
*** HOLE CARDS ***
Dealt to Dorex2007 [2c 5c]
Barrospe leaves the table
fuealejandro: folds 
Zog Buster joins the table at seat #8 
EviLCordes: calls $0.02
PatrickJ2008: calls $0.02
Dorex2007: folds 
Gust4v0_7: folds 
bubutos69: raises $0.10 to $0.12
Char P-3: folds 
EviLCordes: calls $0.10
PatrickJ2008: calls $0.10
*** FLOP *** [9c 9d Qs]
bubutos69: bets $0.22
EviLCordes: calls $0.22
PatrickJ2008: folds 
*** TURN *** [9c 9d Qs] [8d]
bubutos69: bets $5.10 and is all-in
EviLCordes: calls $0.70 and is all-in
Uncalled bet ($4.40) returned to bubutos69
*** RIVER *** [9c 9d Qs 8d] [3h]
*** SHOW DOWN ***
bubutos69: shows [Ks Qh] (two pair, Queens and Nines)
EviLCordes: shows [4c 4d] (two pair, Nines and Fours)
bubutos69 cashed out the hand for $2.03 | Cash Out Fee $0.02
*** SUMMARY ***
Total pot $2.22 | Rake $0.08 
Board [9c 9d Qs 8d 3h]
Seat 1: Gust4v0_7 (button) folded before Flop (didn't bet)
Seat 2: bubutos69 (small blind) showed [Ks Qh] and won ($2.14) with two pair, Queens and Nines (pot not awarded as player cashed out)
Seat 3: Char P-3 (big blind) folded before Flop
Seat 4: fuealejandro folded before Flop (didn't bet)
Seat 5: EviLCordes showed [4c 4d] and lost with two pair, Nines and Fours
Seat 6: PatrickJ2008 folded on the Flop
Seat 7: Dorex2007 folded before Flop (didn't bet)



PokerStars Hand #237325033479:  Hold'em No Limit ($0.01/$0.02 USD) - 2022/07/12 16:47:43 PT [2022/07/12 19:47:43 ET]
Table 'Wirt II' 9-max Seat #2 is the button
Seat 1: Gust4v0_7 ($0.97 in chips) 
Seat 2: bubutos69 ($6.43 in chips) 
Seat 3: Char P-3 ($0.89 in chips) 
Seat 4: fuealejandro ($1.95 in chips) 
Seat 6: PatrickJ2008 ($1.86 in chips) 
Seat 7: Dorex2007 ($2 in chips) 
Seat 9: mexicano_019 ($1.97 in chips) 
Char P-3: posts small blind $0.01
fuealejandro: posts big blind $0.02
Zog Buster: sits out 
mexicano_019: posts big blind $0.02
*** HOLE CARDS ***
Dealt to Dorex2007 [5s 2h]
EviLCordes leaves the table
PatrickJ2008: calls $0.02
Dorex2007: folds 
mexicano_019: checks 
Gust4v0_7: folds 
bubutos69: folds 
Char P-3: calls $0.01
fuealejandro: checks 
*** FLOP *** [3c Th 3s]
Char P-3: checks 
fuealejandro: checks 
PatrickJ2008: bets $0.08
mexicano_019: folds 
Char P-3: folds 
fuealejandro: folds 
Uncalled bet ($0.08) returned to PatrickJ2008
PatrickJ2008 collected $0.08 from pot
*** SUMMARY ***
Total pot $0.08 | Rake $0 
Board [3c Th 3s]
Seat 1: Gust4v0_7 folded before Flop (didn't bet)
Seat 2: bubutos69 (button) folded before Flop (didn't bet)
Seat 3: Char P-3 (small blind) folded on the Flop
Seat 4: fuealejandro (big blind) folded on the Flop
Seat 6: PatrickJ2008 collected ($0.08)
Seat 7: Dorex2007 folded before Flop (didn't bet)
Seat 9: mexicano_019 folded on the Flop (didn't bet)



PokerStars Hand #237325044852:  Hold'em No Limit ($0.01/$0.02 USD) - 2022/07/12 16:48:29 PT [2022/07/12 19:48:29 ET]
Table 'Wirt II' 9-max Seat #3 is the button
Seat 1: Gust4v0_7 ($0.97 in chips) 
Seat 2: bubutos69 ($6.43 in chips) 
Seat 3: Char P-3 ($0.87 in chips) 
Seat 4: fuealejandro ($1.93 in chips) 
Seat 6: PatrickJ2008 ($1.92 in chips) 
Seat 7: Dorex2007 ($2 in chips) 
Seat 9: mexicano_019 ($1.95 in chips) 
fuealejandro: posts small blind $0.01
PatrickJ2008: posts big blind $0.02
Zog Buster: sits out 
*** HOLE CARDS ***
Dealt to Dorex2007 [Th 9d]
Dorex2007: folds 
mexicano_019: calls $0.02
Gust4v0_7: calls $0.02
bubutos69: folds 
Char P-3: folds 
fuealejandro: folds 
PatrickJ2008: checks 
*** FLOP *** [As Ac Kd]
PatrickJ2008: checks 
mexicano_019: checks 
Gust4v0_7: checks 
*** TURN *** [As Ac Kd] [3s]
PatrickJ2008: checks 
mexicano_019: checks 
Gust4v0_7: checks 
*** RIVER *** [As Ac Kd 3s] [Qc]
PatrickJ2008: checks 
mexicano_019: checks 
Gust4v0_7: checks 
*** SHOW DOWN ***
PatrickJ2008: shows [6h Qh] (two pair, Aces and Queens)
mexicano_019: mucks hand 
Gust4v0_7: mucks hand 
PatrickJ2008 collected $0.07 from pot
*** SUMMARY ***
Total pot $0.07 | Rake $0 
Board [As Ac Kd 3s Qc]
Seat 1: Gust4v0_7 mucked [9c 5c]
Seat 2: bubutos69 folded before Flop (didn't bet)
Seat 3: Char P-3 (button) folded before Flop (didn't bet)
Seat 4: fuealejandro (small blind) folded before Flop
Seat 6: PatrickJ2008 (big blind) showed [6h Qh] and won ($0.07) with two pair, Aces and Queens
Seat 7: Dorex2007 folded before Flop (didn't bet)
Seat 9: mexicano_019 mucked [5d 6d]



PokerStars Hand #237325070242:  Hold'em No Limit ($0.01/$0.02 USD) - 2022/07/12 16:49:32 PT [2022/07/12 19:49:32 ET]
Table 'Wirt II' 9-max Seat #4 is the button
Seat 1: Gust4v0_7 ($0.95 in chips) 
Seat 2: bubutos69 ($6.43 in chips) 
Seat 3: Char P-3 ($0.87 in chips) 
Seat 4: fuealejandro ($1.92 in chips) 
Seat 6: PatrickJ2008 ($1.97 in chips) 
Seat 7: Dorex2007 ($2 in chips) 
Seat 9: mexicano_019 ($1.93 in chips) 
PatrickJ2008: posts small blind $0.01
Dorex2007: posts big blind $0.02
Zog Buster: sits out 
*** HOLE CARDS ***
Dealt to Dorex2007 [Qc 9s]
mexicano_019: calls $0.02
Gust4v0_7: folds 
bubutos69: folds 
Char P-3: folds 
fuealejandro: folds 
PatrickJ2008: calls $0.01
Dorex2007: checks 
*** FLOP *** [4h Kh 8h]
PatrickJ2008: checks 
Dorex2007: checks 
mexicano_019: checks 
*** TURN *** [4h Kh 8h] [Jc]
PatrickJ2008: checks 
Dorex2007: checks 
mexicano_019: checks 
*** RIVER *** [4h Kh 8h Jc] [Td]
PatrickJ2008: checks 
Dorex2007: bets $0.06
mexicano_019: folds 
PatrickJ2008: folds 
Uncalled bet ($0.06) returned to Dorex2007
Dorex2007 collected $0.06 from pot
*** SUMMARY ***
Total pot $0.06 | Rake $0 
Board [4h Kh 8h Jc Td]
Seat 1: Gust4v0_7 folded before Flop (didn't bet)
Seat 2: bubutos69 folded before Flop (didn't bet)
Seat 3: Char P-3 folded before Flop (didn't bet)
Seat 4: fuealejandro (button) folded before Flop (didn't bet)
Seat 6: PatrickJ2008 (small blind) folded on the River
Seat 7: Dorex2007 (big blind) collected ($0.06)
Seat 9: mexicano_019 folded on the River



PokerStars Hand #237325093019:  Hold'em No Limit ($0.01/$0.02 USD) - 2022/07/12 16:50:34 PT [2022/07/12 19:50:34 ET]
Table 'Wirt II' 9-max Seat #6 is the button
Seat 1: Gust4v0_7 ($0.95 in chips) 
Seat 2: bubutos69 ($6.43 in chips) 
Seat 3: Char P-3 ($0.87 in chips) 
Seat 4: fuealejandro ($1.92 in chips) 
Seat 6: PatrickJ2008 ($1.95 in chips) 
Seat 7: Dorex2007 ($2.04 in chips) 
Seat 8: Zog Buster ($2 in chips) 
Seat 9: mexicano_019 ($1.91 in chips) 
Agetro joins the table at seat #5 
Dorex2007: posts small blind $0.01
Zog Buster: posts big blind $0.02
*** HOLE CARDS ***
Dealt to Dorex2007 [4d 2d]
mexicano_019: calls $0.02
Gust4v0_7: folds 
bubutos69: calls $0.02
Char P-3: folds 
fuealejandro: folds 
PatrickJ2008: folds 
Dorex2007: folds 
Zog Buster: checks 
*** FLOP *** [5d 7c Th]
Zog Buster: checks 
mexicano_019: checks 
bubutos69: checks 
*** TURN *** [5d 7c Th] [3c]
Zog Buster: checks 
mexicano_019: checks 
bubutos69: checks 
*** RIVER *** [5d 7c Th 3c] [Qd]
Zog Buster: checks 
mexicano_019: bets $0.20
bubutos69: folds 
Zog Buster: folds 
Uncalled bet ($0.20) returned to mexicano_019
mexicano_019 collected $0.07 from pot
*** SUMMARY ***
Total pot $0.07 | Rake $0 
Board [5d 7c Th 3c Qd]
Seat 1: Gust4v0_7 folded before Flop (didn't bet)
Seat 2: bubutos69 folded on the River
Seat 3: Char P-3 folded before Flop (didn't bet)
Seat 4: fuealejandro folded before Flop (didn't bet)
Seat 6: PatrickJ2008 (button) folded before Flop (didn't bet)
Seat 7: Dorex2007 (small blind) folded before Flop
Seat 8: Zog Buster (big blind) folded on the River
Seat 9: mexicano_019 collected ($0.07)



PokerStars Hand #237325109373:  Hold'em No Limit ($0.01/$0.02 USD) - 2022/07/12 16:51:40 PT [2022/07/12 19:51:40 ET]
Table 'Wirt II' 9-max Seat #7 is the button
Seat 1: Gust4v0_7 ($0.95 in chips) 
Seat 2: bubutos69 ($6.41 in chips) 
Seat 3: Char P-3 ($0.87 in chips) 
Seat 4: fuealejandro ($1.92 in chips) 
Seat 6: PatrickJ2008 ($1.95 in chips) 
Seat 7: Dorex2007 ($2.03 in chips) 
Seat 8: Zog Buster ($2 in chips) 
Seat 9: mexicano_019 ($1.96 in chips) 
Zog Buster: posts small blind $0.01
mexicano_019: posts big blind $0.02
Agetro: sits out 
*** HOLE CARDS ***
Dealt to Dorex2007 [2c Kc]
Gust4v0_7: calls $0.02
bubutos69: folds 
Char P-3: folds 
fuealejandro: folds 
PatrickJ2008: folds 
Dorex2007: folds 
Zog Buster: folds 
mexicano_019: checks 
*** FLOP *** [Jd 8h Kd]
mexicano_019: checks 
Gust4v0_7: checks 
*** TURN *** [Jd 8h Kd] [2s]
mexicano_019: checks 
Gust4v0_7: checks 
*** RIVER *** [Jd 8h Kd 2s] [5s]
mexicano_019: checks 
Gust4v0_7: checks 
*** SHOW DOWN ***
mexicano_019: shows [7h 2d] (a pair of Deuces)
Gust4v0_7: mucks hand 
mexicano_019 collected $0.05 from pot
*** SUMMARY ***
Total pot $0.05 | Rake $0 
Board [Jd 8h Kd 2s 5s]
Seat 1: Gust4v0_7 mucked [Ac 9c]
Seat 2: bubutos69 folded before Flop (didn't bet)
Seat 3: Char P-3 folded before Flop (didn't bet)
Seat 4: fuealejandro folded before Flop (didn't bet)
Seat 6: PatrickJ2008 folded before Flop (didn't bet)
Seat 7: Dorex2007 (button) folded before Flop (didn't bet)
Seat 8: Zog Buster (small blind) folded before Flop
Seat 9: mexicano_019 (big blind) showed [7h 2d] and won ($0.05) with a pair of Deuces



PokerStars Hand #237325121391:  Hold'em No Limit ($0.01/$0.02 USD) - 2022/07/12 16:52:28 PT [2022/07/12 19:52:28 ET]
Table 'Wirt II' 9-max Seat #8 is the button
Seat 1: Gust4v0_7 ($0.93 in chips) 
Seat 2: bubutos69 ($6.41 in chips) 
Seat 3: Char P-3 ($0.87 in chips) 
Seat 4: fuealejandro ($1.92 in chips) 
Seat 6: PatrickJ2008 ($1.95 in chips) 
Seat 7: Dorex2007 ($2.03 in chips) 
Seat 8: Zog Buster ($2 in chips) 
Seat 9: mexicano_019 ($1.99 in chips) 
mexicano_019: posts small blind $0.01
Gust4v0_7: posts big blind $0.02
Agetro: sits out 
*** HOLE CARDS ***
Dealt to Dorex2007 [3c Ac]
bubutos69: folds 
Char P-3: raises $0.06 to $0.08
fuealejandro: folds 
PatrickJ2008: folds 
Dorex2007: folds 
Zog Buster: folds 
mexicano_019: calls $0.07
Gust4v0_7: folds 
*** FLOP *** [2s Qh Ts]
mexicano_019: bets $0.02
Char P-3: raises $0.06 to $0.08
mexicano_019: raises $0.06 to $0.14
Char P-3: calls $0.06
*** TURN *** [2s Qh Ts] [9s]
mexicano_019: bets $0.02
Char P-3: calls $0.02
*** RIVER *** [2s Qh Ts 9s] [2d]
mexicano_019: bets $0.02
Char P-3: calls $0.02
*** SHOW DOWN ***
mexicano_019: shows [Th 8h] (two pair, Tens and Deuces)
Char P-3: mucks hand 
mexicano_019 collected $0.52 from pot
*** SUMMARY ***
Total pot $0.54 | Rake $0.02 
Board [2s Qh Ts 9s 2d]
Seat 1: Gust4v0_7 (big blind) folded before Flop
Seat 2: bubutos69 folded before Flop (didn't bet)
Seat 3: Char P-3 mucked [Ah Ks]
Seat 4: fuealejandro folded before Flop (didn't bet)
Seat 6: PatrickJ2008 folded before Flop (didn't bet)
Seat 7: Dorex2007 folded before Flop (didn't bet)
Seat 8: Zog Buster (button) folded before Flop (didn't bet)
Seat 9: mexicano_019 (small blind) showed [Th 8h] and won ($0.52) with two pair, Tens and Deuces



PokerStars Hand #237325135361:  Hold'em No Limit ($0.01/$0.02 USD) - 2022/07/12 16:53:26 PT [2022/07/12 19:53:26 ET]
Table 'Wirt II' 9-max Seat #9 is the button
Seat 1: Gust4v0_7 ($0.91 in chips) 
Seat 2: bubutos69 ($6.41 in chips) 
Seat 3: Char P-3 ($0.61 in chips) 
Seat 4: fuealejandro ($1.92 in chips) 
Seat 6: PatrickJ2008 ($1.95 in chips) 
Seat 7: Dorex2007 ($2.03 in chips) 
Seat 8: Zog Buster ($2 in chips) 
Seat 9: mexicano_019 ($2.25 in chips) 
Gust4v0_7: posts small blind $0.01
bubutos69: posts big blind $0.02
Agetro: sits out 
*** HOLE CARDS ***
Dealt to Dorex2007 [3d Th]
Char P-3: folds 
fuealejandro: raises $0.04 to $0.06
PatrickJ2008: folds 
Dorex2007: folds 
Zog Buster: folds 
mexicano_019: calls $0.06
Gust4v0_7: folds 
bubutos69: folds 
*** FLOP *** [5d Kh Jd]
fuealejandro: bets $0.10
mexicano_019: calls $0.10
*** TURN *** [5d Kh Jd] [Jh]
fuealejandro: bets $0.24
mexicano_019: folds 
Uncalled bet ($0.24) returned to fuealejandro
fuealejandro collected $0.34 from pot
*** SUMMARY ***
Total pot $0.35 | Rake $0.01 
Board [5d Kh Jd Jh]
Seat 1: Gust4v0_7 (small blind) folded before Flop
Seat 2: bubutos69 (big blind) folded before Flop
Seat 3: Char P-3 folded before Flop (didn't bet)
Seat 4: fuealejandro collected ($0.34)
Seat 6: PatrickJ2008 folded before Flop (didn't bet)
Seat 7: Dorex2007 folded before Flop (didn't bet)
Seat 8: Zog Buster folded before Flop (didn't bet)
Seat 9: mexicano_019 (button) folded on the Turn



PokerStars Hand #237325142619:  Hold'em No Limit ($0.01/$0.02 USD) - 2022/07/12 16:53:56 PT [2022/07/12 19:53:56 ET]
Table 'Wirt II' 9-max Seat #1 is the button
Seat 1: Gust4v0_7 ($0.90 in chips) 
Seat 2: bubutos69 ($6.39 in chips) 
Seat 3: Char P-3 ($0.61 in chips) 
Seat 4: fuealejandro ($2.10 in chips) 
Seat 6: PatrickJ2008 ($1.95 in chips) 
Seat 7: Dorex2007 ($2.03 in chips) 
Seat 8: Zog Buster ($2 in chips) 
Seat 9: mexicano_019 ($2.09 in chips) 
bubutos69: posts small blind $0.01
Char P-3: posts big blind $0.02
Agetro: sits out 
*** HOLE CARDS ***
Dealt to Dorex2007 [5d Kc]
fuealejandro: folds 
PatrickJ2008: folds 
Dorex2007: folds 
Zog Buster: folds 
mexicano_019: calls $0.02
Gust4v0_7: raises $0.04 to $0.06
bubutos69: raises $0.12 to $0.18
Char P-3: calls $0.16
mexicano_019: calls $0.16
Gust4v0_7: calls $0.12
*** FLOP *** [9s Td Ts]
bubutos69: bets $0.40
Char P-3: raises $0.03 to $0.43 and is all-in
mexicano_019: folds 
Gust4v0_7: folds 
bubutos69: calls $0.03
*** TURN *** [9s Td Ts] [4s]
*** RIVER *** [9s Td Ts 4s] [3h]
*** SHOW DOWN ***
bubutos69: shows [Ah As] (two pair, Aces and Tens)
Char P-3: shows [9c Tc] (a full house, Tens full of Nines)
Char P-3 collected $1.52 from pot
bubutos69 cashed out the hand for $0.14
*** SUMMARY ***
Total pot $1.58 | Rake $0.06 
Board [9s Td Ts 4s 3h]
Seat 1: Gust4v0_7 (button) folded on the Flop
Seat 2: bubutos69 (small blind) showed [Ah As] and lost with two pair, Aces and Tens (cashed out).
Seat 3: Char P-3 (big blind) showed [9c Tc] and won ($1.52) with a full house, Tens full of Nines
Seat 4: fuealejandro folded before Flop (didn't bet)
Seat 6: PatrickJ2008 folded before Flop (didn't bet)
Seat 7: Dorex2007 folded before Flop (didn't bet)
Seat 8: Zog Buster folded before Flop (didn't bet)
Seat 9: mexicano_019 folded on the Flop



PokerStars Hand #237325158731:  Hold'em No Limit ($0.01/$0.02 USD) - 2022/07/12 16:55:03 PT [2022/07/12 19:55:03 ET]
Table 'Wirt II' 9-max Seat #2 is the button
Seat 1: Gust4v0_7 ($0.72 in chips) 
Seat 2: bubutos69 ($5.92 in chips) 
Seat 3: Char P-3 ($1.52 in chips) 
Seat 4: fuealejandro ($2.10 in chips) 
Seat 6: PatrickJ2008 ($1.95 in chips) 
Seat 7: Dorex2007 ($2.03 in chips) 
Seat 8: Zog Buster ($2 in chips) 
Seat 9: mexicano_019 ($1.91 in chips) 
Char P-3: posts small blind $0.01
fuealejandro: posts big blind $0.02
Agetro: sits out 
*** HOLE CARDS ***
Dealt to Dorex2007 [Qd 5d]
PatrickJ2008: calls $0.02
Dorex2007: folds 
Zog Buster: folds 
mexicano_019: calls $0.02
Gust4v0_7: folds 
bubutos69: raises $0.10 to $0.12
Char P-3: folds 
fuealejandro: folds 
PatrickJ2008: calls $0.10
mexicano_019: calls $0.10
*** FLOP *** [4h 6d Th]
PatrickJ2008: checks 
mexicano_019: checks 
bubutos69: bets $0.24
PatrickJ2008: folds 
mexicano_019: folds 
Uncalled bet ($0.24) returned to bubutos69
bubutos69 collected $0.38 from pot
*** SUMMARY ***
Total pot $0.39 | Rake $0.01 
Board [4h 6d Th]
Seat 1: Gust4v0_7 folded before Flop (didn't bet)
Seat 2: bubutos69 (button) collected ($0.38)
Seat 3: Char P-3 (small blind) folded before Flop
Seat 4: fuealejandro (big blind) folded before Flop
Seat 6: PatrickJ2008 folded on the Flop
Seat 7: Dorex2007 folded before Flop (didn't bet)
Seat 8: Zog Buster folded before Flop (didn't bet)
Seat 9: mexicano_019 folded on the Flop



PokerStars Hand #237325169908:  Hold'em No Limit ($0.01/$0.02 USD) - 2022/07/12 16:55:59 PT [2022/07/12 19:55:59 ET]
Table 'Wirt II' 9-max Seat #3 is the button
Seat 1: Gust4v0_7 ($0.72 in chips) 
Seat 2: bubutos69 ($6.18 in chips) 
Seat 3: Char P-3 ($1.51 in chips) 
Seat 4: fuealejandro ($2.08 in chips) 
Seat 5: Agetro ($2 in chips) 
Seat 6: PatrickJ2008 ($1.83 in chips) 
Seat 7: Dorex2007 ($2.03 in chips) 
Seat 8: Zog Buster ($2 in chips) 
Seat 9: mexicano_019 ($1.79 in chips) 
fuealejandro: posts small blind $0.01
Agetro: posts big blind $0.02
*** HOLE CARDS ***
Dealt to Dorex2007 [Kh Ts]
PatrickJ2008: folds 
Dorex2007: calls $0.02
Zog Buster: folds 
mexicano_019: raises $1.06 to $1.08
Gust4v0_7: folds 
bubutos69: folds 
Char P-3: folds 
fuealejandro: raises $1 to $2.08 and is all-in
Agetro: folds 
Dorex2007: folds 
mexicano_019: calls $0.71 and is all-in
Uncalled bet ($0.29) returned to fuealejandro
*** FLOP *** [5s Kd Qh]
*** TURN *** [5s Kd Qh] [Js]
*** RIVER *** [5s Kd Qh Js] [Ac]
*** SHOW DOWN ***
fuealejandro: shows [As Ad] (three of a kind, Aces)
mexicano_019: shows [3h 3c] (a pair of Threes)
fuealejandro collected $3.49 from pot
*** SUMMARY ***
Total pot $3.62 | Rake $0.13 
Board [5s Kd Qh Js Ac]
Seat 1: Gust4v0_7 folded before Flop (didn't bet)
Seat 2: bubutos69 folded before Flop (didn't bet)
Seat 3: Char P-3 (button) folded before Flop (didn't bet)
Seat 4: fuealejandro (small blind) showed [As Ad] and won ($3.49) with three of a kind, Aces
Seat 5: Agetro (big blind) folded before Flop
Seat 6: PatrickJ2008 folded before Flop (didn't bet)
Seat 7: Dorex2007 folded before Flop
Seat 8: Zog Buster folded before Flop (didn't bet)
Seat 9: mexicano_019 showed [3h 3c] and lost with a pair of Threes



PokerStars Hand #237325178440:  Hold'em No Limit ($0.01/$0.02 USD) - 2022/07/12 16:56:42 PT [2022/07/12 19:56:42 ET]
Table 'Wirt II' 9-max Seat #4 is the button
Seat 1: Gust4v0_7 ($0.72 in chips) 
Seat 2: bubutos69 ($6.18 in chips) 
Seat 3: Char P-3 ($1.51 in chips) 
Seat 4: fuealejandro ($3.78 in chips) 
Seat 5: Agetro ($1.98 in chips) 
Seat 6: PatrickJ2008 ($1.83 in chips) 
Seat 7: Dorex2007 ($2.01 in chips) 
Seat 8: Zog Buster ($2 in chips) 
Agetro: posts small blind $0.01
PatrickJ2008: posts big blind $0.02
*** HOLE CARDS ***
Dealt to Dorex2007 [2h Tc]
Dorex2007: folds 
Zog Buster: folds 
Gust4v0_7: raises $0.04 to $0.06
bubutos69: folds 
Char P-3: calls $0.06
fuealejandro: folds 
Agetro: folds 
PatrickJ2008: calls $0.04
*** FLOP *** [7h As 5c]
PatrickJ2008: checks 
mexicano_019 is disconnected 
Gust4v0_7: bets $0.09
Char P-3: calls $0.09
PatrickJ2008: calls $0.09
*** TURN *** [7h As 5c] [7d]
PatrickJ2008: checks 
Gust4v0_7: bets $0.18
Char P-3: folds 
PatrickJ2008: calls $0.18
*** RIVER *** [7h As 5c 7d] [3s]
PatrickJ2008: bets $0.39
Gust4v0_7: calls $0.39 and is all-in
*** SHOW DOWN ***
PatrickJ2008: shows [Js 7c] (three of a kind, Sevens)
Gust4v0_7: shows [Jd Ac] (two pair, Aces and Sevens)
PatrickJ2008 collected $1.54 from pot
*** SUMMARY ***
Total pot $1.60 | Rake $0.06 
Board [7h As 5c 7d 3s]
Seat 1: Gust4v0_7 showed [Jd Ac] and lost with two pair, Aces and Sevens
Seat 2: bubutos69 folded before Flop (didn't bet)
Seat 3: Char P-3 folded on the Turn
Seat 4: fuealejandro (button) folded before Flop (didn't bet)
Seat 5: Agetro (small blind) folded before Flop
Seat 6: PatrickJ2008 (big blind) showed [Js 7c] and won ($1.54) with three of a kind, Sevens
Seat 7: Dorex2007 folded before Flop (didn't bet)
Seat 8: Zog Buster folded before Flop (didn't bet)



PokerStars Hand #237325198679:  Hold'em No Limit ($0.01/$0.02 USD) - 2022/07/12 16:58:17 PT [2022/07/12 19:58:17 ET]
Table 'Wirt II' 9-max Seat #5 is the button
Seat 2: bubutos69 ($6.18 in chips) 
Seat 3: Char P-3 ($1.36 in chips) 
Seat 4: fuealejandro ($3.78 in chips) 
Seat 5: Agetro ($1.97 in chips) 
Seat 6: PatrickJ2008 ($2.65 in chips) 
Seat 7: Dorex2007 ($2.01 in chips) 
Seat 8: Zog Buster ($2 in chips) 
PatrickJ2008: posts small blind $0.01
Dorex2007: posts big blind $0.02
*** HOLE CARDS ***
Dealt to Dorex2007 [4d Qd]
Zog Buster: folds 
bubutos69: calls $0.02
Char P-3: folds 
fuealejandro: folds 
Agetro: folds 
PatrickJ2008: folds 
Dorex2007: checks 
*** FLOP *** [As 9d 4c]
Dorex2007: checks 
bubutos69: bets $0.05
Dorex2007: folds 
Uncalled bet ($0.05) returned to bubutos69
bubutos69 collected $0.05 from pot
*** SUMMARY ***
Total pot $0.05 | Rake $0 
Board [As 9d 4c]
Seat 2: bubutos69 collected ($0.05)
Seat 3: Char P-3 folded before Flop (didn't bet)
Seat 4: fuealejandro folded before Flop (didn't bet)
Seat 5: Agetro (button) folded before Flop (didn't bet)
Seat 6: PatrickJ2008 (small blind) folded before Flop
Seat 7: Dorex2007 (big blind) folded on the Flop
Seat 8: Zog Buster folded before Flop (didn't bet)



PokerStars Hand #237325205326:  Hold'em No Limit ($0.01/$0.02 USD) - 2022/07/12 16:58:50 PT [2022/07/12 19:58:50 ET]
Table 'Wirt II' 9-max Seat #6 is the button
Seat 1: Gust4v0_7 ($0.80 in chips) 
Seat 2: bubutos69 ($6.21 in chips) 
Seat 3: Char P-3 ($1.36 in chips) 
Seat 4: fuealejandro ($3.78 in chips) 
Seat 5: Agetro ($1.97 in chips) 
Seat 6: PatrickJ2008 ($2.64 in chips) 
Seat 7: Dorex2007 ($2 in chips) 
Seat 8: Zog Buster ($2 in chips) 
Dorex2007: posts small blind $0.01
Zog Buster: posts big blind $0.02
*** HOLE CARDS ***
Dealt to Dorex2007 [3d 7s]
Gust4v0_7: folds 
bubutos69: folds 
Char P-3: calls $0.02
fuealejandro: raises $0.04 to $0.06
Agetro: folds 
PatrickJ2008: folds 
Dorex2007: folds 
Zog Buster: folds 
Char P-3: calls $0.04
*** FLOP *** [4c 7c 5h]
Char P-3: checks 
fuealejandro: checks 
*** TURN *** [4c 7c 5h] [3h]
Char P-3: checks 
fuealejandro: checks 
*** RIVER *** [4c 7c 5h 3h] [Qd]
Char P-3: checks 
fuealejandro: checks 
*** SHOW DOWN ***
Char P-3: shows [As Th] (high card Ace)
fuealejandro: mucks hand 
Char P-3 collected $0.14 from pot
*** SUMMARY ***
Total pot $0.15 | Rake $0.01 
Board [4c 7c 5h 3h Qd]
Seat 1: Gust4v0_7 folded before Flop (didn't bet)
Seat 2: bubutos69 folded before Flop (didn't bet)
Seat 3: Char P-3 showed [As Th] and won ($0.14) with high card Ace
Seat 4: fuealejandro mucked [Ks Ts]
Seat 5: Agetro folded before Flop (didn't bet)
Seat 6: PatrickJ2008 (button) folded before Flop (didn't bet)
Seat 7: Dorex2007 (small blind) folded before Flop
Seat 8: Zog Buster (big blind) folded before Flop



PokerStars Hand #237325214729:  Hold'em No Limit ($0.01/$0.02 USD) - 2022/07/12 16:59:38 PT [2022/07/12 19:59:38 ET]
Table 'Wirt II' 9-max Seat #7 is the button
Seat 1: Gust4v0_7 ($0.80 in chips) 
Seat 2: bubutos69 ($6.21 in chips) 
Seat 3: Char P-3 ($1.44 in chips) 
Seat 4: fuealejandro ($3.72 in chips) 
Seat 5: Agetro ($1.97 in chips) 
Seat 6: PatrickJ2008 ($2.64 in chips) 
Seat 7: Dorex2007 ($2 in chips) 
Seat 8: Zog Buster ($2 in chips) 
Zog Buster: posts small blind $0.01
Gust4v0_7: posts big blind $0.02
*** HOLE CARDS ***
Dealt to Dorex2007 [6h 4c]
bubutos69: folds 
Char P-3: raises $0.06 to $0.08
fuealejandro: folds 
Agetro: folds 
PatrickJ2008: folds 
Dorex2007: folds 
Zog Buster: folds 
Gust4v0_7: folds 
Uncalled bet ($0.06) returned to Char P-3
Char P-3 collected $0.05 from pot
*** SUMMARY ***
Total pot $0.05 | Rake $0 
Seat 1: Gust4v0_7 (big blind) folded before Flop
Seat 2: bubutos69 folded before Flop (didn't bet)
Seat 3: Char P-3 collected ($0.05)
Seat 4: fuealejandro folded before Flop (didn't bet)
Seat 5: Agetro folded before Flop (didn't bet)
Seat 6: PatrickJ2008 folded before Flop (didn't bet)
Seat 7: Dorex2007 (button) folded before Flop (didn't bet)
Seat 8: Zog Buster (small blind) folded before Flop



PokerStars Hand #237325222107:  Hold'em No Limit ($0.01/$0.02 USD) - 2022/07/12 17:00:15 PT [2022/07/12 20:00:15 ET]
Table 'Wirt II' 9-max Seat #8 is the button
Seat 1: Gust4v0_7 ($0.78 in chips) 
Seat 2: bubutos69 ($6.21 in chips) 
Seat 3: Char P-3 ($1.47 in chips) 
Seat 4: fuealejandro ($3.72 in chips) 
Seat 5: Agetro ($1.97 in chips) 
Seat 6: PatrickJ2008 ($2.64 in chips) 
Seat 7: Dorex2007 ($2 in chips) 
Seat 8: Zog Buster ($2 in chips) 
Gust4v0_7: posts small blind $0.01
bubutos69: posts big blind $0.02
*** HOLE CARDS ***
Dealt to Dorex2007 [3h 2d]
Char P-3: folds 
fuealejandro: folds 
Agetro: folds 
PatrickJ2008: folds 
Dorex2007: folds 
Zog Buster: folds 
Gust4v0_7: folds 
Uncalled bet ($0.01) returned to bubutos69
bubutos69 collected $0.02 from pot
*** SUMMARY ***
Total pot $0.02 | Rake $0 
Seat 1: Gust4v0_7 (small blind) folded before Flop
Seat 2: bubutos69 (big blind) collected ($0.02)
Seat 3: Char P-3 folded before Flop (didn't bet)
Seat 4: fuealejandro folded before Flop (didn't bet)
Seat 5: Agetro folded before Flop (didn't bet)
Seat 6: PatrickJ2008 folded before Flop (didn't bet)
Seat 7: Dorex2007 folded before Flop (didn't bet)
Seat 8: Zog Buster (button) folded before Flop (didn't bet)



PokerStars Hand #237325227551:  Hold'em No Limit ($0.01/$0.02 USD) - 2022/07/12 17:00:40 PT [2022/07/12 20:00:40 ET]
Table 'Wirt II' 9-max Seat #1 is the button
Seat 1: Gust4v0_7 ($0.77 in chips) 
Seat 2: bubutos69 ($6.22 in chips) 
Seat 3: Char P-3 ($1.47 in chips) 
Seat 4: fuealejandro ($3.72 in chips) 
Seat 5: Agetro ($1.97 in chips) 
Seat 6: PatrickJ2008 ($2.64 in chips) 
Seat 7: Dorex2007 ($2 in chips) 
Seat 8: Zog Buster ($2 in chips) 
bubutos69: posts small blind $0.01
Char P-3: posts big blind $0.02
*** HOLE CARDS ***
Dealt to Dorex2007 [5h Ad]
fuealejandro: folds 
Agetro: folds 
PatrickJ2008: folds 
Dorex2007: folds 
Zog Buster: folds 
Gust4v0_7: folds 
bubutos69: raises $0.04 to $0.06
Char P-3: calls $0.04
*** FLOP *** [8c Kc 3c]
bubutos69: bets $0.06
Char P-3: calls $0.06
*** TURN *** [8c Kc 3c] [Tc]
bubutos69: bets $0.11
Char P-3: calls $0.11
*** RIVER *** [8c Kc 3c Tc] [Qs]
bubutos69: bets $0.22
Char P-3: calls $0.22
*** SHOW DOWN ***
bubutos69: shows [6s Jc] (a flush, King high)
Char P-3: mucks hand 
bubutos69 collected $0.87 from pot
*** SUMMARY ***
Total pot $0.90 | Rake $0.03 
Board [8c Kc 3c Tc Qs]
Seat 1: Gust4v0_7 (button) folded before Flop (didn't bet)
Seat 2: bubutos69 (small blind) showed [6s Jc] and won ($0.87) with a flush, King high
Seat 3: Char P-3 (big blind) mucked [Kh 8s]
Seat 4: fuealejandro folded before Flop (didn't bet)
Seat 5: Agetro folded before Flop (didn't bet)
Seat 6: PatrickJ2008 folded before Flop (didn't bet)
Seat 7: Dorex2007 folded before Flop (didn't bet)
Seat 8: Zog Buster folded before Flop (didn't bet)



PokerStars Hand #237325238443:  Hold'em No Limit ($0.01/$0.02 USD) - 2022/07/12 17:01:29 PT [2022/07/12 20:01:29 ET]
Table 'Wirt II' 9-max Seat #2 is the button
Seat 1: Gust4v0_7 ($0.77 in chips) 
Seat 2: bubutos69 ($6.64 in chips) 
Seat 3: Char P-3 ($1.02 in chips) 
Seat 4: fuealejandro ($3.72 in chips) 
Seat 5: Agetro ($1.97 in chips) 
Seat 6: PatrickJ2008 ($2.64 in chips) 
Seat 7: Dorex2007 ($2 in chips) 
Seat 8: Zog Buster ($2 in chips) 
Char P-3: posts small blind $0.01
fuealejandro: posts big blind $0.02
*** HOLE CARDS ***
Dealt to Dorex2007 [Ts Qc]
Agetro: folds 
PatrickJ2008: calls $0.02
Dorex2007: folds 
Zog Buster: folds 
Gust4v0_7: folds 
bubutos69: folds 
Char P-3: calls $0.01
fuealejandro: checks 
*** FLOP *** [Qs Ks 6s]
Char P-3: checks 
fuealejandro: bets $0.04
PatrickJ2008: folds 
Char P-3: folds 
Uncalled bet ($0.04) returned to fuealejandro
fuealejandro collected $0.06 from pot
*** SUMMARY ***
Total pot $0.06 | Rake $0 
Board [Qs Ks 6s]
Seat 1: Gust4v0_7 folded before Flop (didn't bet)
Seat 2: bubutos69 (button) folded before Flop (didn't bet)
Seat 3: Char P-3 (small blind) folded on the Flop
Seat 4: fuealejandro (big blind) collected ($0.06)
Seat 5: Agetro folded before Flop (didn't bet)
Seat 6: PatrickJ2008 folded on the Flop
Seat 7: Dorex2007 folded before Flop (didn't bet)
Seat 8: Zog Buster folded before Flop (didn't bet)



PokerStars Hand #237325253976:  Hold'em No Limit ($0.01/$0.02 USD) - 2022/07/12 17:02:35 PT [2022/07/12 20:02:35 ET]
Table 'Wirt II' 9-max Seat #3 is the button
Seat 1: Gust4v0_7 ($0.77 in chips) 
Seat 2: bubutos69 ($6.64 in chips) 
Seat 3: Char P-3 ($1 in chips) 
Seat 4: fuealejandro ($3.76 in chips) 
Seat 5: Agetro ($1.97 in chips) 
Seat 6: PatrickJ2008 ($2.62 in chips) 
Seat 7: Dorex2007 ($2 in chips) 
Seat 8: Zog Buster ($2 in chips) 
fuealejandro: posts small blind $0.01
Agetro: posts big blind $0.02
*** HOLE CARDS ***
Dealt to Dorex2007 [6h 8c]
PatrickJ2008: folds 
Dorex2007: folds 
Zog Buster: folds 
Gust4v0_7: folds 
bubutos69: raises $0.04 to $0.06
Char P-3: folds 
fuealejandro: folds 
Agetro: folds 
Uncalled bet ($0.04) returned to bubutos69
bubutos69 collected $0.05 from pot
*** SUMMARY ***
Total pot $0.05 | Rake $0 
Seat 1: Gust4v0_7 folded before Flop (didn't bet)
Seat 2: bubutos69 collected ($0.05)
Seat 3: Char P-3 (button) folded before Flop (didn't bet)
Seat 4: fuealejandro (small blind) folded before Flop
Seat 5: Agetro (big blind) folded before Flop
Seat 6: PatrickJ2008 folded before Flop (didn't bet)
Seat 7: Dorex2007 folded before Flop (didn't bet)
Seat 8: Zog Buster folded before Flop (didn't bet)



PokerStars Hand #237325258732:  Hold'em No Limit ($0.01/$0.02 USD) - 2022/07/12 17:02:55 PT [2022/07/12 20:02:55 ET]
Table 'Wirt II' 9-max Seat #4 is the button
Seat 1: Gust4v0_7 ($0.77 in chips) 
Seat 2: bubutos69 ($6.67 in chips) 
Seat 3: Char P-3 ($1 in chips) 
Seat 4: fuealejandro ($3.75 in chips) 
Seat 5: Agetro ($2 in chips) 
Seat 6: PatrickJ2008 ($2.62 in chips) 
Seat 7: Dorex2007 ($2 in chips) 
Seat 8: Zog Buster ($2 in chips) 
Agetro: posts small blind $0.01
PatrickJ2008: posts big blind $0.02
*** HOLE CARDS ***
Dealt to Dorex2007 [Tc 4d]
Dorex2007: folds 
Zog Buster: folds 
Gust4v0_7: folds 
bubutos69: folds 
Char P-3: calls $0.02
fuealejandro: folds 
Agetro: folds 
PatrickJ2008: checks 
*** FLOP *** [3s 6c 5s]
PatrickJ2008: checks 
Char P-3: checks 
*** TURN *** [3s 6c 5s] [8s]
PatrickJ2008: bets $0.04
Char P-3: folds 
Uncalled bet ($0.04) returned to PatrickJ2008
PatrickJ2008 collected $0.05 from pot
*** SUMMARY ***
Total pot $0.05 | Rake $0 
Board [3s 6c 5s 8s]
Seat 1: Gust4v0_7 folded before Flop (didn't bet)
Seat 2: bubutos69 folded before Flop (didn't bet)
Seat 3: Char P-3 folded on the Turn
Seat 4: fuealejandro (button) folded before Flop (didn't bet)
Seat 5: Agetro (small blind) folded before Flop
Seat 6: PatrickJ2008 (big blind) collected ($0.05)
Seat 7: Dorex2007 folded before Flop (didn't bet)
Seat 8: Zog Buster folded before Flop (didn't bet)



PokerStars Hand #237325271393:  Hold'em No Limit ($0.01/$0.02 USD) - 2022/07/12 17:03:49 PT [2022/07/12 20:03:49 ET]
Table 'Wirt II' 9-max Seat #5 is the button
Seat 1: Gust4v0_7 ($0.77 in chips) 
Seat 2: bubutos69 ($6.67 in chips) 
Seat 3: Char P-3 ($0.98 in chips) 
Seat 4: fuealejandro ($3.75 in chips) 
Seat 5: Agetro ($1.99 in chips) 
Seat 6: PatrickJ2008 ($2.65 in chips) 
Seat 7: Dorex2007 ($2 in chips) 
Seat 8: Zog Buster ($2 in chips) 
PatrickJ2008: posts small blind $0.01
Dorex2007: posts big blind $0.02
*** HOLE CARDS ***
Dealt to Dorex2007 [8s 2c]
Zog Buster: folds 
Gust4v0_7: raises $0.04 to $0.06
bubutos69: raises $0.12 to $0.18
Char P-3: folds 
fuealejandro: folds 
Agetro: folds 
PatrickJ2008: folds 
Dorex2007: folds 
Gust4v0_7: calls $0.12
*** FLOP *** [Qh Qc Ks]
Gust4v0_7: checks 
bubutos69: bets $0.22
Gust4v0_7: raises $0.37 to $0.59 and is all-in
bubutos69: calls $0.37
*** TURN *** [Qh Qc Ks] [Js]
*** RIVER *** [Qh Qc Ks Js] [3d]
*** SHOW DOWN ***
Gust4v0_7: shows [Qs Td] (three of a kind, Queens)
bubutos69: shows [Jd Jh] (a full house, Jacks full of Queens)
bubutos69 cashed out the hand for $0.11
*** SUMMARY ***
Total pot $1.57 | Rake $0.05 
Board [Qh Qc Ks Js 3d]
Seat 1: Gust4v0_7 showed [Qs Td] and lost with three of a kind, Queens
Seat 2: bubutos69 showed [Jd Jh] and won ($1.52) with a full house, Jacks full of Queens (pot not awarded as player cashed out)
Seat 3: Char P-3 folded before Flop (didn't bet)
Seat 4: fuealejandro folded before Flop (didn't bet)
Seat 5: Agetro (button) folded before Flop (didn't bet)
Seat 6: PatrickJ2008 (small blind) folded before Flop
Seat 7: Dorex2007 (big blind) folded before Flop
Seat 8: Zog Buster folded before Flop (didn't bet)



PokerStars Hand #237325292204:  Hold'em No Limit ($0.01/$0.02 USD) - 2022/07/12 17:04:57 PT [2022/07/12 20:04:57 ET]
Table 'Wirt II' 9-max Seat #6 is the button
Seat 2: bubutos69 ($6.01 in chips) 
Seat 3: Char P-3 ($0.98 in chips) 
Seat 4: fuealejandro ($3.75 in chips) 
Seat 5: Agetro ($1.99 in chips) 
Seat 6: PatrickJ2008 ($2.64 in chips) 
Seat 7: Dorex2007 ($2 in chips) 
Seat 8: Zog Buster ($2 in chips) 
Dorex2007: posts small blind $0.01
Zog Buster: posts big blind $0.02
*** HOLE CARDS ***
Dealt to Dorex2007 [4d 6s]
bubutos69: folds 
Char P-3: folds 
Gust4v0_7 leaves the table
fuealejandro: raises $0.03 to $0.05
Agetro: folds 
PatrickJ2008: calls $0.05
Dorex2007: folds 
Zog Buster: folds 
*** FLOP *** [Ah Ts Ac]
fuealejandro: checks 
PatrickJ2008: bets $0.04
fuealejandro: calls $0.04
*** TURN *** [Ah Ts Ac] [As]
fuealejandro: bets $0.16
PatrickJ2008: folds 
Uncalled bet ($0.16) returned to fuealejandro
fuealejandro collected $0.20 from pot
*** SUMMARY ***
Total pot $0.21 | Rake $0.01 
Board [Ah Ts Ac As]
Seat 2: bubutos69 folded before Flop (didn't bet)
Seat 3: Char P-3 folded before Flop (didn't bet)
Seat 4: fuealejandro collected ($0.20)
Seat 5: Agetro folded before Flop (didn't bet)
Seat 6: PatrickJ2008 (button) folded on the Turn
Seat 7: Dorex2007 (small blind) folded before Flop
Seat 8: Zog Buster (big blind) folded before Flop



PokerStars Hand #237325304476:  Hold'em No Limit ($0.01/$0.02 USD) - 2022/07/12 17:05:50 PT [2022/07/12 20:05:50 ET]
Table 'Wirt II' 9-max Seat #7 is the button
Seat 3: Char P-3 ($0.98 in chips) 
Seat 4: fuealejandro ($3.86 in chips) 
Seat 5: Agetro ($1.99 in chips) 
Seat 6: PatrickJ2008 ($2.55 in chips) 
Seat 7: Dorex2007 ($2 in chips) 
Seat 8: Zog Buster ($2 in chips) 
Zog Buster: posts small blind $0.01
bubutos69: is sitting out 
Char P-3: posts big blind $0.02
*** HOLE CARDS ***
Dealt to Dorex2007 [Ts 2c]
fuealejandro: folds 
Agetro: folds 
PatrickJ2008: folds 
Dorex2007: folds 
Zog Buster: raises $0.04 to $0.06
bubutos69 leaves the table
Char P-3: calls $0.04
*** FLOP *** [9s Jc 7s]
Zog Buster: checks 
Char P-3: bets $0.08
Zog Buster: calls $0.08
*** TURN *** [9s Jc 7s] [3s]
Zog Buster: checks 
Char P-3: bets $0.12
Zog Buster: folds 
Uncalled bet ($0.12) returned to Char P-3
Char P-3 collected $0.27 from pot
*** SUMMARY ***
Total pot $0.28 | Rake $0.01 
Board [9s Jc 7s 3s]
Seat 3: Char P-3 (big blind) collected ($0.27)
Seat 4: fuealejandro folded before Flop (didn't bet)
Seat 5: Agetro folded before Flop (didn't bet)
Seat 6: PatrickJ2008 folded before Flop (didn't bet)
Seat 7: Dorex2007 (button) folded before Flop (didn't bet)
Seat 8: Zog Buster (small blind) folded on the Turn



PokerStars Hand #237325314296:  Hold'em No Limit ($0.01/$0.02 USD) - 2022/07/12 17:06:32 PT [2022/07/12 20:06:32 ET]
Table 'Wirt II' 9-max Seat #8 is the button
Seat 3: Char P-3 ($1.11 in chips) 
Seat 4: fuealejandro ($3.86 in chips) 
Seat 5: Agetro ($1.99 in chips) 
Seat 6: PatrickJ2008 ($2.55 in chips) 
Seat 7: Dorex2007 ($2 in chips) 
Seat 8: Zog Buster ($2 in chips) 
Char P-3: posts small blind $0.01
fuealejandro: posts big blind $0.02
*** HOLE CARDS ***
Dealt to Dorex2007 [Td 5s]
Agetro: folds 
Marcio-Rambo joins the table at seat #1 
PatrickJ2008: folds 
Dorex2007: folds 
Zog Buster: folds 
Char P-3: raises $0.04 to $0.06
fuealejandro: folds 
Uncalled bet ($0.04) returned to Char P-3
Char P-3 collected $0.04 from pot
*** SUMMARY ***
Total pot $0.04 | Rake $0 
Seat 3: Char P-3 (small blind) collected ($0.04)
Seat 4: fuealejandro (big blind) folded before Flop
Seat 5: Agetro folded before Flop (didn't bet)
Seat 6: PatrickJ2008 folded before Flop (didn't bet)
Seat 7: Dorex2007 folded before Flop (didn't bet)
Seat 8: Zog Buster (button) folded before Flop (didn't bet)



PokerStars Hand #237325319052:  Hold'em No Limit ($0.01/$0.02 USD) - 2022/07/12 17:06:52 PT [2022/07/12 20:06:52 ET]
Table 'Wirt II' 9-max Seat #3 is the button
Seat 3: Char P-3 ($1.13 in chips) 
Seat 4: fuealejandro ($3.84 in chips) 
Seat 5: Agetro ($1.99 in chips) 
Seat 6: PatrickJ2008 ($2.55 in chips) 
Seat 7: Dorex2007 ($2 in chips) 
Seat 8: Zog Buster ($2 in chips) 
fuealejandro: posts small blind $0.01
Agetro: posts big blind $0.02
Marcio-Rambo: sits out 
*** HOLE CARDS ***
Dealt to Dorex2007 [Ks As]
PatrickJ2008: folds 
Dorex2007 has timed out
Dorex2007: folds 
Zog Buster: folds 
new_player9183 joins the table at seat #2 
Char P-3: raises $0.04 to $0.06
fuealejandro: calls $0.05
Agetro: folds 
*** FLOP *** [3s Tc Th]
mexicano_019 leaves the table
fuealejandro: checks 
Char P-3: bets $0.06
fuealejandro: calls $0.06
*** TURN *** [3s Tc Th] [3h]
fuealejandro: checks 
Char P-3: bets $0.06
fuealejandro: raises $0.10 to $0.16
Char P-3: calls $0.10
*** RIVER *** [3s Tc Th 3h] [Td]
Félix83 joins the table at seat #9 
fuealejandro: bets $0.60
Char P-3: calls $0.60
*** SHOW DOWN ***
fuealejandro: shows [Ac Ts] (four of a kind, Tens)
Char P-3: mucks hand 
fuealejandro collected $1.72 from pot
*** SUMMARY ***
Total pot $1.78 | Rake $0.06 
Board [3s Tc Th 3h Td]
Seat 3: Char P-3 (button) mucked [Qh Kh]
Seat 4: fuealejandro (small blind) showed [Ac Ts] and won ($1.72) with four of a kind, Tens
Seat 5: Agetro (big blind) folded before Flop
Seat 6: PatrickJ2008 folded before Flop (didn't bet)
Seat 7: Dorex2007 folded before Flop (didn't bet)
Seat 8: Zog Buster folded before Flop (didn't bet)



PokerStars Hand #237325334843:  Hold'em No Limit ($0.01/$0.02 USD) - 2022/07/12 17:08:00 PT [2022/07/12 20:08:00 ET]
Table 'Wirt II' 9-max Seat #4 is the button
Seat 1: Marcio-Rambo ($1.50 in chips) 
Seat 2: new_player9183 ($1.90 in chips) 
Seat 3: Char P-3 ($0.25 in chips) 
Seat 4: fuealejandro ($4.68 in chips) 
Seat 5: Agetro ($1.97 in chips) 
Seat 6: PatrickJ2008 ($2.55 in chips) 
Seat 7: Dorex2007 ($2 in chips) 
Seat 8: Zog Buster ($2 in chips) 
Seat 9: Félix83 ($0.80 in chips) 
Agetro: posts small blind $0.01
PatrickJ2008: posts big blind $0.02
Félix83: posts big blind $0.02
Marcio-Rambo: posts big blind $0.02
new_player9183: posts big blind $0.02
*** HOLE CARDS ***
Dealt to Dorex2007 [Qh 2d]
Dorex2007: folds 
Zog Buster: calls $0.02
Félix83: checks 
Marcio-Rambo: checks 
new_player9183: checks 
Char P-3: folds 
fuealejandro: folds 
Agetro: folds 
PatrickJ2008: checks 
*** FLOP *** [Ts Th 9h]
PatrickJ2008: checks 
Zog Buster: checks 
Félix83: checks 
Marcio-Rambo: checks 
new_player9183: bets $0.05
PatrickJ2008: folds 
Zog Buster: folds 
Félix83: calls $0.05
Marcio-Rambo: calls $0.05
*** TURN *** [Ts Th 9h] [7h]
Félix83: checks 
Marcio-Rambo: checks 
new_player9183: checks 
*** RIVER *** [Ts Th 9h 7h] [2s]
Félix83: checks 
Marcio-Rambo: bets $0.20
new_player9183: calls $0.20
Félix83: folds 
*** SHOW DOWN ***
Marcio-Rambo: shows [5h 6h] (a flush, Ten high)
new_player9183: mucks hand 
Marcio-Rambo collected $0.64 from pot
*** SUMMARY ***
Total pot $0.66 | Rake $0.02 
Board [Ts Th 9h 7h 2s]
Seat 1: Marcio-Rambo showed [5h 6h] and won ($0.64) with a flush, Ten high
Seat 2: new_player9183 mucked [3c Tc]
Seat 3: Char P-3 folded before Flop (didn't bet)
Seat 4: fuealejandro (button) folded before Flop (didn't bet)
Seat 5: Agetro (small blind) folded before Flop
Seat 6: PatrickJ2008 (big blind) folded on the Flop
Seat 7: Dorex2007 folded before Flop (didn't bet)
Seat 8: Zog Buster folded on the Flop
Seat 9: Félix83 folded on the River



PokerStars Hand #237325357921:  Hold'em No Limit ($0.01/$0.02 USD) - 2022/07/12 17:09:38 PT [2022/07/12 20:09:38 ET]
Table 'Wirt II' 9-max Seat #5 is the button
Seat 1: Marcio-Rambo ($1.87 in chips) 
Seat 2: new_player9183 ($1.63 in chips) 
Seat 3: Char P-3 ($0.25 in chips) 
Seat 4: fuealejandro ($4.68 in chips) 
Seat 5: Agetro ($1.96 in chips) 
Seat 6: PatrickJ2008 ($2.53 in chips) 
Seat 7: Dorex2007 ($2 in chips) 
Seat 8: Zog Buster ($2 in chips) 
Seat 9: Félix83 ($0.73 in chips) 
PatrickJ2008: posts small blind $0.01
Dorex2007: posts big blind $0.02
*** HOLE CARDS ***
Dealt to Dorex2007 [7s Kc]
Zog Buster: folds 
Félix83: folds 
Marcio-Rambo: calls $0.02
new_player9183: folds 
Char P-3: folds 
fuealejandro: folds 
Agetro: folds 
PatrickJ2008: calls $0.01
Dorex2007: checks 
*** FLOP *** [2s Jd 9d]
PatrickJ2008: checks 
Dorex2007: checks 
Marcio-Rambo: bets $0.20
PatrickJ2008: folds 
Dorex2007: folds 
Uncalled bet ($0.20) returned to Marcio-Rambo
Marcio-Rambo collected $0.06 from pot
*** SUMMARY ***
Total pot $0.06 | Rake $0 
Board [2s Jd 9d]
Seat 1: Marcio-Rambo collected ($0.06)
Seat 2: new_player9183 folded before Flop (didn't bet)
Seat 3: Char P-3 folded before Flop (didn't bet)
Seat 4: fuealejandro folded before Flop (didn't bet)
Seat 5: Agetro (button) folded before Flop (didn't bet)
Seat 6: PatrickJ2008 (small blind) folded on the Flop
Seat 7: Dorex2007 (big blind) folded on the Flop
Seat 8: Zog Buster folded before Flop (didn't bet)
Seat 9: Félix83 folded before Flop (didn't bet)



PokerStars Hand #237325375628:  Hold'em No Limit ($0.01/$0.02 USD) - 2022/07/12 17:10:54 PT [2022/07/12 20:10:54 ET]
Table 'Wirt II' 9-max Seat #6 is the button
Seat 1: Marcio-Rambo ($1.91 in chips) 
Seat 2: new_player9183 ($1.63 in chips) 
Seat 3: Char P-3 ($0.25 in chips) 
Seat 4: fuealejandro ($4.68 in chips) 
Seat 5: Agetro ($1.96 in chips) 
Seat 6: PatrickJ2008 ($2.51 in chips) 
Seat 7: Dorex2007 ($2 in chips) 
Seat 8: Zog Buster ($2 in chips) 
Seat 9: Félix83 ($0.73 in chips) 
Dorex2007: posts small blind $0.01
Zog Buster: posts big blind $0.02
*** HOLE CARDS ***
Dealt to Dorex2007 [6h 3c]
Félix83: folds 
Marcio-Rambo: folds 
new_player9183: calls $0.02
Char P-3: folds 
fuealejandro: folds 
Agetro: folds 
PatrickJ2008: calls $0.02
Dorex2007: folds 
Zog Buster: checks 
*** FLOP *** [8s 3d Ts]
Zog Buster: checks 
new_player9183: checks 
PatrickJ2008: bets $0.04
Zog Buster: calls $0.04
new_player9183: folds 
*** TURN *** [8s 3d Ts] [5c]
Zog Buster: checks 
PatrickJ2008: bets $0.06
Zog Buster: calls $0.06
*** RIVER *** [8s 3d Ts 5c] [9c]
Zog Buster: checks 
PatrickJ2008: checks 
*** SHOW DOWN ***
Zog Buster: shows [Td 6d] (a pair of Tens)
PatrickJ2008: mucks hand 
Zog Buster collected $0.26 from pot
*** SUMMARY ***
Total pot $0.27 | Rake $0.01 
Board [8s 3d Ts 5c 9c]
Seat 1: Marcio-Rambo folded before Flop (didn't bet)
Seat 2: new_player9183 folded on the Flop
Seat 3: Char P-3 folded before Flop (didn't bet)
Seat 4: fuealejandro folded before Flop (didn't bet)
Seat 5: Agetro folded before Flop (didn't bet)
Seat 6: PatrickJ2008 (button) mucked [3h 2d]
Seat 7: Dorex2007 (small blind) folded before Flop
Seat 8: Zog Buster (big blind) showed [Td 6d] and won ($0.26) with a pair of Tens
Seat 9: Félix83 folded before Flop (didn't bet)



PokerStars Hand #237325396839:  Hold'em No Limit ($0.01/$0.02 USD) - 2022/07/12 17:12:25 PT [2022/07/12 20:12:25 ET]
Table 'Wirt II' 9-max Seat #7 is the button
Seat 1: Marcio-Rambo ($1.91 in chips) 
Seat 2: new_player9183 ($1.61 in chips) 
Seat 3: Char P-3 ($0.25 in chips) 
Seat 4: fuealejandro ($4.68 in chips) 
Seat 5: Agetro ($1.96 in chips) 
Seat 6: PatrickJ2008 ($2.39 in chips) 
Seat 7: Dorex2007 ($2 in chips) 
Seat 8: Zog Buster ($2.14 in chips) 
Seat 9: Félix83 ($0.73 in chips) 
Zog Buster: posts small blind $0.01
Félix83: posts big blind $0.02
*** HOLE CARDS ***
Dealt to Dorex2007 [6s Ts]
Marcio-Rambo: folds 
new_player9183: raises $0.04 to $0.06
Char P-3: folds 
fuealejandro: folds 
Agetro: folds 
PatrickJ2008: folds 
Dorex2007: folds 
Zog Buster: calls $0.05
Félix83: folds 
*** FLOP *** [9d 2h Ah]
Zog Buster: checks 
new_player9183: bets $0.10
Zog Buster: calls $0.10
*** TURN *** [9d 2h Ah] [Qc]
Zog Buster: checks 
new_player9183: bets $0.24
Zog Buster: folds [Jd Js]
Uncalled bet ($0.24) returned to new_player9183
new_player9183 collected $0.33 from pot
*** SUMMARY ***
Total pot $0.34 | Rake $0.01 
Board [9d 2h Ah Qc]
Seat 1: Marcio-Rambo folded before Flop (didn't bet)
Seat 2: new_player9183 collected ($0.33)
Seat 3: Char P-3 folded before Flop (didn't bet)
Seat 4: fuealejandro folded before Flop (didn't bet)
Seat 5: Agetro folded before Flop (didn't bet)
Seat 6: PatrickJ2008 folded before Flop (didn't bet)
Seat 7: Dorex2007 (button) folded before Flop (didn't bet)
Seat 8: Zog Buster (small blind) folded on the Turn
Seat 9: Félix83 (big blind) folded before Flop



PokerStars Hand #237325412073:  Hold'em No Limit ($0.01/$0.02 USD) - 2022/07/12 17:13:21 PT [2022/07/12 20:13:21 ET]
Table 'Wirt II' 9-max Seat #8 is the button
Seat 1: Marcio-Rambo ($1.91 in chips) 
Seat 2: new_player9183 ($1.78 in chips) 
Seat 3: Char P-3 ($0.25 in chips) 
Seat 4: fuealejandro ($4.68 in chips) 
Seat 5: Agetro ($1.96 in chips) 
Seat 6: PatrickJ2008 ($2.39 in chips) 
Seat 7: Dorex2007 ($2 in chips) 
Seat 8: Zog Buster ($2 in chips) 
Seat 9: Félix83 ($0.71 in chips) 
Félix83: posts small blind $0.01
Marcio-Rambo: posts big blind $0.02
*** HOLE CARDS ***
Dealt to Dorex2007 [Ad 4h]
new_player9183: folds 
Char P-3: folds 
fuealejandro: raises $0.03 to $0.05
Agetro: folds 
PatrickJ2008: folds 
Dorex2007: folds 
Zog Buster: folds 
Félix83: folds 
Marcio-Rambo: calls $0.03
*** FLOP *** [Td 3s Qs]
Marcio-Rambo: checks 
fuealejandro: bets $0.08
Marcio-Rambo: folds 
Uncalled bet ($0.08) returned to fuealejandro
fuealejandro collected $0.11 from pot
*** SUMMARY ***
Total pot $0.11 | Rake $0 
Board [Td 3s Qs]
Seat 1: Marcio-Rambo (big blind) folded on the Flop
Seat 2: new_player9183 folded before Flop (didn't bet)
Seat 3: Char P-3 folded before Flop (didn't bet)
Seat 4: fuealejandro collected ($0.11)
Seat 5: Agetro folded before Flop (didn't bet)
Seat 6: PatrickJ2008 folded before Flop (didn't bet)
Seat 7: Dorex2007 folded before Flop (didn't bet)
Seat 8: Zog Buster (button) folded before Flop (didn't bet)
Seat 9: Félix83 (small blind) folded before Flop



PokerStars Hand #237325426782:  Hold'em No Limit ($0.01/$0.02 USD) - 2022/07/12 17:14:25 PT [2022/07/12 20:14:25 ET]
Table 'Wirt II' 9-max Seat #9 is the button
Seat 1: Marcio-Rambo ($1.86 in chips) 
Seat 2: new_player9183 ($1.78 in chips) 
Seat 3: Char P-3 ($0.25 in chips) 
Seat 4: fuealejandro ($4.74 in chips) 
Seat 5: Agetro ($1.96 in chips) 
Seat 6: PatrickJ2008 ($2.39 in chips) 
Seat 7: Dorex2007 ($2 in chips) 
Seat 8: Zog Buster ($2 in chips) 
Seat 9: Félix83 ($0.70 in chips) 
Marcio-Rambo: posts small blind $0.01
new_player9183: posts big blind $0.02
*** HOLE CARDS ***
Dealt to Dorex2007 [9d Qh]
Char P-3: folds 
fuealejandro: folds 
Agetro: folds 
PatrickJ2008: calls $0.02
Dorex2007: folds 
Zog Buster: folds 
Félix83: folds 
Marcio-Rambo: calls $0.01
new_player9183: checks 
*** FLOP *** [As 8c Kc]
Marcio-Rambo: checks 
new_player9183: checks 
PatrickJ2008: bets $0.04
Marcio-Rambo: folds 
new_player9183: folds 
Uncalled bet ($0.04) returned to PatrickJ2008
PatrickJ2008 collected $0.06 from pot
*** SUMMARY ***
Total pot $0.06 | Rake $0 
Board [As 8c Kc]
Seat 1: Marcio-Rambo (small blind) folded on the Flop
Seat 2: new_player9183 (big blind) folded on the Flop
Seat 3: Char P-3 folded before Flop (didn't bet)
Seat 4: fuealejandro folded before Flop (didn't bet)
Seat 5: Agetro folded before Flop (didn't bet)
Seat 6: PatrickJ2008 collected ($0.06)
Seat 7: Dorex2007 folded before Flop (didn't bet)
Seat 8: Zog Buster folded before Flop (didn't bet)
Seat 9: Félix83 (button) folded before Flop (didn't bet)



PokerStars Hand #237325437410:  Hold'em No Limit ($0.01/$0.02 USD) - 2022/07/12 17:15:11 PT [2022/07/12 20:15:11 ET]
Table 'Wirt II' 9-max Seat #1 is the button
Seat 1: Marcio-Rambo ($1.84 in chips) 
Seat 2: new_player9183 ($1.76 in chips) 
Seat 3: Char P-3 ($0.25 in chips) 
Seat 4: fuealejandro ($4.74 in chips) 
Seat 5: Agetro ($1.96 in chips) 
Seat 6: PatrickJ2008 ($2.43 in chips) 
Seat 7: Dorex2007 ($2 in chips) 
Seat 8: Zog Buster ($2 in chips) 
Seat 9: Félix83 ($0.70 in chips) 
new_player9183: posts small blind $0.01
Char P-3: posts big blind $0.02
*** HOLE CARDS ***
Dealt to Dorex2007 [Ad 2d]
fuealejandro: folds 
Agetro: raises $0.04 to $0.06
PatrickJ2008: folds 
Dorex2007: folds 
Zog Buster: folds 
Félix83: calls $0.06
Marcio-Rambo: folds 
new_player9183: folds 
Char P-3: folds 
*** FLOP *** [Jh 8c 6h]
Agetro: checks 
Félix83: checks 
*** TURN *** [Jh 8c 6h] [9d]
Agetro: checks 
Félix83: checks 
*** RIVER *** [Jh 8c 6h 9d] [7c]
Agetro: checks 
Félix83: bets $0.07
Agetro: folds 
Uncalled bet ($0.07) returned to Félix83
Félix83 collected $0.14 from pot
*** SUMMARY ***
Total pot $0.15 | Rake $0.01 
Board [Jh 8c 6h 9d 7c]
Seat 1: Marcio-Rambo (button) folded before Flop (didn't bet)
Seat 2: new_player9183 (small blind) folded before Flop
Seat 3: Char P-3 (big blind) folded before Flop
Seat 4: fuealejandro folded before Flop (didn't bet)
Seat 5: Agetro folded on the River
Seat 6: PatrickJ2008 folded before Flop (didn't bet)
Seat 7: Dorex2007 folded before Flop (didn't bet)
Seat 8: Zog Buster folded before Flop (didn't bet)
Seat 9: Félix83 collected ($0.14)



PokerStars Hand #237325453155:  Hold'em No Limit ($0.01/$0.02 USD) - 2022/07/12 17:16:20 PT [2022/07/12 20:16:20 ET]
Table 'Wirt II' 9-max Seat #2 is the button
Seat 1: Marcio-Rambo ($1.84 in chips) 
Seat 2: new_player9183 ($1.75 in chips) 
Seat 3: Char P-3 ($0.23 in chips) 
Seat 4: fuealejandro ($4.74 in chips) 
Seat 5: Agetro ($2 in chips) 
Seat 6: PatrickJ2008 ($2.43 in chips) 
Seat 7: Dorex2007 ($2 in chips) 
Seat 8: Zog Buster ($2 in chips) 
Seat 9: Félix83 ($0.78 in chips) 
Char P-3: posts small blind $0.01
fuealejandro: posts big blind $0.02
*** HOLE CARDS ***
Dealt to Dorex2007 [6h 8h]
Agetro: folds 
PatrickJ2008: folds 
Dorex2007: folds 
Zog Buster: folds 
Félix83: folds 
Marcio-Rambo: folds 
new_player9183: folds 
Char P-3: folds 
Uncalled bet ($0.01) returned to fuealejandro
fuealejandro collected $0.02 from pot
*** SUMMARY ***
Total pot $0.02 | Rake $0 
Seat 1: Marcio-Rambo folded before Flop (didn't bet)
Seat 2: new_player9183 (button) folded before Flop (didn't bet)
Seat 3: Char P-3 (small blind) folded before Flop
Seat 4: fuealejandro (big blind) collected ($0.02)
Seat 5: Agetro folded before Flop (didn't bet)
Seat 6: PatrickJ2008 folded before Flop (didn't bet)
Seat 7: Dorex2007 folded before Flop (didn't bet)
Seat 8: Zog Buster folded before Flop (didn't bet)
Seat 9: Félix83 folded before Flop (didn't bet)



PokerStars Hand #237325458989:  Hold'em No Limit ($0.01/$0.02 USD) - 2022/07/12 17:16:45 PT [2022/07/12 20:16:45 ET]
Table 'Wirt II' 9-max Seat #3 is the button
Seat 1: Marcio-Rambo ($1.84 in chips) 
Seat 2: new_player9183 ($1.75 in chips) 
Seat 3: Char P-3 ($0.22 in chips) 
Seat 4: fuealejandro ($4.75 in chips) 
Seat 5: Agetro ($2 in chips) 
Seat 6: PatrickJ2008 ($2.43 in chips) 
Seat 7: Dorex2007 ($2 in chips) 
Seat 8: Zog Buster ($2 in chips) 
Seat 9: Félix83 ($0.78 in chips) 
fuealejandro: posts small blind $0.01
Agetro: posts big blind $0.02
*** HOLE CARDS ***
Dealt to Dorex2007 [6d 4d]
PatrickJ2008: folds 
Dorex2007: folds 
Zog Buster: folds 
Félix83: calls $0.02
Marcio-Rambo: calls $0.02
new_player9183: raises $0.08 to $0.10
Char P-3: folds 
fuealejandro: folds 
Agetro: folds 
Félix83: folds 
Marcio-Rambo: folds 
Uncalled bet ($0.08) returned to new_player9183
Agetro leaves the table
new_player9183 collected $0.09 from pot
*** SUMMARY ***
Total pot $0.09 | Rake $0 
Seat 1: Marcio-Rambo folded before Flop
Seat 2: new_player9183 collected ($0.09)
Seat 3: Char P-3 (button) folded before Flop (didn't bet)
Seat 4: fuealejandro (small blind) folded before Flop
Seat 5: Agetro (big blind) folded before Flop
Seat 6: PatrickJ2008 folded before Flop (didn't bet)
Seat 7: Dorex2007 folded before Flop (didn't bet)
Seat 8: Zog Buster folded before Flop (didn't bet)
Seat 9: Félix83 folded before Flop



PokerStars Hand #237325467775:  Hold'em No Limit ($0.01/$0.02 USD) - 2022/07/12 17:17:23 PT [2022/07/12 20:17:23 ET]
Table 'Wirt II' 9-max Seat #4 is the button
Seat 1: Marcio-Rambo ($1.82 in chips) 
Seat 2: new_player9183 ($1.82 in chips) 
Seat 3: Char P-3 ($0.22 in chips) 
Seat 4: fuealejandro ($4.74 in chips) 
Seat 6: PatrickJ2008 ($2.43 in chips) 
Seat 7: Dorex2007 ($2 in chips) 
Seat 8: Zog Buster ($2 in chips) 
Seat 9: Félix83 ($0.76 in chips) 
PatrickJ2008: posts small blind $0.01
Dorex2007: posts big blind $0.02
*** HOLE CARDS ***
Dealt to Dorex2007 [Ac 3s]
Zog Buster: folds 
Félix83: folds 
Marcio-Rambo: calls $0.02
new_player9183: folds 
deileon joins the table at seat #5 
Char P-3: folds 
fuealejandro: folds 
PatrickJ2008: calls $0.01
Dorex2007: checks 
*** FLOP *** [As 7c 5d]
PatrickJ2008: checks 
Dorex2007: checks 
Marcio-Rambo: checks 
*** TURN *** [As 7c 5d] [4s]
PatrickJ2008: bets $0.04
Dorex2007: folds 
Marcio-Rambo: folds 
Uncalled bet ($0.04) returned to PatrickJ2008
PatrickJ2008 collected $0.06 from pot
*** SUMMARY ***
Total pot $0.06 | Rake $0 
Board [As 7c 5d 4s]
Seat 1: Marcio-Rambo folded on the Turn
Seat 2: new_player9183 folded before Flop (didn't bet)
Seat 3: Char P-3 folded before Flop (didn't bet)
Seat 4: fuealejandro (button) folded before Flop (didn't bet)
Seat 6: PatrickJ2008 (small blind) collected ($0.06)
Seat 7: Dorex2007 (big blind) folded on the Turn
Seat 8: Zog Buster folded before Flop (didn't bet)
Seat 9: Félix83 folded before Flop (didn't bet)



PokerStars Hand #237325480235:  Hold'em No Limit ($0.01/$0.02 USD) - 2022/07/12 17:18:17 PT [2022/07/12 20:18:17 ET]
Table 'Wirt II' 9-max Seat #6 is the button
Seat 1: Marcio-Rambo ($1.80 in chips) 
Seat 2: new_player9183 ($1.82 in chips) 
Seat 3: Char P-3 ($0.22 in chips) 
Seat 4: fuealejandro ($4.74 in chips) 
Seat 6: PatrickJ2008 ($2.47 in chips) 
Seat 7: Dorex2007 ($2 in chips) 
Seat 8: Zog Buster ($2 in chips) 
Seat 9: Félix83 ($0.76 in chips) 
Dorex2007: posts small blind $0.01
Zog Buster: posts big blind $0.02
deileon: sits out 
*** HOLE CARDS ***
Dealt to Dorex2007 [7d 4h]
Félix83: calls $0.02
Marcio-Rambo: calls $0.02
new_player9183: folds 
Char P-3: folds 
fuealejandro: folds 
PatrickJ2008: folds 
Dorex2007: folds 
Zog Buster: checks 
*** FLOP *** [Kh 4s 2d]
Zog Buster: checks 
Félix83: checks 
Marcio-Rambo: checks 
*** TURN *** [Kh 4s 2d] [7s]
Zog Buster: bets $0.04
Félix83: folds 
Marcio-Rambo: folds 
Uncalled bet ($0.04) returned to Zog Buster
Zog Buster collected $0.07 from pot
*** SUMMARY ***
Total pot $0.07 | Rake $0 
Board [Kh 4s 2d 7s]
Seat 1: Marcio-Rambo folded on the Turn
Seat 2: new_player9183 folded before Flop (didn't bet)
Seat 3: Char P-3 folded before Flop (didn't bet)
Seat 4: fuealejandro folded before Flop (didn't bet)
Seat 6: PatrickJ2008 (button) folded before Flop (didn't bet)
Seat 7: Dorex2007 (small blind) folded before Flop
Seat 8: Zog Buster (big blind) collected ($0.07)
Seat 9: Félix83 folded on the Turn



PokerStars Hand #237325500654:  Hold'em No Limit ($0.01/$0.02 USD) - 2022/07/12 17:19:04 PT [2022/07/12 20:19:04 ET]
Table 'Wirt II' 9-max Seat #7 is the button
Seat 1: Marcio-Rambo ($1.78 in chips) 
Seat 2: new_player9183 ($1.82 in chips) 
Seat 3: Char P-3 ($0.22 in chips) 
Seat 4: fuealejandro ($4.74 in chips) 
Seat 5: deileon ($1.60 in chips) 
Seat 6: PatrickJ2008 ($2.47 in chips) 
Seat 7: Dorex2007 ($2 in chips) 
Seat 8: Zog Buster ($2.05 in chips) 
Seat 9: Félix83 ($0.74 in chips) 
Zog Buster: posts small blind $0.01
Félix83: posts big blind $0.02
deileon: posts big blind $0.02
*** HOLE CARDS ***
Dealt to Dorex2007 [Th Qh]
Marcio-Rambo: calls $0.02
new_player9183: folds 
Char P-3: folds 
fuealejandro: folds 
deileon: checks 
PatrickJ2008: folds 
Dorex2007: calls $0.02
Zog Buster: folds 
Félix83: checks 
*** FLOP *** [As 7s 2s]
Félix83: checks 
Marcio-Rambo: bets $0.10
deileon: folds 
Dorex2007: folds 
Félix83: folds 
Uncalled bet ($0.10) returned to Marcio-Rambo
Marcio-Rambo collected $0.09 from pot
*** SUMMARY ***
Total pot $0.09 | Rake $0 
Board [As 7s 2s]
Seat 1: Marcio-Rambo collected ($0.09)
Seat 2: new_player9183 folded before Flop (didn't bet)
Seat 3: Char P-3 folded before Flop (didn't bet)
Seat 4: fuealejandro folded before Flop (didn't bet)
Seat 5: deileon folded on the Flop (didn't bet)
Seat 6: PatrickJ2008 folded before Flop (didn't bet)
Seat 7: Dorex2007 (button) folded on the Flop
Seat 8: Zog Buster (small blind) folded before Flop
Seat 9: Félix83 (big blind) folded on the Flop



PokerStars Hand #237325510387:  Hold'em No Limit ($0.01/$0.02 USD) - 2022/07/12 17:19:47 PT [2022/07/12 20:19:47 ET]
Table 'Wirt II' 9-max Seat #8 is the button
Seat 1: Marcio-Rambo ($1.85 in chips) 
Seat 2: new_player9183 ($1.82 in chips) 
Seat 3: Char P-3 ($0.22 in chips) 
Seat 4: fuealejandro ($4.74 in chips) 
Seat 5: deileon ($1.58 in chips) 
Seat 6: PatrickJ2008 ($2.47 in chips) 
Seat 7: Dorex2007 ($2 in chips) 
Seat 8: Zog Buster ($2.04 in chips) 
Seat 9: Félix83 ($0.72 in chips) 
Félix83: posts small blind $0.01
Marcio-Rambo: posts big blind $0.02
*** HOLE CARDS ***
Dealt to Dorex2007 [5s Js]
new_player9183: folds 
Char P-3: folds 
fuealejandro: folds 
deileon: folds 
PatrickJ2008: folds 
Dorex2007: folds 
Zog Buster: folds 
Félix83: calls $0.01
Marcio-Rambo: raises $0.02 to $0.04
Félix83: calls $0.02
*** FLOP *** [Ah 6d 4d]
Félix83: checks 
Marcio-Rambo: bets $0.10
Félix83: folds 
Uncalled bet ($0.10) returned to Marcio-Rambo
Marcio-Rambo collected $0.08 from pot
*** SUMMARY ***
Total pot $0.08 | Rake $0 
Board [Ah 6d 4d]
Seat 1: Marcio-Rambo (big blind) collected ($0.08)
Seat 2: new_player9183 folded before Flop (didn't bet)
Seat 3: Char P-3 folded before Flop (didn't bet)
Seat 4: fuealejandro folded before Flop (didn't bet)
Seat 5: deileon folded before Flop (didn't bet)
Seat 6: PatrickJ2008 folded before Flop (didn't bet)
Seat 7: Dorex2007 folded before Flop (didn't bet)
Seat 8: Zog Buster (button) folded before Flop (didn't bet)
Seat 9: Félix83 (small blind) folded on the Flop



PokerStars Hand #237325520603:  Hold'em No Limit ($0.01/$0.02 USD) - 2022/07/12 17:20:32 PT [2022/07/12 20:20:32 ET]
Table 'Wirt II' 9-max Seat #9 is the button
Seat 1: Marcio-Rambo ($1.89 in chips) 
Seat 2: new_player9183 ($1.82 in chips) 
Seat 3: Char P-3 ($0.22 in chips) 
Seat 4: fuealejandro ($4.74 in chips) 
Seat 5: deileon ($1.58 in chips) 
Seat 6: PatrickJ2008 ($2.47 in chips) 
Seat 7: Dorex2007 ($2 in chips) 
Seat 8: Zog Buster ($2.04 in chips) 
Seat 9: Félix83 ($0.68 in chips) 
Marcio-Rambo: posts small blind $0.01
new_player9183: posts big blind $0.02
*** HOLE CARDS ***
Dealt to Dorex2007 [Qh 6d]
Char P-3: raises $0.08 to $0.10
fuealejandro has timed out
fuealejandro: folds 
deileon: folds 
PatrickJ2008: calls $0.10
Dorex2007: folds 
Zog Buster: folds 
Félix83: folds 
Marcio-Rambo: folds 
new_player9183: folds 
*** FLOP *** [7h 3d 3s]
Char P-3: bets $0.12 and is all-in
PatrickJ2008: calls $0.12
*** TURN *** [7h 3d 3s] [Js]
*** RIVER *** [7h 3d 3s Js] [8d]
*** SHOW DOWN ***
Char P-3: shows [Ks Kc] (two pair, Kings and Threes)
PatrickJ2008: shows [Jh Jc] (a full house, Jacks full of Threes)
PatrickJ2008 collected $0.45 from pot
*** SUMMARY ***
Total pot $0.47 | Rake $0.02 
Board [7h 3d 3s Js 8d]
Seat 1: Marcio-Rambo (small blind) folded before Flop
Seat 2: new_player9183 (big blind) folded before Flop
Seat 3: Char P-3 showed [Ks Kc] and lost with two pair, Kings and Threes
Seat 4: fuealejandro folded before Flop (didn't bet)
Seat 5: deileon folded before Flop (didn't bet)
Seat 6: PatrickJ2008 showed [Jh Jc] and won ($0.45) with a full house, Jacks full of Threes
Seat 7: Dorex2007 folded before Flop (didn't bet)
Seat 8: Zog Buster folded before Flop (didn't bet)
Seat 9: Félix83 (button) folded before Flop (didn't bet)



PokerStars Hand #237325534750:  Hold'em No Limit ($0.01/$0.02 USD) - 2022/07/12 17:21:34 PT [2022/07/12 20:21:34 ET]
Table 'Wirt II' 9-max Seat #1 is the button
Seat 1: Marcio-Rambo ($1.88 in chips) 
Seat 2: new_player9183 ($1.80 in chips) 
Seat 4: fuealejandro ($4.74 in chips) 
Seat 5: deileon ($1.58 in chips) 
Seat 6: PatrickJ2008 ($2.70 in chips) 
Seat 7: Dorex2007 ($2 in chips) 
Seat 8: Zog Buster ($2.04 in chips) 
Seat 9: Félix83 ($0.68 in chips) 
new_player9183: posts small blind $0.01
fuealejandro: posts big blind $0.02
*** HOLE CARDS ***
Dealt to Dorex2007 [Qs 6c]
deileon: folds 
PatrickJ2008: folds 
Dorex2007: folds 
Zog Buster: folds 
Félix83: calls $0.02
Marcio-Rambo: raises $0.02 to $0.04
new_player9183: folds 
fuealejandro: folds 
Félix83: calls $0.02
*** FLOP *** [9d Td 5d]
Félix83: checks 
Marcio-Rambo: bets $0.10
Félix83: folds 
Uncalled bet ($0.10) returned to Marcio-Rambo
Marcio-Rambo collected $0.11 from pot
*** SUMMARY ***
Total pot $0.11 | Rake $0 
Board [9d Td 5d]
Seat 1: Marcio-Rambo (button) collected ($0.11)
Seat 2: new_player9183 (small blind) folded before Flop
Seat 4: fuealejandro (big blind) folded before Flop
Seat 5: deileon folded before Flop (didn't bet)
Seat 6: PatrickJ2008 folded before Flop (didn't bet)
Seat 7: Dorex2007 folded before Flop (didn't bet)
Seat 8: Zog Buster folded before Flop (didn't bet)
Seat 9: Félix83 folded on the Flop



PokerStars Hand #237325545086:  Hold'em No Limit ($0.01/$0.02 USD) - 2022/07/12 17:22:20 PT [2022/07/12 20:22:20 ET]
Table 'Wirt II' 9-max Seat #2 is the button
Seat 1: Marcio-Rambo ($1.95 in chips) 
Seat 2: new_player9183 ($1.79 in chips) 
Seat 4: fuealejandro ($4.72 in chips) 
Seat 5: deileon ($1.58 in chips) 
Seat 6: PatrickJ2008 ($2.70 in chips) 
Seat 7: Dorex2007 ($2 in chips) 
Seat 8: Zog Buster ($2.04 in chips) 
Seat 9: Félix83 ($0.64 in chips) 
fuealejandro: posts small blind $0.01
deileon: posts big blind $0.02
*** HOLE CARDS ***
Dealt to Dorex2007 [4c Jc]
PatrickJ2008: folds 
Char P-3 leaves the table
Dorex2007: folds 
Zog Buster: folds 
Félix83: folds 
Marcio-Rambo: folds 
new_player9183: raises $0.06 to $0.08
o'travolta joins the table at seat #3 
Marcio-Rambo is disconnected 
fuealejandro has timed out
fuealejandro: folds 
deileon: folds 
Uncalled bet ($0.06) returned to new_player9183
new_player9183 collected $0.05 from pot
*** SUMMARY ***
Total pot $0.05 | Rake $0 
Seat 1: Marcio-Rambo folded before Flop (didn't bet)
Seat 2: new_player9183 (button) collected ($0.05)
Seat 4: fuealejandro (small blind) folded before Flop
Seat 5: deileon (big blind) folded before Flop
Seat 6: PatrickJ2008 folded before Flop (didn't bet)
Seat 7: Dorex2007 folded before Flop (didn't bet)
Seat 8: Zog Buster folded before Flop (didn't bet)
Seat 9: Félix83 folded before Flop (didn't bet)



PokerStars Hand #237325566046:  Hold'em No Limit ($0.01/$0.02 USD) - 2022/07/12 17:23:32 PT [2022/07/12 20:23:32 ET]
Table 'Wirt II' 9-max Seat #5 is the button
Seat 1: Marcio-Rambo ($1.95 in chips) 
Seat 2: new_player9183 ($1.82 in chips) 
Seat 5: deileon ($1.56 in chips) 
Seat 6: PatrickJ2008 ($2.70 in chips) 
Seat 7: Dorex2007 ($2 in chips) 
Seat 8: Zog Buster ($2.04 in chips) 
Seat 9: Félix83 ($0.64 in chips) 
PatrickJ2008: posts small blind $0.01
Dorex2007: posts big blind $0.02
o'travolta has timed out
o'travolta: is sitting out 
*** HOLE CARDS ***
Dealt to Dorex2007 [3s 5h]
Zog Buster: raises $0.04 to $0.06
Félix83: folds 
o'travolta is disconnected 
Marcio-Rambo: folds 
new_player9183: folds 
deileon: folds 
PatrickJ2008: folds 
Dorex2007: folds 
Uncalled bet ($0.04) returned to Zog Buster
Zog Buster collected $0.05 from pot
*** SUMMARY ***
Total pot $0.05 | Rake $0 
Seat 1: Marcio-Rambo folded before Flop (didn't bet)
Seat 2: new_player9183 folded before Flop (didn't bet)
Seat 5: deileon (button) folded before Flop (didn't bet)
Seat 6: PatrickJ2008 (small blind) folded before Flop
Seat 7: Dorex2007 (big blind) folded before Flop
Seat 8: Zog Buster collected ($0.05)
Seat 9: Félix83 folded before Flop (didn't bet)



PokerStars Hand #237325574214:  Hold'em No Limit ($0.01/$0.02 USD) - 2022/07/12 17:24:08 PT [2022/07/12 20:24:08 ET]
Table 'Wirt II' 9-max Seat #6 is the button
Seat 1: Marcio-Rambo ($1.95 in chips) 
Seat 2: new_player9183 ($1.82 in chips) 
Seat 3: o'travolta ($1.20 in chips) 
Seat 5: deileon ($1.56 in chips) 
Seat 6: PatrickJ2008 ($2.69 in chips) 
Seat 7: Dorex2007 ($2 in chips) 
Seat 8: Zog Buster ($2.07 in chips) 
Seat 9: Félix83 ($0.64 in chips) 
Dorex2007: posts small blind $0.01
Zog Buster: posts big blind $0.02
o'travolta: posts big blind $0.02
*** HOLE CARDS ***
Dealt to Dorex2007 [Qc Js]
Félix83: folds 
Marcio-Rambo: folds 
new_player9183: folds 
o'travolta: checks 
deileon: folds 
PatrickJ2008: calls $0.02
Dorex2007: calls $0.01
Zog Buster: checks 
*** FLOP *** [Ah 9c 2c]
Dorex2007: checks 
Zog Buster: bets $0.06
o'travolta: folds 
PatrickJ2008: folds 
Dorex2007: folds 
Uncalled bet ($0.06) returned to Zog Buster
Zog Buster collected $0.08 from pot
*** SUMMARY ***
Total pot $0.08 | Rake $0 
Board [Ah 9c 2c]
Seat 1: Marcio-Rambo folded before Flop (didn't bet)
Seat 2: new_player9183 folded before Flop (didn't bet)
Seat 3: o'travolta folded on the Flop (didn't bet)
Seat 5: deileon folded before Flop (didn't bet)
Seat 6: PatrickJ2008 (button) folded on the Flop
Seat 7: Dorex2007 (small blind) folded on the Flop
Seat 8: Zog Buster (big blind) collected ($0.08)
Seat 9: Félix83 folded before Flop (didn't bet)



PokerStars Hand #237325582092:  Hold'em No Limit ($0.01/$0.02 USD) - 2022/07/12 17:24:43 PT [2022/07/12 20:24:43 ET]
Table 'Wirt II' 9-max Seat #7 is the button
Seat 1: Marcio-Rambo ($1.95 in chips) 
Seat 2: new_player9183 ($1.82 in chips) 
Seat 3: o'travolta ($1.18 in chips) 
Seat 5: deileon ($1.56 in chips) 
Seat 6: PatrickJ2008 ($2.67 in chips) 
Seat 7: Dorex2007 ($2 in chips) 
Seat 8: Zog Buster ($2.13 in chips) 
Seat 9: Félix83 ($0.64 in chips) 
Zog Buster: posts small blind $0.01
Félix83: posts big blind $0.02
*** HOLE CARDS ***
Dealt to Dorex2007 [6c Qh]
Marcio-Rambo: calls $0.02
new_player9183: folds 
o'travolta: folds 
deileon: calls $0.02
PatrickJ2008: folds 
Dorex2007: folds 
Zog Buster: folds 
Félix83: checks 
*** FLOP *** [5h 3s 8c]
fuealejandro is disconnected 
Félix83: checks 
Marcio-Rambo: checks 
deileon: bets $0.02
Félix83: calls $0.02
Marcio-Rambo: folds 
*** TURN *** [5h 3s 8c] [7c]
Félix83: checks 
new_player9183 leaves the table
deileon: checks 
*** RIVER *** [5h 3s 8c 7c] [Ah]
Félix83: bets $0.11
deileon: folds 
Uncalled bet ($0.11) returned to Félix83
Félix83 collected $0.11 from pot
*** SUMMARY ***
Total pot $0.11 | Rake $0 
Board [5h 3s 8c 7c Ah]
Seat 1: Marcio-Rambo folded on the Flop
Seat 2: new_player9183 folded before Flop (didn't bet)
Seat 3: o'travolta folded before Flop (didn't bet)
Seat 5: deileon folded on the River
Seat 6: PatrickJ2008 folded before Flop (didn't bet)
Seat 7: Dorex2007 (button) folded before Flop (didn't bet)
Seat 8: Zog Buster (small blind) folded before Flop
Seat 9: Félix83 (big blind) collected ($0.11)



PokerStars Hand #237325598305:  Hold'em No Limit ($0.01/$0.02 USD) - 2022/07/12 17:25:55 PT [2022/07/12 20:25:55 ET]
Table 'Wirt II' 9-max Seat #8 is the button
Seat 1: Marcio-Rambo ($1.93 in chips) 
Seat 3: o'travolta ($1.18 in chips) 
Seat 5: deileon ($1.52 in chips) 
Seat 6: PatrickJ2008 ($2.67 in chips) 
Seat 7: Dorex2007 ($2 in chips) 
Seat 8: Zog Buster ($2.12 in chips) 
Seat 9: Félix83 ($0.71 in chips) 
Félix83: posts small blind $0.01
Marcio-Rambo: posts big blind $0.02
*** HOLE CARDS ***
Dealt to Dorex2007 [3h Ts]
o'travolta: folds 
deileon: folds 
PatrickJ2008: folds 
Dorex2007: folds 
Zog Buster: folds 
umrsadmadman joins the table at seat #2 
Félix83: folds 
Uncalled bet ($0.01) returned to Marcio-Rambo
Marcio-Rambo collected $0.02 from pot
*** SUMMARY ***
Total pot $0.02 | Rake $0 
Seat 1: Marcio-Rambo (big blind) collected ($0.02)
Seat 3: o'travolta folded before Flop (didn't bet)
Seat 5: deileon folded before Flop (didn't bet)
Seat 6: PatrickJ2008 folded before Flop (didn't bet)
Seat 7: Dorex2007 folded before Flop (didn't bet)
Seat 8: Zog Buster (button) folded before Flop (didn't bet)
Seat 9: Félix83 (small blind) folded before Flop



PokerStars Hand #237325602566:  Hold'em No Limit ($0.01/$0.02 USD) - 2022/07/12 17:26:14 PT [2022/07/12 20:26:14 ET]
Table 'Wirt II' 9-max Seat #9 is the button
Seat 1: Marcio-Rambo ($1.94 in chips) 
Seat 2: umrsadmadman ($1.60 in chips) 
Seat 3: o'travolta ($1.18 in chips) 
Seat 5: deileon ($1.52 in chips) 
Seat 6: PatrickJ2008 ($2.67 in chips) 
Seat 7: Dorex2007 ($2 in chips) 
Seat 8: Zog Buster ($2.12 in chips) 
Seat 9: Félix83 ($0.70 in chips) 
Marcio-Rambo: posts small blind $0.01
umrsadmadman: posts big blind $0.02
*** HOLE CARDS ***
Dealt to Dorex2007 [Kh 9d]
o'travolta: calls $0.02
deileon: folds 
fuealejandro leaves the table
PatrickJ2008: calls $0.02
Dorex2007: folds 
Zog Buster: calls $0.02
Félix83: folds 
Marcio-Rambo: calls $0.01
umrsadmadman: checks 
*** FLOP *** [Ad Jc 2d]
lusizenande19 joins the table at seat #4 
Marcio-Rambo: checks 
umrsadmadman: checks 
o'travolta: checks 
PatrickJ2008: bets $0.10
Zog Buster: folds 
Marcio-Rambo: folds 
umrsadmadman: folds 
o'travolta: folds 
Uncalled bet ($0.10) returned to PatrickJ2008
PatrickJ2008 collected $0.10 from pot
*** SUMMARY ***
Total pot $0.10 | Rake $0 
Board [Ad Jc 2d]
Seat 1: Marcio-Rambo (small blind) folded on the Flop
Seat 2: umrsadmadman (big blind) folded on the Flop
Seat 3: o'travolta folded on the Flop
Seat 5: deileon folded before Flop (didn't bet)
Seat 6: PatrickJ2008 collected ($0.10)
Seat 7: Dorex2007 folded before Flop (didn't bet)
Seat 8: Zog Buster folded on the Flop
Seat 9: Félix83 (button) folded before Flop (didn't bet)



PokerStars Hand #237325626402:  Hold'em No Limit ($0.01/$0.02 USD) - 2022/07/12 17:28:02 PT [2022/07/12 20:28:02 ET]
Table 'Wirt II' 9-max Seat #1 is the button
Seat 1: Marcio-Rambo ($1.92 in chips) 
Seat 3: o'travolta ($1.16 in chips) 
Seat 4: lusizenande19 ($0.80 in chips) 
Seat 5: deileon ($1.52 in chips) 
Seat 6: PatrickJ2008 ($2.75 in chips) 
Seat 7: Dorex2007 ($2 in chips) 
Seat 8: Zog Buster ($2.10 in chips) 
Seat 9: Félix83 ($0.70 in chips) 
o'travolta: posts small blind $0.01
lusizenande19: posts big blind $0.02
*** HOLE CARDS ***
Dealt to Dorex2007 [4c 2c]
deileon: calls $0.02
PatrickJ2008: folds 
Dorex2007: folds 
Zog Buster: folds 
Félix83: calls $0.02
Marcio-Rambo: folds 
o'travolta: calls $0.01
lusizenande19: checks 
*** FLOP *** [3c 6d 7s]
o'travolta: checks 
lusizenande19: checks 
deileon: checks 
Félix83: checks 
*** TURN *** [3c 6d 7s] [6h]
o'travolta: checks 
lusizenande19: checks 
deileon: checks 
Félix83: checks 
*** RIVER *** [3c 6d 7s 6h] [9c]
o'travolta: bets $0.04
lusizenande19: calls $0.04
deileon: folds 
Félix83: folds 
*** SHOW DOWN ***
o'travolta: shows [8d Qh] (a pair of Sixes)
lusizenande19: mucks hand 
o'travolta collected $0.15 from pot
*** SUMMARY ***
Total pot $0.16 | Rake $0.01 
Board [3c 6d 7s 6h 9c]
Seat 1: Marcio-Rambo (button) folded before Flop (didn't bet)
Seat 3: o'travolta (small blind) showed [8d Qh] and won ($0.15) with a pair of Sixes
Seat 4: lusizenande19 (big blind) mucked [8s 2h]
Seat 5: deileon folded on the River
Seat 6: PatrickJ2008 folded before Flop (didn't bet)
Seat 7: Dorex2007 folded before Flop (didn't bet)
Seat 8: Zog Buster folded before Flop (didn't bet)
Seat 9: Félix83 folded on the River



PokerStars Hand #237325641611:  Hold'em No Limit ($0.01/$0.02 USD) - 2022/07/12 17:29:11 PT [2022/07/12 20:29:11 ET]
Table 'Wirt II' 9-max Seat #3 is the button
Seat 1: Marcio-Rambo ($1.92 in chips) 
Seat 3: o'travolta ($1.25 in chips) 
Seat 4: lusizenande19 ($0.74 in chips) 
Seat 5: deileon ($1.50 in chips) 
Seat 6: PatrickJ2008 ($2.75 in chips) 
Seat 7: Dorex2007 ($2 in chips) 
Seat 8: Zog Buster ($2.10 in chips) 
Seat 9: Félix83 ($0.68 in chips) 
lusizenande19: posts small blind $0.01
deileon: posts big blind $0.02
*** HOLE CARDS ***
Dealt to Dorex2007 [Ad 7s]
PatrickJ2008 has timed out
PatrickJ2008: folds 
Dorex2007: folds 
Zog Buster: folds 
Félix83: calls $0.02
Marcio-Rambo: folds 
o'travolta: calls $0.02
lusizenande19: folds 
deileon: checks 
*** FLOP *** [2c Kc Qs]
deileon: checks 
Félix83: checks 
o'travolta: bets $0.03
deileon: calls $0.03
Félix83: folds 
*** TURN *** [2c Kc Qs] [2s]
deileon: checks 
o'travolta: bets $0.13
deileon: folds 
Uncalled bet ($0.13) returned to o'travolta
o'travolta collected $0.13 from pot
*** SUMMARY ***
Total pot $0.13 | Rake $0 
Board [2c Kc Qs 2s]
Seat 1: Marcio-Rambo folded before Flop (didn't bet)
Seat 3: o'travolta (button) collected ($0.13)
Seat 4: lusizenande19 (small blind) folded before Flop
Seat 5: deileon (big blind) folded on the Turn
Seat 6: PatrickJ2008 folded before Flop (didn't bet)
Seat 7: Dorex2007 folded before Flop (didn't bet)
Seat 8: Zog Buster folded before Flop (didn't bet)
Seat 9: Félix83 folded on the Flop



PokerStars Hand #237325659418:  Hold'em No Limit ($0.01/$0.02 USD) - 2022/07/12 17:30:32 PT [2022/07/12 20:30:32 ET]
Table 'Wirt II' 9-max Seat #4 is the button
Seat 1: Marcio-Rambo ($1.92 in chips) 
Seat 2: umrsadmadman ($1.58 in chips) 
Seat 3: o'travolta ($1.33 in chips) 
Seat 4: lusizenande19 ($0.73 in chips) 
Seat 5: deileon ($1.45 in chips) 
Seat 6: PatrickJ2008 ($2.75 in chips) 
Seat 7: Dorex2007 ($2 in chips) 
Seat 8: Zog Buster ($2.10 in chips) 
Seat 9: Félix83 ($0.66 in chips) 
deileon: posts small blind $0.01
PatrickJ2008: posts big blind $0.02
umrsadmadman: posts small blind $0.01
*** HOLE CARDS ***
Dealt to Dorex2007 [8c Th]
Dorex2007: folds 
Zog Buster: raises $0.04 to $0.06
Félix83: folds 
Marcio-Rambo: folds 
umrsadmadman: folds 
o'travolta: calls $0.06
lusizenande19: calls $0.06
deileon: folds 
PatrickJ2008: folds 
*** FLOP *** [9h Ts 3s]
Zog Buster: checks 
o'travolta: bets $0.10
lusizenande19: folds 
Zog Buster: folds 
Uncalled bet ($0.10) returned to o'travolta
o'travolta collected $0.21 from pot
*** SUMMARY ***
Total pot $0.22 | Rake $0.01 
Board [9h Ts 3s]
Seat 1: Marcio-Rambo folded before Flop (didn't bet)
Seat 2: umrsadmadman folded before Flop (didn't bet)
Seat 3: o'travolta collected ($0.21)
Seat 4: lusizenande19 (button) folded on the Flop
Seat 5: deileon (small blind) folded before Flop
Seat 6: PatrickJ2008 (big blind) folded before Flop
Seat 7: Dorex2007 folded before Flop (didn't bet)
Seat 8: Zog Buster folded on the Flop
Seat 9: Félix83 folded before Flop (didn't bet)



PokerStars Hand #237325671766:  Hold'em No Limit ($0.01/$0.02 USD) - 2022/07/12 17:31:28 PT [2022/07/12 20:31:28 ET]
Table 'Wirt II' 9-max Seat #5 is the button
Seat 1: Marcio-Rambo ($1.92 in chips) 
Seat 2: umrsadmadman ($1.57 in chips) 
Seat 3: o'travolta ($1.48 in chips) 
Seat 4: lusizenande19 ($0.67 in chips) 
Seat 5: deileon ($1.44 in chips) 
Seat 6: PatrickJ2008 ($2.73 in chips) 
Seat 7: Dorex2007 ($2 in chips) 
Seat 8: Zog Buster ($2.04 in chips) 
Seat 9: Félix83 ($0.66 in chips) 
PatrickJ2008: posts small blind $0.01
Dorex2007: posts big blind $0.02
*** HOLE CARDS ***
Dealt to Dorex2007 [8c 9s]
Zog Buster: raises $0.04 to $0.06
Félix83: folds 
Marcio-Rambo: folds 
umrsadmadman: folds 
o'travolta: calls $0.06
lusizenande19: calls $0.06
deileon: folds 
PatrickJ2008: folds 
Dorex2007: folds 
*** FLOP *** [Jc Qd 8d]
Zog Buster: checks 
o'travolta: checks 
lusizenande19: checks 
*** TURN *** [Jc Qd 8d] [8h]
Zog Buster: bets $0.08
o'travolta: calls $0.08
lusizenande19: folds 
*** RIVER *** [Jc Qd 8d 8h] [2c]
Zog Buster: checks 
o'travolta: checks 
*** SHOW DOWN ***
Zog Buster: shows [Ah Ad] (two pair, Aces and Eights)
o'travolta: mucks hand 
Zog Buster collected $0.36 from pot
*** SUMMARY ***
Total pot $0.37 | Rake $0.01 
Board [Jc Qd 8d 8h 2c]
Seat 1: Marcio-Rambo folded before Flop (didn't bet)
Seat 2: umrsadmadman folded before Flop (didn't bet)
Seat 3: o'travolta mucked [Kd Qc]
Seat 4: lusizenande19 folded on the Turn
Seat 5: deileon (button) folded before Flop (didn't bet)
Seat 6: PatrickJ2008 (small blind) folded before Flop
Seat 7: Dorex2007 (big blind) folded before Flop
Seat 8: Zog Buster showed [Ah Ad] and won ($0.36) with two pair, Aces and Eights
Seat 9: Félix83 folded before Flop (didn't bet)



PokerStars Hand #237325685785:  Hold'em No Limit ($0.01/$0.02 USD) - 2022/07/12 17:32:31 PT [2022/07/12 20:32:31 ET]
Table 'Wirt II' 9-max Seat #6 is the button
Seat 1: Marcio-Rambo ($1.92 in chips) 
Seat 2: umrsadmadman ($1.57 in chips) 
Seat 3: o'travolta ($1.34 in chips) 
Seat 4: lusizenande19 ($0.61 in chips) 
Seat 5: deileon ($1.44 in chips) 
Seat 6: PatrickJ2008 ($2.72 in chips) 
Seat 7: Dorex2007 ($2 in chips) 
Seat 9: Félix83 ($0.66 in chips) 
Dorex2007: posts small blind $0.01
Zog Buster: is sitting out 
Zog Buster leaves the table
Félix83: posts big blind $0.02
*** HOLE CARDS ***
Dealt to Dorex2007 [6c Kc]
Marcio-Rambo: folds 
umrsadmadman: folds 
o'travolta: calls $0.02
lusizenande19: calls $0.02
deileon: calls $0.02
PatrickJ2008: folds 
Dorex2007: folds 
Félix83: checks 
*** FLOP *** [8h 2d 5h]
Félix83: checks 
o'travolta: checks 
marcossifu joins the table at seat #8 
lusizenande19: checks 
deileon: checks 
*** TURN *** [8h 2d 5h] [Ad]
Félix83: checks 
o'travolta: bets $0.04
lusizenande19: folds 
deileon: folds 
Félix83: folds 
Uncalled bet ($0.04) returned to o'travolta
o'travolta collected $0.09 from pot
*** SUMMARY ***
Total pot $0.09 | Rake $0 
Board [8h 2d 5h Ad]
Seat 1: Marcio-Rambo folded before Flop (didn't bet)
Seat 2: umrsadmadman folded before Flop (didn't bet)
Seat 3: o'travolta collected ($0.09)
Seat 4: lusizenande19 folded on the Turn
Seat 5: deileon folded on the Turn
Seat 6: PatrickJ2008 (button) folded before Flop (didn't bet)
Seat 7: Dorex2007 (small blind) folded before Flop
Seat 9: Félix83 (big blind) folded on the Turn



PokerStars Hand #237325697883:  Hold'em No Limit ($0.01/$0.02 USD) - 2022/07/12 17:33:24 PT [2022/07/12 20:33:24 ET]
Table 'Wirt II' 9-max Seat #7 is the button
Seat 1: Marcio-Rambo ($1.92 in chips) 
Seat 2: umrsadmadman ($1.57 in chips) 
Seat 3: o'travolta ($1.41 in chips) 
Seat 4: lusizenande19 ($0.59 in chips) 
Seat 5: deileon ($1.42 in chips) 
Seat 6: PatrickJ2008 ($2.72 in chips) 
Seat 7: Dorex2007 ($2 in chips) 
Seat 9: Félix83 ($0.64 in chips) 
Félix83: posts small blind $0.01
Marcio-Rambo: posts big blind $0.02
*** HOLE CARDS ***
Dealt to Dorex2007 [Ks 9c]
umrsadmadman: folds 
o'travolta: calls $0.02
lusizenande19: calls $0.02
deileon: folds 
PatrickJ2008: calls $0.02
Dorex2007: folds 
Félix83: calls $0.01
Marcio-Rambo: checks 
*** FLOP *** [Ah 4s 7s]
Félix83: checks 
Marcio-Rambo: checks 
o'travolta: bets $0.05
lusizenande19: folds 
PatrickJ2008: calls $0.05
Félix83: folds 
Marcio-Rambo: folds 
*** TURN *** [Ah 4s 7s] [6h]
o'travolta: bets $0.04
PatrickJ2008: calls $0.04
*** RIVER *** [Ah 4s 7s 6h] [Kc]
o'travolta: bets $0.13
PatrickJ2008: folds 
Uncalled bet ($0.13) returned to o'travolta
o'travolta collected $0.27 from pot
*** SUMMARY ***
Total pot $0.28 | Rake $0.01 
Board [Ah 4s 7s 6h Kc]
Seat 1: Marcio-Rambo (big blind) folded on the Flop
Seat 2: umrsadmadman folded before Flop (didn't bet)
Seat 3: o'travolta collected ($0.27)
Seat 4: lusizenande19 folded on the Flop
Seat 5: deileon folded before Flop (didn't bet)
Seat 6: PatrickJ2008 folded on the River
Seat 7: Dorex2007 (button) folded before Flop (didn't bet)
Seat 9: Félix83 (small blind) folded on the Flop



PokerStars Hand #237325726552:  Hold'em No Limit ($0.01/$0.02 USD) - 2022/07/12 17:35:33 PT [2022/07/12 20:35:33 ET]
Table 'Wirt II' 9-max Seat #9 is the button
Seat 1: Marcio-Rambo ($1.90 in chips) 
Seat 2: umrsadmadman ($1.57 in chips) 
Seat 3: o'travolta ($1.57 in chips) 
Seat 4: lusizenande19 ($0.57 in chips) 
Seat 5: deileon ($1.42 in chips) 
Seat 6: PatrickJ2008 ($2.61 in chips) 
Seat 7: Dorex2007 ($2 in chips) 
Seat 8: marcossifu ($2 in chips) 
Seat 9: Félix83 ($0.62 in chips) 
Marcio-Rambo: posts small blind $0.01
umrsadmadman: posts big blind $0.02
marcossifu: posts big blind $0.02
*** HOLE CARDS ***
Dealt to Dorex2007 [Th 2s]
o'travolta: calls $0.02
lusizenande19: folds 
deileon: folds 
PatrickJ2008: folds 
Dorex2007: folds 
marcossifu: checks 
Félix83: calls $0.02
Marcio-Rambo: folds 
umrsadmadman: checks 
*** FLOP *** [7h 5d 4c]
umrsadmadman: checks 
o'travolta: checks 
marcossifu: checks 
Félix83: bets $0.02
umrsadmadman: folds 
o'travolta: calls $0.02
marcossifu: calls $0.02
*** TURN *** [7h 5d 4c] [6s]
o'travolta: checks 
marcossifu: bets $0.14
Félix83: folds 
o'travolta: raises $0.16 to $0.30
marcossifu: raises $0.16 to $0.46
o'travolta: raises $0.16 to $0.62
marcossifu: raises $0.16 to $0.78
o'travolta: calls $0.16
*** RIVER *** [7h 5d 4c 6s] [3c]
o'travolta: checks 
marcossifu: bets $1.18 and is all-in
o'travolta: calls $0.75 and is all-in
Uncalled bet ($0.43) returned to marcossifu
*** SHOW DOWN ***
marcossifu: shows [Qs 8c] (a straight, Four to Eight)
o'travolta: shows [8d Qh] (a straight, Four to Eight)
o'travolta collected $1.55 from pot
marcossifu collected $1.55 from pot
*** SUMMARY ***
Total pot $3.21 | Rake $0.11 
Board [7h 5d 4c 6s 3c]
Seat 1: Marcio-Rambo (small blind) folded before Flop
Seat 2: umrsadmadman (big blind) folded on the Flop
Seat 3: o'travolta showed [8d Qh] and won ($1.55) with a straight, Four to Eight
Seat 4: lusizenande19 folded before Flop (didn't bet)
Seat 5: deileon folded before Flop (didn't bet)
Seat 6: PatrickJ2008 folded before Flop (didn't bet)
Seat 7: Dorex2007 folded before Flop (didn't bet)
Seat 8: marcossifu showed [Qs 8c] and won ($1.55) with a straight, Four to Eight
Seat 9: Félix83 (button) folded on the Turn



PokerStars Hand #237325766262:  Hold'em No Limit ($0.01/$0.02 USD) - 2022/07/12 17:37:54 PT [2022/07/12 20:37:54 ET]
Table 'Wirt II' 9-max Seat #1 is the button
Seat 1: Marcio-Rambo ($1.89 in chips) 
Seat 2: umrsadmadman ($1.55 in chips) 
Seat 3: o'travolta ($1.55 in chips) 
Seat 4: lusizenande19 ($0.57 in chips) 
Seat 5: deileon ($1.42 in chips) 
Seat 6: PatrickJ2008 ($2.61 in chips) 
Seat 7: Dorex2007 ($2 in chips) 
Seat 8: marcossifu ($1.98 in chips) 
Seat 9: Félix83 ($0.58 in chips) 
umrsadmadman: posts small blind $0.01
o'travolta: posts big blind $0.02
*** HOLE CARDS ***
Dealt to Dorex2007 [4h Jh]
lusizenande19: calls $0.02
deileon: folds 
PatrickJ2008: calls $0.02
Dorex2007: folds 
marcossifu: calls $0.02
Félix83: calls $0.02
Marcio-Rambo: calls $0.02
umrsadmadman: calls $0.01
o'travolta: checks 
*** FLOP *** [Kh Kc 8d]
umrsadmadman: checks 
o'travolta: checks 
lusizenande19: checks 
PatrickJ2008: bets $0.04
marcossifu: folds 
Félix83: folds 
Marcio-Rambo: folds 
umrsadmadman: folds 
o'travolta: calls $0.04
lusizenande19: folds 
*** TURN *** [Kh Kc 8d] [5d]
o'travolta: checks 
PatrickJ2008: bets $0.08
o'travolta: calls $0.08
*** RIVER *** [Kh Kc 8d 5d] [9s]
o'travolta: bets $0.18
PatrickJ2008: calls $0.18
*** SHOW DOWN ***
o'travolta: shows [9d 7s] (two pair, Kings and Nines)
PatrickJ2008: shows [9h 8s] (two pair, Kings and Nines)
o'travolta collected $0.36 from pot
PatrickJ2008 collected $0.35 from pot
*** SUMMARY ***
Total pot $0.74 | Rake $0.03 
Board [Kh Kc 8d 5d 9s]
Seat 1: Marcio-Rambo (button) folded on the Flop
Seat 2: umrsadmadman (small blind) folded on the Flop
Seat 3: o'travolta (big blind) showed [9d 7s] and won ($0.36) with two pair, Kings and Nines
Seat 4: lusizenande19 folded on the Flop
Seat 5: deileon folded before Flop (didn't bet)
Seat 6: PatrickJ2008 showed [9h 8s] and won ($0.35) with two pair, Kings and Nines
Seat 7: Dorex2007 folded before Flop (didn't bet)
Seat 8: marcossifu folded on the Flop
Seat 9: Félix83 folded on the Flop



PokerStars Hand #237325804810:  Hold'em No Limit ($0.01/$0.02 USD) - 2022/07/12 17:40:07 PT [2022/07/12 20:40:07 ET]
Table 'Wirt II' 9-max Seat #2 is the button
Seat 1: Marcio-Rambo ($1.87 in chips) 
Seat 2: umrsadmadman ($1.53 in chips) 
Seat 3: o'travolta ($1.59 in chips) 
Seat 4: lusizenande19 ($0.55 in chips) 
Seat 5: deileon ($1.42 in chips) 
Seat 6: PatrickJ2008 ($2.64 in chips) 
Seat 7: Dorex2007 ($2 in chips) 
Seat 8: marcossifu ($1.96 in chips) 
Seat 9: Félix83 ($0.56 in chips) 
o'travolta: posts small blind $0.01
lusizenande19: posts big blind $0.02
*** HOLE CARDS ***
Dealt to Dorex2007 [4d 6h]
deileon: calls $0.02
PatrickJ2008: folds 
Dorex2007: folds 
marcossifu: calls $0.02
Félix83: calls $0.02
Marcio-Rambo: folds 
PatrickJ2008 leaves the table
umrsadmadman has timed out
umrsadmadman: folds 
o'travolta: folds 
lusizenande19: checks 
*** FLOP *** [8d As 9h]
lusizenande19: checks 
Al_pkr_plyr joins the table at seat #6 
deileon: bets $0.04
marcossifu: calls $0.04
Félix83: folds 
lusizenande19: calls $0.04
*** TURN *** [8d As 9h] [2d]
lusizenande19: checks 
deileon: bets $0.10
marcossifu: calls $0.10
lusizenande19: folds 
*** RIVER *** [8d As 9h 2d] [2h]
deileon: bets $0.20
marcossifu: calls $0.20
*** SHOW DOWN ***
deileon: shows [8h 8s] (a full house, Eights full of Deuces)
marcossifu: mucks hand 
deileon collected $0.78 from pot
*** SUMMARY ***
Total pot $0.81 | Rake $0.03 
Board [8d As 9h 2d 2h]
Seat 1: Marcio-Rambo folded before Flop (didn't bet)
Seat 2: umrsadmadman (button) folded before Flop (didn't bet)
Seat 3: o'travolta (small blind) folded before Flop
Seat 4: lusizenande19 (big blind) folded on the Turn
Seat 5: deileon showed [8h 8s] and won ($0.78) with a full house, Eights full of Deuces
Seat 6: PatrickJ2008 folded before Flop (didn't bet)
Seat 7: Dorex2007 folded before Flop (didn't bet)
Seat 8: marcossifu mucked [Ac Qc]
Seat 9: Félix83 folded on the Flop



PokerStars Hand #237325823189:  Hold'em No Limit ($0.01/$0.02 USD) - 2022/07/12 17:41:30 PT [2022/07/12 20:41:30 ET]
Table 'Wirt II' 9-max Seat #3 is the button
Seat 1: Marcio-Rambo ($1.87 in chips) 
Seat 3: o'travolta ($1.58 in chips) 
Seat 4: lusizenande19 ($0.49 in chips) 
Seat 5: deileon ($1.84 in chips) 
Seat 7: Dorex2007 ($2 in chips) 
Seat 8: marcossifu ($1.60 in chips) 
Seat 9: Félix83 ($0.54 in chips) 
lusizenande19: posts small blind $0.01
deileon: posts big blind $0.02
Al_pkr_plyr: sits out 
*** HOLE CARDS ***
Dealt to Dorex2007 [Qc Ks]
Dorex2007: raises $0.02 to $0.04
marcossifu: folds 
Félix83: calls $0.04
Marcio-Rambo: folds 
o'travolta has timed out
o'travolta: folds 
lusizenande19: folds 
deileon: calls $0.02
*** FLOP *** [8h 6h 2c]
deileon: checks 
Dorex2007: checks 
Félix83: checks 
*** TURN *** [8h 6h 2c] [Qh]
deileon: checks 
Dorex2007: checks 
Félix83: checks 
*** RIVER *** [8h 6h 2c Qh] [9s]
deileon: checks 
Dorex2007: bets $0.06
Félix83: folds 
deileon: folds 
Uncalled bet ($0.06) returned to Dorex2007
Dorex2007 collected $0.13 from pot
*** SUMMARY ***
Total pot $0.13 | Rake $0 
Board [8h 6h 2c Qh 9s]
Seat 1: Marcio-Rambo folded before Flop (didn't bet)
Seat 3: o'travolta (button) folded before Flop (didn't bet)
Seat 4: lusizenande19 (small blind) folded before Flop
Seat 5: deileon (big blind) folded on the River
Seat 7: Dorex2007 collected ($0.13)
Seat 8: marcossifu folded before Flop (didn't bet)
Seat 9: Félix83 folded on the River



PokerStars Hand #237325844019:  Hold'em No Limit ($0.01/$0.02 USD) - 2022/07/12 17:43:05 PT [2022/07/12 20:43:05 ET]
Table 'Wirt II' 9-max Seat #4 is the button
Seat 1: Marcio-Rambo ($1.87 in chips) 
Seat 2: umrsadmadman ($1.53 in chips) 
Seat 3: o'travolta ($1.58 in chips) 
Seat 4: lusizenande19 ($0.48 in chips) 
Seat 5: deileon ($1.80 in chips) 
Seat 6: Al_pkr_plyr ($2 in chips) 
Seat 7: Dorex2007 ($2.09 in chips) 
Seat 8: marcossifu ($1.60 in chips) 
Seat 9: Félix83 ($0.50 in chips) 
deileon: posts small blind $0.01
Al_pkr_plyr: posts big blind $0.02
*** HOLE CARDS ***
Dealt to Dorex2007 [Ac Ts]
Dorex2007: calls $0.02
marcossifu: calls $0.02
Félix83: folds 
Marcio-Rambo: folds 
umrsadmadman: raises $0.02 to $0.04
o'travolta: calls $0.04
lusizenande19: folds 
deileon: folds 
Al_pkr_plyr: calls $0.02
Dorex2007: calls $0.02
marcossifu: calls $0.02
*** FLOP *** [As 7d 2c]
Al_pkr_plyr: checks 
Dorex2007: bets $0.10
marcossifu: folds 
umrsadmadman: calls $0.10
o'travolta: calls $0.10
Al_pkr_plyr: folds 
*** TURN *** [As 7d 2c] [3c]
Dorex2007: bets $0.16
umrsadmadman: calls $0.16
o'travolta: calls $0.16
*** RIVER *** [As 7d 2c 3c] [7s]
Dorex2007: checks 
umrsadmadman: bets $0.24
o'travolta: calls $0.24
Dorex2007: folds 
*** SHOW DOWN ***
umrsadmadman: shows [Ah Qs] (two pair, Aces and Sevens)
o'travolta: shows [Ks 7c] (three of a kind, Sevens)
o'travolta collected $1.42 from pot
*** SUMMARY ***
Total pot $1.47 | Rake $0.05 
Board [As 7d 2c 3c 7s]
Seat 1: Marcio-Rambo folded before Flop (didn't bet)
Seat 2: umrsadmadman showed [Ah Qs] and lost with two pair, Aces and Sevens
Seat 3: o'travolta showed [Ks 7c] and won ($1.42) with three of a kind, Sevens
Seat 4: lusizenande19 (button) folded before Flop (didn't bet)
Seat 5: deileon (small blind) folded before Flop
Seat 6: Al_pkr_plyr (big blind) folded on the Flop
Seat 7: Dorex2007 folded on the River
Seat 8: marcossifu folded on the Flop
Seat 9: Félix83 folded before Flop (didn't bet)



PokerStars Hand #237325870685:  Hold'em No Limit ($0.01/$0.02 USD) - 2022/07/12 17:45:08 PT [2022/07/12 20:45:08 ET]
Table 'Wirt II' 9-max Seat #5 is the button
Seat 1: Marcio-Rambo ($1.87 in chips) 
Seat 2: umrsadmadman ($0.99 in chips) 
Seat 3: o'travolta ($2.46 in chips) 
Seat 4: lusizenande19 ($0.48 in chips) 
Seat 5: deileon ($1.79 in chips) 
Seat 6: Al_pkr_plyr ($2 in chips) 
Seat 7: Dorex2007 ($2 in chips) 
Seat 8: marcossifu ($1.56 in chips) 
Seat 9: Félix83 ($0.50 in chips) 
Al_pkr_plyr: posts small blind $0.01
Dorex2007: posts big blind $0.02
*** HOLE CARDS ***
Dealt to Dorex2007 [Js 3h]
marcossifu: folds 
Félix83: calls $0.02
Marcio-Rambo: folds 
umrsadmadman: folds 
o'travolta: calls $0.02
lusizenande19: calls $0.02
deileon: folds 
Al_pkr_plyr: calls $0.01
Dorex2007: checks 
*** FLOP *** [Qh 2d Ks]
Al_pkr_plyr: checks 
Dorex2007: checks 
Félix83: checks 
o'travolta: checks 
lusizenande19: checks 
*** TURN *** [Qh 2d Ks] [8s]
Al_pkr_plyr: checks 
Dorex2007: checks 
Félix83: checks 
o'travolta: checks 
lusizenande19: checks 
*** RIVER *** [Qh 2d Ks 8s] [Jd]
Al_pkr_plyr: checks 
Dorex2007: checks 
Félix83: checks 
o'travolta: checks 
lusizenande19: checks 
*** SHOW DOWN ***
Al_pkr_plyr: shows [9c 7c] (high card King)
Dorex2007: shows [Js 3h] (a pair of Jacks)
Félix83: mucks hand 
o'travolta: mucks hand 
lusizenande19: mucks hand 
Dorex2007 collected $0.10 from pot
*** SUMMARY ***
Total pot $0.10 | Rake $0 
Board [Qh 2d Ks 8s Jd]
Seat 1: Marcio-Rambo folded before Flop (didn't bet)
Seat 2: umrsadmadman folded before Flop (didn't bet)
Seat 3: o'travolta mucked [4s 4d]
Seat 4: lusizenande19 mucked [Ah 7s]
Seat 5: deileon (button) folded before Flop (didn't bet)
Seat 6: Al_pkr_plyr (small blind) showed [9c 7c] and lost with high card King
Seat 7: Dorex2007 (big blind) showed [Js 3h] and won ($0.10) with a pair of Jacks
Seat 8: marcossifu folded before Flop (didn't bet)
Seat 9: Félix83 mucked [6s 6c]



PokerStars Hand #237325900040:  Hold'em No Limit ($0.01/$0.02 USD) - 2022/07/12 17:46:57 PT [2022/07/12 20:46:57 ET]
Table 'Wirt II' 9-max Seat #6 is the button
Seat 1: Marcio-Rambo ($1.87 in chips) 
Seat 2: umrsadmadman ($0.99 in chips) 
Seat 3: o'travolta ($2.44 in chips) 
Seat 4: lusizenande19 ($0.46 in chips) 
Seat 5: deileon ($1.79 in chips) 
Seat 6: Al_pkr_plyr ($2 in chips) 
Seat 7: Dorex2007 ($2.08 in chips) 
Seat 8: marcossifu ($1.56 in chips) 
Seat 9: Félix83 ($0.48 in chips) 
Dorex2007: posts small blind $0.01
marcossifu: posts big blind $0.02
*** HOLE CARDS ***
Dealt to Dorex2007 [7c Tc]
Félix83: calls $0.02
Marcio-Rambo: calls $0.02
umrsadmadman: folds 
o'travolta: calls $0.02
lusizenande19: calls $0.02
deileon: folds 
Al_pkr_plyr: folds 
Dorex2007: folds 
marcossifu: raises $0.02 to $0.04
Félix83: calls $0.02
Marcio-Rambo: calls $0.02
o'travolta: calls $0.02
lusizenande19: folds 
*** FLOP *** [5c 7s 4s]
marcossifu: bets $0.02
Félix83: calls $0.02
Marcio-Rambo: calls $0.02
o'travolta: calls $0.02
*** TURN *** [5c 7s 4s] [Jc]
marcossifu: bets $0.13
Félix83: calls $0.13
Marcio-Rambo: calls $0.13
o'travolta: calls $0.13
*** RIVER *** [5c 7s 4s Jc] [Jh]
marcossifu: bets $0.76
Félix83: folds 
Marcio-Rambo: folds 
o'travolta: folds 
Uncalled bet ($0.76) returned to marcossifu
marcossifu collected $0.76 from pot
*** SUMMARY ***
Total pot $0.79 | Rake $0.03 
Board [5c 7s 4s Jc Jh]
Seat 1: Marcio-Rambo folded on the River
Seat 2: umrsadmadman folded before Flop (didn't bet)
Seat 3: o'travolta folded on the River
Seat 4: lusizenande19 folded before Flop
Seat 5: deileon folded before Flop (didn't bet)
Seat 6: Al_pkr_plyr (button) folded before Flop (didn't bet)
Seat 7: Dorex2007 (small blind) folded before Flop
Seat 8: marcossifu (big blind) collected ($0.76)
Seat 9: Félix83 folded on the River



PokerStars Hand #237325927052:  Hold'em No Limit ($0.01/$0.02 USD) - 2022/07/12 17:49:04 PT [2022/07/12 20:49:04 ET]
Table 'Wirt II' 9-max Seat #7 is the button
Seat 1: Marcio-Rambo ($1.68 in chips) 
Seat 2: umrsadmadman ($0.99 in chips) 
Seat 3: o'travolta ($2.25 in chips) 
Seat 4: lusizenande19 ($0.44 in chips) 
Seat 5: deileon ($1.79 in chips) 
Seat 6: Al_pkr_plyr ($2 in chips) 
Seat 7: Dorex2007 ($2.07 in chips) 
Seat 8: marcossifu ($2.13 in chips) 
Seat 9: Félix83 ($0.29 in chips) 
marcossifu: posts small blind $0.01
Félix83: posts big blind $0.02
*** HOLE CARDS ***
Dealt to Dorex2007 [9h Qd]
Marcio-Rambo: calls $0.02
umrsadmadman: calls $0.02
o'travolta: folds 
lusizenande19: calls $0.02
deileon: folds 
Al_pkr_plyr: folds 
Dorex2007: folds 
marcossifu: calls $0.01
Félix83: checks 
*** FLOP *** [3d 8h 2s]
marcossifu: bets $0.02
Félix83: calls $0.02
Marcio-Rambo: calls $0.02
umrsadmadman: calls $0.02
lusizenande19: folds 
*** TURN *** [3d 8h 2s] [8s]
marcossifu: bets $0.04
Félix83: calls $0.04
Marcio-Rambo: calls $0.04
umrsadmadman: folds 
*** RIVER *** [3d 8h 2s 8s] [4d]
marcossifu: bets $0.12
Félix83: folds 
Marcio-Rambo: raises $0.18 to $0.30
marcossifu: raises $0.54 to $0.84
Marcio-Rambo: calls $0.54
*** SHOW DOWN ***
marcossifu: shows [8d 7d] (three of a kind, Eights)
Marcio-Rambo: mucks hand 
marcossifu collected $1.91 from pot
*** SUMMARY ***
Total pot $1.98 | Rake $0.07 
Board [3d 8h 2s 8s 4d]
Seat 1: Marcio-Rambo mucked [As Ad]
Seat 2: umrsadmadman folded on the Turn
Seat 3: o'travolta folded before Flop (didn't bet)
Seat 4: lusizenande19 folded on the Flop
Seat 5: deileon folded before Flop (didn't bet)
Seat 6: Al_pkr_plyr folded before Flop (didn't bet)
Seat 7: Dorex2007 (button) folded before Flop (didn't bet)
Seat 8: marcossifu (small blind) showed [8d 7d] and won ($1.91) with three of a kind, Eights
Seat 9: Félix83 (big blind) folded on the River



PokerStars Hand #237325950945:  Hold'em No Limit ($0.01/$0.02 USD) - 2022/07/12 17:50:57 PT [2022/07/12 20:50:57 ET]
Table 'Wirt II' 9-max Seat #8 is the button
Seat 1: Marcio-Rambo ($0.76 in chips) 
Seat 2: umrsadmadman ($0.95 in chips) 
Seat 3: o'travolta ($2.25 in chips) 
Seat 4: lusizenande19 ($0.42 in chips) 
Seat 5: deileon ($1.79 in chips) 
Seat 6: Al_pkr_plyr ($2 in chips) 
Seat 7: Dorex2007 ($2.07 in chips) 
Seat 8: marcossifu ($3.12 in chips) 
Seat 9: Félix83 ($0.21 in chips) 
Félix83: posts small blind $0.01
Marcio-Rambo: posts big blind $0.02
*** HOLE CARDS ***
Dealt to Dorex2007 [6c 6h]
umrsadmadman: calls $0.02
o'travolta has timed out
o'travolta: folds 
lusizenande19: folds 
deileon: calls $0.02
Al_pkr_plyr: folds 
Dorex2007: calls $0.02
marcossifu: calls $0.02
Félix83: calls $0.01
Marcio-Rambo: checks 
*** FLOP *** [4s 5s Ac]
Félix83: checks 
Marcio-Rambo: checks 
umrsadmadman: checks 
deileon: bets $0.06
Dorex2007: folds 
marcossifu: folds 
Félix83: folds 
Marcio-Rambo: folds 
umrsadmadman: calls $0.06
*** TURN *** [4s 5s Ac] [Kh]
umrsadmadman: checks 
deileon: bets $0.11
umrsadmadman: calls $0.11
*** RIVER *** [4s 5s Ac Kh] [Tc]
umrsadmadman: checks 
deileon: checks 
*** SHOW DOWN ***
umrsadmadman: shows [9s Ah] (a pair of Aces)
deileon: shows [Qd As] (a pair of Aces - King+Queen kicker)
deileon collected $0.44 from pot
*** SUMMARY ***
Total pot $0.46 | Rake $0.02 
Board [4s 5s Ac Kh Tc]
Seat 1: Marcio-Rambo (big blind) folded on the Flop
Seat 2: umrsadmadman showed [9s Ah] and lost with a pair of Aces
Seat 3: o'travolta folded before Flop (didn't bet)
Seat 4: lusizenande19 folded before Flop (didn't bet)
Seat 5: deileon showed [Qd As] and won ($0.44) with a pair of Aces
Seat 6: Al_pkr_plyr folded before Flop (didn't bet)
Seat 7: Dorex2007 folded on the Flop
Seat 8: marcossifu (button) folded on the Flop
Seat 9: Félix83 (small blind) folded on the Flop



PokerStars Hand #237325971912:  Hold'em No Limit ($0.01/$0.02 USD) - 2022/07/12 17:52:34 PT [2022/07/12 20:52:34 ET]
Table 'Wirt II' 9-max Seat #9 is the button
Seat 1: Marcio-Rambo ($0.74 in chips) 
Seat 2: umrsadmadman ($0.76 in chips) 
Seat 3: o'travolta ($2.25 in chips) 
Seat 4: lusizenande19 ($0.42 in chips) 
Seat 5: deileon ($2.04 in chips) 
Seat 6: Al_pkr_plyr ($2 in chips) 
Seat 7: Dorex2007 ($2.05 in chips) 
Seat 8: marcossifu ($3.10 in chips) 
Seat 9: Félix83 ($0.19 in chips) 
Marcio-Rambo: posts small blind $0.01
umrsadmadman: posts big blind $0.02
*** HOLE CARDS ***
Dealt to Dorex2007 [4h Qh]
o'travolta: calls $0.02
lusizenande19: calls $0.02
deileon: folds 
Al_pkr_plyr: folds 
Dorex2007: folds 
marcossifu has timed out
marcossifu: folds 
Félix83: calls $0.02
Marcio-Rambo: calls $0.01
umrsadmadman: checks 
*** FLOP *** [Tc Jd 3d]
Marcio-Rambo: checks 
umrsadmadman: checks 
o'travolta: checks 
lusizenande19: bets $0.08
Félix83: folds 
Marcio-Rambo: folds 
umrsadmadman: folds 
o'travolta: calls $0.08
*** TURN *** [Tc Jd 3d] [5h]
Marcio-Rambo leaves the table
o'travolta: checks 
lusizenande19: bets $0.32 and is all-in
Casinoguy joins the table at seat #1 
o'travolta: folds 
Uncalled bet ($0.32) returned to lusizenande19
lusizenande19 collected $0.25 from pot
*** SUMMARY ***
Total pot $0.26 | Rake $0.01 
Board [Tc Jd 3d 5h]
Seat 1: Marcio-Rambo (small blind) folded on the Flop
Seat 2: umrsadmadman (big blind) folded on the Flop
Seat 3: o'travolta folded on the Turn
Seat 4: lusizenande19 collected ($0.25)
Seat 5: deileon folded before Flop (didn't bet)
Seat 6: Al_pkr_plyr folded before Flop (didn't bet)
Seat 7: Dorex2007 folded before Flop (didn't bet)
Seat 8: marcossifu folded before Flop (didn't bet)
Seat 9: Félix83 (button) folded on the Flop



PokerStars Hand #237325997055:  Hold'em No Limit ($0.01/$0.02 USD) - 2022/07/12 17:54:15 PT [2022/07/12 20:54:15 ET]
Table 'Wirt II' 9-max Seat #2 is the button
Seat 2: umrsadmadman ($0.74 in chips) 
Seat 3: o'travolta ($2.15 in chips) 
Seat 4: lusizenande19 ($0.57 in chips) 
Seat 5: deileon ($2.04 in chips) 
Seat 6: Al_pkr_plyr ($2 in chips) 
Seat 7: Dorex2007 ($2.05 in chips) 
Seat 8: marcossifu ($3.10 in chips) 
Seat 9: Félix83 ($0.17 in chips) 
o'travolta: posts small blind $0.01
lusizenande19: posts big blind $0.02
Casinoguy: sits out 
*** HOLE CARDS ***
Dealt to Dorex2007 [8h Tc]
deileon: raises $0.02 to $0.04
Al_pkr_plyr: folds 
Dorex2007: folds 
marcossifu: folds 
Félix83: folds 
umrsadmadman: folds 
o'travolta: calls $0.03
lusizenande19: calls $0.02
*** FLOP *** [5h Qs Ah]
o'travolta: checks 
lusizenande19: checks 
deileon: bets $0.06
o'travolta: calls $0.06
lusizenande19: calls $0.06
*** TURN *** [5h Qs Ah] [6d]
o'travolta: checks 
lusizenande19: bets $0.02
deileon: calls $0.02
o'travolta: calls $0.02
*** RIVER *** [5h Qs Ah 6d] [7d]
o'travolta: bets $0.17
lusizenande19: calls $0.17
deileon: folds 
*** SHOW DOWN ***
o'travolta: shows [Ac 7c] (two pair, Aces and Sevens)
lusizenande19: mucks hand 
o'travolta collected $0.68 from pot
*** SUMMARY ***
Total pot $0.70 | Rake $0.02 
Board [5h Qs Ah 6d 7d]
Seat 2: umrsadmadman (button) folded before Flop (didn't bet)
Seat 3: o'travolta (small blind) showed [Ac 7c] and won ($0.68) with two pair, Aces and Sevens
Seat 4: lusizenande19 (big blind) mucked [Ad Jc]
Seat 5: deileon folded on the River
Seat 6: Al_pkr_plyr folded before Flop (didn't bet)
Seat 7: Dorex2007 folded before Flop (didn't bet)
Seat 8: marcossifu folded before Flop (didn't bet)
Seat 9: Félix83 folded before Flop (didn't bet)



PokerStars Hand #237326016512:  Hold'em No Limit ($0.01/$0.02 USD) - 2022/07/12 17:55:54 PT [2022/07/12 20:55:54 ET]
Table 'Wirt II' 9-max Seat #3 is the button
Seat 3: o'travolta ($2.54 in chips) 
Seat 4: lusizenande19 ($0.28 in chips) 
Seat 5: deileon ($1.92 in chips) 
Seat 6: Al_pkr_plyr ($2 in chips) 
Seat 7: Dorex2007 ($2.05 in chips) 
Seat 8: marcossifu ($3.10 in chips) 
Seat 9: Félix83 ($0.17 in chips) 
lusizenande19: posts small blind $0.01
deileon: posts big blind $0.02
Casinoguy: sits out 
*** HOLE CARDS ***
Dealt to Dorex2007 [6c 6s]
Al_pkr_plyr: folds 
Dorex2007: calls $0.02
marcossifu: calls $0.02
Félix83: folds 
o'travolta: folds 
lusizenande19: calls $0.01
deileon: checks 
*** FLOP *** [8h 8s 9h]
lusizenande19: checks 
deileon: checks 
Dorex2007: bets $0.08
marcossifu: folds 
lusizenande19: folds 
deileon: folds 
Uncalled bet ($0.08) returned to Dorex2007
Dorex2007 collected $0.08 from pot
*** SUMMARY ***
Total pot $0.08 | Rake $0 
Board [8h 8s 9h]
Seat 3: o'travolta (button) folded before Flop (didn't bet)
Seat 4: lusizenande19 (small blind) folded on the Flop
Seat 5: deileon (big blind) folded on the Flop
Seat 6: Al_pkr_plyr folded before Flop (didn't bet)
Seat 7: Dorex2007 collected ($0.08)
Seat 8: marcossifu folded on the Flop
Seat 9: Félix83 folded before Flop (didn't bet)



PokerStars Hand #237326022691:  Hold'em No Limit ($0.01/$0.02 USD) - 2022/07/12 17:56:30 PT [2022/07/12 20:56:30 ET]
Table 'Wirt II' 9-max Seat #4 is the button
Seat 3: o'travolta ($2.54 in chips) 
Seat 4: lusizenande19 ($0.26 in chips) 
Seat 5: deileon ($1.90 in chips) 
Seat 7: Dorex2007 ($2.11 in chips) 
Seat 8: marcossifu ($3.08 in chips) 
Seat 9: Félix83 ($0.17 in chips) 
deileon: posts small blind $0.01
Al_pkr_plyr: is sitting out 
Al_pkr_plyr leaves the table
Dorex2007: posts big blind $0.02
Casinoguy: sits out 
*** HOLE CARDS ***
Dealt to Dorex2007 [Kd Jh]
marcossifu: calls $0.02
Félix83: folds 
o'travolta: calls $0.02
lusizenande19: folds 
deileon: folds 
Jay-jpedro joins the table at seat #6 
Dorex2007: checks 
*** FLOP *** [3c 6s 9d]
Dorex2007: checks 
marcossifu: checks 
o'travolta has timed out
o'travolta: checks 
*** TURN *** [3c 6s 9d] [Js]
Dorex2007: bets $0.07
marcossifu: folds 
o'travolta: raises $0.07 to $0.14
Dorex2007: calls $0.07
*** RIVER *** [3c 6s 9d Js] [2h]
Dorex2007: checks 
o'travolta: checks 
*** SHOW DOWN ***
Dorex2007: shows [Kd Jh] (a pair of Jacks)
o'travolta: mucks hand 
Dorex2007 collected $0.34 from pot
*** SUMMARY ***
Total pot $0.35 | Rake $0.01 
Board [3c 6s 9d Js 2h]
Seat 3: o'travolta mucked [7h Jd]
Seat 4: lusizenande19 (button) folded before Flop (didn't bet)
Seat 5: deileon (small blind) folded before Flop
Seat 7: Dorex2007 (big blind) showed [Kd Jh] and won ($0.34) with a pair of Jacks
Seat 8: marcossifu folded on the Turn
Seat 9: Félix83 folded before Flop (didn't bet)



PokerStars Hand #237326040386:  Hold'em No Limit ($0.01/$0.02 USD) - 2022/07/12 17:58:11 PT [2022/07/12 20:58:11 ET]
Table 'Wirt II' 9-max Seat #5 is the button
Seat 3: o'travolta ($2.38 in chips) 
Seat 4: lusizenande19 ($0.26 in chips) 
Seat 5: deileon ($1.89 in chips) 
Seat 7: Dorex2007 ($2.29 in chips) 
Seat 8: marcossifu ($3.06 in chips) 
Seat 9: Félix83 ($0.17 in chips) 
Dorex2007: posts small blind $0.01
marcossifu: posts big blind $0.02
Casinoguy: sits out 
*** HOLE CARDS ***
Dealt to Dorex2007 [Ts 9h]
Félix83: calls $0.02
o'travolta: calls $0.02
lusizenande19: calls $0.02
deileon: folds 
Dorex2007: folds 
marcossifu: checks 
*** FLOP *** [7s Jh 7c]
marcossifu: bets $0.02
Félix83: calls $0.02
o'travolta: calls $0.02
lusizenande19: folds 
*** TURN *** [7s Jh 7c] [5h]
marcossifu: bets $0.02
Félix83: calls $0.02
o'travolta: calls $0.02
*** RIVER *** [7s Jh 7c 5h] [3s]
marcossifu: bets $0.02
Félix83: folds 
o'travolta: calls $0.02
*** SHOW DOWN ***
marcossifu: shows [As Jd] (two pair, Jacks and Sevens)
o'travolta: mucks hand 
marcossifu collected $0.24 from pot
*** SUMMARY ***
Total pot $0.25 | Rake $0.01 
Board [7s Jh 7c 5h 3s]
Seat 3: o'travolta mucked [Ac 5s]
Seat 4: lusizenande19 folded on the Flop
Seat 5: deileon (button) folded before Flop (didn't bet)
Seat 7: Dorex2007 (small blind) folded before Flop
Seat 8: marcossifu (big blind) showed [As Jd] and won ($0.24) with two pair, Jacks and Sevens
Seat 9: Félix83 folded on the River



