PokerStars Hand #238653302029:  Hold'em No Limit ($0.02/$0.05 USD) - 2022/09/15 16:54:33 PT [2022/09/15 19:54:33 ET]
Table 'Tyumenia II' 9-max Seat #3 is the button
Seat 1: Dorex2007 ($5 in chips) 
Seat 2: Tpkb ($2 in chips) 
Seat 3: Lomex001 ($5.34 in chips) 
Seat 4: Deluxe1984 ($6.56 in chips) 
Seat 5: SRCavassana ($4 in chips) 
Seat 7: marinaul ($6.77 in chips) 
Seat 8: mumisber ($1.93 in chips) 
Deluxe1984: posts small blind $0.02
SRCavassana: posts big blind $0.05
Dorex2007: posts big blind $0.05
Tpkb: posts small & big blinds $0.07
*** HOLE CARDS ***
Dealt to Dorex2007 [Qd 3h]
marinaul: folds 
mumisber: folds 
Dorex2007: checks 
Tpkb: checks 
Lomex001: calls $0.05
Deluxe1984: calls $0.03
SRCavassana: checks 
*** FLOP *** [Td 6h 2s]
Deluxe1984: checks 
JRMorgz joins the table at seat #9 
SRCavassana: checks 
Dorex2007: checks 
Tpkb: checks 
Lomex001: checks 
*** TURN *** [Td 6h 2s] [Jd]
Deluxe1984: checks 
SRCavassana: checks 
Dorex2007: checks 
Tpkb: checks 
Lomex001: bets $0.15
Deluxe1984: folds 
SRCavassana: folds 
Dorex2007: folds 
Tpkb: calls $0.15
*** RIVER *** [Td 6h 2s Jd] [6c]
Tpkb: checks 
Lomex001: checks 
*** SHOW DOWN ***
Tpkb: shows [4d 8d] (a pair of Sixes)
Lomex001: shows [7h As] (a pair of Sixes - Ace kicker)
Lomex001 collected $0.55 from pot
*** SUMMARY ***
Total pot $0.57 | Rake $0.02 
Board [Td 6h 2s Jd 6c]
Seat 1: Dorex2007 folded on the Turn (didn't bet)
Seat 2: Tpkb showed [4d 8d] and lost with a pair of Sixes
Seat 3: Lomex001 (button) showed [7h As] and won ($0.55) with a pair of Sixes
Seat 4: Deluxe1984 (small blind) folded on the Turn
Seat 5: SRCavassana (big blind) folded on the Turn
Seat 7: marinaul folded before Flop (didn't bet)
Seat 8: mumisber folded before Flop (didn't bet)



PokerStars Hand #238653317596:  Hold'em No Limit ($0.02/$0.05 USD) - 2022/09/15 16:55:44 PT [2022/09/15 19:55:44 ET]
Table 'Tyumenia II' 9-max Seat #4 is the button
Seat 1: Dorex2007 ($5 in chips) 
Seat 2: Tpkb ($1.78 in chips) 
Seat 3: Lomex001 ($5.69 in chips) 
Seat 4: Deluxe1984 ($6.51 in chips) 
Seat 5: SRCavassana ($3.95 in chips) 
Seat 7: marinaul ($6.77 in chips) 
Seat 8: mumisber ($1.93 in chips) 
Seat 9: JRMorgz ($5 in chips) 
SRCavassana: posts small blind $0.02
marinaul: posts big blind $0.05
JRMorgz: posts big blind $0.05
*** HOLE CARDS ***
Dealt to Dorex2007 [Kd Qh]
mumisber: folds 
JRMorgz: checks 
Dorex2007: raises $0.05 to $0.10
Tpkb: folds 
Lomex001: folds 
Deluxe1984: raises $0.15 to $0.25
SRCavassana: folds 
marinaul: folds 
JRMorgz: folds 
Dorex2007: calls $0.15
*** FLOP *** [4c Ac 2h]
Dorex2007: checks 
Deluxe1984: bets $0.30
Dorex2007: folds 
Uncalled bet ($0.30) returned to Deluxe1984
Deluxe1984 collected $0.58 from pot
Deluxe1984: doesn't show hand 
*** SUMMARY ***
Total pot $0.62 | Rake $0.04 
Board [4c Ac 2h]
Seat 1: Dorex2007 folded on the Flop
Seat 2: Tpkb folded before Flop (didn't bet)
Seat 3: Lomex001 folded before Flop (didn't bet)
Seat 4: Deluxe1984 (button) collected ($0.58)
Seat 5: SRCavassana (small blind) folded before Flop
Seat 7: marinaul (big blind) folded before Flop
Seat 8: mumisber folded before Flop (didn't bet)
Seat 9: JRMorgz folded before Flop (didn't bet)



PokerStars Hand #238653325918:  Hold'em No Limit ($0.02/$0.05 USD) - 2022/09/15 16:56:25 PT [2022/09/15 19:56:25 ET]
Table 'Tyumenia II' 9-max Seat #5 is the button
Seat 1: Dorex2007 ($5 in chips) 
Seat 2: Tpkb ($1.78 in chips) 
Seat 3: Lomex001 ($5.69 in chips) 
Seat 4: Deluxe1984 ($6.84 in chips) 
Seat 5: SRCavassana ($3.93 in chips) 
Seat 7: marinaul ($6.72 in chips) 
Seat 8: mumisber ($1.93 in chips) 
Seat 9: JRMorgz ($5 in chips) 
marinaul: posts small blind $0.02
mumisber: posts big blind $0.05
*** HOLE CARDS ***
Dealt to Dorex2007 [9h Qd]
JRMorgz: folds 
Dorex2007: folds 
Tpkb: folds 
Lomex001: raises $0.10 to $0.15
Deluxe1984: folds 
SRCavassana: folds 
marinaul: calls $0.13
mumisber: folds 
*** FLOP *** [Jh 3c Ah]
marinaul: checks 
Lomex001: bets $0.20
marinaul: folds 
Uncalled bet ($0.20) returned to Lomex001
Lomex001 collected $0.34 from pot
Lomex001: doesn't show hand 
*** SUMMARY ***
Total pot $0.35 | Rake $0.01 
Board [Jh 3c Ah]
Seat 1: Dorex2007 folded before Flop (didn't bet)
Seat 2: Tpkb folded before Flop (didn't bet)
Seat 3: Lomex001 collected ($0.34)
Seat 4: Deluxe1984 folded before Flop (didn't bet)
Seat 5: SRCavassana (button) folded before Flop (didn't bet)
Seat 7: marinaul (small blind) folded on the Flop
Seat 8: mumisber (big blind) folded before Flop
Seat 9: JRMorgz folded before Flop (didn't bet)



PokerStars Hand #238653331108:  Hold'em No Limit ($0.02/$0.05 USD) - 2022/09/15 16:56:52 PT [2022/09/15 19:56:52 ET]
Table 'Tyumenia II' 9-max Seat #7 is the button
Seat 1: Dorex2007 ($5 in chips) 
Seat 2: Tpkb ($1.78 in chips) 
Seat 3: Lomex001 ($5.88 in chips) 
Seat 4: Deluxe1984 ($6.84 in chips) 
Seat 5: SRCavassana ($3.93 in chips) 
Seat 7: marinaul ($6.57 in chips) 
Seat 8: mumisber ($1.88 in chips) 
Seat 9: JRMorgz ($5 in chips) 
mumisber: posts small blind $0.02
JRMorgz: posts big blind $0.05
*** HOLE CARDS ***
Dealt to Dorex2007 [6d 7h]
Dorex2007: folds 
Tpkb: calls $0.05
Lomex001: folds 
Deluxe1984: folds 
SRCavassana: raises $0.20 to $0.25
marinaul: folds 
mumisber: folds 
JRMorgz: folds 
Tpkb: folds 
Uncalled bet ($0.20) returned to SRCavassana
SRCavassana collected $0.17 from pot
*** SUMMARY ***
Total pot $0.17 | Rake $0 
Seat 1: Dorex2007 folded before Flop (didn't bet)
Seat 2: Tpkb folded before Flop
Seat 3: Lomex001 folded before Flop (didn't bet)
Seat 4: Deluxe1984 folded before Flop (didn't bet)
Seat 5: SRCavassana collected ($0.17)
Seat 7: marinaul (button) folded before Flop (didn't bet)
Seat 8: mumisber (small blind) folded before Flop
Seat 9: JRMorgz (big blind) folded before Flop



PokerStars Hand #238653337965:  Hold'em No Limit ($0.02/$0.05 USD) - 2022/09/15 16:57:26 PT [2022/09/15 19:57:26 ET]
Table 'Tyumenia II' 9-max Seat #8 is the button
Seat 1: Dorex2007 ($5 in chips) 
Seat 2: Tpkb ($1.73 in chips) 
Seat 3: Lomex001 ($5.88 in chips) 
Seat 4: Deluxe1984 ($6.84 in chips) 
Seat 5: SRCavassana ($4.05 in chips) 
Seat 7: marinaul ($6.57 in chips) 
Seat 8: mumisber ($1.86 in chips) 
Seat 9: JRMorgz ($5 in chips) 
JRMorgz: posts small blind $0.02
Dorex2007: posts big blind $0.05
*** HOLE CARDS ***
Dealt to Dorex2007 [7h Kh]
Tpkb: folds 
Lomex001: folds 
Deluxe1984: calls $0.05
SRCavassana: calls $0.05
marinaul: folds 
mumisber: folds 
JRMorgz: folds 
Dorex2007: checks 
*** FLOP *** [7d 3d 5d]
Dorex2007: bets $0.11
Deluxe1984: raises $0.14 to $0.25
SRCavassana: raises $0.39 to $0.64
Dorex2007: folds 
Deluxe1984: raises $0.96 to $1.60
SRCavassana: raises $2.40 to $4 and is all-in
Deluxe1984: calls $2.40
*** TURN *** [7d 3d 5d] [4c]
*** RIVER *** [7d 3d 5d 4c] [3s]
*** SHOW DOWN ***
Deluxe1984: shows [6h 4d] (a straight, Three to Seven)
SRCavassana: shows [Js Qh] (a pair of Threes)
Deluxe1984 collected $7.86 from pot
*** SUMMARY ***
Total pot $8.28 | Rake $0.42 
Board [7d 3d 5d 4c 3s]
Seat 1: Dorex2007 (big blind) folded on the Flop
Seat 2: Tpkb folded before Flop (didn't bet)
Seat 3: Lomex001 folded before Flop (didn't bet)
Seat 4: Deluxe1984 showed [6h 4d] and won ($7.86) with a straight, Three to Seven
Seat 5: SRCavassana showed [Js Qh] and lost with a pair of Threes
Seat 7: marinaul folded before Flop (didn't bet)
Seat 8: mumisber (button) folded before Flop (didn't bet)
Seat 9: JRMorgz (small blind) folded before Flop



PokerStars Hand #238653350389:  Hold'em No Limit ($0.02/$0.05 USD) - 2022/09/15 16:58:29 PT [2022/09/15 19:58:29 ET]
Table 'Tyumenia II' 9-max Seat #9 is the button
Seat 1: Dorex2007 ($5 in chips) 
Seat 2: Tpkb ($1.73 in chips) 
Seat 3: Lomex001 ($5.88 in chips) 
Seat 4: Deluxe1984 ($10.65 in chips) 
Seat 7: marinaul ($6.57 in chips) 
Seat 8: mumisber ($1.86 in chips) 
Seat 9: JRMorgz ($5 in chips) 
Dorex2007: posts small blind $0.02
Tpkb: posts big blind $0.05
*** HOLE CARDS ***
Dealt to Dorex2007 [7c 5c]
Lomex001: folds 
Deluxe1984: folds 
SRCavassana is disconnected 
marinaul: folds 
mumisber: folds 
JRMorgz: folds 
Dorex2007: folds 
Uncalled bet ($0.03) returned to Tpkb
Tpkb collected $0.04 from pot
*** SUMMARY ***
Total pot $0.04 | Rake $0 
Seat 1: Dorex2007 (small blind) folded before Flop
Seat 2: Tpkb (big blind) collected ($0.04)
Seat 3: Lomex001 folded before Flop (didn't bet)
Seat 4: Deluxe1984 folded before Flop (didn't bet)
Seat 7: marinaul folded before Flop (didn't bet)
Seat 8: mumisber folded before Flop (didn't bet)
Seat 9: JRMorgz (button) folded before Flop (didn't bet)



PokerStars Hand #238653352838:  Hold'em No Limit ($0.02/$0.05 USD) - 2022/09/15 16:58:41 PT [2022/09/15 19:58:41 ET]
Table 'Tyumenia II' 9-max Seat #1 is the button
Seat 1: Dorex2007 ($5 in chips) 
Seat 2: Tpkb ($1.75 in chips) 
Seat 3: Lomex001 ($5.88 in chips) 
Seat 4: Deluxe1984 ($10.65 in chips) 
Seat 7: marinaul ($6.57 in chips) 
Seat 8: mumisber ($1.86 in chips) 
Seat 9: JRMorgz ($5 in chips) 
Tpkb: posts small blind $0.02
Lomex001: posts big blind $0.05
*** HOLE CARDS ***
Dealt to Dorex2007 [Qh Jh]
Deluxe1984: folds 
marinaul: folds 
mumisber: folds 
JRMorgz: folds 
Dorex2007: raises $0.10 to $0.15
Tpkb: calls $0.13
Lomex001: calls $0.10
*** FLOP *** [Tc 7d 8c]
Tpkb: checks 
Lomex001: checks 
Dorex2007: checks 
*** TURN *** [Tc 7d 8c] [8h]
Tpkb: checks 
Lomex001: bets $0.21
Dorex2007: folds 
Tpkb: calls $0.21
*** RIVER *** [Tc 7d 8c 8h] [Ts]
Tpkb: checks 
Lomex001: bets $1.45
Tpkb: folds 
Uncalled bet ($1.45) returned to Lomex001
Lomex001 collected $0.82 from pot
Lomex001: doesn't show hand 
*** SUMMARY ***
Total pot $0.87 | Rake $0.05 
Board [Tc 7d 8c 8h Ts]
Seat 1: Dorex2007 (button) folded on the Turn
Seat 2: Tpkb (small blind) folded on the River
Seat 3: Lomex001 (big blind) collected ($0.82)
Seat 4: Deluxe1984 folded before Flop (didn't bet)
Seat 7: marinaul folded before Flop (didn't bet)
Seat 8: mumisber folded before Flop (didn't bet)
Seat 9: JRMorgz folded before Flop (didn't bet)



PokerStars Hand #238653365066:  Hold'em No Limit ($0.02/$0.05 USD) - 2022/09/15 16:59:44 PT [2022/09/15 19:59:44 ET]
Table 'Tyumenia II' 9-max Seat #2 is the button
Seat 1: Dorex2007 ($5 in chips) 
Seat 2: Tpkb ($1.39 in chips) 
Seat 3: Lomex001 ($6.34 in chips) 
Seat 4: Deluxe1984 ($10.65 in chips) 
Seat 7: marinaul ($6.57 in chips) 
Seat 8: mumisber ($1.86 in chips) 
Seat 9: JRMorgz ($5 in chips) 
Lomex001: posts small blind $0.02
Deluxe1984: posts big blind $0.05
*** HOLE CARDS ***
Dealt to Dorex2007 [5h 3h]
marinaul: folds 
mumisber: folds 
JRMorgz: folds 
Dorex2007: folds 
Tpkb: folds 
Lomex001: calls $0.03
Deluxe1984: checks 
*** FLOP *** [2d 9s Kc]
Lomex001: checks 
Deluxe1984: checks 
*** TURN *** [2d 9s Kc] [3s]
Lomex001: checks 
Deluxe1984: checks 
*** RIVER *** [2d 9s Kc 3s] [5s]
Lomex001: checks 
Deluxe1984: bets $0.05
Lomex001: folds 
Uncalled bet ($0.05) returned to Deluxe1984
Deluxe1984 collected $0.10 from pot
Deluxe1984: doesn't show hand 
*** SUMMARY ***
Total pot $0.10 | Rake $0 
Board [2d 9s Kc 3s 5s]
Seat 1: Dorex2007 folded before Flop (didn't bet)
Seat 2: Tpkb (button) folded before Flop (didn't bet)
Seat 3: Lomex001 (small blind) folded on the River
Seat 4: Deluxe1984 (big blind) collected ($0.10)
Seat 7: marinaul folded before Flop (didn't bet)
Seat 8: mumisber folded before Flop (didn't bet)
Seat 9: JRMorgz folded before Flop (didn't bet)



PokerStars Hand #238653370228:  Hold'em No Limit ($0.02/$0.05 USD) - 2022/09/15 17:00:10 PT [2022/09/15 20:00:10 ET]
Table 'Tyumenia II' 9-max Seat #3 is the button
Seat 1: Dorex2007 ($5 in chips) 
Seat 2: Tpkb ($1.39 in chips) 
Seat 3: Lomex001 ($6.29 in chips) 
Seat 4: Deluxe1984 ($10.70 in chips) 
Seat 7: marinaul ($6.57 in chips) 
Seat 8: mumisber ($1.86 in chips) 
Seat 9: JRMorgz ($5 in chips) 
Deluxe1984: posts small blind $0.02
marinaul: posts big blind $0.05
*** HOLE CARDS ***
Dealt to Dorex2007 [3c 2c]
mumisber: folds 
JRMorgz: folds 
Dorex2007: folds 
Tpkb: calls $0.05
Lomex001: raises $0.15 to $0.20
Deluxe1984: folds 
marinaul: calls $0.15
Tpkb: calls $0.15
*** FLOP *** [3d 2d 7h]
marinaul: checks 
Tpkb: checks 
Lomex001: bets $0.30
marinaul: folds 
Tpkb: calls $0.30
*** TURN *** [3d 2d 7h] [Js]
Tpkb: checks 
Lomex001: checks 
*** RIVER *** [3d 2d 7h Js] [7d]
Tpkb: bets $0.89 and is all-in
Lomex001: calls $0.89
*** SHOW DOWN ***
Tpkb: shows [4d Qd] (a flush, Queen high)
Lomex001: shows [Ac 2s] (two pair, Sevens and Deuces)
Tpkb collected $2.88 from pot
*** SUMMARY ***
Total pot $3 | Rake $0.12 
Board [3d 2d 7h Js 7d]
Seat 1: Dorex2007 folded before Flop (didn't bet)
Seat 2: Tpkb showed [4d Qd] and won ($2.88) with a flush, Queen high
Seat 3: Lomex001 (button) showed [Ac 2s] and lost with two pair, Sevens and Deuces
Seat 4: Deluxe1984 (small blind) folded before Flop
Seat 7: marinaul (big blind) folded on the Flop
Seat 8: mumisber folded before Flop (didn't bet)
Seat 9: JRMorgz folded before Flop (didn't bet)



PokerStars Hand #238653380711:  Hold'em No Limit ($0.02/$0.05 USD) - 2022/09/15 17:00:58 PT [2022/09/15 20:00:58 ET]
Table 'Tyumenia II' 9-max Seat #4 is the button
Seat 1: Dorex2007 ($5 in chips) 
Seat 3: Lomex001 ($4.90 in chips) 
Seat 4: Deluxe1984 ($10.68 in chips) 
Seat 7: marinaul ($6.37 in chips) 
Seat 8: mumisber ($1.86 in chips) 
Seat 9: JRMorgz ($5 in chips) 
marinaul: posts small blind $0.02
mumisber: posts big blind $0.05
*** HOLE CARDS ***
Dealt to Dorex2007 [4h As]
JRMorgz: folds 
Dorex2007: folds 
Lomex001: folds 
Deluxe1984: folds 
marinaul: folds 
Uncalled bet ($0.03) returned to mumisber
mumisber collected $0.04 from pot
*** SUMMARY ***
Total pot $0.04 | Rake $0 
Seat 1: Dorex2007 folded before Flop (didn't bet)
Seat 3: Lomex001 folded before Flop (didn't bet)
Seat 4: Deluxe1984 (button) folded before Flop (didn't bet)
Seat 7: marinaul (small blind) folded before Flop
Seat 8: mumisber (big blind) collected ($0.04)
Seat 9: JRMorgz folded before Flop (didn't bet)



PokerStars Hand #238653382659:  Hold'em No Limit ($0.02/$0.05 USD) - 2022/09/15 17:01:07 PT [2022/09/15 20:01:07 ET]
Table 'Tyumenia II' 9-max Seat #7 is the button
Seat 1: Dorex2007 ($5 in chips) 
Seat 3: Lomex001 ($4.90 in chips) 
Seat 4: Deluxe1984 ($10.68 in chips) 
Seat 7: marinaul ($6.35 in chips) 
Seat 8: mumisber ($1.88 in chips) 
Seat 9: JRMorgz ($5 in chips) 
mumisber: posts small blind $0.02
JRMorgz: posts big blind $0.05
foresfas0: sits out 
*** HOLE CARDS ***
Dealt to Dorex2007 [4d Jd]
Dorex2007: folds 
Lomex001: folds 
Deluxe1984: folds 
marinaul: folds 
mumisber: folds 
Uncalled bet ($0.03) returned to JRMorgz
JRMorgz collected $0.04 from pot
*** SUMMARY ***
Total pot $0.04 | Rake $0 
Seat 1: Dorex2007 folded before Flop (didn't bet)
Seat 3: Lomex001 folded before Flop (didn't bet)
Seat 4: Deluxe1984 folded before Flop (didn't bet)
Seat 7: marinaul (button) folded before Flop (didn't bet)
Seat 8: mumisber (small blind) folded before Flop
Seat 9: JRMorgz (big blind) collected ($0.04)



PokerStars Hand #238653384271:  Hold'em No Limit ($0.02/$0.05 USD) - 2022/09/15 17:01:14 PT [2022/09/15 20:01:14 ET]
Table 'Tyumenia II' 9-max Seat #8 is the button
Seat 1: Dorex2007 ($5 in chips) 
Seat 3: Lomex001 ($4.90 in chips) 
Seat 4: Deluxe1984 ($10.68 in chips) 
Seat 6: foresfas0 ($7.03 in chips) 
Seat 7: marinaul ($6.35 in chips) 
Seat 8: mumisber ($1.86 in chips) 
Seat 9: JRMorgz ($5.02 in chips) 
JRMorgz: posts small blind $0.02
Dorex2007: posts big blind $0.05
foresfas0: posts small & big blinds $0.07
*** HOLE CARDS ***
Dealt to Dorex2007 [4h 9s]
Lomex001: folds 
Deluxe1984: folds 
foresfas0: raises $0.05 to $0.10
marinaul: calls $0.10
mumisber: folds 
JRMorgz: folds 
Dorex2007: folds 
*** FLOP *** [6h As 9h]
foresfas0: checks 
marinaul: bets $0.15
foresfas0: calls $0.15
*** TURN *** [6h As 9h] [8d]
foresfas0: checks 
marinaul: checks 
*** RIVER *** [6h As 9h 8d] [Jc]
foresfas0: checks 
marinaul: checks 
*** SHOW DOWN ***
foresfas0: shows [Kh Qs] (high card Ace)
marinaul: shows [3c 3h] (a pair of Threes)
marinaul collected $0.57 from pot
*** SUMMARY ***
Total pot $0.59 | Rake $0.02 
Board [6h As 9h 8d Jc]
Seat 1: Dorex2007 (big blind) folded before Flop
Seat 3: Lomex001 folded before Flop (didn't bet)
Seat 4: Deluxe1984 folded before Flop (didn't bet)
Seat 6: foresfas0 showed [Kh Qs] and lost with high card Ace
Seat 7: marinaul showed [3c 3h] and won ($0.57) with a pair of Threes
Seat 8: mumisber (button) folded before Flop (didn't bet)
Seat 9: JRMorgz (small blind) folded before Flop



PokerStars Hand #238653396216:  Hold'em No Limit ($0.02/$0.05 USD) - 2022/09/15 17:02:06 PT [2022/09/15 20:02:06 ET]
Table 'Tyumenia II' 9-max Seat #9 is the button
Seat 1: Dorex2007 ($5 in chips) 
Seat 3: Lomex001 ($4.90 in chips) 
Seat 4: Deluxe1984 ($10.68 in chips) 
Seat 6: foresfas0 ($6.76 in chips) 
Seat 7: marinaul ($6.67 in chips) 
Seat 8: mumisber ($1.86 in chips) 
Seat 9: JRMorgz ($5 in chips) 
Dorex2007: posts small blind $0.02
Lomex001: posts big blind $0.05
*** HOLE CARDS ***
Dealt to Dorex2007 [2c 5d]
Deluxe1984: folds 
foresfas0: folds 
marinaul: folds 
mumisber: folds 
JRMorgz: raises $0.10 to $0.15
Dorex2007: folds 
Lomex001: calls $0.10
*** FLOP *** [Ac 3s Kc]
Lomex001: checks 
JRMorgz: bets $0.10
Lomex001: calls $0.10
*** TURN *** [Ac 3s Kc] [6s]
Lomex001: checks 
JRMorgz: bets $0.20
Lomex001: calls $0.20
*** RIVER *** [Ac 3s Kc 6s] [4c]
Lomex001: bets $0.44
Tpkb is disconnected 
JRMorgz: folds 
Uncalled bet ($0.44) returned to Lomex001
Lomex001 collected $0.87 from pot
Lomex001: doesn't show hand 
*** SUMMARY ***
Total pot $0.92 | Rake $0.05 
Board [Ac 3s Kc 6s 4c]
Seat 1: Dorex2007 (small blind) folded before Flop
Seat 3: Lomex001 (big blind) collected ($0.87)
Seat 4: Deluxe1984 folded before Flop (didn't bet)
Seat 6: foresfas0 folded before Flop (didn't bet)
Seat 7: marinaul folded before Flop (didn't bet)
Seat 8: mumisber folded before Flop (didn't bet)
Seat 9: JRMorgz (button) folded on the River



PokerStars Hand #238653414319:  Hold'em No Limit ($0.02/$0.05 USD) - 2022/09/15 17:03:22 PT [2022/09/15 20:03:22 ET]
Table 'Tyumenia II' 9-max Seat #1 is the button
Seat 1: Dorex2007 ($5 in chips) 
Seat 3: Lomex001 ($5.32 in chips) 
Seat 4: Deluxe1984 ($10.68 in chips) 
Seat 6: foresfas0 ($6.76 in chips) 
Seat 7: marinaul ($6.67 in chips) 
Seat 8: mumisber ($1.86 in chips) 
Seat 9: JRMorgz ($5 in chips) 
Lomex001: posts small blind $0.02
Deluxe1984: posts big blind $0.05
*** HOLE CARDS ***
Dealt to Dorex2007 [7d 8c]
foresfas0 has timed out
foresfas0: folds 
marinaul: folds 
mumisber: folds 
JRMorgz: folds 
Dorex2007: folds 
Lomex001: calls $0.03
Deluxe1984: checks 
*** FLOP *** [6d Kh 2d]
Lomex001: checks 
Deluxe1984: checks 
*** TURN *** [6d Kh 2d] [8d]
Lomex001: checks 
Deluxe1984: bets $0.05
Lomex001: folds 
Uncalled bet ($0.05) returned to Deluxe1984
Deluxe1984 collected $0.10 from pot
Deluxe1984: doesn't show hand 
*** SUMMARY ***
Total pot $0.10 | Rake $0 
Board [6d Kh 2d 8d]
Seat 1: Dorex2007 (button) folded before Flop (didn't bet)
Seat 3: Lomex001 (small blind) folded on the Turn
Seat 4: Deluxe1984 (big blind) collected ($0.10)
Seat 6: foresfas0 folded before Flop (didn't bet)
Seat 7: marinaul folded before Flop (didn't bet)
Seat 8: mumisber folded before Flop (didn't bet)
Seat 9: JRMorgz folded before Flop (didn't bet)



PokerStars Hand #238653422814:  Hold'em No Limit ($0.02/$0.05 USD) - 2022/09/15 17:03:57 PT [2022/09/15 20:03:57 ET]
Table 'Tyumenia II' 9-max Seat #3 is the button
Seat 1: Dorex2007 ($5 in chips) 
Seat 3: Lomex001 ($5.27 in chips) 
Seat 4: Deluxe1984 ($10.73 in chips) 
Seat 5: SRCavassana ($5 in chips) 
Seat 6: foresfas0 ($6.76 in chips) 
Seat 7: marinaul ($6.67 in chips) 
Seat 8: mumisber ($1.86 in chips) 
Seat 9: JRMorgz ($5 in chips) 
Deluxe1984: posts small blind $0.02
SRCavassana: posts big blind $0.05
*** HOLE CARDS ***
Dealt to Dorex2007 [Kd 6d]
foresfas0: calls $0.05
marinaul: folds 
mumisber: folds 
JRMorgz: folds 
Dorex2007: folds 
Lomex001: folds 
Deluxe1984: raises $0.10 to $0.15
SRCavassana: raises $0.30 to $0.45
foresfas0: folds 
Deluxe1984: calls $0.30
*** FLOP *** [Kc 8d 2s]
Deluxe1984: checks 
SRCavassana: bets $0.50
Deluxe1984: folds 
Uncalled bet ($0.50) returned to SRCavassana
SRCavassana collected $0.91 from pot
*** SUMMARY ***
Total pot $0.95 | Rake $0.04 
Board [Kc 8d 2s]
Seat 1: Dorex2007 folded before Flop (didn't bet)
Seat 3: Lomex001 (button) folded before Flop (didn't bet)
Seat 4: Deluxe1984 (small blind) folded on the Flop
Seat 5: SRCavassana (big blind) collected ($0.91)
Seat 6: foresfas0 folded before Flop
Seat 7: marinaul folded before Flop (didn't bet)
Seat 8: mumisber folded before Flop (didn't bet)
Seat 9: JRMorgz folded before Flop (didn't bet)



PokerStars Hand #238653431996:  Hold'em No Limit ($0.02/$0.05 USD) - 2022/09/15 17:04:35 PT [2022/09/15 20:04:35 ET]
Table 'Tyumenia II' 9-max Seat #4 is the button
Seat 1: Dorex2007 ($5 in chips) 
Seat 3: Lomex001 ($5.27 in chips) 
Seat 4: Deluxe1984 ($10.28 in chips) 
Seat 5: SRCavassana ($5.46 in chips) 
Seat 6: foresfas0 ($6.71 in chips) 
Seat 7: marinaul ($6.67 in chips) 
Seat 8: mumisber ($1.86 in chips) 
Seat 9: JRMorgz ($5 in chips) 
SRCavassana: posts small blind $0.02
foresfas0: posts big blind $0.05
*** HOLE CARDS ***
Dealt to Dorex2007 [9h 9c]
marinaul: folds 
mumisber: folds 
JRMorgz: folds 
Dorex2007: raises $0.12 to $0.17
Lomex001: folds 
Deluxe1984: calls $0.17
SRCavassana: calls $0.15
foresfas0: folds 
*** FLOP *** [3c Td Ks]
SRCavassana: checks 
Dorex2007: checks 
Deluxe1984: checks 
*** TURN *** [3c Td Ks] [Js]
SRCavassana: checks 
Dorex2007: checks 
Deluxe1984: checks 
*** RIVER *** [3c Td Ks Js] [Ad]
SRCavassana: bets $0.20
Dorex2007: folds 
Deluxe1984: folds 
Uncalled bet ($0.20) returned to SRCavassana
SRCavassana collected $0.54 from pot
*** SUMMARY ***
Total pot $0.56 | Rake $0.02 
Board [3c Td Ks Js Ad]
Seat 1: Dorex2007 folded on the River
Seat 3: Lomex001 folded before Flop (didn't bet)
Seat 4: Deluxe1984 (button) folded on the River
Seat 5: SRCavassana (small blind) collected ($0.54)
Seat 6: foresfas0 (big blind) folded before Flop
Seat 7: marinaul folded before Flop (didn't bet)
Seat 8: mumisber folded before Flop (didn't bet)
Seat 9: JRMorgz folded before Flop (didn't bet)



PokerStars Hand #238653443796:  Hold'em No Limit ($0.02/$0.05 USD) - 2022/09/15 17:05:24 PT [2022/09/15 20:05:24 ET]
Table 'Tyumenia II' 9-max Seat #5 is the button
Seat 1: Dorex2007 ($5 in chips) 
Seat 3: Lomex001 ($5.27 in chips) 
Seat 4: Deluxe1984 ($10.11 in chips) 
Seat 5: SRCavassana ($5.83 in chips) 
Seat 6: foresfas0 ($6.66 in chips) 
Seat 7: marinaul ($6.67 in chips) 
Seat 8: mumisber ($1.86 in chips) 
Seat 9: JRMorgz ($5 in chips) 
foresfas0: posts small blind $0.02
marinaul: posts big blind $0.05
*** HOLE CARDS ***
Dealt to Dorex2007 [3s As]
mumisber: folds 
JRMorgz: folds 
Dorex2007: raises $0.05 to $0.10
Lomex001: folds 
Deluxe1984: calls $0.10
SRCavassana: folds 
foresfas0: calls $0.08
marinaul: calls $0.05
*** FLOP *** [5h Qs 6c]
foresfas0: checks 
marinaul: checks 
Dorex2007: checks 
Deluxe1984: bets $0.15
foresfas0: folds 
marinaul: folds 
Dorex2007: folds 
Uncalled bet ($0.15) returned to Deluxe1984
Deluxe1984 collected $0.38 from pot
Deluxe1984: doesn't show hand 
*** SUMMARY ***
Total pot $0.40 | Rake $0.02 
Board [5h Qs 6c]
Seat 1: Dorex2007 folded on the Flop
Seat 3: Lomex001 folded before Flop (didn't bet)
Seat 4: Deluxe1984 collected ($0.38)
Seat 5: SRCavassana (button) folded before Flop (didn't bet)
Seat 6: foresfas0 (small blind) folded on the Flop
Seat 7: marinaul (big blind) folded on the Flop
Seat 8: mumisber folded before Flop (didn't bet)
Seat 9: JRMorgz folded before Flop (didn't bet)



PokerStars Hand #238653455013:  Hold'em No Limit ($0.02/$0.05 USD) - 2022/09/15 17:06:10 PT [2022/09/15 20:06:10 ET]
Table 'Tyumenia II' 9-max Seat #6 is the button
Seat 1: Dorex2007 ($5 in chips) 
Seat 3: Lomex001 ($5.27 in chips) 
Seat 4: Deluxe1984 ($10.39 in chips) 
Seat 5: SRCavassana ($5.83 in chips) 
Seat 6: foresfas0 ($6.56 in chips) 
Seat 7: marinaul ($6.57 in chips) 
Seat 8: mumisber ($1.86 in chips) 
Seat 9: JRMorgz ($5 in chips) 
marinaul: posts small blind $0.02
mumisber: posts big blind $0.05
*** HOLE CARDS ***
Dealt to Dorex2007 [9d 2d]
JRMorgz: folds 
Dorex2007: folds 
Lomex001: folds 
Deluxe1984: folds 
SRCavassana: folds 
foresfas0: calls $0.05
marinaul: calls $0.03
mumisber: checks 
*** FLOP *** [6c 3c As]
marinaul: bets $0.10
mumisber: folds 
foresfas0: calls $0.10
*** TURN *** [6c 3c As] [5c]
marinaul: bets $0.20
foresfas0: folds 
Uncalled bet ($0.20) returned to marinaul
marinaul collected $0.34 from pot
marinaul: doesn't show hand 
*** SUMMARY ***
Total pot $0.35 | Rake $0.01 
Board [6c 3c As 5c]
Seat 1: Dorex2007 folded before Flop (didn't bet)
Seat 3: Lomex001 folded before Flop (didn't bet)
Seat 4: Deluxe1984 folded before Flop (didn't bet)
Seat 5: SRCavassana folded before Flop (didn't bet)
Seat 6: foresfas0 (button) folded on the Turn
Seat 7: marinaul (small blind) collected ($0.34)
Seat 8: mumisber (big blind) folded on the Flop
Seat 9: JRMorgz folded before Flop (didn't bet)



PokerStars Hand #238653462772:  Hold'em No Limit ($0.02/$0.05 USD) - 2022/09/15 17:06:42 PT [2022/09/15 20:06:42 ET]
Table 'Tyumenia II' 9-max Seat #7 is the button
Seat 1: Dorex2007 ($5 in chips) 
Seat 3: Lomex001 ($5.27 in chips) 
Seat 4: Deluxe1984 ($10.39 in chips) 
Seat 5: SRCavassana ($5.83 in chips) 
Seat 6: foresfas0 ($6.41 in chips) 
Seat 7: marinaul ($6.76 in chips) 
Seat 8: mumisber ($1.81 in chips) 
Seat 9: JRMorgz ($5 in chips) 
mumisber: posts small blind $0.02
JRMorgz: posts big blind $0.05
*** HOLE CARDS ***
Dealt to Dorex2007 [3s 5c]
Dorex2007: folds 
Lomex001: raises $0.10 to $0.15
Deluxe1984: calls $0.15
SRCavassana: calls $0.15
foresfas0: folds 
marinaul: folds 
mumisber: folds 
JRMorgz: folds 
*** FLOP *** [9d 5d Kc]
Lomex001: checks 
Deluxe1984: bets $0.25
SRCavassana: raises $5.43 to $5.68 and is all-in
Lomex001: folds 
Deluxe1984: calls $5.43
*** TURN *** [9d 5d Kc] [8d]
*** RIVER *** [9d 5d Kc 8d] [4d]
*** SHOW DOWN ***
Deluxe1984: shows [Tc Kd] (a flush, King high)
SRCavassana: shows [Jc Kh] (a pair of Kings)
Deluxe1984 cashed out the hand for $2.14 | Cash Out Fee $0.02
*** SUMMARY ***
Total pot $11.88 | Rake $0.49 
Board [9d 5d Kc 8d 4d]
Seat 1: Dorex2007 folded before Flop (didn't bet)
Seat 3: Lomex001 folded on the Flop
Seat 4: Deluxe1984 showed [Tc Kd] and won ($11.39) with a flush, King high (pot not awarded as player cashed out)
Seat 5: SRCavassana showed [Jc Kh] and lost with a pair of Kings
Seat 6: foresfas0 folded before Flop (didn't bet)
Seat 7: marinaul (button) folded before Flop (didn't bet)
Seat 8: mumisber (small blind) folded before Flop
Seat 9: JRMorgz (big blind) folded before Flop



PokerStars Hand #238653475990:  Hold'em No Limit ($0.02/$0.05 USD) - 2022/09/15 17:07:37 PT [2022/09/15 20:07:37 ET]
Table 'Tyumenia II' 9-max Seat #8 is the button
Seat 1: Dorex2007 ($5 in chips) 
Seat 3: Lomex001 ($5.12 in chips) 
Seat 4: Deluxe1984 ($6.70 in chips) 
Seat 6: foresfas0 ($6.41 in chips) 
Seat 7: marinaul ($6.76 in chips) 
Seat 8: mumisber ($1.79 in chips) 
Seat 9: JRMorgz ($5 in chips) 
JRMorgz: posts small blind $0.02
Dorex2007: posts big blind $0.05
*** HOLE CARDS ***
Dealt to Dorex2007 [4h Tc]
Lomex001: folds 
Deluxe1984: folds 
SRCavassana leaves the table
foresfas0: folds 
marinaul: folds 
mumisber: folds 
JRMorgz: folds 
Uncalled bet ($0.03) returned to Dorex2007
Dorex2007 collected $0.04 from pot
Dorex2007: doesn't show hand 
*** SUMMARY ***
Total pot $0.04 | Rake $0 
Seat 1: Dorex2007 (big blind) collected ($0.04)
Seat 3: Lomex001 folded before Flop (didn't bet)
Seat 4: Deluxe1984 folded before Flop (didn't bet)
Seat 6: foresfas0 folded before Flop (didn't bet)
Seat 7: marinaul folded before Flop (didn't bet)
Seat 8: mumisber (button) folded before Flop (didn't bet)
Seat 9: JRMorgz (small blind) folded before Flop



PokerStars Hand #238653480514:  Hold'em No Limit ($0.02/$0.05 USD) - 2022/09/15 17:07:56 PT [2022/09/15 20:07:56 ET]
Table 'Tyumenia II' 9-max Seat #9 is the button
Seat 1: Dorex2007 ($5.02 in chips) 
Seat 3: Lomex001 ($5.12 in chips) 
Seat 4: Deluxe1984 ($6.70 in chips) 
Seat 6: foresfas0 ($6.41 in chips) 
Seat 7: marinaul ($6.76 in chips) 
Seat 8: mumisber ($1.79 in chips) 
Seat 9: JRMorgz ($5 in chips) 
Dorex2007: posts small blind $0.02
Lomex001: posts big blind $0.05
*** HOLE CARDS ***
Dealt to Dorex2007 [3s 6s]
Deluxe1984: raises $0.10 to $0.15
foresfas0: folds 
marinaul: folds 
mumisber: folds 
HAEMHuk2009 joins the table at seat #5 
JRMorgz has timed out
JRMorgz: folds 
Dorex2007: folds 
Lomex001: folds 
Uncalled bet ($0.10) returned to Deluxe1984
Deluxe1984 collected $0.12 from pot
Deluxe1984: doesn't show hand 
*** SUMMARY ***
Total pot $0.12 | Rake $0 
Seat 1: Dorex2007 (small blind) folded before Flop
Seat 3: Lomex001 (big blind) folded before Flop
Seat 4: Deluxe1984 collected ($0.12)
Seat 6: foresfas0 folded before Flop (didn't bet)
Seat 7: marinaul folded before Flop (didn't bet)
Seat 8: mumisber folded before Flop (didn't bet)
Seat 9: JRMorgz (button) folded before Flop (didn't bet)



PokerStars Hand #238653489345:  Hold'em No Limit ($0.02/$0.05 USD) - 2022/09/15 17:08:32 PT [2022/09/15 20:08:32 ET]
Table 'Tyumenia II' 9-max Seat #1 is the button
Seat 1: Dorex2007 ($5 in chips) 
Seat 3: Lomex001 ($5.07 in chips) 
Seat 4: Deluxe1984 ($6.77 in chips) 
Seat 6: foresfas0 ($6.41 in chips) 
Seat 7: marinaul ($6.76 in chips) 
Seat 8: mumisber ($1.79 in chips) 
Lomex001: posts small blind $0.02
Deluxe1984: posts big blind $0.05
HAEMHuk2009: sits out 
*** HOLE CARDS ***
Dealt to Dorex2007 [Jd Qh]
foresfas0: folds 
marinaul: folds 
mumisber: folds 
Dorex2007: folds 
Lomex001: calls $0.03
Deluxe1984: checks 
*** FLOP *** [2d 6h 6s]
Lomex001: checks 
Deluxe1984: checks 
*** TURN *** [2d 6h 6s] [Jh]
Lomex001: checks 
Deluxe1984: checks 
*** RIVER *** [2d 6h 6s Jh] [Js]
Lomex001: checks 
Deluxe1984: checks 
*** SHOW DOWN ***
Lomex001: shows [Th 9h] (two pair, Jacks and Sixes)
Deluxe1984: shows [3c Kc] (two pair, Jacks and Sixes - King kicker)
Deluxe1984 collected $0.10 from pot
*** SUMMARY ***
Total pot $0.10 | Rake $0 
Board [2d 6h 6s Jh Js]
Seat 1: Dorex2007 (button) folded before Flop (didn't bet)
Seat 3: Lomex001 (small blind) showed [Th 9h] and lost with two pair, Jacks and Sixes
Seat 4: Deluxe1984 (big blind) showed [3c Kc] and won ($0.10) with two pair, Jacks and Sixes
Seat 6: foresfas0 folded before Flop (didn't bet)
Seat 7: marinaul folded before Flop (didn't bet)
Seat 8: mumisber folded before Flop (didn't bet)



PokerStars Hand #238653496934:  Hold'em No Limit ($0.02/$0.05 USD) - 2022/09/15 17:09:04 PT [2022/09/15 20:09:04 ET]
Table 'Tyumenia II' 9-max Seat #3 is the button
Seat 1: Dorex2007 ($5 in chips) 
Seat 3: Lomex001 ($5.02 in chips) 
Seat 4: Deluxe1984 ($6.82 in chips) 
Seat 5: HAEMHuk2009 ($5 in chips) 
Seat 6: foresfas0 ($6.41 in chips) 
Seat 7: marinaul ($6.76 in chips) 
Seat 8: mumisber ($1.79 in chips) 
Deluxe1984: posts small blind $0.02
HAEMHuk2009: posts big blind $0.05
*** HOLE CARDS ***
Dealt to Dorex2007 [Kd Qs]
foresfas0: raises $0.05 to $0.10
marinaul: folds 
mumisber: calls $0.10
Dorex2007: calls $0.10
Lomex001: folds 
Deluxe1984: folds 
HAEMHuk2009: folds 
*** FLOP *** [As 6h 9c]
foresfas0: checks 
mumisber: bets $0.10
Dorex2007: folds 
foresfas0: calls $0.10
*** TURN *** [As 6h 9c] [2d]
foresfas0: checks 
mumisber: bets $0.70
foresfas0: folds 
Uncalled bet ($0.70) returned to mumisber
mumisber collected $0.55 from pot
*** SUMMARY ***
Total pot $0.57 | Rake $0.02 
Board [As 6h 9c 2d]
Seat 1: Dorex2007 folded on the Flop
Seat 3: Lomex001 (button) folded before Flop (didn't bet)
Seat 4: Deluxe1984 (small blind) folded before Flop
Seat 5: HAEMHuk2009 (big blind) folded before Flop
Seat 6: foresfas0 folded on the Turn
Seat 7: marinaul folded before Flop (didn't bet)
Seat 8: mumisber collected ($0.55)



PokerStars Hand #238653510864:  Hold'em No Limit ($0.02/$0.05 USD) - 2022/09/15 17:10:02 PT [2022/09/15 20:10:02 ET]
Table 'Tyumenia II' 9-max Seat #4 is the button
Seat 1: Dorex2007 ($5 in chips) 
Seat 3: Lomex001 ($5.02 in chips) 
Seat 4: Deluxe1984 ($6.80 in chips) 
Seat 5: HAEMHuk2009 ($5 in chips) 
Seat 6: foresfas0 ($6.21 in chips) 
Seat 7: marinaul ($6.76 in chips) 
Seat 8: mumisber ($2.14 in chips) 
HAEMHuk2009: posts small blind $0.02
foresfas0: posts big blind $0.05
*** HOLE CARDS ***
Dealt to Dorex2007 [Ah 3h]
marinaul: folds 
mumisber: folds 
Dorex2007: folds 
Lomex001: folds 
Deluxe1984: folds 
HAEMHuk2009: folds 
Uncalled bet ($0.03) returned to foresfas0
foresfas0 collected $0.04 from pot
*** SUMMARY ***
Total pot $0.04 | Rake $0 
Seat 1: Dorex2007 folded before Flop (didn't bet)
Seat 3: Lomex001 folded before Flop (didn't bet)
Seat 4: Deluxe1984 (button) folded before Flop (didn't bet)
Seat 5: HAEMHuk2009 (small blind) folded before Flop
Seat 6: foresfas0 (big blind) collected ($0.04)
Seat 7: marinaul folded before Flop (didn't bet)
Seat 8: mumisber folded before Flop (didn't bet)



PokerStars Hand #238653514520:  Hold'em No Limit ($0.02/$0.05 USD) - 2022/09/15 17:10:17 PT [2022/09/15 20:10:17 ET]
Table 'Tyumenia II' 9-max Seat #5 is the button
Seat 1: Dorex2007 ($5 in chips) 
Seat 3: Lomex001 ($5.02 in chips) 
Seat 4: Deluxe1984 ($6.80 in chips) 
Seat 5: HAEMHuk2009 ($5 in chips) 
Seat 6: foresfas0 ($6.23 in chips) 
Seat 8: mumisber ($2.14 in chips) 
foresfas0: posts small blind $0.02
marinaul: is sitting out 
mumisber: posts big blind $0.05
*** HOLE CARDS ***
Dealt to Dorex2007 [5d 7h]
marinaul leaves the table
Dorex2007: folds 
Lomex001: folds 
Deluxe1984: calls $0.05
HAEMHuk2009: folds 
foresfas0: folds 
mumisber: checks 
*** FLOP *** [Kh 3c 5c]
mumisber: checks 
Deluxe1984: bets $0.10
JRMorgz is disconnected 
enixblr joins the table at seat #7 
mumisber: calls $0.10
*** TURN *** [Kh 3c 5c] [Js]
mumisber: checks 
Deluxe1984: bets $0.25
mumisber: calls $0.25
*** RIVER *** [Kh 3c 5c Js] [Ah]
mumisber: checks 
Deluxe1984: bets $0.70
mumisber: folds 
Uncalled bet ($0.70) returned to Deluxe1984
Deluxe1984 collected $0.78 from pot
Deluxe1984: doesn't show hand 
*** SUMMARY ***
Total pot $0.82 | Rake $0.04 
Board [Kh 3c 5c Js Ah]
Seat 1: Dorex2007 folded before Flop (didn't bet)
Seat 3: Lomex001 folded before Flop (didn't bet)
Seat 4: Deluxe1984 collected ($0.78)
Seat 5: HAEMHuk2009 (button) folded before Flop (didn't bet)
Seat 6: foresfas0 (small blind) folded before Flop
Seat 8: mumisber (big blind) folded on the River



PokerStars Hand #238653525943:  Hold'em No Limit ($0.02/$0.05 USD) - 2022/09/15 17:11:05 PT [2022/09/15 20:11:05 ET]
Table 'Tyumenia II' 9-max Seat #6 is the button
Seat 1: Dorex2007 ($5 in chips) 
Seat 3: Lomex001 ($5.02 in chips) 
Seat 4: Deluxe1984 ($7.18 in chips) 
Seat 5: HAEMHuk2009 ($5 in chips) 
Seat 6: foresfas0 ($6.21 in chips) 
Seat 8: mumisber ($1.74 in chips) 
mumisber: posts small blind $0.02
Dorex2007: posts big blind $0.05
*** HOLE CARDS ***
Dealt to Dorex2007 [4h Qd]
Lomex001: folds 
Deluxe1984: raises $0.10 to $0.15
HAEMHuk2009: folds 
foresfas0: calls $0.15
mumisber: folds 
Dorex2007: folds 
*** FLOP *** [2d 6h 7s]
Deluxe1984: checks 
foresfas0: checks 
*** TURN *** [2d 6h 7s] [Qc]
Deluxe1984: checks 
foresfas0: checks 
*** RIVER *** [2d 6h 7s Qc] [9h]
Deluxe1984: checks 
foresfas0: checks 
*** SHOW DOWN ***
Deluxe1984: shows [Ac 2c] (a pair of Deuces)
foresfas0: mucks hand 
Deluxe1984 collected $0.35 from pot
*** SUMMARY ***
Total pot $0.37 | Rake $0.02 
Board [2d 6h 7s Qc 9h]
Seat 1: Dorex2007 (big blind) folded before Flop
Seat 3: Lomex001 folded before Flop (didn't bet)
Seat 4: Deluxe1984 showed [Ac 2c] and won ($0.35) with a pair of Deuces
Seat 5: HAEMHuk2009 folded before Flop (didn't bet)
Seat 6: foresfas0 (button) mucked [Jd Ts]
Seat 8: mumisber (small blind) folded before Flop



PokerStars Hand #238653537280:  Hold'em No Limit ($0.02/$0.05 USD) - 2022/09/15 17:11:52 PT [2022/09/15 20:11:52 ET]
Table 'Tyumenia II' 9-max Seat #8 is the button
Seat 1: Dorex2007 ($5 in chips) 
Seat 3: Lomex001 ($5.02 in chips) 
Seat 4: Deluxe1984 ($7.38 in chips) 
Seat 5: HAEMHuk2009 ($5 in chips) 
Seat 6: foresfas0 ($6.06 in chips) 
Seat 8: mumisber ($1.72 in chips) 
Dorex2007: posts small blind $0.02
Lomex001: posts big blind $0.05
enixblr: sits out 
*** HOLE CARDS ***
Dealt to Dorex2007 [9d 5d]
Deluxe1984: folds 
HAEMHuk2009: folds 
foresfas0: calls $0.05
mumisber: folds 
Dorex2007: folds 
Lomex001: raises $0.10 to $0.15
foresfas0: calls $0.10
*** FLOP *** [Jc 7s 3d]
Lomex001: bets $0.15
foresfas0: folds 
Uncalled bet ($0.15) returned to Lomex001
Lomex001 collected $0.31 from pot
Lomex001: doesn't show hand 
*** SUMMARY ***
Total pot $0.32 | Rake $0.01 
Board [Jc 7s 3d]
Seat 1: Dorex2007 (small blind) folded before Flop
Seat 3: Lomex001 (big blind) collected ($0.31)
Seat 4: Deluxe1984 folded before Flop (didn't bet)
Seat 5: HAEMHuk2009 folded before Flop (didn't bet)
Seat 6: foresfas0 folded on the Flop
Seat 8: mumisber (button) folded before Flop (didn't bet)



PokerStars Hand #238653544979:  Hold'em No Limit ($0.02/$0.05 USD) - 2022/09/15 17:12:25 PT [2022/09/15 20:12:25 ET]
Table 'Tyumenia II' 9-max Seat #1 is the button
Seat 1: Dorex2007 ($5 in chips) 
Seat 3: Lomex001 ($5.18 in chips) 
Seat 4: Deluxe1984 ($7.38 in chips) 
Seat 5: HAEMHuk2009 ($5 in chips) 
Seat 6: foresfas0 ($5.91 in chips) 
Seat 8: mumisber ($1.72 in chips) 
Lomex001: posts small blind $0.02
Deluxe1984: posts big blind $0.05
enixblr: sits out 
*** HOLE CARDS ***
Dealt to Dorex2007 [2s Td]
HAEMHuk2009: folds 
foresfas0: folds 
mumisber: folds 
Dorex2007: folds 
Lomex001: folds 
Uncalled bet ($0.03) returned to Deluxe1984
Deluxe1984 collected $0.04 from pot
Deluxe1984: doesn't show hand 
*** SUMMARY ***
Total pot $0.04 | Rake $0 
Seat 1: Dorex2007 (button) folded before Flop (didn't bet)
Seat 3: Lomex001 (small blind) folded before Flop
Seat 4: Deluxe1984 (big blind) collected ($0.04)
Seat 5: HAEMHuk2009 folded before Flop (didn't bet)
Seat 6: foresfas0 folded before Flop (didn't bet)
Seat 8: mumisber folded before Flop (didn't bet)



PokerStars Hand #238653548558:  Hold'em No Limit ($0.02/$0.05 USD) - 2022/09/15 17:12:40 PT [2022/09/15 20:12:40 ET]
Table 'Tyumenia II' 9-max Seat #3 is the button
Seat 1: Dorex2007 ($5 in chips) 
Seat 3: Lomex001 ($5.16 in chips) 
Seat 4: Deluxe1984 ($7.40 in chips) 
Seat 5: HAEMHuk2009 ($5 in chips) 
Seat 6: foresfas0 ($5.91 in chips) 
Seat 8: mumisber ($1.72 in chips) 
Deluxe1984: posts small blind $0.02
HAEMHuk2009: posts big blind $0.05
enixblr: sits out 
*** HOLE CARDS ***
Dealt to Dorex2007 [2s 5h]
foresfas0: folds 
Tpkb leaves the table
mumisber: folds 
Dorex2007: folds 
Lomex001: folds 
Deluxe1984: folds 
Uncalled bet ($0.03) returned to HAEMHuk2009
HAEMHuk2009 collected $0.04 from pot
HAEMHuk2009: doesn't show hand 
*** SUMMARY ***
Total pot $0.04 | Rake $0 
Seat 1: Dorex2007 folded before Flop (didn't bet)
Seat 3: Lomex001 (button) folded before Flop (didn't bet)
Seat 4: Deluxe1984 (small blind) folded before Flop
Seat 5: HAEMHuk2009 (big blind) collected ($0.04)
Seat 6: foresfas0 folded before Flop (didn't bet)
Seat 8: mumisber folded before Flop (didn't bet)



PokerStars Hand #238653552504:  Hold'em No Limit ($0.02/$0.05 USD) - 2022/09/15 17:12:56 PT [2022/09/15 20:12:56 ET]
Table 'Tyumenia II' 9-max Seat #4 is the button
Seat 1: Dorex2007 ($5 in chips) 
Seat 3: Lomex001 ($5.16 in chips) 
Seat 4: Deluxe1984 ($7.38 in chips) 
Seat 5: HAEMHuk2009 ($5.02 in chips) 
Seat 6: foresfas0 ($5.91 in chips) 
Seat 8: mumisber ($1.72 in chips) 
HAEMHuk2009: posts small blind $0.02
foresfas0: posts big blind $0.05
enixblr: sits out 
*** HOLE CARDS ***
Dealt to Dorex2007 [Ks 7h]
mumisber: folds 
Dorex2007: folds 
Lomex001: folds 
Deluxe1984: calls $0.05
HAEMHuk2009: raises $0.20 to $0.25
foresfas0: calls $0.20
Deluxe1984: calls $0.20
*** FLOP *** [6h 7d 2s]
HAEMHuk2009: checks 
foresfas0: checks 
Deluxe1984: checks 
*** TURN *** [6h 7d 2s] [Kc]
HAEMHuk2009: bets $0.55
foresfas0: folds 
Deluxe1984: folds 
Uncalled bet ($0.55) returned to HAEMHuk2009
HAEMHuk2009 collected $0.72 from pot
HAEMHuk2009: doesn't show hand 
*** SUMMARY ***
Total pot $0.75 | Rake $0.03 
Board [6h 7d 2s Kc]
Seat 1: Dorex2007 folded before Flop (didn't bet)
Seat 3: Lomex001 folded before Flop (didn't bet)
Seat 4: Deluxe1984 (button) folded on the Turn
Seat 5: HAEMHuk2009 (small blind) collected ($0.72)
Seat 6: foresfas0 (big blind) folded on the Turn
Seat 8: mumisber folded before Flop (didn't bet)



PokerStars Hand #238653562553:  Hold'em No Limit ($0.02/$0.05 USD) - 2022/09/15 17:13:39 PT [2022/09/15 20:13:39 ET]
Table 'Tyumenia II' 9-max Seat #5 is the button
Seat 1: Dorex2007 ($5 in chips) 
Seat 3: Lomex001 ($5.16 in chips) 
Seat 4: Deluxe1984 ($7.13 in chips) 
Seat 5: HAEMHuk2009 ($5.49 in chips) 
Seat 6: foresfas0 ($5.66 in chips) 
Seat 7: enixblr ($5 in chips) 
Seat 8: mumisber ($1.72 in chips) 
foresfas0: posts small blind $0.02
enixblr: posts big blind $0.05
*** HOLE CARDS ***
Dealt to Dorex2007 [5c 7d]
mumisber: folds 
Dorex2007: folds 
Lomex001: raises $0.10 to $0.15
Deluxe1984: folds 
HAEMHuk2009: folds 
foresfas0: calls $0.13
enixblr: folds 
*** FLOP *** [Kd 7s 2d]
foresfas0: checks 
Lomex001: bets $0.20
foresfas0: calls $0.20
*** TURN *** [Kd 7s 2d] [9c]
foresfas0: checks 
Lomex001: bets $0.72
foresfas0: folds 
Uncalled bet ($0.72) returned to Lomex001
Lomex001 collected $0.71 from pot
Lomex001: doesn't show hand 
*** SUMMARY ***
Total pot $0.75 | Rake $0.04 
Board [Kd 7s 2d 9c]
Seat 1: Dorex2007 folded before Flop (didn't bet)
Seat 3: Lomex001 collected ($0.71)
Seat 4: Deluxe1984 folded before Flop (didn't bet)
Seat 5: HAEMHuk2009 (button) folded before Flop (didn't bet)
Seat 6: foresfas0 (small blind) folded on the Turn
Seat 7: enixblr (big blind) folded before Flop
Seat 8: mumisber folded before Flop (didn't bet)



PokerStars Hand #238653572232:  Hold'em No Limit ($0.02/$0.05 USD) - 2022/09/15 17:14:19 PT [2022/09/15 20:14:19 ET]
Table 'Tyumenia II' 9-max Seat #6 is the button
Seat 1: Dorex2007 ($5 in chips) 
Seat 3: Lomex001 ($5.52 in chips) 
Seat 4: Deluxe1984 ($7.13 in chips) 
Seat 5: HAEMHuk2009 ($5.49 in chips) 
Seat 6: foresfas0 ($5.31 in chips) 
Seat 7: enixblr ($5 in chips) 
Seat 8: mumisber ($1.72 in chips) 
enixblr: posts small blind $0.02
mumisber: posts big blind $0.05
*** HOLE CARDS ***
Dealt to Dorex2007 [Kh Kd]
Dorex2007: raises $0.12 to $0.17
Lomex001: folds 
Deluxe1984: folds 
HAEMHuk2009: folds 
foresfas0: folds 
enixblr: folds 
mumisber: folds 
Uncalled bet ($0.12) returned to Dorex2007
Dorex2007 collected $0.12 from pot
Dorex2007: doesn't show hand 
*** SUMMARY ***
Total pot $0.12 | Rake $0 
Seat 1: Dorex2007 collected ($0.12)
Seat 3: Lomex001 folded before Flop (didn't bet)
Seat 4: Deluxe1984 folded before Flop (didn't bet)
Seat 5: HAEMHuk2009 folded before Flop (didn't bet)
Seat 6: foresfas0 (button) folded before Flop (didn't bet)
Seat 7: enixblr (small blind) folded before Flop
Seat 8: mumisber (big blind) folded before Flop



PokerStars Hand #238653577743:  Hold'em No Limit ($0.02/$0.05 USD) - 2022/09/15 17:14:43 PT [2022/09/15 20:14:43 ET]
Table 'Tyumenia II' 9-max Seat #7 is the button
Seat 1: Dorex2007 ($5.07 in chips) 
Seat 3: Lomex001 ($5.52 in chips) 
Seat 4: Deluxe1984 ($7.13 in chips) 
Seat 5: HAEMHuk2009 ($5.49 in chips) 
Seat 6: foresfas0 ($5.31 in chips) 
Seat 7: enixblr ($5 in chips) 
Seat 8: mumisber ($1.67 in chips) 
mumisber: posts small blind $0.02
Dorex2007: posts big blind $0.05
*** HOLE CARDS ***
Dealt to Dorex2007 [5c 6s]
Lomex001: folds 
Deluxe1984: raises $0.10 to $0.15
HAEMHuk2009: folds 
foresfas0: folds 
enixblr: folds 
mumisber: folds 
Dorex2007: folds 
Uncalled bet ($0.10) returned to Deluxe1984
Deluxe1984 collected $0.12 from pot
Deluxe1984: doesn't show hand 
*** SUMMARY ***
Total pot $0.12 | Rake $0 
Seat 1: Dorex2007 (big blind) folded before Flop
Seat 3: Lomex001 folded before Flop (didn't bet)
Seat 4: Deluxe1984 collected ($0.12)
Seat 5: HAEMHuk2009 folded before Flop (didn't bet)
Seat 6: foresfas0 folded before Flop (didn't bet)
Seat 7: enixblr (button) folded before Flop (didn't bet)
Seat 8: mumisber (small blind) folded before Flop



PokerStars Hand #238653581428:  Hold'em No Limit ($0.02/$0.05 USD) - 2022/09/15 17:14:58 PT [2022/09/15 20:14:58 ET]
Table 'Tyumenia II' 9-max Seat #8 is the button
Seat 1: Dorex2007 ($5.02 in chips) 
Seat 3: Lomex001 ($5.52 in chips) 
Seat 4: Deluxe1984 ($7.20 in chips) 
Seat 5: HAEMHuk2009 ($5.49 in chips) 
Seat 6: foresfas0 ($5.31 in chips) 
Seat 7: enixblr ($5 in chips) 
Seat 8: mumisber ($1.65 in chips) 
Dorex2007: posts small blind $0.02
Lomex001: posts big blind $0.05
*** HOLE CARDS ***
Dealt to Dorex2007 [Ad Tc]
Deluxe1984: calls $0.05
HAEMHuk2009: folds 
foresfas0: raises $0.10 to $0.15
enixblr: folds 
mumisber: folds 
Dorex2007: folds 
Lomex001: folds 
Deluxe1984: calls $0.10
*** FLOP *** [Kd 4s 5s]
Deluxe1984: checks 
foresfas0: bets $0.35
Deluxe1984: calls $0.35
*** TURN *** [Kd 4s 5s] [4d]
Deluxe1984: checks 
foresfas0: checks 
*** RIVER *** [Kd 4s 5s 4d] [2s]
Deluxe1984: checks 
foresfas0: checks 
*** SHOW DOWN ***
Deluxe1984: shows [6h 6s] (two pair, Sixes and Fours)
foresfas0: mucks hand 
Deluxe1984 collected $1.02 from pot
*** SUMMARY ***
Total pot $1.07 | Rake $0.05 
Board [Kd 4s 5s 4d 2s]
Seat 1: Dorex2007 (small blind) folded before Flop
Seat 3: Lomex001 (big blind) folded before Flop
Seat 4: Deluxe1984 showed [6h 6s] and won ($1.02) with two pair, Sixes and Fours
Seat 5: HAEMHuk2009 folded before Flop (didn't bet)
Seat 6: foresfas0 mucked [Jh Ah]
Seat 7: enixblr folded before Flop (didn't bet)
Seat 8: mumisber (button) folded before Flop (didn't bet)



PokerStars Hand #238653591163:  Hold'em No Limit ($0.02/$0.05 USD) - 2022/09/15 17:15:38 PT [2022/09/15 20:15:38 ET]
Table 'Tyumenia II' 9-max Seat #1 is the button
Seat 1: Dorex2007 ($5 in chips) 
Seat 3: Lomex001 ($5.47 in chips) 
Seat 4: Deluxe1984 ($7.72 in chips) 
Seat 5: HAEMHuk2009 ($5.49 in chips) 
Seat 6: foresfas0 ($4.81 in chips) 
Seat 7: enixblr ($5 in chips) 
Seat 8: mumisber ($1.65 in chips) 
Lomex001: posts small blind $0.02
Deluxe1984: posts big blind $0.05
*** HOLE CARDS ***
Dealt to Dorex2007 [4h 8h]
HAEMHuk2009: folds 
foresfas0: calls $0.05
enixblr: folds 
mumisber: folds 
Dorex2007: folds 
Lomex001: folds 
Deluxe1984: checks 
*** FLOP *** [8s Kc Jc]
Deluxe1984: checks 
JRMorgz is disconnected 
foresfas0: bets $0.12
Deluxe1984: folds 
Uncalled bet ($0.12) returned to foresfas0
foresfas0 collected $0.12 from pot
*** SUMMARY ***
Total pot $0.12 | Rake $0 
Board [8s Kc Jc]
Seat 1: Dorex2007 (button) folded before Flop (didn't bet)
Seat 3: Lomex001 (small blind) folded before Flop
Seat 4: Deluxe1984 (big blind) folded on the Flop
Seat 5: HAEMHuk2009 folded before Flop (didn't bet)
Seat 6: foresfas0 collected ($0.12)
Seat 7: enixblr folded before Flop (didn't bet)
Seat 8: mumisber folded before Flop (didn't bet)



PokerStars Hand #238653596658:  Hold'em No Limit ($0.02/$0.05 USD) - 2022/09/15 17:16:02 PT [2022/09/15 20:16:02 ET]
Table 'Tyumenia II' 9-max Seat #3 is the button
Seat 1: Dorex2007 ($5 in chips) 
Seat 3: Lomex001 ($5.45 in chips) 
Seat 4: Deluxe1984 ($7.67 in chips) 
Seat 5: HAEMHuk2009 ($5.49 in chips) 
Seat 6: foresfas0 ($4.88 in chips) 
Seat 7: enixblr ($5 in chips) 
Seat 8: mumisber ($2 in chips) 
Deluxe1984: posts small blind $0.02
HAEMHuk2009: posts big blind $0.05
*** HOLE CARDS ***
Dealt to Dorex2007 [7s 8s]
foresfas0: folds 
enixblr: folds 
mumisber: folds 
Dorex2007: folds 
Lomex001: raises $0.10 to $0.15
Deluxe1984: folds 
k4N12 joins the table at seat #2 
HAEMHuk2009: folds 
Uncalled bet ($0.10) returned to Lomex001
Lomex001 collected $0.12 from pot
Lomex001: doesn't show hand 
*** SUMMARY ***
Total pot $0.12 | Rake $0 
Seat 1: Dorex2007 folded before Flop (didn't bet)
Seat 3: Lomex001 (button) collected ($0.12)
Seat 4: Deluxe1984 (small blind) folded before Flop
Seat 5: HAEMHuk2009 (big blind) folded before Flop
Seat 6: foresfas0 folded before Flop (didn't bet)
Seat 7: enixblr folded before Flop (didn't bet)
Seat 8: mumisber folded before Flop (didn't bet)



PokerStars Hand #238653603125:  Hold'em No Limit ($0.02/$0.05 USD) - 2022/09/15 17:16:29 PT [2022/09/15 20:16:29 ET]
Table 'Tyumenia II' 9-max Seat #4 is the button
Seat 1: Dorex2007 ($5 in chips) 
Seat 3: Lomex001 ($5.52 in chips) 
Seat 4: Deluxe1984 ($7.65 in chips) 
Seat 5: HAEMHuk2009 ($5.44 in chips) 
Seat 6: foresfas0 ($4.88 in chips) 
Seat 7: enixblr ($5 in chips) 
Seat 8: mumisber ($2 in chips) 
HAEMHuk2009: posts small blind $0.02
foresfas0: posts big blind $0.05
k4N12: sits out 
*** HOLE CARDS ***
Dealt to Dorex2007 [Qs 3h]
enixblr: folds 
mumisber: folds 
Dorex2007: folds 
Lomex001: folds 
Deluxe1984: folds 
HAEMHuk2009: folds 
Uncalled bet ($0.03) returned to foresfas0
foresfas0 collected $0.04 from pot
*** SUMMARY ***
Total pot $0.04 | Rake $0 
Seat 1: Dorex2007 folded before Flop (didn't bet)
Seat 3: Lomex001 folded before Flop (didn't bet)
Seat 4: Deluxe1984 (button) folded before Flop (didn't bet)
Seat 5: HAEMHuk2009 (small blind) folded before Flop
Seat 6: foresfas0 (big blind) collected ($0.04)
Seat 7: enixblr folded before Flop (didn't bet)
Seat 8: mumisber folded before Flop (didn't bet)



PokerStars Hand #238653610840:  Hold'em No Limit ($0.02/$0.05 USD) - 2022/09/15 17:17:02 PT [2022/09/15 20:17:02 ET]
Table 'Tyumenia II' 9-max Seat #5 is the button
Seat 1: Dorex2007 ($5 in chips) 
Seat 2: k4N12 ($2 in chips) 
Seat 3: Lomex001 ($5.52 in chips) 
Seat 4: Deluxe1984 ($7.65 in chips) 
Seat 5: HAEMHuk2009 ($5.42 in chips) 
Seat 6: foresfas0 ($4.90 in chips) 
Seat 7: enixblr ($5 in chips) 
Seat 8: mumisber ($2 in chips) 
foresfas0: posts small blind $0.02
enixblr: posts big blind $0.05
k4N12: posts big blind $0.05
*** HOLE CARDS ***
Dealt to Dorex2007 [6s 3c]
mumisber: raises $0.10 to $0.15
Dorex2007: folds 
k4N12: calls $0.10
Lomex001: folds 
Deluxe1984: calls $0.15
HAEMHuk2009: folds 
foresfas0: calls $0.13
enixblr: folds 
*** FLOP *** [Ts As 7s]
foresfas0: checks 
mumisber: bets $0.30
k4N12: folds 
Deluxe1984: folds 
foresfas0: folds [Ad]
Uncalled bet ($0.30) returned to mumisber
mumisber collected $0.62 from pot
*** SUMMARY ***
Total pot $0.65 | Rake $0.03 
Board [Ts As 7s]
Seat 1: Dorex2007 folded before Flop (didn't bet)
Seat 2: k4N12 folded on the Flop
Seat 3: Lomex001 folded before Flop (didn't bet)
Seat 4: Deluxe1984 folded on the Flop
Seat 5: HAEMHuk2009 (button) folded before Flop (didn't bet)
Seat 6: foresfas0 (small blind) folded on the Flop
Seat 7: enixblr (big blind) folded before Flop
Seat 8: mumisber collected ($0.62)



PokerStars Hand #238653623552:  Hold'em No Limit ($0.02/$0.05 USD) - 2022/09/15 17:17:57 PT [2022/09/15 20:17:57 ET]
Table 'Tyumenia II' 9-max Seat #6 is the button
Seat 1: Dorex2007 ($5 in chips) 
Seat 2: k4N12 ($1.85 in chips) 
Seat 3: Lomex001 ($5.52 in chips) 
Seat 4: Deluxe1984 ($7.50 in chips) 
Seat 5: HAEMHuk2009 ($5.42 in chips) 
Seat 6: foresfas0 ($4.75 in chips) 
Seat 7: enixblr ($5 in chips) 
Seat 8: mumisber ($2.47 in chips) 
enixblr: posts small blind $0.02
mumisber: posts big blind $0.05
*** HOLE CARDS ***
Dealt to Dorex2007 [4s As]
Dorex2007: folds 
k4N12: folds 
Lomex001: folds 
Deluxe1984: folds 
Lomex001 leaves the table
HAEMHuk2009: folds 
foresfas0: calls $0.05
enixblr: calls $0.03
Deluxe1984 leaves the table
mumisber: checks 
*** FLOP *** [Kc 3h 5s]
enixblr: checks 
mumisber: checks 
foresfas0: checks 
*** TURN *** [Kc 3h 5s] [Qs]
enixblr: bets $0.09
k4N12 is disconnected 
mumisber: folds 
foresfas0: folds 
Uncalled bet ($0.09) returned to enixblr
enixblr collected $0.14 from pot
enixblr: doesn't show hand 
*** SUMMARY ***
Total pot $0.15 | Rake $0.01 
Board [Kc 3h 5s Qs]
Seat 1: Dorex2007 folded before Flop (didn't bet)
Seat 2: k4N12 folded before Flop (didn't bet)
Seat 3: Lomex001 folded before Flop (didn't bet)
Seat 4: Deluxe1984 folded before Flop (didn't bet)
Seat 5: HAEMHuk2009 folded before Flop (didn't bet)
Seat 6: foresfas0 (button) folded on the Turn
Seat 7: enixblr (small blind) collected ($0.14)
Seat 8: mumisber (big blind) folded on the Turn



PokerStars Hand #238653636030:  Hold'em No Limit ($0.02/$0.05 USD) - 2022/09/15 17:18:50 PT [2022/09/15 20:18:50 ET]
Table 'Tyumenia II' 9-max Seat #7 is the button
Seat 1: Dorex2007 ($5 in chips) 
Seat 5: HAEMHuk2009 ($5.42 in chips) 
Seat 6: foresfas0 ($4.70 in chips) 
Seat 7: enixblr ($5.09 in chips) 
Seat 8: mumisber ($2.42 in chips) 
mumisber: posts small blind $0.02
Dorex2007: posts big blind $0.05
*** HOLE CARDS ***
Dealt to Dorex2007 [9h 2s]
HAEMHuk2009: folds 
foresfas0: folds 
enixblr: folds 
mumisber: folds 
Uncalled bet ($0.03) returned to Dorex2007
Dorex2007 collected $0.04 from pot
Dorex2007: doesn't show hand 
*** SUMMARY ***
Total pot $0.04 | Rake $0 
Seat 1: Dorex2007 (big blind) collected ($0.04)
Seat 5: HAEMHuk2009 folded before Flop (didn't bet)
Seat 6: foresfas0 folded before Flop (didn't bet)
Seat 7: enixblr (button) folded before Flop (didn't bet)
Seat 8: mumisber (small blind) folded before Flop



PokerStars Hand #238653639250:  Hold'em No Limit ($0.02/$0.05 USD) - 2022/09/15 17:19:03 PT [2022/09/15 20:19:03 ET]
Table 'Tyumenia II' 9-max Seat #8 is the button
Seat 1: Dorex2007 ($5.02 in chips) 
Seat 5: HAEMHuk2009 ($5.42 in chips) 
Seat 6: foresfas0 ($4.70 in chips) 
Seat 7: enixblr ($5.09 in chips) 
Seat 8: mumisber ($2.40 in chips) 
Dorex2007: posts small blind $0.02
HAEMHuk2009: posts big blind $0.05
*** HOLE CARDS ***
Dealt to Dorex2007 [Qc Ah]
foresfas0: calls $0.05
enixblr: folds 
mumisber: folds 
Dorex2007: raises $0.15 to $0.20
HAEMHuk2009: folds 
foresfas0: calls $0.15
*** FLOP *** [6d Kd Qd]
Dorex2007: bets $0.29
foresfas0: folds 
Uncalled bet ($0.29) returned to Dorex2007
Dorex2007 collected $0.43 from pot
Dorex2007: doesn't show hand 
*** SUMMARY ***
Total pot $0.45 | Rake $0.02 
Board [6d Kd Qd]
Seat 1: Dorex2007 (small blind) collected ($0.43)
Seat 5: HAEMHuk2009 (big blind) folded before Flop
Seat 6: foresfas0 folded on the Flop
Seat 7: enixblr folded before Flop (didn't bet)
Seat 8: mumisber (button) folded before Flop (didn't bet)



PokerStars Hand #238653644699:  Hold'em No Limit ($0.02/$0.05 USD) - 2022/09/15 17:19:27 PT [2022/09/15 20:19:27 ET]
Table 'Tyumenia II' 9-max Seat #1 is the button
Seat 1: Dorex2007 ($5.25 in chips) 
Seat 5: HAEMHuk2009 ($5.37 in chips) 
Seat 6: foresfas0 ($4.50 in chips) 
Seat 7: enixblr ($5.09 in chips) 
Seat 8: mumisber ($2.40 in chips) 
HAEMHuk2009: posts small blind $0.02
foresfas0: posts big blind $0.05
*** HOLE CARDS ***
Dealt to Dorex2007 [Js Ad]
enixblr: folds 
mumisber: folds 
Dorex2007: raises $0.10 to $0.15
HAEMHuk2009: calls $0.13
foresfas0: calls $0.10
*** FLOP *** [7h 3h 7s]
HAEMHuk2009: checks 
foresfas0: checks 
Dorex2007: bets $0.43
HAEMHuk2009: folds 
foresfas0: folds 
Uncalled bet ($0.43) returned to Dorex2007
Dorex2007 collected $0.43 from pot
Dorex2007: doesn't show hand 
*** SUMMARY ***
Total pot $0.45 | Rake $0.02 
Board [7h 3h 7s]
Seat 1: Dorex2007 (button) collected ($0.43)
Seat 5: HAEMHuk2009 (small blind) folded on the Flop
Seat 6: foresfas0 (big blind) folded on the Flop
Seat 7: enixblr folded before Flop (didn't bet)
Seat 8: mumisber folded before Flop (didn't bet)



