PokerStars Hand #237716477240:  Hold'em No Limit ($0.01/$0.02 USD) - 2022/07/31 21:00:42 PT [2022/08/01 0:00:42 ET]
Table 'Pegasus II' 9-max Seat #7 is the button
Seat 1: Dorex2007 ($2 in chips) 
Seat 3: goodmax3121 ($0.90 in chips) 
Seat 4: cgreek ($3.36 in chips) 
Seat 5: Goldie555 ($0.34 in chips) 
Seat 6: MHugoR ($1.95 in chips) 
Seat 7: HadesAtila ($0.67 in chips) 
Seat 9: bch_12345 ($3.09 in chips) 
bch_12345: posts small blind $0.01
Dorex2007: posts big blind $0.02
*** HOLE CARDS ***
Dealt to Dorex2007 [9s 5h]
goodmax3121: calls $0.02
cgreek: folds 
Goldie555: calls $0.02
MHugoR: folds 
HadesAtila: folds 
bch_12345: folds 
Dorex2007: checks 
*** FLOP *** [7h 9h 8s]
Dorex2007: bets $0.05
goodmax3121: calls $0.05
Goldie555: folds 
*** TURN *** [7h 9h 8s] [5c]
Dorex2007: bets $0.16
goodmax3121: folds 
Uncalled bet ($0.16) returned to Dorex2007
Dorex2007 collected $0.16 from pot
Dorex2007: doesn't show hand 
*** SUMMARY ***
Total pot $0.17 | Rake $0.01 
Board [7h 9h 8s 5c]
Seat 1: Dorex2007 (big blind) collected ($0.16)
Seat 3: goodmax3121 folded on the Turn
Seat 4: cgreek folded before Flop (didn't bet)
Seat 5: Goldie555 folded on the Flop
Seat 6: MHugoR folded before Flop (didn't bet)
Seat 7: HadesAtila (button) folded before Flop (didn't bet)
Seat 9: bch_12345 (small blind) folded before Flop



PokerStars Hand #237716482049:  Hold'em No Limit ($0.01/$0.02 USD) - 2022/07/31 21:01:24 PT [2022/08/01 0:01:24 ET]
Table 'Pegasus II' 9-max Seat #9 is the button
Seat 1: Dorex2007 ($2.09 in chips) 
Seat 3: goodmax3121 ($0.83 in chips) 
Seat 4: cgreek ($3.36 in chips) 
Seat 5: Goldie555 ($0.32 in chips) 
Seat 6: MHugoR ($1.95 in chips) 
Seat 7: HadesAtila ($0.67 in chips) 
Seat 9: bch_12345 ($3.08 in chips) 
Dorex2007: posts small blind $0.01
goodmax3121: posts big blind $0.02
*** HOLE CARDS ***
Dealt to Dorex2007 [8h 5c]
cgreek: folds 
Goldie555: folds 
MHugoR: folds 
HadesAtila: raises $0.02 to $0.04
bch_12345: folds 
Dorex2007: folds 
goodmax3121: raises $0.06 to $0.10
HadesAtila: calls $0.06
*** FLOP *** [6d 8d Tc]
goodmax3121: checks 
HadesAtila: bets $0.10
IndigoShirt joins the table at seat #8 
goodmax3121: raises $0.10 to $0.20
HadesAtila: raises $0.37 to $0.57 and is all-in
goodmax3121: calls $0.37
*** TURN *** [6d 8d Tc] [7h]
*** RIVER *** [6d 8d Tc 7h] [Kc]
*** SHOW DOWN ***
goodmax3121: shows [Ad As] (a pair of Aces)
HadesAtila: shows [Ah 3h] (high card Ace)
goodmax3121 collected $1.30 from pot
*** SUMMARY ***
Total pot $1.35 | Rake $0.05 
Board [6d 8d Tc 7h Kc]
Seat 1: Dorex2007 (small blind) folded before Flop
Seat 3: goodmax3121 (big blind) showed [Ad As] and won ($1.30) with a pair of Aces
Seat 4: cgreek folded before Flop (didn't bet)
Seat 5: Goldie555 folded before Flop (didn't bet)
Seat 6: MHugoR folded before Flop (didn't bet)
Seat 7: HadesAtila showed [Ah 3h] and lost with high card Ace
Seat 9: bch_12345 (button) folded before Flop (didn't bet)



PokerStars Hand #237716490729:  Hold'em No Limit ($0.01/$0.02 USD) - 2022/07/31 21:02:38 PT [2022/08/01 0:02:38 ET]
Table 'Pegasus II' 9-max Seat #1 is the button
Seat 1: Dorex2007 ($2.08 in chips) 
Seat 3: goodmax3121 ($1.46 in chips) 
Seat 4: cgreek ($3.36 in chips) 
Seat 5: Goldie555 ($0.32 in chips) 
Seat 6: MHugoR ($1.95 in chips) 
Seat 9: bch_12345 ($3.08 in chips) 
goodmax3121: posts small blind $0.01
cgreek: posts big blind $0.02
IndigoShirt: sits out 
*** HOLE CARDS ***
Dealt to Dorex2007 [2d Kh]
Goldie555: folds 
MHugoR: folds 
bch_12345: folds 
Dorex2007: folds 
goodmax3121: calls $0.01
HadesAtila leaves the table
cgreek: raises $0.04 to $0.06
goodmax3121: folds 
Uncalled bet ($0.04) returned to cgreek
cgreek collected $0.04 from pot
cgreek: doesn't show hand 
*** SUMMARY ***
Total pot $0.04 | Rake $0 
Seat 1: Dorex2007 (button) folded before Flop (didn't bet)
Seat 3: goodmax3121 (small blind) folded before Flop
Seat 4: cgreek (big blind) collected ($0.04)
Seat 5: Goldie555 folded before Flop (didn't bet)
Seat 6: MHugoR folded before Flop (didn't bet)
Seat 9: bch_12345 folded before Flop (didn't bet)



PokerStars Hand #237716493374:  Hold'em No Limit ($0.01/$0.02 USD) - 2022/07/31 21:03:01 PT [2022/08/01 0:03:01 ET]
Table 'Pegasus II' 9-max Seat #3 is the button
Seat 1: Dorex2007 ($2.08 in chips) 
Seat 3: goodmax3121 ($1.44 in chips) 
Seat 4: cgreek ($3.38 in chips) 
Seat 5: Goldie555 ($0.32 in chips) 
Seat 6: MHugoR ($1.95 in chips) 
Seat 9: bch_12345 ($3.08 in chips) 
cgreek: posts small blind $0.01
Goldie555: posts big blind $0.02
IndigoShirt: sits out 
*** HOLE CARDS ***
Dealt to Dorex2007 [Qs 2s]
MHugoR: raises $0.02 to $0.04
bch_12345: folds 
Dorex2007: folds 
goodmax3121: folds 
cgreek: calls $0.03
Goldie555: calls $0.02
*** FLOP *** [Qd Ts 5d]
cgreek: checks 
Goldie555: bets $0.02
MHugoR: raises $0.04 to $0.06
cgreek: folds 
Goldie555: calls $0.04
*** TURN *** [Qd Ts 5d] [Jc]
Goldie555: bets $0.22 and is all-in
MHugoR: folds 
Uncalled bet ($0.22) returned to Goldie555
Goldie555 collected $0.23 from pot
Goldie555: doesn't show hand 
*** SUMMARY ***
Total pot $0.24 | Rake $0.01 
Board [Qd Ts 5d Jc]
Seat 1: Dorex2007 folded before Flop (didn't bet)
Seat 3: goodmax3121 (button) folded before Flop (didn't bet)
Seat 4: cgreek (small blind) folded on the Flop
Seat 5: Goldie555 (big blind) collected ($0.23)
Seat 6: MHugoR folded on the Turn
Seat 9: bch_12345 folded before Flop (didn't bet)



PokerStars Hand #237716499218:  Hold'em No Limit ($0.01/$0.02 USD) - 2022/07/31 21:03:51 PT [2022/08/01 0:03:51 ET]
Table 'Pegasus II' 9-max Seat #4 is the button
Seat 1: Dorex2007 ($2.08 in chips) 
Seat 3: goodmax3121 ($1.44 in chips) 
Seat 4: cgreek ($3.34 in chips) 
Seat 5: Goldie555 ($0.45 in chips) 
Seat 6: MHugoR ($1.85 in chips) 
Seat 9: bch_12345 ($3.08 in chips) 
Goldie555: posts small blind $0.01
MHugoR: posts big blind $0.02
IndigoShirt: sits out 
*** HOLE CARDS ***
Dealt to Dorex2007 [9h 7s]
bch_12345: raises $0.04 to $0.06
Dorex2007: folds 
goodmax3121: calls $0.06
cgreek: folds 
Goldie555: folds 
MHugoR: folds 
*** FLOP *** [3c 5c Ah]
bch_12345: checks 
goodmax3121: checks 
*** TURN *** [3c 5c Ah] [Qh]
bch_12345: bets $0.10
goodmax3121: folds 
Uncalled bet ($0.10) returned to bch_12345
bch_12345 collected $0.14 from pot
bch_12345: doesn't show hand 
*** SUMMARY ***
Total pot $0.15 | Rake $0.01 
Board [3c 5c Ah Qh]
Seat 1: Dorex2007 folded before Flop (didn't bet)
Seat 3: goodmax3121 folded on the Turn
Seat 4: cgreek (button) folded before Flop (didn't bet)
Seat 5: Goldie555 (small blind) folded before Flop
Seat 6: MHugoR (big blind) folded before Flop
Seat 9: bch_12345 collected ($0.14)



PokerStars Hand #237716503558:  Hold'em No Limit ($0.01/$0.02 USD) - 2022/07/31 21:04:28 PT [2022/08/01 0:04:28 ET]
Table 'Pegasus II' 9-max Seat #5 is the button
Seat 1: Dorex2007 ($2.08 in chips) 
Seat 3: goodmax3121 ($1.38 in chips) 
Seat 4: cgreek ($3.34 in chips) 
Seat 5: Goldie555 ($0.44 in chips) 
Seat 6: MHugoR ($1.83 in chips) 
Seat 8: IndigoShirt ($2 in chips) 
Seat 9: bch_12345 ($3.16 in chips) 
MHugoR: posts small blind $0.01
IndigoShirt: posts big blind $0.02
*** HOLE CARDS ***
Dealt to Dorex2007 [2c 6s]
bch_12345: folds 
Dorex2007: folds 
goodmax3121: calls $0.02
cgreek: folds 
Goldie555: folds 
MHugoR: raises $0.04 to $0.06
IndigoShirt: folds 
goodmax3121: folds 
Uncalled bet ($0.04) returned to MHugoR
MHugoR collected $0.06 from pot
MHugoR: doesn't show hand 
*** SUMMARY ***
Total pot $0.06 | Rake $0 
Seat 1: Dorex2007 folded before Flop (didn't bet)
Seat 3: goodmax3121 folded before Flop
Seat 4: cgreek folded before Flop (didn't bet)
Seat 5: Goldie555 (button) folded before Flop (didn't bet)
Seat 6: MHugoR (small blind) collected ($0.06)
Seat 8: IndigoShirt (big blind) folded before Flop
Seat 9: bch_12345 folded before Flop (didn't bet)



PokerStars Hand #237716505932:  Hold'em No Limit ($0.01/$0.02 USD) - 2022/07/31 21:04:48 PT [2022/08/01 0:04:48 ET]
Table 'Pegasus II' 9-max Seat #6 is the button
Seat 1: Dorex2007 ($2.08 in chips) 
Seat 3: goodmax3121 ($1.36 in chips) 
Seat 4: cgreek ($3.34 in chips) 
Seat 5: Goldie555 ($0.44 in chips) 
Seat 6: MHugoR ($1.87 in chips) 
Seat 8: IndigoShirt ($2 in chips) 
Seat 9: bch_12345 ($3.16 in chips) 
IndigoShirt: posts small blind $0.01
bch_12345: posts big blind $0.02
*** HOLE CARDS ***
Dealt to Dorex2007 [Qd Qh]
Dorex2007: calls $0.02
goodmax3121: folds 
cgreek: raises $0.02 to $0.04
Goldie555: folds 
MHugoR: calls $0.04
IndigoShirt: folds 
bch_12345: calls $0.02
Dorex2007: raises $0.20 to $0.24
cgreek: folds 
MHugoR: folds 
bch_12345: folds 
Uncalled bet ($0.20) returned to Dorex2007
Dorex2007 collected $0.17 from pot
Dorex2007: doesn't show hand 
*** SUMMARY ***
Total pot $0.17 | Rake $0 
Seat 1: Dorex2007 collected ($0.17)
Seat 3: goodmax3121 folded before Flop (didn't bet)
Seat 4: cgreek folded before Flop
Seat 5: Goldie555 folded before Flop (didn't bet)
Seat 6: MHugoR (button) folded before Flop
Seat 8: IndigoShirt (small blind) folded before Flop
Seat 9: bch_12345 (big blind) folded before Flop



PokerStars Hand #237716510427:  Hold'em No Limit ($0.01/$0.02 USD) - 2022/07/31 21:05:27 PT [2022/08/01 0:05:27 ET]
Table 'Pegasus II' 9-max Seat #8 is the button
Seat 1: Dorex2007 ($2.21 in chips) 
Seat 3: goodmax3121 ($1.36 in chips) 
Seat 4: cgreek ($3.30 in chips) 
Seat 5: Goldie555 ($0.44 in chips) 
Seat 6: MHugoR ($1.83 in chips) 
Seat 8: IndigoShirt ($2 in chips) 
Seat 9: bch_12345 ($3.12 in chips) 
bch_12345: posts small blind $0.01
Dorex2007: posts big blind $0.02
*** HOLE CARDS ***
Dealt to Dorex2007 [9h 9d]
goodmax3121: calls $0.02
cgreek: folds 
Goldie555: folds 
Stefan987695 joins the table at seat #2 
MHugoR: raises $0.04 to $0.06
IndigoShirt: folds 
bch_12345: folds 
Dorex2007: calls $0.04
dhabiles52 joins the table at seat #7 
goodmax3121: folds 
*** FLOP *** [Td 3c 8h]
Dorex2007: checks 
MHugoR: checks 
*** TURN *** [Td 3c 8h] [7c]
Dorex2007: bets $0.09
MHugoR: raises $0.09 to $0.18
Dorex2007: calls $0.09
*** RIVER *** [Td 3c 8h 7c] [4h]
Dorex2007: checks 
MHugoR: bets $0.24
Dorex2007: folds 
Uncalled bet ($0.24) returned to MHugoR
MHugoR collected $0.49 from pot
MHugoR: doesn't show hand 
*** SUMMARY ***
Total pot $0.51 | Rake $0.02 
Board [Td 3c 8h 7c 4h]
Seat 1: Dorex2007 (big blind) folded on the River
Seat 3: goodmax3121 folded before Flop
Seat 4: cgreek folded before Flop (didn't bet)
Seat 5: Goldie555 folded before Flop (didn't bet)
Seat 6: MHugoR collected ($0.49)
Seat 8: IndigoShirt (button) folded before Flop (didn't bet)
Seat 9: bch_12345 (small blind) folded before Flop



PokerStars Hand #237716517124:  Hold'em No Limit ($0.01/$0.02 USD) - 2022/07/31 21:06:25 PT [2022/08/01 0:06:25 ET]
Table 'Pegasus II' 9-max Seat #9 is the button
Seat 1: Dorex2007 ($2 in chips) 
Seat 2: Stefan987695 ($0.80 in chips) 
Seat 3: goodmax3121 ($1.34 in chips) 
Seat 4: cgreek ($3.30 in chips) 
Seat 5: Goldie555 ($0.44 in chips) 
Seat 6: MHugoR ($2.08 in chips) 
Seat 7: dhabiles52 ($2 in chips) 
Seat 8: IndigoShirt ($2 in chips) 
Seat 9: bch_12345 ($3.11 in chips) 
Dorex2007: posts small blind $0.01
Stefan987695: posts big blind $0.02
dhabiles52: posts big blind $0.02
*** HOLE CARDS ***
Dealt to Dorex2007 [4d As]
goodmax3121: calls $0.02
cgreek: folds 
Goldie555: folds 
MHugoR: folds 
dhabiles52: checks 
IndigoShirt: folds 
bch_12345: folds 
Dorex2007: folds 
Stefan987695: checks 
*** FLOP *** [7h 2d 7s]
Stefan987695: checks 
goodmax3121: bets $0.04
dhabiles52: folds 
Stefan987695: calls $0.04
*** TURN *** [7h 2d 7s] [9h]
Stefan987695: checks 
goodmax3121: checks 
*** RIVER *** [7h 2d 7s 9h] [Kc]
Stefan987695: checks 
goodmax3121: checks 
*** SHOW DOWN ***
Stefan987695: shows [3h Ah] (a pair of Sevens)
goodmax3121: shows [8d Ad] (a pair of Sevens)
Stefan987695 collected $0.07 from pot
goodmax3121 collected $0.07 from pot
*** SUMMARY ***
Total pot $0.15 | Rake $0.01 
Board [7h 2d 7s 9h Kc]
Seat 1: Dorex2007 (small blind) folded before Flop
Seat 2: Stefan987695 (big blind) showed [3h Ah] and won ($0.07) with a pair of Sevens
Seat 3: goodmax3121 showed [8d Ad] and won ($0.07) with a pair of Sevens
Seat 4: cgreek folded before Flop (didn't bet)
Seat 5: Goldie555 folded before Flop (didn't bet)
Seat 6: MHugoR folded before Flop (didn't bet)
Seat 7: dhabiles52 folded on the Flop (didn't bet)
Seat 8: IndigoShirt folded before Flop (didn't bet)
Seat 9: bch_12345 (button) folded before Flop (didn't bet)



PokerStars Hand #237716525218:  Hold'em No Limit ($0.01/$0.02 USD) - 2022/07/31 21:07:34 PT [2022/08/01 0:07:34 ET]
Table 'Pegasus II' 9-max Seat #1 is the button
Seat 1: Dorex2007 ($2 in chips) 
Seat 2: Stefan987695 ($0.81 in chips) 
Seat 3: goodmax3121 ($1.35 in chips) 
Seat 4: cgreek ($3.30 in chips) 
Seat 5: Goldie555 ($0.44 in chips) 
Seat 6: MHugoR ($2.08 in chips) 
Seat 7: dhabiles52 ($2 in chips) 
Seat 8: IndigoShirt ($2 in chips) 
Seat 9: bch_12345 ($3.11 in chips) 
Stefan987695: posts small blind $0.01
goodmax3121: posts big blind $0.02
*** HOLE CARDS ***
Dealt to Dorex2007 [8c 9d]
cgreek: folds 
Goldie555: folds 
cgreek leaves the table
MHugoR: raises $0.02 to $0.04
dhabiles52: folds 
IndigoShirt: folds 
bch_12345: folds 
Dorex2007: folds 
Stefan987695: folds 
goodmax3121: calls $0.02
*** FLOP *** [5c 7c 9s]
goodmax3121: bets $0.04
MHugoR: calls $0.04
*** TURN *** [5c 7c 9s] [2s]
goodmax3121: bets $0.02
MHugoR: calls $0.02
*** RIVER *** [5c 7c 9s 2s] [Qs]
goodmax3121: bets $0.02
MHugoR: raises $0.06 to $0.08
goodmax3121: calls $0.06
*** SHOW DOWN ***
MHugoR: shows [2c Ac] (a pair of Deuces)
goodmax3121: shows [7d 4c] (a pair of Sevens)
goodmax3121 collected $0.36 from pot
*** SUMMARY ***
Total pot $0.37 | Rake $0.01 
Board [5c 7c 9s 2s Qs]
Seat 1: Dorex2007 (button) folded before Flop (didn't bet)
Seat 2: Stefan987695 (small blind) folded before Flop
Seat 3: goodmax3121 (big blind) showed [7d 4c] and won ($0.36) with a pair of Sevens
Seat 4: cgreek folded before Flop (didn't bet)
Seat 5: Goldie555 folded before Flop (didn't bet)
Seat 6: MHugoR showed [2c Ac] and lost with a pair of Deuces
Seat 7: dhabiles52 folded before Flop (didn't bet)
Seat 8: IndigoShirt folded before Flop (didn't bet)
Seat 9: bch_12345 folded before Flop (didn't bet)



