PokerStars Hand #238284249067:  Hold'em No Limit ($0.02/$0.05 USD) - 2022/08/28 23:24:42 PT [2022/08/29 2:24:42 ET]
Table 'Suleika' 9-max Seat #9 is the button
Seat 2: westhamas ($6.08 in chips) 
Seat 3: PokerVibrations ($4.30 in chips) 
Seat 4: HermesDF ($1.84 in chips) 
Seat 5: PolarityX ($3.86 in chips) 
Seat 6: bjrtyuk ($6.74 in chips) 
Seat 7: eskaeliey ($4.46 in chips) 
Seat 8: Dorex2007 ($5 in chips) 
Seat 9: Yuralema ($5.07 in chips) 
westhamas: posts small blind $0.02
PokerVibrations: posts big blind $0.05
Dorex2007: posts big blind $0.05
*** HOLE CARDS ***
Dealt to Dorex2007 [Qc Qd]
HermesDF: folds 
PolarityX: folds 
bjrtyuk: folds 
eskaeliey: folds 
Dorex2007: raises $0.15 to $0.20
Yuralema: folds 
westhamas: folds 
PokerVibrations: folds 
Uncalled bet ($0.15) returned to Dorex2007
Dorex2007 collected $0.12 from pot
Dorex2007: doesn't show hand 
*** SUMMARY ***
Total pot $0.12 | Rake $0 
Seat 2: westhamas (small blind) folded before Flop
Seat 3: PokerVibrations (big blind) folded before Flop
Seat 4: HermesDF folded before Flop (didn't bet)
Seat 5: PolarityX folded before Flop (didn't bet)
Seat 6: bjrtyuk folded before Flop (didn't bet)
Seat 7: eskaeliey folded before Flop (didn't bet)
Seat 8: Dorex2007 collected ($0.12)
Seat 9: Yuralema (button) folded before Flop (didn't bet)



PokerStars Hand #238284251424:  Hold'em No Limit ($0.02/$0.05 USD) - 2022/08/28 23:25:10 PT [2022/08/29 2:25:10 ET]
Table 'Suleika' 9-max Seat #2 is the button
Seat 2: westhamas ($6.06 in chips) 
Seat 3: PokerVibrations ($4.25 in chips) 
Seat 4: HermesDF ($1.84 in chips) 
Seat 5: PolarityX ($3.86 in chips) 
Seat 6: bjrtyuk ($6.74 in chips) 
Seat 7: eskaeliey ($4.46 in chips) 
Seat 8: Dorex2007 ($5.07 in chips) 
Seat 9: Yuralema ($5.07 in chips) 
PokerVibrations: posts small blind $0.02
HermesDF: posts big blind $0.05
*** HOLE CARDS ***
Dealt to Dorex2007 [Qh Tc]
DEdPo0L joins the table at seat #1 
PolarityX: raises $0.05 to $0.10
bjrtyuk: folds 
eskaeliey: folds 
Dorex2007: folds 
Yuralema: folds 
westhamas: folds 
PokerVibrations: calls $0.08
HermesDF: folds 
*** FLOP *** [4h 7s 2d]
PokerVibrations: checks 
PolarityX: checks 
*** TURN *** [4h 7s 2d] [3s]
PokerVibrations: bets $0.08
PolarityX: calls $0.08
*** RIVER *** [4h 7s 2d 3s] [Qc]
PokerVibrations: bets $0.22
PolarityX: folds 
Uncalled bet ($0.22) returned to PokerVibrations
PokerVibrations collected $0.39 from pot
*** SUMMARY ***
Total pot $0.41 | Rake $0.02 
Board [4h 7s 2d 3s Qc]
Seat 2: westhamas (button) folded before Flop (didn't bet)
Seat 3: PokerVibrations (small blind) collected ($0.39)
Seat 4: HermesDF (big blind) folded before Flop
Seat 5: PolarityX folded on the River
Seat 6: bjrtyuk folded before Flop (didn't bet)
Seat 7: eskaeliey folded before Flop (didn't bet)
Seat 8: Dorex2007 folded before Flop (didn't bet)
Seat 9: Yuralema folded before Flop (didn't bet)



PokerStars Hand #238284256174:  Hold'em No Limit ($0.02/$0.05 USD) - 2022/08/28 23:26:05 PT [2022/08/29 2:26:05 ET]
Table 'Suleika' 9-max Seat #3 is the button
Seat 2: westhamas ($6.06 in chips) 
Seat 3: PokerVibrations ($4.46 in chips) 
Seat 4: HermesDF ($1.79 in chips) 
Seat 5: PolarityX ($3.68 in chips) 
Seat 6: bjrtyuk ($6.74 in chips) 
Seat 7: eskaeliey ($4.46 in chips) 
Seat 8: Dorex2007 ($5.07 in chips) 
Seat 9: Yuralema ($5.07 in chips) 
HermesDF: posts small blind $0.02
PolarityX: posts big blind $0.05
DEdPo0L: sits out 
*** HOLE CARDS ***
Dealt to Dorex2007 [2c Js]
bjrtyuk: folds 
eskaeliey: folds 
Dorex2007: folds 
Yuralema: folds 
westhamas: folds 
PokerVibrations: raises $0.07 to $0.12
HermesDF: folds 
PolarityX: calls $0.07
*** FLOP *** [4c Kc Qc]
PolarityX: checks 
PokerVibrations: bets $0.09
PolarityX: raises $0.09 to $0.18
PokerVibrations: calls $0.09
*** TURN *** [4c Kc Qc] [9s]
PolarityX: bets $0.59
PokerVibrations: folds 
Uncalled bet ($0.59) returned to PolarityX
PolarityX collected $0.59 from pot
*** SUMMARY ***
Total pot $0.62 | Rake $0.03 
Board [4c Kc Qc 9s]
Seat 2: westhamas folded before Flop (didn't bet)
Seat 3: PokerVibrations (button) folded on the Turn
Seat 4: HermesDF (small blind) folded before Flop
Seat 5: PolarityX (big blind) collected ($0.59)
Seat 6: bjrtyuk folded before Flop (didn't bet)
Seat 7: eskaeliey folded before Flop (didn't bet)
Seat 8: Dorex2007 folded before Flop (didn't bet)
Seat 9: Yuralema folded before Flop (didn't bet)



PokerStars Hand #238284262860:  Hold'em No Limit ($0.02/$0.05 USD) - 2022/08/28 23:27:25 PT [2022/08/29 2:27:25 ET]
Table 'Suleika' 9-max Seat #4 is the button
Seat 2: westhamas ($6.06 in chips) 
Seat 3: PokerVibrations ($4.16 in chips) 
Seat 4: HermesDF ($1.77 in chips) 
Seat 5: PolarityX ($3.97 in chips) 
Seat 6: bjrtyuk ($6.74 in chips) 
Seat 7: eskaeliey ($4.46 in chips) 
Seat 8: Dorex2007 ($5.07 in chips) 
Seat 9: Yuralema ($5.07 in chips) 
PolarityX: posts small blind $0.02
bjrtyuk: posts big blind $0.05
DEdPo0L: sits out 
*** HOLE CARDS ***
Dealt to Dorex2007 [9s Qs]
eskaeliey: folds 
Dorex2007: folds 
Yuralema: folds 
westhamas: folds 
PokerVibrations: raises $0.09 to $0.14
HermesDF: folds 
PolarityX: raises $0.29 to $0.43
bjrtyuk: folds 
PokerVibrations: folds 
Uncalled bet ($0.29) returned to PolarityX
PolarityX collected $0.33 from pot
*** SUMMARY ***
Total pot $0.33 | Rake $0 
Seat 2: westhamas folded before Flop (didn't bet)
Seat 3: PokerVibrations folded before Flop
Seat 4: HermesDF (button) folded before Flop (didn't bet)
Seat 5: PolarityX (small blind) collected ($0.33)
Seat 6: bjrtyuk (big blind) folded before Flop
Seat 7: eskaeliey folded before Flop (didn't bet)
Seat 8: Dorex2007 folded before Flop (didn't bet)
Seat 9: Yuralema folded before Flop (didn't bet)



PokerStars Hand #238284267510:  Hold'em No Limit ($0.02/$0.05 USD) - 2022/08/28 23:28:18 PT [2022/08/29 2:28:18 ET]
Table 'Suleika' 9-max Seat #5 is the button
Seat 2: westhamas ($6.06 in chips) 
Seat 3: PokerVibrations ($4.02 in chips) 
Seat 4: HermesDF ($1.77 in chips) 
Seat 5: PolarityX ($4.16 in chips) 
Seat 6: bjrtyuk ($6.69 in chips) 
Seat 7: eskaeliey ($4.46 in chips) 
Seat 8: Dorex2007 ($5.07 in chips) 
Seat 9: Yuralema ($5.07 in chips) 
bjrtyuk: posts small blind $0.02
eskaeliey: posts big blind $0.05
DEdPo0L: sits out 
*** HOLE CARDS ***
Dealt to Dorex2007 [Kc 2d]
Dorex2007: folds 
Yuralema: folds 
westhamas: folds 
PokerVibrations: raises $0.07 to $0.12
HermesDF: raises $0.07 to $0.19
PolarityX: folds 
bjrtyuk: folds 
eskaeliey: folds 
PokerVibrations: calls $0.07
*** FLOP *** [8s 6c 7c]
PokerVibrations: checks 
HermesDF: bets $0.21
PokerVibrations: calls $0.21
*** TURN *** [8s 6c 7c] [3h]
PokerVibrations: checks 
HermesDF: bets $0.55
PokerVibrations: calls $0.55
*** RIVER *** [8s 6c 7c 3h] [Kd]
PokerVibrations: checks 
HermesDF: checks 
*** SHOW DOWN ***
PokerVibrations: shows [Jd 9d] (high card King)
HermesDF: shows [Qh Qc] (a pair of Queens)
HermesDF collected $1.89 from pot
*** SUMMARY ***
Total pot $1.97 | Rake $0.08 
Board [8s 6c 7c 3h Kd]
Seat 2: westhamas folded before Flop (didn't bet)
Seat 3: PokerVibrations showed [Jd 9d] and lost with high card King
Seat 4: HermesDF showed [Qh Qc] and won ($1.89) with a pair of Queens
Seat 5: PolarityX (button) folded before Flop (didn't bet)
Seat 6: bjrtyuk (small blind) folded before Flop
Seat 7: eskaeliey (big blind) folded before Flop
Seat 8: Dorex2007 folded before Flop (didn't bet)
Seat 9: Yuralema folded before Flop (didn't bet)



PokerStars Hand #238284273513:  Hold'em No Limit ($0.02/$0.05 USD) - 2022/08/28 23:29:27 PT [2022/08/29 2:29:27 ET]
Table 'Suleika' 9-max Seat #6 is the button
Seat 2: westhamas ($6.06 in chips) 
Seat 3: PokerVibrations ($3.07 in chips) 
Seat 4: HermesDF ($2.71 in chips) 
Seat 5: PolarityX ($4.16 in chips) 
Seat 6: bjrtyuk ($6.67 in chips) 
Seat 7: eskaeliey ($4.41 in chips) 
Seat 8: Dorex2007 ($5.07 in chips) 
Seat 9: Yuralema ($5.07 in chips) 
eskaeliey: posts small blind $0.02
Dorex2007: posts big blind $0.05
DEdPo0L: sits out 
*** HOLE CARDS ***
Dealt to Dorex2007 [Ac Td]
Yuralema: raises $0.10 to $0.15
westhamas: folds 
PokerVibrations: folds 
HermesDF: calls $0.15
PolarityX: folds 
bjrtyuk: calls $0.15
eskaeliey: folds 
Dorex2007: calls $0.10
*** FLOP *** [7h Qc 3h]
Dorex2007: checks 
Yuralema: checks 
HermesDF: checks 
bjrtyuk: bets $0.19
Dorex2007: folds 
Yuralema: calls $0.19
HermesDF: folds 
*** TURN *** [7h Qc 3h] [2d]
Yuralema: checks 
bjrtyuk: checks 
*** RIVER *** [7h Qc 3h 2d] [As]
Yuralema: checks 
bjrtyuk: checks 
*** SHOW DOWN ***
Yuralema: shows [Kc Jc] (high card Ace)
bjrtyuk: shows [Jd Qd] (a pair of Queens)
bjrtyuk collected $0.96 from pot
*** SUMMARY ***
Total pot $1 | Rake $0.04 
Board [7h Qc 3h 2d As]
Seat 2: westhamas folded before Flop (didn't bet)
Seat 3: PokerVibrations folded before Flop (didn't bet)
Seat 4: HermesDF folded on the Flop
Seat 5: PolarityX folded before Flop (didn't bet)
Seat 6: bjrtyuk (button) showed [Jd Qd] and won ($0.96) with a pair of Queens
Seat 7: eskaeliey (small blind) folded before Flop
Seat 8: Dorex2007 (big blind) folded on the Flop
Seat 9: Yuralema showed [Kc Jc] and lost with high card Ace



PokerStars Hand #238284280044:  Hold'em No Limit ($0.02/$0.05 USD) - 2022/08/28 23:30:43 PT [2022/08/29 2:30:43 ET]
Table 'Suleika' 9-max Seat #7 is the button
Seat 2: westhamas ($6.06 in chips) 
Seat 3: PokerVibrations ($3.07 in chips) 
Seat 4: HermesDF ($2.56 in chips) 
Seat 5: PolarityX ($4.16 in chips) 
Seat 6: bjrtyuk ($7.29 in chips) 
Seat 7: eskaeliey ($4.39 in chips) 
Seat 8: Dorex2007 ($5 in chips) 
Seat 9: Yuralema ($5 in chips) 
Dorex2007: posts small blind $0.02
Yuralema: posts big blind $0.05
DEdPo0L: sits out 
*** HOLE CARDS ***
Dealt to Dorex2007 [8h 3s]
westhamas: raises $0.10 to $0.15
PokerVibrations: folds 
HermesDF: folds 
PolarityX: folds 
bjrtyuk: folds 
eskaeliey: calls $0.15
Dorex2007: folds 
Yuralema: folds 
*** FLOP *** [Kd Qd Jh]
westhamas: checks 
eskaeliey: bets $0.25
westhamas: folds 
Uncalled bet ($0.25) returned to eskaeliey
eskaeliey collected $0.35 from pot
*** SUMMARY ***
Total pot $0.37 | Rake $0.02 
Board [Kd Qd Jh]
Seat 2: westhamas folded on the Flop
Seat 3: PokerVibrations folded before Flop (didn't bet)
Seat 4: HermesDF folded before Flop (didn't bet)
Seat 5: PolarityX folded before Flop (didn't bet)
Seat 6: bjrtyuk folded before Flop (didn't bet)
Seat 7: eskaeliey (button) collected ($0.35)
Seat 8: Dorex2007 (small blind) folded before Flop
Seat 9: Yuralema (big blind) folded before Flop



PokerStars Hand #238284283583:  Hold'em No Limit ($0.02/$0.05 USD) - 2022/08/28 23:31:24 PT [2022/08/29 2:31:24 ET]
Table 'Suleika' 9-max Seat #8 is the button
Seat 1: DEdPo0L ($5 in chips) 
Seat 2: westhamas ($5.91 in chips) 
Seat 3: PokerVibrations ($3.07 in chips) 
Seat 4: HermesDF ($2.56 in chips) 
Seat 5: PolarityX ($4.16 in chips) 
Seat 6: bjrtyuk ($7.29 in chips) 
Seat 7: eskaeliey ($4.59 in chips) 
Seat 8: Dorex2007 ($5 in chips) 
Seat 9: Yuralema ($5 in chips) 
Yuralema: posts small blind $0.02
DEdPo0L: posts big blind $0.05
*** HOLE CARDS ***
Dealt to Dorex2007 [7d 2h]
westhamas: folds 
PokerVibrations: folds 
HermesDF: folds 
PolarityX: folds 
bjrtyuk: folds 
eskaeliey: folds 
Dorex2007: folds 
Yuralema: folds 
Uncalled bet ($0.03) returned to DEdPo0L
DEdPo0L collected $0.04 from pot
DEdPo0L: doesn't show hand 
*** SUMMARY ***
Total pot $0.04 | Rake $0 
Seat 1: DEdPo0L (big blind) collected ($0.04)
Seat 2: westhamas folded before Flop (didn't bet)
Seat 3: PokerVibrations folded before Flop (didn't bet)
Seat 4: HermesDF folded before Flop (didn't bet)
Seat 5: PolarityX folded before Flop (didn't bet)
Seat 6: bjrtyuk folded before Flop (didn't bet)
Seat 7: eskaeliey folded before Flop (didn't bet)
Seat 8: Dorex2007 (button) folded before Flop (didn't bet)
Seat 9: Yuralema (small blind) folded before Flop



PokerStars Hand #238284284973:  Hold'em No Limit ($0.02/$0.05 USD) - 2022/08/28 23:31:40 PT [2022/08/29 2:31:40 ET]
Table 'Suleika' 9-max Seat #9 is the button
Seat 1: DEdPo0L ($5.02 in chips) 
Seat 2: westhamas ($5.91 in chips) 
Seat 3: PokerVibrations ($3.07 in chips) 
Seat 4: HermesDF ($2.56 in chips) 
Seat 5: PolarityX ($4.16 in chips) 
Seat 6: bjrtyuk ($7.29 in chips) 
Seat 7: eskaeliey ($4.59 in chips) 
Seat 8: Dorex2007 ($5 in chips) 
Seat 9: Yuralema ($5 in chips) 
DEdPo0L: posts small blind $0.02
westhamas: posts big blind $0.05
*** HOLE CARDS ***
Dealt to Dorex2007 [4h 2s]
PokerVibrations: folds 
HermesDF: folds 
PolarityX: folds 
bjrtyuk: raises $0.10 to $0.15
eskaeliey: folds 
Dorex2007: folds 
Yuralema: folds 
DEdPo0L: folds 
westhamas: folds 
Uncalled bet ($0.10) returned to bjrtyuk
bjrtyuk collected $0.12 from pot
bjrtyuk: doesn't show hand 
*** SUMMARY ***
Total pot $0.12 | Rake $0 
Seat 1: DEdPo0L (small blind) folded before Flop
Seat 2: westhamas (big blind) folded before Flop
Seat 3: PokerVibrations folded before Flop (didn't bet)
Seat 4: HermesDF folded before Flop (didn't bet)
Seat 5: PolarityX folded before Flop (didn't bet)
Seat 6: bjrtyuk collected ($0.12)
Seat 7: eskaeliey folded before Flop (didn't bet)
Seat 8: Dorex2007 folded before Flop (didn't bet)
Seat 9: Yuralema (button) folded before Flop (didn't bet)



PokerStars Hand #238284287702:  Hold'em No Limit ($0.02/$0.05 USD) - 2022/08/28 23:32:12 PT [2022/08/29 2:32:12 ET]
Table 'Suleika' 9-max Seat #1 is the button
Seat 1: DEdPo0L ($5 in chips) 
Seat 2: westhamas ($5.86 in chips) 
Seat 3: PokerVibrations ($3.07 in chips) 
Seat 4: HermesDF ($2.56 in chips) 
Seat 5: PolarityX ($4.16 in chips) 
Seat 6: bjrtyuk ($7.36 in chips) 
Seat 7: eskaeliey ($4.59 in chips) 
Seat 8: Dorex2007 ($5 in chips) 
Seat 9: Yuralema ($5 in chips) 
westhamas: posts small blind $0.02
PokerVibrations: posts big blind $0.05
*** HOLE CARDS ***
Dealt to Dorex2007 [5d 3d]
HermesDF: calls $0.05
PolarityX: folds 
bjrtyuk: folds 
eskaeliey: raises $0.15 to $0.20
Dorex2007: folds 
Yuralema: folds 
DEdPo0L: folds 
westhamas: folds 
PokerVibrations: raises $0.40 to $0.60
HermesDF: folds 
eskaeliey: calls $0.40
*** FLOP *** [8s 9s 2s]
PokerVibrations: bets $0.63
eskaeliey: raises $0.63 to $1.26
PokerVibrations: calls $0.63
*** TURN *** [8s 9s 2s] [3s]
PokerVibrations: bets $1.21 and is all-in
eskaeliey: calls $1.21
*** RIVER *** [8s 9s 2s 3s] [7h]
*** SHOW DOWN ***
PokerVibrations: shows [Ac Kc] (high card Ace)
eskaeliey: shows [Js Ts] (a flush, Jack high)
eskaeliey collected $5.95 from pot
*** SUMMARY ***
Total pot $6.21 | Rake $0.26 
Board [8s 9s 2s 3s 7h]
Seat 1: DEdPo0L (button) folded before Flop (didn't bet)
Seat 2: westhamas (small blind) folded before Flop
Seat 3: PokerVibrations (big blind) showed [Ac Kc] and lost with high card Ace
Seat 4: HermesDF folded before Flop
Seat 5: PolarityX folded before Flop (didn't bet)
Seat 6: bjrtyuk folded before Flop (didn't bet)
Seat 7: eskaeliey showed [Js Ts] and won ($5.95) with a flush, Jack high
Seat 8: Dorex2007 folded before Flop (didn't bet)
Seat 9: Yuralema folded before Flop (didn't bet)



PokerStars Hand #238284292679:  Hold'em No Limit ($0.02/$0.05 USD) - 2022/08/28 23:33:10 PT [2022/08/29 2:33:10 ET]
Table 'Suleika' 9-max Seat #2 is the button
Seat 1: DEdPo0L ($5 in chips) 
Seat 2: westhamas ($5.84 in chips) 
Seat 4: HermesDF ($2.51 in chips) 
Seat 5: PolarityX ($4.16 in chips) 
Seat 6: bjrtyuk ($7.36 in chips) 
Seat 7: eskaeliey ($7.47 in chips) 
Seat 8: Dorex2007 ($5 in chips) 
Seat 9: Yuralema ($5 in chips) 
HermesDF: posts small blind $0.02
PolarityX: posts big blind $0.05
*** HOLE CARDS ***
Dealt to Dorex2007 [3h 2h]
bjrtyuk: folds 
eskaeliey: folds 
Dorex2007: folds 
Yuralema: folds 
PokerVibrations leaves the table
DEdPo0L: raises $0.10 to $0.15
westhamas: calls $0.15
HermesDF: calls $0.13
Dak Spur joins the table at seat #3 
PolarityX: raises $0.80 to $0.95
DEdPo0L: folds 
westhamas: raises $4.89 to $5.84 and is all-in
HermesDF: folds 
PolarityX: calls $3.21 and is all-in
Uncalled bet ($1.68) returned to westhamas
PolarityX has timed out
*** FLOP *** [9h 7s Ts]
*** TURN *** [9h 7s Ts] [4c]
*** RIVER *** [9h 7s Ts 4c] [Kd]
*** SHOW DOWN ***
PolarityX: shows [Qc Tc] (a pair of Tens)
westhamas: shows [Ac Ks] (a pair of Kings)
westhamas collected $8.26 from pot
*** SUMMARY ***
Total pot $8.62 | Rake $0.36 
Board [9h 7s Ts 4c Kd]
Seat 1: DEdPo0L folded before Flop
Seat 2: westhamas (button) showed [Ac Ks] and won ($8.26) with a pair of Kings
Seat 4: HermesDF (small blind) folded before Flop
Seat 5: PolarityX (big blind) showed [Qc Tc] and lost with a pair of Tens
Seat 6: bjrtyuk folded before Flop (didn't bet)
Seat 7: eskaeliey folded before Flop (didn't bet)
Seat 8: Dorex2007 folded before Flop (didn't bet)
Seat 9: Yuralema folded before Flop (didn't bet)



PokerStars Hand #238284299813:  Hold'em No Limit ($0.02/$0.05 USD) - 2022/08/28 23:34:33 PT [2022/08/29 2:34:33 ET]
Table 'Suleika' 9-max Seat #4 is the button
Seat 1: DEdPo0L ($5 in chips) 
Seat 2: westhamas ($9.94 in chips) 
Seat 3: Dak Spur ($4 in chips) 
Seat 4: HermesDF ($2.36 in chips) 
Seat 6: bjrtyuk ($7.36 in chips) 
Seat 7: eskaeliey ($7.47 in chips) 
Seat 8: Dorex2007 ($5 in chips) 
Seat 9: Yuralema ($5 in chips) 
bjrtyuk: posts small blind $0.02
eskaeliey: posts big blind $0.05
Dak Spur: posts big blind $0.05
*** HOLE CARDS ***
Dealt to Dorex2007 [5d 2s]
Dorex2007: folds 
Yuralema: folds 
DEdPo0L: folds 
westhamas: folds 
Dak Spur: checks 
HermesDF: folds 
bjrtyuk: calls $0.03
PolarityX is disconnected 
eskaeliey: raises $0.15 to $0.20
Dak Spur: folds 
bjrtyuk: folds 
Uncalled bet ($0.15) returned to eskaeliey
eskaeliey collected $0.15 from pot
*** SUMMARY ***
Total pot $0.15 | Rake $0 
Seat 1: DEdPo0L folded before Flop (didn't bet)
Seat 2: westhamas folded before Flop (didn't bet)
Seat 3: Dak Spur folded before Flop (didn't bet)
Seat 4: HermesDF (button) folded before Flop (didn't bet)
Seat 6: bjrtyuk (small blind) folded before Flop
Seat 7: eskaeliey (big blind) collected ($0.15)
Seat 8: Dorex2007 folded before Flop (didn't bet)
Seat 9: Yuralema folded before Flop (didn't bet)



PokerStars Hand #238284302439:  Hold'em No Limit ($0.02/$0.05 USD) - 2022/08/28 23:35:03 PT [2022/08/29 2:35:03 ET]
Table 'Suleika' 9-max Seat #6 is the button
Seat 1: DEdPo0L ($5 in chips) 
Seat 2: westhamas ($9.94 in chips) 
Seat 3: Dak Spur ($3.95 in chips) 
Seat 4: HermesDF ($2.36 in chips) 
Seat 6: bjrtyuk ($7.31 in chips) 
Seat 7: eskaeliey ($7.57 in chips) 
Seat 8: Dorex2007 ($5 in chips) 
Seat 9: Yuralema ($5 in chips) 
eskaeliey: posts small blind $0.02
Dorex2007: posts big blind $0.05
*** HOLE CARDS ***
Dealt to Dorex2007 [Ad 3h]
Yuralema: folds 
DEdPo0L: folds 
westhamas: folds 
Dak Spur: folds 
HermesDF: folds 
bjrtyuk: folds 
eskaeliey: calls $0.03
Dorex2007: checks 
*** FLOP *** [8h 5s Ac]
eskaeliey: checks 
Dorex2007: checks 
*** TURN *** [8h 5s Ac] [Td]
eskaeliey: checks 
Dorex2007: checks 
*** RIVER *** [8h 5s Ac Td] [9s]
eskaeliey: checks 
Dorex2007: checks 
*** SHOW DOWN ***
eskaeliey: shows [3s 4c] (high card Ace)
Dorex2007: shows [Ad 3h] (a pair of Aces)
Dorex2007 collected $0.10 from pot
*** SUMMARY ***
Total pot $0.10 | Rake $0 
Board [8h 5s Ac Td 9s]
Seat 1: DEdPo0L folded before Flop (didn't bet)
Seat 2: westhamas folded before Flop (didn't bet)
Seat 3: Dak Spur folded before Flop (didn't bet)
Seat 4: HermesDF folded before Flop (didn't bet)
Seat 6: bjrtyuk (button) folded before Flop (didn't bet)
Seat 7: eskaeliey (small blind) showed [3s 4c] and lost with high card Ace
Seat 8: Dorex2007 (big blind) showed [Ad 3h] and won ($0.10) with a pair of Aces
Seat 9: Yuralema folded before Flop (didn't bet)



PokerStars Hand #238284304419:  Hold'em No Limit ($0.02/$0.05 USD) - 2022/08/28 23:35:26 PT [2022/08/29 2:35:26 ET]
Table 'Suleika' 9-max Seat #7 is the button
Seat 1: DEdPo0L ($5 in chips) 
Seat 2: westhamas ($9.94 in chips) 
Seat 3: Dak Spur ($3.95 in chips) 
Seat 4: HermesDF ($2.36 in chips) 
Seat 6: bjrtyuk ($7.31 in chips) 
Seat 7: eskaeliey ($7.52 in chips) 
Seat 8: Dorex2007 ($5.05 in chips) 
Seat 9: Yuralema ($5 in chips) 
Dorex2007: posts small blind $0.02
Yuralema: posts big blind $0.05
*** HOLE CARDS ***
Dealt to Dorex2007 [8c Js]
DEdPo0L: raises $0.12 to $0.17
westhamas: folds 
Dak Spur: calls $0.17
HermesDF: folds 
bjrtyuk: folds 
eskaeliey: folds 
Dorex2007: folds 
Yuralema: folds 
*** FLOP *** [2c Ts 3d]
DEdPo0L: bets $0.25
Dak Spur: calls $0.25
*** TURN *** [2c Ts 3d] [Kd]
DEdPo0L: bets $0.60
Dak Spur: folds 
Uncalled bet ($0.60) returned to DEdPo0L
PolarityX leaves the table
DEdPo0L collected $0.87 from pot
DEdPo0L: doesn't show hand 
*** SUMMARY ***
Total pot $0.91 | Rake $0.04 
Board [2c Ts 3d Kd]
Seat 1: DEdPo0L collected ($0.87)
Seat 2: westhamas folded before Flop (didn't bet)
Seat 3: Dak Spur folded on the Turn
Seat 4: HermesDF folded before Flop (didn't bet)
Seat 6: bjrtyuk folded before Flop (didn't bet)
Seat 7: eskaeliey (button) folded before Flop (didn't bet)
Seat 8: Dorex2007 (small blind) folded before Flop
Seat 9: Yuralema (big blind) folded before Flop



PokerStars Hand #238284307816:  Hold'em No Limit ($0.02/$0.05 USD) - 2022/08/28 23:36:04 PT [2022/08/29 2:36:04 ET]
Table 'Suleika' 9-max Seat #8 is the button
Seat 1: DEdPo0L ($5.45 in chips) 
Seat 2: westhamas ($9.94 in chips) 
Seat 3: Dak Spur ($3.53 in chips) 
Seat 4: HermesDF ($2.36 in chips) 
Seat 6: bjrtyuk ($7.31 in chips) 
Seat 7: eskaeliey ($7.52 in chips) 
Seat 8: Dorex2007 ($5.03 in chips) 
Seat 9: Yuralema ($5 in chips) 
Yuralema: posts small blind $0.02
DEdPo0L: posts big blind $0.05
*** HOLE CARDS ***
Dealt to Dorex2007 [Qs Qc]
westhamas: raises $0.10 to $0.15
Dak Spur: folds 
HermesDF: folds 
bjrtyuk: folds 
eskaeliey: folds 
Dorex2007: raises $0.25 to $0.40
Yuralema: folds 
DEdPo0L: folds 
westhamas: folds 
Uncalled bet ($0.25) returned to Dorex2007
Dorex2007 collected $0.37 from pot
Dorex2007: doesn't show hand 
*** SUMMARY ***
Total pot $0.37 | Rake $0 
Seat 1: DEdPo0L (big blind) folded before Flop
Seat 2: westhamas folded before Flop
Seat 3: Dak Spur folded before Flop (didn't bet)
Seat 4: HermesDF folded before Flop (didn't bet)
Seat 6: bjrtyuk folded before Flop (didn't bet)
Seat 7: eskaeliey folded before Flop (didn't bet)
Seat 8: Dorex2007 (button) collected ($0.37)
Seat 9: Yuralema (small blind) folded before Flop



PokerStars Hand #238284310255:  Hold'em No Limit ($0.02/$0.05 USD) - 2022/08/28 23:36:31 PT [2022/08/29 2:36:31 ET]
Table 'Suleika' 9-max Seat #9 is the button
Seat 1: DEdPo0L ($5.40 in chips) 
Seat 2: westhamas ($9.79 in chips) 
Seat 3: Dak Spur ($3.53 in chips) 
Seat 4: HermesDF ($2.36 in chips) 
Seat 6: bjrtyuk ($7.31 in chips) 
Seat 7: eskaeliey ($7.52 in chips) 
Seat 8: Dorex2007 ($5.25 in chips) 
Seat 9: Yuralema ($5 in chips) 
DEdPo0L: posts small blind $0.02
westhamas: posts big blind $0.05
*** HOLE CARDS ***
Dealt to Dorex2007 [7s 9h]
Dak Spur: raises $0.07 to $0.12
HermesDF: folds 
bjrtyuk: folds 
eskaeliey: folds 
Dorex2007: folds 
Yuralema: folds 
DEdPo0L: folds 
westhamas: folds 
Uncalled bet ($0.07) returned to Dak Spur
Dak Spur collected $0.12 from pot
*** SUMMARY ***
Total pot $0.12 | Rake $0 
Seat 1: DEdPo0L (small blind) folded before Flop
Seat 2: westhamas (big blind) folded before Flop
Seat 3: Dak Spur collected ($0.12)
Seat 4: HermesDF folded before Flop (didn't bet)
Seat 6: bjrtyuk folded before Flop (didn't bet)
Seat 7: eskaeliey folded before Flop (didn't bet)
Seat 8: Dorex2007 folded before Flop (didn't bet)
Seat 9: Yuralema (button) folded before Flop (didn't bet)



PokerStars Hand #238284313564:  Hold'em No Limit ($0.02/$0.05 USD) - 2022/08/28 23:37:08 PT [2022/08/29 2:37:08 ET]
Table 'Suleika' 9-max Seat #1 is the button
Seat 1: DEdPo0L ($5.38 in chips) 
Seat 2: westhamas ($9.74 in chips) 
Seat 3: Dak Spur ($3.60 in chips) 
Seat 4: HermesDF ($2.36 in chips) 
Seat 6: bjrtyuk ($7.31 in chips) 
Seat 7: eskaeliey ($7.52 in chips) 
Seat 8: Dorex2007 ($5.25 in chips) 
Seat 9: Yuralema ($5 in chips) 
westhamas: posts small blind $0.02
Dak Spur: posts big blind $0.05
*** HOLE CARDS ***
Dealt to Dorex2007 [3s 9s]
HermesDF: raises $0.10 to $0.15
bjrtyuk: folds 
eskaeliey: raises $0.15 to $0.30
Dorex2007: folds 
Yuralema: folds 
DEdPo0L: folds 
westhamas: folds 
Dak Spur: folds 
HermesDF: calls $0.15
*** FLOP *** [6s 5s 4h]
HermesDF: bets $0.32
eskaeliey: calls $0.32
*** TURN *** [6s 5s 4h] [Ks]
HermesDF: bets $0.05
matt blakk joins the table at seat #5 
eskaeliey: raises $0.85 to $0.90
HermesDF: calls $0.85
*** RIVER *** [6s 5s 4h Ks] [9h]
HermesDF: bets $0.84 and is all-in
eskaeliey: calls $0.84
*** SHOW DOWN ***
HermesDF: shows [As Qs] (a flush, Ace high)
eskaeliey: shows [Kh Ad] (a pair of Kings)
HermesDF collected $4.59 from pot
*** SUMMARY ***
Total pot $4.79 | Rake $0.20 
Board [6s 5s 4h Ks 9h]
Seat 1: DEdPo0L (button) folded before Flop (didn't bet)
Seat 2: westhamas (small blind) folded before Flop
Seat 3: Dak Spur (big blind) folded before Flop
Seat 4: HermesDF showed [As Qs] and won ($4.59) with a flush, Ace high
Seat 6: bjrtyuk folded before Flop (didn't bet)
Seat 7: eskaeliey showed [Kh Ad] and lost with a pair of Kings
Seat 8: Dorex2007 folded before Flop (didn't bet)
Seat 9: Yuralema folded before Flop (didn't bet)



PokerStars Hand #238284320355:  Hold'em No Limit ($0.02/$0.05 USD) - 2022/08/28 23:38:23 PT [2022/08/29 2:38:23 ET]
Table 'Suleika' 9-max Seat #2 is the button
Seat 1: DEdPo0L ($5.38 in chips) 
Seat 2: westhamas ($9.72 in chips) 
Seat 3: Dak Spur ($3.55 in chips) 
Seat 4: HermesDF ($4.59 in chips) 
Seat 6: bjrtyuk ($7.31 in chips) 
Seat 7: eskaeliey ($5.16 in chips) 
Seat 8: Dorex2007 ($5.25 in chips) 
Seat 9: Yuralema ($5 in chips) 
Dak Spur: posts small blind $0.02
HermesDF: posts big blind $0.05
matt blakk: sits out 
*** HOLE CARDS ***
Dealt to Dorex2007 [4h Jc]
bjrtyuk: folds 
eskaeliey: folds 
Dorex2007: folds 
Yuralema: folds 
DEdPo0L: raises $0.10 to $0.15
westhamas: calls $0.15
Dak Spur: calls $0.13
HermesDF: folds 
*** FLOP *** [6s 9h 2d]
Dak Spur: checks 
DEdPo0L: checks 
westhamas: checks 
*** TURN *** [6s 9h 2d] [3h]
Dak Spur: checks 
DEdPo0L: bets $0.30
westhamas: folds 
Dak Spur: calls $0.30
*** RIVER *** [6s 9h 2d 3h] [7h]
Dak Spur: checks 
DEdPo0L: bets $0.85
Dak Spur: folds 
Uncalled bet ($0.85) returned to DEdPo0L
DEdPo0L collected $1.05 from pot
DEdPo0L: doesn't show hand 
*** SUMMARY ***
Total pot $1.10 | Rake $0.05 
Board [6s 9h 2d 3h 7h]
Seat 1: DEdPo0L collected ($1.05)
Seat 2: westhamas (button) folded on the Turn
Seat 3: Dak Spur (small blind) folded on the River
Seat 4: HermesDF (big blind) folded before Flop
Seat 6: bjrtyuk folded before Flop (didn't bet)
Seat 7: eskaeliey folded before Flop (didn't bet)
Seat 8: Dorex2007 folded before Flop (didn't bet)
Seat 9: Yuralema folded before Flop (didn't bet)



PokerStars Hand #238284326667:  Hold'em No Limit ($0.02/$0.05 USD) - 2022/08/28 23:39:34 PT [2022/08/29 2:39:34 ET]
Table 'Suleika' 9-max Seat #3 is the button
Seat 1: DEdPo0L ($5.98 in chips) 
Seat 2: westhamas ($9.57 in chips) 
Seat 3: Dak Spur ($3.10 in chips) 
Seat 4: HermesDF ($4.54 in chips) 
Seat 5: matt blakk ($5 in chips) 
Seat 6: bjrtyuk ($7.31 in chips) 
Seat 7: eskaeliey ($5.16 in chips) 
Seat 8: Dorex2007 ($5.25 in chips) 
Seat 9: Yuralema ($5 in chips) 
HermesDF: posts small blind $0.02
matt blakk: posts big blind $0.05
*** HOLE CARDS ***
Dealt to Dorex2007 [Tc 9c]
bjrtyuk: folds 
eskaeliey: folds 
Dorex2007: folds 
Yuralema: folds 
DEdPo0L: folds 
westhamas: folds 
Dak Spur: folds 
HermesDF: calls $0.03
matt blakk: checks 
*** FLOP *** [5s 8s 9s]
HermesDF: bets $0.05
matt blakk: calls $0.05
*** TURN *** [5s 8s 9s] [Ks]
HermesDF: checks 
matt blakk: checks 
*** RIVER *** [5s 8s 9s Ks] [4c]
HermesDF: checks 
matt blakk: checks 
*** SHOW DOWN ***
HermesDF: shows [Jd 7h] (high card King)
matt blakk: shows [7c 3s] (a flush, King high)
matt blakk collected $0.19 from pot
*** SUMMARY ***
Total pot $0.20 | Rake $0.01 
Board [5s 8s 9s Ks 4c]
Seat 1: DEdPo0L folded before Flop (didn't bet)
Seat 2: westhamas folded before Flop (didn't bet)
Seat 3: Dak Spur (button) folded before Flop (didn't bet)
Seat 4: HermesDF (small blind) showed [Jd 7h] and lost with high card King
Seat 5: matt blakk (big blind) showed [7c 3s] and won ($0.19) with a flush, King high
Seat 6: bjrtyuk folded before Flop (didn't bet)
Seat 7: eskaeliey folded before Flop (didn't bet)
Seat 8: Dorex2007 folded before Flop (didn't bet)
Seat 9: Yuralema folded before Flop (didn't bet)



PokerStars Hand #238284333141:  Hold'em No Limit ($0.02/$0.05 USD) - 2022/08/28 23:40:47 PT [2022/08/29 2:40:47 ET]
Table 'Suleika' 9-max Seat #4 is the button
Seat 1: DEdPo0L ($5.98 in chips) 
Seat 2: westhamas ($9.57 in chips) 
Seat 3: Dak Spur ($3.10 in chips) 
Seat 4: HermesDF ($4.44 in chips) 
Seat 5: matt blakk ($5.09 in chips) 
Seat 6: bjrtyuk ($7.31 in chips) 
Seat 7: eskaeliey ($5.16 in chips) 
Seat 8: Dorex2007 ($5.25 in chips) 
Seat 9: Yuralema ($5 in chips) 
matt blakk: posts small blind $0.02
bjrtyuk: posts big blind $0.05
*** HOLE CARDS ***
Dealt to Dorex2007 [3h 7c]
eskaeliey: calls $0.05
Dorex2007: folds 
Yuralema: folds 
DEdPo0L: folds 
westhamas: raises $0.12 to $0.17
Dak Spur: folds 
HermesDF: calls $0.17
matt blakk: folds 
bjrtyuk: folds 
eskaeliey: calls $0.12
*** FLOP *** [9d 6c Qh]
eskaeliey: checks 
westhamas: checks 
matt blakk is disconnected 
HermesDF: bets $0.35
eskaeliey: calls $0.35
westhamas: folds 
*** TURN *** [9d 6c Qh] [Td]
eskaeliey: bets $0.40
HermesDF: calls $0.40
*** RIVER *** [9d 6c Qh Td] [5d]
eskaeliey: checks 
HermesDF: bets $0.40
eskaeliey: calls $0.40
*** SHOW DOWN ***
HermesDF: shows [Tc Qd] (two pair, Queens and Tens)
eskaeliey: mucks hand 
HermesDF collected $2.76 from pot
*** SUMMARY ***
Total pot $2.88 | Rake $0.12 
Board [9d 6c Qh Td 5d]
Seat 1: DEdPo0L folded before Flop (didn't bet)
Seat 2: westhamas folded on the Flop
Seat 3: Dak Spur folded before Flop (didn't bet)
Seat 4: HermesDF (button) showed [Tc Qd] and won ($2.76) with two pair, Queens and Tens
Seat 5: matt blakk (small blind) folded before Flop
Seat 6: bjrtyuk (big blind) folded before Flop
Seat 7: eskaeliey mucked [9c Ad]
Seat 8: Dorex2007 folded before Flop (didn't bet)
Seat 9: Yuralema folded before Flop (didn't bet)



PokerStars Hand #238284342111:  Hold'em No Limit ($0.02/$0.05 USD) - 2022/08/28 23:42:26 PT [2022/08/29 2:42:26 ET]
Table 'Suleika' 9-max Seat #6 is the button
Seat 1: DEdPo0L ($5.98 in chips) 
Seat 2: westhamas ($9.40 in chips) 
Seat 3: Dak Spur ($3.10 in chips) 
Seat 4: HermesDF ($5.88 in chips) 
Seat 6: bjrtyuk ($7.26 in chips) 
Seat 7: eskaeliey ($3.84 in chips) 
Seat 8: Dorex2007 ($5.25 in chips) 
Seat 9: Yuralema ($5 in chips) 
eskaeliey: posts small blind $0.02
Dorex2007: posts big blind $0.05
*** HOLE CARDS ***
Dealt to Dorex2007 [3c Ks]
Yuralema: folds 
DEdPo0L: folds 
westhamas: folds 
Dak Spur: folds 
HermesDF: calls $0.05
bjrtyuk: folds 
eskaeliey: calls $0.03
Dorex2007: checks 
*** FLOP *** [6c 3s Kd]
eskaeliey: checks 
Dorex2007: bets $0.09
HermesDF: calls $0.09
eskaeliey: calls $0.09
*** TURN *** [6c 3s Kd] [Js]
eskaeliey: checks 
Dorex2007: bets $0.40
HermesDF: folds 
eskaeliey: folds 
Uncalled bet ($0.40) returned to Dorex2007
Dorex2007 collected $0.40 from pot
Dorex2007: doesn't show hand 
*** SUMMARY ***
Total pot $0.42 | Rake $0.02 
Board [6c 3s Kd Js]
Seat 1: DEdPo0L folded before Flop (didn't bet)
Seat 2: westhamas folded before Flop (didn't bet)
Seat 3: Dak Spur folded before Flop (didn't bet)
Seat 4: HermesDF folded on the Turn
Seat 6: bjrtyuk (button) folded before Flop (didn't bet)
Seat 7: eskaeliey (small blind) folded on the Turn
Seat 8: Dorex2007 (big blind) collected ($0.40)
Seat 9: Yuralema folded before Flop (didn't bet)



PokerStars Hand #238284345981:  Hold'em No Limit ($0.02/$0.05 USD) - 2022/08/28 23:43:09 PT [2022/08/29 2:43:09 ET]
Table 'Suleika' 9-max Seat #7 is the button
Seat 1: DEdPo0L ($5.98 in chips) 
Seat 2: westhamas ($9.40 in chips) 
Seat 3: Dak Spur ($3.10 in chips) 
Seat 4: HermesDF ($5.74 in chips) 
Seat 6: bjrtyuk ($7.26 in chips) 
Seat 7: eskaeliey ($4.26 in chips) 
Seat 8: Dorex2007 ($5.51 in chips) 
Seat 9: Yuralema ($5 in chips) 
Dorex2007: posts small blind $0.02
Yuralema: posts big blind $0.05
*** HOLE CARDS ***
Dealt to Dorex2007 [Ad Jc]
DEdPo0L: folds 
westhamas: folds 
Dak Spur: raises $0.09 to $0.14
HermesDF: folds 
bjrtyuk: folds 
eskaeliey: calls $0.14
Dorex2007: calls $0.12
Yuralema: folds 
*** FLOP *** [Td 9d 6h]
Dorex2007: checks 
Dak Spur: bets $0.30
eskaeliey: calls $0.30
Dorex2007: folds 
*** TURN *** [Td 9d 6h] [Ts]
Dak Spur: bets $0.60
eskaeliey: raises $0.60 to $1.20
Dak Spur: folds 
Uncalled bet ($0.60) returned to eskaeliey
eskaeliey collected $2.18 from pot
*** SUMMARY ***
Total pot $2.27 | Rake $0.09 
Board [Td 9d 6h Ts]
Seat 1: DEdPo0L folded before Flop (didn't bet)
Seat 2: westhamas folded before Flop (didn't bet)
Seat 3: Dak Spur folded on the Turn
Seat 4: HermesDF folded before Flop (didn't bet)
Seat 6: bjrtyuk folded before Flop (didn't bet)
Seat 7: eskaeliey (button) collected ($2.18)
Seat 8: Dorex2007 (small blind) folded on the Flop
Seat 9: Yuralema (big blind) folded before Flop



PokerStars Hand #238284350868:  Hold'em No Limit ($0.02/$0.05 USD) - 2022/08/28 23:44:03 PT [2022/08/29 2:44:03 ET]
Table 'Suleika' 9-max Seat #8 is the button
Seat 1: DEdPo0L ($5.98 in chips) 
Seat 2: westhamas ($9.40 in chips) 
Seat 3: Dak Spur ($2.06 in chips) 
Seat 4: HermesDF ($5.74 in chips) 
Seat 5: matt blakk ($5.07 in chips) 
Seat 6: bjrtyuk ($7.26 in chips) 
Seat 7: eskaeliey ($5.40 in chips) 
Seat 8: Dorex2007 ($5.37 in chips) 
Seat 9: Yuralema ($5 in chips) 
Yuralema: posts small blind $0.02
DEdPo0L: posts big blind $0.05
*** HOLE CARDS ***
Dealt to Dorex2007 [Js 6d]
westhamas: folds 
Dak Spur: folds 
HermesDF: calls $0.05
matt blakk: folds 
bjrtyuk: folds 
eskaeliey: folds 
Dorex2007: folds 
Yuralema: folds 
DEdPo0L: checks 
*** FLOP *** [9c Kh Ah]
DEdPo0L: checks 
HermesDF: checks 
*** TURN *** [9c Kh Ah] [7c]
DEdPo0L: checks 
HermesDF: checks 
*** RIVER *** [9c Kh Ah 7c] [Ks]
DEdPo0L: bets $0.06
HermesDF: calls $0.06
*** SHOW DOWN ***
DEdPo0L: shows [2h Kd] (three of a kind, Kings)
HermesDF: mucks hand 
DEdPo0L collected $0.23 from pot
*** SUMMARY ***
Total pot $0.24 | Rake $0.01 
Board [9c Kh Ah 7c Ks]
Seat 1: DEdPo0L (big blind) showed [2h Kd] and won ($0.23) with three of a kind, Kings
Seat 2: westhamas folded before Flop (didn't bet)
Seat 3: Dak Spur folded before Flop (didn't bet)
Seat 4: HermesDF mucked [8d Qh]
Seat 5: matt blakk folded before Flop (didn't bet)
Seat 6: bjrtyuk folded before Flop (didn't bet)
Seat 7: eskaeliey folded before Flop (didn't bet)
Seat 8: Dorex2007 (button) folded before Flop (didn't bet)
Seat 9: Yuralema (small blind) folded before Flop



PokerStars Hand #238284354522:  Hold'em No Limit ($0.02/$0.05 USD) - 2022/08/28 23:44:43 PT [2022/08/29 2:44:43 ET]
Table 'Suleika' 9-max Seat #9 is the button
Seat 1: DEdPo0L ($6.10 in chips) 
Seat 2: westhamas ($9.40 in chips) 
Seat 3: Dak Spur ($2.06 in chips) 
Seat 4: HermesDF ($5.63 in chips) 
Seat 5: matt blakk ($5.07 in chips) 
Seat 6: bjrtyuk ($7.26 in chips) 
Seat 7: eskaeliey ($5.40 in chips) 
Seat 8: Dorex2007 ($5.37 in chips) 
Seat 9: Yuralema ($5 in chips) 
DEdPo0L: posts small blind $0.02
westhamas: posts big blind $0.05
*** HOLE CARDS ***
Dealt to Dorex2007 [8s Qs]
Dak Spur: calls $0.05
HermesDF: folds 
matt blakk: raises $0.15 to $0.20
bjrtyuk: folds 
eskaeliey: raises $0.20 to $0.40
Dorex2007: folds 
Yuralema: folds 
DEdPo0L: folds 
westhamas: folds 
Dak Spur: folds 
matt blakk: raises $1 to $1.40
eskaeliey: calls $1
*** FLOP *** [7h 6d Ac]
matt blakk: checks 
eskaeliey: bets $1.80
matt blakk: folds 
Uncalled bet ($1.80) returned to eskaeliey
eskaeliey collected $2.80 from pot
*** SUMMARY ***
Total pot $2.92 | Rake $0.12 
Board [7h 6d Ac]
Seat 1: DEdPo0L (small blind) folded before Flop
Seat 2: westhamas (big blind) folded before Flop
Seat 3: Dak Spur folded before Flop
Seat 4: HermesDF folded before Flop (didn't bet)
Seat 5: matt blakk folded on the Flop
Seat 6: bjrtyuk folded before Flop (didn't bet)
Seat 7: eskaeliey collected ($2.80)
Seat 8: Dorex2007 folded before Flop (didn't bet)
Seat 9: Yuralema (button) folded before Flop (didn't bet)



