PokerStars Hand #238615071078:  Hold'em No Limit ($0.02/$0.05 USD) - 2022/09/13 20:11:26 PT [2022/09/13 23:11:26 ET]
Table 'Aguilar II' 9-max Seat #5 is the button
Seat 1: ragingreggie69 ($2.52 in chips) 
Seat 2: Richie C.R ($2.07 in chips) 
Seat 3: NESContra ($5 in chips) 
Seat 4: withnohandlebar ($5 in chips) 
Seat 5: pppinclipppe ($5.60 in chips) 
Seat 6: frank1n100 ($4.95 in chips) 
Seat 7: Dorex2007 ($5 in chips) 
Seat 9: peyote pedro ($7.86 in chips) 
frank1n100: posts small blind $0.02
Dorex2007: posts big blind $0.05
NESContra: posts big blind $0.05
withnohandlebar: posts big blind $0.05
*** HOLE CARDS ***
Dealt to Dorex2007 [9d 4c]
viniciusnd1 joins the table at seat #8 
peyote pedro: folds 
ragingreggie69: folds 
Richie C.R: raises $0.10 to $0.15
NESContra: folds 
withnohandlebar: calls $0.10
pppinclipppe: folds 
frank1n100: folds 
Dorex2007: folds 
*** FLOP *** [5h 3c Ac]
Richie C.R: bets $0.20
withnohandlebar: folds 
Uncalled bet ($0.20) returned to Richie C.R
Richie C.R collected $0.40 from pot
*** SUMMARY ***
Total pot $0.42 | Rake $0.02 
Board [5h 3c Ac]
Seat 1: ragingreggie69 folded before Flop (didn't bet)
Seat 2: Richie C.R collected ($0.40)
Seat 3: NESContra folded before Flop (didn't bet)
Seat 4: withnohandlebar folded on the Flop
Seat 5: pppinclipppe (button) folded before Flop (didn't bet)
Seat 6: frank1n100 (small blind) folded before Flop
Seat 7: Dorex2007 (big blind) folded before Flop
Seat 9: peyote pedro folded before Flop (didn't bet)



PokerStars Hand #238615077838:  Hold'em No Limit ($0.02/$0.05 USD) - 2022/09/13 20:12:12 PT [2022/09/13 23:12:12 ET]
Table 'Aguilar II' 9-max Seat #6 is the button
Seat 1: ragingreggie69 ($2.52 in chips) 
Seat 2: Richie C.R ($2.32 in chips) 
Seat 3: NESContra ($4.95 in chips) 
Seat 4: withnohandlebar ($4.85 in chips) 
Seat 5: pppinclipppe ($5.60 in chips) 
Seat 6: frank1n100 ($4.93 in chips) 
Seat 7: Dorex2007 ($5 in chips) 
Seat 8: viniciusnd1 ($5 in chips) 
Seat 9: peyote pedro ($7.86 in chips) 
Dorex2007: posts small blind $0.02
viniciusnd1: posts big blind $0.05
*** HOLE CARDS ***
Dealt to Dorex2007 [Ks 8h]
peyote pedro: folds 
ragingreggie69: folds 
Richie C.R: calls $0.05
NESContra: calls $0.05
withnohandlebar: folds 
pppinclipppe: folds 
frank1n100: folds 
Dorex2007: folds 
viniciusnd1: checks 
*** FLOP *** [Jc 8c 9c]
viniciusnd1: checks 
Richie C.R: bets $0.08
NESContra: calls $0.08
viniciusnd1: folds 
*** TURN *** [Jc 8c 9c] [Ah]
Richie C.R: bets $0.16
NESContra: calls $0.16
*** RIVER *** [Jc 8c 9c Ah] [Jd]
Richie C.R: bets $0.31
NESContra: calls $0.31
*** SHOW DOWN ***
Richie C.R: shows [Ad 3d] (two pair, Aces and Jacks)
NESContra: shows [Ac 6h] (two pair, Aces and Jacks)
Richie C.R collected $0.61 from pot
NESContra collected $0.61 from pot
*** SUMMARY ***
Total pot $1.27 | Rake $0.05 
Board [Jc 8c 9c Ah Jd]
Seat 1: ragingreggie69 folded before Flop (didn't bet)
Seat 2: Richie C.R showed [Ad 3d] and won ($0.61) with two pair, Aces and Jacks
Seat 3: NESContra showed [Ac 6h] and won ($0.61) with two pair, Aces and Jacks
Seat 4: withnohandlebar folded before Flop (didn't bet)
Seat 5: pppinclipppe folded before Flop (didn't bet)
Seat 6: frank1n100 (button) folded before Flop (didn't bet)
Seat 7: Dorex2007 (small blind) folded before Flop
Seat 8: viniciusnd1 (big blind) folded on the Flop
Seat 9: peyote pedro folded before Flop (didn't bet)



PokerStars Hand #238615084000:  Hold'em No Limit ($0.02/$0.05 USD) - 2022/09/13 20:12:54 PT [2022/09/13 23:12:54 ET]
Table 'Aguilar II' 9-max Seat #7 is the button
Seat 1: ragingreggie69 ($2.52 in chips) 
Seat 2: Richie C.R ($2.33 in chips) 
Seat 3: NESContra ($4.96 in chips) 
Seat 4: withnohandlebar ($4.85 in chips) 
Seat 5: pppinclipppe ($5.60 in chips) 
Seat 6: frank1n100 ($4.93 in chips) 
Seat 7: Dorex2007 ($5 in chips) 
Seat 8: viniciusnd1 ($4.95 in chips) 
Seat 9: peyote pedro ($7.86 in chips) 
viniciusnd1: posts small blind $0.02
peyote pedro: posts big blind $0.05
*** HOLE CARDS ***
Dealt to Dorex2007 [2c 6h]
ragingreggie69: calls $0.05
Richie C.R: folds 
NESContra: folds 
withnohandlebar: folds 
pppinclipppe: folds 
frank1n100: folds 
Dorex2007: folds 
viniciusnd1: raises $0.20 to $0.25
peyote pedro: folds 
ragingreggie69: calls $0.20
*** FLOP *** [9h 3h Qc]
viniciusnd1: bets $0.25
ragingreggie69: folds 
Uncalled bet ($0.25) returned to viniciusnd1
viniciusnd1 collected $0.53 from pot
*** SUMMARY ***
Total pot $0.55 | Rake $0.02 
Board [9h 3h Qc]
Seat 1: ragingreggie69 folded on the Flop
Seat 2: Richie C.R folded before Flop (didn't bet)
Seat 3: NESContra folded before Flop (didn't bet)
Seat 4: withnohandlebar folded before Flop (didn't bet)
Seat 5: pppinclipppe folded before Flop (didn't bet)
Seat 6: frank1n100 folded before Flop (didn't bet)
Seat 7: Dorex2007 (button) folded before Flop (didn't bet)
Seat 8: viniciusnd1 (small blind) collected ($0.53)
Seat 9: peyote pedro (big blind) folded before Flop



PokerStars Hand #238615091186:  Hold'em No Limit ($0.02/$0.05 USD) - 2022/09/13 20:13:42 PT [2022/09/13 23:13:42 ET]
Table 'Aguilar II' 9-max Seat #8 is the button
Seat 1: ragingreggie69 ($2.27 in chips) 
Seat 2: Richie C.R ($2.33 in chips) 
Seat 3: NESContra ($4.96 in chips) 
Seat 4: withnohandlebar ($4.85 in chips) 
Seat 5: pppinclipppe ($5.60 in chips) 
Seat 6: frank1n100 ($4.93 in chips) 
Seat 7: Dorex2007 ($5 in chips) 
Seat 8: viniciusnd1 ($5.23 in chips) 
Seat 9: peyote pedro ($7.81 in chips) 
peyote pedro: posts small blind $0.02
ragingreggie69: posts big blind $0.05
*** HOLE CARDS ***
Dealt to Dorex2007 [Jc 5s]
Richie C.R has timed out
Richie C.R: folds 
NESContra: folds 
withnohandlebar: folds 
pppinclipppe: folds 
frank1n100: folds 
Dorex2007: folds 
viniciusnd1: folds 
peyote pedro: raises $0.10 to $0.15
ragingreggie69: calls $0.10
*** FLOP *** [8h 3s 4d]
peyote pedro: bets $0.20
ragingreggie69: calls $0.20
*** TURN *** [8h 3s 4d] [7s]
peyote pedro: bets $0.45
ragingreggie69: calls $0.45
*** RIVER *** [8h 3s 4d 7s] [Js]
peyote pedro: checks 
ragingreggie69: checks 
*** SHOW DOWN ***
peyote pedro: shows [2d 2s] (a pair of Deuces)
ragingreggie69: shows [5d 7c] (a pair of Sevens)
ragingreggie69 collected $1.53 from pot
*** SUMMARY ***
Total pot $1.60 | Rake $0.07 
Board [8h 3s 4d 7s Js]
Seat 1: ragingreggie69 (big blind) showed [5d 7c] and won ($1.53) with a pair of Sevens
Seat 2: Richie C.R folded before Flop (didn't bet)
Seat 3: NESContra folded before Flop (didn't bet)
Seat 4: withnohandlebar folded before Flop (didn't bet)
Seat 5: pppinclipppe folded before Flop (didn't bet)
Seat 6: frank1n100 folded before Flop (didn't bet)
Seat 7: Dorex2007 folded before Flop (didn't bet)
Seat 8: viniciusnd1 (button) folded before Flop (didn't bet)
Seat 9: peyote pedro (small blind) showed [2d 2s] and lost with a pair of Deuces



PokerStars Hand #238615099421:  Hold'em No Limit ($0.02/$0.05 USD) - 2022/09/13 20:14:38 PT [2022/09/13 23:14:38 ET]
Table 'Aguilar II' 9-max Seat #9 is the button
Seat 1: ragingreggie69 ($3 in chips) 
Seat 3: NESContra ($4.96 in chips) 
Seat 4: withnohandlebar ($4.85 in chips) 
Seat 5: pppinclipppe ($5.60 in chips) 
Seat 6: frank1n100 ($4.93 in chips) 
Seat 7: Dorex2007 ($5 in chips) 
Seat 8: viniciusnd1 ($5.23 in chips) 
Seat 9: peyote pedro ($7.01 in chips) 
ragingreggie69: posts small blind $0.02
NESContra: posts big blind $0.05
*** HOLE CARDS ***
Dealt to Dorex2007 [As 9c]
withnohandlebar: folds 
pppinclipppe: folds 
frank1n100: folds 
Dorex2007: folds 
viniciusnd1: folds 
peyote pedro: folds 
ragingreggie69: calls $0.03
NESContra: checks 
*** FLOP *** [3d Qc Kd]
ragingreggie69: checks 
NESContra: bets $0.10
ragingreggie69: folds 
Uncalled bet ($0.10) returned to NESContra
NESContra collected $0.10 from pot
*** SUMMARY ***
Total pot $0.10 | Rake $0 
Board [3d Qc Kd]
Seat 1: ragingreggie69 (small blind) folded on the Flop
Seat 3: NESContra (big blind) collected ($0.10)
Seat 4: withnohandlebar folded before Flop (didn't bet)
Seat 5: pppinclipppe folded before Flop (didn't bet)
Seat 6: frank1n100 folded before Flop (didn't bet)
Seat 7: Dorex2007 folded before Flop (didn't bet)
Seat 8: viniciusnd1 folded before Flop (didn't bet)
Seat 9: peyote pedro (button) folded before Flop (didn't bet)



PokerStars Hand #238615102456:  Hold'em No Limit ($0.02/$0.05 USD) - 2022/09/13 20:14:59 PT [2022/09/13 23:14:59 ET]
Table 'Aguilar II' 9-max Seat #1 is the button
Seat 1: ragingreggie69 ($2.95 in chips) 
Seat 3: NESContra ($5.01 in chips) 
Seat 4: withnohandlebar ($4.85 in chips) 
Seat 5: pppinclipppe ($5.60 in chips) 
Seat 6: frank1n100 ($4.93 in chips) 
Seat 7: Dorex2007 ($5 in chips) 
Seat 8: viniciusnd1 ($5.23 in chips) 
Seat 9: peyote pedro ($7.01 in chips) 
NESContra: posts small blind $0.02
withnohandlebar: posts big blind $0.05
*** HOLE CARDS ***
Dealt to Dorex2007 [Ac 7h]
pppinclipppe has timed out
pppinclipppe: folds 
frank1n100: folds 
Dorex2007: folds 
viniciusnd1: folds 
peyote pedro: folds 
ragingreggie69: calls $0.05
NESContra: calls $0.03
withnohandlebar: checks 
*** FLOP *** [Qh Qc 2s]
NESContra: bets $0.10
withnohandlebar: folds 
ragingreggie69: folds 
Uncalled bet ($0.10) returned to NESContra
NESContra collected $0.14 from pot
*** SUMMARY ***
Total pot $0.15 | Rake $0.01 
Board [Qh Qc 2s]
Seat 1: ragingreggie69 (button) folded on the Flop
Seat 3: NESContra (small blind) collected ($0.14)
Seat 4: withnohandlebar (big blind) folded on the Flop
Seat 5: pppinclipppe folded before Flop (didn't bet)
Seat 6: frank1n100 folded before Flop (didn't bet)
Seat 7: Dorex2007 folded before Flop (didn't bet)
Seat 8: viniciusnd1 folded before Flop (didn't bet)
Seat 9: peyote pedro folded before Flop (didn't bet)



PokerStars Hand #238615106659:  Hold'em No Limit ($0.02/$0.05 USD) - 2022/09/13 20:15:27 PT [2022/09/13 23:15:27 ET]
Table 'Aguilar II' 9-max Seat #3 is the button
Seat 1: ragingreggie69 ($2.90 in chips) 
Seat 2: Richie C.R ($2.33 in chips) 
Seat 3: NESContra ($5.10 in chips) 
Seat 4: withnohandlebar ($4.80 in chips) 
Seat 5: pppinclipppe ($5.60 in chips) 
Seat 6: frank1n100 ($4.93 in chips) 
Seat 7: Dorex2007 ($5 in chips) 
Seat 8: viniciusnd1 ($5.23 in chips) 
Seat 9: peyote pedro ($7.01 in chips) 
withnohandlebar: posts small blind $0.02
pppinclipppe: posts big blind $0.05
Richie C.R: posts small & big blinds $0.07
*** HOLE CARDS ***
Dealt to Dorex2007 [9d Kd]
frank1n100: folds 
Dorex2007: folds 
viniciusnd1: folds 
peyote pedro: folds 
ragingreggie69: calls $0.05
Richie C.R: checks 
NESContra: calls $0.05
withnohandlebar: folds 
pppinclipppe: checks 
*** FLOP *** [4d 6d 7c]
pppinclipppe: checks 
ragingreggie69: bets $0.05
Richie C.R: calls $0.05
NESContra: folds 
pppinclipppe: folds 
*** TURN *** [4d 6d 7c] [3s]
ragingreggie69: bets $0.16
NESContra leaves the table
Richie C.R: calls $0.16
*** RIVER *** [4d 6d 7c 3s] [9h]
ragingreggie69: checks 
Richie C.R: bets $0.63
ragingreggie69: calls $0.63
*** SHOW DOWN ***
Richie C.R: shows [8s As] (high card Ace)
ragingreggie69: shows [7d 6s] (two pair, Sevens and Sixes)
ragingreggie69 collected $1.84 from pot
*** SUMMARY ***
Total pot $1.92 | Rake $0.08 
Board [4d 6d 7c 3s 9h]
Seat 1: ragingreggie69 showed [7d 6s] and won ($1.84) with two pair, Sevens and Sixes
Seat 2: Richie C.R showed [8s As] and lost with high card Ace
Seat 3: NESContra (button) folded on the Flop
Seat 4: withnohandlebar (small blind) folded before Flop
Seat 5: pppinclipppe (big blind) folded on the Flop
Seat 6: frank1n100 folded before Flop (didn't bet)
Seat 7: Dorex2007 folded before Flop (didn't bet)
Seat 8: viniciusnd1 folded before Flop (didn't bet)
Seat 9: peyote pedro folded before Flop (didn't bet)



PokerStars Hand #238615114737:  Hold'em No Limit ($0.02/$0.05 USD) - 2022/09/13 20:16:21 PT [2022/09/13 23:16:21 ET]
Table 'Aguilar II' 9-max Seat #4 is the button
Seat 1: ragingreggie69 ($3.85 in chips) 
Seat 2: Richie C.R ($1.42 in chips) 
Seat 4: withnohandlebar ($4.78 in chips) 
Seat 5: pppinclipppe ($5.55 in chips) 
Seat 6: frank1n100 ($4.93 in chips) 
Seat 7: Dorex2007 ($5 in chips) 
Seat 8: viniciusnd1 ($5.23 in chips) 
Seat 9: peyote pedro ($7.01 in chips) 
pppinclipppe: posts small blind $0.02
frank1n100: posts big blind $0.05
*** HOLE CARDS ***
Dealt to Dorex2007 [4c Ah]
Dorex2007: folds 
viniciusnd1: raises $0.07 to $0.12
peyote pedro: folds 
ragingreggie69: folds 
Richie C.R: folds 
withnohandlebar: folds 
pppinclipppe: folds 
frank1n100: folds 
Uncalled bet ($0.07) returned to viniciusnd1
viniciusnd1 collected $0.12 from pot
*** SUMMARY ***
Total pot $0.12 | Rake $0 
Seat 1: ragingreggie69 folded before Flop (didn't bet)
Seat 2: Richie C.R folded before Flop (didn't bet)
Seat 4: withnohandlebar (button) folded before Flop (didn't bet)
Seat 5: pppinclipppe (small blind) folded before Flop
Seat 6: frank1n100 (big blind) folded before Flop
Seat 7: Dorex2007 folded before Flop (didn't bet)
Seat 8: viniciusnd1 collected ($0.12)
Seat 9: peyote pedro folded before Flop (didn't bet)



PokerStars Hand #238615117350:  Hold'em No Limit ($0.02/$0.05 USD) - 2022/09/13 20:16:39 PT [2022/09/13 23:16:39 ET]
Table 'Aguilar II' 9-max Seat #5 is the button
Seat 1: ragingreggie69 ($3.85 in chips) 
Seat 2: Richie C.R ($1.42 in chips) 
Seat 4: withnohandlebar ($4.78 in chips) 
Seat 5: pppinclipppe ($5.53 in chips) 
Seat 6: frank1n100 ($4.88 in chips) 
Seat 7: Dorex2007 ($5 in chips) 
Seat 8: viniciusnd1 ($5.30 in chips) 
Seat 9: peyote pedro ($7.01 in chips) 
frank1n100: posts small blind $0.02
Dorex2007: posts big blind $0.05
*** HOLE CARDS ***
Dealt to Dorex2007 [6s Js]
viniciusnd1: folds 
peyote pedro has timed out
peyote pedro: folds 
ragingreggie69: folds 
Richie C.R: folds 
withnohandlebar: folds 
pppinclipppe: folds 
frank1n100: folds 
Uncalled bet ($0.03) returned to Dorex2007
Dorex2007 collected $0.04 from pot
Dorex2007: doesn't show hand 
*** SUMMARY ***
Total pot $0.04 | Rake $0 
Seat 1: ragingreggie69 folded before Flop (didn't bet)
Seat 2: Richie C.R folded before Flop (didn't bet)
Seat 4: withnohandlebar folded before Flop (didn't bet)
Seat 5: pppinclipppe (button) folded before Flop (didn't bet)
Seat 6: frank1n100 (small blind) folded before Flop
Seat 7: Dorex2007 (big blind) collected ($0.04)
Seat 8: viniciusnd1 folded before Flop (didn't bet)
Seat 9: peyote pedro folded before Flop (didn't bet)



PokerStars Hand #238615120994:  Hold'em No Limit ($0.02/$0.05 USD) - 2022/09/13 20:17:04 PT [2022/09/13 23:17:04 ET]
Table 'Aguilar II' 9-max Seat #6 is the button
Seat 1: ragingreggie69 ($3.85 in chips) 
Seat 2: Richie C.R ($1.42 in chips) 
Seat 4: withnohandlebar ($4.78 in chips) 
Seat 5: pppinclipppe ($5.53 in chips) 
Seat 6: frank1n100 ($4.86 in chips) 
Seat 7: Dorex2007 ($5.02 in chips) 
Seat 9: peyote pedro ($7.01 in chips) 
Dorex2007: posts small blind $0.02
viniciusnd1: is sitting out 
peyote pedro: posts big blind $0.05
*** HOLE CARDS ***
Dealt to Dorex2007 [8s 2d]
viniciusnd1 leaves the table
ragingreggie69: folds 
Richie C.R: calls $0.05
withnohandlebar: calls $0.05
pppinclipppe: raises $0.05 to $0.10
frank1n100: folds 
Dorex2007: folds 
peyote pedro: calls $0.05
Richie C.R: calls $0.05
withnohandlebar: calls $0.05
*** FLOP *** [3s 4d 4h]
peyote pedro: checks 
Richie C.R: bets $0.05
withnohandlebar: calls $0.05
pppinclipppe: folds 
peyote pedro: calls $0.05
*** TURN *** [3s 4d 4h] [9d]
peyote pedro: checks 
Richie C.R: bets $0.10
withnohandlebar: folds 
peyote pedro: calls $0.10
*** RIVER *** [3s 4d 4h 9d] [Jd]
peyote pedro: checks 
Richie C.R: checks 
*** SHOW DOWN ***
peyote pedro: shows [3d 5d] (a flush, Jack high)
Richie C.R: mucks hand 
peyote pedro collected $0.74 from pot
*** SUMMARY ***
Total pot $0.77 | Rake $0.03 
Board [3s 4d 4h 9d Jd]
Seat 1: ragingreggie69 folded before Flop (didn't bet)
Seat 2: Richie C.R mucked [9c Kc]
Seat 4: withnohandlebar folded on the Turn
Seat 5: pppinclipppe folded on the Flop
Seat 6: frank1n100 (button) folded before Flop (didn't bet)
Seat 7: Dorex2007 (small blind) folded before Flop
Seat 9: peyote pedro (big blind) showed [3d 5d] and won ($0.74) with a flush, Jack high



PokerStars Hand #238615131742:  Hold'em No Limit ($0.02/$0.05 USD) - 2022/09/13 20:18:17 PT [2022/09/13 23:18:17 ET]
Table 'Aguilar II' 9-max Seat #7 is the button
Seat 1: ragingreggie69 ($3.85 in chips) 
Seat 2: Richie C.R ($1.17 in chips) 
Seat 4: withnohandlebar ($4.63 in chips) 
Seat 5: pppinclipppe ($5.43 in chips) 
Seat 6: frank1n100 ($4.86 in chips) 
Seat 7: Dorex2007 ($5 in chips) 
Seat 9: peyote pedro ($7.50 in chips) 
peyote pedro: posts small blind $0.02
ragingreggie69: posts big blind $0.05
*** HOLE CARDS ***
Dealt to Dorex2007 [Js 4c]
Richie C.R: calls $0.05
withnohandlebar: folds 
pppinclipppe: folds 
frank1n100: raises $0.17 to $0.22
Dorex2007: folds 
peyote pedro: folds 
ragingreggie69: calls $0.17
Richie C.R: folds 
*** FLOP *** [8h 9s 8d]
ragingreggie69: bets $0.05
frank1n100: calls $0.05
*** TURN *** [8h 9s 8d] [5h]
ragingreggie69: bets $0.05
frank1n100: calls $0.05
*** RIVER *** [8h 9s 8d 5h] [2h]
ragingreggie69: bets $0.05
frank1n100: calls $0.05
*** SHOW DOWN ***
ragingreggie69: shows [3d 3c] (two pair, Eights and Threes)
frank1n100: mucks hand 
ragingreggie69 collected $0.78 from pot
*** SUMMARY ***
Total pot $0.81 | Rake $0.03 
Board [8h 9s 8d 5h 2h]
Seat 1: ragingreggie69 (big blind) showed [3d 3c] and won ($0.78) with two pair, Eights and Threes
Seat 2: Richie C.R folded before Flop
Seat 4: withnohandlebar folded before Flop (didn't bet)
Seat 5: pppinclipppe folded before Flop (didn't bet)
Seat 6: frank1n100 mucked [7s As]
Seat 7: Dorex2007 (button) folded before Flop (didn't bet)
Seat 9: peyote pedro (small blind) folded before Flop



PokerStars Hand #238615139522:  Hold'em No Limit ($0.02/$0.05 USD) - 2022/09/13 20:19:12 PT [2022/09/13 23:19:12 ET]
Table 'Aguilar II' 9-max Seat #9 is the button
Seat 1: ragingreggie69 ($4.26 in chips) 
Seat 2: Richie C.R ($1.12 in chips) 
Seat 4: withnohandlebar ($4.63 in chips) 
Seat 5: pppinclipppe ($5.43 in chips) 
Seat 6: frank1n100 ($5 in chips) 
Seat 7: Dorex2007 ($5 in chips) 
Seat 9: peyote pedro ($7.48 in chips) 
ragingreggie69: posts small blind $0.02
Richie C.R: posts big blind $0.05
*** HOLE CARDS ***
Dealt to Dorex2007 [Ac Tc]
withnohandlebar: folds 
pppinclipppe: folds 
frank1n100: folds 
Dorex2007: calls $0.05
peyote pedro: folds 
ragingreggie69: calls $0.03
Richie C.R: checks 
*** FLOP *** [5s 7c Qs]
ragingreggie69: checks 
Richie C.R: checks 
Dorex2007: checks 
*** TURN *** [5s 7c Qs] [Ts]
ragingreggie69: checks 
Richie C.R: bets $0.07
Dorex2007: calls $0.07
ragingreggie69: calls $0.07
*** RIVER *** [5s 7c Qs Ts] [4c]
ragingreggie69: checks 
Richie C.R: bets $0.17
Dorex2007: folds 
ragingreggie69: folds 
Uncalled bet ($0.17) returned to Richie C.R
Richie C.R collected $0.35 from pot
*** SUMMARY ***
Total pot $0.36 | Rake $0.01 
Board [5s 7c Qs Ts 4c]
Seat 1: ragingreggie69 (small blind) folded on the River
Seat 2: Richie C.R (big blind) collected ($0.35)
Seat 4: withnohandlebar folded before Flop (didn't bet)
Seat 5: pppinclipppe folded before Flop (didn't bet)
Seat 6: frank1n100 folded before Flop (didn't bet)
Seat 7: Dorex2007 folded on the River
Seat 9: peyote pedro (button) folded before Flop (didn't bet)



PokerStars Hand #238615146018:  Hold'em No Limit ($0.02/$0.05 USD) - 2022/09/13 20:19:56 PT [2022/09/13 23:19:56 ET]
Table 'Aguilar II' 9-max Seat #1 is the button
Seat 1: ragingreggie69 ($4.14 in chips) 
Seat 2: Richie C.R ($1.35 in chips) 
Seat 4: withnohandlebar ($4.63 in chips) 
Seat 5: pppinclipppe ($5.43 in chips) 
Seat 6: frank1n100 ($5 in chips) 
Seat 7: Dorex2007 ($5 in chips) 
Seat 9: peyote pedro ($7.48 in chips) 
Richie C.R: posts small blind $0.02
withnohandlebar: posts big blind $0.05
*** HOLE CARDS ***
Dealt to Dorex2007 [3s Tc]
pppinclipppe: folds 
frank1n100: folds 
Dorex2007: folds 
peyote pedro: raises $0.10 to $0.15
ragingreggie69: folds 
Richie C.R: folds 
withnohandlebar: folds 
Uncalled bet ($0.10) returned to peyote pedro
peyote pedro collected $0.12 from pot
peyote pedro: doesn't show hand 
*** SUMMARY ***
Total pot $0.12 | Rake $0 
Seat 1: ragingreggie69 (button) folded before Flop (didn't bet)
Seat 2: Richie C.R (small blind) folded before Flop
Seat 4: withnohandlebar (big blind) folded before Flop
Seat 5: pppinclipppe folded before Flop (didn't bet)
Seat 6: frank1n100 folded before Flop (didn't bet)
Seat 7: Dorex2007 folded before Flop (didn't bet)
Seat 9: peyote pedro collected ($0.12)



PokerStars Hand #238615149858:  Hold'em No Limit ($0.02/$0.05 USD) - 2022/09/13 20:20:23 PT [2022/09/13 23:20:23 ET]
Table 'Aguilar II' 9-max Seat #2 is the button
Seat 1: ragingreggie69 ($4.14 in chips) 
Seat 2: Richie C.R ($1.33 in chips) 
Seat 4: withnohandlebar ($4.58 in chips) 
Seat 5: pppinclipppe ($5.43 in chips) 
Seat 6: frank1n100 ($5 in chips) 
Seat 7: Dorex2007 ($5 in chips) 
Seat 9: peyote pedro ($7.55 in chips) 
withnohandlebar: posts small blind $0.02
pppinclipppe: posts big blind $0.05
*** HOLE CARDS ***
Dealt to Dorex2007 [7h 8h]
frank1n100: folds 
Dorex2007: folds 
peyote pedro: folds 
ragingreggie69: calls $0.05
Richie C.R: raises $0.10 to $0.15
withnohandlebar: folds 
pppinclipppe: folds 
ragingreggie69: calls $0.10
*** FLOP *** [Js Ac As]
ragingreggie69: bets $0.05
Richie C.R: calls $0.05
*** TURN *** [Js Ac As] [4d]
ragingreggie69: bets $0.05
Richie C.R: calls $0.05
*** RIVER *** [Js Ac As 4d] [5s]
ragingreggie69: bets $0.05
Richie C.R: calls $0.05
*** SHOW DOWN ***
ragingreggie69: shows [6h 5d] (two pair, Aces and Fives)
Richie C.R: shows [Kd Ks] (two pair, Aces and Kings)
Richie C.R collected $0.64 from pot
*** SUMMARY ***
Total pot $0.67 | Rake $0.03 
Board [Js Ac As 4d 5s]
Seat 1: ragingreggie69 showed [6h 5d] and lost with two pair, Aces and Fives
Seat 2: Richie C.R (button) showed [Kd Ks] and won ($0.64) with two pair, Aces and Kings
Seat 4: withnohandlebar (small blind) folded before Flop
Seat 5: pppinclipppe (big blind) folded before Flop
Seat 6: frank1n100 folded before Flop (didn't bet)
Seat 7: Dorex2007 folded before Flop (didn't bet)
Seat 9: peyote pedro folded before Flop (didn't bet)



PokerStars Hand #238615157024:  Hold'em No Limit ($0.02/$0.05 USD) - 2022/09/13 20:21:13 PT [2022/09/13 23:21:13 ET]
Table 'Aguilar II' 9-max Seat #4 is the button
Seat 1: ragingreggie69 ($3.84 in chips) 
Seat 2: Richie C.R ($1.67 in chips) 
Seat 4: withnohandlebar ($5 in chips) 
Seat 5: pppinclipppe ($5.38 in chips) 
Seat 6: frank1n100 ($5 in chips) 
Seat 7: Dorex2007 ($5 in chips) 
Seat 9: peyote pedro ($7.55 in chips) 
pppinclipppe: posts small blind $0.02
frank1n100: posts big blind $0.05
*** HOLE CARDS ***
Dealt to Dorex2007 [9d 8c]
Dorex2007: folds 
peyote pedro: folds 
ragingreggie69: calls $0.05
Richie C.R: calls $0.05
withnohandlebar: folds 
pppinclipppe: raises $0.05 to $0.10
frank1n100: folds 
ragingreggie69: calls $0.05
Richie C.R: calls $0.05
*** FLOP *** [Ac 6s 9h]
pppinclipppe: bets $0.15
ragingreggie69: folds 
Richie C.R: folds 
Uncalled bet ($0.15) returned to pppinclipppe
pppinclipppe collected $0.34 from pot
*** SUMMARY ***
Total pot $0.35 | Rake $0.01 
Board [Ac 6s 9h]
Seat 1: ragingreggie69 folded on the Flop
Seat 2: Richie C.R folded on the Flop
Seat 4: withnohandlebar (button) folded before Flop (didn't bet)
Seat 5: pppinclipppe (small blind) collected ($0.34)
Seat 6: frank1n100 (big blind) folded before Flop
Seat 7: Dorex2007 folded before Flop (didn't bet)
Seat 9: peyote pedro folded before Flop (didn't bet)



PokerStars Hand #238615161548:  Hold'em No Limit ($0.02/$0.05 USD) - 2022/09/13 20:21:44 PT [2022/09/13 23:21:44 ET]
Table 'Aguilar II' 9-max Seat #5 is the button
Seat 1: ragingreggie69 ($3.74 in chips) 
Seat 2: Richie C.R ($1.57 in chips) 
Seat 4: withnohandlebar ($5 in chips) 
Seat 5: pppinclipppe ($5.62 in chips) 
Seat 6: frank1n100 ($4.95 in chips) 
Seat 7: Dorex2007 ($5 in chips) 
Seat 9: peyote pedro ($7.55 in chips) 
frank1n100: posts small blind $0.02
Dorex2007: posts big blind $0.05
*** HOLE CARDS ***
Dealt to Dorex2007 [Jd Kc]
peyote pedro: raises $0.10 to $0.15
ragingreggie69: folds 
Richie C.R: calls $0.15
withnohandlebar: folds 
pppinclipppe: folds 
frank1n100: folds 
Dorex2007: calls $0.10
*** FLOP *** [Jh Qc 7c]
Dorex2007: checks 
peyote pedro: checks 
Richie C.R: bets $0.45
Dorex2007: folds 
peyote pedro: folds 
Uncalled bet ($0.45) returned to Richie C.R
Richie C.R collected $0.45 from pot
*** SUMMARY ***
Total pot $0.47 | Rake $0.02 
Board [Jh Qc 7c]
Seat 1: ragingreggie69 folded before Flop (didn't bet)
Seat 2: Richie C.R collected ($0.45)
Seat 4: withnohandlebar folded before Flop (didn't bet)
Seat 5: pppinclipppe (button) folded before Flop (didn't bet)
Seat 6: frank1n100 (small blind) folded before Flop
Seat 7: Dorex2007 (big blind) folded on the Flop
Seat 9: peyote pedro folded on the Flop



PokerStars Hand #238615173815:  Hold'em No Limit ($0.02/$0.05 USD) - 2022/09/13 20:23:10 PT [2022/09/13 23:23:10 ET]
Table 'Aguilar II' 9-max Seat #6 is the button
Seat 1: ragingreggie69 ($3.74 in chips) 
Seat 2: Richie C.R ($1.87 in chips) 
Seat 4: withnohandlebar ($5 in chips) 
Seat 5: pppinclipppe ($5.62 in chips) 
Seat 6: frank1n100 ($4.93 in chips) 
Seat 7: Dorex2007 ($5 in chips) 
Seat 9: peyote pedro ($7.40 in chips) 
Dorex2007: posts small blind $0.02
peyote pedro: posts big blind $0.05
*** HOLE CARDS ***
Dealt to Dorex2007 [Td 2h]
ragingreggie69: calls $0.05
Richie C.R: folds 
withnohandlebar: calls $0.05
pppinclipppe: folds 
frank1n100: folds 
Dorex2007 has timed out
Dorex2007: folds 
peyote pedro: checks 
*** FLOP *** [2s 8s 2c]
peyote pedro: bets $0.15
ragingreggie69: folds 
withnohandlebar: calls $0.15
*** TURN *** [2s 8s 2c] [Qd]
peyote pedro: checks 
withnohandlebar: checks 
*** RIVER *** [2s 8s 2c Qd] [9d]
peyote pedro: bets $0.30
withnohandlebar: folds 
Uncalled bet ($0.30) returned to peyote pedro
peyote pedro collected $0.45 from pot
peyote pedro: doesn't show hand 
*** SUMMARY ***
Total pot $0.47 | Rake $0.02 
Board [2s 8s 2c Qd 9d]
Seat 1: ragingreggie69 folded on the Flop
Seat 2: Richie C.R folded before Flop (didn't bet)
Seat 4: withnohandlebar folded on the River
Seat 5: pppinclipppe folded before Flop (didn't bet)
Seat 6: frank1n100 (button) folded before Flop (didn't bet)
Seat 7: Dorex2007 (small blind) folded before Flop
Seat 9: peyote pedro (big blind) collected ($0.45)



PokerStars Hand #238615185949:  Hold'em No Limit ($0.02/$0.05 USD) - 2022/09/13 20:24:35 PT [2022/09/13 23:24:35 ET]
Table 'Aguilar II' 9-max Seat #7 is the button
Seat 1: ragingreggie69 ($3.69 in chips) 
Seat 2: Richie C.R ($1.87 in chips) 
Seat 4: withnohandlebar ($4.80 in chips) 
Seat 5: pppinclipppe ($5.62 in chips) 
Seat 6: frank1n100 ($4.93 in chips) 
Seat 7: Dorex2007 ($5 in chips) 
Seat 9: peyote pedro ($7.65 in chips) 
peyote pedro: posts small blind $0.02
ragingreggie69: posts big blind $0.05
*** HOLE CARDS ***
Dealt to Dorex2007 [9s 5s]
Richie C.R: folds 
withnohandlebar: folds 
pppinclipppe: raises $0.05 to $0.10
frank1n100: folds 
Dorex2007: folds 
peyote pedro: calls $0.08
ragingreggie69: calls $0.05
*** FLOP *** [3s Qs Kd]
peyote pedro: checks 
ragingreggie69: checks 
pppinclipppe: bets $0.15
peyote pedro: calls $0.15
ragingreggie69: calls $0.15
*** TURN *** [3s Qs Kd] [Ah]
peyote pedro: checks 
ragingreggie69: checks 
pppinclipppe: bets $0.20
peyote pedro: folds 
ragingreggie69: calls $0.20
*** RIVER *** [3s Qs Kd Ah] [Td]
ragingreggie69: bets $1.10
pppinclipppe: folds 
Uncalled bet ($1.10) returned to ragingreggie69
ragingreggie69 collected $1.10 from pot
*** SUMMARY ***
Total pot $1.15 | Rake $0.05 
Board [3s Qs Kd Ah Td]
Seat 1: ragingreggie69 (big blind) collected ($1.10)
Seat 2: Richie C.R folded before Flop (didn't bet)
Seat 4: withnohandlebar folded before Flop (didn't bet)
Seat 5: pppinclipppe folded on the River
Seat 6: frank1n100 folded before Flop (didn't bet)
Seat 7: Dorex2007 (button) folded before Flop (didn't bet)
Seat 9: peyote pedro (small blind) folded on the Turn



PokerStars Hand #238615193729:  Hold'em No Limit ($0.02/$0.05 USD) - 2022/09/13 20:25:30 PT [2022/09/13 23:25:30 ET]
Table 'Aguilar II' 9-max Seat #9 is the button
Seat 1: ragingreggie69 ($4.34 in chips) 
Seat 2: Richie C.R ($1.87 in chips) 
Seat 4: withnohandlebar ($5 in chips) 
Seat 5: pppinclipppe ($5.17 in chips) 
Seat 6: frank1n100 ($4.93 in chips) 
Seat 7: Dorex2007 ($5 in chips) 
Seat 9: peyote pedro ($7.40 in chips) 
ragingreggie69: posts small blind $0.02
Richie C.R: posts big blind $0.05
*** HOLE CARDS ***
Dealt to Dorex2007 [9h Ts]
withnohandlebar: folds 
pppinclipppe: folds 
frank1n100: raises $0.07 to $0.12
Dorex2007: folds 
peyote pedro: folds 
ragingreggie69: calls $0.10
Richie C.R: folds 
*** FLOP *** [4d 3c Jc]
ragingreggie69: checks 
frank1n100: checks 
*** TURN *** [4d 3c Jc] [8d]
ragingreggie69: checks 
frank1n100: checks 
*** RIVER *** [4d 3c Jc 8d] [2d]
ragingreggie69: checks 
frank1n100: checks 
*** SHOW DOWN ***
ragingreggie69: shows [8h 9c] (a pair of Eights)
frank1n100: mucks hand 
ragingreggie69 collected $0.28 from pot
*** SUMMARY ***
Total pot $0.29 | Rake $0.01 
Board [4d 3c Jc 8d 2d]
Seat 1: ragingreggie69 (small blind) showed [8h 9c] and won ($0.28) with a pair of Eights
Seat 2: Richie C.R (big blind) folded before Flop
Seat 4: withnohandlebar folded before Flop (didn't bet)
Seat 5: pppinclipppe folded before Flop (didn't bet)
Seat 6: frank1n100 mucked [Ah Kd]
Seat 7: Dorex2007 folded before Flop (didn't bet)
Seat 9: peyote pedro (button) folded before Flop (didn't bet)



