PokerStars Hand #237954172249:  Hold'em No Limit ($0.02/$0.05 USD) - 2022/08/12 15:59:32 PT [2022/08/12 18:59:32 ET]
Table 'Hermod II' 9-max Seat #2 is the button
Seat 1: onlyfoolsguy ($4.98 in chips) 
Seat 2: bradyc08 ($1.50 in chips) 
Seat 3: Neptune27 ($8.38 in chips) 
Seat 4: rodro1801 ($7.94 in chips) 
Seat 5: qzmp123 ($5 in chips) 
Seat 6: MandoopB ($5 in chips) 
Seat 7: shtshot250 ($3.19 in chips) 
Seat 8: gold1967 ($3.39 in chips) 
Seat 9: Dorex2007 ($5 in chips) 
Neptune27: posts small blind $0.02
rodro1801: posts big blind $0.05
Dorex2007: posts big blind $0.05
*** HOLE CARDS ***
Dealt to Dorex2007 [9s Ad]
qzmp123: folds 
MandoopB: folds 
shtshot250: folds 
gold1967: calls $0.05
Dorex2007: checks 
onlyfoolsguy has timed out
onlyfoolsguy: folds 
bradyc08: folds 
Neptune27: folds 
rodro1801: checks 
*** FLOP *** [Ts 7d Th]
rodro1801: checks 
gold1967: bets $0.08
Dorex2007: folds 
rodro1801: folds 
Uncalled bet ($0.08) returned to gold1967
gold1967 collected $0.16 from pot
*** SUMMARY ***
Total pot $0.17 | Rake $0.01 
Board [Ts 7d Th]
Seat 1: onlyfoolsguy folded before Flop (didn't bet)
Seat 2: bradyc08 (button) folded before Flop (didn't bet)
Seat 3: Neptune27 (small blind) folded before Flop
Seat 4: rodro1801 (big blind) folded on the Flop
Seat 5: qzmp123 folded before Flop (didn't bet)
Seat 6: MandoopB folded before Flop (didn't bet)
Seat 7: shtshot250 folded before Flop (didn't bet)
Seat 8: gold1967 collected ($0.16)
Seat 9: Dorex2007 folded on the Flop (didn't bet)



PokerStars Hand #237954187051:  Hold'em No Limit ($0.02/$0.05 USD) - 2022/08/12 16:00:32 PT [2022/08/12 19:00:32 ET]
Table 'Hermod II' 9-max Seat #3 is the button
Seat 2: bradyc08 ($1.50 in chips) 
Seat 3: Neptune27 ($8.36 in chips) 
Seat 4: rodro1801 ($7.89 in chips) 
Seat 5: qzmp123 ($5 in chips) 
Seat 6: MandoopB ($5 in chips) 
Seat 7: shtshot250 ($3.19 in chips) 
Seat 8: gold1967 ($3.50 in chips) 
Seat 9: Dorex2007 ($5 in chips) 
rodro1801: posts small blind $0.02
qzmp123: posts big blind $0.05
*** HOLE CARDS ***
Dealt to Dorex2007 [8d Ts]
MandoopB: folds 
shtshot250: calls $0.05
gold1967: raises $0.15 to $0.20
Dorex2007: folds 
bradyc08: folds 
Neptune27: folds 
rodro1801: calls $0.18
qzmp123: folds 
shtshot250: calls $0.15
*** FLOP *** [Tc 2h 7s]
rodro1801: checks 
shtshot250: checks 
gold1967: checks 
*** TURN *** [Tc 2h 7s] [4d]
rodro1801: bets $0.50
shtshot250: calls $0.50
gold1967: folds 
*** RIVER *** [Tc 2h 7s 4d] [6s]
rodro1801: bets $0.55
shtshot250: folds 
Uncalled bet ($0.55) returned to rodro1801
rodro1801 collected $1.58 from pot
rodro1801: doesn't show hand 
*** SUMMARY ***
Total pot $1.65 | Rake $0.07 
Board [Tc 2h 7s 4d 6s]
Seat 2: bradyc08 folded before Flop (didn't bet)
Seat 3: Neptune27 (button) folded before Flop (didn't bet)
Seat 4: rodro1801 (small blind) collected ($1.58)
Seat 5: qzmp123 (big blind) folded before Flop
Seat 6: MandoopB folded before Flop (didn't bet)
Seat 7: shtshot250 folded on the River
Seat 8: gold1967 folded on the Turn
Seat 9: Dorex2007 folded before Flop (didn't bet)



PokerStars Hand #237954209127:  Hold'em No Limit ($0.02/$0.05 USD) - 2022/08/12 16:01:52 PT [2022/08/12 19:01:52 ET]
Table 'Hermod II' 9-max Seat #4 is the button
Seat 1: onlyfoolsguy ($4.98 in chips) 
Seat 2: bradyc08 ($1.50 in chips) 
Seat 3: Neptune27 ($8.36 in chips) 
Seat 4: rodro1801 ($8.77 in chips) 
Seat 5: qzmp123 ($5 in chips) 
Seat 6: MandoopB ($5 in chips) 
Seat 7: shtshot250 ($2.49 in chips) 
Seat 8: gold1967 ($3.30 in chips) 
Seat 9: Dorex2007 ($5 in chips) 
qzmp123: posts small blind $0.02
MandoopB: posts big blind $0.05
*** HOLE CARDS ***
Dealt to Dorex2007 [Ac 8s]
shtshot250: calls $0.05
gold1967: folds 
Dorex2007: folds 
onlyfoolsguy has timed out
onlyfoolsguy: folds 
bradyc08: raises $0.15 to $0.20
Neptune27: raises $0.30 to $0.50
rodro1801: folds 
qzmp123 has timed out
qzmp123: folds 
MandoopB: folds 
shtshot250: calls $0.45
bradyc08: calls $0.30
*** FLOP *** [7h Qh 2h]
shtshot250: checks 
bradyc08: bets $0.35
Neptune27: folds 
shtshot250: folds 
Uncalled bet ($0.35) returned to bradyc08
bradyc08 collected $1.50 from pot
*** SUMMARY ***
Total pot $1.57 | Rake $0.07 
Board [7h Qh 2h]
Seat 1: onlyfoolsguy folded before Flop (didn't bet)
Seat 2: bradyc08 collected ($1.50)
Seat 3: Neptune27 folded on the Flop
Seat 4: rodro1801 (button) folded before Flop (didn't bet)
Seat 5: qzmp123 (small blind) folded before Flop
Seat 6: MandoopB (big blind) folded before Flop
Seat 7: shtshot250 folded on the Flop
Seat 8: gold1967 folded before Flop (didn't bet)
Seat 9: Dorex2007 folded before Flop (didn't bet)



PokerStars Hand #237954227960:  Hold'em No Limit ($0.02/$0.05 USD) - 2022/08/12 16:02:57 PT [2022/08/12 19:02:57 ET]
Table 'Hermod II' 9-max Seat #5 is the button
Seat 2: bradyc08 ($2.50 in chips) 
Seat 3: Neptune27 ($7.86 in chips) 
Seat 4: rodro1801 ($8.77 in chips) 
Seat 5: qzmp123 ($5 in chips) 
Seat 6: MandoopB ($5 in chips) 
Seat 7: shtshot250 ($1.99 in chips) 
Seat 8: gold1967 ($3.30 in chips) 
Seat 9: Dorex2007 ($5 in chips) 
MandoopB: posts small blind $0.02
shtshot250: posts big blind $0.05
*** HOLE CARDS ***
Dealt to Dorex2007 [3c 9d]
gold1967: folds 
Dorex2007: folds 
bradyc08: folds 
Neptune27: folds 
rodro1801: folds 
qzmp123: raises $0.05 to $0.10
MandoopB: folds 
shtshot250: calls $0.05
*** FLOP *** [4d Ks Th]
shtshot250: bets $0.21
qzmp123: folds 
Uncalled bet ($0.21) returned to shtshot250
shtshot250 collected $0.21 from pot
shtshot250: doesn't show hand 
*** SUMMARY ***
Total pot $0.22 | Rake $0.01 
Board [4d Ks Th]
Seat 2: bradyc08 folded before Flop (didn't bet)
Seat 3: Neptune27 folded before Flop (didn't bet)
Seat 4: rodro1801 folded before Flop (didn't bet)
Seat 5: qzmp123 (button) folded on the Flop
Seat 6: MandoopB (small blind) folded before Flop
Seat 7: shtshot250 (big blind) collected ($0.21)
Seat 8: gold1967 folded before Flop (didn't bet)
Seat 9: Dorex2007 folded before Flop (didn't bet)



PokerStars Hand #237954242062:  Hold'em No Limit ($0.02/$0.05 USD) - 2022/08/12 16:03:45 PT [2022/08/12 19:03:45 ET]
Table 'Hermod II' 9-max Seat #6 is the button
Seat 2: bradyc08 ($2.50 in chips) 
Seat 3: Neptune27 ($7.86 in chips) 
Seat 4: rodro1801 ($8.77 in chips) 
Seat 5: qzmp123 ($5 in chips) 
Seat 6: MandoopB ($5 in chips) 
Seat 7: shtshot250 ($2.10 in chips) 
Seat 8: gold1967 ($3.30 in chips) 
Seat 9: Dorex2007 ($5 in chips) 
shtshot250: posts small blind $0.02
gold1967: posts big blind $0.05
*** HOLE CARDS ***
Dealt to Dorex2007 [4s Th]
Dorex2007: folds 
bradyc08: raises $0.15 to $0.20
Neptune27: folds 
rodro1801: folds 
qzmp123: folds 
MandoopB: folds 
shtshot250: calls $0.18
gold1967: folds 
*** FLOP *** [6s 5d Ah]
shtshot250: checks 
bradyc08: checks 
*** TURN *** [6s 5d Ah] [Tc]
shtshot250: bets $0.43
bradyc08: folds 
Uncalled bet ($0.43) returned to shtshot250
shtshot250 collected $0.43 from pot
shtshot250: doesn't show hand 
*** SUMMARY ***
Total pot $0.45 | Rake $0.02 
Board [6s 5d Ah Tc]
Seat 2: bradyc08 folded on the Turn
Seat 3: Neptune27 folded before Flop (didn't bet)
Seat 4: rodro1801 folded before Flop (didn't bet)
Seat 5: qzmp123 folded before Flop (didn't bet)
Seat 6: MandoopB (button) folded before Flop (didn't bet)
Seat 7: shtshot250 (small blind) collected ($0.43)
Seat 8: gold1967 (big blind) folded before Flop
Seat 9: Dorex2007 folded before Flop (didn't bet)



PokerStars Hand #237954255512:  Hold'em No Limit ($0.02/$0.05 USD) - 2022/08/12 16:04:32 PT [2022/08/12 19:04:32 ET]
Table 'Hermod II' 9-max Seat #7 is the button
Seat 2: bradyc08 ($2.30 in chips) 
Seat 4: rodro1801 ($8.77 in chips) 
Seat 5: qzmp123 ($5 in chips) 
Seat 6: MandoopB ($5 in chips) 
Seat 7: shtshot250 ($2.33 in chips) 
Seat 8: gold1967 ($3.25 in chips) 
Seat 9: Dorex2007 ($5 in chips) 
gold1967: posts small blind $0.02
Dorex2007: posts big blind $0.05
*** HOLE CARDS ***
Dealt to Dorex2007 [2d Kd]
bradyc08: folds 
rodro1801: folds 
qzmp123: folds 
MandoopB: raises $0.10 to $0.15
shtshot250: calls $0.15
gold1967: folds 
Dorex2007: folds 
*** FLOP *** [7s As Jh]
MandoopB: bets $0.26
shtshot250: raises $0.39 to $0.65
MandoopB: raises $1.34 to $1.99
shtshot250: calls $1.34
*** TURN *** [7s As Jh] [4s]
MandoopB: bets $2.86 and is all-in
shtshot250: calls $0.19 and is all-in
Uncalled bet ($2.67) returned to MandoopB
*** RIVER *** [7s As Jh 4s] [Jd]
*** SHOW DOWN ***
MandoopB: shows [Ad Kc] (two pair, Aces and Jacks)
shtshot250: shows [Ts Ac] (two pair, Aces and Jacks - lower kicker)
MandoopB collected $4.53 from pot
*** SUMMARY ***
Total pot $4.73 | Rake $0.20 
Board [7s As Jh 4s Jd]
Seat 2: bradyc08 folded before Flop (didn't bet)
Seat 4: rodro1801 folded before Flop (didn't bet)
Seat 5: qzmp123 folded before Flop (didn't bet)
Seat 6: MandoopB showed [Ad Kc] and won ($4.53) with two pair, Aces and Jacks
Seat 7: shtshot250 (button) showed [Ts Ac] and lost with two pair, Aces and Jacks
Seat 8: gold1967 (small blind) folded before Flop
Seat 9: Dorex2007 (big blind) folded before Flop



PokerStars Hand #237954271001:  Hold'em No Limit ($0.02/$0.05 USD) - 2022/08/12 16:05:26 PT [2022/08/12 19:05:26 ET]
Table 'Hermod II' 9-max Seat #8 is the button
Seat 2: bradyc08 ($2.30 in chips) 
Seat 3: Neptune27 ($7.86 in chips) 
Seat 4: rodro1801 ($8.77 in chips) 
Seat 5: qzmp123 ($5 in chips) 
Seat 6: MandoopB ($7.20 in chips) 
Seat 8: gold1967 ($3.23 in chips) 
Seat 9: Dorex2007 ($5 in chips) 
Dorex2007: posts small blind $0.02
bradyc08: posts big blind $0.05
*** HOLE CARDS ***
Dealt to Dorex2007 [As 4d]
Neptune27: folds 
rodro1801 has timed out
rodro1801: folds 
qzmp123: folds 
MandoopB: folds 
gold1967: raises $0.10 to $0.15
Dorex2007: folds 
bradyc08: folds 
Uncalled bet ($0.10) returned to gold1967
gold1967 collected $0.12 from pot
*** SUMMARY ***
Total pot $0.12 | Rake $0 
Seat 2: bradyc08 (big blind) folded before Flop
Seat 3: Neptune27 folded before Flop (didn't bet)
Seat 4: rodro1801 folded before Flop (didn't bet)
Seat 5: qzmp123 folded before Flop (didn't bet)
Seat 6: MandoopB folded before Flop (didn't bet)
Seat 8: gold1967 (button) collected ($0.12)
Seat 9: Dorex2007 (small blind) folded before Flop



PokerStars Hand #237954278327:  Hold'em No Limit ($0.02/$0.05 USD) - 2022/08/12 16:05:52 PT [2022/08/12 19:05:52 ET]
Table 'Hermod II' 9-max Seat #9 is the button
Seat 2: bradyc08 ($2.25 in chips) 
Seat 3: Neptune27 ($7.86 in chips) 
Seat 4: rodro1801 ($8.77 in chips) 
Seat 5: qzmp123 ($5 in chips) 
Seat 6: MandoopB ($7.20 in chips) 
Seat 7: shtshot250 ($4 in chips) 
Seat 8: gold1967 ($3.30 in chips) 
Seat 9: Dorex2007 ($5 in chips) 
bradyc08: posts small blind $0.02
Neptune27: posts big blind $0.05
*** HOLE CARDS ***
Dealt to Dorex2007 [2s 4c]
rodro1801: folds 
qzmp123: folds 
MandoopB: folds 
shtshot250: calls $0.05
gold1967: calls $0.05
Dorex2007: folds 
bradyc08: folds 
Neptune27: checks 
*** FLOP *** [9d 7h 7c]
Neptune27: checks 
shtshot250: checks 
gold1967: checks 
*** TURN *** [9d 7h 7c] [Ts]
Neptune27: checks 
shtshot250: checks 
gold1967: bets $0.10
Neptune27: folds 
shtshot250: folds 
Uncalled bet ($0.10) returned to gold1967
gold1967 collected $0.16 from pot
*** SUMMARY ***
Total pot $0.17 | Rake $0.01 
Board [9d 7h 7c Ts]
Seat 2: bradyc08 (small blind) folded before Flop
Seat 3: Neptune27 (big blind) folded on the Turn
Seat 4: rodro1801 folded before Flop (didn't bet)
Seat 5: qzmp123 folded before Flop (didn't bet)
Seat 6: MandoopB folded before Flop (didn't bet)
Seat 7: shtshot250 folded on the Turn
Seat 8: gold1967 collected ($0.16)
Seat 9: Dorex2007 (button) folded before Flop (didn't bet)



PokerStars Hand #237954290683:  Hold'em No Limit ($0.02/$0.05 USD) - 2022/08/12 16:06:34 PT [2022/08/12 19:06:34 ET]
Table 'Hermod II' 9-max Seat #2 is the button
Seat 2: bradyc08 ($2.23 in chips) 
Seat 3: Neptune27 ($7.81 in chips) 
Seat 4: rodro1801 ($8.77 in chips) 
Seat 5: qzmp123 ($5 in chips) 
Seat 6: MandoopB ($7.20 in chips) 
Seat 7: shtshot250 ($3.95 in chips) 
Seat 8: gold1967 ($3.41 in chips) 
Seat 9: Dorex2007 ($5 in chips) 
Neptune27: posts small blind $0.02
rodro1801: posts big blind $0.05
*** HOLE CARDS ***
Dealt to Dorex2007 [As 9s]
qzmp123: folds 
MandoopB: folds 
shtshot250: folds 
gold1967: folds 
Dorex2007: calls $0.05
bradyc08: raises $0.20 to $0.25
Neptune27: folds 
rodro1801: raises $0.25 to $0.50
Dorex2007: folds 
bradyc08: calls $0.25
*** FLOP *** [8d 8h 4d]
rodro1801: bets $0.64
bradyc08: folds 
Uncalled bet ($0.64) returned to rodro1801
rodro1801 collected $1.03 from pot
rodro1801: doesn't show hand 
*** SUMMARY ***
Total pot $1.07 | Rake $0.04 
Board [8d 8h 4d]
Seat 2: bradyc08 (button) folded on the Flop
Seat 3: Neptune27 (small blind) folded before Flop
Seat 4: rodro1801 (big blind) collected ($1.03)
Seat 5: qzmp123 folded before Flop (didn't bet)
Seat 6: MandoopB folded before Flop (didn't bet)
Seat 7: shtshot250 folded before Flop (didn't bet)
Seat 8: gold1967 folded before Flop (didn't bet)
Seat 9: Dorex2007 folded before Flop



PokerStars Hand #237954305610:  Hold'em No Limit ($0.02/$0.05 USD) - 2022/08/12 16:07:26 PT [2022/08/12 19:07:26 ET]
Table 'Hermod II' 9-max Seat #3 is the button
Seat 2: bradyc08 ($1.73 in chips) 
Seat 3: Neptune27 ($7.79 in chips) 
Seat 4: rodro1801 ($9.30 in chips) 
Seat 5: qzmp123 ($5 in chips) 
Seat 6: MandoopB ($7.20 in chips) 
Seat 7: shtshot250 ($3.95 in chips) 
Seat 8: gold1967 ($3.41 in chips) 
Seat 9: Dorex2007 ($5 in chips) 
rodro1801: posts small blind $0.02
qzmp123: posts big blind $0.05
*** HOLE CARDS ***
Dealt to Dorex2007 [4d Tc]
MandoopB: folds 
shtshot250: folds 
gold1967: folds 
Dorex2007: folds 
bradyc08: calls $0.05
Neptune27: folds 
rodro1801: calls $0.03
qzmp123: raises $0.25 to $0.30
bradyc08: calls $0.25
rodro1801: folds 
*** FLOP *** [6d Kd 2h]
qzmp123: bets $0.41
bradyc08: raises $0.49 to $0.90
qzmp123: folds 
Uncalled bet ($0.49) returned to bradyc08
bradyc08 collected $1.41 from pot
*** SUMMARY ***
Total pot $1.47 | Rake $0.06 
Board [6d Kd 2h]
Seat 2: bradyc08 collected ($1.41)
Seat 3: Neptune27 (button) folded before Flop (didn't bet)
Seat 4: rodro1801 (small blind) folded before Flop
Seat 5: qzmp123 (big blind) folded on the Flop
Seat 6: MandoopB folded before Flop (didn't bet)
Seat 7: shtshot250 folded before Flop (didn't bet)
Seat 8: gold1967 folded before Flop (didn't bet)
Seat 9: Dorex2007 folded before Flop (didn't bet)



PokerStars Hand #237954319710:  Hold'em No Limit ($0.02/$0.05 USD) - 2022/08/12 16:08:15 PT [2022/08/12 19:08:15 ET]
Table 'Hermod II' 9-max Seat #4 is the button
Seat 2: bradyc08 ($2.43 in chips) 
Seat 3: Neptune27 ($7.79 in chips) 
Seat 4: rodro1801 ($9.25 in chips) 
Seat 5: qzmp123 ($5 in chips) 
Seat 6: MandoopB ($7.20 in chips) 
Seat 8: gold1967 ($3.41 in chips) 
Seat 9: Dorex2007 ($5 in chips) 
qzmp123: posts small blind $0.02
MandoopB: posts big blind $0.05
*** HOLE CARDS ***
Dealt to Dorex2007 [2s Qd]
gold1967: folds 
Dorex2007: folds 
bradyc08: calls $0.05
Neptune27: folds 
rodro1801: folds 
qzmp123: folds 
MandoopB: raises $0.10 to $0.15
bradyc08: calls $0.10
*** FLOP *** [8h 9c 2c]
MandoopB: bets $0.23
bradyc08: folds 
Uncalled bet ($0.23) returned to MandoopB
MandoopB collected $0.31 from pot
MandoopB: doesn't show hand 
*** SUMMARY ***
Total pot $0.32 | Rake $0.01 
Board [8h 9c 2c]
Seat 2: bradyc08 folded on the Flop
Seat 3: Neptune27 folded before Flop (didn't bet)
Seat 4: rodro1801 (button) folded before Flop (didn't bet)
Seat 5: qzmp123 (small blind) folded before Flop
Seat 6: MandoopB (big blind) collected ($0.31)
Seat 8: gold1967 folded before Flop (didn't bet)
Seat 9: Dorex2007 folded before Flop (didn't bet)



PokerStars Hand #237954331562:  Hold'em No Limit ($0.02/$0.05 USD) - 2022/08/12 16:08:56 PT [2022/08/12 19:08:56 ET]
Table 'Hermod II' 9-max Seat #5 is the button
Seat 2: bradyc08 ($2.28 in chips) 
Seat 3: Neptune27 ($7.79 in chips) 
Seat 4: rodro1801 ($9.25 in chips) 
Seat 5: qzmp123 ($5 in chips) 
Seat 6: MandoopB ($7.36 in chips) 
Seat 8: gold1967 ($3.41 in chips) 
Seat 9: Dorex2007 ($5 in chips) 
MandoopB: posts small blind $0.02
gold1967: posts big blind $0.05
onlyfoolsguy: sits out 
*** HOLE CARDS ***
Dealt to Dorex2007 [8d 2d]
Dorex2007: folds 
bradyc08: raises $0.15 to $0.20
Neptune27: folds 
rodro1801: calls $0.20
qzmp123: folds 
MandoopB: folds 
gold1967: folds 
*** FLOP *** [8c Ts 7c]
bradyc08: bets $0.25
rodro1801: raises $0.35 to $0.60
bradyc08: raises $0.45 to $1.05
rodro1801: raises $0.45 to $1.50
bradyc08: calls $0.45
*** TURN *** [8c Ts 7c] [9h]
bradyc08: checks 
rodro1801: bets $2.70
bradyc08: calls $0.58 and is all-in
Uncalled bet ($2.12) returned to rodro1801
*** RIVER *** [8c Ts 7c 9h] [7s]
*** SHOW DOWN ***
bradyc08: shows [Th Js] (a straight, Seven to Jack)
rodro1801: shows [9c 9d] (a full house, Nines full of Sevens)
rodro1801 collected $4.44 from pot
*** SUMMARY ***
Total pot $4.63 | Rake $0.19 
Board [8c Ts 7c 9h 7s]
Seat 2: bradyc08 showed [Th Js] and lost with a straight, Seven to Jack
Seat 3: Neptune27 folded before Flop (didn't bet)
Seat 4: rodro1801 showed [9c 9d] and won ($4.44) with a full house, Nines full of Sevens
Seat 5: qzmp123 (button) folded before Flop (didn't bet)
Seat 6: MandoopB (small blind) folded before Flop
Seat 8: gold1967 (big blind) folded before Flop
Seat 9: Dorex2007 folded before Flop (didn't bet)



PokerStars Hand #237954376702:  Hold'em No Limit ($0.02/$0.05 USD) - 2022/08/12 16:11:35 PT [2022/08/12 19:11:35 ET]
Table 'Hermod II' 9-max Seat #4 is the button
Seat 2: buburik ($4.95 in chips) 
Seat 3: Neptune27 ($7.77 in chips) 
Seat 4: rodro1801 ($11.58 in chips) 
Seat 5: qzmp123 ($5 in chips) 
Seat 6: MandoopB ($7.34 in chips) 
Seat 8: gold1967 ($3.36 in chips) 
Seat 9: Dorex2007 ($5 in chips) 
qzmp123: posts small blind $0.02
MandoopB: posts big blind $0.05
Dorex2007: posts small & big blinds $0.07
*** HOLE CARDS ***
Dealt to Dorex2007 [6h 8c]
gold1967: folds 
Dorex2007: checks 
buburik: raises $0.19 to $0.24
Neptune27: folds 
rodro1801: folds 
qzmp123: folds 
MandoopB: folds 
Dorex2007: folds 
Uncalled bet ($0.19) returned to buburik
buburik collected $0.19 from pot
buburik: doesn't show hand 
*** SUMMARY ***
Total pot $0.19 | Rake $0 
Seat 2: buburik collected ($0.19)
Seat 3: Neptune27 folded before Flop (didn't bet)
Seat 4: rodro1801 (button) folded before Flop (didn't bet)
Seat 5: qzmp123 (small blind) folded before Flop
Seat 6: MandoopB (big blind) folded before Flop
Seat 8: gold1967 folded before Flop (didn't bet)
Seat 9: Dorex2007 folded before Flop (didn't bet)



PokerStars Hand #237954383740:  Hold'em No Limit ($0.02/$0.05 USD) - 2022/08/12 16:11:59 PT [2022/08/12 19:11:59 ET]
Table 'Hermod II' 9-max Seat #5 is the button
Seat 2: buburik ($5.09 in chips) 
Seat 3: Neptune27 ($7.77 in chips) 
Seat 4: rodro1801 ($11.58 in chips) 
Seat 5: qzmp123 ($5 in chips) 
Seat 6: MandoopB ($7.29 in chips) 
Seat 8: gold1967 ($3.36 in chips) 
Seat 9: Dorex2007 ($5 in chips) 
MandoopB: posts small blind $0.02
gold1967: posts big blind $0.05
*** HOLE CARDS ***
Dealt to Dorex2007 [8c 9d]
Dorex2007 has timed out
Dorex2007: folds 
buburik: folds 
Neptune27: raises $0.08 to $0.13
rodro1801: calls $0.13
qzmp123: folds 
MandoopB: folds 
gold1967: folds 
*** FLOP *** [Ts 9c Jc]
Neptune27: checks 
rodro1801: bets $0.20
Neptune27: calls $0.20
*** TURN *** [Ts 9c Jc] [Qs]
Neptune27: checks 
rodro1801: checks 
*** RIVER *** [Ts 9c Jc Qs] [5s]
Neptune27: checks 
rodro1801: checks 
*** SHOW DOWN ***
Neptune27: shows [Ah Ac] (a pair of Aces)
rodro1801: shows [8d Qd] (a straight, Eight to Queen)
rodro1801 collected $0.70 from pot
*** SUMMARY ***
Total pot $0.73 | Rake $0.03 
Board [Ts 9c Jc Qs 5s]
Seat 2: buburik folded before Flop (didn't bet)
Seat 3: Neptune27 showed [Ah Ac] and lost with a pair of Aces
Seat 4: rodro1801 showed [8d Qd] and won ($0.70) with a straight, Eight to Queen
Seat 5: qzmp123 (button) folded before Flop (didn't bet)
Seat 6: MandoopB (small blind) folded before Flop
Seat 8: gold1967 (big blind) folded before Flop
Seat 9: Dorex2007 folded before Flop (didn't bet)



PokerStars Hand #237954397107:  Hold'em No Limit ($0.02/$0.05 USD) - 2022/08/12 16:12:47 PT [2022/08/12 19:12:47 ET]
Table 'Hermod II' 9-max Seat #6 is the button
Seat 2: buburik ($5.09 in chips) 
Seat 3: Neptune27 ($7.44 in chips) 
Seat 4: rodro1801 ($11.95 in chips) 
Seat 5: qzmp123 ($5 in chips) 
Seat 6: MandoopB ($7.27 in chips) 
Seat 8: gold1967 ($3.31 in chips) 
Seat 9: Dorex2007 ($5 in chips) 
gold1967: posts small blind $0.02
Dorex2007: posts big blind $0.05
*** HOLE CARDS ***
Dealt to Dorex2007 [5s 5c]
buburik: raises $0.10 to $0.15
Neptune27: folds 
rodro1801: folds 
qzmp123: folds 
MandoopB: folds 
gold1967: calls $0.13
Dorex2007: calls $0.10
*** FLOP *** [3h 9c 9d]
gold1967: checks 
Dorex2007: bets $0.29
buburik: calls $0.29
gold1967: calls $0.29
*** TURN *** [3h 9c 9d] [9s]
gold1967: checks 
Dorex2007: bets $1.27
buburik: folds 
gold1967: calls $1.27
*** RIVER *** [3h 9c 9d 9s] [6h]
gold1967: bets $1.60 and is all-in
Dorex2007: calls $1.60
*** SHOW DOWN ***
gold1967: shows [9h Th] (four of a kind, Nines)
Dorex2007: shows [5s 5c] (a full house, Nines full of Fives)
gold1967 collected $6.77 from pot
*** SUMMARY ***
Total pot $7.06 | Rake $0.29 
Board [3h 9c 9d 9s 6h]
Seat 2: buburik folded on the Turn
Seat 3: Neptune27 folded before Flop (didn't bet)
Seat 4: rodro1801 folded before Flop (didn't bet)
Seat 5: qzmp123 folded before Flop (didn't bet)
Seat 6: MandoopB (button) folded before Flop (didn't bet)
Seat 8: gold1967 (small blind) showed [9h Th] and won ($6.77) with four of a kind, Nines
Seat 9: Dorex2007 (big blind) showed [5s 5c] and lost with a full house, Nines full of Fives



PokerStars Hand #237954409363:  Hold'em No Limit ($0.02/$0.05 USD) - 2022/08/12 16:13:31 PT [2022/08/12 19:13:31 ET]
Table 'Hermod II' 9-max Seat #8 is the button
Seat 2: buburik ($4.65 in chips) 
Seat 3: Neptune27 ($7.44 in chips) 
Seat 4: rodro1801 ($11.95 in chips) 
Seat 5: qzmp123 ($5 in chips) 
Seat 6: MandoopB ($7.27 in chips) 
Seat 8: gold1967 ($6.77 in chips) 
Seat 9: Dorex2007 ($5 in chips) 
Dorex2007: posts small blind $0.02
buburik: posts big blind $0.05
shtshot250: sits out 
*** HOLE CARDS ***
Dealt to Dorex2007 [3s Qs]
Neptune27: folds 
rodro1801: calls $0.05
qzmp123: folds 
MandoopB: folds 
gold1967: calls $0.05
Dorex2007: folds 
buburik: checks 
*** FLOP *** [Jc Jh Kh]
buburik: checks 
rodro1801: checks 
gold1967: checks 
*** TURN *** [Jc Jh Kh] [7h]
buburik: bets $0.06
rodro1801: folds 
gold1967: folds 
Uncalled bet ($0.06) returned to buburik
buburik collected $0.16 from pot
buburik: doesn't show hand 
*** SUMMARY ***
Total pot $0.17 | Rake $0.01 
Board [Jc Jh Kh 7h]
Seat 2: buburik (big blind) collected ($0.16)
Seat 3: Neptune27 folded before Flop (didn't bet)
Seat 4: rodro1801 folded on the Turn
Seat 5: qzmp123 folded before Flop (didn't bet)
Seat 6: MandoopB folded before Flop (didn't bet)
Seat 8: gold1967 (button) folded on the Turn
Seat 9: Dorex2007 (small blind) folded before Flop



PokerStars Hand #237954419427:  Hold'em No Limit ($0.02/$0.05 USD) - 2022/08/12 16:14:06 PT [2022/08/12 19:14:06 ET]
Table 'Hermod II' 9-max Seat #9 is the button
Seat 2: buburik ($4.76 in chips) 
Seat 3: Neptune27 ($7.44 in chips) 
Seat 4: rodro1801 ($11.90 in chips) 
Seat 5: qzmp123 ($5 in chips) 
Seat 6: MandoopB ($7.27 in chips) 
Seat 8: gold1967 ($6.72 in chips) 
Seat 9: Dorex2007 ($5 in chips) 
buburik: posts small blind $0.02
Neptune27: posts big blind $0.05
shtshot250: sits out 
*** HOLE CARDS ***
Dealt to Dorex2007 [2d As]
rodro1801: calls $0.05
qzmp123: folds 
MandoopB: raises $0.14 to $0.19
gold1967: folds 
Dorex2007: folds 
buburik: folds 
Neptune27: folds 
rodro1801: calls $0.14
*** FLOP *** [Qc 4c 8h]
gold1967 leaves the table
rodro1801: checks 
MandoopB: bets $0.32
rodro1801: calls $0.32
*** TURN *** [Qc 4c 8h] [9c]
rodro1801: checks 
MandoopB: checks 
*** RIVER *** [Qc 4c 8h 9c] [Ad]
rodro1801: checks 
MandoopB: checks 
*** SHOW DOWN ***
rodro1801: shows [5c 5d] (a pair of Fives)
MandoopB: shows [Td Ts] (a pair of Tens)
MandoopB collected $1.04 from pot
*** SUMMARY ***
Total pot $1.09 | Rake $0.05 
Board [Qc 4c 8h 9c Ad]
Seat 2: buburik (small blind) folded before Flop
Seat 3: Neptune27 (big blind) folded before Flop
Seat 4: rodro1801 showed [5c 5d] and lost with a pair of Fives
Seat 5: qzmp123 folded before Flop (didn't bet)
Seat 6: MandoopB showed [Td Ts] and won ($1.04) with a pair of Tens
Seat 8: gold1967 folded before Flop (didn't bet)
Seat 9: Dorex2007 (button) folded before Flop (didn't bet)



PokerStars Hand #237954433120:  Hold'em No Limit ($0.02/$0.05 USD) - 2022/08/12 16:14:55 PT [2022/08/12 19:14:55 ET]
Table 'Hermod II' 9-max Seat #2 is the button
Seat 2: buburik ($4.74 in chips) 
Seat 3: Neptune27 ($7.39 in chips) 
Seat 4: rodro1801 ($11.39 in chips) 
Seat 5: qzmp123 ($5 in chips) 
Seat 6: MandoopB ($7.80 in chips) 
Seat 9: Dorex2007 ($5 in chips) 
Neptune27: posts small blind $0.02
rodro1801: posts big blind $0.05
shtshot250: sits out 
*** HOLE CARDS ***
Dealt to Dorex2007 [2c Tc]
qzmp123: folds 
MandoopB: folds 
Dorex2007: folds 
buburik: folds 
Neptune27: raises $0.09 to $0.14
rodro1801: calls $0.09
*** FLOP *** [Ts 8d Jh]
VascoSerg joins the table at seat #8 
Neptune27: checks 
rodro1801: checks 
*** TURN *** [Ts 8d Jh] [Kc]
Neptune27: bets $0.20
rodro1801: calls $0.20
*** RIVER *** [Ts 8d Jh Kc] [Ah]
Neptune27: checks 
rodro1801: checks 
*** SHOW DOWN ***
Neptune27: shows [Ac 2s] (a pair of Aces)
rodro1801: mucks hand 
Neptune27 collected $0.65 from pot
*** SUMMARY ***
Total pot $0.68 | Rake $0.03 
Board [Ts 8d Jh Kc Ah]
Seat 2: buburik (button) folded before Flop (didn't bet)
Seat 3: Neptune27 (small blind) showed [Ac 2s] and won ($0.65) with a pair of Aces
Seat 4: rodro1801 (big blind) mucked [Jd 7d]
Seat 5: qzmp123 folded before Flop (didn't bet)
Seat 6: MandoopB folded before Flop (didn't bet)
Seat 9: Dorex2007 folded before Flop (didn't bet)



PokerStars Hand #237954454871:  Hold'em No Limit ($0.02/$0.05 USD) - 2022/08/12 16:15:40 PT [2022/08/12 19:15:40 ET]
Table 'Hermod II' 9-max Seat #3 is the button
Seat 2: buburik ($4.74 in chips) 
Seat 3: Neptune27 ($7.70 in chips) 
Seat 4: rodro1801 ($11.05 in chips) 
Seat 5: qzmp123 ($5 in chips) 
Seat 6: MandoopB ($7.80 in chips) 
Seat 9: Dorex2007 ($5 in chips) 
rodro1801: posts small blind $0.02
qzmp123: posts big blind $0.05
shtshot250: sits out 
VascoSerg: sits out 
*** HOLE CARDS ***
Dealt to Dorex2007 [9s Jd]
MandoopB: folds 
Dorex2007: folds 
buburik: raises $0.10 to $0.15
Neptune27: folds 
rodro1801: folds 
qzmp123 has timed out
qzmp123: folds 
Uncalled bet ($0.10) returned to buburik
buburik collected $0.12 from pot
buburik: doesn't show hand 
*** SUMMARY ***
Total pot $0.12 | Rake $0 
Seat 2: buburik collected ($0.12)
Seat 3: Neptune27 (button) folded before Flop (didn't bet)
Seat 4: rodro1801 (small blind) folded before Flop
Seat 5: qzmp123 (big blind) folded before Flop
Seat 6: MandoopB folded before Flop (didn't bet)
Seat 9: Dorex2007 folded before Flop (didn't bet)



PokerStars Hand #237954464112:  Hold'em No Limit ($0.02/$0.05 USD) - 2022/08/12 16:16:13 PT [2022/08/12 19:16:13 ET]
Table 'Hermod II' 9-max Seat #4 is the button
Seat 2: buburik ($4.81 in chips) 
Seat 3: Neptune27 ($7.70 in chips) 
Seat 4: rodro1801 ($11.03 in chips) 
Seat 5: qzmp123 ($5 in chips) 
Seat 6: MandoopB ($7.80 in chips) 
Seat 9: Dorex2007 ($5 in chips) 
qzmp123: posts small blind $0.02
MandoopB: posts big blind $0.05
shtshot250: sits out 
VascoSerg: sits out 
*** HOLE CARDS ***
Dealt to Dorex2007 [5c 7c]
Dorex2007: folds 
buburik: raises $0.10 to $0.15
Neptune27: folds 
rodro1801: folds 
qzmp123: folds 
MandoopB: folds 
Uncalled bet ($0.10) returned to buburik
buburik collected $0.12 from pot
buburik: doesn't show hand 
*** SUMMARY ***
Total pot $0.12 | Rake $0 
Seat 2: buburik collected ($0.12)
Seat 3: Neptune27 folded before Flop (didn't bet)
Seat 4: rodro1801 (button) folded before Flop (didn't bet)
Seat 5: qzmp123 (small blind) folded before Flop
Seat 6: MandoopB (big blind) folded before Flop
Seat 9: Dorex2007 folded before Flop (didn't bet)



PokerStars Hand #237954470511:  Hold'em No Limit ($0.02/$0.05 USD) - 2022/08/12 16:16:35 PT [2022/08/12 19:16:35 ET]
Table 'Hermod II' 9-max Seat #5 is the button
Seat 2: buburik ($4.88 in chips) 
Seat 3: Neptune27 ($7.70 in chips) 
Seat 4: rodro1801 ($11.03 in chips) 
Seat 5: qzmp123 ($5 in chips) 
Seat 6: MandoopB ($7.75 in chips) 
Seat 7: shtshot250 ($3.95 in chips) 
Seat 9: Dorex2007 ($5 in chips) 
MandoopB: posts small blind $0.02
shtshot250: posts big blind $0.05
VascoSerg: sits out 
*** HOLE CARDS ***
Dealt to Dorex2007 [4s Td]
Dorex2007: folds 
buburik: folds 
Neptune27: folds 
rodro1801: folds 
qzmp123: raises $0.05 to $0.10
MandoopB: folds 
shtshot250: folds 
Uncalled bet ($0.05) returned to qzmp123
qzmp123 collected $0.12 from pot
qzmp123: doesn't show hand 
*** SUMMARY ***
Total pot $0.12 | Rake $0 
Seat 2: buburik folded before Flop (didn't bet)
Seat 3: Neptune27 folded before Flop (didn't bet)
Seat 4: rodro1801 folded before Flop (didn't bet)
Seat 5: qzmp123 (button) collected ($0.12)
Seat 6: MandoopB (small blind) folded before Flop
Seat 7: shtshot250 (big blind) folded before Flop
Seat 9: Dorex2007 folded before Flop (didn't bet)



PokerStars Hand #237954475605:  Hold'em No Limit ($0.02/$0.05 USD) - 2022/08/12 16:16:53 PT [2022/08/12 19:16:53 ET]
Table 'Hermod II' 9-max Seat #6 is the button
Seat 2: buburik ($4.88 in chips) 
Seat 3: Neptune27 ($7.70 in chips) 
Seat 4: rodro1801 ($11.03 in chips) 
Seat 5: qzmp123 ($5.07 in chips) 
Seat 6: MandoopB ($7.73 in chips) 
Seat 7: shtshot250 ($3.90 in chips) 
Seat 8: VascoSerg ($5 in chips) 
Seat 9: Dorex2007 ($5 in chips) 
shtshot250: posts small blind $0.02
VascoSerg: posts big blind $0.05
*** HOLE CARDS ***
Dealt to Dorex2007 [Ah Th]
Dorex2007: calls $0.05
buburik: folds 
Neptune27: folds 
rodro1801: folds 
qzmp123: folds 
MandoopB: folds 
shtshot250: calls $0.03
rodro1801 leaves the table
VascoSerg: raises $0.19 to $0.24
Dorex2007: calls $0.19
shtshot250: calls $0.19
*** FLOP *** [Ks 2d Kc]
Thanatos7110 joins the table at seat #4 
shtshot250: checks 
VascoSerg: checks 
Dorex2007: checks 
*** TURN *** [Ks 2d Kc] [4s]
shtshot250: checks 
VascoSerg: checks 
Thanatos7110 leaves the table
Dorex2007: checks 
*** RIVER *** [Ks 2d Kc 4s] [6c]
shtshot250: checks 
VascoSerg: checks 
Dorex2007: bets $0.46
shtshot250: folds 
VascoSerg: folds 
Uncalled bet ($0.46) returned to Dorex2007
Dorex2007 collected $0.69 from pot
Dorex2007: doesn't show hand 
*** SUMMARY ***
Total pot $0.72 | Rake $0.03 
Board [Ks 2d Kc 4s 6c]
Seat 2: buburik folded before Flop (didn't bet)
Seat 3: Neptune27 folded before Flop (didn't bet)
Seat 4: rodro1801 folded before Flop (didn't bet)
Seat 5: qzmp123 folded before Flop (didn't bet)
Seat 6: MandoopB (button) folded before Flop (didn't bet)
Seat 7: shtshot250 (small blind) folded on the River
Seat 8: VascoSerg (big blind) folded on the River
Seat 9: Dorex2007 collected ($0.69)



PokerStars Hand #237954496274:  Hold'em No Limit ($0.02/$0.05 USD) - 2022/08/12 16:18:07 PT [2022/08/12 19:18:07 ET]
Table 'Hermod II' 9-max Seat #7 is the button
Seat 2: buburik ($4.88 in chips) 
Seat 3: Neptune27 ($7.70 in chips) 
Seat 5: qzmp123 ($5.07 in chips) 
Seat 6: MandoopB ($7.73 in chips) 
Seat 7: shtshot250 ($3.66 in chips) 
Seat 8: VascoSerg ($5 in chips) 
Seat 9: Dorex2007 ($5.45 in chips) 
VascoSerg: posts small blind $0.02
Dorex2007: posts big blind $0.05
*** HOLE CARDS ***
Dealt to Dorex2007 [4s 5h]
buburik: folds 
Neptune27: folds 
qzmp123: folds 
MandoopB: folds 
shtshot250: folds 
VascoSerg: folds 
Uncalled bet ($0.03) returned to Dorex2007
Dorex2007 collected $0.04 from pot
Dorex2007: doesn't show hand 
*** SUMMARY ***
Total pot $0.04 | Rake $0 
Seat 2: buburik folded before Flop (didn't bet)
Seat 3: Neptune27 folded before Flop (didn't bet)
Seat 5: qzmp123 folded before Flop (didn't bet)
Seat 6: MandoopB folded before Flop (didn't bet)
Seat 7: shtshot250 (button) folded before Flop (didn't bet)
Seat 8: VascoSerg (small blind) folded before Flop
Seat 9: Dorex2007 (big blind) collected ($0.04)



PokerStars Hand #237954498782:  Hold'em No Limit ($0.02/$0.05 USD) - 2022/08/12 16:18:16 PT [2022/08/12 19:18:16 ET]
Table 'Hermod II' 9-max Seat #8 is the button
Seat 2: buburik ($4.88 in chips) 
Seat 3: Neptune27 ($7.70 in chips) 
Seat 5: qzmp123 ($5.07 in chips) 
Seat 6: MandoopB ($7.73 in chips) 
Seat 7: shtshot250 ($3.66 in chips) 
Seat 8: VascoSerg ($5 in chips) 
Seat 9: Dorex2007 ($5.47 in chips) 
Dorex2007: posts small blind $0.02
buburik: posts big blind $0.05
*** HOLE CARDS ***
Dealt to Dorex2007 [7d 8c]
Neptune27: raises $0.08 to $0.13
qzmp123: folds 
MandoopB: folds 
shtshot250: folds 
VascoSerg: folds 
Dorex2007: folds 
buburik: folds 
Uncalled bet ($0.08) returned to Neptune27
Neptune27 collected $0.12 from pot
*** SUMMARY ***
Total pot $0.12 | Rake $0 
Seat 2: buburik (big blind) folded before Flop
Seat 3: Neptune27 collected ($0.12)
Seat 5: qzmp123 folded before Flop (didn't bet)
Seat 6: MandoopB folded before Flop (didn't bet)
Seat 7: shtshot250 folded before Flop (didn't bet)
Seat 8: VascoSerg (button) folded before Flop (didn't bet)
Seat 9: Dorex2007 (small blind) folded before Flop



