PokerStars Hand #236949987207:  Hold'em No Limit ($0.01/$0.02 USD) - 2022/06/23 21:00:20 PT [2022/06/24 0:00:20 ET]
Table 'Skadi II' 9-max Seat #5 is the button
Seat 1: Dorex2007 ($2.41 in chips) 
Seat 2: Nakuru24 ($1.57 in chips) 
Seat 3: asdabelle ($1.47 in chips) 
Seat 4: LuckyGranpa ($0.65 in chips) 
Seat 5: dito44156 ($1.54 in chips) 
Seat 6: JD080880 ($0.88 in chips) 
Seat 7: Danillixx87 ($1.43 in chips) 
Seat 8: Dubhe99 ($3.48 in chips) 
Seat 9: cberto09 ($2.26 in chips) 
JD080880: posts small blind $0.01
Danillixx87: posts big blind $0.02
*** HOLE CARDS ***
Dealt to Dorex2007 [9c 3h]
Dubhe99: raises $0.02 to $0.04
cberto09: folds 
Dorex2007: folds 
Nakuru24: calls $0.04
asdabelle: folds 
LuckyGranpa: calls $0.04
dito44156: folds 
JD080880: calls $0.03
Danillixx87: folds 
*** FLOP *** [As Kh 6h]
JD080880: bets $0.08
Dubhe99: calls $0.08
Nakuru24: folds 
LuckyGranpa: calls $0.08
*** TURN *** [As Kh 6h] [Td]
JD080880: bets $0.06
Dubhe99: calls $0.06
LuckyGranpa: calls $0.06
*** RIVER *** [As Kh 6h Td] [6s]
JD080880: bets $0.70 and is all-in
Dubhe99: calls $0.70
LuckyGranpa: folds 
*** SHOW DOWN ***
JD080880: shows [Jd Ad] (two pair, Aces and Sixes)
Dubhe99: shows [3c Ac] (two pair, Aces and Sixes)
JD080880 collected $0.97 from pot
Dubhe99 collected $0.96 from pot
*** SUMMARY ***
Total pot $2 | Rake $0.07 
Board [As Kh 6h Td 6s]
Seat 1: Dorex2007 folded before Flop (didn't bet)
Seat 2: Nakuru24 folded on the Flop
Seat 3: asdabelle folded before Flop (didn't bet)
Seat 4: LuckyGranpa folded on the River
Seat 5: dito44156 (button) folded before Flop (didn't bet)
Seat 6: JD080880 (small blind) showed [Jd Ad] and won ($0.97) with two pair, Aces and Sixes
Seat 7: Danillixx87 (big blind) folded before Flop
Seat 8: Dubhe99 showed [3c Ac] and won ($0.96) with two pair, Aces and Sixes
Seat 9: cberto09 folded before Flop (didn't bet)



PokerStars Hand #236950002607:  Hold'em No Limit ($0.01/$0.02 USD) - 2022/06/23 21:01:21 PT [2022/06/24 0:01:21 ET]
Table 'Skadi II' 9-max Seat #6 is the button
Seat 1: Dorex2007 ($2.41 in chips) 
Seat 2: Nakuru24 ($1.53 in chips) 
Seat 3: asdabelle ($1.47 in chips) 
Seat 4: LuckyGranpa ($0.47 in chips) 
Seat 5: dito44156 ($1.54 in chips) 
Seat 6: JD080880 ($0.97 in chips) 
Seat 7: Danillixx87 ($1.41 in chips) 
Seat 8: Dubhe99 ($3.56 in chips) 
Seat 9: cberto09 ($2.26 in chips) 
Danillixx87: posts small blind $0.01
Dubhe99: posts big blind $0.02
*** HOLE CARDS ***
Dealt to Dorex2007 [6h Ts]
cberto09: folds 
Dorex2007: folds 
Nakuru24: calls $0.02
asdabelle: folds 
LuckyGranpa: calls $0.02
dito44156: folds 
JD080880: folds 
Danillixx87: folds 
Dubhe99: checks 
*** FLOP *** [7c 5d 5s]
Dubhe99: checks 
Nakuru24: checks 
LuckyGranpa: checks 
*** TURN *** [7c 5d 5s] [4d]
Dubhe99: checks 
Nakuru24: checks 
LuckyGranpa: checks 
*** RIVER *** [7c 5d 5s 4d] [Ad]
Dubhe99: checks 
Nakuru24: checks 
LuckyGranpa: checks 
*** SHOW DOWN ***
Dubhe99: shows [4h 9d] (two pair, Fives and Fours)
Nakuru24: mucks hand 
LuckyGranpa: mucks hand 
Dubhe99 collected $0.07 from pot
*** SUMMARY ***
Total pot $0.07 | Rake $0 
Board [7c 5d 5s 4d Ad]
Seat 1: Dorex2007 folded before Flop (didn't bet)
Seat 2: Nakuru24 mucked [9s Qs]
Seat 3: asdabelle folded before Flop (didn't bet)
Seat 4: LuckyGranpa mucked [Td Jc]
Seat 5: dito44156 folded before Flop (didn't bet)
Seat 6: JD080880 (button) folded before Flop (didn't bet)
Seat 7: Danillixx87 (small blind) folded before Flop
Seat 8: Dubhe99 (big blind) showed [4h 9d] and won ($0.07) with two pair, Fives and Fours
Seat 9: cberto09 folded before Flop (didn't bet)



PokerStars Hand #236950009213:  Hold'em No Limit ($0.01/$0.02 USD) - 2022/06/23 21:02:10 PT [2022/06/24 0:02:10 ET]
Table 'Skadi II' 9-max Seat #7 is the button
Seat 1: Dorex2007 ($2.41 in chips) 
Seat 2: Nakuru24 ($1.51 in chips) 
Seat 3: asdabelle ($1.47 in chips) 
Seat 4: LuckyGranpa ($0.45 in chips) 
Seat 5: dito44156 ($1.54 in chips) 
Seat 6: JD080880 ($0.97 in chips) 
Seat 7: Danillixx87 ($1.40 in chips) 
Seat 8: Dubhe99 ($3.61 in chips) 
Seat 9: cberto09 ($2.26 in chips) 
Dubhe99: posts small blind $0.01
cberto09: posts big blind $0.02
*** HOLE CARDS ***
Dealt to Dorex2007 [7s 2c]
Dorex2007: folds 
Nakuru24: calls $0.02
asdabelle: folds 
LuckyGranpa: folds 
dito44156: folds 
JD080880: calls $0.02
Danillixx87: raises $0.06 to $0.08
Dubhe99: folds 
cberto09: folds 
Nakuru24: calls $0.06
JD080880: calls $0.06
*** FLOP *** [8h 6s Ts]
Nakuru24: bets $0.04
JD080880: calls $0.04
Danillixx87: folds 
*** TURN *** [8h 6s Ts] [As]
Nakuru24: bets $0.06
JD080880: calls $0.06
*** RIVER *** [8h 6s Ts As] [7c]
Nakuru24: bets $0.08
JD080880: folds 
Uncalled bet ($0.08) returned to Nakuru24
Nakuru24 collected $0.45 from pot
*** SUMMARY ***
Total pot $0.47 | Rake $0.02 
Board [8h 6s Ts As 7c]
Seat 1: Dorex2007 folded before Flop (didn't bet)
Seat 2: Nakuru24 collected ($0.45)
Seat 3: asdabelle folded before Flop (didn't bet)
Seat 4: LuckyGranpa folded before Flop (didn't bet)
Seat 5: dito44156 folded before Flop (didn't bet)
Seat 6: JD080880 folded on the River
Seat 7: Danillixx87 (button) folded on the Flop
Seat 8: Dubhe99 (small blind) folded before Flop
Seat 9: cberto09 (big blind) folded before Flop



PokerStars Hand #236950018709:  Hold'em No Limit ($0.01/$0.02 USD) - 2022/06/23 21:03:18 PT [2022/06/24 0:03:18 ET]
Table 'Skadi II' 9-max Seat #8 is the button
Seat 1: Dorex2007 ($2.41 in chips) 
Seat 2: Nakuru24 ($1.78 in chips) 
Seat 3: asdabelle ($1.47 in chips) 
Seat 4: LuckyGranpa ($0.45 in chips) 
Seat 5: dito44156 ($1.54 in chips) 
Seat 6: JD080880 ($0.79 in chips) 
Seat 7: Danillixx87 ($1.32 in chips) 
Seat 8: Dubhe99 ($3.60 in chips) 
Seat 9: cberto09 ($2.24 in chips) 
cberto09: posts small blind $0.01
Dorex2007: posts big blind $0.02
*** HOLE CARDS ***
Dealt to Dorex2007 [Jc Qc]
Nakuru24: calls $0.02
asdabelle: calls $0.02
LuckyGranpa: folds 
dito44156: folds 
JD080880: calls $0.02
Danillixx87: folds 
Dubhe99: raises $0.08 to $0.10
cberto09: folds 
Dorex2007: folds 
Nakuru24: folds 
asdabelle: folds 
JD080880: folds 
Uncalled bet ($0.08) returned to Dubhe99
Dubhe99 collected $0.11 from pot
*** SUMMARY ***
Total pot $0.11 | Rake $0 
Seat 1: Dorex2007 (big blind) folded before Flop
Seat 2: Nakuru24 folded before Flop
Seat 3: asdabelle folded before Flop
Seat 4: LuckyGranpa folded before Flop (didn't bet)
Seat 5: dito44156 folded before Flop (didn't bet)
Seat 6: JD080880 folded before Flop
Seat 7: Danillixx87 folded before Flop (didn't bet)
Seat 8: Dubhe99 (button) collected ($0.11)
Seat 9: cberto09 (small blind) folded before Flop



PokerStars Hand #236950024244:  Hold'em No Limit ($0.01/$0.02 USD) - 2022/06/23 21:03:59 PT [2022/06/24 0:03:59 ET]
Table 'Skadi II' 9-max Seat #9 is the button
Seat 1: Dorex2007 ($2.39 in chips) 
Seat 2: Nakuru24 ($1.76 in chips) 
Seat 3: asdabelle ($1.45 in chips) 
Seat 4: LuckyGranpa ($0.45 in chips) 
Seat 5: dito44156 ($1.54 in chips) 
Seat 6: JD080880 ($0.77 in chips) 
Seat 7: Danillixx87 ($1.32 in chips) 
Seat 8: Dubhe99 ($3.69 in chips) 
Seat 9: cberto09 ($2.23 in chips) 
Dorex2007: posts small blind $0.01
Nakuru24: posts big blind $0.02
*** HOLE CARDS ***
Dealt to Dorex2007 [Ts Qc]
asdabelle: folds 
LuckyGranpa: folds 
dito44156: raises $0.02 to $0.04
JD080880: calls $0.04
Danillixx87: folds 
Dubhe99: folds 
cberto09: folds 
Dorex2007: calls $0.03
Nakuru24: calls $0.02
*** FLOP *** [Jh Ah 4d]
Dorex2007: checks 
Nakuru24: checks 
dito44156: bets $0.09
JD080880: calls $0.09
Dorex2007: folds 
Nakuru24: folds 
*** TURN *** [Jh Ah 4d] [4c]
dito44156: checks 
JD080880: bets $0.33
dito44156: calls $0.33
*** RIVER *** [Jh Ah 4d 4c] [Kc]
dito44156: checks 
JD080880: bets $0.31 and is all-in
dito44156: calls $0.31
*** SHOW DOWN ***
JD080880: shows [As 3c] (two pair, Aces and Fours)
dito44156: shows [7d Ad] (two pair, Aces and Fours)
dito44156 collected $0.78 from pot
JD080880 collected $0.78 from pot
*** SUMMARY ***
Total pot $1.62 | Rake $0.06 
Board [Jh Ah 4d 4c Kc]
Seat 1: Dorex2007 (small blind) folded on the Flop
Seat 2: Nakuru24 (big blind) folded on the Flop
Seat 3: asdabelle folded before Flop (didn't bet)
Seat 4: LuckyGranpa folded before Flop (didn't bet)
Seat 5: dito44156 showed [7d Ad] and won ($0.78) with two pair, Aces and Fours
Seat 6: JD080880 showed [As 3c] and won ($0.78) with two pair, Aces and Fours
Seat 7: Danillixx87 folded before Flop (didn't bet)
Seat 8: Dubhe99 folded before Flop (didn't bet)
Seat 9: cberto09 (button) folded before Flop (didn't bet)



PokerStars Hand #236950036713:  Hold'em No Limit ($0.01/$0.02 USD) - 2022/06/23 21:05:29 PT [2022/06/24 0:05:29 ET]
Table 'Skadi II' 9-max Seat #1 is the button
Seat 1: Dorex2007 ($2.35 in chips) 
Seat 2: Nakuru24 ($1.72 in chips) 
Seat 3: asdabelle ($1.45 in chips) 
Seat 4: LuckyGranpa ($0.45 in chips) 
Seat 5: dito44156 ($1.55 in chips) 
Seat 6: JD080880 ($0.78 in chips) 
Seat 7: Danillixx87 ($1.32 in chips) 
Seat 8: Dubhe99 ($3.69 in chips) 
Seat 9: cberto09 ($2.23 in chips) 
Nakuru24: posts small blind $0.01
asdabelle: posts big blind $0.02
*** HOLE CARDS ***
Dealt to Dorex2007 [9c 4s]
LuckyGranpa: folds 
dito44156 has timed out
dito44156: folds 
JD080880: folds 
Danillixx87: raises $0.04 to $0.06
Dubhe99: calls $0.06
cberto09: calls $0.06
Dorex2007: folds 
Nakuru24: folds 
asdabelle: folds 
*** FLOP *** [5h Kd 4c]
Danillixx87: bets $0.10
Dubhe99: folds 
cberto09: folds 
Uncalled bet ($0.10) returned to Danillixx87
Danillixx87 collected $0.20 from pot
*** SUMMARY ***
Total pot $0.21 | Rake $0.01 
Board [5h Kd 4c]
Seat 1: Dorex2007 (button) folded before Flop (didn't bet)
Seat 2: Nakuru24 (small blind) folded before Flop
Seat 3: asdabelle (big blind) folded before Flop
Seat 4: LuckyGranpa folded before Flop (didn't bet)
Seat 5: dito44156 folded before Flop (didn't bet)
Seat 6: JD080880 folded before Flop (didn't bet)
Seat 7: Danillixx87 collected ($0.20)
Seat 8: Dubhe99 folded on the Flop
Seat 9: cberto09 folded on the Flop



PokerStars Hand #236950044317:  Hold'em No Limit ($0.01/$0.02 USD) - 2022/06/23 21:06:24 PT [2022/06/24 0:06:24 ET]
Table 'Skadi II' 9-max Seat #2 is the button
Seat 1: Dorex2007 ($2.35 in chips) 
Seat 2: Nakuru24 ($1.71 in chips) 
Seat 3: asdabelle ($1.43 in chips) 
Seat 4: LuckyGranpa ($0.45 in chips) 
Seat 5: dito44156 ($1.55 in chips) 
Seat 6: JD080880 ($0.78 in chips) 
Seat 7: Danillixx87 ($1.46 in chips) 
Seat 8: Dubhe99 ($3.63 in chips) 
Seat 9: cberto09 ($2.17 in chips) 
asdabelle: posts small blind $0.01
LuckyGranpa: posts big blind $0.02
*** HOLE CARDS ***
Dealt to Dorex2007 [4h 2c]
dito44156: folds 
JD080880: folds 
Danillixx87: folds 
Dubhe99: folds 
cberto09: folds 
Dorex2007: folds 
Nakuru24: folds 
asdabelle: calls $0.01
LuckyGranpa: checks 
*** FLOP *** [6d 2h Td]
asdabelle: bets $0.06
LuckyGranpa: calls $0.06
*** TURN *** [6d 2h Td] [Qc]
asdabelle: checks 
LuckyGranpa: bets $0.15
asdabelle: folds 
Uncalled bet ($0.15) returned to LuckyGranpa
LuckyGranpa collected $0.15 from pot
*** SUMMARY ***
Total pot $0.16 | Rake $0.01 
Board [6d 2h Td Qc]
Seat 1: Dorex2007 folded before Flop (didn't bet)
Seat 2: Nakuru24 (button) folded before Flop (didn't bet)
Seat 3: asdabelle (small blind) folded on the Turn
Seat 4: LuckyGranpa (big blind) collected ($0.15)
Seat 5: dito44156 folded before Flop (didn't bet)
Seat 6: JD080880 folded before Flop (didn't bet)
Seat 7: Danillixx87 folded before Flop (didn't bet)
Seat 8: Dubhe99 folded before Flop (didn't bet)
Seat 9: cberto09 folded before Flop (didn't bet)



PokerStars Hand #236950051191:  Hold'em No Limit ($0.01/$0.02 USD) - 2022/06/23 21:07:13 PT [2022/06/24 0:07:13 ET]
Table 'Skadi II' 9-max Seat #3 is the button
Seat 1: Dorex2007 ($2.35 in chips) 
Seat 2: Nakuru24 ($1.71 in chips) 
Seat 3: asdabelle ($1.35 in chips) 
Seat 4: LuckyGranpa ($0.52 in chips) 
Seat 5: dito44156 ($1.55 in chips) 
Seat 6: JD080880 ($0.78 in chips) 
Seat 7: Danillixx87 ($1.46 in chips) 
Seat 8: Dubhe99 ($3.63 in chips) 
Seat 9: cberto09 ($2.17 in chips) 
LuckyGranpa: posts small blind $0.01
dito44156: posts big blind $0.02
*** HOLE CARDS ***
Dealt to Dorex2007 [2s 4s]
JD080880: folds 
Danillixx87: folds 
Dubhe99: calls $0.02
cberto09: folds 
Dorex2007: folds 
Nakuru24: folds 
asdabelle: folds 
LuckyGranpa: calls $0.01
dito44156: checks 
*** FLOP *** [3d 7s Ts]
LuckyGranpa: checks 
dito44156: checks 
Dubhe99: checks 
*** TURN *** [3d 7s Ts] [Kc]
LuckyGranpa: checks 
dito44156: bets $0.04
Dubhe99: folds 
LuckyGranpa: calls $0.04
*** RIVER *** [3d 7s Ts Kc] [6d]
LuckyGranpa: checks 
dito44156: checks 
*** SHOW DOWN ***
LuckyGranpa: shows [9h Jh] (high card King)
dito44156: shows [Qd 5c] (high card King - Queen kicker)
dito44156 collected $0.14 from pot
*** SUMMARY ***
Total pot $0.14 | Rake $0 
Board [3d 7s Ts Kc 6d]
Seat 1: Dorex2007 folded before Flop (didn't bet)
Seat 2: Nakuru24 folded before Flop (didn't bet)
Seat 3: asdabelle (button) folded before Flop (didn't bet)
Seat 4: LuckyGranpa (small blind) showed [9h Jh] and lost with high card King
Seat 5: dito44156 (big blind) showed [Qd 5c] and won ($0.14) with high card King
Seat 6: JD080880 folded before Flop (didn't bet)
Seat 7: Danillixx87 folded before Flop (didn't bet)
Seat 8: Dubhe99 folded on the Turn
Seat 9: cberto09 folded before Flop (didn't bet)



PokerStars Hand #236950064345:  Hold'em No Limit ($0.01/$0.02 USD) - 2022/06/23 21:08:50 PT [2022/06/24 0:08:50 ET]
Table 'Skadi II' 9-max Seat #4 is the button
Seat 1: Dorex2007 ($2.35 in chips) 
Seat 2: Nakuru24 ($1.71 in chips) 
Seat 3: asdabelle ($1.35 in chips) 
Seat 4: LuckyGranpa ($0.46 in chips) 
Seat 5: dito44156 ($1.63 in chips) 
Seat 6: JD080880 ($0.78 in chips) 
Seat 7: Danillixx87 ($1.46 in chips) 
Seat 8: Dubhe99 ($3.61 in chips) 
Seat 9: cberto09 ($2.17 in chips) 
dito44156: posts small blind $0.01
JD080880: posts big blind $0.02
*** HOLE CARDS ***
Dealt to Dorex2007 [5h 5d]
Danillixx87: folds 
Dubhe99: folds 
cberto09: folds 
Dorex2007: calls $0.02
Nakuru24: folds 
asdabelle: calls $0.02
LuckyGranpa: calls $0.02
dito44156: calls $0.01
JD080880: checks 
*** FLOP *** [Td Kh Qh]
dito44156: bets $0.02
JD080880: calls $0.02
Dorex2007: folds 
asdabelle: calls $0.02
LuckyGranpa: calls $0.02
*** TURN *** [Td Kh Qh] [3d]
dito44156: bets $0.02
JD080880: folds 
asdabelle: folds 
LuckyGranpa: calls $0.02
*** RIVER *** [Td Kh Qh 3d] [9d]
dito44156: checks 
LuckyGranpa: bets $0.21
dito44156: folds 
Uncalled bet ($0.21) returned to LuckyGranpa
LuckyGranpa collected $0.21 from pot
*** SUMMARY ***
Total pot $0.22 | Rake $0.01 
Board [Td Kh Qh 3d 9d]
Seat 1: Dorex2007 folded on the Flop
Seat 2: Nakuru24 folded before Flop (didn't bet)
Seat 3: asdabelle folded on the Turn
Seat 4: LuckyGranpa (button) collected ($0.21)
Seat 5: dito44156 (small blind) folded on the River
Seat 6: JD080880 (big blind) folded on the Turn
Seat 7: Danillixx87 folded before Flop (didn't bet)
Seat 8: Dubhe99 folded before Flop (didn't bet)
Seat 9: cberto09 folded before Flop (didn't bet)



PokerStars Hand #236950074600:  Hold'em No Limit ($0.01/$0.02 USD) - 2022/06/23 21:10:05 PT [2022/06/24 0:10:05 ET]
Table 'Skadi II' 9-max Seat #5 is the button
Seat 1: Dorex2007 ($2.33 in chips) 
Seat 2: Nakuru24 ($1.71 in chips) 
Seat 3: asdabelle ($1.31 in chips) 
Seat 4: LuckyGranpa ($0.61 in chips) 
Seat 5: dito44156 ($1.57 in chips) 
Seat 6: JD080880 ($0.74 in chips) 
Seat 7: Danillixx87 ($1.46 in chips) 
Seat 8: Dubhe99 ($3.61 in chips) 
Seat 9: cberto09 ($2.17 in chips) 
JD080880: posts small blind $0.01
Danillixx87: posts big blind $0.02
*** HOLE CARDS ***
Dealt to Dorex2007 [Kc 3h]
Dubhe99: folds 
cberto09: folds 
Dorex2007: folds 
Nakuru24: folds 
asdabelle: folds 
LuckyGranpa: folds 
dito44156 has timed out
dito44156: folds 
JD080880: calls $0.01
Danillixx87: checks 
*** FLOP *** [Ad Qs Kh]
JD080880: bets $0.02
Danillixx87: calls $0.02
*** TURN *** [Ad Qs Kh] [5s]
JD080880: bets $0.02
Danillixx87: folds 
Uncalled bet ($0.02) returned to JD080880
JD080880 collected $0.08 from pot
*** SUMMARY ***
Total pot $0.08 | Rake $0 
Board [Ad Qs Kh 5s]
Seat 1: Dorex2007 folded before Flop (didn't bet)
Seat 2: Nakuru24 folded before Flop (didn't bet)
Seat 3: asdabelle folded before Flop (didn't bet)
Seat 4: LuckyGranpa folded before Flop (didn't bet)
Seat 5: dito44156 (button) folded before Flop (didn't bet)
Seat 6: JD080880 (small blind) collected ($0.08)
Seat 7: Danillixx87 (big blind) folded on the Turn
Seat 8: Dubhe99 folded before Flop (didn't bet)
Seat 9: cberto09 folded before Flop (didn't bet)



PokerStars Hand #236950079824:  Hold'em No Limit ($0.01/$0.02 USD) - 2022/06/23 21:10:43 PT [2022/06/24 0:10:43 ET]
Table 'Skadi II' 9-max Seat #6 is the button
Seat 1: Dorex2007 ($2.33 in chips) 
Seat 2: Nakuru24 ($1.71 in chips) 
Seat 3: asdabelle ($1.31 in chips) 
Seat 4: LuckyGranpa ($0.61 in chips) 
Seat 6: JD080880 ($0.78 in chips) 
Seat 7: Danillixx87 ($1.42 in chips) 
Seat 8: Dubhe99 ($3.61 in chips) 
Seat 9: cberto09 ($2.17 in chips) 
Danillixx87: posts small blind $0.01
Dubhe99: posts big blind $0.02
*** HOLE CARDS ***
Dealt to Dorex2007 [2h Ad]
cberto09: raises $0.04 to $0.06
Dorex2007: folds 
Nakuru24: folds 
asdabelle: folds 
LuckyGranpa: folds 
JD080880: folds 
Danillixx87: folds 
Dubhe99: folds 
Uncalled bet ($0.04) returned to cberto09
cberto09 collected $0.05 from pot
*** SUMMARY ***
Total pot $0.05 | Rake $0 
Seat 1: Dorex2007 folded before Flop (didn't bet)
Seat 2: Nakuru24 folded before Flop (didn't bet)
Seat 3: asdabelle folded before Flop (didn't bet)
Seat 4: LuckyGranpa folded before Flop (didn't bet)
Seat 6: JD080880 (button) folded before Flop (didn't bet)
Seat 7: Danillixx87 (small blind) folded before Flop
Seat 8: Dubhe99 (big blind) folded before Flop
Seat 9: cberto09 collected ($0.05)



PokerStars Hand #236950082062:  Hold'em No Limit ($0.01/$0.02 USD) - 2022/06/23 21:11:00 PT [2022/06/24 0:11:00 ET]
Table 'Skadi II' 9-max Seat #7 is the button
Seat 1: Dorex2007 ($2.33 in chips) 
Seat 2: Nakuru24 ($1.71 in chips) 
Seat 3: asdabelle ($1.31 in chips) 
Seat 4: LuckyGranpa ($0.61 in chips) 
Seat 5: dito44156 ($1.57 in chips) 
Seat 6: JD080880 ($0.78 in chips) 
Seat 7: Danillixx87 ($1.41 in chips) 
Seat 8: Dubhe99 ($3.59 in chips) 
Seat 9: cberto09 ($2.20 in chips) 
Dubhe99: posts small blind $0.01
cberto09: posts big blind $0.02
*** HOLE CARDS ***
Dealt to Dorex2007 [2c 6d]
Dorex2007: folds 
Nakuru24: calls $0.02
asdabelle: folds 
LuckyGranpa: folds 
dito44156: raises $0.02 to $0.04
JD080880: folds 
Danillixx87: folds 
Dubhe99: raises $0.02 to $0.06
cberto09: folds 
Nakuru24: calls $0.04
dito44156: calls $0.02
*** FLOP *** [2s 6s Qc]
Dubhe99: checks 
Nakuru24: bets $0.04
dito44156: calls $0.04
Dubhe99: calls $0.04
*** TURN *** [2s 6s Qc] [7d]
Dubhe99: checks 
Nakuru24: bets $0.06
dito44156: calls $0.06
Dubhe99: folds 
*** RIVER *** [2s 6s Qc 7d] [Tc]
Nakuru24: bets $0.10
dito44156: calls $0.10
*** SHOW DOWN ***
Nakuru24: shows [Kd Qh] (a pair of Queens)
dito44156: shows [Kh Qd] (a pair of Queens)
Nakuru24 collected $0.31 from pot
dito44156 collected $0.31 from pot
*** SUMMARY ***
Total pot $0.64 | Rake $0.02 
Board [2s 6s Qc 7d Tc]
Seat 1: Dorex2007 folded before Flop (didn't bet)
Seat 2: Nakuru24 showed [Kd Qh] and won ($0.31) with a pair of Queens
Seat 3: asdabelle folded before Flop (didn't bet)
Seat 4: LuckyGranpa folded before Flop (didn't bet)
Seat 5: dito44156 showed [Kh Qd] and won ($0.31) with a pair of Queens
Seat 6: JD080880 folded before Flop (didn't bet)
Seat 7: Danillixx87 (button) folded before Flop (didn't bet)
Seat 8: Dubhe99 (small blind) folded on the Turn
Seat 9: cberto09 (big blind) folded before Flop



PokerStars Hand #236950093699:  Hold'em No Limit ($0.01/$0.02 USD) - 2022/06/23 21:12:26 PT [2022/06/24 0:12:26 ET]
Table 'Skadi II' 9-max Seat #8 is the button
Seat 1: Dorex2007 ($2.33 in chips) 
Seat 2: Nakuru24 ($1.76 in chips) 
Seat 3: asdabelle ($1.31 in chips) 
Seat 4: LuckyGranpa ($0.61 in chips) 
Seat 5: dito44156 ($1.62 in chips) 
Seat 6: JD080880 ($0.78 in chips) 
Seat 7: Danillixx87 ($1.41 in chips) 
Seat 8: Dubhe99 ($3.49 in chips) 
Seat 9: cberto09 ($2.18 in chips) 
cberto09: posts small blind $0.01
Dorex2007: posts big blind $0.02
*** HOLE CARDS ***
Dealt to Dorex2007 [8h Td]
Nakuru24: calls $0.02
asdabelle: folds 
LuckyGranpa: folds 
dito44156 has timed out
dito44156: folds 
JD080880: folds 
Danillixx87: folds 
Dubhe99: raises $0.04 to $0.06
cberto09: folds 
Dorex2007: folds 
Nakuru24: calls $0.04
*** FLOP *** [8s 5s 5c]
Nakuru24: checks 
Dubhe99: bets $0.14
Nakuru24: folds 
Uncalled bet ($0.14) returned to Dubhe99
Dubhe99 collected $0.14 from pot
*** SUMMARY ***
Total pot $0.15 | Rake $0.01 
Board [8s 5s 5c]
Seat 1: Dorex2007 (big blind) folded before Flop
Seat 2: Nakuru24 folded on the Flop
Seat 3: asdabelle folded before Flop (didn't bet)
Seat 4: LuckyGranpa folded before Flop (didn't bet)
Seat 5: dito44156 folded before Flop (didn't bet)
Seat 6: JD080880 folded before Flop (didn't bet)
Seat 7: Danillixx87 folded before Flop (didn't bet)
Seat 8: Dubhe99 (button) collected ($0.14)
Seat 9: cberto09 (small blind) folded before Flop



PokerStars Hand #236950101135:  Hold'em No Limit ($0.01/$0.02 USD) - 2022/06/23 21:13:20 PT [2022/06/24 0:13:20 ET]
Table 'Skadi II' 9-max Seat #9 is the button
Seat 1: Dorex2007 ($2.31 in chips) 
Seat 2: Nakuru24 ($1.70 in chips) 
Seat 3: asdabelle ($1.31 in chips) 
Seat 4: LuckyGranpa ($0.61 in chips) 
Seat 5: dito44156 ($1.62 in chips) 
Seat 6: JD080880 ($0.78 in chips) 
Seat 7: Danillixx87 ($1.41 in chips) 
Seat 8: Dubhe99 ($3.57 in chips) 
Seat 9: cberto09 ($2.17 in chips) 
Dorex2007: posts small blind $0.01
Nakuru24: posts big blind $0.02
*** HOLE CARDS ***
Dealt to Dorex2007 [4d 7d]
asdabelle: folds 
LuckyGranpa: folds 
dito44156: calls $0.02
JD080880: calls $0.02
Danillixx87: folds 
Dubhe99: folds 
cberto09: folds 
Dorex2007: folds 
Nakuru24: checks 
*** FLOP *** [Kd Qd 4s]
Nakuru24: checks 
dito44156: bets $0.04
JD080880: folds 
Nakuru24: calls $0.04
*** TURN *** [Kd Qd 4s] [7s]
Nakuru24: checks 
dito44156: checks 
*** RIVER *** [Kd Qd 4s 7s] [2c]
Nakuru24: bets $0.06
dito44156: calls $0.06
*** SHOW DOWN ***
Nakuru24: shows [Qh 2d] (two pair, Queens and Deuces)
dito44156: mucks hand 
Nakuru24 collected $0.26 from pot
*** SUMMARY ***
Total pot $0.27 | Rake $0.01 
Board [Kd Qd 4s 7s 2c]
Seat 1: Dorex2007 (small blind) folded before Flop
Seat 2: Nakuru24 (big blind) showed [Qh 2d] and won ($0.26) with two pair, Queens and Deuces
Seat 3: asdabelle folded before Flop (didn't bet)
Seat 4: LuckyGranpa folded before Flop (didn't bet)
Seat 5: dito44156 mucked [9c Ks]
Seat 6: JD080880 folded on the Flop
Seat 7: Danillixx87 folded before Flop (didn't bet)
Seat 8: Dubhe99 folded before Flop (didn't bet)
Seat 9: cberto09 (button) folded before Flop (didn't bet)



PokerStars Hand #236950117132:  Hold'em No Limit ($0.01/$0.02 USD) - 2022/06/23 21:14:25 PT [2022/06/24 0:14:25 ET]
Table 'Skadi II' 9-max Seat #1 is the button
Seat 1: Dorex2007 ($2.30 in chips) 
Seat 2: Nakuru24 ($1.84 in chips) 
Seat 3: asdabelle ($1.31 in chips) 
Seat 4: LuckyGranpa ($0.61 in chips) 
Seat 5: dito44156 ($1.50 in chips) 
Seat 6: JD080880 ($0.76 in chips) 
Seat 7: Danillixx87 ($1.41 in chips) 
Seat 8: Dubhe99 ($3.57 in chips) 
Seat 9: cberto09 ($2.17 in chips) 
Nakuru24: posts small blind $0.01
asdabelle: posts big blind $0.02
*** HOLE CARDS ***
Dealt to Dorex2007 [8h 9h]
LuckyGranpa: folds 
dito44156: folds 
JD080880: folds 
Danillixx87: folds 
Dubhe99: raises $0.02 to $0.04
cberto09: folds 
Dorex2007: calls $0.04
Nakuru24: calls $0.03
asdabelle: folds 
*** FLOP *** [4c 3d Th]
Nakuru24: checks 
Dubhe99: bets $0.06
Dorex2007: folds 
Nakuru24: folds 
Uncalled bet ($0.06) returned to Dubhe99
Dubhe99 collected $0.14 from pot
*** SUMMARY ***
Total pot $0.14 | Rake $0 
Board [4c 3d Th]
Seat 1: Dorex2007 (button) folded on the Flop
Seat 2: Nakuru24 (small blind) folded on the Flop
Seat 3: asdabelle (big blind) folded before Flop
Seat 4: LuckyGranpa folded before Flop (didn't bet)
Seat 5: dito44156 folded before Flop (didn't bet)
Seat 6: JD080880 folded before Flop (didn't bet)
Seat 7: Danillixx87 folded before Flop (didn't bet)
Seat 8: Dubhe99 collected ($0.14)
Seat 9: cberto09 folded before Flop (didn't bet)



PokerStars Hand #236950124473:  Hold'em No Limit ($0.01/$0.02 USD) - 2022/06/23 21:15:19 PT [2022/06/24 0:15:19 ET]
Table 'Skadi II' 9-max Seat #2 is the button
Seat 1: Dorex2007 ($2.26 in chips) 
Seat 2: Nakuru24 ($1.80 in chips) 
Seat 3: asdabelle ($1.29 in chips) 
Seat 4: LuckyGranpa ($0.61 in chips) 
Seat 5: dito44156 ($1.50 in chips) 
Seat 6: JD080880 ($0.76 in chips) 
Seat 7: Danillixx87 ($1.41 in chips) 
Seat 8: Dubhe99 ($3.67 in chips) 
Seat 9: cberto09 ($2.17 in chips) 
asdabelle: posts small blind $0.01
LuckyGranpa: posts big blind $0.02
*** HOLE CARDS ***
Dealt to Dorex2007 [5c 5h]
dito44156: folds 
JD080880: calls $0.02
Danillixx87: calls $0.02
Dubhe99: raises $0.02 to $0.04
cberto09: calls $0.04
Dorex2007: calls $0.04
Nakuru24: folds 
asdabelle: folds 
LuckyGranpa: calls $0.02
JD080880: calls $0.02
Danillixx87: calls $0.02
*** FLOP *** [8c 5d Tc]
LuckyGranpa: checks 
JD080880: bets $0.02
Danillixx87: folds 
Dubhe99: raises $0.28 to $0.30
cberto09: calls $0.30
Dorex2007: raises $1.92 to $2.22 and is all-in
LuckyGranpa: folds 
JD080880: calls $0.70 and is all-in
Dubhe99: calls $1.92
cberto09: calls $1.83 and is all-in
*** TURN *** [8c 5d Tc] [2d]
*** RIVER *** [8c 5d Tc 2d] [4s]
*** SHOW DOWN ***
Dubhe99: shows [Ah Ad] (a pair of Aces)
Dorex2007: shows [5c 5h] (three of a kind, Fives)
cberto09: shows [Qc Jc] (high card Queen)
JD080880: shows [9d Jh] (high card Jack)
Dorex2007 cashed out the hand for $4.08 | Cash Out Fee $0.04
JD080880 cashed out the hand for $0.45
*** SUMMARY ***
Total pot $7.54 Main pot $3.02. Side pot-1 $4.08. Side pot-2 $0.18. | Rake $0.26 
Board [8c 5d Tc 2d 4s]
Seat 1: Dorex2007 showed [5c 5h] and won ($7.28) with three of a kind, Fives (pot not awarded as player cashed out)
Seat 2: Nakuru24 (button) folded before Flop (didn't bet)
Seat 3: asdabelle (small blind) folded before Flop
Seat 4: LuckyGranpa (big blind) folded on the Flop
Seat 5: dito44156 folded before Flop (didn't bet)
Seat 6: JD080880 showed [9d Jh] and lost with high card Jack (cashed out).
Seat 7: Danillixx87 folded on the Flop
Seat 8: Dubhe99 showed [Ah Ad] and lost with a pair of Aces
Seat 9: cberto09 showed [Qc Jc] and lost with high card Queen



PokerStars Hand #236950137260:  Hold'em No Limit ($0.01/$0.02 USD) - 2022/06/23 21:16:56 PT [2022/06/24 0:16:56 ET]
Table 'Skadi II' 9-max Seat #3 is the button
Seat 1: Dorex2007 ($4.08 in chips) 
Seat 2: Nakuru24 ($1.80 in chips) 
Seat 3: asdabelle ($1.28 in chips) 
Seat 4: LuckyGranpa ($0.57 in chips) 
Seat 5: dito44156 ($1.50 in chips) 
Seat 6: JD080880 ($0.45 in chips) 
Seat 7: Danillixx87 ($1.37 in chips) 
Seat 8: Dubhe99 ($1.41 in chips) 
Seat 9: cberto09 ($2 in chips) 
LuckyGranpa: posts small blind $0.01
dito44156: posts big blind $0.02
*** HOLE CARDS ***
Dealt to Dorex2007 [Ah 2s]
JD080880: folds 
Danillixx87: folds 
Dubhe99: calls $0.02
cberto09: raises $0.04 to $0.06
Dorex2007: folds 
Nakuru24: folds 
asdabelle: folds 
LuckyGranpa: folds 
dito44156: folds 
Dubhe99: calls $0.04
*** FLOP *** [Tc 5c 4d]
Dubhe99: checks 
cberto09: checks 
*** TURN *** [Tc 5c 4d] [Kd]
Dubhe99: checks 
cberto09: bets $0.05
Dubhe99: folds 
Uncalled bet ($0.05) returned to cberto09
cberto09 collected $0.14 from pot
*** SUMMARY ***
Total pot $0.15 | Rake $0.01 
Board [Tc 5c 4d Kd]
Seat 1: Dorex2007 folded before Flop (didn't bet)
Seat 2: Nakuru24 folded before Flop (didn't bet)
Seat 3: asdabelle (button) folded before Flop (didn't bet)
Seat 4: LuckyGranpa (small blind) folded before Flop
Seat 5: dito44156 (big blind) folded before Flop
Seat 6: JD080880 folded before Flop (didn't bet)
Seat 7: Danillixx87 folded before Flop (didn't bet)
Seat 8: Dubhe99 folded on the Turn
Seat 9: cberto09 collected ($0.14)



PokerStars Hand #236950148195:  Hold'em No Limit ($0.01/$0.02 USD) - 2022/06/23 21:18:18 PT [2022/06/24 0:18:18 ET]
Table 'Skadi II' 9-max Seat #4 is the button
Seat 1: Dorex2007 ($4.08 in chips) 
Seat 2: Nakuru24 ($1.80 in chips) 
Seat 3: asdabelle ($1.28 in chips) 
Seat 4: LuckyGranpa ($0.56 in chips) 
Seat 5: dito44156 ($1.48 in chips) 
Seat 6: JD080880 ($0.45 in chips) 
Seat 7: Danillixx87 ($1.37 in chips) 
Seat 8: Dubhe99 ($1.35 in chips) 
Seat 9: cberto09 ($2.08 in chips) 
dito44156: posts small blind $0.01
JD080880: posts big blind $0.02
*** HOLE CARDS ***
Dealt to Dorex2007 [Qs 8s]
Danillixx87: folds 
Dubhe99: calls $0.02
cberto09: folds 
Dorex2007: folds 
Nakuru24: folds 
asdabelle: calls $0.02
LuckyGranpa: raises $0.54 to $0.56 and is all-in
dito44156: folds 
JD080880: folds 
Dubhe99: folds 
asdabelle: folds 
Uncalled bet ($0.54) returned to LuckyGranpa
LuckyGranpa collected $0.09 from pot
*** SUMMARY ***
Total pot $0.09 | Rake $0 
Seat 1: Dorex2007 folded before Flop (didn't bet)
Seat 2: Nakuru24 folded before Flop (didn't bet)
Seat 3: asdabelle folded before Flop
Seat 4: LuckyGranpa (button) collected ($0.09)
Seat 5: dito44156 (small blind) folded before Flop
Seat 6: JD080880 (big blind) folded before Flop
Seat 7: Danillixx87 folded before Flop (didn't bet)
Seat 8: Dubhe99 folded before Flop
Seat 9: cberto09 folded before Flop (didn't bet)



PokerStars Hand #236950155852:  Hold'em No Limit ($0.01/$0.02 USD) - 2022/06/23 21:19:16 PT [2022/06/24 0:19:16 ET]
Table 'Skadi II' 9-max Seat #5 is the button
Seat 1: Dorex2007 ($4.08 in chips) 
Seat 2: Nakuru24 ($1.80 in chips) 
Seat 3: asdabelle ($1.26 in chips) 
Seat 4: LuckyGranpa ($0.63 in chips) 
Seat 5: dito44156 ($1.47 in chips) 
Seat 6: JD080880 ($0.43 in chips) 
Seat 7: Danillixx87 ($1.37 in chips) 
Seat 8: Dubhe99 ($1.33 in chips) 
Seat 9: cberto09 ($2.08 in chips) 
JD080880: posts small blind $0.01
Danillixx87: posts big blind $0.02
*** HOLE CARDS ***
Dealt to Dorex2007 [8d 3c]
Dubhe99: folds 
cberto09: folds 
Dorex2007: folds 
Nakuru24: folds 
asdabelle: folds 
LuckyGranpa: folds 
dito44156: raises $0.02 to $0.04
JD080880: folds 
Danillixx87: calls $0.02
*** FLOP *** [9d 5h Qc]
Danillixx87: checks 
dito44156: bets $0.07
Danillixx87: folds 
Uncalled bet ($0.07) returned to dito44156
dito44156 collected $0.09 from pot
*** SUMMARY ***
Total pot $0.09 | Rake $0 
Board [9d 5h Qc]
Seat 1: Dorex2007 folded before Flop (didn't bet)
Seat 2: Nakuru24 folded before Flop (didn't bet)
Seat 3: asdabelle folded before Flop (didn't bet)
Seat 4: LuckyGranpa folded before Flop (didn't bet)
Seat 5: dito44156 (button) collected ($0.09)
Seat 6: JD080880 (small blind) folded before Flop
Seat 7: Danillixx87 (big blind) folded on the Flop
Seat 8: Dubhe99 folded before Flop (didn't bet)
Seat 9: cberto09 folded before Flop (didn't bet)



PokerStars Hand #236950161240:  Hold'em No Limit ($0.01/$0.02 USD) - 2022/06/23 21:19:56 PT [2022/06/24 0:19:56 ET]
Table 'Skadi II' 9-max Seat #6 is the button
Seat 1: Dorex2007 ($4.08 in chips) 
Seat 2: Nakuru24 ($1.80 in chips) 
Seat 3: asdabelle ($1.26 in chips) 
Seat 4: LuckyGranpa ($0.63 in chips) 
Seat 5: dito44156 ($1.52 in chips) 
Seat 6: JD080880 ($0.42 in chips) 
Seat 7: Danillixx87 ($1.33 in chips) 
Seat 8: Dubhe99 ($1.33 in chips) 
Seat 9: cberto09 ($2.08 in chips) 
Danillixx87: posts small blind $0.01
Dubhe99: posts big blind $0.02
*** HOLE CARDS ***
Dealt to Dorex2007 [Kc 6d]
cberto09: folds 
Dorex2007: folds 
Nakuru24: folds 
asdabelle: folds 
LuckyGranpa: folds 
dito44156: calls $0.02
JD080880: raises $0.02 to $0.04
Danillixx87: folds 
Dubhe99: folds 
dito44156: calls $0.02
*** FLOP *** [6h 2c 7s]
dito44156: checks 
JD080880: bets $0.05
dito44156: raises $1.43 to $1.48 and is all-in
JD080880: calls $0.33 and is all-in
Uncalled bet ($1.10) returned to dito44156
*** TURN *** [6h 2c 7s] [Jd]
*** RIVER *** [6h 2c 7s Jd] [6c]
*** SHOW DOWN ***
dito44156: shows [9c 9s] (two pair, Nines and Sixes)
JD080880: shows [Th Ts] (two pair, Tens and Sixes)
JD080880 collected $0.84 from pot
*** SUMMARY ***
Total pot $0.87 | Rake $0.03 
Board [6h 2c 7s Jd 6c]
Seat 1: Dorex2007 folded before Flop (didn't bet)
Seat 2: Nakuru24 folded before Flop (didn't bet)
Seat 3: asdabelle folded before Flop (didn't bet)
Seat 4: LuckyGranpa folded before Flop (didn't bet)
Seat 5: dito44156 showed [9c 9s] and lost with two pair, Nines and Sixes
Seat 6: JD080880 (button) showed [Th Ts] and won ($0.84) with two pair, Tens and Sixes
Seat 7: Danillixx87 (small blind) folded before Flop
Seat 8: Dubhe99 (big blind) folded before Flop
Seat 9: cberto09 folded before Flop (didn't bet)



PokerStars Hand #236950168254:  Hold'em No Limit ($0.01/$0.02 USD) - 2022/06/23 21:20:49 PT [2022/06/24 0:20:49 ET]
Table 'Skadi II' 9-max Seat #7 is the button
Seat 1: Dorex2007 ($4.08 in chips) 
Seat 2: Nakuru24 ($1.80 in chips) 
Seat 3: asdabelle ($1.26 in chips) 
Seat 4: LuckyGranpa ($0.63 in chips) 
Seat 5: dito44156 ($1.10 in chips) 
Seat 6: JD080880 ($0.84 in chips) 
Seat 7: Danillixx87 ($1.32 in chips) 
Seat 8: Dubhe99 ($1.31 in chips) 
Seat 9: cberto09 ($2.08 in chips) 
Dubhe99: posts small blind $0.01
cberto09: posts big blind $0.02
*** HOLE CARDS ***
Dealt to Dorex2007 [As Td]
Dorex2007: calls $0.02
Nakuru24: calls $0.02
asdabelle: folds 
LuckyGranpa: folds 
dito44156: folds 
JD080880: calls $0.02
Danillixx87: folds 
Dubhe99: raises $0.04 to $0.06
cberto09: folds 
Dorex2007: calls $0.04
Nakuru24: calls $0.04
JD080880: calls $0.04
*** FLOP *** [8c Qd 4d]
Dubhe99: checks 
Dorex2007: checks 
Nakuru24: checks 
JD080880: bets $0.06
Dubhe99: folds 
Dorex2007: folds 
Nakuru24: folds 
Uncalled bet ($0.06) returned to JD080880
JD080880 collected $0.25 from pot
*** SUMMARY ***
Total pot $0.26 | Rake $0.01 
Board [8c Qd 4d]
Seat 1: Dorex2007 folded on the Flop
Seat 2: Nakuru24 folded on the Flop
Seat 3: asdabelle folded before Flop (didn't bet)
Seat 4: LuckyGranpa folded before Flop (didn't bet)
Seat 5: dito44156 folded before Flop (didn't bet)
Seat 6: JD080880 collected ($0.25)
Seat 7: Danillixx87 (button) folded before Flop (didn't bet)
Seat 8: Dubhe99 (small blind) folded on the Flop
Seat 9: cberto09 (big blind) folded before Flop



PokerStars Hand #236950178443:  Hold'em No Limit ($0.01/$0.02 USD) - 2022/06/23 21:22:06 PT [2022/06/24 0:22:06 ET]
Table 'Skadi II' 9-max Seat #8 is the button
Seat 1: Dorex2007 ($4.02 in chips) 
Seat 2: Nakuru24 ($1.74 in chips) 
Seat 3: asdabelle ($1.26 in chips) 
Seat 4: LuckyGranpa ($0.63 in chips) 
Seat 5: dito44156 ($1.90 in chips) 
Seat 6: JD080880 ($1.03 in chips) 
Seat 7: Danillixx87 ($1.32 in chips) 
Seat 8: Dubhe99 ($1.25 in chips) 
Seat 9: cberto09 ($2.06 in chips) 
cberto09: posts small blind $0.01
Dorex2007: posts big blind $0.02
*** HOLE CARDS ***
Dealt to Dorex2007 [4c Jh]
Nakuru24: folds 
asdabelle: folds 
LuckyGranpa: folds 
dito44156 has timed out
dito44156: folds 
JD080880: folds 
Danillixx87: folds 
Dubhe99: calls $0.02
cberto09: folds 
Dorex2007: checks 
*** FLOP *** [8c Kh 4h]
Dorex2007: checks 
Dubhe99: bets $0.04
Dorex2007: folds 
Uncalled bet ($0.04) returned to Dubhe99
Dubhe99 collected $0.05 from pot
*** SUMMARY ***
Total pot $0.05 | Rake $0 
Board [8c Kh 4h]
Seat 1: Dorex2007 (big blind) folded on the Flop
Seat 2: Nakuru24 folded before Flop (didn't bet)
Seat 3: asdabelle folded before Flop (didn't bet)
Seat 4: LuckyGranpa folded before Flop (didn't bet)
Seat 5: dito44156 folded before Flop (didn't bet)
Seat 6: JD080880 folded before Flop (didn't bet)
Seat 7: Danillixx87 folded before Flop (didn't bet)
Seat 8: Dubhe99 (button) collected ($0.05)
Seat 9: cberto09 (small blind) folded before Flop



PokerStars Hand #236950191663:  Hold'em No Limit ($0.01/$0.02 USD) - 2022/06/23 21:23:12 PT [2022/06/24 0:23:12 ET]
Table 'Skadi II' 9-max Seat #9 is the button
Seat 1: Dorex2007 ($4 in chips) 
Seat 2: Nakuru24 ($1.74 in chips) 
Seat 3: asdabelle ($1.26 in chips) 
Seat 4: LuckyGranpa ($0.63 in chips) 
Seat 6: JD080880 ($1.03 in chips) 
Seat 7: Danillixx87 ($1.32 in chips) 
Seat 8: Dubhe99 ($1.28 in chips) 
Seat 9: cberto09 ($2.05 in chips) 
Dorex2007: posts small blind $0.01
Nakuru24: posts big blind $0.02
*** HOLE CARDS ***
Dealt to Dorex2007 [8h Kh]
asdabelle: folds 
LuckyGranpa: folds 
JD080880: calls $0.02
Danillixx87: folds 
Dubhe99: folds 
cberto09 has timed out
cberto09: folds 
Dorex2007: calls $0.01
Nakuru24: checks 
*** FLOP *** [3d Ac 7h]
Dorex2007: checks 
Nakuru24: checks 
JD080880: bets $0.02
Dorex2007: folds 
Nakuru24: calls $0.02
*** TURN *** [3d Ac 7h] [Qs]
Nakuru24: bets $0.06
JD080880: calls $0.06
*** RIVER *** [3d Ac 7h Qs] [Jh]
Nakuru24: bets $0.04
JD080880: folds 
Uncalled bet ($0.04) returned to Nakuru24
Nakuru24 collected $0.21 from pot
*** SUMMARY ***
Total pot $0.22 | Rake $0.01 
Board [3d Ac 7h Qs Jh]
Seat 1: Dorex2007 (small blind) folded on the Flop
Seat 2: Nakuru24 (big blind) collected ($0.21)
Seat 3: asdabelle folded before Flop (didn't bet)
Seat 4: LuckyGranpa folded before Flop (didn't bet)
Seat 6: JD080880 folded on the River
Seat 7: Danillixx87 folded before Flop (didn't bet)
Seat 8: Dubhe99 folded before Flop (didn't bet)
Seat 9: cberto09 (button) folded before Flop (didn't bet)



PokerStars Hand #236950200614:  Hold'em No Limit ($0.01/$0.02 USD) - 2022/06/23 21:24:20 PT [2022/06/24 0:24:20 ET]
Table 'Skadi II' 9-max Seat #1 is the button
Seat 1: Dorex2007 ($3.98 in chips) 
Seat 2: Nakuru24 ($1.85 in chips) 
Seat 3: asdabelle ($1.26 in chips) 
Seat 4: LuckyGranpa ($0.63 in chips) 
Seat 5: dito44156 ($1.90 in chips) 
Seat 6: JD080880 ($0.93 in chips) 
Seat 7: Danillixx87 ($1.32 in chips) 
Seat 8: Dubhe99 ($1.28 in chips) 
Seat 9: cberto09 ($2.05 in chips) 
Nakuru24: posts small blind $0.01
asdabelle: posts big blind $0.02
*** HOLE CARDS ***
Dealt to Dorex2007 [Qd Jc]
LuckyGranpa: folds 
dito44156: calls $0.02
LuckyGranpa leaves the table
JD080880: folds 
Danillixx87: folds 
Dubhe99: folds 
cberto09: folds 
Dorex2007: calls $0.02
Nakuru24: calls $0.01
asdabelle: checks 
*** FLOP *** [8s Kh 5h]
Nakuru24: checks 
asdabelle: checks 
dito44156: bets $0.04
Dorex2007: folds 
Nakuru24: folds 
asdabelle: folds 
Uncalled bet ($0.04) returned to dito44156
dito44156 collected $0.08 from pot
*** SUMMARY ***
Total pot $0.08 | Rake $0 
Board [8s Kh 5h]
Seat 1: Dorex2007 (button) folded on the Flop
Seat 2: Nakuru24 (small blind) folded on the Flop
Seat 3: asdabelle (big blind) folded on the Flop
Seat 4: LuckyGranpa folded before Flop (didn't bet)
Seat 5: dito44156 collected ($0.08)
Seat 6: JD080880 folded before Flop (didn't bet)
Seat 7: Danillixx87 folded before Flop (didn't bet)
Seat 8: Dubhe99 folded before Flop (didn't bet)
Seat 9: cberto09 folded before Flop (didn't bet)



PokerStars Hand #236950207631:  Hold'em No Limit ($0.01/$0.02 USD) - 2022/06/23 21:25:13 PT [2022/06/24 0:25:13 ET]
Table 'Skadi II' 9-max Seat #2 is the button
Seat 1: Dorex2007 ($3.96 in chips) 
Seat 2: Nakuru24 ($1.83 in chips) 
Seat 3: asdabelle ($1.24 in chips) 
Seat 5: dito44156 ($1.96 in chips) 
Seat 6: JD080880 ($0.93 in chips) 
Seat 7: Danillixx87 ($1.32 in chips) 
Seat 8: Dubhe99 ($1.28 in chips) 
Seat 9: cberto09 ($2.05 in chips) 
asdabelle: posts small blind $0.01
dito44156: posts big blind $0.02
*** HOLE CARDS ***
Dealt to Dorex2007 [4s 4d]
JD080880: raises $0.02 to $0.04
Danillixx87: folds 
Dubhe99: calls $0.04
cberto09: calls $0.04
Dorex2007: calls $0.04
Nakuru24: calls $0.04
asdabelle: folds 
dito44156: calls $0.02
*** FLOP *** [5h Kc 2d]
dito44156: checks 
toon684 joins the table at seat #4 
JD080880: checks 
Dubhe99: checks 
cberto09: checks 
Dorex2007: checks 
Nakuru24: bets $0.02
dito44156: calls $0.02
JD080880: folds 
Dubhe99: raises $0.04 to $0.06
cberto09: folds 
Dorex2007: folds 
Nakuru24: calls $0.04
dito44156: calls $0.04
*** TURN *** [5h Kc 2d] [Ks]
toon684 leaves the table
dito44156: checks 
Dubhe99: checks 
goldacuquire joins the table at seat #4 
Nakuru24: bets $0.04
dito44156: folds 
Dubhe99: raises $0.25 to $0.29
Nakuru24: calls $0.25
*** RIVER *** [5h Kc 2d Ks] [8s]
Dubhe99: bets $0.89 and is all-in
Nakuru24: calls $0.89
*** SHOW DOWN ***
Dubhe99: shows [Kd 3h] (three of a kind, Kings)
Nakuru24: shows [9s Kh] (three of a kind, Kings - Nine kicker)
Nakuru24 collected $2.69 from pot
*** SUMMARY ***
Total pot $2.79 | Rake $0.10 
Board [5h Kc 2d Ks 8s]
Seat 1: Dorex2007 folded on the Flop
Seat 2: Nakuru24 (button) showed [9s Kh] and won ($2.69) with three of a kind, Kings
Seat 3: asdabelle (small blind) folded before Flop
Seat 5: dito44156 (big blind) folded on the Turn
Seat 6: JD080880 folded on the Flop
Seat 7: Danillixx87 folded before Flop (didn't bet)
Seat 8: Dubhe99 showed [Kd 3h] and lost with three of a kind, Kings
Seat 9: cberto09 folded on the Flop



PokerStars Hand #236950225056:  Hold'em No Limit ($0.01/$0.02 USD) - 2022/06/23 21:27:26 PT [2022/06/24 0:27:26 ET]
Table 'Skadi II' 9-max Seat #3 is the button
Seat 1: Dorex2007 ($3.92 in chips) 
Seat 2: Nakuru24 ($3.24 in chips) 
Seat 3: asdabelle ($1.23 in chips) 
Seat 5: dito44156 ($1.86 in chips) 
Seat 6: JD080880 ($0.89 in chips) 
Seat 7: Danillixx87 ($1.32 in chips) 
Seat 9: cberto09 ($2.01 in chips) 
dito44156: posts small blind $0.01
JD080880: posts big blind $0.02
*** HOLE CARDS ***
Dealt to Dorex2007 [4c Jh]
Danillixx87: folds 
cberto09: folds 
Dorex2007: folds 
Nakuru24: folds 
asdabelle: folds 
Dubhe99 leaves the table
dito44156: folds 
Uncalled bet ($0.01) returned to JD080880
JD080880 collected $0.02 from pot
*** SUMMARY ***
Total pot $0.02 | Rake $0 
Seat 1: Dorex2007 folded before Flop (didn't bet)
Seat 2: Nakuru24 folded before Flop (didn't bet)
Seat 3: asdabelle (button) folded before Flop (didn't bet)
Seat 5: dito44156 (small blind) folded before Flop
Seat 6: JD080880 (big blind) collected ($0.02)
Seat 7: Danillixx87 folded before Flop (didn't bet)
Seat 9: cberto09 folded before Flop (didn't bet)



PokerStars Hand #236950228105:  Hold'em No Limit ($0.01/$0.02 USD) - 2022/06/23 21:27:49 PT [2022/06/24 0:27:49 ET]
Table 'Skadi II' 9-max Seat #5 is the button
Seat 1: Dorex2007 ($3.92 in chips) 
Seat 2: Nakuru24 ($3.24 in chips) 
Seat 3: asdabelle ($1.23 in chips) 
Seat 5: dito44156 ($1.85 in chips) 
Seat 6: JD080880 ($0.90 in chips) 
Seat 7: Danillixx87 ($1.32 in chips) 
Seat 9: cberto09 ($2.01 in chips) 
JD080880: posts small blind $0.01
Danillixx87: posts big blind $0.02
goldacuquire: sits out 
*** HOLE CARDS ***
Dealt to Dorex2007 [7s 4c]
cberto09: folds 
Dorex2007: folds 
Nakuru24: calls $0.02
asdabelle: folds 
dito44156: calls $0.02
JD080880: folds 
Danillixx87: checks 
*** FLOP *** [5h Ks 5d]
Danillixx87: checks 
Nakuru24: checks 
dito44156: bets $0.04
Danillixx87: folds 
Nakuru24: calls $0.04
*** TURN *** [5h Ks 5d] [9c]
Nakuru24: bets $0.06
dito44156: folds 
Uncalled bet ($0.06) returned to Nakuru24
Nakuru24 collected $0.14 from pot
*** SUMMARY ***
Total pot $0.15 | Rake $0.01 
Board [5h Ks 5d 9c]
Seat 1: Dorex2007 folded before Flop (didn't bet)
Seat 2: Nakuru24 collected ($0.14)
Seat 3: asdabelle folded before Flop (didn't bet)
Seat 5: dito44156 (button) folded on the Turn
Seat 6: JD080880 (small blind) folded before Flop
Seat 7: Danillixx87 (big blind) folded on the Flop
Seat 9: cberto09 folded before Flop (didn't bet)



PokerStars Hand #236950240118:  Hold'em No Limit ($0.01/$0.02 USD) - 2022/06/23 21:28:39 PT [2022/06/24 0:28:39 ET]
Table 'Skadi II' 9-max Seat #6 is the button
Seat 1: Dorex2007 ($3.92 in chips) 
Seat 2: Nakuru24 ($3.32 in chips) 
Seat 3: asdabelle ($1.23 in chips) 
Seat 5: dito44156 ($1.79 in chips) 
Seat 6: JD080880 ($0.89 in chips) 
Seat 7: Danillixx87 ($1.30 in chips) 
Seat 8: gezzer666 ($2 in chips) 
Seat 9: cberto09 ($2.01 in chips) 
Danillixx87: posts small blind $0.01
gezzer666: posts big blind $0.02
goldacuquire: sits out 
*** HOLE CARDS ***
Dealt to Dorex2007 [5c Ah]
cberto09: folds 
Dorex2007: folds 
Nakuru24: folds 
asdabelle: calls $0.02
dito44156: folds 
JD080880: calls $0.02
Danillixx87: folds 
gezzer666: checks 
*** FLOP *** [Ad 7s 2c]
cberto09 leaves the table
gezzer666: checks 
Danillixx87 leaves the table
asdabelle: checks 
JD080880: bets $0.02
gezzer666: calls $0.02
asdabelle: calls $0.02
*** TURN *** [Ad 7s 2c] [Td]
gezzer666: checks 
asdabelle: bets $0.06
JD080880: folds 
gezzer666: folds 
Uncalled bet ($0.06) returned to asdabelle
asdabelle collected $0.13 from pot
*** SUMMARY ***
Total pot $0.13 | Rake $0 
Board [Ad 7s 2c Td]
Seat 1: Dorex2007 folded before Flop (didn't bet)
Seat 2: Nakuru24 folded before Flop (didn't bet)
Seat 3: asdabelle collected ($0.13)
Seat 5: dito44156 folded before Flop (didn't bet)
Seat 6: JD080880 (button) folded on the Turn
Seat 7: Danillixx87 (small blind) folded before Flop
Seat 8: gezzer666 (big blind) folded on the Turn
Seat 9: cberto09 folded before Flop (didn't bet)



PokerStars Hand #236950249489:  Hold'em No Limit ($0.01/$0.02 USD) - 2022/06/23 21:29:51 PT [2022/06/24 0:29:51 ET]
Table 'Skadi II' 9-max Seat #8 is the button
Seat 1: Dorex2007 ($3.92 in chips) 
Seat 2: Nakuru24 ($3.32 in chips) 
Seat 3: asdabelle ($1.32 in chips) 
Seat 5: dito44156 ($1.79 in chips) 
Seat 6: JD080880 ($0.85 in chips) 
Seat 8: gezzer666 ($1.96 in chips) 
Dorex2007: posts small blind $0.01
Nakuru24: posts big blind $0.02
goldacuquire: sits out 
*** HOLE CARDS ***
Dealt to Dorex2007 [Th 8h]
asdabelle: folds 
dito44156: folds 
JD080880: calls $0.02
gezzer666: folds 
Dorex2007: folds 
Nakuru24: checks 
*** FLOP *** [2d Kd Tc]
Nakuru24: checks 
JD080880: bets $0.02
Nakuru24: folds 
Uncalled bet ($0.02) returned to JD080880
JD080880 collected $0.05 from pot
*** SUMMARY ***
Total pot $0.05 | Rake $0 
Board [2d Kd Tc]
Seat 1: Dorex2007 (small blind) folded before Flop
Seat 2: Nakuru24 (big blind) folded on the Flop
Seat 3: asdabelle folded before Flop (didn't bet)
Seat 5: dito44156 folded before Flop (didn't bet)
Seat 6: JD080880 collected ($0.05)
Seat 8: gezzer666 (button) folded before Flop (didn't bet)



PokerStars Hand #236950253861:  Hold'em No Limit ($0.01/$0.02 USD) - 2022/06/23 21:30:24 PT [2022/06/24 0:30:24 ET]
Table 'Skadi II' 9-max Seat #1 is the button
Seat 1: Dorex2007 ($3.91 in chips) 
Seat 2: Nakuru24 ($3.30 in chips) 
Seat 3: asdabelle ($1.32 in chips) 
Seat 5: dito44156 ($1.79 in chips) 
Seat 6: JD080880 ($0.88 in chips) 
Seat 8: gezzer666 ($1.96 in chips) 
Nakuru24: posts small blind $0.01
asdabelle: posts big blind $0.02
goldacuquire: sits out 
*** HOLE CARDS ***
Dealt to Dorex2007 [Jh 6c]
dito44156: folds 
JD080880: folds 
gezzer666: folds 
Dorex2007: folds 
Nakuru24: calls $0.01
asdabelle: checks 
*** FLOP *** [8h 6d 3d]
Nakuru24: bets $0.06
asdabelle: folds 
Uncalled bet ($0.06) returned to Nakuru24
Nakuru24 collected $0.04 from pot
*** SUMMARY ***
Total pot $0.04 | Rake $0 
Board [8h 6d 3d]
Seat 1: Dorex2007 (button) folded before Flop (didn't bet)
Seat 2: Nakuru24 (small blind) collected ($0.04)
Seat 3: asdabelle (big blind) folded on the Flop
Seat 5: dito44156 folded before Flop (didn't bet)
Seat 6: JD080880 folded before Flop (didn't bet)
Seat 8: gezzer666 folded before Flop (didn't bet)



PokerStars Hand #236950256104:  Hold'em No Limit ($0.01/$0.02 USD) - 2022/06/23 21:30:41 PT [2022/06/24 0:30:41 ET]
Table 'Skadi II' 9-max Seat #2 is the button
Seat 1: Dorex2007 ($3.91 in chips) 
Seat 2: Nakuru24 ($3.32 in chips) 
Seat 3: asdabelle ($1.30 in chips) 
Seat 4: goldacuquire ($1.60 in chips) 
Seat 5: dito44156 ($1.79 in chips) 
Seat 6: JD080880 ($0.88 in chips) 
Seat 8: gezzer666 ($1.96 in chips) 
asdabelle: posts small blind $0.01
goldacuquire: posts big blind $0.02
*** HOLE CARDS ***
Dealt to Dorex2007 [4d 6h]
dito44156: folds 
JD080880: calls $0.02
gezzer666: folds 
Dorex2007: folds 
Nakuru24: calls $0.02
asdabelle: calls $0.01
goldacuquire: checks 
*** FLOP *** [Th 5d Ac]
asdabelle: checks 
goldacuquire: checks 
JD080880: checks 
Nakuru24: checks 
*** TURN *** [Th 5d Ac] [9c]
asdabelle: checks 
goldacuquire: checks 
JD080880: bets $0.04
Nakuru24: calls $0.04
filipdecock joins the table at seat #7 
asdabelle: folds 
goldacuquire: calls $0.04
*** RIVER *** [Th 5d Ac 9c] [Qd]
goldacuquire: checks 
JD080880: bets $0.09
Nakuru24: calls $0.09
goldacuquire: folds 
*** SHOW DOWN ***
JD080880: shows [8h Jc] (a straight, Eight to Queen)
Nakuru24: mucks hand 
JD080880 collected $0.37 from pot
*** SUMMARY ***
Total pot $0.38 | Rake $0.01 
Board [Th 5d Ac 9c Qd]
Seat 1: Dorex2007 folded before Flop (didn't bet)
Seat 2: Nakuru24 (button) mucked [Js Jd]
Seat 3: asdabelle (small blind) folded on the Turn
Seat 4: goldacuquire (big blind) folded on the River
Seat 5: dito44156 folded before Flop (didn't bet)
Seat 6: JD080880 showed [8h Jc] and won ($0.37) with a straight, Eight to Queen
Seat 8: gezzer666 folded before Flop (didn't bet)



PokerStars Hand #236950266765:  Hold'em No Limit ($0.01/$0.02 USD) - 2022/06/23 21:32:04 PT [2022/06/24 0:32:04 ET]
Table 'Skadi II' 9-max Seat #3 is the button
Seat 1: Dorex2007 ($3.91 in chips) 
Seat 2: Nakuru24 ($3.17 in chips) 
Seat 3: asdabelle ($1.28 in chips) 
Seat 4: goldacuquire ($1.54 in chips) 
Seat 5: dito44156 ($1.79 in chips) 
Seat 6: JD080880 ($1.10 in chips) 
Seat 7: filipdecock ($1.60 in chips) 
Seat 8: gezzer666 ($1.96 in chips) 
goldacuquire: posts small blind $0.01
dito44156: posts big blind $0.02
filipdecock: posts big blind $0.02
*** HOLE CARDS ***
Dealt to Dorex2007 [6c 8d]
JD080880: raises $0.02 to $0.04
filipdecock: calls $0.02
gezzer666: folds 
Dorex2007: folds 
Nakuru24: folds 
JvBleys joins the table at seat #9 
asdabelle: folds 
goldacuquire: folds 
dito44156: folds 
*** FLOP *** [5d 4c Kh]
JD080880: bets $0.04
filipdecock: raises $0.04 to $0.08
JD080880: calls $0.04
*** TURN *** [5d 4c Kh] [Jh]
JD080880: bets $0.06
filipdecock: calls $0.06
*** RIVER *** [5d 4c Kh Jh] [Jd]
JD080880: bets $0.38
filipdecock: calls $0.38
*** SHOW DOWN ***
JD080880: shows [Ah Qs] (a pair of Jacks)
filipdecock: mucks hand 
JD080880 collected $1.11 from pot
*** SUMMARY ***
Total pot $1.15 | Rake $0.04 
Board [5d 4c Kh Jh Jd]
Seat 1: Dorex2007 folded before Flop (didn't bet)
Seat 2: Nakuru24 folded before Flop (didn't bet)
Seat 3: asdabelle (button) folded before Flop (didn't bet)
Seat 4: goldacuquire (small blind) folded before Flop
Seat 5: dito44156 (big blind) folded before Flop
Seat 6: JD080880 showed [Ah Qs] and won ($1.11) with a pair of Jacks
Seat 7: filipdecock mucked [3c As]
Seat 8: gezzer666 folded before Flop (didn't bet)



PokerStars Hand #236950271840:  Hold'em No Limit ($0.01/$0.02 USD) - 2022/06/23 21:32:44 PT [2022/06/24 0:32:44 ET]
Table 'Skadi II' 9-max Seat #4 is the button
Seat 1: Dorex2007 ($3.91 in chips) 
Seat 2: Nakuru24 ($3.17 in chips) 
Seat 3: asdabelle ($1.28 in chips) 
Seat 4: goldacuquire ($1.53 in chips) 
Seat 5: dito44156 ($1.77 in chips) 
Seat 6: JD080880 ($1.65 in chips) 
Seat 7: filipdecock ($1.04 in chips) 
Seat 8: gezzer666 ($1.96 in chips) 
dito44156: posts small blind $0.01
JD080880: posts big blind $0.02
JvBleys: sits out 
*** HOLE CARDS ***
Dealt to Dorex2007 [5c 3h]
filipdecock: calls $0.02
gezzer666: folds 
Dorex2007 has timed out
Dorex2007: folds 
Nakuru24: folds 
asdabelle: folds 
goldacuquire: calls $0.02
dito44156: folds 
JD080880: checks 
*** FLOP *** [2c 4c 8c]
JD080880: bets $0.02
filipdecock: calls $0.02
goldacuquire: folds 
*** TURN *** [2c 4c 8c] [Qs]
JD080880: bets $0.11
filipdecock: folds 
Uncalled bet ($0.11) returned to JD080880
JD080880 collected $0.11 from pot
*** SUMMARY ***
Total pot $0.11 | Rake $0 
Board [2c 4c 8c Qs]
Seat 1: Dorex2007 folded before Flop (didn't bet)
Seat 2: Nakuru24 folded before Flop (didn't bet)
Seat 3: asdabelle folded before Flop (didn't bet)
Seat 4: goldacuquire (button) folded on the Flop
Seat 5: dito44156 (small blind) folded before Flop
Seat 6: JD080880 (big blind) collected ($0.11)
Seat 7: filipdecock folded on the Turn
Seat 8: gezzer666 folded before Flop (didn't bet)



PokerStars Hand #236950277059:  Hold'em No Limit ($0.01/$0.02 USD) - 2022/06/23 21:33:24 PT [2022/06/24 0:33:24 ET]
Table 'Skadi II' 9-max Seat #5 is the button
Seat 1: Dorex2007 ($3.91 in chips) 
Seat 2: Nakuru24 ($3.17 in chips) 
Seat 3: asdabelle ($1.28 in chips) 
Seat 4: goldacuquire ($1.51 in chips) 
Seat 5: dito44156 ($1.76 in chips) 
Seat 6: JD080880 ($1.72 in chips) 
Seat 7: filipdecock ($1 in chips) 
Seat 8: gezzer666 ($1.96 in chips) 
JD080880: posts small blind $0.01
filipdecock: posts big blind $0.02
JvBleys: sits out 
*** HOLE CARDS ***
Dealt to Dorex2007 [Ac 6s]
gezzer666: raises $0.04 to $0.06
Dorex2007: folds 
Nakuru24: folds 
asdabelle: folds 
goldacuquire: folds 
dito44156: folds 
JD080880: folds 
filipdecock: folds 
Uncalled bet ($0.04) returned to gezzer666
gezzer666 collected $0.05 from pot
*** SUMMARY ***
Total pot $0.05 | Rake $0 
Seat 1: Dorex2007 folded before Flop (didn't bet)
Seat 2: Nakuru24 folded before Flop (didn't bet)
Seat 3: asdabelle folded before Flop (didn't bet)
Seat 4: goldacuquire folded before Flop (didn't bet)
Seat 5: dito44156 (button) folded before Flop (didn't bet)
Seat 6: JD080880 (small blind) folded before Flop
Seat 7: filipdecock (big blind) folded before Flop
Seat 8: gezzer666 collected ($0.05)



PokerStars Hand #236950282941:  Hold'em No Limit ($0.01/$0.02 USD) - 2022/06/23 21:34:10 PT [2022/06/24 0:34:10 ET]
Table 'Skadi II' 9-max Seat #6 is the button
Seat 1: Dorex2007 ($3.91 in chips) 
Seat 2: Nakuru24 ($3.17 in chips) 
Seat 3: asdabelle ($1.28 in chips) 
Seat 4: goldacuquire ($1.51 in chips) 
Seat 5: dito44156 ($1.76 in chips) 
Seat 6: JD080880 ($1.71 in chips) 
Seat 7: filipdecock ($1.78 in chips) 
Seat 8: gezzer666 ($1.99 in chips) 
filipdecock: posts small blind $0.01
gezzer666: posts big blind $0.02
JvBleys: sits out 
*** HOLE CARDS ***
Dealt to Dorex2007 [9d Ah]
Dorex2007: folds 
Nakuru24: folds 
asdabelle: folds 
goldacuquire: folds 
dito44156: folds 
JD080880: folds 
filipdecock: calls $0.01
gezzer666: checks 
*** FLOP *** [Qs 8d 6d]
filipdecock: bets $0.02
gezzer666: folds 
Uncalled bet ($0.02) returned to filipdecock
filipdecock collected $0.04 from pot
*** SUMMARY ***
Total pot $0.04 | Rake $0 
Board [Qs 8d 6d]
Seat 1: Dorex2007 folded before Flop (didn't bet)
Seat 2: Nakuru24 folded before Flop (didn't bet)
Seat 3: asdabelle folded before Flop (didn't bet)
Seat 4: goldacuquire folded before Flop (didn't bet)
Seat 5: dito44156 folded before Flop (didn't bet)
Seat 6: JD080880 (button) folded before Flop (didn't bet)
Seat 7: filipdecock (small blind) collected ($0.04)
Seat 8: gezzer666 (big blind) folded on the Flop



PokerStars Hand #236950287330:  Hold'em No Limit ($0.01/$0.02 USD) - 2022/06/23 21:34:45 PT [2022/06/24 0:34:45 ET]
Table 'Skadi II' 9-max Seat #7 is the button
Seat 1: Dorex2007 ($3.91 in chips) 
Seat 2: Nakuru24 ($3.17 in chips) 
Seat 3: asdabelle ($1.28 in chips) 
Seat 4: goldacuquire ($1.51 in chips) 
Seat 5: dito44156 ($1.76 in chips) 
Seat 6: JD080880 ($1.71 in chips) 
Seat 7: filipdecock ($1.80 in chips) 
Seat 8: gezzer666 ($1.97 in chips) 
Seat 9: JvBleys ($2 in chips) 
gezzer666: posts small blind $0.01
JvBleys: posts big blind $0.02
*** HOLE CARDS ***
Dealt to Dorex2007 [Qs 6h]
Dorex2007: folds 
Nakuru24: calls $0.02
asdabelle: folds 
goldacuquire: folds 
dito44156: calls $0.02
JD080880: calls $0.02
filipdecock: raises $0.02 to $0.04
gezzer666: folds 
JvBleys: calls $0.02
Nakuru24: calls $0.02
dito44156: folds 
JD080880: calls $0.02
*** FLOP *** [Js 8d Kh]
JvBleys: checks 
Nakuru24: checks 
JD080880: checks 
filipdecock: bets $0.02
JvBleys: folds 
Nakuru24: calls $0.02
JD080880: raises $0.04 to $0.06
filipdecock: raises $0.04 to $0.10
Nakuru24: calls $0.08
JD080880: raises $0.24 to $0.34
filipdecock: raises $1.42 to $1.76 and is all-in
Nakuru24: folds 
JD080880: calls $1.33 and is all-in
Uncalled bet ($0.09) returned to filipdecock
*** TURN *** [Js 8d Kh] [2s]
*** RIVER *** [Js 8d Kh 2s] [3d]
*** SHOW DOWN ***
JD080880: shows [8c Ks] (two pair, Kings and Eights)
filipdecock: shows [As Qd] (high card Ace)
JD080880 collected $3.50 from pot
*** SUMMARY ***
Total pot $3.63 | Rake $0.13 
Board [Js 8d Kh 2s 3d]
Seat 1: Dorex2007 folded before Flop (didn't bet)
Seat 2: Nakuru24 folded on the Flop
Seat 3: asdabelle folded before Flop (didn't bet)
Seat 4: goldacuquire folded before Flop (didn't bet)
Seat 5: dito44156 folded before Flop
Seat 6: JD080880 showed [8c Ks] and won ($3.50) with two pair, Kings and Eights
Seat 7: filipdecock (button) showed [As Qd] and lost with high card Ace
Seat 8: gezzer666 (small blind) folded before Flop
Seat 9: JvBleys (big blind) folded on the Flop



PokerStars Hand #236950298370:  Hold'em No Limit ($0.01/$0.02 USD) - 2022/06/23 21:36:11 PT [2022/06/24 0:36:11 ET]
Table 'Skadi II' 9-max Seat #8 is the button
Seat 1: Dorex2007 ($3.91 in chips) 
Seat 2: Nakuru24 ($3.03 in chips) 
Seat 3: asdabelle ($1.28 in chips) 
Seat 4: goldacuquire ($1.51 in chips) 
Seat 5: dito44156 ($1.74 in chips) 
Seat 6: JD080880 ($3.50 in chips) 
Seat 7: filipdecock ($0.09 in chips) 
Seat 8: gezzer666 ($1.96 in chips) 
Seat 9: JvBleys ($2 in chips) 
JvBleys: posts small blind $0.01
Dorex2007: posts big blind $0.02
*** HOLE CARDS ***
Dealt to Dorex2007 [Th 2c]
Nakuru24: folds 
asdabelle: folds 
goldacuquire: folds 
dito44156: folds 
JD080880: calls $0.02
filipdecock: raises $0.07 to $0.09 and is all-in
gezzer666: folds 
JvBleys: folds 
Dorex2007: folds 
JD080880: calls $0.07
*** FLOP *** [9h 6c 9c]
*** TURN *** [9h 6c 9c] [7d]
*** RIVER *** [9h 6c 9c 7d] [3h]
*** SHOW DOWN ***
JD080880: shows [5c 5d] (two pair, Nines and Fives)
filipdecock: shows [9d Ah] (three of a kind, Nines)
filipdecock cashed out the hand for $0.08
*** SUMMARY ***
Total pot $0.21 | Rake $0.01 
Board [9h 6c 9c 7d 3h]
Seat 1: Dorex2007 (big blind) folded before Flop
Seat 2: Nakuru24 folded before Flop (didn't bet)
Seat 3: asdabelle folded before Flop (didn't bet)
Seat 4: goldacuquire folded before Flop (didn't bet)
Seat 5: dito44156 folded before Flop (didn't bet)
Seat 6: JD080880 showed [5c 5d] and lost with two pair, Nines and Fives
Seat 7: filipdecock showed [9d Ah] and won ($0.20) with three of a kind, Nines (pot not awarded as player cashed out)
Seat 8: gezzer666 (button) folded before Flop (didn't bet)
Seat 9: JvBleys (small blind) folded before Flop



PokerStars Hand #236950303587:  Hold'em No Limit ($0.01/$0.02 USD) - 2022/06/23 21:36:52 PT [2022/06/24 0:36:52 ET]
Table 'Skadi II' 9-max Seat #9 is the button
Seat 1: Dorex2007 ($3.89 in chips) 
Seat 2: Nakuru24 ($3.03 in chips) 
Seat 3: asdabelle ($1.28 in chips) 
Seat 4: goldacuquire ($1.51 in chips) 
Seat 5: dito44156 ($1.74 in chips) 
Seat 6: JD080880 ($3.41 in chips) 
Seat 7: filipdecock ($1.99 in chips) 
Seat 8: gezzer666 ($1.96 in chips) 
Seat 9: JvBleys ($2 in chips) 
Dorex2007: posts small blind $0.01
Nakuru24: posts big blind $0.02
*** HOLE CARDS ***
Dealt to Dorex2007 [6s 8h]
asdabelle: folds 
goldacuquire: folds 
dito44156: folds 
JD080880: folds 
filipdecock: folds 
gezzer666: folds 
JvBleys: folds 
Dorex2007: folds 
Uncalled bet ($0.01) returned to Nakuru24
Nakuru24 collected $0.02 from pot
*** SUMMARY ***
Total pot $0.02 | Rake $0 
Seat 1: Dorex2007 (small blind) folded before Flop
Seat 2: Nakuru24 (big blind) collected ($0.02)
Seat 3: asdabelle folded before Flop (didn't bet)
Seat 4: goldacuquire folded before Flop (didn't bet)
Seat 5: dito44156 folded before Flop (didn't bet)
Seat 6: JD080880 folded before Flop (didn't bet)
Seat 7: filipdecock folded before Flop (didn't bet)
Seat 8: gezzer666 folded before Flop (didn't bet)
Seat 9: JvBleys (button) folded before Flop (didn't bet)



PokerStars Hand #236950307350:  Hold'em No Limit ($0.01/$0.02 USD) - 2022/06/23 21:37:21 PT [2022/06/24 0:37:21 ET]
Table 'Skadi II' 9-max Seat #1 is the button
Seat 1: Dorex2007 ($3.88 in chips) 
Seat 2: Nakuru24 ($3.04 in chips) 
Seat 3: asdabelle ($1.28 in chips) 
Seat 4: goldacuquire ($1.51 in chips) 
Seat 5: dito44156 ($1.74 in chips) 
Seat 6: JD080880 ($3.41 in chips) 
Seat 7: filipdecock ($1.99 in chips) 
Seat 8: gezzer666 ($1.96 in chips) 
Seat 9: JvBleys ($2 in chips) 
Nakuru24: posts small blind $0.01
asdabelle: posts big blind $0.02
*** HOLE CARDS ***
Dealt to Dorex2007 [6h 3d]
goldacuquire: folds 
dito44156: calls $0.02
JD080880: calls $0.02
filipdecock: folds 
gezzer666: folds 
JvBleys: folds 
Dorex2007: folds 
Nakuru24: folds 
asdabelle: checks 
*** FLOP *** [4h Kh Qc]
asdabelle: checks 
dito44156: bets $0.02
JD080880: calls $0.02
asdabelle: folds 
*** TURN *** [4h Kh Qc] [Td]
dito44156: checks 
JD080880: bets $0.05
dito44156: calls $0.05
*** RIVER *** [4h Kh Qc Td] [7s]
dito44156: checks 
JD080880: checks 
*** SHOW DOWN ***
dito44156: shows [Ac 2c] (high card Ace)
JD080880: shows [7h 9h] (a pair of Sevens)
JD080880 collected $0.20 from pot
*** SUMMARY ***
Total pot $0.21 | Rake $0.01 
Board [4h Kh Qc Td 7s]
Seat 1: Dorex2007 (button) folded before Flop (didn't bet)
Seat 2: Nakuru24 (small blind) folded before Flop
Seat 3: asdabelle (big blind) folded on the Flop
Seat 4: goldacuquire folded before Flop (didn't bet)
Seat 5: dito44156 showed [Ac 2c] and lost with high card Ace
Seat 6: JD080880 showed [7h 9h] and won ($0.20) with a pair of Sevens
Seat 7: filipdecock folded before Flop (didn't bet)
Seat 8: gezzer666 folded before Flop (didn't bet)
Seat 9: JvBleys folded before Flop (didn't bet)



PokerStars Hand #236950324052:  Hold'em No Limit ($0.01/$0.02 USD) - 2022/06/23 21:38:31 PT [2022/06/24 0:38:31 ET]
Table 'Skadi II' 9-max Seat #2 is the button
Seat 1: Dorex2007 ($3.88 in chips) 
Seat 2: Nakuru24 ($3.03 in chips) 
Seat 3: asdabelle ($1.26 in chips) 
Seat 4: goldacuquire ($1.51 in chips) 
Seat 5: dito44156 ($1.65 in chips) 
Seat 6: JD080880 ($3.52 in chips) 
Seat 7: filipdecock ($1.99 in chips) 
Seat 8: gezzer666 ($1.96 in chips) 
Seat 9: JvBleys ($2 in chips) 
asdabelle: posts small blind $0.01
goldacuquire: posts big blind $0.02
*** HOLE CARDS ***
Dealt to Dorex2007 [2s 7h]
dito44156: folds 
JD080880: raises $0.04 to $0.06
filipdecock: folds 
gezzer666: folds 
JvBleys: folds 
Dorex2007: folds 
Nakuru24: folds 
asdabelle: folds 
goldacuquire: calls $0.04
*** FLOP *** [4d Tc 6h]
goldacuquire: checks 
JD080880: bets $0.06
goldacuquire: raises $0.06 to $0.12
JD080880: calls $0.06
*** TURN *** [4d Tc 6h] [Qc]
goldacuquire: checks 
JD080880: bets $0.18
goldacuquire: folds 
Uncalled bet ($0.18) returned to JD080880
JD080880 collected $0.36 from pot
*** SUMMARY ***
Total pot $0.37 | Rake $0.01 
Board [4d Tc 6h Qc]
Seat 1: Dorex2007 folded before Flop (didn't bet)
Seat 2: Nakuru24 (button) folded before Flop (didn't bet)
Seat 3: asdabelle (small blind) folded before Flop
Seat 4: goldacuquire (big blind) folded on the Turn
Seat 5: dito44156 folded before Flop (didn't bet)
Seat 6: JD080880 collected ($0.36)
Seat 7: filipdecock folded before Flop (didn't bet)
Seat 8: gezzer666 folded before Flop (didn't bet)
Seat 9: JvBleys folded before Flop (didn't bet)



PokerStars Hand #236950334965:  Hold'em No Limit ($0.01/$0.02 USD) - 2022/06/23 21:39:57 PT [2022/06/24 0:39:57 ET]
Table 'Skadi II' 9-max Seat #3 is the button
Seat 1: Dorex2007 ($3.88 in chips) 
Seat 2: Nakuru24 ($3.03 in chips) 
Seat 3: asdabelle ($1.25 in chips) 
Seat 4: goldacuquire ($1.33 in chips) 
Seat 5: dito44156 ($1.65 in chips) 
Seat 6: JD080880 ($3.70 in chips) 
Seat 7: filipdecock ($1.99 in chips) 
Seat 8: gezzer666 ($1.96 in chips) 
Seat 9: JvBleys ($2 in chips) 
goldacuquire: posts small blind $0.01
dito44156: posts big blind $0.02
*** HOLE CARDS ***
Dealt to Dorex2007 [7h 6h]
JD080880: raises $0.02 to $0.04
filipdecock: folds 
gezzer666: folds 
JvBleys: folds 
Dorex2007: folds 
Nakuru24: calls $0.04
asdabelle: folds 
goldacuquire: calls $0.03
dito44156: folds 
*** FLOP *** [Jc 9h Ah]
goldacuquire: checks 
JD080880: bets $0.04
Nakuru24: calls $0.04
goldacuquire: raises $0.04 to $0.08
JD080880: calls $0.04
Nakuru24: calls $0.04
*** TURN *** [Jc 9h Ah] [7s]
goldacuquire: bets $0.37
JD080880: folds 
Nakuru24: folds 
Uncalled bet ($0.37) returned to goldacuquire
goldacuquire collected $0.37 from pot
*** SUMMARY ***
Total pot $0.38 | Rake $0.01 
Board [Jc 9h Ah 7s]
Seat 1: Dorex2007 folded before Flop (didn't bet)
Seat 2: Nakuru24 folded on the Turn
Seat 3: asdabelle (button) folded before Flop (didn't bet)
Seat 4: goldacuquire (small blind) collected ($0.37)
Seat 5: dito44156 (big blind) folded before Flop
Seat 6: JD080880 folded on the Turn
Seat 7: filipdecock folded before Flop (didn't bet)
Seat 8: gezzer666 folded before Flop (didn't bet)
Seat 9: JvBleys folded before Flop (didn't bet)



PokerStars Hand #236950344446:  Hold'em No Limit ($0.01/$0.02 USD) - 2022/06/23 21:41:10 PT [2022/06/24 0:41:10 ET]
Table 'Skadi II' 9-max Seat #4 is the button
Seat 1: Dorex2007 ($3.88 in chips) 
Seat 2: Nakuru24 ($2.91 in chips) 
Seat 3: asdabelle ($1.25 in chips) 
Seat 4: goldacuquire ($1.58 in chips) 
Seat 5: dito44156 ($1.63 in chips) 
Seat 6: JD080880 ($3.58 in chips) 
Seat 7: filipdecock ($1.99 in chips) 
Seat 8: gezzer666 ($1.96 in chips) 
Seat 9: JvBleys ($2 in chips) 
dito44156: posts small blind $0.01
JD080880: posts big blind $0.02
*** HOLE CARDS ***
Dealt to Dorex2007 [Qc Kh]
filipdecock: folds 
gezzer666: folds 
JvBleys: folds 
Dorex2007: raises $0.04 to $0.06
Nakuru24: folds 
asdabelle: calls $0.06
goldacuquire: calls $0.06
dito44156: folds 
JD080880: calls $0.04
*** FLOP *** [As Js 3s]
JD080880: bets $0.02
Dorex2007: folds 
asdabelle: raises $0.04 to $0.06
goldacuquire: calls $0.06
JD080880: folds 
*** TURN *** [As Js 3s] [Ah]
asdabelle: checks 
goldacuquire: bets $0.02
asdabelle: calls $0.02
*** RIVER *** [As Js 3s Ah] [2c]
asdabelle: checks 
goldacuquire: bets $0.16
asdabelle: calls $0.16
*** SHOW DOWN ***
goldacuquire: shows [5s 5d] (two pair, Aces and Fives)
asdabelle: shows [Ad Qh] (three of a kind, Aces)
asdabelle collected $0.72 from pot
*** SUMMARY ***
Total pot $0.75 | Rake $0.03 
Board [As Js 3s Ah 2c]
Seat 1: Dorex2007 folded on the Flop
Seat 2: Nakuru24 folded before Flop (didn't bet)
Seat 3: asdabelle showed [Ad Qh] and won ($0.72) with three of a kind, Aces
Seat 4: goldacuquire (button) showed [5s 5d] and lost with two pair, Aces and Fives
Seat 5: dito44156 (small blind) folded before Flop
Seat 6: JD080880 (big blind) folded on the Flop
Seat 7: filipdecock folded before Flop (didn't bet)
Seat 8: gezzer666 folded before Flop (didn't bet)
Seat 9: JvBleys folded before Flop (didn't bet)



PokerStars Hand #236950354571:  Hold'em No Limit ($0.01/$0.02 USD) - 2022/06/23 21:42:30 PT [2022/06/24 0:42:30 ET]
Table 'Skadi II' 9-max Seat #5 is the button
Seat 1: Dorex2007 ($3.82 in chips) 
Seat 2: Nakuru24 ($2.91 in chips) 
Seat 3: asdabelle ($1.67 in chips) 
Seat 4: goldacuquire ($1.28 in chips) 
Seat 5: dito44156 ($1.62 in chips) 
Seat 6: JD080880 ($3.50 in chips) 
Seat 7: filipdecock ($1.99 in chips) 
Seat 8: gezzer666 ($1.96 in chips) 
Seat 9: JvBleys ($2 in chips) 
JD080880: posts small blind $0.01
filipdecock: posts big blind $0.02
*** HOLE CARDS ***
Dealt to Dorex2007 [Qh 4d]
gezzer666: folds 
JvBleys: folds 
Dorex2007: folds 
Nakuru24: calls $0.02
asdabelle: folds 
goldacuquire: folds 
dito44156: folds 
JD080880: calls $0.01
filipdecock: checks 
*** FLOP *** [2h 4s Ah]
JD080880: checks 
filipdecock: checks 
Nakuru24: checks 
*** TURN *** [2h 4s Ah] [6s]
JD080880: checks 
filipdecock: checks 
Nakuru24: checks 
*** RIVER *** [2h 4s Ah 6s] [3d]
JD080880: bets $0.03
filipdecock: folds 
Nakuru24: folds 
Uncalled bet ($0.03) returned to JD080880
JD080880 collected $0.06 from pot
*** SUMMARY ***
Total pot $0.06 | Rake $0 
Board [2h 4s Ah 6s 3d]
Seat 1: Dorex2007 folded before Flop (didn't bet)
Seat 2: Nakuru24 folded on the River
Seat 3: asdabelle folded before Flop (didn't bet)
Seat 4: goldacuquire folded before Flop (didn't bet)
Seat 5: dito44156 (button) folded before Flop (didn't bet)
Seat 6: JD080880 (small blind) collected ($0.06)
Seat 7: filipdecock (big blind) folded on the River
Seat 8: gezzer666 folded before Flop (didn't bet)
Seat 9: JvBleys folded before Flop (didn't bet)



PokerStars Hand #236950363921:  Hold'em No Limit ($0.01/$0.02 USD) - 2022/06/23 21:43:44 PT [2022/06/24 0:43:44 ET]
Table 'Skadi II' 9-max Seat #6 is the button
Seat 1: Dorex2007 ($3.82 in chips) 
Seat 2: Nakuru24 ($2.89 in chips) 
Seat 3: asdabelle ($1.67 in chips) 
Seat 4: goldacuquire ($1.28 in chips) 
Seat 5: dito44156 ($1.62 in chips) 
Seat 6: JD080880 ($3.54 in chips) 
Seat 7: filipdecock ($1.97 in chips) 
Seat 8: gezzer666 ($1.96 in chips) 
Seat 9: JvBleys ($2 in chips) 
filipdecock: posts small blind $0.01
gezzer666: posts big blind $0.02
*** HOLE CARDS ***
Dealt to Dorex2007 [5d 5s]
JvBleys: raises $0.04 to $0.06
Dorex2007: calls $0.06
Nakuru24: folds 
asdabelle: folds 
goldacuquire has timed out
goldacuquire: folds 
dito44156 has timed out
dito44156: folds 
JD080880: folds 
filipdecock: calls $0.05
gezzer666: folds 
*** FLOP *** [Jc Ks 6s]
filipdecock: checks 
JvBleys: bets $0.14
Dorex2007: folds 
filipdecock: folds 
Uncalled bet ($0.14) returned to JvBleys
JvBleys collected $0.19 from pot
*** SUMMARY ***
Total pot $0.20 | Rake $0.01 
Board [Jc Ks 6s]
Seat 1: Dorex2007 folded on the Flop
Seat 2: Nakuru24 folded before Flop (didn't bet)
Seat 3: asdabelle folded before Flop (didn't bet)
Seat 4: goldacuquire folded before Flop (didn't bet)
Seat 5: dito44156 folded before Flop (didn't bet)
Seat 6: JD080880 (button) folded before Flop (didn't bet)
Seat 7: filipdecock (small blind) folded on the Flop
Seat 8: gezzer666 (big blind) folded before Flop
Seat 9: JvBleys collected ($0.19)



PokerStars Hand #236950371851:  Hold'em No Limit ($0.01/$0.02 USD) - 2022/06/23 21:44:47 PT [2022/06/24 0:44:47 ET]
Table 'Skadi II' 9-max Seat #7 is the button
Seat 1: Dorex2007 ($3.76 in chips) 
Seat 2: Nakuru24 ($2.89 in chips) 
Seat 3: asdabelle ($1.67 in chips) 
Seat 4: goldacuquire ($1.28 in chips) 
Seat 5: dito44156 ($1.62 in chips) 
Seat 6: JD080880 ($3.54 in chips) 
Seat 7: filipdecock ($1.91 in chips) 
Seat 8: gezzer666 ($1.94 in chips) 
Seat 9: JvBleys ($2.13 in chips) 
gezzer666: posts small blind $0.01
JvBleys: posts big blind $0.02
*** HOLE CARDS ***
Dealt to Dorex2007 [4s As]
Dorex2007: folds 
Nakuru24: calls $0.02
asdabelle: folds 
goldacuquire: folds 
dito44156: raises $0.07 to $0.09
JD080880: folds 
filipdecock: folds 
gezzer666: folds 
JvBleys: raises $0.21 to $0.30
Nakuru24: folds 
dito44156: calls $0.21
*** FLOP *** [4d Qc Kc]
JvBleys: bets $0.46
dito44156: folds 
Uncalled bet ($0.46) returned to JvBleys
JvBleys collected $0.61 from pot
*** SUMMARY ***
Total pot $0.63 | Rake $0.02 
Board [4d Qc Kc]
Seat 1: Dorex2007 folded before Flop (didn't bet)
Seat 2: Nakuru24 folded before Flop
Seat 3: asdabelle folded before Flop (didn't bet)
Seat 4: goldacuquire folded before Flop (didn't bet)
Seat 5: dito44156 folded on the Flop
Seat 6: JD080880 folded before Flop (didn't bet)
Seat 7: filipdecock (button) folded before Flop (didn't bet)
Seat 8: gezzer666 (small blind) folded before Flop
Seat 9: JvBleys (big blind) collected ($0.61)



PokerStars Hand #236950381108:  Hold'em No Limit ($0.01/$0.02 USD) - 2022/06/23 21:45:59 PT [2022/06/24 0:45:59 ET]
Table 'Skadi II' 9-max Seat #8 is the button
Seat 1: Dorex2007 ($3.76 in chips) 
Seat 2: Nakuru24 ($2.87 in chips) 
Seat 3: asdabelle ($1.67 in chips) 
Seat 4: goldacuquire ($1.28 in chips) 
Seat 5: dito44156 ($1.32 in chips) 
Seat 6: JD080880 ($3.54 in chips) 
Seat 7: filipdecock ($1.91 in chips) 
Seat 8: gezzer666 ($1.93 in chips) 
Seat 9: JvBleys ($2.44 in chips) 
JvBleys: posts small blind $0.01
Dorex2007: posts big blind $0.02
*** HOLE CARDS ***
Dealt to Dorex2007 [Kh Jc]
Nakuru24: folds 
asdabelle: folds 
goldacuquire: calls $0.02
dito44156: calls $0.02
JD080880: calls $0.02
filipdecock: raises $0.08 to $0.10
gezzer666: folds 
JvBleys: folds 
Dorex2007: calls $0.08
goldacuquire: raises $0.10 to $0.20
dito44156: folds 
JD080880: calls $0.18
filipdecock: raises $1.71 to $1.91 and is all-in
Dorex2007: folds 
goldacuquire: calls $1.08 and is all-in
JD080880: folds 
Uncalled bet ($0.63) returned to filipdecock
*** FLOP *** [6h 9h Ad]
*** TURN *** [6h 9h Ad] [2s]
*** RIVER *** [6h 9h Ad 2s] [Ac]
*** SHOW DOWN ***
goldacuquire: shows [Td Th] (two pair, Aces and Tens)
filipdecock: shows [7h 7d] (two pair, Aces and Sevens)
goldacuquire collected $2.79 from pot
*** SUMMARY ***
Total pot $2.89 | Rake $0.10 
Board [6h 9h Ad 2s Ac]
Seat 1: Dorex2007 (big blind) folded before Flop
Seat 2: Nakuru24 folded before Flop (didn't bet)
Seat 3: asdabelle folded before Flop (didn't bet)
Seat 4: goldacuquire showed [Td Th] and won ($2.79) with two pair, Aces and Tens
Seat 5: dito44156 folded before Flop
Seat 6: JD080880 folded before Flop
Seat 7: filipdecock showed [7h 7d] and lost with two pair, Aces and Sevens
Seat 8: gezzer666 (button) folded before Flop (didn't bet)
Seat 9: JvBleys (small blind) folded before Flop



PokerStars Hand #236950390358:  Hold'em No Limit ($0.01/$0.02 USD) - 2022/06/23 21:47:13 PT [2022/06/24 0:47:13 ET]
Table 'Skadi II' 9-max Seat #9 is the button
Seat 1: Dorex2007 ($3.66 in chips) 
Seat 2: Nakuru24 ($2.87 in chips) 
Seat 3: asdabelle ($1.67 in chips) 
Seat 4: goldacuquire ($2.79 in chips) 
Seat 5: dito44156 ($1.30 in chips) 
Seat 6: JD080880 ($3.34 in chips) 
Seat 7: filipdecock ($0.63 in chips) 
Seat 8: gezzer666 ($1.93 in chips) 
Seat 9: JvBleys ($2.43 in chips) 
Dorex2007: posts small blind $0.01
Nakuru24: posts big blind $0.02
*** HOLE CARDS ***
Dealt to Dorex2007 [9h Qh]
asdabelle: folds 
goldacuquire: folds 
dito44156: calls $0.02
JD080880: folds 
filipdecock: raises $0.02 to $0.04
gezzer666: folds 
JvBleys: calls $0.04
Dorex2007: folds 
Nakuru24: folds 
dito44156: calls $0.02
*** FLOP *** [Ad Ks Ah]
dito44156: bets $0.08
filipdecock: folds 
JvBleys: folds 
Uncalled bet ($0.08) returned to dito44156
dito44156 collected $0.14 from pot
*** SUMMARY ***
Total pot $0.15 | Rake $0.01 
Board [Ad Ks Ah]
Seat 1: Dorex2007 (small blind) folded before Flop
Seat 2: Nakuru24 (big blind) folded before Flop
Seat 3: asdabelle folded before Flop (didn't bet)
Seat 4: goldacuquire folded before Flop (didn't bet)
Seat 5: dito44156 collected ($0.14)
Seat 6: JD080880 folded before Flop (didn't bet)
Seat 7: filipdecock folded on the Flop
Seat 8: gezzer666 folded before Flop (didn't bet)
Seat 9: JvBleys (button) folded on the Flop



PokerStars Hand #236950395821:  Hold'em No Limit ($0.01/$0.02 USD) - 2022/06/23 21:47:58 PT [2022/06/24 0:47:58 ET]
Table 'Skadi II' 9-max Seat #1 is the button
Seat 1: Dorex2007 ($3.65 in chips) 
Seat 2: Nakuru24 ($2.85 in chips) 
Seat 3: asdabelle ($1.67 in chips) 
Seat 4: goldacuquire ($2.79 in chips) 
Seat 5: dito44156 ($1.40 in chips) 
Seat 6: JD080880 ($3.34 in chips) 
Seat 7: filipdecock ($0.59 in chips) 
Seat 8: gezzer666 ($1.93 in chips) 
Seat 9: JvBleys ($2.39 in chips) 
Nakuru24: posts small blind $0.01
asdabelle: posts big blind $0.02
*** HOLE CARDS ***
Dealt to Dorex2007 [6s 5d]
goldacuquire: folds 
dito44156: folds 
JD080880: calls $0.02
filipdecock: raises $0.02 to $0.04
gezzer666: folds 
JvBleys: folds 
Dorex2007: folds 
Nakuru24: calls $0.03
asdabelle: folds 
JD080880: calls $0.02
*** FLOP *** [Kc 4c 7s]
Nakuru24: checks 
JD080880: checks 
filipdecock: checks 
*** TURN *** [Kc 4c 7s] [4h]
Nakuru24: checks 
JD080880: checks 
filipdecock: checks 
*** RIVER *** [Kc 4c 7s 4h] [2d]
Nakuru24: bets $0.02
JD080880: folds 
filipdecock: folds 
Uncalled bet ($0.02) returned to Nakuru24
Nakuru24 collected $0.14 from pot
*** SUMMARY ***
Total pot $0.14 | Rake $0 
Board [Kc 4c 7s 4h 2d]
Seat 1: Dorex2007 (button) folded before Flop (didn't bet)
Seat 2: Nakuru24 (small blind) collected ($0.14)
Seat 3: asdabelle (big blind) folded before Flop
Seat 4: goldacuquire folded before Flop (didn't bet)
Seat 5: dito44156 folded before Flop (didn't bet)
Seat 6: JD080880 folded on the River
Seat 7: filipdecock folded on the River
Seat 8: gezzer666 folded before Flop (didn't bet)
Seat 9: JvBleys folded before Flop (didn't bet)



PokerStars Hand #236950402258:  Hold'em No Limit ($0.01/$0.02 USD) - 2022/06/23 21:48:49 PT [2022/06/24 0:48:49 ET]
Table 'Skadi II' 9-max Seat #2 is the button
Seat 1: Dorex2007 ($3.65 in chips) 
Seat 2: Nakuru24 ($2.95 in chips) 
Seat 3: asdabelle ($1.65 in chips) 
Seat 4: goldacuquire ($2.79 in chips) 
Seat 5: dito44156 ($1.40 in chips) 
Seat 6: JD080880 ($3.30 in chips) 
Seat 7: filipdecock ($0.55 in chips) 
Seat 8: gezzer666 ($1.93 in chips) 
Seat 9: JvBleys ($2.39 in chips) 
asdabelle: posts small blind $0.01
goldacuquire: posts big blind $0.02
*** HOLE CARDS ***
Dealt to Dorex2007 [Qd 7d]
dito44156: folds 
JD080880: raises $0.02 to $0.04
filipdecock: folds 
gezzer666: folds 
JvBleys: folds 
Dorex2007: folds 
Nakuru24: folds 
asdabelle: folds 
goldacuquire: calls $0.02
*** FLOP *** [Qs 2c 6c]
goldacuquire: checks 
JD080880: bets $0.02
goldacuquire: calls $0.02
*** TURN *** [Qs 2c 6c] [6h]
goldacuquire: checks 
JD080880: bets $0.02
goldacuquire: folds 
Uncalled bet ($0.02) returned to JD080880
JD080880 collected $0.13 from pot
*** SUMMARY ***
Total pot $0.13 | Rake $0 
Board [Qs 2c 6c 6h]
Seat 1: Dorex2007 folded before Flop (didn't bet)
Seat 2: Nakuru24 (button) folded before Flop (didn't bet)
Seat 3: asdabelle (small blind) folded before Flop
Seat 4: goldacuquire (big blind) folded on the Turn
Seat 5: dito44156 folded before Flop (didn't bet)
Seat 6: JD080880 collected ($0.13)
Seat 7: filipdecock folded before Flop (didn't bet)
Seat 8: gezzer666 folded before Flop (didn't bet)
Seat 9: JvBleys folded before Flop (didn't bet)



PokerStars Hand #236950411888:  Hold'em No Limit ($0.01/$0.02 USD) - 2022/06/23 21:50:07 PT [2022/06/24 0:50:07 ET]
Table 'Skadi II' 9-max Seat #3 is the button
Seat 1: Dorex2007 ($3.65 in chips) 
Seat 2: Nakuru24 ($2.95 in chips) 
Seat 3: asdabelle ($1.64 in chips) 
Seat 4: goldacuquire ($2.73 in chips) 
Seat 5: dito44156 ($1.40 in chips) 
Seat 6: JD080880 ($3.37 in chips) 
Seat 7: filipdecock ($2 in chips) 
Seat 8: gezzer666 ($1.93 in chips) 
Seat 9: JvBleys ($2.39 in chips) 
goldacuquire: posts small blind $0.01
dito44156: posts big blind $0.02
*** HOLE CARDS ***
Dealt to Dorex2007 [2s 3c]
JD080880: folds 
filipdecock: raises $0.02 to $0.04
gezzer666: folds 
JvBleys: folds 
Dorex2007: folds 
Nakuru24: folds 
JD080880 leaves the table
asdabelle: folds 
goldacuquire: calls $0.03
dito44156: folds 
*** FLOP *** [5c Kd Qd]
goldacuquire: checks 
filipdecock: bets $0.02
goldacuquire: folds 
Uncalled bet ($0.02) returned to filipdecock
filipdecock collected $0.10 from pot
*** SUMMARY ***
Total pot $0.10 | Rake $0 
Board [5c Kd Qd]
Seat 1: Dorex2007 folded before Flop (didn't bet)
Seat 2: Nakuru24 folded before Flop (didn't bet)
Seat 3: asdabelle (button) folded before Flop (didn't bet)
Seat 4: goldacuquire (small blind) folded on the Flop
Seat 5: dito44156 (big blind) folded before Flop
Seat 6: JD080880 folded before Flop (didn't bet)
Seat 7: filipdecock collected ($0.10)
Seat 8: gezzer666 folded before Flop (didn't bet)
Seat 9: JvBleys folded before Flop (didn't bet)



PokerStars Hand #236950416785:  Hold'em No Limit ($0.01/$0.02 USD) - 2022/06/23 21:50:48 PT [2022/06/24 0:50:48 ET]
Table 'Skadi II' 9-max Seat #4 is the button
Seat 1: Dorex2007 ($3.65 in chips) 
Seat 2: Nakuru24 ($2.95 in chips) 
Seat 3: asdabelle ($1.64 in chips) 
Seat 4: goldacuquire ($2.69 in chips) 
Seat 5: dito44156 ($1.38 in chips) 
Seat 7: filipdecock ($2.06 in chips) 
Seat 8: gezzer666 ($1.93 in chips) 
Seat 9: JvBleys ($2.39 in chips) 
dito44156: posts small blind $0.01
filipdecock: posts big blind $0.02
*** HOLE CARDS ***
Dealt to Dorex2007 [Jd Ks]
gezzer666: folds 
JvBleys: folds 
Dorex2007 has timed out
Dorex2007: folds 
Nakuru24: folds 
asdabelle: folds 
goldacuquire: folds 
dito44156: calls $0.01
filipdecock: checks 
*** FLOP *** [6c Qs 6d]
dito44156: bets $0.02
filipdecock: calls $0.02
*** TURN *** [6c Qs 6d] [Qh]
dito44156: bets $0.02
filipdecock: raises $0.02 to $0.04
dito44156: calls $0.02
*** RIVER *** [6c Qs 6d Qh] [Js]
dito44156: checks 
QUE PARAAADA joins the table at seat #6 
filipdecock: checks 
*** SHOW DOWN ***
dito44156: shows [9s Ac] (two pair, Queens and Sixes)
filipdecock: shows [Jc 9c] (two pair, Queens and Jacks)
filipdecock collected $0.15 from pot
*** SUMMARY ***
Total pot $0.16 | Rake $0.01 
Board [6c Qs 6d Qh Js]
Seat 1: Dorex2007 folded before Flop (didn't bet)
Seat 2: Nakuru24 folded before Flop (didn't bet)
Seat 3: asdabelle folded before Flop (didn't bet)
Seat 4: goldacuquire (button) folded before Flop (didn't bet)
Seat 5: dito44156 (small blind) showed [9s Ac] and lost with two pair, Queens and Sixes
Seat 7: filipdecock (big blind) showed [Jc 9c] and won ($0.15) with two pair, Queens and Jacks
Seat 8: gezzer666 folded before Flop (didn't bet)
Seat 9: JvBleys folded before Flop (didn't bet)



PokerStars Hand #236950423602:  Hold'em No Limit ($0.01/$0.02 USD) - 2022/06/23 21:51:44 PT [2022/06/24 0:51:44 ET]
Table 'Skadi II' 9-max Seat #5 is the button
Seat 1: Dorex2007 ($3.65 in chips) 
Seat 2: Nakuru24 ($2.95 in chips) 
Seat 3: asdabelle ($1.64 in chips) 
Seat 4: goldacuquire ($2.69 in chips) 
Seat 5: dito44156 ($1.30 in chips) 
Seat 7: filipdecock ($2.13 in chips) 
Seat 8: gezzer666 ($1.93 in chips) 
Seat 9: JvBleys ($2.39 in chips) 
filipdecock: posts small blind $0.01
gezzer666: posts big blind $0.02
*** HOLE CARDS ***
Dealt to Dorex2007 [2d 8s]
JvBleys: folds 
Dorex2007: folds 
Nakuru24: calls $0.02
asdabelle: folds 
goldacuquire: raises $0.02 to $0.04
dito44156: calls $0.04
filipdecock: calls $0.03
gezzer666: folds 
Nakuru24: calls $0.02
*** FLOP *** [5h 6h 8h]
filipdecock: bets $0.02
Nakuru24: calls $0.02
QUE PARAAADA leaves the table
goldacuquire: folds 
dito44156: calls $0.02
*** TURN *** [5h 6h 8h] [Kh]
batatafe joins the table at seat #6 
filipdecock: checks 
Nakuru24: bets $0.08
dito44156: calls $0.08
filipdecock: folds 
*** RIVER *** [5h 6h 8h Kh] [4s]
Nakuru24: bets $0.14
dito44156: raises $0.14 to $0.28
Nakuru24: folds 
Uncalled bet ($0.14) returned to dito44156
dito44156 collected $0.66 from pot
*** SUMMARY ***
Total pot $0.68 | Rake $0.02 
Board [5h 6h 8h Kh 4s]
Seat 1: Dorex2007 folded before Flop (didn't bet)
Seat 2: Nakuru24 folded on the River
Seat 3: asdabelle folded before Flop (didn't bet)
Seat 4: goldacuquire folded on the Flop
Seat 5: dito44156 (button) collected ($0.66)
Seat 7: filipdecock (small blind) folded on the Turn
Seat 8: gezzer666 (big blind) folded before Flop
Seat 9: JvBleys folded before Flop (didn't bet)



PokerStars Hand #236950433463:  Hold'em No Limit ($0.01/$0.02 USD) - 2022/06/23 21:53:05 PT [2022/06/24 0:53:05 ET]
Table 'Skadi II' 9-max Seat #7 is the button
Seat 1: Dorex2007 ($3.65 in chips) 
Seat 2: Nakuru24 ($2.67 in chips) 
Seat 3: asdabelle ($1.64 in chips) 
Seat 4: goldacuquire ($2.65 in chips) 
Seat 5: dito44156 ($1.68 in chips) 
Seat 6: batatafe ($1.60 in chips) 
Seat 7: filipdecock ($2.07 in chips) 
Seat 8: gezzer666 ($1.91 in chips) 
Seat 9: JvBleys ($2.39 in chips) 
gezzer666: posts small blind $0.01
JvBleys: posts big blind $0.02
batatafe: posts big blind $0.02
*** HOLE CARDS ***
Dealt to Dorex2007 [Th Ac]
Dorex2007: calls $0.02
Nakuru24: calls $0.02
asdabelle: calls $0.02
goldacuquire: folds 
dito44156: folds 
batatafe: raises $0.02 to $0.04
filipdecock: raises $0.02 to $0.06
gezzer666: folds 
JvBleys: folds 
Dorex2007: calls $0.04
Nakuru24: calls $0.04
asdabelle: calls $0.04
batatafe: calls $0.02
*** FLOP *** [Kc As 7s]
Dorex2007: bets $0.32
Nakuru24: folds 
asdabelle: folds 
batatafe: calls $0.32
filipdecock: raises $0.32 to $0.64
Dorex2007: folds 
batatafe: calls $0.32
*** TURN *** [Kc As 7s] [3h]
batatafe: checks 
filipdecock: bets $0.20
batatafe: raises $0.70 to $0.90 and is all-in
filipdecock: calls $0.70
*** RIVER *** [Kc As 7s 3h] [3c]
*** SHOW DOWN ***
batatafe: shows [5d Ah] (two pair, Aces and Threes)
filipdecock: shows [Ks 6s] (two pair, Kings and Threes)
batatafe collected $3.60 from pot
*** SUMMARY ***
Total pot $3.73 | Rake $0.13 
Board [Kc As 7s 3h 3c]
Seat 1: Dorex2007 folded on the Flop
Seat 2: Nakuru24 folded on the Flop
Seat 3: asdabelle folded on the Flop
Seat 4: goldacuquire folded before Flop (didn't bet)
Seat 5: dito44156 folded before Flop (didn't bet)
Seat 6: batatafe showed [5d Ah] and won ($3.60) with two pair, Aces and Threes
Seat 7: filipdecock (button) showed [Ks 6s] and lost with two pair, Kings and Threes
Seat 8: gezzer666 (small blind) folded before Flop
Seat 9: JvBleys (big blind) folded before Flop



PokerStars Hand #236950448169:  Hold'em No Limit ($0.01/$0.02 USD) - 2022/06/23 21:55:04 PT [2022/06/24 0:55:04 ET]
Table 'Skadi II' 9-max Seat #8 is the button
Seat 1: Dorex2007 ($3.27 in chips) 
Seat 2: Nakuru24 ($2.61 in chips) 
Seat 3: asdabelle ($1.58 in chips) 
Seat 4: goldacuquire ($2.65 in chips) 
Seat 5: dito44156 ($1.68 in chips) 
Seat 6: batatafe ($3.60 in chips) 
Seat 8: gezzer666 ($1.90 in chips) 
Seat 9: JvBleys ($2.37 in chips) 
JvBleys: posts small blind $0.01
Dorex2007: posts big blind $0.02
*** HOLE CARDS ***
Dealt to Dorex2007 [Th 2c]
filipdecock leaves the table
Nakuru24 has timed out
Nakuru24: folds 
asdabelle: folds 
goldacuquire: folds 
dito44156: calls $0.02
batatafe: calls $0.02
gezzer666: calls $0.02
JvBleys: folds 
Dorex2007: checks 
*** FLOP *** [5h 7d Qh]
Dorex2007: checks 
dito44156: checks 
batatafe: checks 
gezzer666: bets $0.06
Dorex2007: folds 
dito44156: folds 
batatafe: folds 
Uncalled bet ($0.06) returned to gezzer666
gezzer666 collected $0.09 from pot
*** SUMMARY ***
Total pot $0.09 | Rake $0 
Board [5h 7d Qh]
Seat 1: Dorex2007 (big blind) folded on the Flop
Seat 2: Nakuru24 folded before Flop (didn't bet)
Seat 3: asdabelle folded before Flop (didn't bet)
Seat 4: goldacuquire folded before Flop (didn't bet)
Seat 5: dito44156 folded on the Flop
Seat 6: batatafe folded on the Flop
Seat 8: gezzer666 (button) collected ($0.09)
Seat 9: JvBleys (small blind) folded before Flop



PokerStars Hand #236950456017:  Hold'em No Limit ($0.01/$0.02 USD) - 2022/06/23 21:56:17 PT [2022/06/24 0:56:17 ET]
Table 'Skadi II' 9-max Seat #9 is the button
Seat 1: Dorex2007 ($3.25 in chips) 
Seat 4: goldacuquire ($2.65 in chips) 
Seat 5: dito44156 ($1.66 in chips) 
Seat 6: batatafe ($3.58 in chips) 
Seat 8: gezzer666 ($1.97 in chips) 
Seat 9: JvBleys ($2.36 in chips) 
Dorex2007: posts small blind $0.01
asdabelle: is sitting out 
goldacuquire: posts big blind $0.02
*** HOLE CARDS ***
Dealt to Dorex2007 [9d 8d]
dito44156: folds 
Nakuru24 leaves the table
batatafe: raises $0.04 to $0.06
gezzer666: folds 
asdabelle leaves the table
JvBleys: folds 
Dorex2007: calls $0.05
goldacuquire: calls $0.04
*** FLOP *** [Qc 3h 4c]
Dorex2007: checks 
goldacuquire: checks 
batatafe: bets $0.10
Dorex2007: folds 
goldacuquire: folds 
Uncalled bet ($0.10) returned to batatafe
batatafe collected $0.17 from pot
*** SUMMARY ***
Total pot $0.18 | Rake $0.01 
Board [Qc 3h 4c]
Seat 1: Dorex2007 (small blind) folded on the Flop
Seat 4: goldacuquire (big blind) folded on the Flop
Seat 5: dito44156 folded before Flop (didn't bet)
Seat 6: batatafe collected ($0.17)
Seat 8: gezzer666 folded before Flop (didn't bet)
Seat 9: JvBleys (button) folded before Flop (didn't bet)



PokerStars Hand #236950464195:  Hold'em No Limit ($0.01/$0.02 USD) - 2022/06/23 21:57:33 PT [2022/06/24 0:57:33 ET]
Table 'Skadi II' 9-max Seat #1 is the button
Seat 1: Dorex2007 ($3.19 in chips) 
Seat 4: goldacuquire ($2.59 in chips) 
Seat 5: dito44156 ($1.66 in chips) 
Seat 6: batatafe ($3.69 in chips) 
Seat 8: gezzer666 ($1.97 in chips) 
Seat 9: JvBleys ($2.36 in chips) 
goldacuquire: posts small blind $0.01
dito44156: posts big blind $0.02
*** HOLE CARDS ***
Dealt to Dorex2007 [Qs Js]
batatafe: folds 
gezzer666 has timed out
gezzer666: folds 
JvBleys: folds 
Dorex2007: raises $0.04 to $0.06
goldacuquire: calls $0.05
dito44156: calls $0.04
*** FLOP *** [3s Td 2c]
goldacuquire: checks 
dito44156: checks 
Dorex2007: checks 
*** TURN *** [3s Td 2c] [4s]
goldacuquire: checks 
dito44156: checks 
Dorex2007: bets $0.11
goldacuquire: calls $0.11
dito44156: folds 
*** RIVER *** [3s Td 2c 4s] [Ks]
goldacuquire: checks 
Dorex2007: bets $0.39
goldacuquire: folds 
Uncalled bet ($0.39) returned to Dorex2007
Dorex2007 collected $0.39 from pot
*** SUMMARY ***
Total pot $0.40 | Rake $0.01 
Board [3s Td 2c 4s Ks]
Seat 1: Dorex2007 (button) collected ($0.39)
Seat 4: goldacuquire (small blind) folded on the River
Seat 5: dito44156 (big blind) folded on the Turn
Seat 6: batatafe folded before Flop (didn't bet)
Seat 8: gezzer666 folded before Flop (didn't bet)
Seat 9: JvBleys folded before Flop (didn't bet)



PokerStars Hand #236950473906:  Hold'em No Limit ($0.01/$0.02 USD) - 2022/06/23 21:59:03 PT [2022/06/24 0:59:03 ET]
Table 'Skadi II' 9-max Seat #4 is the button
Seat 1: Dorex2007 ($3.41 in chips) 
Seat 4: goldacuquire ($2.42 in chips) 
Seat 5: dito44156 ($1.60 in chips) 
Seat 6: batatafe ($3.69 in chips) 
Seat 8: gezzer666 ($1.97 in chips) 
Seat 9: JvBleys ($2.36 in chips) 
dito44156: posts small blind $0.01
batatafe: posts big blind $0.02
*** HOLE CARDS ***
Dealt to Dorex2007 [9h Ks]
gezzer666: folds 
JvBleys: folds 
Dorex2007: folds 
goldacuquire: folds 
dito44156: calls $0.01
batatafe: raises $0.04 to $0.06
dito44156: calls $0.04
*** FLOP *** [Qs Ad 8s]
dito44156: checks 
batatafe: bets $0.06
dito44156: folds 
Uncalled bet ($0.06) returned to batatafe
batatafe collected $0.12 from pot
*** SUMMARY ***
Total pot $0.12 | Rake $0 
Board [Qs Ad 8s]
Seat 1: Dorex2007 folded before Flop (didn't bet)
Seat 4: goldacuquire (button) folded before Flop (didn't bet)
Seat 5: dito44156 (small blind) folded on the Flop
Seat 6: batatafe (big blind) collected ($0.12)
Seat 8: gezzer666 folded before Flop (didn't bet)
Seat 9: JvBleys folded before Flop (didn't bet)



PokerStars Hand #236950477743:  Hold'em No Limit ($0.01/$0.02 USD) - 2022/06/23 21:59:40 PT [2022/06/24 0:59:40 ET]
Table 'Skadi II' 9-max Seat #5 is the button
Seat 1: Dorex2007 ($3.41 in chips) 
Seat 4: goldacuquire ($2.42 in chips) 
Seat 5: dito44156 ($1.54 in chips) 
Seat 6: batatafe ($3.75 in chips) 
Seat 8: gezzer666 ($1.97 in chips) 
Seat 9: JvBleys ($2.36 in chips) 
batatafe: posts small blind $0.01
gezzer666: posts big blind $0.02
*** HOLE CARDS ***
Dealt to Dorex2007 [Ts Js]
JvBleys: folds 
Dorex2007: raises $0.02 to $0.04
goldacuquire: calls $0.04
dito44156: calls $0.04
batatafe: calls $0.03
gezzer666: folds 
*** FLOP *** [3h 5h Ac]
batatafe: bets $0.06
Dorex2007: folds 
goldacuquire: folds 
dito44156: folds 
Uncalled bet ($0.06) returned to batatafe
batatafe collected $0.17 from pot
*** SUMMARY ***
Total pot $0.18 | Rake $0.01 
Board [3h 5h Ac]
Seat 1: Dorex2007 folded on the Flop
Seat 4: goldacuquire folded on the Flop
Seat 5: dito44156 (button) folded on the Flop
Seat 6: batatafe (small blind) collected ($0.17)
Seat 8: gezzer666 (big blind) folded before Flop
Seat 9: JvBleys folded before Flop (didn't bet)



PokerStars Hand #236950486117:  Hold'em No Limit ($0.01/$0.02 USD) - 2022/06/23 22:00:54 PT [2022/06/24 1:00:54 ET]
Table 'Skadi II' 9-max Seat #6 is the button
Seat 1: Dorex2007 ($3.37 in chips) 
Seat 4: goldacuquire ($2.38 in chips) 
Seat 5: dito44156 ($1.50 in chips) 
Seat 6: batatafe ($3.88 in chips) 
Seat 8: gezzer666 ($1.95 in chips) 
Seat 9: JvBleys ($2.36 in chips) 
gezzer666: posts small blind $0.01
JvBleys: posts big blind $0.02
*** HOLE CARDS ***
Dealt to Dorex2007 [9h 3d]
Dorex2007: folds 
goldacuquire: calls $0.02
dito44156: folds 
batatafe: folds 
gezzer666: folds 
JvBleys: checks 
*** FLOP *** [Jd Ah 2h]
JvBleys: checks 
goldacuquire: checks 
*** TURN *** [Jd Ah 2h] [6c]
JvBleys: checks 
goldacuquire: checks 
*** RIVER *** [Jd Ah 2h 6c] [Jc]
JvBleys: bets $0.02
goldacuquire: raises $0.84 to $0.86
JvBleys: folds 
Uncalled bet ($0.84) returned to goldacuquire
goldacuquire collected $0.09 from pot
*** SUMMARY ***
Total pot $0.09 | Rake $0 
Board [Jd Ah 2h 6c Jc]
Seat 1: Dorex2007 folded before Flop (didn't bet)
Seat 4: goldacuquire collected ($0.09)
Seat 5: dito44156 folded before Flop (didn't bet)
Seat 6: batatafe (button) folded before Flop (didn't bet)
Seat 8: gezzer666 (small blind) folded before Flop
Seat 9: JvBleys (big blind) folded on the River



PokerStars Hand #236950495225:  Hold'em No Limit ($0.01/$0.02 USD) - 2022/06/23 22:02:09 PT [2022/06/24 1:02:09 ET]
Table 'Skadi II' 9-max Seat #8 is the button
Seat 1: Dorex2007 ($3.37 in chips) 
Seat 4: goldacuquire ($2.43 in chips) 
Seat 5: dito44156 ($1.50 in chips) 
Seat 6: batatafe ($3.88 in chips) 
Seat 8: gezzer666 ($1.94 in chips) 
Seat 9: JvBleys ($2.32 in chips) 
JvBleys: posts small blind $0.01
Dorex2007: posts big blind $0.02
*** HOLE CARDS ***
Dealt to Dorex2007 [9s 3s]
goldacuquire has timed out
goldacuquire: folds 
dito44156: folds 
batatafe: folds 
gezzer666: folds 
JvBleys: folds 
Uncalled bet ($0.01) returned to Dorex2007
Dorex2007 collected $0.02 from pot
*** SUMMARY ***
Total pot $0.02 | Rake $0 
Seat 1: Dorex2007 (big blind) collected ($0.02)
Seat 4: goldacuquire folded before Flop (didn't bet)
Seat 5: dito44156 folded before Flop (didn't bet)
Seat 6: batatafe folded before Flop (didn't bet)
Seat 8: gezzer666 (button) folded before Flop (didn't bet)
Seat 9: JvBleys (small blind) folded before Flop



PokerStars Hand #236950497354:  Hold'em No Limit ($0.01/$0.02 USD) - 2022/06/23 22:02:26 PT [2022/06/24 1:02:26 ET]
Table 'Skadi II' 9-max Seat #9 is the button
Seat 1: Dorex2007 ($3.38 in chips) 
Seat 5: dito44156 ($1.50 in chips) 
Seat 6: batatafe ($3.88 in chips) 
Seat 8: gezzer666 ($1.94 in chips) 
Seat 9: JvBleys ($2.31 in chips) 
Dorex2007: posts small blind $0.01
dito44156: posts big blind $0.02
*** HOLE CARDS ***
Dealt to Dorex2007 [2s 8c]
batatafe: folds 
gezzer666: raises $0.04 to $0.06
JvBleys: folds 
Dorex2007: folds 
dito44156: calls $0.04
*** FLOP *** [6s Ah 3s]
dito44156: checks 
gezzer666: checks 
*** TURN *** [6s Ah 3s] [Qc]
dito44156: bets $0.08
gezzer666: folds 
Uncalled bet ($0.08) returned to dito44156
dito44156 collected $0.13 from pot
*** SUMMARY ***
Total pot $0.13 | Rake $0 
Board [6s Ah 3s Qc]
Seat 1: Dorex2007 (small blind) folded before Flop
Seat 5: dito44156 (big blind) collected ($0.13)
Seat 6: batatafe folded before Flop (didn't bet)
Seat 8: gezzer666 folded on the Turn
Seat 9: JvBleys (button) folded before Flop (didn't bet)



PokerStars Hand #236950503244:  Hold'em No Limit ($0.01/$0.02 USD) - 2022/06/23 22:03:15 PT [2022/06/24 1:03:15 ET]
Table 'Skadi II' 9-max Seat #1 is the button
Seat 1: Dorex2007 ($3.37 in chips) 
Seat 5: dito44156 ($1.57 in chips) 
Seat 6: batatafe ($3.88 in chips) 
Seat 8: gezzer666 ($1.88 in chips) 
Seat 9: JvBleys ($2.31 in chips) 
dito44156: posts small blind $0.01
batatafe: posts big blind $0.02
*** HOLE CARDS ***
Dealt to Dorex2007 [Jh Kc]
gezzer666: raises $0.04 to $0.06
JvBleys: folds 
Dorex2007 has timed out
Dorex2007: folds 
dito44156: calls $0.05
batatafe: calls $0.04
*** FLOP *** [5h 7s As]
dito44156: bets $0.14
batatafe: folds 
gezzer666: folds 
Uncalled bet ($0.14) returned to dito44156
dito44156 collected $0.17 from pot
*** SUMMARY ***
Total pot $0.18 | Rake $0.01 
Board [5h 7s As]
Seat 1: Dorex2007 (button) folded before Flop (didn't bet)
Seat 5: dito44156 (small blind) collected ($0.17)
Seat 6: batatafe (big blind) folded on the Flop
Seat 8: gezzer666 folded on the Flop
Seat 9: JvBleys folded before Flop (didn't bet)



PokerStars Hand #236950508005:  Hold'em No Limit ($0.01/$0.02 USD) - 2022/06/23 22:03:55 PT [2022/06/24 1:03:55 ET]
Table 'Skadi II' 9-max Seat #5 is the button
Seat 1: Dorex2007 ($3.37 in chips) 
Seat 4: goldacuquire ($2.43 in chips) 
Seat 5: dito44156 ($1.68 in chips) 
Seat 6: batatafe ($3.82 in chips) 
Seat 8: gezzer666 ($1.82 in chips) 
Seat 9: JvBleys ($2.31 in chips) 
batatafe: posts small blind $0.01
gezzer666: posts big blind $0.02
goldacuquire: posts small & big blinds $0.03
*** HOLE CARDS ***
Dealt to Dorex2007 [Ts 7s]
JvBleys: raises $0.06 to $0.08
Dorex2007: folds 
goldacuquire: folds 
dito44156: folds 
batatafe: folds 
gezzer666: folds 
Uncalled bet ($0.06) returned to JvBleys
JvBleys collected $0.08 from pot
*** SUMMARY ***
Total pot $0.08 | Rake $0 
Seat 1: Dorex2007 folded before Flop (didn't bet)
Seat 4: goldacuquire folded before Flop (didn't bet)
Seat 5: dito44156 (button) folded before Flop (didn't bet)
Seat 6: batatafe (small blind) folded before Flop
Seat 8: gezzer666 (big blind) folded before Flop
Seat 9: JvBleys collected ($0.08)



PokerStars Hand #236950511216:  Hold'em No Limit ($0.01/$0.02 USD) - 2022/06/23 22:04:21 PT [2022/06/24 1:04:21 ET]
Table 'Skadi II' 9-max Seat #6 is the button
Seat 1: Dorex2007 ($3.37 in chips) 
Seat 4: goldacuquire ($2.40 in chips) 
Seat 5: dito44156 ($1.68 in chips) 
Seat 6: batatafe ($3.81 in chips) 
Seat 8: gezzer666 ($1.80 in chips) 
Seat 9: JvBleys ($2.37 in chips) 
gezzer666: posts small blind $0.01
JvBleys: posts big blind $0.02
*** HOLE CARDS ***
Dealt to Dorex2007 [8c Jd]
Dorex2007: folds 
goldacuquire has timed out
goldacuquire: folds 
dito44156: folds 
batatafe: raises $0.02 to $0.04
gezzer666: folds 
JvBleys: folds 
Uncalled bet ($0.02) returned to batatafe
batatafe collected $0.05 from pot
*** SUMMARY ***
Total pot $0.05 | Rake $0 
Seat 1: Dorex2007 folded before Flop (didn't bet)
Seat 4: goldacuquire folded before Flop (didn't bet)
Seat 5: dito44156 folded before Flop (didn't bet)
Seat 6: batatafe (button) collected ($0.05)
Seat 8: gezzer666 (small blind) folded before Flop
Seat 9: JvBleys (big blind) folded before Flop



PokerStars Hand #236950514111:  Hold'em No Limit ($0.01/$0.02 USD) - 2022/06/23 22:04:46 PT [2022/06/24 1:04:46 ET]
Table 'Skadi II' 9-max Seat #9 is the button
Seat 1: Dorex2007 ($3.37 in chips) 
Seat 5: dito44156 ($1.68 in chips) 
Seat 6: batatafe ($3.84 in chips) 
Seat 9: JvBleys ($2.35 in chips) 
gezzer666 leaves the table
Dorex2007: posts small blind $0.01
dito44156: posts big blind $0.02
*** HOLE CARDS ***
Dealt to Dorex2007 [3h Tc]
batatafe: folds 
JvBleys: folds 
Dorex2007: folds 
Uncalled bet ($0.01) returned to dito44156
dito44156 collected $0.02 from pot
*** SUMMARY ***
Total pot $0.02 | Rake $0 
Seat 1: Dorex2007 (small blind) folded before Flop
Seat 5: dito44156 (big blind) collected ($0.02)
Seat 6: batatafe folded before Flop (didn't bet)
Seat 9: JvBleys (button) folded before Flop (didn't bet)



