PokerStars Hand #232954718737:  Hold'em No Limit ($0.01/$0.02 USD) - 2022/01/08 17:14:05 PT [2022/01/08 20:14:05 ET]
Table 'Aemilia VI' 9-max Seat #1 is the button
Seat 1: Andorrior ($0.64 in chips) 
Seat 2: JulesCesar56 ($0.81 in chips) 
Seat 3: almaihotz ($4.21 in chips) 
Seat 4: Luigipok87 ($0.50 in chips) 
Seat 5: guareschi84 ($0.97 in chips) 
Seat 6: ThePorqupine ($3.65 in chips) 
Seat 7: MrKokie ($0.49 in chips) 
Seat 8: frosa9397 ($4.11 in chips) 
Seat 9: Dorex2007 ($2 in chips) 
JulesCesar56: posts small blind $0.01
almaihotz: posts big blind $0.02
Dorex2007: posts big blind $0.02
*** HOLE CARDS ***
Dealt to Dorex2007 [4c 7c]
Luigipok87: calls $0.02
guareschi84: folds 
ThePorqupine: folds 
MrKokie: calls $0.02
frosa9397: folds 
Dorex2007: checks 
Andorrior: folds 
JulesCesar56: calls $0.01
almaihotz: checks 
*** FLOP *** [4h Qc 2h]
JulesCesar56: checks 
almaihotz: checks 
Luigipok87: bets $0.10
MrKokie has timed out
MrKokie: folds 
Dorex2007: folds 
JulesCesar56: folds 
almaihotz: folds 
Uncalled bet ($0.10) returned to Luigipok87
Luigipok87 collected $0.10 from pot
Luigipok87: doesn't show hand 
*** SUMMARY ***
Total pot $0.10 | Rake $0 
Board [4h Qc 2h]
Seat 1: Andorrior (button) folded before Flop (didn't bet)
Seat 2: JulesCesar56 (small blind) folded on the Flop
Seat 3: almaihotz (big blind) folded on the Flop
Seat 4: Luigipok87 collected ($0.10)
Seat 5: guareschi84 folded before Flop (didn't bet)
Seat 6: ThePorqupine folded before Flop (didn't bet)
Seat 7: MrKokie folded on the Flop
Seat 8: frosa9397 folded before Flop (didn't bet)
Seat 9: Dorex2007 folded on the Flop (didn't bet)



PokerStars Hand #232954744686:  Hold'em No Limit ($0.01/$0.02 USD) - 2022/01/08 17:15:16 PT [2022/01/08 20:15:16 ET]
Table 'Aemilia VI' 9-max Seat #2 is the button
Seat 1: Andorrior ($0.64 in chips) 
Seat 2: JulesCesar56 ($0.79 in chips) 
Seat 3: almaihotz ($4.19 in chips) 
Seat 4: Luigipok87 ($0.58 in chips) 
Seat 5: guareschi84 ($0.97 in chips) 
Seat 6: ThePorqupine ($3.65 in chips) 
Seat 7: MrKokie ($0.47 in chips) 
Seat 8: frosa9397 ($4.11 in chips) 
Seat 9: Dorex2007 ($2 in chips) 
almaihotz: posts small blind $0.01
Luigipok87: posts big blind $0.02
*** HOLE CARDS ***
Dealt to Dorex2007 [9h 9c]
guareschi84: calls $0.02
ThePorqupine: folds 
MrKokie: calls $0.02
frosa9397: folds 
Dorex2007: calls $0.02
Andorrior: folds 
JulesCesar56: calls $0.02
almaihotz: calls $0.01
Luigipok87: checks 
*** FLOP *** [4s 5s Ad]
almaihotz: checks 
Luigipok87: checks 
guareschi84: checks 
MrKokie: checks 
Dorex2007: checks 
JulesCesar56: checks 
*** TURN *** [4s 5s Ad] [Js]
almaihotz: checks 
Luigipok87: checks 
guareschi84: checks 
MrKokie: checks 
Dorex2007: checks 
JulesCesar56: checks 
*** RIVER *** [4s 5s Ad Js] [Ac]
almaihotz: checks 
Luigipok87: checks 
guareschi84: checks 
MrKokie: checks 
Dorex2007: checks 
JulesCesar56: checks 
*** SHOW DOWN ***
almaihotz: shows [6s 6c] (two pair, Aces and Sixes)
Luigipok87: shows [Ks Jd] (two pair, Aces and Jacks)
guareschi84: mucks hand 
MrKokie: mucks hand 
Dorex2007: mucks hand 
JulesCesar56: mucks hand 
Luigipok87 collected $0.12 from pot
*** SUMMARY ***
Total pot $0.12 | Rake $0 
Board [4s 5s Ad Js Ac]
Seat 1: Andorrior folded before Flop (didn't bet)
Seat 2: JulesCesar56 (button) mucked [Tc Qh]
Seat 3: almaihotz (small blind) showed [6s 6c] and lost with two pair, Aces and Sixes
Seat 4: Luigipok87 (big blind) showed [Ks Jd] and won ($0.12) with two pair, Aces and Jacks
Seat 5: guareschi84 mucked [Kc Qc]
Seat 6: ThePorqupine folded before Flop (didn't bet)
Seat 7: MrKokie mucked [Th 6h]
Seat 8: frosa9397 folded before Flop (didn't bet)
Seat 9: Dorex2007 mucked [9h 9c]



PokerStars Hand #232954774962:  Hold'em No Limit ($0.01/$0.02 USD) - 2022/01/08 17:16:38 PT [2022/01/08 20:16:38 ET]
Table 'Aemilia VI' 9-max Seat #3 is the button
Seat 1: Andorrior ($0.64 in chips) 
Seat 2: JulesCesar56 ($0.77 in chips) 
Seat 3: almaihotz ($4.17 in chips) 
Seat 4: Luigipok87 ($0.68 in chips) 
Seat 5: guareschi84 ($0.95 in chips) 
Seat 6: ThePorqupine ($3.65 in chips) 
Seat 7: MrKokie ($0.45 in chips) 
Seat 8: frosa9397 ($4.11 in chips) 
Seat 9: Dorex2007 ($2 in chips) 
Luigipok87: posts small blind $0.01
guareschi84: posts big blind $0.02
*** HOLE CARDS ***
Dealt to Dorex2007 [Qd 4h]
ThePorqupine: folds 
MrKokie: calls $0.02
frosa9397: raises $0.07 to $0.09
Dorex2007: folds 
Andorrior: folds 
JulesCesar56: folds 
almaihotz: folds 
Luigipok87: folds 
guareschi84: calls $0.07
MrKokie: calls $0.07
*** FLOP *** [Th 4c 2d]
Luigipok87 leaves the table
guareschi84: bets $0.27
MrKokie: folds 
frosa9397: calls $0.27
*** TURN *** [Th 4c 2d] [7s]
guareschi84: bets $0.59 and is all-in
the game33 joins the table at seat #4 
frosa9397: calls $0.59
*** RIVER *** [Th 4c 2d 7s] [9h]
*** SHOW DOWN ***
guareschi84: shows [Jd Js] (a pair of Jacks)
frosa9397: shows [Ac Ad] (a pair of Aces)
frosa9397 collected $1.93 from pot
*** SUMMARY ***
Total pot $2 | Rake $0.07 
Board [Th 4c 2d 7s 9h]
Seat 1: Andorrior folded before Flop (didn't bet)
Seat 2: JulesCesar56 folded before Flop (didn't bet)
Seat 3: almaihotz (button) folded before Flop (didn't bet)
Seat 4: Luigipok87 (small blind) folded before Flop
Seat 5: guareschi84 (big blind) showed [Jd Js] and lost with a pair of Jacks
Seat 6: ThePorqupine folded before Flop (didn't bet)
Seat 7: MrKokie folded on the Flop
Seat 8: frosa9397 showed [Ac Ad] and won ($1.93) with a pair of Aces
Seat 9: Dorex2007 folded before Flop (didn't bet)



PokerStars Hand #232954814602:  Hold'em No Limit ($0.01/$0.02 USD) - 2022/01/08 17:18:09 PT [2022/01/08 20:18:09 ET]
Table 'Aemilia VI' 9-max Seat #6 is the button
Seat 1: Andorrior ($0.64 in chips) 
Seat 2: JulesCesar56 ($0.77 in chips) 
Seat 3: almaihotz ($4.17 in chips) 
Seat 6: ThePorqupine ($3.65 in chips) 
Seat 7: MrKokie ($0.36 in chips) 
Seat 8: frosa9397 ($5.09 in chips) 
Seat 9: Dorex2007 ($2 in chips) 
MrKokie: posts small blind $0.01
frosa9397: posts big blind $0.02
the game33: sits out 
*** HOLE CARDS ***
Dealt to Dorex2007 [Kh Jc]
Dorex2007: folds 
Andorrior: folds 
JulesCesar56: folds 
almaihotz: folds 
ThePorqupine: folds 
MrKokie: calls $0.01
frosa9397: checks 
*** FLOP *** [4h Td Th]
MrKokie: checks 
frosa9397: bets $0.02
MrKokie: folds 
Uncalled bet ($0.02) returned to frosa9397
frosa9397 collected $0.04 from pot
frosa9397: doesn't show hand 
*** SUMMARY ***
Total pot $0.04 | Rake $0 
Board [4h Td Th]
Seat 1: Andorrior folded before Flop (didn't bet)
Seat 2: JulesCesar56 folded before Flop (didn't bet)
Seat 3: almaihotz folded before Flop (didn't bet)
Seat 6: ThePorqupine (button) folded before Flop (didn't bet)
Seat 7: MrKokie (small blind) folded on the Flop
Seat 8: frosa9397 (big blind) collected ($0.04)
Seat 9: Dorex2007 folded before Flop (didn't bet)



PokerStars Hand #232954834062:  Hold'em No Limit ($0.01/$0.02 USD) - 2022/01/08 17:19:03 PT [2022/01/08 20:19:03 ET]
Table 'Aemilia VI' 9-max Seat #7 is the button
Seat 1: Andorrior ($0.64 in chips) 
Seat 2: JulesCesar56 ($0.77 in chips) 
Seat 3: almaihotz ($4.17 in chips) 
Seat 6: ThePorqupine ($3.65 in chips) 
Seat 7: MrKokie ($0.34 in chips) 
Seat 8: frosa9397 ($5.11 in chips) 
Seat 9: Dorex2007 ($2 in chips) 
frosa9397: posts small blind $0.01
Dorex2007: posts big blind $0.02
the game33: sits out 
*** HOLE CARDS ***
Dealt to Dorex2007 [Qh 8c]
Andorrior: folds 
JulesCesar56: raises $0.04 to $0.06
almaihotz: folds 
ThePorqupine: folds 
MrKokie: calls $0.06
frosa9397: calls $0.05
Dorex2007: folds 
*** FLOP *** [7c 6s Td]
frosa9397: checks 
JulesCesar56: bets $0.06
MrKokie: calls $0.06
frosa9397: folds 
*** TURN *** [7c 6s Td] [Th]
JulesCesar56: bets $0.04
MrKokie: folds 
Uncalled bet ($0.04) returned to JulesCesar56
JulesCesar56 collected $0.31 from pot
JulesCesar56: doesn't show hand 
*** SUMMARY ***
Total pot $0.32 | Rake $0.01 
Board [7c 6s Td Th]
Seat 1: Andorrior folded before Flop (didn't bet)
Seat 2: JulesCesar56 collected ($0.31)
Seat 3: almaihotz folded before Flop (didn't bet)
Seat 6: ThePorqupine folded before Flop (didn't bet)
Seat 7: MrKokie (button) folded on the Turn
Seat 8: frosa9397 (small blind) folded on the Flop
Seat 9: Dorex2007 (big blind) folded before Flop



PokerStars Hand #232954853325:  Hold'em No Limit ($0.01/$0.02 USD) - 2022/01/08 17:19:57 PT [2022/01/08 20:19:57 ET]
Table 'Aemilia VI' 9-max Seat #8 is the button
Seat 2: JulesCesar56 ($0.96 in chips) 
Seat 3: almaihotz ($4.17 in chips) 
Seat 6: ThePorqupine ($3.65 in chips) 
Seat 7: MrKokie ($0.22 in chips) 
Seat 8: frosa9397 ($5.05 in chips) 
Seat 9: Dorex2007 ($2 in chips) 
Dorex2007: posts small blind $0.01
Andorrior: is sitting out 
JulesCesar56: posts big blind $0.02
the game33: sits out 
*** HOLE CARDS ***
Dealt to Dorex2007 [Jh Td]
almaihotz: folds 
ThePorqupine: folds 
MrKokie: raises $0.02 to $0.04
frosa9397: folds 
Dorex2007: folds 
JulesCesar56: calls $0.02
*** FLOP *** [Ts Kd 6h]
guareschi84 is disconnected 
JulesCesar56: checks 
MrKokie: bets $0.18 and is all-in
Andorrior leaves the table
JulesCesar56: folds 
Uncalled bet ($0.18) returned to MrKokie
MrKokie collected $0.09 from pot
MrKokie: doesn't show hand 
*** SUMMARY ***
Total pot $0.09 | Rake $0 
Board [Ts Kd 6h]
Seat 2: JulesCesar56 (big blind) folded on the Flop
Seat 3: almaihotz folded before Flop (didn't bet)
Seat 6: ThePorqupine folded before Flop (didn't bet)
Seat 7: MrKokie collected ($0.09)
Seat 8: frosa9397 (button) folded before Flop (didn't bet)
Seat 9: Dorex2007 (small blind) folded before Flop



PokerStars Hand #232954869379:  Hold'em No Limit ($0.01/$0.02 USD) - 2022/01/08 17:20:41 PT [2022/01/08 20:20:41 ET]
Table 'Aemilia VI' 9-max Seat #9 is the button
Seat 2: JulesCesar56 ($0.92 in chips) 
Seat 3: almaihotz ($4.17 in chips) 
Seat 6: ThePorqupine ($3.65 in chips) 
Seat 7: MrKokie ($0.27 in chips) 
Seat 8: frosa9397 ($5.05 in chips) 
Seat 9: Dorex2007 ($2 in chips) 
JulesCesar56: posts small blind $0.01
almaihotz: posts big blind $0.02
the game33: sits out 
*** HOLE CARDS ***
Dealt to Dorex2007 [4d 8h]
ThePorqupine: folds 
MrKokie: calls $0.02
frosa9397: folds 
Dorex2007: folds 
BBBB259 joins the table at seat #1 
JulesCesar56: folds 
almaihotz: checks 
*** FLOP *** [7d Qh 3s]
almaihotz: checks 
MrKokie: checks 
*** TURN *** [7d Qh 3s] [6h]
almaihotz: checks 
MrKokie: checks 
*** RIVER *** [7d Qh 3s 6h] [3c]
almaihotz: checks 
MrKokie: checks 
*** SHOW DOWN ***
almaihotz: shows [9c Tc] (a pair of Threes)
MrKokie: shows [5c As] (a pair of Threes - Ace kicker)
MrKokie collected $0.05 from pot
*** SUMMARY ***
Total pot $0.05 | Rake $0 
Board [7d Qh 3s 6h 3c]
Seat 2: JulesCesar56 (small blind) folded before Flop
Seat 3: almaihotz (big blind) showed [9c Tc] and lost with a pair of Threes
Seat 6: ThePorqupine folded before Flop (didn't bet)
Seat 7: MrKokie showed [5c As] and won ($0.05) with a pair of Threes
Seat 8: frosa9397 folded before Flop (didn't bet)
Seat 9: Dorex2007 (button) folded before Flop (didn't bet)



PokerStars Hand #232954885818:  Hold'em No Limit ($0.01/$0.02 USD) - 2022/01/08 17:21:27 PT [2022/01/08 20:21:27 ET]
Table 'Aemilia VI' 9-max Seat #2 is the button
Seat 1: BBBB259 ($2 in chips) 
Seat 2: JulesCesar56 ($0.91 in chips) 
Seat 3: almaihotz ($4.15 in chips) 
Seat 4: the game33 ($1.60 in chips) 
Seat 6: ThePorqupine ($3.65 in chips) 
Seat 7: MrKokie ($0.30 in chips) 
Seat 8: frosa9397 ($5.05 in chips) 
Seat 9: Dorex2007 ($2 in chips) 
almaihotz: posts small blind $0.01
the game33: posts big blind $0.02
BBBB259: posts big blind $0.02
*** HOLE CARDS ***
Dealt to Dorex2007 [3s 6h]
ThePorqupine: raises $0.04 to $0.06
MrKokie: calls $0.06
frosa9397: folds 
Dorex2007: folds 
BBBB259: folds 
JulesCesar56: folds 
guareschi84 leaves the table
almaihotz: folds 
the game33: folds 
*** FLOP *** [Ac 6c 7d]
ThePorqupine: checks 
MrKokie: checks 
*** TURN *** [Ac 6c 7d] [Kd]
ThePorqupine: bets $0.08
MrKokie: raises $0.08 to $0.16
ThePorqupine: folds 
Uncalled bet ($0.08) returned to MrKokie
MrKokie collected $0.32 from pot
MrKokie: doesn't show hand 
*** SUMMARY ***
Total pot $0.33 | Rake $0.01 
Board [Ac 6c 7d Kd]
Seat 1: BBBB259 folded before Flop (didn't bet)
Seat 2: JulesCesar56 (button) folded before Flop (didn't bet)
Seat 3: almaihotz (small blind) folded before Flop
Seat 4: the game33 (big blind) folded before Flop
Seat 6: ThePorqupine folded on the Turn
Seat 7: MrKokie collected ($0.32)
Seat 8: frosa9397 folded before Flop (didn't bet)
Seat 9: Dorex2007 folded before Flop (didn't bet)



PokerStars Hand #232954905741:  Hold'em No Limit ($0.01/$0.02 USD) - 2022/01/08 17:22:22 PT [2022/01/08 20:22:22 ET]
Table 'Aemilia VI' 9-max Seat #3 is the button
Seat 1: BBBB259 ($1.98 in chips) 
Seat 2: JulesCesar56 ($0.91 in chips) 
Seat 3: almaihotz ($4.14 in chips) 
Seat 4: the game33 ($1.58 in chips) 
Seat 6: ThePorqupine ($3.51 in chips) 
Seat 7: MrKokie ($0.48 in chips) 
Seat 8: frosa9397 ($5.05 in chips) 
Seat 9: Dorex2007 ($2 in chips) 
the game33: posts small blind $0.01
ThePorqupine: posts big blind $0.02
*** HOLE CARDS ***
Dealt to Dorex2007 [Td 8d]
MrKokie: calls $0.02
frosa9397: folds 
Dorex2007: folds 
BBBB259: folds 
DnTLS420 joins the table at seat #5 
JulesCesar56: folds 
almaihotz: raises $0.02 to $0.04
the game33: folds 
ThePorqupine: folds 
MrKokie: calls $0.02
*** FLOP *** [Tc 4s 3c]
MrKokie: checks 
almaihotz: checks 
*** TURN *** [Tc 4s 3c] [Jc]
MrKokie: checks 
almaihotz: checks 
*** RIVER *** [Tc 4s 3c Jc] [Js]
MrKokie: checks 
almaihotz: checks 
*** SHOW DOWN ***
MrKokie: shows [Ks 5h] (a pair of Jacks)
almaihotz: shows [Ac 9h] (a pair of Jacks - Ace kicker)
almaihotz collected $0.11 from pot
*** SUMMARY ***
Total pot $0.11 | Rake $0 
Board [Tc 4s 3c Jc Js]
Seat 1: BBBB259 folded before Flop (didn't bet)
Seat 2: JulesCesar56 folded before Flop (didn't bet)
Seat 3: almaihotz (button) showed [Ac 9h] and won ($0.11) with a pair of Jacks
Seat 4: the game33 (small blind) folded before Flop
Seat 6: ThePorqupine (big blind) folded before Flop
Seat 7: MrKokie showed [Ks 5h] and lost with a pair of Jacks
Seat 8: frosa9397 folded before Flop (didn't bet)
Seat 9: Dorex2007 folded before Flop (didn't bet)



PokerStars Hand #232954922819:  Hold'em No Limit ($0.01/$0.02 USD) - 2022/01/08 17:23:10 PT [2022/01/08 20:23:10 ET]
Table 'Aemilia VI' 9-max Seat #4 is the button
Seat 1: BBBB259 ($1.98 in chips) 
Seat 2: JulesCesar56 ($0.91 in chips) 
Seat 3: almaihotz ($4.21 in chips) 
Seat 4: the game33 ($1.57 in chips) 
Seat 6: ThePorqupine ($3.49 in chips) 
Seat 7: MrKokie ($0.44 in chips) 
Seat 8: frosa9397 ($5.05 in chips) 
Seat 9: Dorex2007 ($2 in chips) 
ThePorqupine: posts small blind $0.01
MrKokie: posts big blind $0.02
*** HOLE CARDS ***
Dealt to Dorex2007 [8d Qc]
frosa9397: folds 
Dorex2007: folds 
BBBB259: folds 
JulesCesar56: folds 
almaihotz: raises $0.02 to $0.04
the game33: folds 
ThePorqupine: calls $0.03
MrKokie: calls $0.02
*** FLOP *** [7h Kh Td]
ThePorqupine: bets $0.06
MrKokie: calls $0.06
almaihotz: folds 
*** TURN *** [7h Kh Td] [Jh]
ThePorqupine: bets $0.12
MrKokie: folds 
Uncalled bet ($0.12) returned to ThePorqupine
ThePorqupine collected $0.23 from pot
ThePorqupine: doesn't show hand 
*** SUMMARY ***
Total pot $0.24 | Rake $0.01 
Board [7h Kh Td Jh]
Seat 1: BBBB259 folded before Flop (didn't bet)
Seat 2: JulesCesar56 folded before Flop (didn't bet)
Seat 3: almaihotz folded on the Flop
Seat 4: the game33 (button) folded before Flop (didn't bet)
Seat 6: ThePorqupine (small blind) collected ($0.23)
Seat 7: MrKokie (big blind) folded on the Turn
Seat 8: frosa9397 folded before Flop (didn't bet)
Seat 9: Dorex2007 folded before Flop (didn't bet)



PokerStars Hand #232954942203:  Hold'em No Limit ($0.01/$0.02 USD) - 2022/01/08 17:24:04 PT [2022/01/08 20:24:04 ET]
Table 'Aemilia VI' 9-max Seat #6 is the button
Seat 1: BBBB259 ($1.98 in chips) 
Seat 2: JulesCesar56 ($0.91 in chips) 
Seat 3: almaihotz ($4.17 in chips) 
Seat 4: the game33 ($1.57 in chips) 
Seat 5: DnTLS420 ($1.60 in chips) 
Seat 6: ThePorqupine ($3.62 in chips) 
Seat 7: MrKokie ($0.34 in chips) 
Seat 8: frosa9397 ($5.05 in chips) 
Seat 9: Dorex2007 ($2 in chips) 
MrKokie: posts small blind $0.01
frosa9397: posts big blind $0.02
DnTLS420: posts big blind $0.02
*** HOLE CARDS ***
Dealt to Dorex2007 [Th Qc]
Dorex2007: folds 
BBBB259: folds 
JulesCesar56: calls $0.02
almaihotz: folds 
the game33: raises $0.04 to $0.06
DnTLS420: folds 
ThePorqupine: folds 
MrKokie: folds 
frosa9397: folds 
JulesCesar56: calls $0.04
*** FLOP *** [7c 6c 2c]
JulesCesar56: checks 
the game33: checks 
*** TURN *** [7c 6c 2c] [7s]
JulesCesar56: bets $0.08
the game33: calls $0.08
*** RIVER *** [7c 6c 2c 7s] [2h]
JulesCesar56: bets $0.16
the game33: calls $0.16
*** SHOW DOWN ***
JulesCesar56: shows [Tc Kc] (a flush, King high)
the game33: mucks hand 
JulesCesar56 collected $0.63 from pot
*** SUMMARY ***
Total pot $0.65 | Rake $0.02 
Board [7c 6c 2c 7s 2h]
Seat 1: BBBB259 folded before Flop (didn't bet)
Seat 2: JulesCesar56 showed [Tc Kc] and won ($0.63) with a flush, King high
Seat 3: almaihotz folded before Flop (didn't bet)
Seat 4: the game33 mucked [Ah As]
Seat 5: DnTLS420 folded before Flop (didn't bet)
Seat 6: ThePorqupine (button) folded before Flop (didn't bet)
Seat 7: MrKokie (small blind) folded before Flop
Seat 8: frosa9397 (big blind) folded before Flop
Seat 9: Dorex2007 folded before Flop (didn't bet)



PokerStars Hand #232954979341:  Hold'em No Limit ($0.01/$0.02 USD) - 2022/01/08 17:25:49 PT [2022/01/08 20:25:49 ET]
Table 'Aemilia VI' 9-max Seat #7 is the button
Seat 1: BBBB259 ($1.98 in chips) 
Seat 2: JulesCesar56 ($1.24 in chips) 
Seat 3: almaihotz ($4.17 in chips) 
Seat 4: the game33 ($1.27 in chips) 
Seat 5: DnTLS420 ($1.58 in chips) 
Seat 6: ThePorqupine ($3.62 in chips) 
Seat 7: MrKokie ($0.33 in chips) 
Seat 8: frosa9397 ($5.03 in chips) 
Seat 9: Dorex2007 ($2 in chips) 
frosa9397: posts small blind $0.01
Dorex2007: posts big blind $0.02
*** HOLE CARDS ***
Dealt to Dorex2007 [6c 3d]
BBBB259: folds 
JulesCesar56: folds 
almaihotz: folds 
the game33: folds 
DnTLS420: raises $0.02 to $0.04
ThePorqupine: folds 
ThePorqupine leaves the table
MrKokie: folds 
frosa9397: folds 
Dorex2007: folds 
Uncalled bet ($0.02) returned to DnTLS420
DnTLS420 collected $0.05 from pot
DnTLS420: doesn't show hand 
vette fanz06 joins the table at seat #6 
*** SUMMARY ***
Total pot $0.05 | Rake $0 
Seat 1: BBBB259 folded before Flop (didn't bet)
Seat 2: JulesCesar56 folded before Flop (didn't bet)
Seat 3: almaihotz folded before Flop (didn't bet)
Seat 4: the game33 folded before Flop (didn't bet)
Seat 5: DnTLS420 collected ($0.05)
Seat 6: ThePorqupine folded before Flop (didn't bet)
Seat 7: MrKokie (button) folded before Flop (didn't bet)
Seat 8: frosa9397 (small blind) folded before Flop
Seat 9: Dorex2007 (big blind) folded before Flop



