PokerStars Hand #238717248731:  Hold'em No Limit ($0.02/$0.05 USD) - 2022/09/18 15:40:27 PT [2022/09/18 18:40:27 ET]
Table 'Euphemia II' 9-max Seat #8 is the button
Seat 1: daiju0830 ($0.41 in chips) 
Seat 2: AssosManiki ($6.23 in chips) 
Seat 4: tanyaa1956 ($5.07 in chips) 
Seat 5: anewps ($1.78 in chips) 
Seat 6: Dorex2007 ($5 in chips) 
Seat 8: PirateN@81 ($3.88 in chips) 
Seat 9: Dt_Hyde1 ($8.80 in chips) 
Dt_Hyde1: posts small blind $0.02
daiju0830: posts big blind $0.05
Dorex2007: posts big blind $0.05
*** HOLE CARDS ***
Dealt to Dorex2007 [Ks Qh]
AssosManiki: raises $0.08 to $0.13
tanyaa1956: folds 
anewps: folds 
Dorex2007: calls $0.08
PirateN@81: calls $0.13
JPimp2323 joins the table at seat #3 
Dt_Hyde1: calls $0.11
daiju0830: calls $0.08
*** FLOP *** [7d 6d 3d]
Dt_Hyde1: checks 
daiju0830: checks 
AssosManiki: checks 
Dorex2007: checks 
PirateN@81: checks 
*** TURN *** [7d 6d 3d] [5c]
tanyaa1956 leaves the table
Dt_Hyde1: checks 
daiju0830: checks 
AssosManiki: checks 
Dorex2007: checks 
PirateN@81: checks 
*** RIVER *** [7d 6d 3d 5c] [9d]
ekinox07 joins the table at seat #4 
Dt_Hyde1: checks 
daiju0830: checks 
AssosManiki: checks 
Dorex2007: checks 
PirateN@81: bets $0.62
Dt_Hyde1: folds 
daiju0830: folds 
AssosManiki: folds 
Dorex2007: folds 
Uncalled bet ($0.62) returned to PirateN@81
PirateN@81 collected $0.61 from pot
PirateN@81: doesn't show hand 
*** SUMMARY ***
Total pot $0.65 | Rake $0.04 
Board [7d 6d 3d 5c 9d]
Seat 1: daiju0830 (big blind) folded on the River
Seat 2: AssosManiki folded on the River
Seat 4: tanyaa1956 folded before Flop (didn't bet)
Seat 5: anewps folded before Flop (didn't bet)
Seat 6: Dorex2007 folded on the River
Seat 8: PirateN@81 (button) collected ($0.61)
Seat 9: Dt_Hyde1 (small blind) folded on the River



PokerStars Hand #238717284582:  Hold'em No Limit ($0.02/$0.05 USD) - 2022/09/18 15:42:12 PT [2022/09/18 18:42:12 ET]
Table 'Euphemia II' 9-max Seat #9 is the button
Seat 1: daiju0830 ($0.28 in chips) 
Seat 2: AssosManiki ($6.10 in chips) 
Seat 5: anewps ($1.78 in chips) 
Seat 6: Dorex2007 ($5 in chips) 
Seat 8: PirateN@81 ($4.36 in chips) 
Seat 9: Dt_Hyde1 ($8.67 in chips) 
daiju0830: posts small blind $0.02
AssosManiki: posts big blind $0.05
JPimp2323: sits out 
ekinox07: sits out 
*** HOLE CARDS ***
Dealt to Dorex2007 [Qc As]
anewps: folds 
Dorex2007: raises $0.05 to $0.10
PirateN@81: folds 
Dt_Hyde1: folds 
daiju0830: folds 
AssosManiki: folds 
Uncalled bet ($0.05) returned to Dorex2007
Dorex2007 collected $0.12 from pot
Dorex2007: doesn't show hand 
*** SUMMARY ***
Total pot $0.12 | Rake $0 
Seat 1: daiju0830 (small blind) folded before Flop
Seat 2: AssosManiki (big blind) folded before Flop
Seat 5: anewps folded before Flop (didn't bet)
Seat 6: Dorex2007 collected ($0.12)
Seat 8: PirateN@81 folded before Flop (didn't bet)
Seat 9: Dt_Hyde1 (button) folded before Flop (didn't bet)



PokerStars Hand #238717290687:  Hold'em No Limit ($0.02/$0.05 USD) - 2022/09/18 15:42:30 PT [2022/09/18 18:42:30 ET]
Table 'Euphemia II' 9-max Seat #1 is the button
Seat 1: daiju0830 ($0.26 in chips) 
Seat 2: AssosManiki ($6.05 in chips) 
Seat 3: JPimp2323 ($5 in chips) 
Seat 5: anewps ($1.78 in chips) 
Seat 6: Dorex2007 ($5.07 in chips) 
Seat 8: PirateN@81 ($4.36 in chips) 
Seat 9: Dt_Hyde1 ($8.67 in chips) 
AssosManiki: posts small blind $0.02
JPimp2323: posts big blind $0.05
ekinox07: sits out 
*** HOLE CARDS ***
Dealt to Dorex2007 [6d 7c]
anewps: folds 
Dorex2007: folds 
PirateN@81: raises $0.05 to $0.10
Dt_Hyde1: raises $0.35 to $0.45
daiju0830: folds 
AssosManiki: folds 
JPimp2323: folds 
PirateN@81: folds 
Uncalled bet ($0.35) returned to Dt_Hyde1
Dt_Hyde1 collected $0.27 from pot
Dt_Hyde1: doesn't show hand 
*** SUMMARY ***
Total pot $0.27 | Rake $0 
Seat 1: daiju0830 (button) folded before Flop (didn't bet)
Seat 2: AssosManiki (small blind) folded before Flop
Seat 3: JPimp2323 (big blind) folded before Flop
Seat 5: anewps folded before Flop (didn't bet)
Seat 6: Dorex2007 folded before Flop (didn't bet)
Seat 8: PirateN@81 folded before Flop
Seat 9: Dt_Hyde1 collected ($0.27)



PokerStars Hand #238717303448:  Hold'em No Limit ($0.02/$0.05 USD) - 2022/09/18 15:43:08 PT [2022/09/18 18:43:08 ET]
Table 'Euphemia II' 9-max Seat #2 is the button
Seat 1: daiju0830 ($0.26 in chips) 
Seat 2: AssosManiki ($6.03 in chips) 
Seat 3: JPimp2323 ($5 in chips) 
Seat 4: ekinox07 ($5 in chips) 
Seat 5: anewps ($1.78 in chips) 
Seat 6: Dorex2007 ($5.07 in chips) 
Seat 8: PirateN@81 ($4.26 in chips) 
Seat 9: Dt_Hyde1 ($8.84 in chips) 
JPimp2323: posts small blind $0.02
ekinox07: posts big blind $0.05
*** HOLE CARDS ***
Dealt to Dorex2007 [5d 4d]
anewps: raises $0.10 to $0.15
Dorex2007: folds 
PirateN@81: folds 
Dt_Hyde1: folds 
daiju0830: folds 
AssosManiki: folds 
JPimp2323: folds 
ekinox07: folds 
Uncalled bet ($0.10) returned to anewps
anewps collected $0.12 from pot
*** SUMMARY ***
Total pot $0.12 | Rake $0 
Seat 1: daiju0830 folded before Flop (didn't bet)
Seat 2: AssosManiki (button) folded before Flop (didn't bet)
Seat 3: JPimp2323 (small blind) folded before Flop
Seat 4: ekinox07 (big blind) folded before Flop
Seat 5: anewps collected ($0.12)
Seat 6: Dorex2007 folded before Flop (didn't bet)
Seat 8: PirateN@81 folded before Flop (didn't bet)
Seat 9: Dt_Hyde1 folded before Flop (didn't bet)



PokerStars Hand #238717312523:  Hold'em No Limit ($0.02/$0.05 USD) - 2022/09/18 15:43:35 PT [2022/09/18 18:43:35 ET]
Table 'Euphemia II' 9-max Seat #3 is the button
Seat 1: daiju0830 ($0.26 in chips) 
Seat 2: AssosManiki ($6.03 in chips) 
Seat 3: JPimp2323 ($5 in chips) 
Seat 4: ekinox07 ($5 in chips) 
Seat 5: anewps ($1.85 in chips) 
Seat 6: Dorex2007 ($5.07 in chips) 
Seat 8: PirateN@81 ($4.26 in chips) 
Seat 9: Dt_Hyde1 ($8.84 in chips) 
ekinox07: posts small blind $0.02
anewps: posts big blind $0.05
*** HOLE CARDS ***
Dealt to Dorex2007 [As Ac]
Dorex2007: raises $0.05 to $0.10
PirateN@81: calls $0.10
Dt_Hyde1: folds 
daiju0830: folds 
AssosManiki: folds 
JPimp2323: folds 
ekinox07: folds 
anewps: calls $0.05
*** FLOP *** [5s Ah 4c]
anewps: checks 
Dorex2007: checks 
PirateN@81: bets $0.11
anewps: folds 
Dorex2007: raises $0.27 to $0.38
PirateN@81: folds 
Uncalled bet ($0.27) returned to Dorex2007
Dorex2007 collected $0.52 from pot
Dorex2007: doesn't show hand 
*** SUMMARY ***
Total pot $0.54 | Rake $0.02 
Board [5s Ah 4c]
Seat 1: daiju0830 folded before Flop (didn't bet)
Seat 2: AssosManiki folded before Flop (didn't bet)
Seat 3: JPimp2323 (button) folded before Flop (didn't bet)
Seat 4: ekinox07 (small blind) folded before Flop
Seat 5: anewps (big blind) folded on the Flop
Seat 6: Dorex2007 collected ($0.52)
Seat 8: PirateN@81 folded on the Flop
Seat 9: Dt_Hyde1 folded before Flop (didn't bet)



PokerStars Hand #238717329629:  Hold'em No Limit ($0.02/$0.05 USD) - 2022/09/18 15:44:26 PT [2022/09/18 18:44:26 ET]
Table 'Euphemia II' 9-max Seat #4 is the button
Seat 1: daiju0830 ($0.26 in chips) 
Seat 2: AssosManiki ($6.03 in chips) 
Seat 3: JPimp2323 ($5 in chips) 
Seat 4: ekinox07 ($5 in chips) 
Seat 5: anewps ($1.75 in chips) 
Seat 6: Dorex2007 ($5.38 in chips) 
Seat 8: PirateN@81 ($4.05 in chips) 
Seat 9: Dt_Hyde1 ($8.84 in chips) 
anewps: posts small blind $0.02
Dorex2007: posts big blind $0.05
*** HOLE CARDS ***
Dealt to Dorex2007 [7h 4d]
PirateN@81 has timed out
PirateN@81: folds 
Dt_Hyde1: folds 
daiju0830: folds 
AssosManiki: folds 
JPimp2323: folds 
ekinox07: folds 
anewps: folds 
Uncalled bet ($0.03) returned to Dorex2007
anewps leaves the table
Dorex2007 collected $0.04 from pot
Dorex2007: doesn't show hand 
*** SUMMARY ***
Total pot $0.04 | Rake $0 
Seat 1: daiju0830 folded before Flop (didn't bet)
Seat 2: AssosManiki folded before Flop (didn't bet)
Seat 3: JPimp2323 folded before Flop (didn't bet)
Seat 4: ekinox07 (button) folded before Flop (didn't bet)
Seat 5: anewps (small blind) folded before Flop
Seat 6: Dorex2007 (big blind) collected ($0.04)
Seat 8: PirateN@81 folded before Flop (didn't bet)
Seat 9: Dt_Hyde1 folded before Flop (didn't bet)



PokerStars Hand #238717336507:  Hold'em No Limit ($0.02/$0.05 USD) - 2022/09/18 15:44:47 PT [2022/09/18 18:44:47 ET]
Table 'Euphemia II' 9-max Seat #6 is the button
Seat 1: daiju0830 ($0.26 in chips) 
Seat 2: AssosManiki ($6.03 in chips) 
Seat 3: JPimp2323 ($5 in chips) 
Seat 4: ekinox07 ($5 in chips) 
Seat 6: Dorex2007 ($5.40 in chips) 
Seat 8: PirateN@81 ($4.05 in chips) 
Seat 9: Dt_Hyde1 ($8.84 in chips) 
PirateN@81: posts small blind $0.02
Dt_Hyde1: posts big blind $0.05
*** HOLE CARDS ***
Dealt to Dorex2007 [7c 4d]
daiju0830: folds 
AssosManiki: folds 
JPimp2323: folds 
ekinox07: raises $0.07 to $0.12
Dorex2007: folds 
PirateN@81: folds 
Dt_Hyde1: folds 
Uncalled bet ($0.07) returned to ekinox07
ekinox07 collected $0.12 from pot
ekinox07: doesn't show hand 
*** SUMMARY ***
Total pot $0.12 | Rake $0 
Seat 1: daiju0830 folded before Flop (didn't bet)
Seat 2: AssosManiki folded before Flop (didn't bet)
Seat 3: JPimp2323 folded before Flop (didn't bet)
Seat 4: ekinox07 collected ($0.12)
Seat 6: Dorex2007 (button) folded before Flop (didn't bet)
Seat 8: PirateN@81 (small blind) folded before Flop
Seat 9: Dt_Hyde1 (big blind) folded before Flop



PokerStars Hand #238717345642:  Hold'em No Limit ($0.02/$0.05 USD) - 2022/09/18 15:45:14 PT [2022/09/18 18:45:14 ET]
Table 'Euphemia II' 9-max Seat #8 is the button
Seat 1: daiju0830 ($0.26 in chips) 
Seat 2: AssosManiki ($6.03 in chips) 
Seat 3: JPimp2323 ($5 in chips) 
Seat 4: ekinox07 ($5.07 in chips) 
Seat 6: Dorex2007 ($5.40 in chips) 
Seat 8: PirateN@81 ($4.03 in chips) 
Seat 9: Dt_Hyde1 ($8.79 in chips) 
Dt_Hyde1: posts small blind $0.02
daiju0830: posts big blind $0.05
*** HOLE CARDS ***
Dealt to Dorex2007 [Kc Qs]
AssosManiki: raises $0.08 to $0.13
kubli94 joins the table at seat #5 
JPimp2323: folds 
ekinox07: folds 
Dorex2007: calls $0.13
PirateN@81: folds 
Dt_Hyde1: folds 
daiju0830: calls $0.08
*** FLOP *** [Td 2h Kd]
daiju0830: checks 
AssosManiki: bets $0.26
Dorex2007: calls $0.26
daiju0830: folds 
*** TURN *** [Td 2h Kd] [5h]
AssosManiki: bets $0.59
Dorex2007: calls $0.59
*** RIVER *** [Td 2h Kd 5h] [8d]
AssosManiki: checks 
Dorex2007: bets $1.01
AssosManiki: calls $1.01
*** SHOW DOWN ***
Dorex2007: shows [Kc Qs] (a pair of Kings)
AssosManiki: shows [Kh Qh] (a pair of Kings)
AssosManiki collected $1.98 from pot
Dorex2007 collected $1.98 from pot
*** SUMMARY ***
Total pot $4.13 | Rake $0.17 
Board [Td 2h Kd 5h 8d]
Seat 1: daiju0830 (big blind) folded on the Flop
Seat 2: AssosManiki showed [Kh Qh] and won ($1.98) with a pair of Kings
Seat 3: JPimp2323 folded before Flop (didn't bet)
Seat 4: ekinox07 folded before Flop (didn't bet)
Seat 6: Dorex2007 showed [Kc Qs] and won ($1.98) with a pair of Kings
Seat 8: PirateN@81 (button) folded before Flop (didn't bet)
Seat 9: Dt_Hyde1 (small blind) folded before Flop



PokerStars Hand #238717381451:  Hold'em No Limit ($0.02/$0.05 USD) - 2022/09/18 15:47:03 PT [2022/09/18 18:47:03 ET]
Table 'Euphemia II' 9-max Seat #9 is the button
Seat 1: daiju0830 ($0.13 in chips) 
Seat 2: AssosManiki ($6.02 in chips) 
Seat 3: JPimp2323 ($5 in chips) 
Seat 4: ekinox07 ($5.07 in chips) 
Seat 5: kubli94 ($5 in chips) 
Seat 6: Dorex2007 ($5.39 in chips) 
Seat 8: PirateN@81 ($4.03 in chips) 
Seat 9: Dt_Hyde1 ($8.77 in chips) 
daiju0830: posts small blind $0.02
AssosManiki: posts big blind $0.05
kubli94: posts big blind $0.05
*** HOLE CARDS ***
Dealt to Dorex2007 [8h 5c]
JPimp2323: folds 
ekinox07: folds 
kubli94: raises $0.10 to $0.15
Dorex2007: folds 
PirateN@81: folds 
Dt_Hyde1: raises $0.30 to $0.45
daiju0830: calls $0.11 and is all-in
AssosManiki: calls $0.40
kubli94: calls $0.30
*** FLOP *** [3h 5d 9d]
AssosManiki: checks 
kubli94: checks 
Dt_Hyde1: bets $1.14
AssosManiki: folds 
kubli94: folds 
Uncalled bet ($1.14) returned to Dt_Hyde1
*** TURN *** [3h 5d 9d] [2h]
*** RIVER *** [3h 5d 9d 2h] [5h]
*** SHOW DOWN ***
Dt_Hyde1: shows [Js Jc] (two pair, Jacks and Fives)
daiju0830: shows [3s 3c] (a full house, Threes full of Fives)
daiju0830 cashed out the hand for $0.46
Dt_Hyde1 cashed out the hand for $0.95 | Cash Out Fee $0.01
*** SUMMARY ***
Total pot $1.48 Main pot $0.50. Side pot $0.92. | Rake $0.06 
Board [3h 5d 9d 2h 5h]
Seat 1: daiju0830 (small blind) showed [3s 3c] and won ($0.50) with a full house, Threes full of Fives (pot not awarded as player cashed out)
Seat 2: AssosManiki (big blind) folded on the Flop
Seat 3: JPimp2323 folded before Flop (didn't bet)
Seat 4: ekinox07 folded before Flop (didn't bet)
Seat 5: kubli94 folded on the Flop
Seat 6: Dorex2007 folded before Flop (didn't bet)
Seat 8: PirateN@81 folded before Flop (didn't bet)
Seat 9: Dt_Hyde1 (button) showed [Js Jc] and won ($0.92) with two pair, Jacks and Fives (pot not awarded as player cashed out)



PokerStars Hand #238717402190:  Hold'em No Limit ($0.02/$0.05 USD) - 2022/09/18 15:48:07 PT [2022/09/18 18:48:07 ET]
Table 'Euphemia II' 9-max Seat #1 is the button
Seat 1: daiju0830 ($0.46 in chips) 
Seat 2: AssosManiki ($5.57 in chips) 
Seat 3: JPimp2323 ($5 in chips) 
Seat 4: ekinox07 ($5.07 in chips) 
Seat 5: kubli94 ($4.55 in chips) 
Seat 6: Dorex2007 ($5.39 in chips) 
Seat 8: PirateN@81 ($4.03 in chips) 
Seat 9: Dt_Hyde1 ($9.27 in chips) 
AssosManiki: posts small blind $0.02
JPimp2323: posts big blind $0.05
*** HOLE CARDS ***
Dealt to Dorex2007 [6h 3d]
ekinox07: folds 
kubli94: folds 
Dorex2007: folds 
PirateN@81: folds 
Dt_Hyde1: folds 
daiju0830: folds 
AssosManiki: folds 
Uncalled bet ($0.03) returned to JPimp2323
JPimp2323 collected $0.04 from pot
*** SUMMARY ***
Total pot $0.04 | Rake $0 
Seat 1: daiju0830 (button) folded before Flop (didn't bet)
Seat 2: AssosManiki (small blind) folded before Flop
Seat 3: JPimp2323 (big blind) collected ($0.04)
Seat 4: ekinox07 folded before Flop (didn't bet)
Seat 5: kubli94 folded before Flop (didn't bet)
Seat 6: Dorex2007 folded before Flop (didn't bet)
Seat 8: PirateN@81 folded before Flop (didn't bet)
Seat 9: Dt_Hyde1 folded before Flop (didn't bet)



PokerStars Hand #238717409819:  Hold'em No Limit ($0.02/$0.05 USD) - 2022/09/18 15:48:30 PT [2022/09/18 18:48:30 ET]
Table 'Euphemia II' 9-max Seat #2 is the button
Seat 1: daiju0830 ($0.46 in chips) 
Seat 2: AssosManiki ($5.55 in chips) 
Seat 3: JPimp2323 ($5.02 in chips) 
Seat 4: ekinox07 ($5.07 in chips) 
Seat 5: kubli94 ($4.55 in chips) 
Seat 6: Dorex2007 ($5.39 in chips) 
Seat 8: PirateN@81 ($4.03 in chips) 
Seat 9: Dt_Hyde1 ($9.27 in chips) 
JPimp2323: posts small blind $0.02
ekinox07: posts big blind $0.05
*** HOLE CARDS ***
Dealt to Dorex2007 [Qh Ah]
kubli94: folds 
Dorex2007: raises $0.10 to $0.15
PirateN@81: calls $0.15
Dt_Hyde1: raises $0.45 to $0.60
daiju0830: folds 
AssosManiki: folds 
Botz-777-777 leaves the table
JPimp2323: folds 
ekinox07: folds 
Dorex2007: folds 
PirateN@81: folds 
Uncalled bet ($0.45) returned to Dt_Hyde1
Dt_Hyde1 collected $0.52 from pot
Dt_Hyde1: doesn't show hand 
*** SUMMARY ***
Total pot $0.52 | Rake $0 
Seat 1: daiju0830 folded before Flop (didn't bet)
Seat 2: AssosManiki (button) folded before Flop (didn't bet)
Seat 3: JPimp2323 (small blind) folded before Flop
Seat 4: ekinox07 (big blind) folded before Flop
Seat 5: kubli94 folded before Flop (didn't bet)
Seat 6: Dorex2007 folded before Flop
Seat 8: PirateN@81 folded before Flop
Seat 9: Dt_Hyde1 collected ($0.52)



PokerStars Hand #238717425641:  Hold'em No Limit ($0.02/$0.05 USD) - 2022/09/18 15:49:19 PT [2022/09/18 18:49:19 ET]
Table 'Euphemia II' 9-max Seat #3 is the button
Seat 1: daiju0830 ($0.46 in chips) 
Seat 2: AssosManiki ($5.55 in chips) 
Seat 3: JPimp2323 ($5 in chips) 
Seat 4: ekinox07 ($5.02 in chips) 
Seat 5: kubli94 ($4.55 in chips) 
Seat 6: Dorex2007 ($5.24 in chips) 
Seat 8: PirateN@81 ($3.88 in chips) 
Seat 9: Dt_Hyde1 ($9.64 in chips) 
ekinox07: posts small blind $0.02
kubli94: posts big blind $0.05
*** HOLE CARDS ***
Dealt to Dorex2007 [2h As]
Dorex2007: folds 
PirateN@81: raises $0.07 to $0.12
Dt_Hyde1: folds 
daiju0830: calls $0.12
AssosManiki: folds 
JPimp2323: folds 
ekinox07: folds 
JS.AC.UK joins the table at seat #7 
kubli94: folds 
*** FLOP *** [Th 2d Kh]
PirateN@81: checks 
daiju0830: bets $0.15
PirateN@81: folds 
Uncalled bet ($0.15) returned to daiju0830
daiju0830 collected $0.30 from pot
*** SUMMARY ***
Total pot $0.31 | Rake $0.01 
Board [Th 2d Kh]
Seat 1: daiju0830 collected ($0.30)
Seat 2: AssosManiki folded before Flop (didn't bet)
Seat 3: JPimp2323 (button) folded before Flop (didn't bet)
Seat 4: ekinox07 (small blind) folded before Flop
Seat 5: kubli94 (big blind) folded before Flop
Seat 6: Dorex2007 folded before Flop (didn't bet)
Seat 8: PirateN@81 folded on the Flop
Seat 9: Dt_Hyde1 folded before Flop (didn't bet)



PokerStars Hand #238717440369:  Hold'em No Limit ($0.02/$0.05 USD) - 2022/09/18 15:50:06 PT [2022/09/18 18:50:06 ET]
Table 'Euphemia II' 9-max Seat #4 is the button
Seat 1: daiju0830 ($0.64 in chips) 
Seat 2: AssosManiki ($5.55 in chips) 
Seat 3: JPimp2323 ($5 in chips) 
Seat 4: ekinox07 ($5 in chips) 
Seat 5: kubli94 ($4.50 in chips) 
Seat 6: Dorex2007 ($5.24 in chips) 
Seat 8: PirateN@81 ($3.76 in chips) 
Seat 9: Dt_Hyde1 ($9.64 in chips) 
kubli94: posts small blind $0.02
Dorex2007: posts big blind $0.05
JS.AC.UK: sits out 
*** HOLE CARDS ***
Dealt to Dorex2007 [Kd 6h]
PirateN@81: folds 
Dt_Hyde1: folds 
daiju0830: calls $0.05
AssosManiki: folds 
JPimp2323: folds 
ekinox07: folds 
kubli94: raises $0.10 to $0.15
Dorex2007: folds 
daiju0830: raises $0.49 to $0.64 and is all-in
kubli94: calls $0.49
*** FLOP *** [As Ac 8h]
*** TURN *** [As Ac 8h] [Ah]
*** RIVER *** [As Ac 8h Ah] [6s]
*** SHOW DOWN ***
kubli94: shows [Qs Jc] (three of a kind, Aces)
daiju0830: shows [Kc Kh] (a full house, Aces full of Kings)
daiju0830 cashed out the hand for $1.08 | Cash Out Fee $0.01
kubli94 cashed out the hand for $0.18
*** SUMMARY ***
Total pot $1.33 | Rake $0.06 
Board [As Ac 8h Ah 6s]
Seat 1: daiju0830 showed [Kc Kh] and won ($1.27) with a full house, Aces full of Kings (pot not awarded as player cashed out)
Seat 2: AssosManiki folded before Flop (didn't bet)
Seat 3: JPimp2323 folded before Flop (didn't bet)
Seat 4: ekinox07 (button) folded before Flop (didn't bet)
Seat 5: kubli94 (small blind) showed [Qs Jc] and lost with three of a kind, Aces (cashed out).
Seat 6: Dorex2007 (big blind) folded before Flop
Seat 8: PirateN@81 folded before Flop (didn't bet)
Seat 9: Dt_Hyde1 folded before Flop (didn't bet)



PokerStars Hand #238717451435:  Hold'em No Limit ($0.02/$0.05 USD) - 2022/09/18 15:50:41 PT [2022/09/18 18:50:41 ET]
Table 'Euphemia II' 9-max Seat #5 is the button
Seat 1: daiju0830 ($1.08 in chips) 
Seat 2: AssosManiki ($5.55 in chips) 
Seat 3: JPimp2323 ($5 in chips) 
Seat 4: ekinox07 ($5 in chips) 
Seat 5: kubli94 ($4.04 in chips) 
Seat 6: Dorex2007 ($5.19 in chips) 
Seat 7: JS.AC.UK ($4 in chips) 
Seat 8: PirateN@81 ($3.76 in chips) 
Seat 9: Dt_Hyde1 ($9.64 in chips) 
Dorex2007: posts small blind $0.02
JS.AC.UK: posts big blind $0.05
*** HOLE CARDS ***
Dealt to Dorex2007 [5h 6s]
PirateN@81: folds 
Dt_Hyde1: folds 
daiju0830: raises $0.05 to $0.10
AssosManiki: folds 
JPimp2323: folds 
ekinox07: folds 
kubli94: folds 
Dorex2007: folds 
JS.AC.UK: folds 
Uncalled bet ($0.05) returned to daiju0830
daiju0830 collected $0.12 from pot
*** SUMMARY ***
Total pot $0.12 | Rake $0 
Seat 1: daiju0830 collected ($0.12)
Seat 2: AssosManiki folded before Flop (didn't bet)
Seat 3: JPimp2323 folded before Flop (didn't bet)
Seat 4: ekinox07 folded before Flop (didn't bet)
Seat 5: kubli94 (button) folded before Flop (didn't bet)
Seat 6: Dorex2007 (small blind) folded before Flop
Seat 7: JS.AC.UK (big blind) folded before Flop
Seat 8: PirateN@81 folded before Flop (didn't bet)
Seat 9: Dt_Hyde1 folded before Flop (didn't bet)



PokerStars Hand #238717458488:  Hold'em No Limit ($0.02/$0.05 USD) - 2022/09/18 15:51:03 PT [2022/09/18 18:51:03 ET]
Table 'Euphemia II' 9-max Seat #6 is the button
Seat 1: daiju0830 ($1.15 in chips) 
Seat 2: AssosManiki ($5.55 in chips) 
Seat 3: JPimp2323 ($5 in chips) 
Seat 4: ekinox07 ($5 in chips) 
Seat 5: kubli94 ($4.04 in chips) 
Seat 6: Dorex2007 ($5.17 in chips) 
Seat 7: JS.AC.UK ($3.95 in chips) 
Seat 8: PirateN@81 ($3.76 in chips) 
Seat 9: Dt_Hyde1 ($9.64 in chips) 
JS.AC.UK: posts small blind $0.02
PirateN@81: posts big blind $0.05
*** HOLE CARDS ***
Dealt to Dorex2007 [5s 3h]
Dt_Hyde1: folds 
daiju0830: folds 
AssosManiki: folds 
JPimp2323: folds 
ekinox07: folds 
kubli94: folds 
Dorex2007: folds 
JS.AC.UK: calls $0.03
PirateN@81: checks 
*** FLOP *** [3d Ac 4s]
JS.AC.UK: bets $0.05
PirateN@81: calls $0.05
*** TURN *** [3d Ac 4s] [Qs]
JS.AC.UK: bets $0.10
PirateN@81: calls $0.10
*** RIVER *** [3d Ac 4s Qs] [Js]
JS.AC.UK: bets $0.15
PirateN@81: raises $0.25 to $0.40
JS.AC.UK: calls $0.25
*** SHOW DOWN ***
PirateN@81: shows [5h 9s] (high card Ace)
JS.AC.UK: shows [6s 3s] (a flush, Queen high)
JS.AC.UK collected $1.15 from pot
*** SUMMARY ***
Total pot $1.20 | Rake $0.05 
Board [3d Ac 4s Qs Js]
Seat 1: daiju0830 folded before Flop (didn't bet)
Seat 2: AssosManiki folded before Flop (didn't bet)
Seat 3: JPimp2323 folded before Flop (didn't bet)
Seat 4: ekinox07 folded before Flop (didn't bet)
Seat 5: kubli94 folded before Flop (didn't bet)
Seat 6: Dorex2007 (button) folded before Flop (didn't bet)
Seat 7: JS.AC.UK (small blind) showed [6s 3s] and won ($1.15) with a flush, Queen high
Seat 8: PirateN@81 (big blind) showed [5h 9s] and lost with high card Ace
Seat 9: Dt_Hyde1 folded before Flop (didn't bet)



PokerStars Hand #238717493220:  Hold'em No Limit ($0.02/$0.05 USD) - 2022/09/18 15:52:54 PT [2022/09/18 18:52:54 ET]
Table 'Euphemia II' 9-max Seat #7 is the button
Seat 1: daiju0830 ($1.15 in chips) 
Seat 2: AssosManiki ($5.55 in chips) 
Seat 3: JPimp2323 ($5 in chips) 
Seat 4: ekinox07 ($5 in chips) 
Seat 5: kubli94 ($4.04 in chips) 
Seat 6: Dorex2007 ($5.17 in chips) 
Seat 7: JS.AC.UK ($4.50 in chips) 
Seat 8: PirateN@81 ($3.16 in chips) 
Seat 9: Dt_Hyde1 ($9.64 in chips) 
PirateN@81: posts small blind $0.02
Dt_Hyde1: posts big blind $0.05
*** HOLE CARDS ***
Dealt to Dorex2007 [7s 8d]
daiju0830: folds 
AssosManiki: folds 
JPimp2323: calls $0.05
ekinox07: folds 
kubli94: folds 
Dorex2007: folds 
JS.AC.UK: raises $0.05 to $0.10
PirateN@81: folds 
Dt_Hyde1: folds 
JPimp2323: calls $0.05
*** FLOP *** [Th Kh 2d]
JPimp2323: checks 
JS.AC.UK: bets $0.10
JPimp2323: calls $0.10
*** TURN *** [Th Kh 2d] [8h]
JPimp2323: bets $0.27
JS.AC.UK: folds 
Uncalled bet ($0.27) returned to JPimp2323
JPimp2323 collected $0.45 from pot
*** SUMMARY ***
Total pot $0.47 | Rake $0.02 
Board [Th Kh 2d 8h]
Seat 1: daiju0830 folded before Flop (didn't bet)
Seat 2: AssosManiki folded before Flop (didn't bet)
Seat 3: JPimp2323 collected ($0.45)
Seat 4: ekinox07 folded before Flop (didn't bet)
Seat 5: kubli94 folded before Flop (didn't bet)
Seat 6: Dorex2007 folded before Flop (didn't bet)
Seat 7: JS.AC.UK (button) folded on the Turn
Seat 8: PirateN@81 (small blind) folded before Flop
Seat 9: Dt_Hyde1 (big blind) folded before Flop



PokerStars Hand #238717520089:  Hold'em No Limit ($0.02/$0.05 USD) - 2022/09/18 15:54:19 PT [2022/09/18 18:54:19 ET]
Table 'Euphemia II' 9-max Seat #8 is the button
Seat 1: daiju0830 ($1.15 in chips) 
Seat 2: AssosManiki ($5.55 in chips) 
Seat 3: JPimp2323 ($5.25 in chips) 
Seat 4: ekinox07 ($5 in chips) 
Seat 5: kubli94 ($4.04 in chips) 
Seat 6: Dorex2007 ($5.17 in chips) 
Seat 7: JS.AC.UK ($4.30 in chips) 
Seat 8: PirateN@81 ($3.14 in chips) 
Seat 9: Dt_Hyde1 ($9.59 in chips) 
Dt_Hyde1: posts small blind $0.02
daiju0830: posts big blind $0.05
*** HOLE CARDS ***
Dealt to Dorex2007 [Ts Jh]
AssosManiki: raises $0.08 to $0.13
JPimp2323: folds 
ekinox07: folds 
kubli94: folds 
Dorex2007: folds 
JS.AC.UK: folds 
PirateN@81: folds 
Dt_Hyde1: folds 
daiju0830: folds 
Uncalled bet ($0.08) returned to AssosManiki
AssosManiki collected $0.12 from pot
AssosManiki: doesn't show hand 
*** SUMMARY ***
Total pot $0.12 | Rake $0 
Seat 1: daiju0830 (big blind) folded before Flop
Seat 2: AssosManiki collected ($0.12)
Seat 3: JPimp2323 folded before Flop (didn't bet)
Seat 4: ekinox07 folded before Flop (didn't bet)
Seat 5: kubli94 folded before Flop (didn't bet)
Seat 6: Dorex2007 folded before Flop (didn't bet)
Seat 7: JS.AC.UK folded before Flop (didn't bet)
Seat 8: PirateN@81 (button) folded before Flop (didn't bet)
Seat 9: Dt_Hyde1 (small blind) folded before Flop



PokerStars Hand #238717532961:  Hold'em No Limit ($0.02/$0.05 USD) - 2022/09/18 15:55:01 PT [2022/09/18 18:55:01 ET]
Table 'Euphemia II' 9-max Seat #9 is the button
Seat 1: daiju0830 ($1.10 in chips) 
Seat 2: AssosManiki ($5.62 in chips) 
Seat 3: JPimp2323 ($5.25 in chips) 
Seat 4: ekinox07 ($5 in chips) 
Seat 5: kubli94 ($4.04 in chips) 
Seat 6: Dorex2007 ($5.17 in chips) 
Seat 7: JS.AC.UK ($4.30 in chips) 
Seat 8: PirateN@81 ($3.14 in chips) 
Seat 9: Dt_Hyde1 ($9.57 in chips) 
daiju0830: posts small blind $0.02
AssosManiki: posts big blind $0.05
*** HOLE CARDS ***
Dealt to Dorex2007 [5s 8d]
JPimp2323: folds 
ekinox07: folds 
kubli94: folds 
Dorex2007: folds 
JS.AC.UK: folds 
PirateN@81: raises $0.06 to $0.11
Dt_Hyde1: calls $0.11
daiju0830: calls $0.09
AssosManiki: calls $0.06
*** FLOP *** [8c Kd 8h]
daiju0830: checks 
AssosManiki: checks 
PirateN@81: bets $0.16
Dt_Hyde1: folds 
daiju0830: folds 
AssosManiki: folds 
Uncalled bet ($0.16) returned to PirateN@81
PirateN@81 collected $0.42 from pot
PirateN@81: doesn't show hand 
*** SUMMARY ***
Total pot $0.44 | Rake $0.02 
Board [8c Kd 8h]
Seat 1: daiju0830 (small blind) folded on the Flop
Seat 2: AssosManiki (big blind) folded on the Flop
Seat 3: JPimp2323 folded before Flop (didn't bet)
Seat 4: ekinox07 folded before Flop (didn't bet)
Seat 5: kubli94 folded before Flop (didn't bet)
Seat 6: Dorex2007 folded before Flop (didn't bet)
Seat 7: JS.AC.UK folded before Flop (didn't bet)
Seat 8: PirateN@81 collected ($0.42)
Seat 9: Dt_Hyde1 (button) folded on the Flop



PokerStars Hand #238717544439:  Hold'em No Limit ($0.02/$0.05 USD) - 2022/09/18 15:55:53 PT [2022/09/18 18:55:53 ET]
Table 'Euphemia II' 9-max Seat #1 is the button
Seat 1: daiju0830 ($0.99 in chips) 
Seat 2: AssosManiki ($5.51 in chips) 
Seat 3: JPimp2323 ($5.25 in chips) 
Seat 4: ekinox07 ($5 in chips) 
Seat 5: kubli94 ($4.04 in chips) 
Seat 6: Dorex2007 ($5.17 in chips) 
Seat 7: JS.AC.UK ($4.30 in chips) 
Seat 8: PirateN@81 ($3.45 in chips) 
Seat 9: Dt_Hyde1 ($9.46 in chips) 
AssosManiki: posts small blind $0.02
JPimp2323: posts big blind $0.05
*** HOLE CARDS ***
Dealt to Dorex2007 [4d Th]
ekinox07: raises $0.07 to $0.12
kubli94: folds 
Dorex2007: folds 
JS.AC.UK: folds 
PirateN@81: folds 
Dt_Hyde1: folds 
daiju0830: folds 
AssosManiki: calls $0.10
JPimp2323: folds 
*** FLOP *** [6s 6d 3h]
AssosManiki: bets $0.12
ekinox07: folds 
Uncalled bet ($0.12) returned to AssosManiki
AssosManiki collected $0.28 from pot
AssosManiki: doesn't show hand 
*** SUMMARY ***
Total pot $0.29 | Rake $0.01 
Board [6s 6d 3h]
Seat 1: daiju0830 (button) folded before Flop (didn't bet)
Seat 2: AssosManiki (small blind) collected ($0.28)
Seat 3: JPimp2323 (big blind) folded before Flop
Seat 4: ekinox07 folded on the Flop
Seat 5: kubli94 folded before Flop (didn't bet)
Seat 6: Dorex2007 folded before Flop (didn't bet)
Seat 7: JS.AC.UK folded before Flop (didn't bet)
Seat 8: PirateN@81 folded before Flop (didn't bet)
Seat 9: Dt_Hyde1 folded before Flop (didn't bet)



PokerStars Hand #238717557767:  Hold'em No Limit ($0.02/$0.05 USD) - 2022/09/18 15:56:54 PT [2022/09/18 18:56:54 ET]
Table 'Euphemia II' 9-max Seat #2 is the button
Seat 1: daiju0830 ($0.99 in chips) 
Seat 2: AssosManiki ($5.67 in chips) 
Seat 3: JPimp2323 ($5.20 in chips) 
Seat 4: ekinox07 ($5 in chips) 
Seat 5: kubli94 ($4.04 in chips) 
Seat 6: Dorex2007 ($5.17 in chips) 
Seat 7: JS.AC.UK ($4.30 in chips) 
Seat 8: PirateN@81 ($3.45 in chips) 
Seat 9: Dt_Hyde1 ($9.46 in chips) 
JPimp2323: posts small blind $0.02
ekinox07: posts big blind $0.05
*** HOLE CARDS ***
Dealt to Dorex2007 [2s 3c]
kubli94: raises $0.10 to $0.15
Dorex2007: folds 
JS.AC.UK: calls $0.15
PirateN@81: calls $0.15
Dt_Hyde1: folds 
daiju0830: folds 
AssosManiki: folds 
JPimp2323: folds 
ekinox07: calls $0.10
*** FLOP *** [Qh 5h Ac]
ekinox07: checks 
kubli94: checks 
JS.AC.UK: bets $0.15
PirateN@81: folds 
ekinox07: calls $0.15
kubli94: folds 
*** TURN *** [Qh 5h Ac] [8c]
ekinox07: checks 
JS.AC.UK: checks 
*** RIVER *** [Qh 5h Ac 8c] [Qd]
ekinox07: checks 
JS.AC.UK: bets $0.20
ekinox07: calls $0.20
*** SHOW DOWN ***
JS.AC.UK: shows [3s 3h] (two pair, Queens and Threes)
ekinox07: shows [As Jd] (two pair, Aces and Queens)
ekinox07 collected $1.27 from pot
*** SUMMARY ***
Total pot $1.32 | Rake $0.05 
Board [Qh 5h Ac 8c Qd]
Seat 1: daiju0830 folded before Flop (didn't bet)
Seat 2: AssosManiki (button) folded before Flop (didn't bet)
Seat 3: JPimp2323 (small blind) folded before Flop
Seat 4: ekinox07 (big blind) showed [As Jd] and won ($1.27) with two pair, Aces and Queens
Seat 5: kubli94 folded on the Flop
Seat 6: Dorex2007 folded before Flop (didn't bet)
Seat 7: JS.AC.UK showed [3s 3h] and lost with two pair, Queens and Threes
Seat 8: PirateN@81 folded on the Flop
Seat 9: Dt_Hyde1 folded before Flop (didn't bet)



PokerStars Hand #238717576947:  Hold'em No Limit ($0.02/$0.05 USD) - 2022/09/18 15:58:20 PT [2022/09/18 18:58:20 ET]
Table 'Euphemia II' 9-max Seat #3 is the button
Seat 1: daiju0830 ($0.99 in chips) 
Seat 2: AssosManiki ($5.67 in chips) 
Seat 3: JPimp2323 ($5.18 in chips) 
Seat 4: ekinox07 ($5.77 in chips) 
Seat 5: kubli94 ($3.89 in chips) 
Seat 6: Dorex2007 ($5.17 in chips) 
Seat 7: JS.AC.UK ($3.80 in chips) 
Seat 8: PirateN@81 ($3.30 in chips) 
Seat 9: Dt_Hyde1 ($9.46 in chips) 
ekinox07: posts small blind $0.02
kubli94: posts big blind $0.05
*** HOLE CARDS ***
Dealt to Dorex2007 [2s 6c]
Dorex2007: folds 
JS.AC.UK: raises $0.05 to $0.10
PirateN@81: calls $0.10
Dt_Hyde1: folds 
daiju0830: folds 
AssosManiki: folds 
JPimp2323: folds 
ekinox07: folds 
kubli94: folds 
*** FLOP *** [9c As 5c]
JS.AC.UK: bets $0.08
PirateN@81: folds 
Uncalled bet ($0.08) returned to JS.AC.UK
JS.AC.UK collected $0.26 from pot
*** SUMMARY ***
Total pot $0.27 | Rake $0.01 
Board [9c As 5c]
Seat 1: daiju0830 folded before Flop (didn't bet)
Seat 2: AssosManiki folded before Flop (didn't bet)
Seat 3: JPimp2323 (button) folded before Flop (didn't bet)
Seat 4: ekinox07 (small blind) folded before Flop
Seat 5: kubli94 (big blind) folded before Flop
Seat 6: Dorex2007 folded before Flop (didn't bet)
Seat 7: JS.AC.UK collected ($0.26)
Seat 8: PirateN@81 folded on the Flop
Seat 9: Dt_Hyde1 folded before Flop (didn't bet)



PokerStars Hand #238717587542:  Hold'em No Limit ($0.02/$0.05 USD) - 2022/09/18 15:59:08 PT [2022/09/18 18:59:08 ET]
Table 'Euphemia II' 9-max Seat #4 is the button
Seat 1: daiju0830 ($0.99 in chips) 
Seat 2: AssosManiki ($5.67 in chips) 
Seat 3: JPimp2323 ($5.18 in chips) 
Seat 4: ekinox07 ($5.75 in chips) 
Seat 5: kubli94 ($3.84 in chips) 
Seat 6: Dorex2007 ($5.17 in chips) 
Seat 7: JS.AC.UK ($3.96 in chips) 
Seat 8: PirateN@81 ($3.20 in chips) 
Seat 9: Dt_Hyde1 ($9.46 in chips) 
kubli94: posts small blind $0.02
Dorex2007: posts big blind $0.05
*** HOLE CARDS ***
Dealt to Dorex2007 [4d 9c]
JS.AC.UK: folds 
PirateN@81: raises $0.05 to $0.10
Dt_Hyde1: folds 
daiju0830: folds 
AssosManiki: folds 
JPimp2323: folds 
ekinox07: folds 
kubli94: folds 
Dorex2007: folds 
Uncalled bet ($0.05) returned to PirateN@81
PirateN@81 collected $0.12 from pot
PirateN@81: doesn't show hand 
*** SUMMARY ***
Total pot $0.12 | Rake $0 
Seat 1: daiju0830 folded before Flop (didn't bet)
Seat 2: AssosManiki folded before Flop (didn't bet)
Seat 3: JPimp2323 folded before Flop (didn't bet)
Seat 4: ekinox07 (button) folded before Flop (didn't bet)
Seat 5: kubli94 (small blind) folded before Flop
Seat 6: Dorex2007 (big blind) folded before Flop
Seat 7: JS.AC.UK folded before Flop (didn't bet)
Seat 8: PirateN@81 collected ($0.12)
Seat 9: Dt_Hyde1 folded before Flop (didn't bet)



PokerStars Hand #238717593993:  Hold'em No Limit ($0.02/$0.05 USD) - 2022/09/18 15:59:37 PT [2022/09/18 18:59:37 ET]
Table 'Euphemia II' 9-max Seat #5 is the button
Seat 1: daiju0830 ($0.99 in chips) 
Seat 2: AssosManiki ($5.67 in chips) 
Seat 3: JPimp2323 ($5.18 in chips) 
Seat 4: ekinox07 ($5.75 in chips) 
Seat 5: kubli94 ($3.82 in chips) 
Seat 6: Dorex2007 ($5.12 in chips) 
Seat 7: JS.AC.UK ($3.96 in chips) 
Seat 8: PirateN@81 ($3.27 in chips) 
Seat 9: Dt_Hyde1 ($9.46 in chips) 
Dorex2007: posts small blind $0.02
JS.AC.UK: posts big blind $0.05
*** HOLE CARDS ***
Dealt to Dorex2007 [4d 4h]
PirateN@81: folds 
Dt_Hyde1: folds 
daiju0830: folds 
AssosManiki: folds 
JPimp2323: folds 
ekinox07: folds 
kubli94: folds 
Dorex2007: calls $0.03
JS.AC.UK: raises $0.05 to $0.10
Dorex2007: calls $0.05
*** FLOP *** [7s 6h Tc]
Dorex2007: checks 
JS.AC.UK: bets $0.05
Dorex2007: folds 
Uncalled bet ($0.05) returned to JS.AC.UK
JS.AC.UK collected $0.19 from pot
*** SUMMARY ***
Total pot $0.20 | Rake $0.01 
Board [7s 6h Tc]
Seat 1: daiju0830 folded before Flop (didn't bet)
Seat 2: AssosManiki folded before Flop (didn't bet)
Seat 3: JPimp2323 folded before Flop (didn't bet)
Seat 4: ekinox07 folded before Flop (didn't bet)
Seat 5: kubli94 (button) folded before Flop (didn't bet)
Seat 6: Dorex2007 (small blind) folded on the Flop
Seat 7: JS.AC.UK (big blind) collected ($0.19)
Seat 8: PirateN@81 folded before Flop (didn't bet)
Seat 9: Dt_Hyde1 folded before Flop (didn't bet)



PokerStars Hand #238717607367:  Hold'em No Limit ($0.02/$0.05 USD) - 2022/09/18 16:00:36 PT [2022/09/18 19:00:36 ET]
Table 'Euphemia II' 9-max Seat #6 is the button
Seat 1: daiju0830 ($0.99 in chips) 
Seat 2: AssosManiki ($5.67 in chips) 
Seat 3: JPimp2323 ($5.18 in chips) 
Seat 4: ekinox07 ($5.75 in chips) 
Seat 5: kubli94 ($3.82 in chips) 
Seat 6: Dorex2007 ($5.02 in chips) 
Seat 7: JS.AC.UK ($4.05 in chips) 
Seat 8: PirateN@81 ($3.27 in chips) 
Seat 9: Dt_Hyde1 ($9.46 in chips) 
JS.AC.UK: posts small blind $0.02
PirateN@81: posts big blind $0.05
*** HOLE CARDS ***
Dealt to Dorex2007 [5d 2s]
Dt_Hyde1: folds 
daiju0830: raises $0.05 to $0.10
AssosManiki: folds 
JPimp2323: folds 
ekinox07: folds 
kubli94: folds 
Dorex2007: folds 
JS.AC.UK: folds 
PirateN@81: calls $0.05
*** FLOP *** [Qs Jc 3c]
PirateN@81: checks 
daiju0830: bets $0.10
PirateN@81: folds 
Uncalled bet ($0.10) returned to daiju0830
daiju0830 collected $0.21 from pot
*** SUMMARY ***
Total pot $0.22 | Rake $0.01 
Board [Qs Jc 3c]
Seat 1: daiju0830 collected ($0.21)
Seat 2: AssosManiki folded before Flop (didn't bet)
Seat 3: JPimp2323 folded before Flop (didn't bet)
Seat 4: ekinox07 folded before Flop (didn't bet)
Seat 5: kubli94 folded before Flop (didn't bet)
Seat 6: Dorex2007 (button) folded before Flop (didn't bet)
Seat 7: JS.AC.UK (small blind) folded before Flop
Seat 8: PirateN@81 (big blind) folded on the Flop
Seat 9: Dt_Hyde1 folded before Flop (didn't bet)



PokerStars Hand #238717619955:  Hold'em No Limit ($0.02/$0.05 USD) - 2022/09/18 16:01:23 PT [2022/09/18 19:01:23 ET]
Table 'Euphemia II' 9-max Seat #7 is the button
Seat 1: daiju0830 ($1.10 in chips) 
Seat 2: AssosManiki ($5.67 in chips) 
Seat 3: JPimp2323 ($5.18 in chips) 
Seat 4: ekinox07 ($5.75 in chips) 
Seat 5: kubli94 ($3.82 in chips) 
Seat 6: Dorex2007 ($5.02 in chips) 
Seat 7: JS.AC.UK ($4.03 in chips) 
Seat 8: PirateN@81 ($3.17 in chips) 
Seat 9: Dt_Hyde1 ($9.46 in chips) 
PirateN@81: posts small blind $0.02
Dt_Hyde1: posts big blind $0.05
*** HOLE CARDS ***
Dealt to Dorex2007 [5s Ts]
daiju0830: folds 
AssosManiki: folds 
JPimp2323: folds 
ekinox07: folds 
kubli94: folds 
Dorex2007: folds 
JS.AC.UK: calls $0.05
PirateN@81: calls $0.03
Dt_Hyde1: checks 
*** FLOP *** [As Jd Kh]
PirateN@81: checks 
Dt_Hyde1: checks 
JS.AC.UK: bets $0.05
PirateN@81: calls $0.05
Dt_Hyde1: calls $0.05
*** TURN *** [As Jd Kh] [Th]
PirateN@81: checks 
Dt_Hyde1: checks 
JS.AC.UK: bets $0.10
PirateN@81: calls $0.10
Dt_Hyde1: folds 
*** RIVER *** [As Jd Kh Th] [Qs]
PirateN@81: checks 
JS.AC.UK: bets $0.28
PirateN@81: calls $0.28
*** SHOW DOWN ***
JS.AC.UK: shows [Js 9c] (a straight, Ten to Ace)
PirateN@81: shows [Qc 7d] (a straight, Ten to Ace)
PirateN@81 collected $0.51 from pot
JS.AC.UK collected $0.51 from pot
*** SUMMARY ***
Total pot $1.06 | Rake $0.04 
Board [As Jd Kh Th Qs]
Seat 1: daiju0830 folded before Flop (didn't bet)
Seat 2: AssosManiki folded before Flop (didn't bet)
Seat 3: JPimp2323 folded before Flop (didn't bet)
Seat 4: ekinox07 folded before Flop (didn't bet)
Seat 5: kubli94 folded before Flop (didn't bet)
Seat 6: Dorex2007 folded before Flop (didn't bet)
Seat 7: JS.AC.UK (button) showed [Js 9c] and won ($0.51) with a straight, Ten to Ace
Seat 8: PirateN@81 (small blind) showed [Qc 7d] and won ($0.51) with a straight, Ten to Ace
Seat 9: Dt_Hyde1 (big blind) folded on the Turn



PokerStars Hand #238717651756:  Hold'em No Limit ($0.02/$0.05 USD) - 2022/09/18 16:03:09 PT [2022/09/18 19:03:09 ET]
Table 'Euphemia II' 9-max Seat #8 is the button
Seat 1: daiju0830 ($1.10 in chips) 
Seat 2: AssosManiki ($5.67 in chips) 
Seat 3: JPimp2323 ($5.18 in chips) 
Seat 4: ekinox07 ($5.75 in chips) 
Seat 5: kubli94 ($3.82 in chips) 
Seat 6: Dorex2007 ($5.02 in chips) 
Seat 7: JS.AC.UK ($4.06 in chips) 
Seat 8: PirateN@81 ($3.20 in chips) 
Seat 9: Dt_Hyde1 ($9.36 in chips) 
Dt_Hyde1: posts small blind $0.02
daiju0830: posts big blind $0.05
*** HOLE CARDS ***
Dealt to Dorex2007 [8s 5s]
AssosManiki: folds 
JPimp2323: folds 
ekinox07: folds 
kubli94: folds 
Dorex2007: folds 
JS.AC.UK: raises $0.05 to $0.10
PirateN@81: raises $0.10 to $0.20
Dt_Hyde1: folds 
daiju0830: folds 
JS.AC.UK: calls $0.10
*** FLOP *** [5c 8c 6d]
JS.AC.UK: checks 
PirateN@81: bets $0.20
JS.AC.UK: folds 
Uncalled bet ($0.20) returned to PirateN@81
PirateN@81 collected $0.45 from pot
PirateN@81: doesn't show hand 
*** SUMMARY ***
Total pot $0.47 | Rake $0.02 
Board [5c 8c 6d]
Seat 1: daiju0830 (big blind) folded before Flop
Seat 2: AssosManiki folded before Flop (didn't bet)
Seat 3: JPimp2323 folded before Flop (didn't bet)
Seat 4: ekinox07 folded before Flop (didn't bet)
Seat 5: kubli94 folded before Flop (didn't bet)
Seat 6: Dorex2007 folded before Flop (didn't bet)
Seat 7: JS.AC.UK folded on the Flop
Seat 8: PirateN@81 (button) collected ($0.45)
Seat 9: Dt_Hyde1 (small blind) folded before Flop



PokerStars Hand #238717668291:  Hold'em No Limit ($0.02/$0.05 USD) - 2022/09/18 16:04:05 PT [2022/09/18 19:04:05 ET]
Table 'Euphemia II' 9-max Seat #9 is the button
Seat 1: daiju0830 ($1.05 in chips) 
Seat 2: AssosManiki ($5.67 in chips) 
Seat 3: JPimp2323 ($5.18 in chips) 
Seat 4: ekinox07 ($5.75 in chips) 
Seat 5: kubli94 ($3.82 in chips) 
Seat 6: Dorex2007 ($5.02 in chips) 
Seat 7: JS.AC.UK ($3.86 in chips) 
Seat 8: PirateN@81 ($3.45 in chips) 
Seat 9: Dt_Hyde1 ($9.34 in chips) 
daiju0830: posts small blind $0.02
AssosManiki: posts big blind $0.05
*** HOLE CARDS ***
Dealt to Dorex2007 [4c Kh]
JPimp2323: folds 
ekinox07: folds 
kubli94: folds 
Dorex2007: folds 
JS.AC.UK: folds 
PirateN@81: folds 
Dt_Hyde1: raises $0.15 to $0.20
daiju0830: folds 
AssosManiki: calls $0.15
*** FLOP *** [9c As 5d]
AssosManiki: checks 
Dt_Hyde1: bets $0.24
AssosManiki: calls $0.24
*** TURN *** [9c As 5d] [Qc]
AssosManiki: checks 
Dt_Hyde1: checks 
*** RIVER *** [9c As 5d Qc] [4d]
AssosManiki: bets $0.38
Dt_Hyde1: folds 
Uncalled bet ($0.38) returned to AssosManiki
AssosManiki collected $0.86 from pot
AssosManiki: doesn't show hand 
*** SUMMARY ***
Total pot $0.90 | Rake $0.04 
Board [9c As 5d Qc 4d]
Seat 1: daiju0830 (small blind) folded before Flop
Seat 2: AssosManiki (big blind) collected ($0.86)
Seat 3: JPimp2323 folded before Flop (didn't bet)
Seat 4: ekinox07 folded before Flop (didn't bet)
Seat 5: kubli94 folded before Flop (didn't bet)
Seat 6: Dorex2007 folded before Flop (didn't bet)
Seat 7: JS.AC.UK folded before Flop (didn't bet)
Seat 8: PirateN@81 folded before Flop (didn't bet)
Seat 9: Dt_Hyde1 (button) folded on the River



PokerStars Hand #238717688079:  Hold'em No Limit ($0.02/$0.05 USD) - 2022/09/18 16:05:11 PT [2022/09/18 19:05:11 ET]
Table 'Euphemia II' 9-max Seat #1 is the button
Seat 1: daiju0830 ($1.03 in chips) 
Seat 2: AssosManiki ($6.09 in chips) 
Seat 3: JPimp2323 ($5.18 in chips) 
Seat 4: ekinox07 ($5.75 in chips) 
Seat 5: kubli94 ($3.82 in chips) 
Seat 6: Dorex2007 ($5.02 in chips) 
Seat 7: JS.AC.UK ($3.86 in chips) 
Seat 8: PirateN@81 ($3.45 in chips) 
Seat 9: Dt_Hyde1 ($8.90 in chips) 
AssosManiki: posts small blind $0.02
JPimp2323: posts big blind $0.05
*** HOLE CARDS ***
Dealt to Dorex2007 [2d 7c]
ekinox07: folds 
kubli94: folds 
Dorex2007: folds 
JS.AC.UK: folds 
PirateN@81 has timed out
PirateN@81: folds 
Dt_Hyde1: folds 
daiju0830: raises $0.05 to $0.10
AssosManiki: calls $0.08
JPimp2323: folds 
*** FLOP *** [8c Ts 8d]
AssosManiki: checks 
daiju0830: bets $0.05
AssosManiki: calls $0.05
*** TURN *** [8c Ts 8d] [7h]
AssosManiki: checks 
daiju0830: checks 
*** RIVER *** [8c Ts 8d 7h] [Kd]
AssosManiki: checks 
daiju0830: checks 
*** SHOW DOWN ***
AssosManiki: shows [Js Qs] (a pair of Eights)
daiju0830: mucks hand 
AssosManiki collected $0.34 from pot
*** SUMMARY ***
Total pot $0.35 | Rake $0.01 
Board [8c Ts 8d 7h Kd]
Seat 1: daiju0830 (button) mucked [6h Jh]
Seat 2: AssosManiki (small blind) showed [Js Qs] and won ($0.34) with a pair of Eights
Seat 3: JPimp2323 (big blind) folded before Flop
Seat 4: ekinox07 folded before Flop (didn't bet)
Seat 5: kubli94 folded before Flop (didn't bet)
Seat 6: Dorex2007 folded before Flop (didn't bet)
Seat 7: JS.AC.UK folded before Flop (didn't bet)
Seat 8: PirateN@81 folded before Flop (didn't bet)
Seat 9: Dt_Hyde1 folded before Flop (didn't bet)



PokerStars Hand #238717705711:  Hold'em No Limit ($0.02/$0.05 USD) - 2022/09/18 16:06:10 PT [2022/09/18 19:06:10 ET]
Table 'Euphemia II' 9-max Seat #2 is the button
Seat 1: daiju0830 ($0.88 in chips) 
Seat 2: AssosManiki ($6.28 in chips) 
Seat 3: JPimp2323 ($5.13 in chips) 
Seat 4: ekinox07 ($5.75 in chips) 
Seat 5: kubli94 ($3.82 in chips) 
Seat 6: Dorex2007 ($5.02 in chips) 
Seat 7: JS.AC.UK ($3.86 in chips) 
Seat 8: PirateN@81 ($3.45 in chips) 
Seat 9: Dt_Hyde1 ($8.90 in chips) 
JPimp2323: posts small blind $0.02
ekinox07: posts big blind $0.05
*** HOLE CARDS ***
Dealt to Dorex2007 [3s 6s]
kubli94: folds 
Dorex2007: folds 
JS.AC.UK: folds 
PirateN@81: folds 
Dt_Hyde1: folds 
daiju0830: raises $0.05 to $0.10
AssosManiki: calls $0.10
JPimp2323: folds 
ekinox07: calls $0.05
*** FLOP *** [9d 6h 3c]
ekinox07: checks 
daiju0830: checks 
AssosManiki: bets $0.20
ekinox07: folds 
daiju0830: folds 
Uncalled bet ($0.20) returned to AssosManiki
AssosManiki collected $0.31 from pot
AssosManiki: doesn't show hand 
*** SUMMARY ***
Total pot $0.32 | Rake $0.01 
Board [9d 6h 3c]
Seat 1: daiju0830 folded on the Flop
Seat 2: AssosManiki (button) collected ($0.31)
Seat 3: JPimp2323 (small blind) folded before Flop
Seat 4: ekinox07 (big blind) folded on the Flop
Seat 5: kubli94 folded before Flop (didn't bet)
Seat 6: Dorex2007 folded before Flop (didn't bet)
Seat 7: JS.AC.UK folded before Flop (didn't bet)
Seat 8: PirateN@81 folded before Flop (didn't bet)
Seat 9: Dt_Hyde1 folded before Flop (didn't bet)



PokerStars Hand #238717717164:  Hold'em No Limit ($0.02/$0.05 USD) - 2022/09/18 16:06:49 PT [2022/09/18 19:06:49 ET]
Table 'Euphemia II' 9-max Seat #3 is the button
Seat 1: daiju0830 ($0.78 in chips) 
Seat 2: AssosManiki ($6.49 in chips) 
Seat 3: JPimp2323 ($5.11 in chips) 
Seat 4: ekinox07 ($5.65 in chips) 
Seat 5: kubli94 ($3.82 in chips) 
Seat 6: Dorex2007 ($5.02 in chips) 
Seat 7: JS.AC.UK ($3.86 in chips) 
Seat 8: PirateN@81 ($3.45 in chips) 
Seat 9: Dt_Hyde1 ($8.90 in chips) 
ekinox07: posts small blind $0.02
kubli94: posts big blind $0.05
*** HOLE CARDS ***
Dealt to Dorex2007 [Kc Ac]
Dorex2007: raises $0.05 to $0.10
JS.AC.UK: folds 
PirateN@81: calls $0.10
Dt_Hyde1: folds 
daiju0830: folds 
AssosManiki: folds 
JPimp2323: folds 
ekinox07: calls $0.08
kubli94: calls $0.05
*** FLOP *** [2h 8c Jc]
ekinox07: checks 
kubli94: checks 
Dorex2007: bets $0.19
PirateN@81: calls $0.19
ekinox07: folds 
kubli94: calls $0.19
*** TURN *** [2h 8c Jc] [Tc]
kubli94: checks 
Dorex2007: checks 
PirateN@81: bets $0.25
kubli94: calls $0.25
Dorex2007: calls $0.25
*** RIVER *** [2h 8c Jc Tc] [9s]
kubli94: checks 
Dorex2007: bets $0.82
PirateN@81: folds 
kubli94: calls $0.82
*** SHOW DOWN ***
Dorex2007: shows [Kc Ac] (a flush, Ace high)
kubli94: mucks hand 
Dorex2007 collected $3.22 from pot
*** SUMMARY ***
Total pot $3.36 | Rake $0.14 
Board [2h 8c Jc Tc 9s]
Seat 1: daiju0830 folded before Flop (didn't bet)
Seat 2: AssosManiki folded before Flop (didn't bet)
Seat 3: JPimp2323 (button) folded before Flop (didn't bet)
Seat 4: ekinox07 (small blind) folded on the Flop
Seat 5: kubli94 (big blind) mucked [9c 7d]
Seat 6: Dorex2007 showed [Kc Ac] and won ($3.22) with a flush, Ace high
Seat 7: JS.AC.UK folded before Flop (didn't bet)
Seat 8: PirateN@81 folded on the River
Seat 9: Dt_Hyde1 folded before Flop (didn't bet)



PokerStars Hand #238717744105:  Hold'em No Limit ($0.02/$0.05 USD) - 2022/09/18 16:08:20 PT [2022/09/18 19:08:20 ET]
Table 'Euphemia II' 9-max Seat #4 is the button
Seat 1: daiju0830 ($0.78 in chips) 
Seat 2: AssosManiki ($6.49 in chips) 
Seat 3: JPimp2323 ($5.11 in chips) 
Seat 4: ekinox07 ($5.55 in chips) 
Seat 5: kubli94 ($2.46 in chips) 
Seat 6: Dorex2007 ($6.88 in chips) 
Seat 7: JS.AC.UK ($3.86 in chips) 
Seat 8: PirateN@81 ($2.91 in chips) 
Seat 9: Dt_Hyde1 ($8.90 in chips) 
kubli94: posts small blind $0.02
Dorex2007: posts big blind $0.05
*** HOLE CARDS ***
Dealt to Dorex2007 [Tc Qd]
JS.AC.UK: folds 
PirateN@81: raises $0.05 to $0.10
Dt_Hyde1: folds 
daiju0830: folds 
AssosManiki: folds 
JPimp2323: folds 
ekinox07: folds 
kubli94: calls $0.08
Dorex2007: calls $0.05
*** FLOP *** [Ad Ks Kh]
kubli94: checks 
Dorex2007: checks 
PirateN@81: bets $0.10
kubli94: folds 
Dorex2007: folds 
Uncalled bet ($0.10) returned to PirateN@81
PirateN@81 collected $0.29 from pot
PirateN@81: doesn't show hand 
*** SUMMARY ***
Total pot $0.30 | Rake $0.01 
Board [Ad Ks Kh]
Seat 1: daiju0830 folded before Flop (didn't bet)
Seat 2: AssosManiki folded before Flop (didn't bet)
Seat 3: JPimp2323 folded before Flop (didn't bet)
Seat 4: ekinox07 (button) folded before Flop (didn't bet)
Seat 5: kubli94 (small blind) folded on the Flop
Seat 6: Dorex2007 (big blind) folded on the Flop
Seat 7: JS.AC.UK folded before Flop (didn't bet)
Seat 8: PirateN@81 collected ($0.29)
Seat 9: Dt_Hyde1 folded before Flop (didn't bet)



PokerStars Hand #238717754081:  Hold'em No Limit ($0.02/$0.05 USD) - 2022/09/18 16:08:54 PT [2022/09/18 19:08:54 ET]
Table 'Euphemia II' 9-max Seat #5 is the button
Seat 1: daiju0830 ($0.78 in chips) 
Seat 2: AssosManiki ($6.49 in chips) 
Seat 3: JPimp2323 ($5.11 in chips) 
Seat 4: ekinox07 ($5.55 in chips) 
Seat 5: kubli94 ($2.36 in chips) 
Seat 6: Dorex2007 ($6.78 in chips) 
Seat 7: JS.AC.UK ($3.86 in chips) 
Seat 8: PirateN@81 ($3.10 in chips) 
Seat 9: Dt_Hyde1 ($8.90 in chips) 
Dorex2007: posts small blind $0.02
JS.AC.UK: posts big blind $0.05
*** HOLE CARDS ***
Dealt to Dorex2007 [Qh Tc]
PirateN@81: calls $0.05
Dt_Hyde1: folds 
daiju0830: folds 
AssosManiki: folds 
JPimp2323: folds 
ekinox07: folds 
kubli94: raises $0.10 to $0.15
Dorex2007: folds 
JS.AC.UK: calls $0.10
PirateN@81: calls $0.10
*** FLOP *** [8s Ts 7s]
JS.AC.UK: checks 
PirateN@81: checks 
kubli94: bets $0.15
JS.AC.UK: folds 
PirateN@81: calls $0.15
*** TURN *** [8s Ts 7s] [2s]
PirateN@81: checks 
kubli94: bets $0.49
PirateN@81: calls $0.49
*** RIVER *** [8s Ts 7s 2s] [3h]
PirateN@81: checks 
kubli94: checks 
*** SHOW DOWN ***
PirateN@81: shows [9d Js] (a flush, Jack high)
kubli94: mucks hand 
PirateN@81 collected $1.66 from pot
*** SUMMARY ***
Total pot $1.75 | Rake $0.09 
Board [8s Ts 7s 2s 3h]
Seat 1: daiju0830 folded before Flop (didn't bet)
Seat 2: AssosManiki folded before Flop (didn't bet)
Seat 3: JPimp2323 folded before Flop (didn't bet)
Seat 4: ekinox07 folded before Flop (didn't bet)
Seat 5: kubli94 (button) mucked [Jd Ah]
Seat 6: Dorex2007 (small blind) folded before Flop
Seat 7: JS.AC.UK (big blind) folded on the Flop
Seat 8: PirateN@81 showed [9d Js] and won ($1.66) with a flush, Jack high
Seat 9: Dt_Hyde1 folded before Flop (didn't bet)



PokerStars Hand #238717788681:  Hold'em No Limit ($0.02/$0.05 USD) - 2022/09/18 16:10:53 PT [2022/09/18 19:10:53 ET]
Table 'Euphemia II' 9-max Seat #6 is the button
Seat 1: daiju0830 ($0.78 in chips) 
Seat 2: AssosManiki ($6.49 in chips) 
Seat 3: JPimp2323 ($5.11 in chips) 
Seat 4: ekinox07 ($5.55 in chips) 
Seat 5: kubli94 ($1.57 in chips) 
Seat 6: Dorex2007 ($6.76 in chips) 
Seat 7: JS.AC.UK ($3.71 in chips) 
Seat 9: Dt_Hyde1 ($8.90 in chips) 
JS.AC.UK: posts small blind $0.02
PirateN@81: is sitting out 
Dt_Hyde1: posts big blind $0.05
*** HOLE CARDS ***
Dealt to Dorex2007 [Th Ad]
daiju0830: folds 
PirateN@81 leaves the table
AssosManiki: folds 
JPimp2323: folds 
ekinox07: raises $0.07 to $0.12
kubli94: folds 
Dorex2007: folds 
JS.AC.UK: calls $0.10
JuanDiego7 joins the table at seat #8 
Dt_Hyde1: folds 
*** FLOP *** [Ts Qc Jh]
kubli94 leaves the table
JS.AC.UK: bets $0.15
ekinox07: calls $0.15
*** TURN *** [Ts Qc Jh] [5s]
JS.AC.UK: bets $0.10
ekinox07: calls $0.10
*** RIVER *** [Ts Qc Jh 5s] [8d]
JS.AC.UK: bets $0.33
ekinox07: calls $0.33
*** SHOW DOWN ***
JS.AC.UK: shows [Ks 8h] (a pair of Eights)
ekinox07: shows [Qh As] (a pair of Queens)
ekinox07 collected $1.39 from pot
*** SUMMARY ***
Total pot $1.45 | Rake $0.06 
Board [Ts Qc Jh 5s 8d]
Seat 1: daiju0830 folded before Flop (didn't bet)
Seat 2: AssosManiki folded before Flop (didn't bet)
Seat 3: JPimp2323 folded before Flop (didn't bet)
Seat 4: ekinox07 showed [Qh As] and won ($1.39) with a pair of Queens
Seat 5: kubli94 folded before Flop (didn't bet)
Seat 6: Dorex2007 (button) folded before Flop (didn't bet)
Seat 7: JS.AC.UK (small blind) showed [Ks 8h] and lost with a pair of Eights
Seat 9: Dt_Hyde1 (big blind) folded before Flop



PokerStars Hand #238717808075:  Hold'em No Limit ($0.02/$0.05 USD) - 2022/09/18 16:12:01 PT [2022/09/18 19:12:01 ET]
Table 'Euphemia II' 9-max Seat #7 is the button
Seat 1: daiju0830 ($0.78 in chips) 
Seat 2: AssosManiki ($6.49 in chips) 
Seat 3: JPimp2323 ($5.11 in chips) 
Seat 4: ekinox07 ($6.24 in chips) 
Seat 6: Dorex2007 ($6.76 in chips) 
Seat 7: JS.AC.UK ($3.01 in chips) 
Seat 9: Dt_Hyde1 ($8.85 in chips) 
Dt_Hyde1: posts small blind $0.02
daiju0830: posts big blind $0.05
*** HOLE CARDS ***
Dealt to Dorex2007 [3c Js]
AssosManiki: folds 
JPimp2323: folds 
ekinox07: folds 
Dorex2007: folds 
JS.AC.UK: calls $0.05
Dt_Hyde1: folds 
daiju0830: checks 
*** FLOP *** [4d Ts 3d]
daiju0830: checks 
JS.AC.UK: bets $0.05
daiju0830: calls $0.05
*** TURN *** [4d Ts 3d] [5h]
daiju0830: checks 
JS.AC.UK: bets $0.10
daiju0830: folds 
Uncalled bet ($0.10) returned to JS.AC.UK
JS.AC.UK collected $0.21 from pot
*** SUMMARY ***
Total pot $0.22 | Rake $0.01 
Board [4d Ts 3d 5h]
Seat 1: daiju0830 (big blind) folded on the Turn
Seat 2: AssosManiki folded before Flop (didn't bet)
Seat 3: JPimp2323 folded before Flop (didn't bet)
Seat 4: ekinox07 folded before Flop (didn't bet)
Seat 6: Dorex2007 folded before Flop (didn't bet)
Seat 7: JS.AC.UK (button) collected ($0.21)
Seat 9: Dt_Hyde1 (small blind) folded before Flop



PokerStars Hand #238717820592:  Hold'em No Limit ($0.02/$0.05 USD) - 2022/09/18 16:12:45 PT [2022/09/18 19:12:45 ET]
Table 'Euphemia II' 9-max Seat #9 is the button
Seat 1: daiju0830 ($0.68 in chips) 
Seat 2: AssosManiki ($6.49 in chips) 
Seat 3: JPimp2323 ($5.11 in chips) 
Seat 4: ekinox07 ($6.24 in chips) 
Seat 6: Dorex2007 ($6.76 in chips) 
Seat 7: JS.AC.UK ($3.12 in chips) 
Seat 9: Dt_Hyde1 ($8.83 in chips) 
daiju0830: posts small blind $0.02
AssosManiki: posts big blind $0.05
JuanDiego7: sits out 
*** HOLE CARDS ***
Dealt to Dorex2007 [8h Qs]
JPimp2323: folds 
ekinox07: folds 
Dorex2007: folds 
JS.AC.UK: calls $0.05
Dt_Hyde1: folds 
daiju0830: folds 
AssosManiki: checks 
*** FLOP *** [As 7s 6c]
AssosManiki: checks 
JS.AC.UK: bets $0.05
AssosManiki: folds 
Uncalled bet ($0.05) returned to JS.AC.UK
JS.AC.UK collected $0.12 from pot
*** SUMMARY ***
Total pot $0.12 | Rake $0 
Board [As 7s 6c]
Seat 1: daiju0830 (small blind) folded before Flop
Seat 2: AssosManiki (big blind) folded on the Flop
Seat 3: JPimp2323 folded before Flop (didn't bet)
Seat 4: ekinox07 folded before Flop (didn't bet)
Seat 6: Dorex2007 folded before Flop (didn't bet)
Seat 7: JS.AC.UK collected ($0.12)
Seat 9: Dt_Hyde1 (button) folded before Flop (didn't bet)



PokerStars Hand #238717829617:  Hold'em No Limit ($0.02/$0.05 USD) - 2022/09/18 16:13:16 PT [2022/09/18 19:13:16 ET]
Table 'Euphemia II' 9-max Seat #1 is the button
Seat 1: daiju0830 ($0.66 in chips) 
Seat 2: AssosManiki ($6.44 in chips) 
Seat 3: JPimp2323 ($5.11 in chips) 
Seat 4: ekinox07 ($6.24 in chips) 
Seat 6: Dorex2007 ($6.76 in chips) 
Seat 7: JS.AC.UK ($3.19 in chips) 
Seat 9: Dt_Hyde1 ($8.83 in chips) 
AssosManiki: posts small blind $0.02
JPimp2323: posts big blind $0.05
JuanDiego7: sits out 
*** HOLE CARDS ***
Dealt to Dorex2007 [8s 2c]
ekinox07: folds 
Benn0 77 joins the table at seat #5 
Dorex2007: folds 
JS.AC.UK: raises $0.05 to $0.10
Dt_Hyde1: folds 
daiju0830: folds 
AssosManiki: raises $0.34 to $0.44
JPimp2323: folds 
JS.AC.UK: calls $0.34
*** FLOP *** [8d 3c 3s]
AssosManiki: bets $0.39
JS.AC.UK: folds 
Uncalled bet ($0.39) returned to AssosManiki
AssosManiki collected $0.89 from pot
AssosManiki: doesn't show hand 
*** SUMMARY ***
Total pot $0.93 | Rake $0.04 
Board [8d 3c 3s]
Seat 1: daiju0830 (button) folded before Flop (didn't bet)
Seat 2: AssosManiki (small blind) collected ($0.89)
Seat 3: JPimp2323 (big blind) folded before Flop
Seat 4: ekinox07 folded before Flop (didn't bet)
Seat 6: Dorex2007 folded before Flop (didn't bet)
Seat 7: JS.AC.UK folded on the Flop
Seat 9: Dt_Hyde1 folded before Flop (didn't bet)



PokerStars Hand #238717847114:  Hold'em No Limit ($0.02/$0.05 USD) - 2022/09/18 16:14:16 PT [2022/09/18 19:14:16 ET]
Table 'Euphemia II' 9-max Seat #2 is the button
Seat 1: daiju0830 ($0.66 in chips) 
Seat 2: AssosManiki ($6.89 in chips) 
Seat 3: JPimp2323 ($5.06 in chips) 
Seat 4: ekinox07 ($6.24 in chips) 
Seat 6: Dorex2007 ($6.76 in chips) 
Seat 7: JS.AC.UK ($2.75 in chips) 
Seat 8: JuanDiego7 ($5 in chips) 
Seat 9: Dt_Hyde1 ($8.83 in chips) 
JPimp2323: posts small blind $0.02
ekinox07: posts big blind $0.05
Benn0 77: sits out 
JuanDiego7: posts big blind $0.05
*** HOLE CARDS ***
Dealt to Dorex2007 [Qs Th]
Dorex2007: folds 
JS.AC.UK: folds 
JuanDiego7: raises $0.12 to $0.17
Dt_Hyde1: folds 
daiju0830: folds 
AssosManiki: folds 
JPimp2323: folds 
ekinox07: folds 
Uncalled bet ($0.12) returned to JuanDiego7
JuanDiego7 collected $0.12 from pot
JuanDiego7: doesn't show hand 
*** SUMMARY ***
Total pot $0.12 | Rake $0 
Seat 1: daiju0830 folded before Flop (didn't bet)
Seat 2: AssosManiki (button) folded before Flop (didn't bet)
Seat 3: JPimp2323 (small blind) folded before Flop
Seat 4: ekinox07 (big blind) folded before Flop
Seat 6: Dorex2007 folded before Flop (didn't bet)
Seat 7: JS.AC.UK folded before Flop (didn't bet)
Seat 8: JuanDiego7 collected ($0.12)
Seat 9: Dt_Hyde1 folded before Flop (didn't bet)



PokerStars Hand #238717852995:  Hold'em No Limit ($0.02/$0.05 USD) - 2022/09/18 16:14:37 PT [2022/09/18 19:14:37 ET]
Table 'Euphemia II' 9-max Seat #3 is the button
Seat 1: daiju0830 ($0.66 in chips) 
Seat 2: AssosManiki ($6.89 in chips) 
Seat 3: JPimp2323 ($5.04 in chips) 
Seat 4: ekinox07 ($6.19 in chips) 
Seat 5: Benn0 77 ($5 in chips) 
Seat 6: Dorex2007 ($6.76 in chips) 
Seat 7: JS.AC.UK ($2.75 in chips) 
Seat 8: JuanDiego7 ($5.07 in chips) 
Seat 9: Dt_Hyde1 ($8.83 in chips) 
ekinox07: posts small blind $0.02
Benn0 77: posts big blind $0.05
*** HOLE CARDS ***
Dealt to Dorex2007 [9d 4d]
Dorex2007: folds 
JS.AC.UK: folds 
JuanDiego7: folds 
Dt_Hyde1: folds 
daiju0830: folds 
AssosManiki: folds 
JPimp2323: raises $0.10 to $0.15
ekinox07: folds 
Benn0 77: calls $0.10
*** FLOP *** [Js 7d Kc]
Benn0 77: bets $0.15
JPimp2323: folds 
Uncalled bet ($0.15) returned to Benn0 77
Benn0 77 collected $0.31 from pot
*** SUMMARY ***
Total pot $0.32 | Rake $0.01 
Board [Js 7d Kc]
Seat 1: daiju0830 folded before Flop (didn't bet)
Seat 2: AssosManiki folded before Flop (didn't bet)
Seat 3: JPimp2323 (button) folded on the Flop
Seat 4: ekinox07 (small blind) folded before Flop
Seat 5: Benn0 77 (big blind) collected ($0.31)
Seat 6: Dorex2007 folded before Flop (didn't bet)
Seat 7: JS.AC.UK folded before Flop (didn't bet)
Seat 8: JuanDiego7 folded before Flop (didn't bet)
Seat 9: Dt_Hyde1 folded before Flop (didn't bet)



PokerStars Hand #238717861731:  Hold'em No Limit ($0.02/$0.05 USD) - 2022/09/18 16:15:08 PT [2022/09/18 19:15:08 ET]
Table 'Euphemia II' 9-max Seat #4 is the button
Seat 1: daiju0830 ($0.66 in chips) 
Seat 2: AssosManiki ($6.89 in chips) 
Seat 3: JPimp2323 ($5 in chips) 
Seat 4: ekinox07 ($6.17 in chips) 
Seat 5: Benn0 77 ($5.16 in chips) 
Seat 6: Dorex2007 ($6.76 in chips) 
Seat 7: JS.AC.UK ($2.75 in chips) 
Seat 8: JuanDiego7 ($5.07 in chips) 
Seat 9: Dt_Hyde1 ($8.83 in chips) 
Benn0 77: posts small blind $0.02
Dorex2007: posts big blind $0.05
*** HOLE CARDS ***
Dealt to Dorex2007 [2d 9h]
JS.AC.UK: folds 
JuanDiego7: folds 
Dt_Hyde1: folds 
daiju0830: raises $0.05 to $0.10
AssosManiki: folds 
JPimp2323: raises $0.19 to $0.29
ekinox07: folds 
Benn0 77: folds 
Dorex2007: folds 
daiju0830: folds 
Uncalled bet ($0.19) returned to JPimp2323
JPimp2323 collected $0.27 from pot
*** SUMMARY ***
Total pot $0.27 | Rake $0 
Seat 1: daiju0830 folded before Flop
Seat 2: AssosManiki folded before Flop (didn't bet)
Seat 3: JPimp2323 collected ($0.27)
Seat 4: ekinox07 (button) folded before Flop (didn't bet)
Seat 5: Benn0 77 (small blind) folded before Flop
Seat 6: Dorex2007 (big blind) folded before Flop
Seat 7: JS.AC.UK folded before Flop (didn't bet)
Seat 8: JuanDiego7 folded before Flop (didn't bet)
Seat 9: Dt_Hyde1 folded before Flop (didn't bet)



PokerStars Hand #238717870026:  Hold'em No Limit ($0.02/$0.05 USD) - 2022/09/18 16:15:37 PT [2022/09/18 19:15:37 ET]
Table 'Euphemia II' 9-max Seat #5 is the button
Seat 1: daiju0830 ($0.56 in chips) 
Seat 2: AssosManiki ($6.89 in chips) 
Seat 3: JPimp2323 ($5.17 in chips) 
Seat 4: ekinox07 ($6.17 in chips) 
Seat 5: Benn0 77 ($5.14 in chips) 
Seat 6: Dorex2007 ($6.71 in chips) 
Seat 7: JS.AC.UK ($2.75 in chips) 
Seat 8: JuanDiego7 ($5.07 in chips) 
Seat 9: Dt_Hyde1 ($8.83 in chips) 
Dorex2007: posts small blind $0.02
JS.AC.UK: posts big blind $0.05
*** HOLE CARDS ***
Dealt to Dorex2007 [Js Qh]
JuanDiego7: folds 
Dt_Hyde1: folds 
daiju0830: folds 
AssosManiki: folds 
JPimp2323: folds 
ekinox07: folds 
Benn0 77: raises $0.10 to $0.15
Dorex2007: calls $0.13
JS.AC.UK: calls $0.10
*** FLOP *** [7h Qc 6d]
Dorex2007: bets $0.29
JS.AC.UK: folds 
Benn0 77: calls $0.29
*** TURN *** [7h Qc 6d] [5c]
Dorex2007: bets $0.49
Benn0 77: calls $0.49
*** RIVER *** [7h Qc 6d 5c] [Jh]
Dorex2007: bets $0.96
Benn0 77: folds 
Uncalled bet ($0.96) returned to Dorex2007
Dorex2007 collected $1.93 from pot
Dorex2007: doesn't show hand 
*** SUMMARY ***
Total pot $2.01 | Rake $0.08 
Board [7h Qc 6d 5c Jh]
Seat 1: daiju0830 folded before Flop (didn't bet)
Seat 2: AssosManiki folded before Flop (didn't bet)
Seat 3: JPimp2323 folded before Flop (didn't bet)
Seat 4: ekinox07 folded before Flop (didn't bet)
Seat 5: Benn0 77 (button) folded on the River
Seat 6: Dorex2007 (small blind) collected ($1.93)
Seat 7: JS.AC.UK (big blind) folded on the Flop
Seat 8: JuanDiego7 folded before Flop (didn't bet)
Seat 9: Dt_Hyde1 folded before Flop (didn't bet)



PokerStars Hand #238717887808:  Hold'em No Limit ($0.02/$0.05 USD) - 2022/09/18 16:16:41 PT [2022/09/18 19:16:41 ET]
Table 'Euphemia II' 9-max Seat #6 is the button
Seat 1: daiju0830 ($0.56 in chips) 
Seat 2: AssosManiki ($6.89 in chips) 
Seat 3: JPimp2323 ($5.17 in chips) 
Seat 4: ekinox07 ($6.17 in chips) 
Seat 5: Benn0 77 ($4.21 in chips) 
Seat 6: Dorex2007 ($7.71 in chips) 
Seat 7: JS.AC.UK ($2.60 in chips) 
Seat 8: JuanDiego7 ($5.07 in chips) 
Seat 9: Dt_Hyde1 ($8.83 in chips) 
JS.AC.UK: posts small blind $0.02
JuanDiego7: posts big blind $0.05
*** HOLE CARDS ***
Dealt to Dorex2007 [2c Ks]
Dt_Hyde1: folds 
daiju0830: raises $0.05 to $0.10
AssosManiki: folds 
JPimp2323: folds 
ekinox07: folds 
Benn0 77 has timed out
Benn0 77: folds 
Dorex2007: folds 
JS.AC.UK: calls $0.08
JuanDiego7: calls $0.05
*** FLOP *** [Ah 4d 5s]
JS.AC.UK: checks 
JuanDiego7: bets $0.14
daiju0830: folds 
JS.AC.UK: folds 
Uncalled bet ($0.14) returned to JuanDiego7
JuanDiego7 collected $0.29 from pot
JuanDiego7: doesn't show hand 
*** SUMMARY ***
Total pot $0.30 | Rake $0.01 
Board [Ah 4d 5s]
Seat 1: daiju0830 folded on the Flop
Seat 2: AssosManiki folded before Flop (didn't bet)
Seat 3: JPimp2323 folded before Flop (didn't bet)
Seat 4: ekinox07 folded before Flop (didn't bet)
Seat 5: Benn0 77 folded before Flop (didn't bet)
Seat 6: Dorex2007 (button) folded before Flop (didn't bet)
Seat 7: JS.AC.UK (small blind) folded on the Flop
Seat 8: JuanDiego7 (big blind) collected ($0.29)
Seat 9: Dt_Hyde1 folded before Flop (didn't bet)



PokerStars Hand #238717902771:  Hold'em No Limit ($0.02/$0.05 USD) - 2022/09/18 16:17:34 PT [2022/09/18 19:17:34 ET]
Table 'Euphemia II' 9-max Seat #7 is the button
Seat 1: daiju0830 ($0.46 in chips) 
Seat 2: AssosManiki ($6.89 in chips) 
Seat 3: JPimp2323 ($5.17 in chips) 
Seat 4: ekinox07 ($6.17 in chips) 
Seat 5: Benn0 77 ($4.21 in chips) 
Seat 6: Dorex2007 ($7.71 in chips) 
Seat 7: JS.AC.UK ($2.50 in chips) 
Seat 8: JuanDiego7 ($5.26 in chips) 
Seat 9: Dt_Hyde1 ($8.83 in chips) 
JuanDiego7: posts small blind $0.02
Dt_Hyde1: posts big blind $0.05
*** HOLE CARDS ***
Dealt to Dorex2007 [4h Jd]
daiju0830: folds 
AssosManiki: folds 
JPimp2323: folds 
ekinox07: folds 
Benn0 77: folds 
Dorex2007: folds 
JS.AC.UK: folds 
JuanDiego7: folds 
Uncalled bet ($0.03) returned to Dt_Hyde1
Dt_Hyde1 collected $0.04 from pot
Dt_Hyde1: doesn't show hand 
*** SUMMARY ***
Total pot $0.04 | Rake $0 
Seat 1: daiju0830 folded before Flop (didn't bet)
Seat 2: AssosManiki folded before Flop (didn't bet)
Seat 3: JPimp2323 folded before Flop (didn't bet)
Seat 4: ekinox07 folded before Flop (didn't bet)
Seat 5: Benn0 77 folded before Flop (didn't bet)
Seat 6: Dorex2007 folded before Flop (didn't bet)
Seat 7: JS.AC.UK (button) folded before Flop (didn't bet)
Seat 8: JuanDiego7 (small blind) folded before Flop
Seat 9: Dt_Hyde1 (big blind) collected ($0.04)



PokerStars Hand #238717907768:  Hold'em No Limit ($0.02/$0.05 USD) - 2022/09/18 16:17:52 PT [2022/09/18 19:17:52 ET]
Table 'Euphemia II' 9-max Seat #8 is the button
Seat 1: daiju0830 ($0.46 in chips) 
Seat 2: AssosManiki ($6.89 in chips) 
Seat 3: JPimp2323 ($5.17 in chips) 
Seat 4: ekinox07 ($6.17 in chips) 
Seat 5: Benn0 77 ($4.21 in chips) 
Seat 6: Dorex2007 ($7.71 in chips) 
Seat 7: JS.AC.UK ($2.50 in chips) 
Seat 8: JuanDiego7 ($5.24 in chips) 
Seat 9: Dt_Hyde1 ($8.85 in chips) 
Dt_Hyde1: posts small blind $0.02
daiju0830: posts big blind $0.05
*** HOLE CARDS ***
Dealt to Dorex2007 [9s 5s]
AssosManiki: folds 
JPimp2323: calls $0.05
ekinox07: folds 
Benn0 77: folds 
Dorex2007: folds 
JS.AC.UK: raises $0.05 to $0.10
JuanDiego7: folds 
Dt_Hyde1: folds 
daiju0830: calls $0.05
JPimp2323: calls $0.05
*** FLOP *** [Qh Th 6s]
daiju0830: checks 
JPimp2323: checks 
JS.AC.UK: bets $0.15
daiju0830: folds 
JPimp2323: folds 
Uncalled bet ($0.15) returned to JS.AC.UK
JS.AC.UK collected $0.31 from pot
*** SUMMARY ***
Total pot $0.32 | Rake $0.01 
Board [Qh Th 6s]
Seat 1: daiju0830 (big blind) folded on the Flop
Seat 2: AssosManiki folded before Flop (didn't bet)
Seat 3: JPimp2323 folded on the Flop
Seat 4: ekinox07 folded before Flop (didn't bet)
Seat 5: Benn0 77 folded before Flop (didn't bet)
Seat 6: Dorex2007 folded before Flop (didn't bet)
Seat 7: JS.AC.UK collected ($0.31)
Seat 8: JuanDiego7 (button) folded before Flop (didn't bet)
Seat 9: Dt_Hyde1 (small blind) folded before Flop



PokerStars Hand #238717931081:  Hold'em No Limit ($0.02/$0.05 USD) - 2022/09/18 16:19:16 PT [2022/09/18 19:19:16 ET]
Table 'Euphemia II' 9-max Seat #9 is the button
Seat 1: daiju0830 ($0.36 in chips) 
Seat 2: AssosManiki ($6.89 in chips) 
Seat 3: JPimp2323 ($5.07 in chips) 
Seat 4: ekinox07 ($6.17 in chips) 
Seat 5: Benn0 77 ($4.21 in chips) 
Seat 6: Dorex2007 ($7.71 in chips) 
Seat 7: JS.AC.UK ($2.71 in chips) 
Seat 8: JuanDiego7 ($5.24 in chips) 
Seat 9: Dt_Hyde1 ($8.83 in chips) 
daiju0830: posts small blind $0.02
AssosManiki: posts big blind $0.05
*** HOLE CARDS ***
Dealt to Dorex2007 [7c 8c]
JPimp2323: folds 
ekinox07: folds 
JPimp2323 leaves the table
Benn0 77: folds 
Dorex2007: folds 
JS.AC.UK: calls $0.05
JuanDiego7: folds 
Dt_Hyde1: folds 
daiju0830: raises $0.05 to $0.10
AssosManiki: calls $0.05
JS.AC.UK: calls $0.05
*** FLOP *** [8d 6h As]
dovdon joins the table at seat #3 
daiju0830: bets $0.05
AssosManiki: folds 
JS.AC.UK: calls $0.05
*** TURN *** [8d 6h As] [5c]
daiju0830: bets $0.10
JS.AC.UK: folds 
Uncalled bet ($0.10) returned to daiju0830
daiju0830 collected $0.38 from pot
*** SUMMARY ***
Total pot $0.40 | Rake $0.02 
Board [8d 6h As 5c]
Seat 1: daiju0830 (small blind) collected ($0.38)
Seat 2: AssosManiki (big blind) folded on the Flop
Seat 3: JPimp2323 folded before Flop (didn't bet)
Seat 4: ekinox07 folded before Flop (didn't bet)
Seat 5: Benn0 77 folded before Flop (didn't bet)
Seat 6: Dorex2007 folded before Flop (didn't bet)
Seat 7: JS.AC.UK folded on the Turn
Seat 8: JuanDiego7 folded before Flop (didn't bet)
Seat 9: Dt_Hyde1 (button) folded before Flop (didn't bet)



PokerStars Hand #238717943338:  Hold'em No Limit ($0.02/$0.05 USD) - 2022/09/18 16:20:00 PT [2022/09/18 19:20:00 ET]
Table 'Euphemia II' 9-max Seat #1 is the button
Seat 1: daiju0830 ($0.59 in chips) 
Seat 2: AssosManiki ($6.79 in chips) 
Seat 3: dovdon ($4 in chips) 
Seat 4: ekinox07 ($6.17 in chips) 
Seat 5: Benn0 77 ($4.21 in chips) 
Seat 6: Dorex2007 ($7.71 in chips) 
Seat 7: JS.AC.UK ($2.56 in chips) 
Seat 8: JuanDiego7 ($5.24 in chips) 
Seat 9: Dt_Hyde1 ($8.83 in chips) 
AssosManiki: posts small blind $0.02
dovdon: posts big blind $0.05
*** HOLE CARDS ***
Dealt to Dorex2007 [8d 7d]
ekinox07: folds 
Benn0 77: raises $0.20 to $0.25
Dorex2007: folds 
JS.AC.UK: folds 
JuanDiego7: folds 
Dt_Hyde1: folds 
daiju0830: folds 
AssosManiki: folds 
dovdon: calls $0.20
*** FLOP *** [4d 9s Ks]
dovdon: checks 
Benn0 77: checks 
*** TURN *** [4d 9s Ks] [Jc]
dovdon: bets $0.25
Benn0 77: calls $0.25
*** RIVER *** [4d 9s Ks Jc] [Qs]
dovdon: checks 
Benn0 77: bets $0.30
dovdon: calls $0.30
*** SHOW DOWN ***
Benn0 77: shows [As Qh] (a pair of Queens)
dovdon: mucks hand 
Benn0 77 collected $1.55 from pot
*** SUMMARY ***
Total pot $1.62 | Rake $0.07 
Board [4d 9s Ks Jc Qs]
Seat 1: daiju0830 (button) folded before Flop (didn't bet)
Seat 2: AssosManiki (small blind) folded before Flop
Seat 3: dovdon (big blind) mucked [Jh 7s]
Seat 4: ekinox07 folded before Flop (didn't bet)
Seat 5: Benn0 77 showed [As Qh] and won ($1.55) with a pair of Queens
Seat 6: Dorex2007 folded before Flop (didn't bet)
Seat 7: JS.AC.UK folded before Flop (didn't bet)
Seat 8: JuanDiego7 folded before Flop (didn't bet)
Seat 9: Dt_Hyde1 folded before Flop (didn't bet)



PokerStars Hand #238717958552:  Hold'em No Limit ($0.02/$0.05 USD) - 2022/09/18 16:20:55 PT [2022/09/18 19:20:55 ET]
Table 'Euphemia II' 9-max Seat #2 is the button
Seat 1: daiju0830 ($0.59 in chips) 
Seat 2: AssosManiki ($6.77 in chips) 
Seat 3: dovdon ($3.20 in chips) 
Seat 4: ekinox07 ($6.17 in chips) 
Seat 5: Benn0 77 ($4.96 in chips) 
Seat 6: Dorex2007 ($7.71 in chips) 
Seat 7: JS.AC.UK ($2.56 in chips) 
Seat 8: JuanDiego7 ($5.24 in chips) 
Seat 9: Dt_Hyde1 ($8.83 in chips) 
dovdon: posts small blind $0.02
ekinox07: posts big blind $0.05
*** HOLE CARDS ***
Dealt to Dorex2007 [Kd 4s]
Benn0 77: folds 
Dorex2007: folds 
JS.AC.UK: calls $0.05
JuanDiego7: folds 
Dt_Hyde1: folds 
daiju0830: folds 
AssosManiki: calls $0.05
dovdon: folds 
ekinox07: checks 
*** FLOP *** [Qh 9c 3d]
ekinox07: checks 
JS.AC.UK: bets $0.05
AssosManiki: calls $0.05
ekinox07: calls $0.05
*** TURN *** [Qh 9c 3d] [Ac]
ekinox07: checks 
JS.AC.UK: bets $0.10
AssosManiki: folds 
ekinox07: calls $0.10
*** RIVER *** [Qh 9c 3d Ac] [6s]
ekinox07: checks 
JS.AC.UK: checks 
*** SHOW DOWN ***
ekinox07: shows [Ah 2h] (a pair of Aces)
JS.AC.UK: mucks hand 
ekinox07 collected $0.50 from pot
*** SUMMARY ***
Total pot $0.52 | Rake $0.02 
Board [Qh 9c 3d Ac 6s]
Seat 1: daiju0830 folded before Flop (didn't bet)
Seat 2: AssosManiki (button) folded on the Turn
Seat 3: dovdon (small blind) folded before Flop
Seat 4: ekinox07 (big blind) showed [Ah 2h] and won ($0.50) with a pair of Aces
Seat 5: Benn0 77 folded before Flop (didn't bet)
Seat 6: Dorex2007 folded before Flop (didn't bet)
Seat 7: JS.AC.UK mucked [Th Qc]
Seat 8: JuanDiego7 folded before Flop (didn't bet)
Seat 9: Dt_Hyde1 folded before Flop (didn't bet)



PokerStars Hand #238717975697:  Hold'em No Limit ($0.02/$0.05 USD) - 2022/09/18 16:21:58 PT [2022/09/18 19:21:58 ET]
Table 'Euphemia II' 9-max Seat #3 is the button
Seat 1: daiju0830 ($0.59 in chips) 
Seat 2: AssosManiki ($6.67 in chips) 
Seat 3: dovdon ($3.18 in chips) 
Seat 4: ekinox07 ($6.47 in chips) 
Seat 5: Benn0 77 ($4.96 in chips) 
Seat 6: Dorex2007 ($7.71 in chips) 
Seat 7: JS.AC.UK ($2.36 in chips) 
Seat 8: JuanDiego7 ($5.24 in chips) 
Seat 9: Dt_Hyde1 ($8.83 in chips) 
ekinox07: posts small blind $0.02
Benn0 77: posts big blind $0.05
*** HOLE CARDS ***
Dealt to Dorex2007 [As 9d]
Dorex2007: folds 
JS.AC.UK: folds 
JuanDiego7: raises $0.10 to $0.15
Dt_Hyde1: folds 
daiju0830: folds 
AssosManiki: folds 
dovdon: folds 
ekinox07: folds 
Benn0 77: raises $0.15 to $0.30
JuanDiego7: folds 
Uncalled bet ($0.15) returned to Benn0 77
Benn0 77 collected $0.32 from pot
*** SUMMARY ***
Total pot $0.32 | Rake $0 
Seat 1: daiju0830 folded before Flop (didn't bet)
Seat 2: AssosManiki folded before Flop (didn't bet)
Seat 3: dovdon (button) folded before Flop (didn't bet)
Seat 4: ekinox07 (small blind) folded before Flop
Seat 5: Benn0 77 (big blind) collected ($0.32)
Seat 6: Dorex2007 folded before Flop (didn't bet)
Seat 7: JS.AC.UK folded before Flop (didn't bet)
Seat 8: JuanDiego7 folded before Flop
Seat 9: Dt_Hyde1 folded before Flop (didn't bet)



PokerStars Hand #238717984789:  Hold'em No Limit ($0.02/$0.05 USD) - 2022/09/18 16:22:30 PT [2022/09/18 19:22:30 ET]
Table 'Euphemia II' 9-max Seat #4 is the button
Seat 1: daiju0830 ($0.59 in chips) 
Seat 2: AssosManiki ($6.67 in chips) 
Seat 3: dovdon ($3.18 in chips) 
Seat 4: ekinox07 ($6.45 in chips) 
Seat 5: Benn0 77 ($5.13 in chips) 
Seat 6: Dorex2007 ($7.71 in chips) 
Seat 7: JS.AC.UK ($2.36 in chips) 
Seat 8: JuanDiego7 ($5.09 in chips) 
Seat 9: Dt_Hyde1 ($8.83 in chips) 
Benn0 77: posts small blind $0.02
Dorex2007: posts big blind $0.05
*** HOLE CARDS ***
Dealt to Dorex2007 [Jc 6d]
JS.AC.UK: folds 
JuanDiego7: folds 
Dt_Hyde1: folds 
daiju0830: raises $0.05 to $0.10
AssosManiki: folds 
dovdon: folds 
ekinox07: folds 
Benn0 77: calls $0.08
Dorex2007: folds 
*** FLOP *** [9s As 8s]
Benn0 77: checks 
daiju0830: bets $0.10
Benn0 77: calls $0.10
*** TURN *** [9s As 8s] [3s]
Benn0 77: checks 
daiju0830: checks 
*** RIVER *** [9s As 8s 3s] [Jd]
Benn0 77: bets $0.55
daiju0830: folds 
Uncalled bet ($0.55) returned to Benn0 77
Benn0 77 collected $0.43 from pot
*** SUMMARY ***
Total pot $0.45 | Rake $0.02 
Board [9s As 8s 3s Jd]
Seat 1: daiju0830 folded on the River
Seat 2: AssosManiki folded before Flop (didn't bet)
Seat 3: dovdon folded before Flop (didn't bet)
Seat 4: ekinox07 (button) folded before Flop (didn't bet)
Seat 5: Benn0 77 (small blind) collected ($0.43)
Seat 6: Dorex2007 (big blind) folded before Flop
Seat 7: JS.AC.UK folded before Flop (didn't bet)
Seat 8: JuanDiego7 folded before Flop (didn't bet)
Seat 9: Dt_Hyde1 folded before Flop (didn't bet)



PokerStars Hand #238717994833:  Hold'em No Limit ($0.02/$0.05 USD) - 2022/09/18 16:23:07 PT [2022/09/18 19:23:07 ET]
Table 'Euphemia II' 9-max Seat #5 is the button
Seat 1: daiju0830 ($0.39 in chips) 
Seat 2: AssosManiki ($6.67 in chips) 
Seat 3: dovdon ($3.18 in chips) 
Seat 4: ekinox07 ($6.45 in chips) 
Seat 5: Benn0 77 ($5.36 in chips) 
Seat 6: Dorex2007 ($7.66 in chips) 
Seat 7: JS.AC.UK ($2.36 in chips) 
Seat 8: JuanDiego7 ($5.09 in chips) 
Seat 9: Dt_Hyde1 ($8.83 in chips) 
Dorex2007: posts small blind $0.02
JS.AC.UK: posts big blind $0.05
*** HOLE CARDS ***
Dealt to Dorex2007 [9s Qc]
JuanDiego7: folds 
Dt_Hyde1: folds 
daiju0830: folds 
AssosManiki: folds 
dovdon: calls $0.05
ekinox07: folds 
Benn0 77: folds 
Dorex2007: folds 
JS.AC.UK: checks 
*** FLOP *** [9d As Kh]
JS.AC.UK: checks 
dovdon: bets $0.12
JS.AC.UK: folds 
Uncalled bet ($0.12) returned to dovdon
dovdon collected $0.12 from pot
dovdon: doesn't show hand 
*** SUMMARY ***
Total pot $0.12 | Rake $0 
Board [9d As Kh]
Seat 1: daiju0830 folded before Flop (didn't bet)
Seat 2: AssosManiki folded before Flop (didn't bet)
Seat 3: dovdon collected ($0.12)
Seat 4: ekinox07 folded before Flop (didn't bet)
Seat 5: Benn0 77 (button) folded before Flop (didn't bet)
Seat 6: Dorex2007 (small blind) folded before Flop
Seat 7: JS.AC.UK (big blind) folded on the Flop
Seat 8: JuanDiego7 folded before Flop (didn't bet)
Seat 9: Dt_Hyde1 folded before Flop (didn't bet)



PokerStars Hand #238718003387:  Hold'em No Limit ($0.02/$0.05 USD) - 2022/09/18 16:23:38 PT [2022/09/18 19:23:38 ET]
Table 'Euphemia II' 9-max Seat #6 is the button
Seat 1: daiju0830 ($0.39 in chips) 
Seat 2: AssosManiki ($6.67 in chips) 
Seat 3: dovdon ($3.25 in chips) 
Seat 4: ekinox07 ($6.45 in chips) 
Seat 5: Benn0 77 ($5.36 in chips) 
Seat 6: Dorex2007 ($7.64 in chips) 
Seat 7: JS.AC.UK ($2.31 in chips) 
Seat 8: JuanDiego7 ($5.09 in chips) 
Seat 9: Dt_Hyde1 ($8.83 in chips) 
JS.AC.UK: posts small blind $0.02
JuanDiego7: posts big blind $0.05
*** HOLE CARDS ***
Dealt to Dorex2007 [9c Js]
Dt_Hyde1: folds 
daiju0830: folds 
AssosManiki: folds 
dovdon: folds 
ekinox07: folds 
Benn0 77: raises $0.05 to $0.10
Dorex2007: folds 
JS.AC.UK: raises $0.05 to $0.15
JuanDiego7: folds 
Benn0 77: calls $0.05
*** FLOP *** [Qs 8h Qc]
JS.AC.UK: bets $0.05
Benn0 77: calls $0.05
*** TURN *** [Qs 8h Qc] [5h]
JS.AC.UK: bets $0.15
Benn0 77: folds 
Uncalled bet ($0.15) returned to JS.AC.UK
JS.AC.UK collected $0.43 from pot
*** SUMMARY ***
Total pot $0.45 | Rake $0.02 
Board [Qs 8h Qc 5h]
Seat 1: daiju0830 folded before Flop (didn't bet)
Seat 2: AssosManiki folded before Flop (didn't bet)
Seat 3: dovdon folded before Flop (didn't bet)
Seat 4: ekinox07 folded before Flop (didn't bet)
Seat 5: Benn0 77 folded on the Turn
Seat 6: Dorex2007 (button) folded before Flop (didn't bet)
Seat 7: JS.AC.UK (small blind) collected ($0.43)
Seat 8: JuanDiego7 (big blind) folded before Flop
Seat 9: Dt_Hyde1 folded before Flop (didn't bet)



