PokerStars Hand #237716479174:  Hold'em No Limit ($0.01/$0.02 USD) - 2022/07/31 21:00:59 PT [2022/08/01 0:00:59 ET]
Table 'Losaka' 9-max Seat #5 is the button
Seat 1: t4carlos ($1.23 in chips) 
Seat 2: Ginnungagap7 ($3.11 in chips) 
Seat 3: Dorex2007 ($2 in chips) 
Seat 4: Rockefeller0926 ($1.78 in chips) 
Seat 5: DonoBono10 ($2.39 in chips) 
Seat 6: Neptune27 ($2.78 in chips) 
Seat 7: gringozijl01412 ($1.32 in chips) 
Seat 8: veronica1290 ($0.85 in chips) 
Seat 9: cgreek ($2.36 in chips) 
Neptune27: posts small blind $0.01
gringozijl01412: posts big blind $0.02
Dorex2007: posts big blind $0.02
*** HOLE CARDS ***
Dealt to Dorex2007 [Qd Th]
veronica1290: folds 
cgreek: folds 
t4carlos: calls $0.02
Ginnungagap7: folds 
Dorex2007: checks 
Rockefeller0926: folds 
DonoBono10: folds 
Neptune27: folds 
gringozijl01412: checks 
*** FLOP *** [3h Kc Qc]
gringozijl01412: checks 
t4carlos: bets $0.20
Dorex2007: folds 
gringozijl01412: calls $0.20
*** TURN *** [3h Kc Qc] [5h]
gringozijl01412: checks 
t4carlos: bets $0.30
gringozijl01412: calls $0.30
*** RIVER *** [3h Kc Qc 5h] [As]
gringozijl01412: checks 
t4carlos: checks 
*** SHOW DOWN ***
gringozijl01412: shows [Ts Ad] (a pair of Aces)
t4carlos: mucks hand 
gringozijl01412 collected $1.03 from pot
*** SUMMARY ***
Total pot $1.07 | Rake $0.04 
Board [3h Kc Qc 5h As]
Seat 1: t4carlos mucked [Qs Jc]
Seat 2: Ginnungagap7 folded before Flop (didn't bet)
Seat 3: Dorex2007 folded on the Flop (didn't bet)
Seat 4: Rockefeller0926 folded before Flop (didn't bet)
Seat 5: DonoBono10 (button) folded before Flop (didn't bet)
Seat 6: Neptune27 (small blind) folded before Flop
Seat 7: gringozijl01412 (big blind) showed [Ts Ad] and won ($1.03) with a pair of Aces
Seat 8: veronica1290 folded before Flop (didn't bet)
Seat 9: cgreek folded before Flop (didn't bet)



PokerStars Hand #237716488139:  Hold'em No Limit ($0.01/$0.02 USD) - 2022/07/31 21:02:16 PT [2022/08/01 0:02:16 ET]
Table 'Losaka' 9-max Seat #6 is the button
Seat 1: t4carlos ($0.71 in chips) 
Seat 2: Ginnungagap7 ($3.11 in chips) 
Seat 3: Dorex2007 ($2 in chips) 
Seat 4: Rockefeller0926 ($1.78 in chips) 
Seat 5: DonoBono10 ($2.39 in chips) 
Seat 6: Neptune27 ($2.77 in chips) 
Seat 7: gringozijl01412 ($1.83 in chips) 
Seat 8: veronica1290 ($0.85 in chips) 
Seat 9: cgreek ($2.36 in chips) 
gringozijl01412: posts small blind $0.01
veronica1290: posts big blind $0.02
*** HOLE CARDS ***
Dealt to Dorex2007 [8d 9h]
cgreek: folds 
t4carlos: calls $0.02
Ginnungagap7: calls $0.02
Dorex2007: folds 
Rockefeller0926: folds 
DonoBono10: folds 
Neptune27: folds 
gringozijl01412: folds 
veronica1290: checks 
*** FLOP *** [8c Ac 7c]
veronica1290: checks 
t4carlos: checks 
Ginnungagap7: checks 
*** TURN *** [8c Ac 7c] [9s]
veronica1290: checks 
t4carlos: checks 
Ginnungagap7: checks 
*** RIVER *** [8c Ac 7c 9s] [7s]
veronica1290: checks 
t4carlos: checks 
Ginnungagap7: checks 
*** SHOW DOWN ***
veronica1290: shows [2h Jd] (a pair of Sevens)
t4carlos: shows [5s 5c] (two pair, Sevens and Fives)
Ginnungagap7: shows [6h 6s] (two pair, Sevens and Sixes)
Ginnungagap7 collected $0.07 from pot
*** SUMMARY ***
Total pot $0.07 | Rake $0 
Board [8c Ac 7c 9s 7s]
Seat 1: t4carlos showed [5s 5c] and lost with two pair, Sevens and Fives
Seat 2: Ginnungagap7 showed [6h 6s] and won ($0.07) with two pair, Sevens and Sixes
Seat 3: Dorex2007 folded before Flop (didn't bet)
Seat 4: Rockefeller0926 folded before Flop (didn't bet)
Seat 5: DonoBono10 folded before Flop (didn't bet)
Seat 6: Neptune27 (button) folded before Flop (didn't bet)
Seat 7: gringozijl01412 (small blind) folded before Flop
Seat 8: veronica1290 (big blind) showed [2h Jd] and lost with a pair of Sevens
Seat 9: cgreek folded before Flop (didn't bet)



PokerStars Hand #237716495565:  Hold'em No Limit ($0.01/$0.02 USD) - 2022/07/31 21:03:20 PT [2022/08/01 0:03:20 ET]
Table 'Losaka' 9-max Seat #7 is the button
Seat 1: t4carlos ($0.69 in chips) 
Seat 2: Ginnungagap7 ($3.16 in chips) 
Seat 3: Dorex2007 ($2 in chips) 
Seat 4: Rockefeller0926 ($1.78 in chips) 
Seat 5: DonoBono10 ($2.39 in chips) 
Seat 6: Neptune27 ($2.77 in chips) 
Seat 7: gringozijl01412 ($1.82 in chips) 
Seat 9: cgreek ($2.36 in chips) 
cgreek: posts small blind $0.01
t4carlos: posts big blind $0.02
*** HOLE CARDS ***
Dealt to Dorex2007 [6h 6d]
Ginnungagap7: folds 
Dorex2007: raises $0.04 to $0.06
Rockefeller0926: folds 
DonoBono10: calls $0.06
Neptune27: folds 
gringozijl01412: calls $0.06
cgreek: calls $0.05
t4carlos: calls $0.04
*** FLOP *** [8c Kh 6s]
cgreek: checks 
t4carlos: checks 
DBA5 joins the table at seat #8 
Dorex2007: bets $0.14
DonoBono10: folds 
gringozijl01412: calls $0.14
cgreek: folds 
t4carlos: folds 
*** TURN *** [8c Kh 6s] [Js]
Dorex2007: bets $0.28
gringozijl01412: folds 
Uncalled bet ($0.28) returned to Dorex2007
Dorex2007 collected $0.56 from pot
Dorex2007: doesn't show hand 
*** SUMMARY ***
Total pot $0.58 | Rake $0.02 
Board [8c Kh 6s Js]
Seat 1: t4carlos (big blind) folded on the Flop
Seat 2: Ginnungagap7 folded before Flop (didn't bet)
Seat 3: Dorex2007 collected ($0.56)
Seat 4: Rockefeller0926 folded before Flop (didn't bet)
Seat 5: DonoBono10 folded on the Flop
Seat 6: Neptune27 folded before Flop (didn't bet)
Seat 7: gringozijl01412 (button) folded on the Turn
Seat 9: cgreek (small blind) folded on the Flop



PokerStars Hand #237716504467:  Hold'em No Limit ($0.01/$0.02 USD) - 2022/07/31 21:04:36 PT [2022/08/01 0:04:36 ET]
Table 'Losaka' 9-max Seat #9 is the button
Seat 1: t4carlos ($0.63 in chips) 
Seat 2: Ginnungagap7 ($3.16 in chips) 
Seat 3: Dorex2007 ($2.36 in chips) 
Seat 4: Rockefeller0926 ($1.78 in chips) 
Seat 5: DonoBono10 ($2.33 in chips) 
Seat 6: Neptune27 ($2.77 in chips) 
Seat 7: gringozijl01412 ($1.62 in chips) 
Seat 9: cgreek ($2.30 in chips) 
t4carlos: posts small blind $0.01
Ginnungagap7: posts big blind $0.02
DBA5: sits out 
*** HOLE CARDS ***
Dealt to Dorex2007 [Jc Qd]
Dorex2007: calls $0.02
Rockefeller0926: folds 
DBA5 is disconnected 
DonoBono10: raises $0.08 to $0.10
Neptune27: folds 
gringozijl01412: folds 
cgreek: folds 
t4carlos: folds 
Ginnungagap7: folds 
Dorex2007: folds 
Uncalled bet ($0.08) returned to DonoBono10
DonoBono10 collected $0.07 from pot
DonoBono10: doesn't show hand 
*** SUMMARY ***
Total pot $0.07 | Rake $0 
Seat 1: t4carlos (small blind) folded before Flop
Seat 2: Ginnungagap7 (big blind) folded before Flop
Seat 3: Dorex2007 folded before Flop
Seat 4: Rockefeller0926 folded before Flop (didn't bet)
Seat 5: DonoBono10 collected ($0.07)
Seat 6: Neptune27 folded before Flop (didn't bet)
Seat 7: gringozijl01412 folded before Flop (didn't bet)
Seat 9: cgreek (button) folded before Flop (didn't bet)



PokerStars Hand #237716509366:  Hold'em No Limit ($0.01/$0.02 USD) - 2022/07/31 21:05:18 PT [2022/08/01 0:05:18 ET]
Table 'Losaka' 9-max Seat #1 is the button
Seat 1: t4carlos ($0.62 in chips) 
Seat 2: Ginnungagap7 ($3.14 in chips) 
Seat 3: Dorex2007 ($2.34 in chips) 
Seat 4: Rockefeller0926 ($1.78 in chips) 
Seat 5: DonoBono10 ($2.38 in chips) 
Seat 6: Neptune27 ($2.77 in chips) 
Seat 7: gringozijl01412 ($1.62 in chips) 
Seat 9: cgreek ($2.30 in chips) 
Ginnungagap7: posts small blind $0.01
Dorex2007: posts big blind $0.02
DBA5 has timed out while disconnected
DBA5: is sitting out 
*** HOLE CARDS ***
Dealt to Dorex2007 [Jd 4d]
Rockefeller0926: folds 
DonoBono10: folds 
Neptune27: folds 
gringozijl01412: folds 
cgreek: folds 
t4carlos: folds 
Ginnungagap7: raises $0.04 to $0.06
Dorex2007: folds 
Uncalled bet ($0.04) returned to Ginnungagap7
Ginnungagap7 collected $0.04 from pot
Ginnungagap7: doesn't show hand 
*** SUMMARY ***
Total pot $0.04 | Rake $0 
Seat 1: t4carlos (button) folded before Flop (didn't bet)
Seat 2: Ginnungagap7 (small blind) collected ($0.04)
Seat 3: Dorex2007 (big blind) folded before Flop
Seat 4: Rockefeller0926 folded before Flop (didn't bet)
Seat 5: DonoBono10 folded before Flop (didn't bet)
Seat 6: Neptune27 folded before Flop (didn't bet)
Seat 7: gringozijl01412 folded before Flop (didn't bet)
Seat 9: cgreek folded before Flop (didn't bet)



PokerStars Hand #237716512739:  Hold'em No Limit ($0.01/$0.02 USD) - 2022/07/31 21:05:47 PT [2022/08/01 0:05:47 ET]
Table 'Losaka' 9-max Seat #2 is the button
Seat 1: t4carlos ($0.62 in chips) 
Seat 2: Ginnungagap7 ($3.16 in chips) 
Seat 3: Dorex2007 ($2.32 in chips) 
Seat 4: Rockefeller0926 ($1.78 in chips) 
Seat 5: DonoBono10 ($2.38 in chips) 
Seat 6: Neptune27 ($2.77 in chips) 
Seat 7: gringozijl01412 ($1.62 in chips) 
Seat 9: cgreek ($2.30 in chips) 
Dorex2007: posts small blind $0.01
Rockefeller0926: posts big blind $0.02
DBA5: sits out 
*** HOLE CARDS ***
Dealt to Dorex2007 [8h Kh]
DonoBono10: folds 
Neptune27: folds 
gringozijl01412: folds 
cgreek: folds 
t4carlos: raises $0.04 to $0.06
Ginnungagap7: folds 
Dorex2007: folds 
Rockefeller0926: folds 
Uncalled bet ($0.04) returned to t4carlos
t4carlos collected $0.05 from pot
t4carlos: doesn't show hand 
*** SUMMARY ***
Total pot $0.05 | Rake $0 
Seat 1: t4carlos collected ($0.05)
Seat 2: Ginnungagap7 (button) folded before Flop (didn't bet)
Seat 3: Dorex2007 (small blind) folded before Flop
Seat 4: Rockefeller0926 (big blind) folded before Flop
Seat 5: DonoBono10 folded before Flop (didn't bet)
Seat 6: Neptune27 folded before Flop (didn't bet)
Seat 7: gringozijl01412 folded before Flop (didn't bet)
Seat 9: cgreek folded before Flop (didn't bet)



PokerStars Hand #237716516454:  Hold'em No Limit ($0.01/$0.02 USD) - 2022/07/31 21:06:19 PT [2022/08/01 0:06:19 ET]
Table 'Losaka' 9-max Seat #3 is the button
Seat 1: t4carlos ($0.65 in chips) 
Seat 2: Ginnungagap7 ($3.16 in chips) 
Seat 3: Dorex2007 ($2.31 in chips) 
Seat 4: Rockefeller0926 ($1.76 in chips) 
Seat 5: DonoBono10 ($2.38 in chips) 
Seat 6: Neptune27 ($2.77 in chips) 
Seat 7: gringozijl01412 ($1.62 in chips) 
Seat 8: DBA5 ($2 in chips) 
Seat 9: cgreek ($2.30 in chips) 
Rockefeller0926: posts small blind $0.01
DonoBono10: posts big blind $0.02
DBA5: posts big blind $0.02
*** HOLE CARDS ***
Dealt to Dorex2007 [3c Ac]
Neptune27: folds 
gringozijl01412: calls $0.02
DBA5: checks 
cgreek: calls $0.02
t4carlos: folds 
Ginnungagap7: folds 
Dorex2007: calls $0.02
Rockefeller0926: folds 
DonoBono10: raises $0.18 to $0.20
gringozijl01412: calls $0.18
DBA5: folds 
cgreek: folds 
Dorex2007: folds 
*** FLOP *** [Th 9h Ts]
DonoBono10: bets $0.22
gringozijl01412: folds 
Uncalled bet ($0.22) returned to DonoBono10
DonoBono10 collected $0.45 from pot
DonoBono10: doesn't show hand 
*** SUMMARY ***
Total pot $0.47 | Rake $0.02 
Board [Th 9h Ts]
Seat 1: t4carlos folded before Flop (didn't bet)
Seat 2: Ginnungagap7 folded before Flop (didn't bet)
Seat 3: Dorex2007 (button) folded before Flop
Seat 4: Rockefeller0926 (small blind) folded before Flop
Seat 5: DonoBono10 (big blind) collected ($0.45)
Seat 6: Neptune27 folded before Flop (didn't bet)
Seat 7: gringozijl01412 folded on the Flop
Seat 8: DBA5 folded before Flop (didn't bet)
Seat 9: cgreek folded before Flop



PokerStars Hand #237716524146:  Hold'em No Limit ($0.01/$0.02 USD) - 2022/07/31 21:07:25 PT [2022/08/01 0:07:25 ET]
Table 'Losaka' 9-max Seat #4 is the button
Seat 1: t4carlos ($0.65 in chips) 
Seat 2: Ginnungagap7 ($3.16 in chips) 
Seat 3: Dorex2007 ($2.29 in chips) 
Seat 4: Rockefeller0926 ($1.75 in chips) 
Seat 5: DonoBono10 ($2.63 in chips) 
Seat 6: Neptune27 ($2.77 in chips) 
Seat 7: gringozijl01412 ($1.42 in chips) 
Seat 8: DBA5 ($1.98 in chips) 
Seat 9: cgreek ($2.28 in chips) 
DonoBono10: posts small blind $0.01
Neptune27: posts big blind $0.02
*** HOLE CARDS ***
Dealt to Dorex2007 [Js Tc]
gringozijl01412: folds 
DBA5: folds 
cgreek: folds 
t4carlos has timed out
t4carlos: folds 
Ginnungagap7: folds 
Dorex2007: raises $0.02 to $0.04
Rockefeller0926: folds 
DonoBono10: folds 
Neptune27: calls $0.02
*** FLOP *** [5d 4d 5c]
Neptune27: checks 
Dorex2007: checks 
*** TURN *** [5d 4d 5c] [Jd]
Neptune27: bets $0.06
Dorex2007: raises $0.21 to $0.27
Neptune27: folds 
Uncalled bet ($0.21) returned to Dorex2007
Dorex2007 collected $0.20 from pot
Dorex2007: doesn't show hand 
*** SUMMARY ***
Total pot $0.21 | Rake $0.01 
Board [5d 4d 5c Jd]
Seat 1: t4carlos folded before Flop (didn't bet)
Seat 2: Ginnungagap7 folded before Flop (didn't bet)
Seat 3: Dorex2007 collected ($0.20)
Seat 4: Rockefeller0926 (button) folded before Flop (didn't bet)
Seat 5: DonoBono10 (small blind) folded before Flop
Seat 6: Neptune27 (big blind) folded on the Turn
Seat 7: gringozijl01412 folded before Flop (didn't bet)
Seat 8: DBA5 folded before Flop (didn't bet)
Seat 9: cgreek folded before Flop (didn't bet)



PokerStars Hand #237716605218:  Hold'em No Limit ($0.01/$0.02 USD) - 2022/07/31 21:19:01 PT [2022/08/01 0:19:01 ET]
Table 'Losaka' 9-max Seat #4 is the button
Seat 1: t4carlos ($0.77 in chips) 
Seat 2: Ginnungagap7 ($4.94 in chips) 
Seat 3: Dorex2007 ($2.39 in chips) 
Seat 4: Rockefeller0926 ($1.72 in chips) 
Seat 5: DonoBono10 ($2.41 in chips) 
Seat 6: Neptune27 ($2.66 in chips) 
Seat 7: gringozijl01412 ($1.94 in chips) 
Seat 8: DBA5 ($1.58 in chips) 
DonoBono10: posts small blind $0.01
Neptune27: posts big blind $0.02
Dorex2007: posts small & big blinds $0.03
*** HOLE CARDS ***
Dealt to Dorex2007 [4s 2h]
gringozijl01412: raises $1.92 to $1.94 and is all-in
DBA5: folds 
t4carlos: calls $0.77 and is all-in
Ginnungagap7: folds 
Dorex2007: folds 
Rockefeller0926: folds 
DonoBono10: folds 
Neptune27: folds 
Uncalled bet ($1.17) returned to gringozijl01412
*** FLOP *** [Kd 7h Th]
*** TURN *** [Kd 7h Th] [5c]
*** RIVER *** [Kd 7h Th 5c] [Ks]
*** SHOW DOWN ***
gringozijl01412: shows [Ac 6h] (a pair of Kings)
t4carlos: shows [9d Ad] (a pair of Kings - Ace+Ten+Nine kicker)
t4carlos collected $1.54 from pot
*** SUMMARY ***
Total pot $1.60 | Rake $0.06 
Board [Kd 7h Th 5c Ks]
Seat 1: t4carlos showed [9d Ad] and won ($1.54) with a pair of Kings
Seat 2: Ginnungagap7 folded before Flop (didn't bet)
Seat 3: Dorex2007 folded before Flop (didn't bet)
Seat 4: Rockefeller0926 (button) folded before Flop (didn't bet)
Seat 5: DonoBono10 (small blind) folded before Flop
Seat 6: Neptune27 (big blind) folded before Flop
Seat 7: gringozijl01412 showed [Ac 6h] and lost with a pair of Kings
Seat 8: DBA5 folded before Flop (didn't bet)



PokerStars Hand #237716611205:  Hold'em No Limit ($0.01/$0.02 USD) - 2022/07/31 21:19:54 PT [2022/08/01 0:19:54 ET]
Table 'Losaka' 9-max Seat #5 is the button
Seat 1: t4carlos ($1.54 in chips) 
Seat 2: Ginnungagap7 ($4.94 in chips) 
Seat 3: Dorex2007 ($2.36 in chips) 
Seat 4: Rockefeller0926 ($1.72 in chips) 
Seat 5: DonoBono10 ($2.40 in chips) 
Seat 6: Neptune27 ($2.64 in chips) 
Seat 7: gringozijl01412 ($1.17 in chips) 
Seat 8: DBA5 ($1.58 in chips) 
Neptune27: posts small blind $0.01
gringozijl01412: posts big blind $0.02
*** HOLE CARDS ***
Dealt to Dorex2007 [Jh 2c]
DBA5: folds 
t4carlos: folds 
Ginnungagap7: folds 
Dorex2007: folds 
Rockefeller0926: calls $0.02
DonoBono10: raises $0.06 to $0.08
Neptune27: folds 
gringozijl01412: raises $1.09 to $1.17 and is all-in
Rockefeller0926: folds 
DonoBono10: folds 
Uncalled bet ($1.09) returned to gringozijl01412
gringozijl01412 collected $0.19 from pot
*** SUMMARY ***
Total pot $0.19 | Rake $0 
Seat 1: t4carlos folded before Flop (didn't bet)
Seat 2: Ginnungagap7 folded before Flop (didn't bet)
Seat 3: Dorex2007 folded before Flop (didn't bet)
Seat 4: Rockefeller0926 folded before Flop
Seat 5: DonoBono10 (button) folded before Flop
Seat 6: Neptune27 (small blind) folded before Flop
Seat 7: gringozijl01412 (big blind) collected ($0.19)
Seat 8: DBA5 folded before Flop (didn't bet)



PokerStars Hand #237716615125:  Hold'em No Limit ($0.01/$0.02 USD) - 2022/07/31 21:20:28 PT [2022/08/01 0:20:28 ET]
Table 'Losaka' 9-max Seat #6 is the button
Seat 1: t4carlos ($1.54 in chips) 
Seat 2: Ginnungagap7 ($4.94 in chips) 
Seat 3: Dorex2007 ($2.36 in chips) 
Seat 4: Rockefeller0926 ($1.70 in chips) 
Seat 5: DonoBono10 ($2.32 in chips) 
Seat 6: Neptune27 ($2.63 in chips) 
Seat 7: gringozijl01412 ($1.28 in chips) 
Seat 8: DBA5 ($1.58 in chips) 
gringozijl01412: posts small blind $0.01
DBA5: posts big blind $0.02
*** HOLE CARDS ***
Dealt to Dorex2007 [3d Qc]
t4carlos has timed out
t4carlos: folds 
Ginnungagap7: folds 
Dorex2007: folds 
Rockefeller0926: calls $0.02
DonoBono10: folds 
Neptune27: folds 
gringozijl01412: folds 
DBA5: checks 
*** FLOP *** [4h Qh Ts]
DBA5: checks 
Rockefeller0926: checks 
*** TURN *** [4h Qh Ts] [Ac]
DBA5: bets $0.02
Rockefeller0926: raises $0.06 to $0.08
DBA5: folds 
Uncalled bet ($0.06) returned to Rockefeller0926
Rockefeller0926 collected $0.09 from pot
Rockefeller0926: doesn't show hand 
*** SUMMARY ***
Total pot $0.09 | Rake $0 
Board [4h Qh Ts Ac]
Seat 1: t4carlos folded before Flop (didn't bet)
Seat 2: Ginnungagap7 folded before Flop (didn't bet)
Seat 3: Dorex2007 folded before Flop (didn't bet)
Seat 4: Rockefeller0926 collected ($0.09)
Seat 5: DonoBono10 folded before Flop (didn't bet)
Seat 6: Neptune27 (button) folded before Flop (didn't bet)
Seat 7: gringozijl01412 (small blind) folded before Flop
Seat 8: DBA5 (big blind) folded on the Turn



PokerStars Hand #237716636396:  Hold'em No Limit ($0.01/$0.02 USD) - 2022/07/31 21:23:02 PT [2022/08/01 0:23:02 ET]
Table 'Losaka' 9-max Seat #1 is the button
Seat 1: t4carlos ($1.40 in chips) 
Seat 2: Ginnungagap7 ($5.05 in chips) 
Seat 3: Dorex2007 ($2.36 in chips) 
Seat 4: Rockefeller0926 ($1.73 in chips) 
Seat 5: DonoBono10 ($2.32 in chips) 
Seat 6: Neptune27 ($2.63 in chips) 
Seat 7: gringozijl01412 ($1.32 in chips) 
Seat 8: DBA5 ($1.53 in chips) 
Ginnungagap7: posts small blind $0.01
Dorex2007: posts big blind $0.02
*** HOLE CARDS ***
Dealt to Dorex2007 [5h Jh]
Rockefeller0926: calls $0.02
DonoBono10: folds 
Neptune27: folds 
gringozijl01412 has timed out
gringozijl01412: folds 
DBA5: folds 
t4carlos: raises $0.04 to $0.06
Ginnungagap7: folds 
Dorex2007: folds 
Rockefeller0926: calls $0.04
*** FLOP *** [2c 4d 8s]
Rockefeller0926: checks 
t4carlos: checks 
*** TURN *** [2c 4d 8s] [Qs]
Rockefeller0926: checks 
t4carlos: checks 
*** RIVER *** [2c 4d 8s Qs] [5s]
Rockefeller0926: bets $0.20
t4carlos: raises $0.28 to $0.48
Rockefeller0926: raises $0.54 to $1.02
t4carlos: calls $0.54
*** SHOW DOWN ***
Rockefeller0926: shows [As 2s] (a flush, Ace high)
t4carlos: mucks hand 
Rockefeller0926 collected $2.11 from pot
*** SUMMARY ***
Total pot $2.19 | Rake $0.08 
Board [2c 4d 8s Qs 5s]
Seat 1: t4carlos (button) mucked [3h Ah]
Seat 2: Ginnungagap7 (small blind) folded before Flop
Seat 3: Dorex2007 (big blind) folded before Flop
Seat 4: Rockefeller0926 showed [As 2s] and won ($2.11) with a flush, Ace high
Seat 5: DonoBono10 folded before Flop (didn't bet)
Seat 6: Neptune27 folded before Flop (didn't bet)
Seat 7: gringozijl01412 folded before Flop (didn't bet)
Seat 8: DBA5 folded before Flop (didn't bet)



PokerStars Hand #237716647567:  Hold'em No Limit ($0.01/$0.02 USD) - 2022/07/31 21:24:43 PT [2022/08/01 0:24:43 ET]
Table 'Losaka' 9-max Seat #2 is the button
Seat 1: t4carlos ($0.32 in chips) 
Seat 2: Ginnungagap7 ($5.04 in chips) 
Seat 3: Dorex2007 ($2.34 in chips) 
Seat 4: Rockefeller0926 ($2.76 in chips) 
Seat 5: DonoBono10 ($2.32 in chips) 
Seat 6: Neptune27 ($2.63 in chips) 
Seat 8: DBA5 ($1.53 in chips) 
Dorex2007: posts small blind $0.01
Rockefeller0926: posts big blind $0.02
*** HOLE CARDS ***
Dealt to Dorex2007 [2s Qd]
DonoBono10: folds 
Neptune27: folds 
DBA5: folds 
t4carlos: raises $0.30 to $0.32 and is all-in
Ginnungagap7: folds 
Dorex2007: folds 
Rockefeller0926: folds 
Uncalled bet ($0.30) returned to t4carlos
t4carlos collected $0.05 from pot
t4carlos: doesn't show hand 
*** SUMMARY ***
Total pot $0.05 | Rake $0 
Seat 1: t4carlos collected ($0.05)
Seat 2: Ginnungagap7 (button) folded before Flop (didn't bet)
Seat 3: Dorex2007 (small blind) folded before Flop
Seat 4: Rockefeller0926 (big blind) folded before Flop
Seat 5: DonoBono10 folded before Flop (didn't bet)
Seat 6: Neptune27 folded before Flop (didn't bet)
Seat 8: DBA5 folded before Flop (didn't bet)



PokerStars Hand #237716650588:  Hold'em No Limit ($0.01/$0.02 USD) - 2022/07/31 21:25:10 PT [2022/08/01 0:25:10 ET]
Table 'Losaka' 9-max Seat #3 is the button
Seat 1: t4carlos ($0.35 in chips) 
Seat 2: Ginnungagap7 ($5.04 in chips) 
Seat 3: Dorex2007 ($2.33 in chips) 
Seat 4: Rockefeller0926 ($2.74 in chips) 
Seat 5: DonoBono10 ($2.32 in chips) 
Seat 6: Neptune27 ($2.63 in chips) 
Seat 8: DBA5 ($1.53 in chips) 
Rockefeller0926: posts small blind $0.01
DonoBono10: posts big blind $0.02
*** HOLE CARDS ***
Dealt to Dorex2007 [4d Tc]
Neptune27: folds 
DBA5: raises $0.02 to $0.04
t4carlos: folds 
Ginnungagap7: folds 
Dorex2007: folds 
Rockefeller0926: folds 
DonoBono10: calls $0.02
*** FLOP *** [4h As 5c]
DonoBono10: checks 
DBA5: checks 
*** TURN *** [4h As 5c] [Kc]
DonoBono10: checks 
DBA5: bets $0.04
DonoBono10: calls $0.04
*** RIVER *** [4h As 5c Kc] [Jd]
DonoBono10: checks 
DBA5: bets $0.08
DonoBono10: folds 
Uncalled bet ($0.08) returned to DBA5
DBA5 collected $0.16 from pot
DBA5: doesn't show hand 
*** SUMMARY ***
Total pot $0.17 | Rake $0.01 
Board [4h As 5c Kc Jd]
Seat 1: t4carlos folded before Flop (didn't bet)
Seat 2: Ginnungagap7 folded before Flop (didn't bet)
Seat 3: Dorex2007 (button) folded before Flop (didn't bet)
Seat 4: Rockefeller0926 (small blind) folded before Flop
Seat 5: DonoBono10 (big blind) folded on the River
Seat 6: Neptune27 folded before Flop (didn't bet)
Seat 8: DBA5 collected ($0.16)



PokerStars Hand #237716655746:  Hold'em No Limit ($0.01/$0.02 USD) - 2022/07/31 21:25:56 PT [2022/08/01 0:25:56 ET]
Table 'Losaka' 9-max Seat #4 is the button
Seat 1: t4carlos ($0.35 in chips) 
Seat 2: Ginnungagap7 ($5.04 in chips) 
Seat 3: Dorex2007 ($2.33 in chips) 
Seat 4: Rockefeller0926 ($2.73 in chips) 
Seat 5: DonoBono10 ($2.24 in chips) 
Seat 6: Neptune27 ($2.63 in chips) 
Seat 8: DBA5 ($1.61 in chips) 
DonoBono10: posts small blind $0.01
Neptune27: posts big blind $0.02
*** HOLE CARDS ***
Dealt to Dorex2007 [6c 5d]
DBA5: folds 
t4carlos: folds 
Ginnungagap7: folds 
Dorex2007: folds 
Rockefeller0926: calls $0.02
DonoBono10: folds 
Neptune27: checks 
*** FLOP *** [7s 3h Ks]
Neptune27: checks 
Rockefeller0926: bets $0.05
Neptune27: folds 
Uncalled bet ($0.05) returned to Rockefeller0926
Rockefeller0926 collected $0.05 from pot
Rockefeller0926: doesn't show hand 
*** SUMMARY ***
Total pot $0.05 | Rake $0 
Board [7s 3h Ks]
Seat 1: t4carlos folded before Flop (didn't bet)
Seat 2: Ginnungagap7 folded before Flop (didn't bet)
Seat 3: Dorex2007 folded before Flop (didn't bet)
Seat 4: Rockefeller0926 (button) collected ($0.05)
Seat 5: DonoBono10 (small blind) folded before Flop
Seat 6: Neptune27 (big blind) folded on the Flop
Seat 8: DBA5 folded before Flop (didn't bet)



PokerStars Hand #237716659561:  Hold'em No Limit ($0.01/$0.02 USD) - 2022/07/31 21:26:31 PT [2022/08/01 0:26:31 ET]
Table 'Losaka' 9-max Seat #5 is the button
Seat 1: t4carlos ($0.35 in chips) 
Seat 2: Ginnungagap7 ($5.04 in chips) 
Seat 3: Dorex2007 ($2.33 in chips) 
Seat 4: Rockefeller0926 ($2.76 in chips) 
Seat 5: DonoBono10 ($2.23 in chips) 
Seat 6: Neptune27 ($2.61 in chips) 
Seat 7: gringozijl01412 ($1.32 in chips) 
Seat 8: DBA5 ($1.61 in chips) 
Neptune27: posts small blind $0.01
gringozijl01412: posts big blind $0.02
*** HOLE CARDS ***
Dealt to Dorex2007 [Ts 8d]
DBA5: folds 
t4carlos: folds 
Ginnungagap7: folds 
Dorex2007: folds 
Rockefeller0926: folds 
DonoBono10: folds 
Neptune27: folds 
Uncalled bet ($0.01) returned to gringozijl01412
gringozijl01412 collected $0.02 from pot
*** SUMMARY ***
Total pot $0.02 | Rake $0 
Seat 1: t4carlos folded before Flop (didn't bet)
Seat 2: Ginnungagap7 folded before Flop (didn't bet)
Seat 3: Dorex2007 folded before Flop (didn't bet)
Seat 4: Rockefeller0926 folded before Flop (didn't bet)
Seat 5: DonoBono10 (button) folded before Flop (didn't bet)
Seat 6: Neptune27 (small blind) folded before Flop
Seat 7: gringozijl01412 (big blind) collected ($0.02)
Seat 8: DBA5 folded before Flop (didn't bet)



PokerStars Hand #237716661728:  Hold'em No Limit ($0.01/$0.02 USD) - 2022/07/31 21:26:50 PT [2022/08/01 0:26:50 ET]
Table 'Losaka' 9-max Seat #6 is the button
Seat 1: t4carlos ($0.35 in chips) 
Seat 2: Ginnungagap7 ($5.04 in chips) 
Seat 3: Dorex2007 ($2.33 in chips) 
Seat 4: Rockefeller0926 ($2.76 in chips) 
Seat 5: DonoBono10 ($2.23 in chips) 
Seat 6: Neptune27 ($2.60 in chips) 
Seat 7: gringozijl01412 ($1.33 in chips) 
Seat 8: DBA5 ($1.61 in chips) 
gringozijl01412: posts small blind $0.01
DBA5: posts big blind $0.02
*** HOLE CARDS ***
Dealt to Dorex2007 [2s 4d]
t4carlos: folds 
Ginnungagap7: folds 
Dorex2007: folds 
Rockefeller0926: calls $0.02
DonoBono10: raises $0.06 to $0.08
Neptune27: folds 
gringozijl01412: calls $0.07
DBA5: raises $0.06 to $0.14
Rockefeller0926: folds 
DonoBono10: folds 
gringozijl01412: calls $0.06
*** FLOP *** [7s 5d Ad]
gringozijl01412: checks 
DBA5: checks 
*** TURN *** [7s 5d Ad] [2d]
gringozijl01412: bets $1.19 and is all-in
DBA5: calls $1.19
*** RIVER *** [7s 5d Ad 2d] [5c]
*** SHOW DOWN ***
gringozijl01412: shows [4c 7d] (two pair, Sevens and Fives)
DBA5: shows [Ah Ac] (a full house, Aces full of Fives)
DBA5 collected $2.66 from pot
*** SUMMARY ***
Total pot $2.76 | Rake $0.10 
Board [7s 5d Ad 2d 5c]
Seat 1: t4carlos folded before Flop (didn't bet)
Seat 2: Ginnungagap7 folded before Flop (didn't bet)
Seat 3: Dorex2007 folded before Flop (didn't bet)
Seat 4: Rockefeller0926 folded before Flop
Seat 5: DonoBono10 folded before Flop
Seat 6: Neptune27 (button) folded before Flop (didn't bet)
Seat 7: gringozijl01412 (small blind) showed [4c 7d] and lost with two pair, Sevens and Fives
Seat 8: DBA5 (big blind) showed [Ah Ac] and won ($2.66) with a full house, Aces full of Fives



PokerStars Hand #237716670917:  Hold'em No Limit ($0.01/$0.02 USD) - 2022/07/31 21:27:56 PT [2022/08/01 0:27:56 ET]
Table 'Losaka' 9-max Seat #8 is the button
Seat 1: t4carlos ($0.35 in chips) 
Seat 3: Dorex2007 ($2.33 in chips) 
Seat 4: Rockefeller0926 ($2.74 in chips) 
Seat 5: DonoBono10 ($2.15 in chips) 
Seat 6: Neptune27 ($2.60 in chips) 
Seat 8: DBA5 ($2.94 in chips) 
t4carlos: posts small blind $0.01
Ginnungagap7: is sitting out 
Dorex2007: posts big blind $0.02
*** HOLE CARDS ***
Dealt to Dorex2007 [8d 3c]
Ginnungagap7 leaves the table
frosa9397 leaves the table
Rockefeller0926: folds 
Zakeeeu joins the table at seat #9 
DonoBono10: raises $0.06 to $0.08
Neptune27: folds 
DBA5: folds 
t4carlos: calls $0.07
Dorex2007: folds 
*** FLOP *** [5c 2d 8s]
t4carlos: checks 
DonoBono10: bets $0.08
t4carlos: folds 
Uncalled bet ($0.08) returned to DonoBono10
DonoBono10 collected $0.17 from pot
DonoBono10: doesn't show hand 
*** SUMMARY ***
Total pot $0.18 | Rake $0.01 
Board [5c 2d 8s]
Seat 1: t4carlos (small blind) folded on the Flop
Seat 3: Dorex2007 (big blind) folded before Flop
Seat 4: Rockefeller0926 folded before Flop (didn't bet)
Seat 5: DonoBono10 collected ($0.17)
Seat 6: Neptune27 folded before Flop (didn't bet)
Seat 8: DBA5 (button) folded before Flop (didn't bet)



PokerStars Hand #237716676480:  Hold'em No Limit ($0.01/$0.02 USD) - 2022/07/31 21:28:47 PT [2022/08/01 0:28:47 ET]
Table 'Losaka' 9-max Seat #1 is the button
Seat 1: t4carlos ($0.27 in chips) 
Seat 3: Dorex2007 ($2.31 in chips) 
Seat 4: Rockefeller0926 ($2.74 in chips) 
Seat 5: DonoBono10 ($2.24 in chips) 
Seat 6: Neptune27 ($2.60 in chips) 
Seat 7: gringozijl01412 ($2 in chips) 
Seat 8: DBA5 ($2.94 in chips) 
Dorex2007: posts small blind $0.01
Rockefeller0926: posts big blind $0.02
Zakeeeu: sits out 
*** HOLE CARDS ***
Dealt to Dorex2007 [Qc 4d]
DonoBono10: folds 
Neptune27: folds 
gringozijl01412: calls $0.02
DBA5: calls $0.02
t4carlos: folds 
Dorex2007: folds 
Rockefeller0926: checks 
*** FLOP *** [2h Ts 8h]
Rockefeller0926: checks 
gringozijl01412: bets $0.02
DBA5: calls $0.02
Rockefeller0926: folds 
*** TURN *** [2h Ts 8h] [4c]
gringozijl01412: bets $0.02
DBA5: calls $0.02
*** RIVER *** [2h Ts 8h 4c] [4h]
gringozijl01412: bets $0.02
DBA5: calls $0.02
*** SHOW DOWN ***
gringozijl01412: shows [5s Kc] (a pair of Fours)
DBA5: shows [As 3s] (a pair of Fours - Ace kicker)
DBA5 collected $0.18 from pot
*** SUMMARY ***
Total pot $0.19 | Rake $0.01 
Board [2h Ts 8h 4c 4h]
Seat 1: t4carlos (button) folded before Flop (didn't bet)
Seat 3: Dorex2007 (small blind) folded before Flop
Seat 4: Rockefeller0926 (big blind) folded on the Flop
Seat 5: DonoBono10 folded before Flop (didn't bet)
Seat 6: Neptune27 folded before Flop (didn't bet)
Seat 7: gringozijl01412 showed [5s Kc] and lost with a pair of Fours
Seat 8: DBA5 showed [As 3s] and won ($0.18) with a pair of Fours



PokerStars Hand #237716681997:  Hold'em No Limit ($0.01/$0.02 USD) - 2022/07/31 21:29:37 PT [2022/08/01 0:29:37 ET]
Table 'Losaka' 9-max Seat #3 is the button
Seat 1: t4carlos ($0.27 in chips) 
Seat 3: Dorex2007 ($2.30 in chips) 
Seat 4: Rockefeller0926 ($2.72 in chips) 
Seat 5: DonoBono10 ($2.24 in chips) 
Seat 6: Neptune27 ($2.60 in chips) 
Seat 7: gringozijl01412 ($1.92 in chips) 
Seat 8: DBA5 ($3.04 in chips) 
Seat 9: Zakeeeu ($2 in chips) 
Rockefeller0926: posts small blind $0.01
DonoBono10: posts big blind $0.02
Zakeeeu: posts big blind $0.02
*** HOLE CARDS ***
Dealt to Dorex2007 [Kd 8s]
Neptune27: raises $0.06 to $0.08
gringozijl01412: raises $1.84 to $1.92 and is all-in
DBA5: calls $1.92
Zakeeeu: folds 
t4carlos: calls $0.27 and is all-in
Dorex2007: folds 
Rockefeller0926: folds 
DonoBono10: folds 
Neptune27: folds 
*** FLOP *** [9d 7d Qc]
Hoobs 23 joins the table at seat #2 
*** TURN *** [9d 7d Qc] [Tc]
*** RIVER *** [9d 7d Qc Tc] [7h]
*** SHOW DOWN ***
gringozijl01412: shows [5h 9h] (two pair, Nines and Sevens)
DBA5: shows [Jd Ah] (a pair of Sevens)
gringozijl01412 collected $3.18 from side pot
t4carlos: shows [Qh Ks] (two pair, Queens and Sevens)
t4carlos cashed out the hand for $0.31
*** SUMMARY ***
Total pot $4.24 Main pot $0.91. Side pot $3.18. | Rake $0.15 
Board [9d 7d Qc Tc 7h]
Seat 1: t4carlos showed [Qh Ks] and won ($0.91) with two pair, Queens and Sevens (pot not awarded as player cashed out)
Seat 3: Dorex2007 (button) folded before Flop (didn't bet)
Seat 4: Rockefeller0926 (small blind) folded before Flop
Seat 5: DonoBono10 (big blind) folded before Flop
Seat 6: Neptune27 folded before Flop
Seat 7: gringozijl01412 showed [5h 9h] and won ($3.18) with two pair, Nines and Sevens
Seat 8: DBA5 showed [Jd Ah] and lost with a pair of Sevens
Seat 9: Zakeeeu folded before Flop (didn't bet)



PokerStars Hand #237716687629:  Hold'em No Limit ($0.01/$0.02 USD) - 2022/07/31 21:30:29 PT [2022/08/01 0:30:29 ET]
Table 'Losaka' 9-max Seat #4 is the button
Seat 1: t4carlos ($0.31 in chips) 
Seat 3: Dorex2007 ($2.30 in chips) 
Seat 4: Rockefeller0926 ($2.71 in chips) 
Seat 5: DonoBono10 ($2.22 in chips) 
Seat 6: Neptune27 ($2.52 in chips) 
Seat 7: gringozijl01412 ($3.18 in chips) 
Seat 8: DBA5 ($1.12 in chips) 
Seat 9: Zakeeeu ($1.98 in chips) 
DonoBono10: posts small blind $0.01
Neptune27: posts big blind $0.02
Hoobs 23: sits out 
*** HOLE CARDS ***
Dealt to Dorex2007 [9c 3c]
gringozijl01412 has timed out
gringozijl01412: folds 
DBA5: folds 
Zakeeeu: raises $0.04 to $0.06
t4carlos: folds 
Dorex2007: folds 
Rockefeller0926: folds 
DonoBono10: raises $0.12 to $0.18
Neptune27: folds 
Zakeeeu: folds 
Uncalled bet ($0.12) returned to DonoBono10
DonoBono10 collected $0.14 from pot
DonoBono10: doesn't show hand 
*** SUMMARY ***
Total pot $0.14 | Rake $0 
Seat 1: t4carlos folded before Flop (didn't bet)
Seat 3: Dorex2007 folded before Flop (didn't bet)
Seat 4: Rockefeller0926 (button) folded before Flop (didn't bet)
Seat 5: DonoBono10 (small blind) collected ($0.14)
Seat 6: Neptune27 (big blind) folded before Flop
Seat 7: gringozijl01412 folded before Flop (didn't bet)
Seat 8: DBA5 folded before Flop (didn't bet)
Seat 9: Zakeeeu folded before Flop



PokerStars Hand #237716692734:  Hold'em No Limit ($0.01/$0.02 USD) - 2022/07/31 21:31:16 PT [2022/08/01 0:31:16 ET]
Table 'Losaka' 9-max Seat #5 is the button
Seat 1: t4carlos ($0.31 in chips) 
Seat 3: Dorex2007 ($2.30 in chips) 
Seat 4: Rockefeller0926 ($2.71 in chips) 
Seat 5: DonoBono10 ($2.30 in chips) 
Seat 6: Neptune27 ($2.50 in chips) 
Seat 7: gringozijl01412 ($3.18 in chips) 
Seat 8: DBA5 ($1.12 in chips) 
Seat 9: Zakeeeu ($1.92 in chips) 
Neptune27: posts small blind $0.01
gringozijl01412: posts big blind $0.02
Hoobs 23: sits out 
*** HOLE CARDS ***
Dealt to Dorex2007 [Ks 4d]
DBA5: folds 
Zakeeeu: raises $0.04 to $0.06
t4carlos: calls $0.06
Dorex2007: folds 
Rockefeller0926: folds 
DonoBono10: folds 
Neptune27: calls $0.05
gringozijl01412: raises $3.12 to $3.18 and is all-in
Zakeeeu: folds 
t4carlos: calls $0.25 and is all-in
Neptune27: folds 
Uncalled bet ($2.87) returned to gringozijl01412
*** FLOP *** [4s 9h Jh]
*** TURN *** [4s 9h Jh] [As]
*** RIVER *** [4s 9h Jh As] [Kh]
*** SHOW DOWN ***
gringozijl01412: shows [Ah Js] (two pair, Aces and Jacks)
t4carlos: shows [Kc Qh] (a pair of Kings)
gringozijl01412 collected $0.71 from pot
*** SUMMARY ***
Total pot $0.74 | Rake $0.03 
Board [4s 9h Jh As Kh]
Seat 1: t4carlos showed [Kc Qh] and lost with a pair of Kings
Seat 3: Dorex2007 folded before Flop (didn't bet)
Seat 4: Rockefeller0926 folded before Flop (didn't bet)
Seat 5: DonoBono10 (button) folded before Flop (didn't bet)
Seat 6: Neptune27 (small blind) folded before Flop
Seat 7: gringozijl01412 (big blind) showed [Ah Js] and won ($0.71) with two pair, Aces and Jacks
Seat 8: DBA5 folded before Flop (didn't bet)
Seat 9: Zakeeeu folded before Flop



PokerStars Hand #237716698150:  Hold'em No Limit ($0.01/$0.02 USD) - 2022/07/31 21:32:08 PT [2022/08/01 0:32:08 ET]
Table 'Losaka' 9-max Seat #6 is the button
Seat 3: Dorex2007 ($2.30 in chips) 
Seat 4: Rockefeller0926 ($2.71 in chips) 
Seat 5: DonoBono10 ($2.30 in chips) 
Seat 6: Neptune27 ($2.44 in chips) 
Seat 7: gringozijl01412 ($3.58 in chips) 
Seat 8: DBA5 ($1.12 in chips) 
Seat 9: Zakeeeu ($1.86 in chips) 
gringozijl01412: posts small blind $0.01
DBA5: posts big blind $0.02
Hoobs 23: sits out 
*** HOLE CARDS ***
Dealt to Dorex2007 [4h 8h]
Zakeeeu: raises $0.04 to $0.06
Dorex2007: folds 
Rockefeller0926: folds 
DonoBono10: calls $0.06
Neptune27: folds 
gringozijl01412: calls $0.05
DBA5: calls $0.04
*** FLOP *** [Qs 4d Kh]
gringozijl01412: checks 
DBA5: checks 
Zakeeeu: checks 
DonoBono10: bets $0.11
gringozijl01412: calls $0.11
DBA5: calls $0.11
Zakeeeu: folds 
*** TURN *** [Qs 4d Kh] [9h]
gringozijl01412: checks 
DBA5: checks 
DonoBono10: checks 
*** RIVER *** [Qs 4d Kh 9h] [2d]
gringozijl01412: bets $3.41 and is all-in
DBA5: folds 
DonoBono10: folds 
Uncalled bet ($3.41) returned to gringozijl01412
gringozijl01412 collected $0.55 from pot
*** SUMMARY ***
Total pot $0.57 | Rake $0.02 
Board [Qs 4d Kh 9h 2d]
Seat 3: Dorex2007 folded before Flop (didn't bet)
Seat 4: Rockefeller0926 folded before Flop (didn't bet)
Seat 5: DonoBono10 folded on the River
Seat 6: Neptune27 (button) folded before Flop (didn't bet)
Seat 7: gringozijl01412 (small blind) collected ($0.55)
Seat 8: DBA5 (big blind) folded on the River
Seat 9: Zakeeeu folded on the Flop



PokerStars Hand #237716704156:  Hold'em No Limit ($0.01/$0.02 USD) - 2022/07/31 21:33:05 PT [2022/08/01 0:33:05 ET]
Table 'Losaka' 9-max Seat #7 is the button
Seat 1: t4carlos ($2 in chips) 
Seat 3: Dorex2007 ($2.30 in chips) 
Seat 4: Rockefeller0926 ($2.71 in chips) 
Seat 5: DonoBono10 ($2.13 in chips) 
Seat 6: Neptune27 ($2.44 in chips) 
Seat 7: gringozijl01412 ($3.96 in chips) 
Seat 8: DBA5 ($0.95 in chips) 
Seat 9: Zakeeeu ($1.80 in chips) 
DBA5: posts small blind $0.01
Zakeeeu: posts big blind $0.02
Hoobs 23: sits out 
*** HOLE CARDS ***
Dealt to Dorex2007 [4h Kc]
t4carlos: folds 
Dorex2007: folds 
Rockefeller0926: folds 
DonoBono10 has timed out
DonoBono10: folds 
Neptune27: folds 
gringozijl01412: raises $3.94 to $3.96 and is all-in
DBA5: folds 
Zakeeeu: folds 
Uncalled bet ($3.94) returned to gringozijl01412
gringozijl01412 collected $0.05 from pot
*** SUMMARY ***
Total pot $0.05 | Rake $0 
Seat 1: t4carlos folded before Flop (didn't bet)
Seat 3: Dorex2007 folded before Flop (didn't bet)
Seat 4: Rockefeller0926 folded before Flop (didn't bet)
Seat 5: DonoBono10 folded before Flop (didn't bet)
Seat 6: Neptune27 folded before Flop (didn't bet)
Seat 7: gringozijl01412 (button) collected ($0.05)
Seat 8: DBA5 (small blind) folded before Flop
Seat 9: Zakeeeu (big blind) folded before Flop



PokerStars Hand #237716707528:  Hold'em No Limit ($0.01/$0.02 USD) - 2022/07/31 21:33:38 PT [2022/08/01 0:33:38 ET]
Table 'Losaka' 9-max Seat #8 is the button
Seat 1: t4carlos ($2 in chips) 
Seat 3: Dorex2007 ($2.30 in chips) 
Seat 4: Rockefeller0926 ($2.71 in chips) 
Seat 5: DonoBono10 ($2.13 in chips) 
Seat 6: Neptune27 ($2.44 in chips) 
Seat 7: gringozijl01412 ($3.99 in chips) 
Seat 8: DBA5 ($0.94 in chips) 
Seat 9: Zakeeeu ($1.78 in chips) 
Zakeeeu: posts small blind $0.01
t4carlos: posts big blind $0.02
Hoobs 23: sits out 
*** HOLE CARDS ***
Dealt to Dorex2007 [5d 5s]
Dorex2007: raises $0.04 to $0.06
Rockefeller0926: calls $0.06
DonoBono10 has timed out
DonoBono10: folds 
Neptune27: folds 
gringozijl01412: raises $3.93 to $3.99 and is all-in
DBA5: folds 
Zakeeeu: folds 
t4carlos: folds 
Dorex2007: folds 
Rockefeller0926: folds 
Uncalled bet ($3.93) returned to gringozijl01412
gringozijl01412 collected $0.21 from pot
*** SUMMARY ***
Total pot $0.21 | Rake $0 
Seat 1: t4carlos (big blind) folded before Flop
Seat 3: Dorex2007 folded before Flop
Seat 4: Rockefeller0926 folded before Flop
Seat 5: DonoBono10 folded before Flop (didn't bet)
Seat 6: Neptune27 folded before Flop (didn't bet)
Seat 7: gringozijl01412 collected ($0.21)
Seat 8: DBA5 (button) folded before Flop (didn't bet)
Seat 9: Zakeeeu (small blind) folded before Flop



