PokerStars Hand #238130493770:  Hold'em No Limit ($0.02/$0.05 USD) - 2022/08/21 11:12:11 PT [2022/08/21 14:12:11 ET]
Table 'Kalypso III' 9-max Seat #3 is the button
Seat 1: xD3nn15 ($3.58 in chips) 
Seat 2: Vouka01 ($2.03 in chips) 
Seat 3: rodsvitor ($3.65 in chips) 
Seat 4: mooresie28 ($4.95 in chips) 
Seat 5: Dorex2007 ($5 in chips) 
Seat 6: FaleiLoucura ($4.95 in chips) 
Seat 7: emief.1 ($2 in chips) 
Seat 8: JVValle ($2 in chips) 
Seat 9: Angelika1201 ($2.52 in chips) 
mooresie28: posts small blind $0.02
Dorex2007: posts big blind $0.05
emief.1: posts big blind $0.05
JVValle: posts big blind $0.05
*** HOLE CARDS ***
Dealt to Dorex2007 [5h 4h]
FaleiLoucura: folds 
emief.1: checks 
JVValle: checks 
Angelika1201: calls $0.05
xD3nn15: calls $0.05
Vouka01: folds 
rodsvitor: raises $0.15 to $0.20
mooresie28: folds 
Dorex2007: folds 
emief.1: folds 
JVValle: calls $0.15
Angelika1201: calls $0.15
xD3nn15: folds 
*** FLOP *** [Ks Qs Jd]
JVValle: checks 
Angelika1201: checks 
rodsvitor: bets $0.37
JVValle: folds 
Angelika1201: folds 
Uncalled bet ($0.37) returned to rodsvitor
rodsvitor collected $0.74 from pot
*** SUMMARY ***
Total pot $0.77 | Rake $0.03 
Board [Ks Qs Jd]
Seat 1: xD3nn15 folded before Flop
Seat 2: Vouka01 folded before Flop (didn't bet)
Seat 3: rodsvitor (button) collected ($0.74)
Seat 4: mooresie28 (small blind) folded before Flop
Seat 5: Dorex2007 (big blind) folded before Flop
Seat 6: FaleiLoucura folded before Flop (didn't bet)
Seat 7: emief.1 folded before Flop (didn't bet)
Seat 8: JVValle folded on the Flop
Seat 9: Angelika1201 folded on the Flop



PokerStars Hand #238130513173:  Hold'em No Limit ($0.02/$0.05 USD) - 2022/08/21 11:12:59 PT [2022/08/21 14:12:59 ET]
Table 'Kalypso III' 9-max Seat #4 is the button
Seat 1: xD3nn15 ($3.53 in chips) 
Seat 2: Vouka01 ($2.03 in chips) 
Seat 3: rodsvitor ($4.19 in chips) 
Seat 4: mooresie28 ($4.93 in chips) 
Seat 5: Dorex2007 ($5 in chips) 
Seat 6: FaleiLoucura ($4.95 in chips) 
Seat 7: emief.1 ($1.95 in chips) 
Seat 8: JVValle ($1.80 in chips) 
Seat 9: Angelika1201 ($2.32 in chips) 
Dorex2007: posts small blind $0.02
FaleiLoucura: posts big blind $0.05
*** HOLE CARDS ***
Dealt to Dorex2007 [6h 7s]
emief.1: calls $0.05
JVValle: folds 
Angelika1201: folds 
xD3nn15: folds 
Vouka01: folds 
rodsvitor: folds 
mooresie28: raises $0.15 to $0.20
Dorex2007: folds 
FaleiLoucura: calls $0.15
emief.1: calls $0.15
*** FLOP *** [2h 3s Td]
FaleiLoucura: checks 
emief.1: checks 
mooresie28: bets $0.34
FaleiLoucura: folds 
emief.1: folds 
Uncalled bet ($0.34) returned to mooresie28
mooresie28 collected $0.59 from pot
*** SUMMARY ***
Total pot $0.62 | Rake $0.03 
Board [2h 3s Td]
Seat 1: xD3nn15 folded before Flop (didn't bet)
Seat 2: Vouka01 folded before Flop (didn't bet)
Seat 3: rodsvitor folded before Flop (didn't bet)
Seat 4: mooresie28 (button) collected ($0.59)
Seat 5: Dorex2007 (small blind) folded before Flop
Seat 6: FaleiLoucura (big blind) folded on the Flop
Seat 7: emief.1 folded on the Flop
Seat 8: JVValle folded before Flop (didn't bet)
Seat 9: Angelika1201 folded before Flop (didn't bet)



PokerStars Hand #238130531177:  Hold'em No Limit ($0.02/$0.05 USD) - 2022/08/21 11:13:43 PT [2022/08/21 14:13:43 ET]
Table 'Kalypso III' 9-max Seat #5 is the button
Seat 1: xD3nn15 ($3.53 in chips) 
Seat 2: Vouka01 ($2.03 in chips) 
Seat 3: rodsvitor ($4.19 in chips) 
Seat 4: mooresie28 ($5.32 in chips) 
Seat 5: Dorex2007 ($5 in chips) 
Seat 6: FaleiLoucura ($4.75 in chips) 
Seat 7: emief.1 ($1.75 in chips) 
Seat 8: JVValle ($1.80 in chips) 
Seat 9: Angelika1201 ($2.32 in chips) 
FaleiLoucura: posts small blind $0.02
emief.1: posts big blind $0.05
*** HOLE CARDS ***
Dealt to Dorex2007 [Th 2h]
JVValle: raises $0.05 to $0.10
Angelika1201: folds 
xD3nn15: calls $0.10
Vouka01: folds 
rodsvitor: folds 
mooresie28: folds 
Dorex2007: folds 
FaleiLoucura: folds 
emief.1: calls $0.05
*** FLOP *** [5d Jd 5c]
emief.1: bets $0.15
JVValle: raises $0.15 to $0.30
xD3nn15: folds 
emief.1: folds 
Uncalled bet ($0.15) returned to JVValle
JVValle collected $0.59 from pot
JVValle: doesn't show hand 
*** SUMMARY ***
Total pot $0.62 | Rake $0.03 
Board [5d Jd 5c]
Seat 1: xD3nn15 folded on the Flop
Seat 2: Vouka01 folded before Flop (didn't bet)
Seat 3: rodsvitor folded before Flop (didn't bet)
Seat 4: mooresie28 folded before Flop (didn't bet)
Seat 5: Dorex2007 (button) folded before Flop (didn't bet)
Seat 6: FaleiLoucura (small blind) folded before Flop
Seat 7: emief.1 (big blind) folded on the Flop
Seat 8: JVValle collected ($0.59)
Seat 9: Angelika1201 folded before Flop (didn't bet)



PokerStars Hand #238130540581:  Hold'em No Limit ($0.02/$0.05 USD) - 2022/08/21 11:14:06 PT [2022/08/21 14:14:06 ET]
Table 'Kalypso III' 9-max Seat #6 is the button
Seat 1: xD3nn15 ($3.43 in chips) 
Seat 2: Vouka01 ($2.03 in chips) 
Seat 3: rodsvitor ($4.19 in chips) 
Seat 4: mooresie28 ($5.32 in chips) 
Seat 5: Dorex2007 ($5 in chips) 
Seat 6: FaleiLoucura ($4.73 in chips) 
Seat 7: emief.1 ($1.50 in chips) 
Seat 8: JVValle ($2.14 in chips) 
Seat 9: Angelika1201 ($2.32 in chips) 
emief.1: posts small blind $0.02
JVValle: posts big blind $0.05
*** HOLE CARDS ***
Dealt to Dorex2007 [9c 4c]
Angelika1201: calls $0.05
xD3nn15: folds 
Vouka01: folds 
rodsvitor: folds 
mooresie28: folds 
Dorex2007: folds 
FaleiLoucura: calls $0.05
emief.1: calls $0.03
JVValle: checks 
*** FLOP *** [Jc 9s 5c]
emief.1: checks 
JVValle: bets $0.09
Angelika1201: calls $0.09
FaleiLoucura: calls $0.09
emief.1: calls $0.09
*** TURN *** [Jc 9s 5c] [As]
emief.1: checks 
JVValle: bets $0.27
Angelika1201: calls $0.27
FaleiLoucura: calls $0.27
emief.1: calls $0.27
*** RIVER *** [Jc 9s 5c As] [7d]
emief.1: checks 
JVValle: bets $0.05
Angelika1201: folds 
FaleiLoucura: calls $0.05
emief.1: calls $0.05
*** SHOW DOWN ***
JVValle: shows [9d 3d] (a pair of Nines)
FaleiLoucura: shows [Js 6d] (a pair of Jacks)
emief.1: mucks hand 
FaleiLoucura collected $1.72 from pot
*** SUMMARY ***
Total pot $1.79 | Rake $0.07 
Board [Jc 9s 5c As 7d]
Seat 1: xD3nn15 folded before Flop (didn't bet)
Seat 2: Vouka01 folded before Flop (didn't bet)
Seat 3: rodsvitor folded before Flop (didn't bet)
Seat 4: mooresie28 folded before Flop (didn't bet)
Seat 5: Dorex2007 folded before Flop (didn't bet)
Seat 6: FaleiLoucura (button) showed [Js 6d] and won ($1.72) with a pair of Jacks
Seat 7: emief.1 (small blind) mucked [Tc 7c]
Seat 8: JVValle (big blind) showed [9d 3d] and lost with a pair of Nines
Seat 9: Angelika1201 folded on the River



PokerStars Hand #238130569116:  Hold'em No Limit ($0.02/$0.05 USD) - 2022/08/21 11:15:17 PT [2022/08/21 14:15:17 ET]
Table 'Kalypso III' 9-max Seat #7 is the button
Seat 1: xD3nn15 ($3.43 in chips) 
Seat 2: Vouka01 ($2.03 in chips) 
Seat 3: rodsvitor ($4.19 in chips) 
Seat 4: mooresie28 ($5.32 in chips) 
Seat 5: Dorex2007 ($5 in chips) 
Seat 6: FaleiLoucura ($5.99 in chips) 
Seat 7: emief.1 ($1.04 in chips) 
Seat 8: JVValle ($1.68 in chips) 
Seat 9: Angelika1201 ($1.91 in chips) 
JVValle: posts small blind $0.02
Angelika1201: posts big blind $0.05
*** HOLE CARDS ***
Dealt to Dorex2007 [Th Ah]
xD3nn15: calls $0.05
Vouka01: folds 
rodsvitor: calls $0.05
mooresie28: folds 
Dorex2007: raises $0.10 to $0.15
FaleiLoucura: folds 
emief.1: calls $0.15
JVValle: calls $0.13
Angelika1201: calls $0.10
xD3nn15: calls $0.10
rodsvitor: calls $0.10
*** FLOP *** [6d Js 8h]
JVValle: checks 
Angelika1201: checks 
xD3nn15: checks 
rodsvitor: checks 
Dorex2007: checks 
emief.1: bets $0.10
JVValle: folds 
Angelika1201: raises $1.66 to $1.76 and is all-in
xD3nn15: folds 
rodsvitor: folds 
Dorex2007: folds 
emief.1: calls $0.79 and is all-in
Uncalled bet ($0.87) returned to Angelika1201
*** TURN *** [6d Js 8h] [9h]
*** RIVER *** [6d Js 8h 9h] [3d]
*** SHOW DOWN ***
Angelika1201: shows [Qs Qh] (a pair of Queens)
emief.1: shows [Jh As] (a pair of Jacks)
Angelika1201 collected $2.54 from pot
emief.1 cashed out the hand for $0.50 | Cash Out Fee $0.01
*** SUMMARY ***
Total pot $2.68 | Rake $0.14 
Board [6d Js 8h 9h 3d]
Seat 1: xD3nn15 folded on the Flop
Seat 2: Vouka01 folded before Flop (didn't bet)
Seat 3: rodsvitor folded on the Flop
Seat 4: mooresie28 folded before Flop (didn't bet)
Seat 5: Dorex2007 folded on the Flop
Seat 6: FaleiLoucura folded before Flop (didn't bet)
Seat 7: emief.1 (button) showed [Jh As] and lost with a pair of Jacks (cashed out).
Seat 8: JVValle (small blind) folded on the Flop
Seat 9: Angelika1201 (big blind) showed [Qs Qh] and won ($2.54) with a pair of Queens



PokerStars Hand #238130600527:  Hold'em No Limit ($0.02/$0.05 USD) - 2022/08/21 11:16:34 PT [2022/08/21 14:16:34 ET]
Table 'Kalypso III' 9-max Seat #8 is the button
Seat 1: xD3nn15 ($3.28 in chips) 
Seat 2: Vouka01 ($2.03 in chips) 
Seat 3: rodsvitor ($4.04 in chips) 
Seat 4: mooresie28 ($5.32 in chips) 
Seat 5: Dorex2007 ($5 in chips) 
Seat 6: FaleiLoucura ($5.99 in chips) 
Seat 7: emief.1 ($0.50 in chips) 
Seat 8: JVValle ($1.53 in chips) 
Seat 9: Angelika1201 ($3.41 in chips) 
Angelika1201: posts small blind $0.02
xD3nn15: posts big blind $0.05
*** HOLE CARDS ***
Dealt to Dorex2007 [3d 6d]
Vouka01: folds 
rodsvitor: folds 
mooresie28: folds 
Dorex2007: folds 
FaleiLoucura: calls $0.05
emief.1: raises $0.45 to $0.50 and is all-in
JVValle: calls $0.50
Angelika1201: calls $0.48
xD3nn15: folds 
FaleiLoucura: folds 
*** FLOP *** [5c 3c Td]
Angelika1201: bets $0.76
JVValle: calls $0.76
*** TURN *** [5c 3c Td] [Jd]
Angelika1201: checks 
JVValle: bets $0.27 and is all-in
Angelika1201: calls $0.27
*** RIVER *** [5c 3c Td Jd] [6h]
*** SHOW DOWN ***
Angelika1201: shows [Th Ac] (a pair of Tens)
JVValle: shows [Ad 3s] (a pair of Threes)
Angelika1201 collected $1.96 from side pot
emief.1: shows [7c As] (high card Ace)
Angelika1201 collected $1.51 from main pot
JVValle cashed out the hand for $0.16
*** SUMMARY ***
Total pot $3.66 Main pot $1.51. Side pot $1.96. | Rake $0.19 
Board [5c 3c Td Jd 6h]
Seat 1: xD3nn15 (big blind) folded before Flop
Seat 2: Vouka01 folded before Flop (didn't bet)
Seat 3: rodsvitor folded before Flop (didn't bet)
Seat 4: mooresie28 folded before Flop (didn't bet)
Seat 5: Dorex2007 folded before Flop (didn't bet)
Seat 6: FaleiLoucura folded before Flop
Seat 7: emief.1 showed [7c As] and lost with high card Ace
Seat 8: JVValle (button) showed [Ad 3s] and lost with a pair of Threes (cashed out).
Seat 9: Angelika1201 (small blind) showed [Th Ac] and won ($3.47) with a pair of Tens



PokerStars Hand #238130618496:  Hold'em No Limit ($0.02/$0.05 USD) - 2022/08/21 11:17:18 PT [2022/08/21 14:17:18 ET]
Table 'Kalypso III' 9-max Seat #9 is the button
Seat 1: xD3nn15 ($3.23 in chips) 
Seat 2: Vouka01 ($2.03 in chips) 
Seat 3: rodsvitor ($4.04 in chips) 
Seat 4: mooresie28 ($5.32 in chips) 
Seat 5: Dorex2007 ($5 in chips) 
Seat 6: FaleiLoucura ($5.94 in chips) 
Seat 8: JVValle ($0.16 in chips) 
Seat 9: Angelika1201 ($5.35 in chips) 
xD3nn15: posts small blind $0.02
Vouka01: posts big blind $0.05
*** HOLE CARDS ***
Dealt to Dorex2007 [8d 6d]
rodsvitor: folds 
mooresie28: raises $0.10 to $0.15
Dorex2007: folds 
emief.1 leaves the table
FaleiLoucura: folds 
JVValle: raises $0.01 to $0.16 and is all-in
Angelika1201: calls $0.16
elefantme joins the table at seat #7 
xD3nn15: folds 
Vouka01: folds 
mooresie28: calls $0.01
*** FLOP *** [6h Ts 4h]
mooresie28: checks 
Angelika1201: checks 
*** TURN *** [6h Ts 4h] [9d]
mooresie28: bets $0.15
Angelika1201: calls $0.15
*** RIVER *** [6h Ts 4h 9d] [Kh]
mooresie28: bets $0.15
Angelika1201: calls $0.15
*** SHOW DOWN ***
mooresie28: shows [Qd Qs] (a pair of Queens)
Angelika1201: mucks hand 
mooresie28 collected $0.57 from side pot
JVValle: shows [Qc Jd] (a straight, Nine to King)
JVValle collected $0.53 from main pot
*** SUMMARY ***
Total pot $1.15 Main pot $0.53. Side pot $0.57. | Rake $0.05 
Board [6h Ts 4h 9d Kh]
Seat 1: xD3nn15 (small blind) folded before Flop
Seat 2: Vouka01 (big blind) folded before Flop
Seat 3: rodsvitor folded before Flop (didn't bet)
Seat 4: mooresie28 showed [Qd Qs] and won ($0.57) with a pair of Queens
Seat 5: Dorex2007 folded before Flop (didn't bet)
Seat 6: FaleiLoucura folded before Flop (didn't bet)
Seat 8: JVValle showed [Qc Jd] and won ($0.53) with a straight, Nine to King
Seat 9: Angelika1201 (button) mucked [7h 7s]



PokerStars Hand #238130641756:  Hold'em No Limit ($0.02/$0.05 USD) - 2022/08/21 11:17:58 PT [2022/08/21 14:17:58 ET]
Table 'Kalypso III' 9-max Seat #1 is the button
Seat 1: xD3nn15 ($3.21 in chips) 
Seat 2: Vouka01 ($1.98 in chips) 
Seat 3: rodsvitor ($4.04 in chips) 
Seat 4: mooresie28 ($5.43 in chips) 
Seat 5: Dorex2007 ($5 in chips) 
Seat 6: FaleiLoucura ($5.94 in chips) 
Seat 8: JVValle ($0.53 in chips) 
Seat 9: Angelika1201 ($4.89 in chips) 
Vouka01: posts small blind $0.02
rodsvitor: posts big blind $0.05
elefantme: sits out 
*** HOLE CARDS ***
Dealt to Dorex2007 [Ts Qh]
mooresie28: folds 
Dorex2007: folds 
FaleiLoucura: calls $0.05
JVValle: calls $0.05
Angelika1201: folds 
xD3nn15: calls $0.05
Vouka01: folds 
rodsvitor: checks 
*** FLOP *** [Ad 8s Kd]
rodsvitor: checks 
FaleiLoucura: checks 
JVValle: checks 
xD3nn15: checks 
*** TURN *** [Ad 8s Kd] [Kc]
rodsvitor: checks 
FaleiLoucura: checks 
JVValle: checks 
xD3nn15: bets $0.07
rodsvitor: folds 
FaleiLoucura: folds 
JVValle: folds 
Uncalled bet ($0.07) returned to xD3nn15
xD3nn15 collected $0.21 from pot
*** SUMMARY ***
Total pot $0.22 | Rake $0.01 
Board [Ad 8s Kd Kc]
Seat 1: xD3nn15 (button) collected ($0.21)
Seat 2: Vouka01 (small blind) folded before Flop
Seat 3: rodsvitor (big blind) folded on the Turn
Seat 4: mooresie28 folded before Flop (didn't bet)
Seat 5: Dorex2007 folded before Flop (didn't bet)
Seat 6: FaleiLoucura folded on the Turn
Seat 8: JVValle folded on the Turn
Seat 9: Angelika1201 folded before Flop (didn't bet)



PokerStars Hand #238130671203:  Hold'em No Limit ($0.02/$0.05 USD) - 2022/08/21 11:19:11 PT [2022/08/21 14:19:11 ET]
Table 'Kalypso III' 9-max Seat #2 is the button
Seat 1: xD3nn15 ($3.37 in chips) 
Seat 2: Vouka01 ($1.96 in chips) 
Seat 3: rodsvitor ($3.99 in chips) 
Seat 4: mooresie28 ($5.43 in chips) 
Seat 5: Dorex2007 ($5 in chips) 
Seat 6: FaleiLoucura ($5.89 in chips) 
Seat 8: JVValle ($0.48 in chips) 
Seat 9: Angelika1201 ($4.89 in chips) 
rodsvitor: posts small blind $0.02
mooresie28: posts big blind $0.05
elefantme: sits out 
*** HOLE CARDS ***
Dealt to Dorex2007 [Ah Th]
Dorex2007: raises $0.10 to $0.15
FaleiLoucura: folds 
FaleiLoucura leaves the table
JVValle: folds 
Angelika1201: folds 
xD3nn15: folds 
Vouka01: folds 
BuzzkillBaby joins the table at seat #6 
rodsvitor: folds 
mooresie28: folds 
Uncalled bet ($0.10) returned to Dorex2007
Dorex2007 collected $0.12 from pot
Dorex2007: doesn't show hand 
*** SUMMARY ***
Total pot $0.12 | Rake $0 
Seat 1: xD3nn15 folded before Flop (didn't bet)
Seat 2: Vouka01 (button) folded before Flop (didn't bet)
Seat 3: rodsvitor (small blind) folded before Flop
Seat 4: mooresie28 (big blind) folded before Flop
Seat 5: Dorex2007 collected ($0.12)
Seat 6: FaleiLoucura folded before Flop (didn't bet)
Seat 8: JVValle folded before Flop (didn't bet)
Seat 9: Angelika1201 folded before Flop (didn't bet)



PokerStars Hand #238130677817:  Hold'em No Limit ($0.02/$0.05 USD) - 2022/08/21 11:19:27 PT [2022/08/21 14:19:27 ET]
Table 'Kalypso III' 9-max Seat #3 is the button
Seat 1: xD3nn15 ($3.37 in chips) 
Seat 2: Vouka01 ($1.96 in chips) 
Seat 3: rodsvitor ($3.97 in chips) 
Seat 4: mooresie28 ($5.38 in chips) 
Seat 5: Dorex2007 ($5.07 in chips) 
Seat 6: BuzzkillBaby ($4 in chips) 
Seat 8: JVValle ($0.48 in chips) 
Seat 9: Angelika1201 ($4.89 in chips) 
mooresie28: posts small blind $0.02
Dorex2007: posts big blind $0.05
BuzzkillBaby: posts big blind $0.05
elefantme: sits out 
*** HOLE CARDS ***
Dealt to Dorex2007 [Js 2c]
BuzzkillBaby: checks 
JVValle: folds 
Angelika1201: folds 
xD3nn15: folds 
Vouka01: raises $0.15 to $0.20
rodsvitor: folds 
mooresie28: folds 
Dorex2007: folds 
BuzzkillBaby: calls $0.15
*** FLOP *** [Kh 7d Jd]
BuzzkillBaby: checks 
Vouka01: bets $0.22
BuzzkillBaby: calls $0.22
*** TURN *** [Kh 7d Jd] [Tc]
BuzzkillBaby: bets $0.43
Vouka01: calls $0.43
*** RIVER *** [Kh 7d Jd Tc] [As]
BuzzkillBaby: checks 
Vouka01: checks 
*** SHOW DOWN ***
BuzzkillBaby: shows [9c 8s] (a straight, Seven to Jack)
Vouka01: mucks hand 
BuzzkillBaby collected $1.70 from pot
*** SUMMARY ***
Total pot $1.77 | Rake $0.07 
Board [Kh 7d Jd Tc As]
Seat 1: xD3nn15 folded before Flop (didn't bet)
Seat 2: Vouka01 mucked [Jc Ad]
Seat 3: rodsvitor (button) folded before Flop (didn't bet)
Seat 4: mooresie28 (small blind) folded before Flop
Seat 5: Dorex2007 (big blind) folded before Flop
Seat 6: BuzzkillBaby showed [9c 8s] and won ($1.70) with a straight, Seven to Jack
Seat 8: JVValle folded before Flop (didn't bet)
Seat 9: Angelika1201 folded before Flop (didn't bet)



PokerStars Hand #238130696905:  Hold'em No Limit ($0.02/$0.05 USD) - 2022/08/21 11:20:15 PT [2022/08/21 14:20:15 ET]
Table 'Kalypso III' 9-max Seat #4 is the button
Seat 1: xD3nn15 ($3.37 in chips) 
Seat 2: Vouka01 ($1.11 in chips) 
Seat 3: rodsvitor ($3.97 in chips) 
Seat 4: mooresie28 ($5.36 in chips) 
Seat 5: Dorex2007 ($5.02 in chips) 
Seat 6: BuzzkillBaby ($4.85 in chips) 
Seat 8: JVValle ($0.48 in chips) 
Seat 9: Angelika1201 ($4.89 in chips) 
Dorex2007: posts small blind $0.02
BuzzkillBaby: posts big blind $0.05
elefantme: sits out 
*** HOLE CARDS ***
Dealt to Dorex2007 [9d 7s]
JVValle: calls $0.05
Angelika1201: folds 
xD3nn15: calls $0.05
Vouka01: raises $0.22 to $0.27
rodsvitor: folds 
mooresie28: folds 
Dorex2007: folds 
BuzzkillBaby: folds 
JVValle: folds 
xD3nn15: folds 
Uncalled bet ($0.22) returned to Vouka01
Vouka01 collected $0.22 from pot
Vouka01: doesn't show hand 
*** SUMMARY ***
Total pot $0.22 | Rake $0 
Seat 1: xD3nn15 folded before Flop
Seat 2: Vouka01 collected ($0.22)
Seat 3: rodsvitor folded before Flop (didn't bet)
Seat 4: mooresie28 (button) folded before Flop (didn't bet)
Seat 5: Dorex2007 (small blind) folded before Flop
Seat 6: BuzzkillBaby (big blind) folded before Flop
Seat 8: JVValle folded before Flop
Seat 9: Angelika1201 folded before Flop (didn't bet)



PokerStars Hand #238130710057:  Hold'em No Limit ($0.02/$0.05 USD) - 2022/08/21 11:20:48 PT [2022/08/21 14:20:48 ET]
Table 'Kalypso III' 9-max Seat #5 is the button
Seat 1: xD3nn15 ($3.32 in chips) 
Seat 2: Vouka01 ($1.28 in chips) 
Seat 3: rodsvitor ($3.97 in chips) 
Seat 4: mooresie28 ($5.36 in chips) 
Seat 5: Dorex2007 ($5 in chips) 
Seat 6: BuzzkillBaby ($4.80 in chips) 
Seat 7: elefantme ($5 in chips) 
Seat 8: JVValle ($0.43 in chips) 
Seat 9: Angelika1201 ($4.89 in chips) 
BuzzkillBaby: posts small blind $0.02
elefantme: posts big blind $0.05
*** HOLE CARDS ***
Dealt to Dorex2007 [Qh Qs]
JVValle: calls $0.05
Angelika1201: folds 
xD3nn15: folds 
Vouka01: raises $0.10 to $0.15
rodsvitor: calls $0.15
mooresie28: folds 
Dorex2007: raises $0.30 to $0.45
BuzzkillBaby: folds 
elefantme: calls $0.40
JVValle: folds 
Vouka01: calls $0.30
rodsvitor: folds 
*** FLOP *** [Ac 8s 7s]
elefantme: checks 
Vouka01: bets $0.83 and is all-in
Dorex2007: folds 
elefantme: calls $0.83
*** TURN *** [Ac 8s 7s] [3d]
*** RIVER *** [Ac 8s 7s 3d] [6c]
*** SHOW DOWN ***
elefantme: shows [Ks As] (a pair of Aces)
Vouka01: shows [4h 4s] (a pair of Fours)
elefantme collected $3.10 from pot
Vouka01 cashed out the hand for $0.25
*** SUMMARY ***
Total pot $3.23 | Rake $0.13 
Board [Ac 8s 7s 3d 6c]
Seat 1: xD3nn15 folded before Flop (didn't bet)
Seat 2: Vouka01 showed [4h 4s] and lost with a pair of Fours (cashed out).
Seat 3: rodsvitor folded before Flop
Seat 4: mooresie28 folded before Flop (didn't bet)
Seat 5: Dorex2007 (button) folded on the Flop
Seat 6: BuzzkillBaby (small blind) folded before Flop
Seat 7: elefantme (big blind) showed [Ks As] and won ($3.10) with a pair of Aces
Seat 8: JVValle folded before Flop
Seat 9: Angelika1201 folded before Flop (didn't bet)



PokerStars Hand #238130739083:  Hold'em No Limit ($0.02/$0.05 USD) - 2022/08/21 11:21:59 PT [2022/08/21 14:21:59 ET]
Table 'Kalypso III' 9-max Seat #6 is the button
Seat 1: xD3nn15 ($3.32 in chips) 
Seat 2: Vouka01 ($0.25 in chips) 
Seat 3: rodsvitor ($3.82 in chips) 
Seat 4: mooresie28 ($5.36 in chips) 
Seat 5: Dorex2007 ($5 in chips) 
Seat 6: BuzzkillBaby ($4.78 in chips) 
Seat 7: elefantme ($6.82 in chips) 
Seat 8: JVValle ($0.38 in chips) 
Seat 9: Angelika1201 ($4.89 in chips) 
elefantme: posts small blind $0.02
JVValle: posts big blind $0.05
*** HOLE CARDS ***
Dealt to Dorex2007 [2d 2s]
Angelika1201: calls $0.05
xD3nn15: folds 
Vouka01: folds 
rodsvitor: raises $0.10 to $0.15
mooresie28: folds 
Dorex2007: folds 
BuzzkillBaby: folds 
elefantme: raises $0.20 to $0.35
JVValle: raises $0.03 to $0.38 and is all-in
Angelika1201: calls $0.33
rodsvitor: calls $0.23
elefantme: calls $0.03
*** FLOP *** [9d 8s 6c]
elefantme: bets $0.73
Angelika1201: calls $0.73
rodsvitor: folds 
*** TURN *** [9d 8s 6c] [5c]
elefantme: bets $0.20
Angelika1201: raises $3.58 to $3.78 and is all-in
elefantme: calls $3.58
*** RIVER *** [9d 8s 6c 5c] [7h]
*** SHOW DOWN ***
elefantme: shows [Kc Ks] (a straight, Five to Nine)
Angelika1201: shows [7c 6d] (a straight, Five to Nine)
elefantme collected $4.32 from side pot
Angelika1201 collected $4.27 from side pot
JVValle: shows [5s Ah] (a straight, Five to Nine)
elefantme collected $0.49 from main pot
JVValle collected $0.49 from main pot
Angelika1201 collected $0.48 from main pot
*** SUMMARY ***
Total pot $10.54 Main pot $1.46. Side pot $8.59. | Rake $0.49 
Board [9d 8s 6c 5c 7h]
Seat 1: xD3nn15 folded before Flop (didn't bet)
Seat 2: Vouka01 folded before Flop (didn't bet)
Seat 3: rodsvitor folded on the Flop
Seat 4: mooresie28 folded before Flop (didn't bet)
Seat 5: Dorex2007 folded before Flop (didn't bet)
Seat 6: BuzzkillBaby (button) folded before Flop (didn't bet)
Seat 7: elefantme (small blind) showed [Kc Ks] and won ($4.81) with a straight, Five to Nine
Seat 8: JVValle (big blind) showed [5s Ah] and won ($0.49) with a straight, Five to Nine
Seat 9: Angelika1201 showed [7c 6d] and won ($4.75) with a straight, Five to Nine



PokerStars Hand #238130780291:  Hold'em No Limit ($0.02/$0.05 USD) - 2022/08/21 11:23:41 PT [2022/08/21 14:23:41 ET]
Table 'Kalypso III' 9-max Seat #7 is the button
Seat 1: xD3nn15 ($3.32 in chips) 
Seat 2: Vouka01 ($0.25 in chips) 
Seat 3: rodsvitor ($3.44 in chips) 
Seat 4: mooresie28 ($5.36 in chips) 
Seat 5: Dorex2007 ($5 in chips) 
Seat 6: BuzzkillBaby ($4.78 in chips) 
Seat 7: elefantme ($6.74 in chips) 
Seat 8: JVValle ($0.49 in chips) 
Seat 9: Angelika1201 ($4.75 in chips) 
JVValle: posts small blind $0.02
Angelika1201: posts big blind $0.05
*** HOLE CARDS ***
Dealt to Dorex2007 [Kd Qs]
xD3nn15: folds 
Vouka01: folds 
rodsvitor: calls $0.05
mooresie28: calls $0.05
Dorex2007: calls $0.05
BuzzkillBaby: calls $0.05
elefantme: raises $0.20 to $0.25
JVValle: folds 
Angelika1201: calls $0.20
rodsvitor: calls $0.20
mooresie28: folds 
Dorex2007: calls $0.20
BuzzkillBaby: folds 
*** FLOP *** [4c Ks Ad]
Angelika1201: checks 
rodsvitor: checks 
Dorex2007: checks 
elefantme: checks 
*** TURN *** [4c Ks Ad] [3s]
Angelika1201: bets $1.07
rodsvitor: folds 
Dorex2007: folds 
elefantme: raises $1.07 to $2.14
Angelika1201: calls $1.07
*** RIVER *** [4c Ks Ad 3s] [8h]
Angelika1201: bets $2.36 and is all-in
elefantme: folds 
Uncalled bet ($2.36) returned to Angelika1201
Angelika1201 collected $5.12 from pot
*** SUMMARY ***
Total pot $5.40 | Rake $0.28 
Board [4c Ks Ad 3s 8h]
Seat 1: xD3nn15 folded before Flop (didn't bet)
Seat 2: Vouka01 folded before Flop (didn't bet)
Seat 3: rodsvitor folded on the Turn
Seat 4: mooresie28 folded before Flop
Seat 5: Dorex2007 folded on the Turn
Seat 6: BuzzkillBaby folded before Flop
Seat 7: elefantme (button) folded on the River
Seat 8: JVValle (small blind) folded before Flop
Seat 9: Angelika1201 (big blind) collected ($5.12)



PokerStars Hand #238130822005:  Hold'em No Limit ($0.02/$0.05 USD) - 2022/08/21 11:25:25 PT [2022/08/21 14:25:25 ET]
Table 'Kalypso III' 9-max Seat #8 is the button
Seat 1: xD3nn15 ($3.32 in chips) 
Seat 2: Vouka01 ($2.30 in chips) 
Seat 3: rodsvitor ($3.19 in chips) 
Seat 4: mooresie28 ($5.31 in chips) 
Seat 5: Dorex2007 ($5 in chips) 
Seat 6: BuzzkillBaby ($4.73 in chips) 
Seat 7: elefantme ($5 in chips) 
Seat 8: JVValle ($0.47 in chips) 
Seat 9: Angelika1201 ($7.48 in chips) 
Angelika1201: posts small blind $0.02
xD3nn15: posts big blind $0.05
*** HOLE CARDS ***
Dealt to Dorex2007 [Td 2d]
Vouka01: folds 
rodsvitor: folds 
mooresie28: folds 
Dorex2007: folds 
BuzzkillBaby: calls $0.05
elefantme: folds 
JVValle: calls $0.05
Angelika1201: calls $0.03
xD3nn15: checks 
*** FLOP *** [Kd Tc Ac]
Angelika1201: checks 
xD3nn15: checks 
BuzzkillBaby: bets $0.09
JVValle: folds 
Angelika1201: folds 
xD3nn15: calls $0.09
*** TURN *** [Kd Tc Ac] [7d]
xD3nn15: checks 
BuzzkillBaby: bets $0.18
xD3nn15: folds 
Uncalled bet ($0.18) returned to BuzzkillBaby
BuzzkillBaby collected $0.36 from pot
*** SUMMARY ***
Total pot $0.38 | Rake $0.02 
Board [Kd Tc Ac 7d]
Seat 1: xD3nn15 (big blind) folded on the Turn
Seat 2: Vouka01 folded before Flop (didn't bet)
Seat 3: rodsvitor folded before Flop (didn't bet)
Seat 4: mooresie28 folded before Flop (didn't bet)
Seat 5: Dorex2007 folded before Flop (didn't bet)
Seat 6: BuzzkillBaby collected ($0.36)
Seat 7: elefantme folded before Flop (didn't bet)
Seat 8: JVValle (button) folded on the Flop
Seat 9: Angelika1201 (small blind) folded on the Flop



PokerStars Hand #238130845562:  Hold'em No Limit ($0.02/$0.05 USD) - 2022/08/21 11:26:24 PT [2022/08/21 14:26:24 ET]
Table 'Kalypso III' 9-max Seat #9 is the button
Seat 1: xD3nn15 ($3.18 in chips) 
Seat 2: Vouka01 ($2.30 in chips) 
Seat 3: rodsvitor ($3.19 in chips) 
Seat 4: mooresie28 ($5.31 in chips) 
Seat 5: Dorex2007 ($5 in chips) 
Seat 6: BuzzkillBaby ($4.95 in chips) 
Seat 7: elefantme ($5 in chips) 
Seat 8: JVValle ($0.42 in chips) 
Seat 9: Angelika1201 ($7.43 in chips) 
xD3nn15: posts small blind $0.02
Vouka01: posts big blind $0.05
*** HOLE CARDS ***
Dealt to Dorex2007 [6s Qs]
rodsvitor: folds 
mooresie28: folds 
Dorex2007: folds 
BuzzkillBaby: calls $0.05
elefantme: raises $0.15 to $0.20
JVValle: folds 
Angelika1201: calls $0.20
xD3nn15: folds 
Vouka01: folds 
BuzzkillBaby: folds 
*** FLOP *** [Qc Qd 2c]
elefantme: bets $0.25
Angelika1201: calls $0.25
*** TURN *** [Qc Qd 2c] [Tc]
elefantme: bets $0.49
Angelika1201: calls $0.49
*** RIVER *** [Qc Qd 2c Tc] [6c]
elefantme: checks 
Angelika1201: checks 
*** SHOW DOWN ***
elefantme: shows [Kd Ad] (a pair of Queens)
Angelika1201: shows [5c As] (a flush, Queen high)
Angelika1201 collected $1.90 from pot
*** SUMMARY ***
Total pot $2 | Rake $0.10 
Board [Qc Qd 2c Tc 6c]
Seat 1: xD3nn15 (small blind) folded before Flop
Seat 2: Vouka01 (big blind) folded before Flop
Seat 3: rodsvitor folded before Flop (didn't bet)
Seat 4: mooresie28 folded before Flop (didn't bet)
Seat 5: Dorex2007 folded before Flop (didn't bet)
Seat 6: BuzzkillBaby folded before Flop
Seat 7: elefantme showed [Kd Ad] and lost with a pair of Queens
Seat 8: JVValle folded before Flop (didn't bet)
Seat 9: Angelika1201 (button) showed [5c As] and won ($1.90) with a flush, Queen high



PokerStars Hand #238130870067:  Hold'em No Limit ($0.02/$0.05 USD) - 2022/08/21 11:27:26 PT [2022/08/21 14:27:26 ET]
Table 'Kalypso III' 9-max Seat #1 is the button
Seat 1: xD3nn15 ($3.16 in chips) 
Seat 2: Vouka01 ($2.25 in chips) 
Seat 3: rodsvitor ($3.19 in chips) 
Seat 4: mooresie28 ($5.31 in chips) 
Seat 5: Dorex2007 ($5 in chips) 
Seat 6: BuzzkillBaby ($4.90 in chips) 
Seat 7: elefantme ($5 in chips) 
Seat 8: JVValle ($0.42 in chips) 
Seat 9: Angelika1201 ($8.39 in chips) 
Vouka01: posts small blind $0.02
rodsvitor: posts big blind $0.05
*** HOLE CARDS ***
Dealt to Dorex2007 [3h 8d]
mooresie28: folds 
Dorex2007: folds 
BuzzkillBaby: calls $0.05
elefantme: folds 
JVValle: calls $0.05
Angelika1201: folds 
xD3nn15: folds 
Vouka01: raises $0.20 to $0.25
rodsvitor: folds 
BuzzkillBaby: folds 
JVValle: calls $0.20
*** FLOP *** [5c 2h 4d]
Vouka01: bets $0.20
JVValle: calls $0.17 and is all-in
Uncalled bet ($0.03) returned to Vouka01
*** TURN *** [5c 2h 4d] [Td]
*** RIVER *** [5c 2h 4d Td] [9s]
*** SHOW DOWN ***
Vouka01: shows [Tc Ad] (a pair of Tens)
JVValle: shows [Jd 4s] (a pair of Fours)
Vouka01 collected $0.90 from pot
*** SUMMARY ***
Total pot $0.94 | Rake $0.04 
Board [5c 2h 4d Td 9s]
Seat 1: xD3nn15 (button) folded before Flop (didn't bet)
Seat 2: Vouka01 (small blind) showed [Tc Ad] and won ($0.90) with a pair of Tens
Seat 3: rodsvitor (big blind) folded before Flop
Seat 4: mooresie28 folded before Flop (didn't bet)
Seat 5: Dorex2007 folded before Flop (didn't bet)
Seat 6: BuzzkillBaby folded before Flop
Seat 7: elefantme folded before Flop (didn't bet)
Seat 8: JVValle showed [Jd 4s] and lost with a pair of Fours
Seat 9: Angelika1201 folded before Flop (didn't bet)



PokerStars Hand #238130887956:  Hold'em No Limit ($0.02/$0.05 USD) - 2022/08/21 11:28:10 PT [2022/08/21 14:28:10 ET]
Table 'Kalypso III' 9-max Seat #2 is the button
Seat 1: xD3nn15 ($3.16 in chips) 
Seat 2: Vouka01 ($2.73 in chips) 
Seat 3: rodsvitor ($3.14 in chips) 
Seat 4: mooresie28 ($5.31 in chips) 
Seat 5: Dorex2007 ($5 in chips) 
Seat 6: BuzzkillBaby ($4.85 in chips) 
Seat 7: elefantme ($5 in chips) 
Seat 9: Angelika1201 ($8.39 in chips) 
rodsvitor: posts small blind $0.02
mooresie28: posts big blind $0.05
*** HOLE CARDS ***
Dealt to Dorex2007 [9c Tc]
Dorex2007: folds 
BuzzkillBaby: calls $0.05
elefantme: folds 
Angelika1201: folds 
xD3nn15: calls $0.05
Vouka01: folds 
rodsvitor: calls $0.03
mooresie28: checks 
*** FLOP *** [5h 8h 3h]
rodsvitor: checks 
mooresie28: checks 
BuzzkillBaby: bets $0.09
xD3nn15: calls $0.09
rodsvitor: folds 
mooresie28: folds 
*** TURN *** [5h 8h 3h] [3s]
BuzzkillBaby: checks 
xD3nn15: bets $0.12
BuzzkillBaby: calls $0.12
*** RIVER *** [5h 8h 3h 3s] [Ac]
BuzzkillBaby: checks 
xD3nn15: checks 
*** SHOW DOWN ***
BuzzkillBaby: shows [7d 6h] (a pair of Threes)
xD3nn15: shows [Th 8s] (two pair, Eights and Threes)
xD3nn15 collected $0.58 from pot
*** SUMMARY ***
Total pot $0.62 | Rake $0.04 
Board [5h 8h 3h 3s Ac]
Seat 1: xD3nn15 showed [Th 8s] and won ($0.58) with two pair, Eights and Threes
Seat 2: Vouka01 (button) folded before Flop (didn't bet)
Seat 3: rodsvitor (small blind) folded on the Flop
Seat 4: mooresie28 (big blind) folded on the Flop
Seat 5: Dorex2007 folded before Flop (didn't bet)
Seat 6: BuzzkillBaby showed [7d 6h] and lost with a pair of Threes
Seat 7: elefantme folded before Flop (didn't bet)
Seat 9: Angelika1201 folded before Flop (didn't bet)



PokerStars Hand #238130914924:  Hold'em No Limit ($0.02/$0.05 USD) - 2022/08/21 11:28:59 PT [2022/08/21 14:28:59 ET]
Table 'Kalypso III' 9-max Seat #3 is the button
Seat 1: xD3nn15 ($3.48 in chips) 
Seat 2: Vouka01 ($2.73 in chips) 
Seat 3: rodsvitor ($3.09 in chips) 
Seat 4: mooresie28 ($5.26 in chips) 
Seat 5: Dorex2007 ($5 in chips) 
Seat 6: BuzzkillBaby ($4.59 in chips) 
Seat 7: elefantme ($5 in chips) 
Seat 8: JVValle ($3.02 in chips) 
Seat 9: Angelika1201 ($8.39 in chips) 
mooresie28: posts small blind $0.02
Dorex2007: posts big blind $0.05
*** HOLE CARDS ***
Dealt to Dorex2007 [7h Ac]
BuzzkillBaby: calls $0.05
elefantme: folds 
JVValle: calls $0.05
Angelika1201: calls $0.05
xD3nn15: folds 
Vouka01: folds 
rodsvitor: calls $0.05
mooresie28: folds 
Dorex2007: checks 
*** FLOP *** [8d 3s 9h]
Dorex2007: checks 
BuzzkillBaby: checks 
JVValle: bets $0.05
Angelika1201: calls $0.05
rodsvitor: folds 
Dorex2007: folds 
BuzzkillBaby: calls $0.05
*** TURN *** [8d 3s 9h] [7d]
BuzzkillBaby: checks 
JVValle: bets $0.20
Angelika1201: folds 
BuzzkillBaby: calls $0.20
*** RIVER *** [8d 3s 9h 7d] [Kh]
BuzzkillBaby: bets $0.39
JVValle: folds 
Uncalled bet ($0.39) returned to BuzzkillBaby
BuzzkillBaby collected $0.79 from pot
*** SUMMARY ***
Total pot $0.82 | Rake $0.03 
Board [8d 3s 9h 7d Kh]
Seat 1: xD3nn15 folded before Flop (didn't bet)
Seat 2: Vouka01 folded before Flop (didn't bet)
Seat 3: rodsvitor (button) folded on the Flop
Seat 4: mooresie28 (small blind) folded before Flop
Seat 5: Dorex2007 (big blind) folded on the Flop
Seat 6: BuzzkillBaby collected ($0.79)
Seat 7: elefantme folded before Flop (didn't bet)
Seat 8: JVValle folded on the River
Seat 9: Angelika1201 folded on the Turn



PokerStars Hand #238130940110:  Hold'em No Limit ($0.02/$0.05 USD) - 2022/08/21 11:30:02 PT [2022/08/21 14:30:02 ET]
Table 'Kalypso III' 9-max Seat #4 is the button
Seat 1: xD3nn15 ($3.48 in chips) 
Seat 2: Vouka01 ($2.73 in chips) 
Seat 3: rodsvitor ($3.04 in chips) 
Seat 4: mooresie28 ($5.24 in chips) 
Seat 5: Dorex2007 ($5 in chips) 
Seat 6: BuzzkillBaby ($5.08 in chips) 
Seat 7: elefantme ($5 in chips) 
Seat 8: JVValle ($2.72 in chips) 
Seat 9: Angelika1201 ($8.29 in chips) 
Dorex2007: posts small blind $0.02
BuzzkillBaby: posts big blind $0.05
*** HOLE CARDS ***
Dealt to Dorex2007 [5d 6s]
elefantme: raises $0.10 to $0.15
JVValle: folds 
Angelika1201: calls $0.15
xD3nn15: folds 
Vouka01: folds 
rodsvitor: folds 
mooresie28: calls $0.15
Dorex2007: folds 
BuzzkillBaby: folds 
*** FLOP *** [8h Qs Td]
elefantme: bets $0.25
Angelika1201: folds 
mooresie28: calls $0.25
*** TURN *** [8h Qs Td] [7c]
elefantme: bets $0.49
mooresie28: folds 
Uncalled bet ($0.49) returned to elefantme
elefantme collected $0.98 from pot
elefantme: doesn't show hand 
*** SUMMARY ***
Total pot $1.02 | Rake $0.04 
Board [8h Qs Td 7c]
Seat 1: xD3nn15 folded before Flop (didn't bet)
Seat 2: Vouka01 folded before Flop (didn't bet)
Seat 3: rodsvitor folded before Flop (didn't bet)
Seat 4: mooresie28 (button) folded on the Turn
Seat 5: Dorex2007 (small blind) folded before Flop
Seat 6: BuzzkillBaby (big blind) folded before Flop
Seat 7: elefantme collected ($0.98)
Seat 8: JVValle folded before Flop (didn't bet)
Seat 9: Angelika1201 folded on the Flop



PokerStars Hand #238130955190:  Hold'em No Limit ($0.02/$0.05 USD) - 2022/08/21 11:30:39 PT [2022/08/21 14:30:39 ET]
Table 'Kalypso III' 9-max Seat #5 is the button
Seat 1: xD3nn15 ($3.48 in chips) 
Seat 2: Vouka01 ($2.73 in chips) 
Seat 3: rodsvitor ($3.04 in chips) 
Seat 4: mooresie28 ($4.84 in chips) 
Seat 5: Dorex2007 ($5 in chips) 
Seat 6: BuzzkillBaby ($5.03 in chips) 
Seat 8: JVValle ($2.72 in chips) 
Seat 9: Angelika1201 ($8.14 in chips) 
BuzzkillBaby: posts small blind $0.02
elefantme: is sitting out 
JVValle: posts big blind $0.05
*** HOLE CARDS ***
Dealt to Dorex2007 [Jc 3s]
Angelika1201: folds 
xD3nn15: folds 
Vouka01: folds 
elefantme leaves the table
rodsvitor is disconnected 
rodsvitor is connected 
rodsvitor has timed out
rodsvitor: folds 
mooresie28: raises $0.05 to $0.10
Dorex2007: folds 
BuzzkillBaby: calls $0.08
JVValle: calls $0.05
*** FLOP *** [9c 3d 2d]
BuzzkillBaby: checks 
JVValle: bets $0.14
mooresie28: calls $0.14
BuzzkillBaby: calls $0.14
*** TURN *** [9c 3d 2d] [Js]
BuzzkillBaby: checks 
JVValle: bets $0.05
mooresie28: calls $0.05
BuzzkillBaby: calls $0.05
*** RIVER *** [9c 3d 2d Js] [7s]
BuzzkillBaby: checks 
JVValle: bets $0.41
mooresie28: folds 
BuzzkillBaby: folds 
Uncalled bet ($0.41) returned to JVValle
JVValle collected $0.83 from pot
JVValle: doesn't show hand 
*** SUMMARY ***
Total pot $0.87 | Rake $0.04 
Board [9c 3d 2d Js 7s]
Seat 1: xD3nn15 folded before Flop (didn't bet)
Seat 2: Vouka01 folded before Flop (didn't bet)
Seat 3: rodsvitor folded before Flop (didn't bet)
Seat 4: mooresie28 folded on the River
Seat 5: Dorex2007 (button) folded before Flop (didn't bet)
Seat 6: BuzzkillBaby (small blind) folded on the River
Seat 8: JVValle (big blind) collected ($0.83)
Seat 9: Angelika1201 folded before Flop (didn't bet)



PokerStars Hand #238130984626:  Hold'em No Limit ($0.02/$0.05 USD) - 2022/08/21 11:31:53 PT [2022/08/21 14:31:53 ET]
Table 'Kalypso III' 9-max Seat #6 is the button
Seat 1: xD3nn15 ($3.48 in chips) 
Seat 2: Vouka01 ($2.73 in chips) 
Seat 3: rodsvitor ($3.04 in chips) 
Seat 4: mooresie28 ($4.55 in chips) 
Seat 5: Dorex2007 ($5 in chips) 
Seat 6: BuzzkillBaby ($4.74 in chips) 
Seat 8: JVValle ($3.26 in chips) 
Seat 9: Angelika1201 ($8.14 in chips) 
JVValle: posts small blind $0.02
Angelika1201: posts big blind $0.05
*** HOLE CARDS ***
Dealt to Dorex2007 [5c Qd]
TrzymamKolo joins the table at seat #7 
xD3nn15: folds 
Vouka01: calls $0.05
rodsvitor: folds 
mooresie28: folds 
Dorex2007: folds 
BuzzkillBaby: calls $0.05
JVValle: calls $0.03
Angelika1201: checks 
*** FLOP *** [8c Jc 8h]
JVValle: checks 
Angelika1201: checks 
Vouka01: bets $0.09
BuzzkillBaby: folds 
JVValle: raises $0.09 to $0.18
Angelika1201: folds 
Vouka01: calls $0.09
*** TURN *** [8c Jc 8h] [3s]
JVValle: bets $0.27
Vouka01: folds 
Uncalled bet ($0.27) returned to JVValle
JVValle collected $0.54 from pot
JVValle: doesn't show hand 
*** SUMMARY ***
Total pot $0.56 | Rake $0.02 
Board [8c Jc 8h 3s]
Seat 1: xD3nn15 folded before Flop (didn't bet)
Seat 2: Vouka01 folded on the Turn
Seat 3: rodsvitor folded before Flop (didn't bet)
Seat 4: mooresie28 folded before Flop (didn't bet)
Seat 5: Dorex2007 folded before Flop (didn't bet)
Seat 6: BuzzkillBaby (button) folded on the Flop
Seat 8: JVValle (small blind) collected ($0.54)
Seat 9: Angelika1201 (big blind) folded on the Flop



PokerStars Hand #238131009472:  Hold'em No Limit ($0.02/$0.05 USD) - 2022/08/21 11:32:55 PT [2022/08/21 14:32:55 ET]
Table 'Kalypso III' 9-max Seat #8 is the button
Seat 1: xD3nn15 ($3.48 in chips) 
Seat 2: Vouka01 ($2.50 in chips) 
Seat 3: rodsvitor ($3.04 in chips) 
Seat 4: mooresie28 ($4.55 in chips) 
Seat 5: Dorex2007 ($5 in chips) 
Seat 6: BuzzkillBaby ($4.69 in chips) 
Seat 8: JVValle ($3.57 in chips) 
Seat 9: Angelika1201 ($8.09 in chips) 
Angelika1201: posts small blind $0.02
xD3nn15: posts big blind $0.05
TrzymamKolo: sits out 
*** HOLE CARDS ***
Dealt to Dorex2007 [6h 2c]
Vouka01: folds 
rodsvitor: folds 
mooresie28: folds 
Dorex2007: folds 
BuzzkillBaby: folds 
JVValle: calls $0.05
Angelika1201: calls $0.03
xD3nn15: checks 
*** FLOP *** [6d 3h Th]
Angelika1201: bets $0.05
xD3nn15: folds 
JVValle: raises $0.05 to $0.10
Angelika1201: calls $0.05
*** TURN *** [6d 3h Th] [5c]
Angelika1201: checks 
JVValle: bets $0.34
Angelika1201: calls $0.34
*** RIVER *** [6d 3h Th 5c] [2s]
Angelika1201: checks 
JVValle: bets $3.08 and is all-in
Angelika1201: folds 
Uncalled bet ($3.08) returned to JVValle
Angelika1201 leaves the table
JVValle collected $0.99 from pot
JVValle: doesn't show hand 
*** SUMMARY ***
Total pot $1.03 | Rake $0.04 
Board [6d 3h Th 5c 2s]
Seat 1: xD3nn15 (big blind) folded on the Flop
Seat 2: Vouka01 folded before Flop (didn't bet)
Seat 3: rodsvitor folded before Flop (didn't bet)
Seat 4: mooresie28 folded before Flop (didn't bet)
Seat 5: Dorex2007 folded before Flop (didn't bet)
Seat 6: BuzzkillBaby folded before Flop (didn't bet)
Seat 8: JVValle (button) collected ($0.99)
Seat 9: Angelika1201 (small blind) folded on the River



PokerStars Hand #238131028971:  Hold'em No Limit ($0.02/$0.05 USD) - 2022/08/21 11:33:44 PT [2022/08/21 14:33:44 ET]
Table 'Kalypso III' 9-max Seat #1 is the button
Seat 1: xD3nn15 ($3.43 in chips) 
Seat 2: Vouka01 ($2.50 in chips) 
Seat 3: rodsvitor ($3.04 in chips) 
Seat 4: mooresie28 ($4.55 in chips) 
Seat 5: Dorex2007 ($5 in chips) 
Seat 6: BuzzkillBaby ($4.69 in chips) 
Seat 8: JVValle ($4.07 in chips) 
Vouka01: posts small blind $0.02
rodsvitor: posts big blind $0.05
TrzymamKolo: sits out 
*** HOLE CARDS ***
Dealt to Dorex2007 [5s 6s]
mooresie28: folds 
Dorex2007: folds 
BuzzkillBaby: folds 
JVValle: calls $0.05
xD3nn15: calls $0.05
Vouka01: raises $0.25 to $0.30
rodsvitor: folds 
Doberman6988 joins the table at seat #9 
JVValle: calls $0.25
xD3nn15: folds 
*** FLOP *** [Tc Ts Jd]
Vouka01: bets $0.45
JVValle: raises $0.45 to $0.90
Vouka01: calls $0.45
*** TURN *** [Tc Ts Jd] [8h]
Vouka01: bets $1.30 and is all-in
JVValle: calls $1.30
*** RIVER *** [Tc Ts Jd 8h] [As]
*** SHOW DOWN ***
Vouka01: shows [Qs Kd] (a straight, Ten to Ace)
JVValle: shows [2c Td] (three of a kind, Tens)
Vouka01 cashed out the hand for $0.88 | Cash Out Fee $0.01
*** SUMMARY ***
Total pot $5.10 | Rake $0.21 
Board [Tc Ts Jd 8h As]
Seat 1: xD3nn15 (button) folded before Flop
Seat 2: Vouka01 (small blind) showed [Qs Kd] and won ($4.89) with a straight, Ten to Ace (pot not awarded as player cashed out)
Seat 3: rodsvitor (big blind) folded before Flop
Seat 4: mooresie28 folded before Flop (didn't bet)
Seat 5: Dorex2007 folded before Flop (didn't bet)
Seat 6: BuzzkillBaby folded before Flop (didn't bet)
Seat 8: JVValle showed [2c Td] and lost with three of a kind, Tens



PokerStars Hand #238131054164:  Hold'em No Limit ($0.02/$0.05 USD) - 2022/08/21 11:34:46 PT [2022/08/21 14:34:46 ET]
Table 'Kalypso III' 9-max Seat #2 is the button
Seat 1: xD3nn15 ($3.38 in chips) 
Seat 2: Vouka01 ($0.88 in chips) 
Seat 3: rodsvitor ($2.99 in chips) 
Seat 4: mooresie28 ($4.55 in chips) 
Seat 5: Dorex2007 ($5 in chips) 
Seat 6: BuzzkillBaby ($4.69 in chips) 
Seat 8: JVValle ($1.57 in chips) 
rodsvitor: posts small blind $0.02
mooresie28: posts big blind $0.05
TrzymamKolo: sits out 
Doberman6988: sits out 
*** HOLE CARDS ***
Dealt to Dorex2007 [Qs 8s]
Dorex2007: folds 
BuzzkillBaby: folds 
JVValle: calls $0.05
xD3nn15: calls $0.05
Vouka01: folds 
rodsvitor: folds 
mooresie28: checks 
*** FLOP *** [Ks 8c 9h]
mooresie28: bets $0.10
JVValle: folds 
xD3nn15: folds 
Uncalled bet ($0.10) returned to mooresie28
mooresie28 collected $0.16 from pot
*** SUMMARY ***
Total pot $0.17 | Rake $0.01 
Board [Ks 8c 9h]
Seat 1: xD3nn15 folded on the Flop
Seat 2: Vouka01 (button) folded before Flop (didn't bet)
Seat 3: rodsvitor (small blind) folded before Flop
Seat 4: mooresie28 (big blind) collected ($0.16)
Seat 5: Dorex2007 folded before Flop (didn't bet)
Seat 6: BuzzkillBaby folded before Flop (didn't bet)
Seat 8: JVValle folded on the Flop



PokerStars Hand #238131067647:  Hold'em No Limit ($0.02/$0.05 USD) - 2022/08/21 11:35:19 PT [2022/08/21 14:35:19 ET]
Table 'Kalypso III' 9-max Seat #3 is the button
Seat 1: xD3nn15 ($3.33 in chips) 
Seat 2: Vouka01 ($0.88 in chips) 
Seat 3: rodsvitor ($2.97 in chips) 
Seat 4: mooresie28 ($4.66 in chips) 
Seat 5: Dorex2007 ($5 in chips) 
Seat 6: BuzzkillBaby ($4.69 in chips) 
Seat 8: JVValle ($1.52 in chips) 
mooresie28: posts small blind $0.02
Dorex2007: posts big blind $0.05
TrzymamKolo: sits out 
Doberman6988: sits out 
*** HOLE CARDS ***
Dealt to Dorex2007 [Td 9d]
BuzzkillBaby: folds 
JVValle: calls $0.05
xD3nn15: calls $0.05
Vouka01: folds 
rodsvitor: calls $0.05
mooresie28: folds 
Dorex2007: checks 
*** FLOP *** [6d Kc Qh]
Dorex2007: checks 
JVValle: bets $0.05
xD3nn15: calls $0.05
rodsvitor: calls $0.05
Dorex2007: folds 
*** TURN *** [6d Kc Qh] [4c]
JVValle: bets $0.35
xD3nn15: folds 
rodsvitor: folds 
Uncalled bet ($0.35) returned to JVValle
JVValle collected $0.35 from pot
JVValle: doesn't show hand 
*** SUMMARY ***
Total pot $0.37 | Rake $0.02 
Board [6d Kc Qh 4c]
Seat 1: xD3nn15 folded on the Turn
Seat 2: Vouka01 folded before Flop (didn't bet)
Seat 3: rodsvitor (button) folded on the Turn
Seat 4: mooresie28 (small blind) folded before Flop
Seat 5: Dorex2007 (big blind) folded on the Flop
Seat 6: BuzzkillBaby folded before Flop (didn't bet)
Seat 8: JVValle collected ($0.35)



PokerStars Hand #238131090314:  Hold'em No Limit ($0.02/$0.05 USD) - 2022/08/21 11:36:15 PT [2022/08/21 14:36:15 ET]
Table 'Kalypso III' 9-max Seat #4 is the button
Seat 1: xD3nn15 ($3.23 in chips) 
Seat 2: Vouka01 ($0.88 in chips) 
Seat 3: rodsvitor ($2.87 in chips) 
Seat 4: mooresie28 ($4.64 in chips) 
Seat 5: Dorex2007 ($5 in chips) 
Seat 6: BuzzkillBaby ($4.69 in chips) 
Seat 8: JVValle ($1.77 in chips) 
Dorex2007: posts small blind $0.02
BuzzkillBaby: posts big blind $0.05
TrzymamKolo: sits out 
Doberman6988: sits out 
*** HOLE CARDS ***
Dealt to Dorex2007 [Td 6c]
JVValle: calls $0.05
xD3nn15: folds 
Vouka01: folds 
rodsvitor: folds 
mooresie28: folds 
Dorex2007: folds 
BuzzkillBaby: checks 
*** FLOP *** [5h Tc Ks]
BuzzkillBaby: checks 
JVValle: checks 
*** TURN *** [5h Tc Ks] [2h]
BuzzkillBaby: bets $0.05
JVValle: calls $0.05
*** RIVER *** [5h Tc Ks 2h] [9h]
BuzzkillBaby: bets $0.05
JVValle: calls $0.05
*** SHOW DOWN ***
BuzzkillBaby: shows [9s Ac] (a pair of Nines)
JVValle: mucks hand 
BuzzkillBaby collected $0.31 from pot
*** SUMMARY ***
Total pot $0.32 | Rake $0.01 
Board [5h Tc Ks 2h 9h]
Seat 1: xD3nn15 folded before Flop (didn't bet)
Seat 2: Vouka01 folded before Flop (didn't bet)
Seat 3: rodsvitor folded before Flop (didn't bet)
Seat 4: mooresie28 (button) folded before Flop (didn't bet)
Seat 5: Dorex2007 (small blind) folded before Flop
Seat 6: BuzzkillBaby (big blind) showed [9s Ac] and won ($0.31) with a pair of Nines
Seat 8: JVValle mucked [2d 6h]



PokerStars Hand #238131104487:  Hold'em No Limit ($0.02/$0.05 USD) - 2022/08/21 11:36:50 PT [2022/08/21 14:36:50 ET]
Table 'Kalypso III' 9-max Seat #5 is the button
Seat 1: xD3nn15 ($3.23 in chips) 
Seat 2: Vouka01 ($0.88 in chips) 
Seat 3: rodsvitor ($2.87 in chips) 
Seat 4: mooresie28 ($4.64 in chips) 
Seat 5: Dorex2007 ($5 in chips) 
Seat 6: BuzzkillBaby ($4.85 in chips) 
Seat 7: TrzymamKolo ($5 in chips) 
Seat 8: JVValle ($1.62 in chips) 
BuzzkillBaby: posts small blind $0.02
TrzymamKolo: posts big blind $0.05
Doberman6988: sits out 
*** HOLE CARDS ***
Dealt to Dorex2007 [Td 4d]
JVValle: raises $0.05 to $0.10
xD3nn15: folds 
Vouka01: folds 
rodsvitor: folds 
mooresie28: calls $0.10
Dorex2007: folds 
BuzzkillBaby: calls $0.08
TrzymamKolo: folds 
*** FLOP *** [Jc 2h 9s]
BuzzkillBaby: bets $0.12
JVValle: raises $0.12 to $0.24
mooresie28: folds 
BuzzkillBaby: folds 
Uncalled bet ($0.12) returned to JVValle
JVValle collected $0.57 from pot
JVValle: doesn't show hand 
*** SUMMARY ***
Total pot $0.59 | Rake $0.02 
Board [Jc 2h 9s]
Seat 1: xD3nn15 folded before Flop (didn't bet)
Seat 2: Vouka01 folded before Flop (didn't bet)
Seat 3: rodsvitor folded before Flop (didn't bet)
Seat 4: mooresie28 folded on the Flop
Seat 5: Dorex2007 (button) folded before Flop (didn't bet)
Seat 6: BuzzkillBaby (small blind) folded on the Flop
Seat 7: TrzymamKolo (big blind) folded before Flop
Seat 8: JVValle collected ($0.57)



PokerStars Hand #238131117394:  Hold'em No Limit ($0.02/$0.05 USD) - 2022/08/21 11:37:22 PT [2022/08/21 14:37:22 ET]
Table 'Kalypso III' 9-max Seat #6 is the button
Seat 1: xD3nn15 ($3.23 in chips) 
Seat 2: Vouka01 ($0.88 in chips) 
Seat 3: rodsvitor ($2.87 in chips) 
Seat 4: mooresie28 ($4.54 in chips) 
Seat 5: Dorex2007 ($5 in chips) 
Seat 6: BuzzkillBaby ($4.63 in chips) 
Seat 7: TrzymamKolo ($5 in chips) 
Seat 8: JVValle ($1.97 in chips) 
TrzymamKolo: posts small blind $0.02
JVValle: posts big blind $0.05
Doberman6988: sits out 
*** HOLE CARDS ***
Dealt to Dorex2007 [Jc Kh]
xD3nn15: folds 
Vouka01: folds 
rodsvitor has timed out
rodsvitor: folds 
mooresie28: folds 
Dorex2007: raises $0.10 to $0.15
BuzzkillBaby: folds 
TrzymamKolo: folds 
JVValle: calls $0.10
*** FLOP *** [8h 6h Ah]
JVValle: bets $0.05
Dorex2007: calls $0.05
*** TURN *** [8h 6h Ah] [Js]
JVValle: bets $0.20
Dorex2007: calls $0.20
*** RIVER *** [8h 6h Ah Js] [2s]
JVValle: bets $0.05
Dorex2007: calls $0.05
*** SHOW DOWN ***
JVValle: shows [8s Qc] (a pair of Eights)
Dorex2007: shows [Jc Kh] (a pair of Jacks)
Dorex2007 collected $0.88 from pot
*** SUMMARY ***
Total pot $0.92 | Rake $0.04 
Board [8h 6h Ah Js 2s]
Seat 1: xD3nn15 folded before Flop (didn't bet)
Seat 2: Vouka01 folded before Flop (didn't bet)
Seat 3: rodsvitor folded before Flop (didn't bet)
Seat 4: mooresie28 folded before Flop (didn't bet)
Seat 5: Dorex2007 showed [Jc Kh] and won ($0.88) with a pair of Jacks
Seat 6: BuzzkillBaby (button) folded before Flop (didn't bet)
Seat 7: TrzymamKolo (small blind) folded before Flop
Seat 8: JVValle (big blind) showed [8s Qc] and lost with a pair of Eights



PokerStars Hand #238131139859:  Hold'em No Limit ($0.02/$0.05 USD) - 2022/08/21 11:38:18 PT [2022/08/21 14:38:18 ET]
Table 'Kalypso III' 9-max Seat #7 is the button
Seat 1: xD3nn15 ($3.23 in chips) 
Seat 2: Vouka01 ($0.88 in chips) 
Seat 3: rodsvitor ($2.87 in chips) 
Seat 4: mooresie28 ($4.54 in chips) 
Seat 5: Dorex2007 ($5.43 in chips) 
Seat 6: BuzzkillBaby ($4.63 in chips) 
Seat 7: TrzymamKolo ($5 in chips) 
Seat 8: JVValle ($1.52 in chips) 
Seat 9: Doberman6988 ($2 in chips) 
JVValle: posts small blind $0.02
Doberman6988: posts big blind $0.05
*** HOLE CARDS ***
Dealt to Dorex2007 [4s 5h]
xD3nn15: folds 
Vouka01: folds 
rodsvitor has timed out
rodsvitor: folds 
mooresie28: folds 
Dorex2007: folds 
BuzzkillBaby: folds 
TrzymamKolo: raises $0.10 to $0.15
JVValle: calls $0.13
Doberman6988: folds 
*** FLOP *** [Kc Ah Qc]
JVValle: bets $0.05
TrzymamKolo: raises $0.15 to $0.20
JVValle: raises $0.15 to $0.35
TrzymamKolo: raises $0.69 to $1.04
JVValle: raises $0.33 to $1.37 and is all-in
TrzymamKolo: calls $0.33
*** TURN *** [Kc Ah Qc] [3s]
*** RIVER *** [Kc Ah Qc 3s] [6s]
*** SHOW DOWN ***
JVValle: shows [9h Ts] (high card Ace)
TrzymamKolo: shows [Qs As] (two pair, Aces and Queens)
TrzymamKolo collected $2.96 from pot
*** SUMMARY ***
Total pot $3.09 | Rake $0.13 
Board [Kc Ah Qc 3s 6s]
Seat 1: xD3nn15 folded before Flop (didn't bet)
Seat 2: Vouka01 folded before Flop (didn't bet)
Seat 3: rodsvitor folded before Flop (didn't bet)
Seat 4: mooresie28 folded before Flop (didn't bet)
Seat 5: Dorex2007 folded before Flop (didn't bet)
Seat 6: BuzzkillBaby folded before Flop (didn't bet)
Seat 7: TrzymamKolo (button) showed [Qs As] and won ($2.96) with two pair, Aces and Queens
Seat 8: JVValle (small blind) showed [9h Ts] and lost with high card Ace
Seat 9: Doberman6988 (big blind) folded before Flop



PokerStars Hand #238131160873:  Hold'em No Limit ($0.02/$0.05 USD) - 2022/08/21 11:39:10 PT [2022/08/21 14:39:10 ET]
Table 'Kalypso III' 9-max Seat #9 is the button
Seat 1: xD3nn15 ($3.23 in chips) 
Seat 2: Vouka01 ($0.88 in chips) 
Seat 3: rodsvitor ($2.87 in chips) 
Seat 4: mooresie28 ($4.54 in chips) 
Seat 5: Dorex2007 ($5.43 in chips) 
Seat 6: BuzzkillBaby ($4.63 in chips) 
Seat 7: TrzymamKolo ($6.44 in chips) 
Seat 9: Doberman6988 ($2 in chips) 
xD3nn15: posts small blind $0.02
Vouka01: posts big blind $0.05
*** HOLE CARDS ***
Dealt to Dorex2007 [5c Jh]
rodsvitor: calls $0.05
mooresie28: folds 
Dorex2007: folds 
BuzzkillBaby: calls $0.05
TrzymamKolo: raises $0.22 to $0.27
Doberman6988: folds 
xD3nn15: calls $0.25
Vouka01: folds 
JVValle leaves the table
rodsvitor: folds 
BuzzkillBaby: folds 
*** FLOP *** [4s 7d 6c]
PocketsK1ng joins the table at seat #8 
xD3nn15: checks 
TrzymamKolo: bets $0.44
xD3nn15: folds 
Uncalled bet ($0.44) returned to TrzymamKolo
TrzymamKolo collected $0.66 from pot
TrzymamKolo: doesn't show hand 
*** SUMMARY ***
Total pot $0.69 | Rake $0.03 
Board [4s 7d 6c]
Seat 1: xD3nn15 (small blind) folded on the Flop
Seat 2: Vouka01 (big blind) folded before Flop
Seat 3: rodsvitor folded before Flop
Seat 4: mooresie28 folded before Flop (didn't bet)
Seat 5: Dorex2007 folded before Flop (didn't bet)
Seat 6: BuzzkillBaby folded before Flop
Seat 7: TrzymamKolo collected ($0.66)
Seat 9: Doberman6988 (button) folded before Flop (didn't bet)



PokerStars Hand #238131177375:  Hold'em No Limit ($0.02/$0.05 USD) - 2022/08/21 11:39:50 PT [2022/08/21 14:39:50 ET]
Table 'Kalypso III' 9-max Seat #1 is the button
Seat 1: xD3nn15 ($2.96 in chips) 
Seat 2: Vouka01 ($0.83 in chips) 
Seat 3: rodsvitor ($2.82 in chips) 
Seat 4: mooresie28 ($4.54 in chips) 
Seat 5: Dorex2007 ($5.43 in chips) 
Seat 6: BuzzkillBaby ($4.58 in chips) 
Seat 7: TrzymamKolo ($6.83 in chips) 
Seat 9: Doberman6988 ($2 in chips) 
Vouka01: posts small blind $0.02
rodsvitor: posts big blind $0.05
PocketsK1ng: sits out 
*** HOLE CARDS ***
Dealt to Dorex2007 [7s 2s]
mooresie28: folds 
Dorex2007: folds 
BuzzkillBaby: calls $0.05
TrzymamKolo: folds 
Doberman6988: folds 
xD3nn15: calls $0.05
Vouka01: folds 
rodsvitor: raises $0.15 to $0.20
BuzzkillBaby: folds 
xD3nn15: calls $0.15
*** FLOP *** [6h 5c Qs]
rodsvitor: bets $0.22
xD3nn15: folds 
Uncalled bet ($0.22) returned to rodsvitor
rodsvitor collected $0.45 from pot
*** SUMMARY ***
Total pot $0.47 | Rake $0.02 
Board [6h 5c Qs]
Seat 1: xD3nn15 (button) folded on the Flop
Seat 2: Vouka01 (small blind) folded before Flop
Seat 3: rodsvitor (big blind) collected ($0.45)
Seat 4: mooresie28 folded before Flop (didn't bet)
Seat 5: Dorex2007 folded before Flop (didn't bet)
Seat 6: BuzzkillBaby folded before Flop
Seat 7: TrzymamKolo folded before Flop (didn't bet)
Seat 9: Doberman6988 folded before Flop (didn't bet)



PokerStars Hand #238131192914:  Hold'em No Limit ($0.02/$0.05 USD) - 2022/08/21 11:40:28 PT [2022/08/21 14:40:28 ET]
Table 'Kalypso III' 9-max Seat #2 is the button
Seat 1: xD3nn15 ($2.76 in chips) 
Seat 2: Vouka01 ($0.81 in chips) 
Seat 3: rodsvitor ($3.07 in chips) 
Seat 4: mooresie28 ($4.54 in chips) 
Seat 5: Dorex2007 ($5.43 in chips) 
Seat 6: BuzzkillBaby ($4.53 in chips) 
Seat 7: TrzymamKolo ($6.83 in chips) 
Seat 9: Doberman6988 ($2 in chips) 
rodsvitor: posts small blind $0.02
mooresie28: posts big blind $0.05
PocketsK1ng: sits out 
*** HOLE CARDS ***
Dealt to Dorex2007 [Kd 2h]
Dorex2007: folds 
BuzzkillBaby: calls $0.05
TrzymamKolo: raises $0.10 to $0.15
Doberman6988: folds 
xD3nn15: folds 
Vouka01: calls $0.15
rodsvitor: calls $0.13
mooresie28: folds 
BuzzkillBaby: calls $0.10
*** FLOP *** [5c 7d Js]
rodsvitor: checks 
BuzzkillBaby: checks 
TrzymamKolo: checks 
Vouka01: bets $0.31
rodsvitor: folds 
BuzzkillBaby: folds 
TrzymamKolo: folds 
Uncalled bet ($0.31) returned to Vouka01
Vouka01 collected $0.62 from pot
Vouka01: doesn't show hand 
*** SUMMARY ***
Total pot $0.65 | Rake $0.03 
Board [5c 7d Js]
Seat 1: xD3nn15 folded before Flop (didn't bet)
Seat 2: Vouka01 (button) collected ($0.62)
Seat 3: rodsvitor (small blind) folded on the Flop
Seat 4: mooresie28 (big blind) folded before Flop
Seat 5: Dorex2007 folded before Flop (didn't bet)
Seat 6: BuzzkillBaby folded on the Flop
Seat 7: TrzymamKolo folded on the Flop
Seat 9: Doberman6988 folded before Flop (didn't bet)



PokerStars Hand #238131212717:  Hold'em No Limit ($0.02/$0.05 USD) - 2022/08/21 11:41:17 PT [2022/08/21 14:41:17 ET]
Table 'Kalypso III' 9-max Seat #3 is the button
Seat 1: xD3nn15 ($2.76 in chips) 
Seat 2: Vouka01 ($1.28 in chips) 
Seat 3: rodsvitor ($2.92 in chips) 
Seat 4: mooresie28 ($4.49 in chips) 
Seat 5: Dorex2007 ($5.43 in chips) 
Seat 6: BuzzkillBaby ($4.38 in chips) 
Seat 7: TrzymamKolo ($6.68 in chips) 
Seat 9: Doberman6988 ($2 in chips) 
mooresie28: posts small blind $0.02
Dorex2007: posts big blind $0.05
PocketsK1ng: sits out 
*** HOLE CARDS ***
Dealt to Dorex2007 [4c 8c]
BuzzkillBaby: folds 
TrzymamKolo: folds 
Doberman6988: folds 
xD3nn15: calls $0.05
Vouka01: folds 
rodsvitor: folds 
mooresie28: calls $0.03
Dorex2007: checks 
*** FLOP *** [Jd 3c Ac]
mooresie28: checks 
Dorex2007: checks 
xD3nn15: checks 
*** TURN *** [Jd 3c Ac] [7d]
mooresie28: bets $0.10
Dorex2007: calls $0.10
xD3nn15: calls $0.10
*** RIVER *** [Jd 3c Ac 7d] [Qh]
mooresie28: checks 
Dorex2007: checks 
xD3nn15: checks 
*** SHOW DOWN ***
mooresie28: shows [9d 6d] (high card Ace)
Dorex2007: mucks hand 
xD3nn15: shows [Kd Jc] (a pair of Jacks)
xD3nn15 collected $0.43 from pot
*** SUMMARY ***
Total pot $0.45 | Rake $0.02 
Board [Jd 3c Ac 7d Qh]
Seat 1: xD3nn15 showed [Kd Jc] and won ($0.43) with a pair of Jacks
Seat 2: Vouka01 folded before Flop (didn't bet)
Seat 3: rodsvitor (button) folded before Flop (didn't bet)
Seat 4: mooresie28 (small blind) showed [9d 6d] and lost with high card Ace
Seat 5: Dorex2007 (big blind) mucked [4c 8c]
Seat 6: BuzzkillBaby folded before Flop (didn't bet)
Seat 7: TrzymamKolo folded before Flop (didn't bet)
Seat 9: Doberman6988 folded before Flop (didn't bet)



PokerStars Hand #238131229563:  Hold'em No Limit ($0.02/$0.05 USD) - 2022/08/21 11:41:58 PT [2022/08/21 14:41:58 ET]
Table 'Kalypso III' 9-max Seat #4 is the button
Seat 1: xD3nn15 ($3.04 in chips) 
Seat 2: Vouka01 ($1.28 in chips) 
Seat 3: rodsvitor ($2.92 in chips) 
Seat 4: mooresie28 ($4.34 in chips) 
Seat 5: Dorex2007 ($5.28 in chips) 
Seat 6: BuzzkillBaby ($4.38 in chips) 
Seat 7: TrzymamKolo ($6.68 in chips) 
Seat 9: Doberman6988 ($2 in chips) 
Dorex2007: posts small blind $0.02
BuzzkillBaby: posts big blind $0.05
PocketsK1ng: sits out 
*** HOLE CARDS ***
Dealt to Dorex2007 [Jc 2c]
TrzymamKolo: folds 
Doberman6988: folds 
xD3nn15: folds 
Vouka01: folds 
rodsvitor: folds 
mooresie28: raises $0.05 to $0.10
Dorex2007: folds 
BuzzkillBaby: folds 
Uncalled bet ($0.05) returned to mooresie28
mooresie28 collected $0.12 from pot
*** SUMMARY ***
Total pot $0.12 | Rake $0 
Seat 1: xD3nn15 folded before Flop (didn't bet)
Seat 2: Vouka01 folded before Flop (didn't bet)
Seat 3: rodsvitor folded before Flop (didn't bet)
Seat 4: mooresie28 (button) collected ($0.12)
Seat 5: Dorex2007 (small blind) folded before Flop
Seat 6: BuzzkillBaby (big blind) folded before Flop
Seat 7: TrzymamKolo folded before Flop (didn't bet)
Seat 9: Doberman6988 folded before Flop (didn't bet)



PokerStars Hand #238131235980:  Hold'em No Limit ($0.02/$0.05 USD) - 2022/08/21 11:42:14 PT [2022/08/21 14:42:14 ET]
Table 'Kalypso III' 9-max Seat #5 is the button
Seat 1: xD3nn15 ($3.04 in chips) 
Seat 2: Vouka01 ($1.28 in chips) 
Seat 3: rodsvitor ($2.92 in chips) 
Seat 4: mooresie28 ($4.41 in chips) 
Seat 5: Dorex2007 ($5.26 in chips) 
Seat 6: BuzzkillBaby ($4.33 in chips) 
Seat 7: TrzymamKolo ($6.68 in chips) 
Seat 9: Doberman6988 ($2 in chips) 
BuzzkillBaby: posts small blind $0.02
TrzymamKolo: posts big blind $0.05
PocketsK1ng: sits out 
*** HOLE CARDS ***
Dealt to Dorex2007 [5c 2h]
Doberman6988: folds 
xD3nn15: folds 
Vouka01: folds 
rodsvitor: folds 
mooresie28: folds 
Dorex2007: folds 
BuzzkillBaby: calls $0.03
TrzymamKolo: checks 
*** FLOP *** [Ah 7s Td]
BuzzkillBaby: bets $0.05
TrzymamKolo: calls $0.05
*** TURN *** [Ah 7s Td] [Kc]
BuzzkillBaby: bets $0.09
TrzymamKolo: folds 
Uncalled bet ($0.09) returned to BuzzkillBaby
BuzzkillBaby collected $0.19 from pot
*** SUMMARY ***
Total pot $0.20 | Rake $0.01 
Board [Ah 7s Td Kc]
Seat 1: xD3nn15 folded before Flop (didn't bet)
Seat 2: Vouka01 folded before Flop (didn't bet)
Seat 3: rodsvitor folded before Flop (didn't bet)
Seat 4: mooresie28 folded before Flop (didn't bet)
Seat 5: Dorex2007 (button) folded before Flop (didn't bet)
Seat 6: BuzzkillBaby (small blind) collected ($0.19)
Seat 7: TrzymamKolo (big blind) folded on the Turn
Seat 9: Doberman6988 folded before Flop (didn't bet)



PokerStars Hand #238131252430:  Hold'em No Limit ($0.02/$0.05 USD) - 2022/08/21 11:42:55 PT [2022/08/21 14:42:55 ET]
Table 'Kalypso III' 9-max Seat #6 is the button
Seat 1: xD3nn15 ($3.04 in chips) 
Seat 2: Vouka01 ($1.28 in chips) 
Seat 3: rodsvitor ($2.92 in chips) 
Seat 4: mooresie28 ($4.41 in chips) 
Seat 5: Dorex2007 ($5.26 in chips) 
Seat 6: BuzzkillBaby ($4.42 in chips) 
Seat 7: TrzymamKolo ($6.58 in chips) 
Seat 8: PocketsK1ng ($5 in chips) 
Seat 9: Doberman6988 ($2 in chips) 
TrzymamKolo: posts small blind $0.02
PocketsK1ng: posts big blind $0.05
*** HOLE CARDS ***
Dealt to Dorex2007 [Tc Kd]
Doberman6988: folds 
xD3nn15: folds 
Vouka01: raises $0.10 to $0.15
rodsvitor: folds 
mooresie28: folds 
Dorex2007: folds 
BuzzkillBaby: folds 
TrzymamKolo: folds 
PocketsK1ng: folds 
Uncalled bet ($0.10) returned to Vouka01
Vouka01 collected $0.12 from pot
Vouka01: doesn't show hand 
*** SUMMARY ***
Total pot $0.12 | Rake $0 
Seat 1: xD3nn15 folded before Flop (didn't bet)
Seat 2: Vouka01 collected ($0.12)
Seat 3: rodsvitor folded before Flop (didn't bet)
Seat 4: mooresie28 folded before Flop (didn't bet)
Seat 5: Dorex2007 folded before Flop (didn't bet)
Seat 6: BuzzkillBaby (button) folded before Flop (didn't bet)
Seat 7: TrzymamKolo (small blind) folded before Flop
Seat 8: PocketsK1ng (big blind) folded before Flop
Seat 9: Doberman6988 folded before Flop (didn't bet)



PokerStars Hand #238131261542:  Hold'em No Limit ($0.02/$0.05 USD) - 2022/08/21 11:43:17 PT [2022/08/21 14:43:17 ET]
Table 'Kalypso III' 9-max Seat #7 is the button
Seat 1: xD3nn15 ($3.04 in chips) 
Seat 2: Vouka01 ($1.35 in chips) 
Seat 3: rodsvitor ($2.92 in chips) 
Seat 4: mooresie28 ($4.41 in chips) 
Seat 5: Dorex2007 ($5.26 in chips) 
Seat 6: BuzzkillBaby ($4.42 in chips) 
Seat 7: TrzymamKolo ($6.56 in chips) 
Seat 8: PocketsK1ng ($5 in chips) 
Seat 9: Doberman6988 ($2 in chips) 
PocketsK1ng: posts small blind $0.02
Doberman6988: posts big blind $0.05
*** HOLE CARDS ***
Dealt to Dorex2007 [Kd 6h]
xD3nn15: calls $0.05
Vouka01: folds 
rodsvitor has timed out
rodsvitor: folds 
mooresie28: calls $0.05
Dorex2007: folds 
BuzzkillBaby: folds 
TrzymamKolo: folds 
PocketsK1ng: folds 
Doberman6988: checks 
*** FLOP *** [5h 8d Td]
Doberman6988: checks 
Vouka01 leaves the table
xD3nn15: checks 
mooresie28: bets $0.10
Doberman6988: folds 
SetOnesGoal joins the table at seat #2 
xD3nn15: folds 
Uncalled bet ($0.10) returned to mooresie28
mooresie28 collected $0.16 from pot
*** SUMMARY ***
Total pot $0.17 | Rake $0.01 
Board [5h 8d Td]
Seat 1: xD3nn15 folded on the Flop
Seat 2: Vouka01 folded before Flop (didn't bet)
Seat 3: rodsvitor folded before Flop (didn't bet)
Seat 4: mooresie28 collected ($0.16)
Seat 5: Dorex2007 folded before Flop (didn't bet)
Seat 6: BuzzkillBaby folded before Flop (didn't bet)
Seat 7: TrzymamKolo (button) folded before Flop (didn't bet)
Seat 8: PocketsK1ng (small blind) folded before Flop
Seat 9: Doberman6988 (big blind) folded on the Flop



PokerStars Hand #238131279592:  Hold'em No Limit ($0.02/$0.05 USD) - 2022/08/21 11:44:01 PT [2022/08/21 14:44:01 ET]
Table 'Kalypso III' 9-max Seat #8 is the button
Seat 1: xD3nn15 ($2.99 in chips) 
Seat 3: rodsvitor ($2.92 in chips) 
Seat 4: mooresie28 ($4.52 in chips) 
Seat 5: Dorex2007 ($5.26 in chips) 
Seat 6: BuzzkillBaby ($4.42 in chips) 
Seat 7: TrzymamKolo ($6.56 in chips) 
Seat 8: PocketsK1ng ($5 in chips) 
Seat 9: Doberman6988 ($2 in chips) 
Doberman6988: posts small blind $0.02
xD3nn15: posts big blind $0.05
SetOnesGoal: sits out 
*** HOLE CARDS ***
Dealt to Dorex2007 [Tc 8h]
rodsvitor: calls $0.05
mooresie28: folds 
Dorex2007: folds 
BuzzkillBaby: calls $0.05
TrzymamKolo: folds 
PocketsK1ng: folds 
Doberman6988: folds 
xD3nn15: checks 
*** FLOP *** [7h 8c Td]
xD3nn15: checks 
rodsvitor: checks 
BuzzkillBaby: bets $0.08
xD3nn15: folds 
rodsvitor: calls $0.08
*** TURN *** [7h 8c Td] [Jh]
rodsvitor: checks 
BuzzkillBaby: bets $0.16
rodsvitor: calls $0.16
*** RIVER *** [7h 8c Td Jh] [3h]
rodsvitor: checks 
BuzzkillBaby: bets $0.21
rodsvitor: folds 
Uncalled bet ($0.21) returned to BuzzkillBaby
BuzzkillBaby collected $0.62 from pot
*** SUMMARY ***
Total pot $0.65 | Rake $0.03 
Board [7h 8c Td Jh 3h]
Seat 1: xD3nn15 (big blind) folded on the Flop
Seat 3: rodsvitor folded on the River
Seat 4: mooresie28 folded before Flop (didn't bet)
Seat 5: Dorex2007 folded before Flop (didn't bet)
Seat 6: BuzzkillBaby collected ($0.62)
Seat 7: TrzymamKolo folded before Flop (didn't bet)
Seat 8: PocketsK1ng (button) folded before Flop (didn't bet)
Seat 9: Doberman6988 (small blind) folded before Flop



PokerStars Hand #238131300898:  Hold'em No Limit ($0.02/$0.05 USD) - 2022/08/21 11:44:54 PT [2022/08/21 14:44:54 ET]
Table 'Kalypso III' 9-max Seat #9 is the button
Seat 1: xD3nn15 ($2.94 in chips) 
Seat 2: SetOnesGoal ($5 in chips) 
Seat 3: rodsvitor ($2.63 in chips) 
Seat 4: mooresie28 ($4.52 in chips) 
Seat 5: Dorex2007 ($5.26 in chips) 
Seat 6: BuzzkillBaby ($4.75 in chips) 
Seat 7: TrzymamKolo ($6.56 in chips) 
Seat 8: PocketsK1ng ($5 in chips) 
Seat 9: Doberman6988 ($2 in chips) 
xD3nn15: posts small blind $0.02
SetOnesGoal: posts big blind $0.05
*** HOLE CARDS ***
Dealt to Dorex2007 [Jh 6s]
rodsvitor: folds 
mooresie28: folds 
Dorex2007: folds 
BuzzkillBaby: folds 
TrzymamKolo: raises $0.10 to $0.15
PocketsK1ng: folds 
Doberman6988: folds 
xD3nn15: folds 
SetOnesGoal: folds 
Uncalled bet ($0.10) returned to TrzymamKolo
TrzymamKolo collected $0.12 from pot
*** SUMMARY ***
Total pot $0.12 | Rake $0 
Seat 1: xD3nn15 (small blind) folded before Flop
Seat 2: SetOnesGoal (big blind) folded before Flop
Seat 3: rodsvitor folded before Flop (didn't bet)
Seat 4: mooresie28 folded before Flop (didn't bet)
Seat 5: Dorex2007 folded before Flop (didn't bet)
Seat 6: BuzzkillBaby folded before Flop (didn't bet)
Seat 7: TrzymamKolo collected ($0.12)
Seat 8: PocketsK1ng folded before Flop (didn't bet)
Seat 9: Doberman6988 (button) folded before Flop (didn't bet)



PokerStars Hand #238131308508:  Hold'em No Limit ($0.02/$0.05 USD) - 2022/08/21 11:45:13 PT [2022/08/21 14:45:13 ET]
Table 'Kalypso III' 9-max Seat #1 is the button
Seat 1: xD3nn15 ($2.92 in chips) 
Seat 2: SetOnesGoal ($5 in chips) 
Seat 3: rodsvitor ($2.63 in chips) 
Seat 4: mooresie28 ($4.52 in chips) 
Seat 5: Dorex2007 ($5.26 in chips) 
Seat 6: BuzzkillBaby ($4.75 in chips) 
Seat 7: TrzymamKolo ($6.63 in chips) 
Seat 8: PocketsK1ng ($5 in chips) 
Seat 9: Doberman6988 ($2 in chips) 
SetOnesGoal: posts small blind $0.02
rodsvitor: posts big blind $0.05
*** HOLE CARDS ***
Dealt to Dorex2007 [5c 5s]
mooresie28: folds 
Dorex2007: calls $0.05
BuzzkillBaby has timed out
BuzzkillBaby: folds 
TrzymamKolo: folds 
PocketsK1ng: folds 
Doberman6988: folds 
xD3nn15: folds 
SetOnesGoal: calls $0.03
rodsvitor: checks 
*** FLOP *** [Qs 6d 9c]
SetOnesGoal: bets $0.10
rodsvitor: folds 
Dorex2007: folds 
Uncalled bet ($0.10) returned to SetOnesGoal
SetOnesGoal collected $0.14 from pot
SetOnesGoal: doesn't show hand 
*** SUMMARY ***
Total pot $0.15 | Rake $0.01 
Board [Qs 6d 9c]
Seat 1: xD3nn15 (button) folded before Flop (didn't bet)
Seat 2: SetOnesGoal (small blind) collected ($0.14)
Seat 3: rodsvitor (big blind) folded on the Flop
Seat 4: mooresie28 folded before Flop (didn't bet)
Seat 5: Dorex2007 folded on the Flop
Seat 6: BuzzkillBaby folded before Flop (didn't bet)
Seat 7: TrzymamKolo folded before Flop (didn't bet)
Seat 8: PocketsK1ng folded before Flop (didn't bet)
Seat 9: Doberman6988 folded before Flop (didn't bet)



PokerStars Hand #238131329126:  Hold'em No Limit ($0.02/$0.05 USD) - 2022/08/21 11:46:04 PT [2022/08/21 14:46:04 ET]
Table 'Kalypso III' 9-max Seat #2 is the button
Seat 1: xD3nn15 ($2.92 in chips) 
Seat 2: SetOnesGoal ($5.09 in chips) 
Seat 3: rodsvitor ($2.58 in chips) 
Seat 4: mooresie28 ($4.52 in chips) 
Seat 5: Dorex2007 ($5.21 in chips) 
Seat 6: BuzzkillBaby ($4.75 in chips) 
Seat 7: TrzymamKolo ($6.63 in chips) 
Seat 8: PocketsK1ng ($5 in chips) 
Seat 9: Doberman6988 ($2 in chips) 
rodsvitor: posts small blind $0.02
mooresie28: posts big blind $0.05
*** HOLE CARDS ***
Dealt to Dorex2007 [5d 6s]
Dorex2007: folds 
BuzzkillBaby: folds 
TrzymamKolo: folds 
PocketsK1ng: folds 
Doberman6988: folds 
xD3nn15: folds 
SetOnesGoal: raises $0.07 to $0.12
rodsvitor: folds 
mooresie28: calls $0.07
*** FLOP *** [Qc 5h Kd]
mooresie28: checks 
SetOnesGoal: bets $0.10
mooresie28: folds 
Uncalled bet ($0.10) returned to SetOnesGoal
SetOnesGoal collected $0.25 from pot
SetOnesGoal: doesn't show hand 
*** SUMMARY ***
Total pot $0.26 | Rake $0.01 
Board [Qc 5h Kd]
Seat 1: xD3nn15 folded before Flop (didn't bet)
Seat 2: SetOnesGoal (button) collected ($0.25)
Seat 3: rodsvitor (small blind) folded before Flop
Seat 4: mooresie28 (big blind) folded on the Flop
Seat 5: Dorex2007 folded before Flop (didn't bet)
Seat 6: BuzzkillBaby folded before Flop (didn't bet)
Seat 7: TrzymamKolo folded before Flop (didn't bet)
Seat 8: PocketsK1ng folded before Flop (didn't bet)
Seat 9: Doberman6988 folded before Flop (didn't bet)



PokerStars Hand #238131345541:  Hold'em No Limit ($0.02/$0.05 USD) - 2022/08/21 11:46:45 PT [2022/08/21 14:46:45 ET]
Table 'Kalypso III' 9-max Seat #3 is the button
Seat 1: xD3nn15 ($2.92 in chips) 
Seat 2: SetOnesGoal ($5.22 in chips) 
Seat 3: rodsvitor ($2.56 in chips) 
Seat 4: mooresie28 ($4.40 in chips) 
Seat 5: Dorex2007 ($5.21 in chips) 
Seat 6: BuzzkillBaby ($4.75 in chips) 
Seat 7: TrzymamKolo ($6.63 in chips) 
Seat 8: PocketsK1ng ($5 in chips) 
Seat 9: Doberman6988 ($2 in chips) 
mooresie28: posts small blind $0.02
Dorex2007: posts big blind $0.05
*** HOLE CARDS ***
Dealt to Dorex2007 [Qd Kh]
BuzzkillBaby: calls $0.05
TrzymamKolo: folds 
PocketsK1ng: raises $0.10 to $0.15
Doberman6988: folds 
xD3nn15: folds 
SetOnesGoal: folds 
rodsvitor: folds 
mooresie28: folds 
Dorex2007: calls $0.10
SetOnesGoal leaves the table
BuzzkillBaby: calls $0.10
*** FLOP *** [2c 9d 3c]
Dorex2007: checks 
BuzzkillBaby: checks 
PocketsK1ng: checks 
*** TURN *** [2c 9d 3c] [4d]
Gafner92 joins the table at seat #2 
Dorex2007: checks 
BuzzkillBaby: checks 
PocketsK1ng: checks 
*** RIVER *** [2c 9d 3c 4d] [7s]
Dorex2007: checks 
BuzzkillBaby: checks 
PocketsK1ng: checks 
*** SHOW DOWN ***
Dorex2007: shows [Qd Kh] (high card King)
BuzzkillBaby: shows [As 6s] (high card Ace)
PocketsK1ng: shows [8h 7h] (a pair of Sevens)
PocketsK1ng collected $0.45 from pot
*** SUMMARY ***
Total pot $0.47 | Rake $0.02 
Board [2c 9d 3c 4d 7s]
Seat 1: xD3nn15 folded before Flop (didn't bet)
Seat 2: SetOnesGoal folded before Flop (didn't bet)
Seat 3: rodsvitor (button) folded before Flop (didn't bet)
Seat 4: mooresie28 (small blind) folded before Flop
Seat 5: Dorex2007 (big blind) showed [Qd Kh] and lost with high card King
Seat 6: BuzzkillBaby showed [As 6s] and lost with high card Ace
Seat 7: TrzymamKolo folded before Flop (didn't bet)
Seat 8: PocketsK1ng showed [8h 7h] and won ($0.45) with a pair of Sevens
Seat 9: Doberman6988 folded before Flop (didn't bet)



PokerStars Hand #238131370475:  Hold'em No Limit ($0.02/$0.05 USD) - 2022/08/21 11:47:47 PT [2022/08/21 14:47:47 ET]
Table 'Kalypso III' 9-max Seat #4 is the button
Seat 1: xD3nn15 ($2.92 in chips) 
Seat 3: rodsvitor ($2.56 in chips) 
Seat 4: mooresie28 ($4.38 in chips) 
Seat 5: Dorex2007 ($5.06 in chips) 
Seat 6: BuzzkillBaby ($4.60 in chips) 
Seat 7: TrzymamKolo ($6.63 in chips) 
Seat 8: PocketsK1ng ($5.30 in chips) 
Seat 9: Doberman6988 ($2 in chips) 
Dorex2007: posts small blind $0.02
BuzzkillBaby: posts big blind $0.05
Gafner92: sits out 
*** HOLE CARDS ***
Dealt to Dorex2007 [Qs Ks]
TrzymamKolo: folds 
PocketsK1ng: raises $0.10 to $0.15
Doberman6988: folds 
xD3nn15: folds 
rodsvitor: folds 
mooresie28: folds 
Dorex2007: calls $0.13
BuzzkillBaby: folds 
*** FLOP *** [5d Qc 7d]
Dorex2007: checks 
PocketsK1ng: bets $0.07
Dorex2007: calls $0.07
*** TURN *** [5d Qc 7d] [Td]
Dorex2007: checks 
PocketsK1ng: checks 
*** RIVER *** [5d Qc 7d Td] [5c]
Dorex2007: bets $0.23
PocketsK1ng: folds 
Uncalled bet ($0.23) returned to Dorex2007
Dorex2007 collected $0.47 from pot
Dorex2007: doesn't show hand 
*** SUMMARY ***
Total pot $0.49 | Rake $0.02 
Board [5d Qc 7d Td 5c]
Seat 1: xD3nn15 folded before Flop (didn't bet)
Seat 3: rodsvitor folded before Flop (didn't bet)
Seat 4: mooresie28 (button) folded before Flop (didn't bet)
Seat 5: Dorex2007 (small blind) collected ($0.47)
Seat 6: BuzzkillBaby (big blind) folded before Flop
Seat 7: TrzymamKolo folded before Flop (didn't bet)
Seat 8: PocketsK1ng folded on the River
Seat 9: Doberman6988 folded before Flop (didn't bet)



PokerStars Hand #238131389046:  Hold'em No Limit ($0.02/$0.05 USD) - 2022/08/21 11:48:33 PT [2022/08/21 14:48:33 ET]
Table 'Kalypso III' 9-max Seat #5 is the button
Seat 1: xD3nn15 ($2.92 in chips) 
Seat 3: rodsvitor ($2.56 in chips) 
Seat 4: mooresie28 ($4.38 in chips) 
Seat 5: Dorex2007 ($5.31 in chips) 
Seat 6: BuzzkillBaby ($4.55 in chips) 
Seat 7: TrzymamKolo ($6.63 in chips) 
Seat 8: PocketsK1ng ($5.08 in chips) 
Seat 9: Doberman6988 ($2 in chips) 
BuzzkillBaby: posts small blind $0.02
TrzymamKolo: posts big blind $0.05
Gafner92: sits out 
*** HOLE CARDS ***
Dealt to Dorex2007 [9h Qh]
PocketsK1ng: folds 
Doberman6988: folds 
xD3nn15: folds 
rodsvitor: folds 
mooresie28: folds 
Dorex2007: raises $0.05 to $0.10
BuzzkillBaby: folds 
TrzymamKolo: folds 
Uncalled bet ($0.05) returned to Dorex2007
Dorex2007 collected $0.12 from pot
Dorex2007: doesn't show hand 
*** SUMMARY ***
Total pot $0.12 | Rake $0 
Seat 1: xD3nn15 folded before Flop (didn't bet)
Seat 3: rodsvitor folded before Flop (didn't bet)
Seat 4: mooresie28 folded before Flop (didn't bet)
Seat 5: Dorex2007 (button) collected ($0.12)
Seat 6: BuzzkillBaby (small blind) folded before Flop
Seat 7: TrzymamKolo (big blind) folded before Flop
Seat 8: PocketsK1ng folded before Flop (didn't bet)
Seat 9: Doberman6988 folded before Flop (didn't bet)



PokerStars Hand #238131399159:  Hold'em No Limit ($0.02/$0.05 USD) - 2022/08/21 11:48:59 PT [2022/08/21 14:48:59 ET]
Table 'Kalypso III' 9-max Seat #6 is the button
Seat 1: xD3nn15 ($2.92 in chips) 
Seat 3: rodsvitor ($2.56 in chips) 
Seat 4: mooresie28 ($4.38 in chips) 
Seat 5: Dorex2007 ($5.38 in chips) 
Seat 6: BuzzkillBaby ($4.53 in chips) 
Seat 7: TrzymamKolo ($6.58 in chips) 
Seat 8: PocketsK1ng ($5.08 in chips) 
Seat 9: Doberman6988 ($2 in chips) 
TrzymamKolo: posts small blind $0.02
PocketsK1ng: posts big blind $0.05
Gafner92: sits out 
*** HOLE CARDS ***
Dealt to Dorex2007 [8s Jh]
Doberman6988: folds 
xD3nn15: folds 
rodsvitor: folds 
mooresie28: folds 
Dorex2007: folds 
BuzzkillBaby: calls $0.05
TrzymamKolo: calls $0.03
PocketsK1ng: checks 
*** FLOP *** [Ts 3d Qh]
TrzymamKolo: checks 
PocketsK1ng: checks 
BuzzkillBaby: bets $0.07
TrzymamKolo: calls $0.07
PocketsK1ng: calls $0.07
*** TURN *** [Ts 3d Qh] [5c]
TrzymamKolo: checks 
PocketsK1ng: checks 
BuzzkillBaby: bets $0.17
TrzymamKolo: calls $0.17
PocketsK1ng: folds 
*** RIVER *** [Ts 3d Qh 5c] [Kh]
TrzymamKolo: checks 
BuzzkillBaby: bets $0.33
TrzymamKolo: raises $0.67 to $1
BuzzkillBaby: calls $0.67
*** SHOW DOWN ***
TrzymamKolo: shows [Js 9d] (a straight, Nine to King)
BuzzkillBaby: shows [9h Jd] (a straight, Nine to King)
TrzymamKolo collected $1.30 from pot
BuzzkillBaby collected $1.29 from pot
*** SUMMARY ***
Total pot $2.70 | Rake $0.11 
Board [Ts 3d Qh 5c Kh]
Seat 1: xD3nn15 folded before Flop (didn't bet)
Seat 3: rodsvitor folded before Flop (didn't bet)
Seat 4: mooresie28 folded before Flop (didn't bet)
Seat 5: Dorex2007 folded before Flop (didn't bet)
Seat 6: BuzzkillBaby (button) showed [9h Jd] and won ($1.29) with a straight, Nine to King
Seat 7: TrzymamKolo (small blind) showed [Js 9d] and won ($1.30) with a straight, Nine to King
Seat 8: PocketsK1ng (big blind) folded on the Turn
Seat 9: Doberman6988 folded before Flop (didn't bet)



PokerStars Hand #238131453335:  Hold'em No Limit ($0.02/$0.05 USD) - 2022/08/21 11:50:50 PT [2022/08/21 14:50:50 ET]
Table 'Kalypso III' 9-max Seat #7 is the button
Seat 1: xD3nn15 ($2.92 in chips) 
Seat 3: rodsvitor ($2.56 in chips) 
Seat 4: mooresie28 ($4.38 in chips) 
Seat 5: Dorex2007 ($5.38 in chips) 
Seat 6: BuzzkillBaby ($4.53 in chips) 
Seat 7: TrzymamKolo ($6.59 in chips) 
Seat 8: PocketsK1ng ($5 in chips) 
Seat 9: Doberman6988 ($2 in chips) 
PocketsK1ng: posts small blind $0.02
Doberman6988: posts big blind $0.05
Gafner92: sits out 
*** HOLE CARDS ***
Dealt to Dorex2007 [2s 5s]
xD3nn15: folds 
rodsvitor: folds 
mooresie28: folds 
Dorex2007: folds 
BuzzkillBaby: calls $0.05
TrzymamKolo: raises $0.10 to $0.15
PocketsK1ng: folds 
Doberman6988: calls $0.10
BuzzkillBaby: calls $0.10
*** FLOP *** [Kh 7d Ks]
Doberman6988: checks 
BuzzkillBaby: bets $0.17
TrzymamKolo: folds 
Doberman6988: calls $0.17
*** TURN *** [Kh 7d Ks] [4h]
Doberman6988: checks 
BuzzkillBaby: bets $0.34
Doberman6988: calls $0.34
*** RIVER *** [Kh 7d Ks 4h] [Jh]
Doberman6988: checks 
BuzzkillBaby: bets $0.66
Doberman6988: folds 
Uncalled bet ($0.66) returned to BuzzkillBaby
BuzzkillBaby collected $1.43 from pot
*** SUMMARY ***
Total pot $1.49 | Rake $0.06 
Board [Kh 7d Ks 4h Jh]
Seat 1: xD3nn15 folded before Flop (didn't bet)
Seat 3: rodsvitor folded before Flop (didn't bet)
Seat 4: mooresie28 folded before Flop (didn't bet)
Seat 5: Dorex2007 folded before Flop (didn't bet)
Seat 6: BuzzkillBaby collected ($1.43)
Seat 7: TrzymamKolo (button) folded on the Flop
Seat 8: PocketsK1ng (small blind) folded before Flop
Seat 9: Doberman6988 (big blind) folded on the River



PokerStars Hand #238131478082:  Hold'em No Limit ($0.02/$0.05 USD) - 2022/08/21 11:51:52 PT [2022/08/21 14:51:52 ET]
Table 'Kalypso III' 9-max Seat #8 is the button
Seat 1: xD3nn15 ($2.92 in chips) 
Seat 3: rodsvitor ($2.56 in chips) 
Seat 4: mooresie28 ($4.38 in chips) 
Seat 5: Dorex2007 ($5.38 in chips) 
Seat 6: BuzzkillBaby ($5.30 in chips) 
Seat 7: TrzymamKolo ($6.44 in chips) 
Seat 8: PocketsK1ng ($5 in chips) 
Seat 9: Doberman6988 ($2 in chips) 
Doberman6988: posts small blind $0.02
xD3nn15: posts big blind $0.05
Gafner92: sits out 
*** HOLE CARDS ***
Dealt to Dorex2007 [9h 2c]
rodsvitor: folds 
mooresie28: raises $0.05 to $0.10
Dorex2007: folds 
BuzzkillBaby: folds 
TrzymamKolo: folds 
PocketsK1ng: folds 
Doberman6988: folds 
xD3nn15: calls $0.05
*** FLOP *** [9d Kh As]
xD3nn15: checks 
mooresie28: bets $0.10
xD3nn15: folds 
Uncalled bet ($0.10) returned to mooresie28
mooresie28 collected $0.21 from pot
*** SUMMARY ***
Total pot $0.22 | Rake $0.01 
Board [9d Kh As]
Seat 1: xD3nn15 (big blind) folded on the Flop
Seat 3: rodsvitor folded before Flop (didn't bet)
Seat 4: mooresie28 collected ($0.21)
Seat 5: Dorex2007 folded before Flop (didn't bet)
Seat 6: BuzzkillBaby folded before Flop (didn't bet)
Seat 7: TrzymamKolo folded before Flop (didn't bet)
Seat 8: PocketsK1ng (button) folded before Flop (didn't bet)
Seat 9: Doberman6988 (small blind) folded before Flop



PokerStars Hand #238131489424:  Hold'em No Limit ($0.02/$0.05 USD) - 2022/08/21 11:52:20 PT [2022/08/21 14:52:20 ET]
Table 'Kalypso III' 9-max Seat #9 is the button
Seat 1: xD3nn15 ($2.82 in chips) 
Seat 2: Gafner92 ($5 in chips) 
Seat 3: rodsvitor ($2.56 in chips) 
Seat 4: mooresie28 ($4.49 in chips) 
Seat 5: Dorex2007 ($5.38 in chips) 
Seat 6: BuzzkillBaby ($5.30 in chips) 
Seat 7: TrzymamKolo ($6.44 in chips) 
Seat 8: PocketsK1ng ($5 in chips) 
Seat 9: Doberman6988 ($2 in chips) 
xD3nn15: posts small blind $0.02
Gafner92: posts big blind $0.05
*** HOLE CARDS ***
Dealt to Dorex2007 [Jc Ks]
rodsvitor: folds 
mooresie28: folds 
Dorex2007: raises $0.10 to $0.15
BuzzkillBaby: folds 
TrzymamKolo: folds 
PocketsK1ng: folds 
Doberman6988: folds 
xD3nn15: folds 
Gafner92: calls $0.10
*** FLOP *** [Qd 4s 9h]
Gafner92: checks 
Dorex2007: checks 
*** TURN *** [Qd 4s 9h] [Qh]
Gafner92: checks 
Dorex2007: checks 
*** RIVER *** [Qd 4s 9h Qh] [9s]
Gafner92: checks 
Dorex2007: checks 
*** SHOW DOWN ***
Gafner92: shows [Th Ah] (two pair, Queens and Nines)
Dorex2007: mucks hand 
Gafner92 collected $0.31 from pot
*** SUMMARY ***
Total pot $0.32 | Rake $0.01 
Board [Qd 4s 9h Qh 9s]
Seat 1: xD3nn15 (small blind) folded before Flop
Seat 2: Gafner92 (big blind) showed [Th Ah] and won ($0.31) with two pair, Queens and Nines
Seat 3: rodsvitor folded before Flop (didn't bet)
Seat 4: mooresie28 folded before Flop (didn't bet)
Seat 5: Dorex2007 mucked [Jc Ks]
Seat 6: BuzzkillBaby folded before Flop (didn't bet)
Seat 7: TrzymamKolo folded before Flop (didn't bet)
Seat 8: PocketsK1ng folded before Flop (didn't bet)
Seat 9: Doberman6988 (button) folded before Flop (didn't bet)



PokerStars Hand #238131510719:  Hold'em No Limit ($0.02/$0.05 USD) - 2022/08/21 11:53:13 PT [2022/08/21 14:53:13 ET]
Table 'Kalypso III' 9-max Seat #1 is the button
Seat 1: xD3nn15 ($2.80 in chips) 
Seat 2: Gafner92 ($5.16 in chips) 
Seat 3: rodsvitor ($2.56 in chips) 
Seat 4: mooresie28 ($4.49 in chips) 
Seat 5: Dorex2007 ($5.23 in chips) 
Seat 6: BuzzkillBaby ($5.30 in chips) 
Seat 7: TrzymamKolo ($6.44 in chips) 
Seat 8: PocketsK1ng ($5 in chips) 
Seat 9: Doberman6988 ($2 in chips) 
Gafner92: posts small blind $0.02
rodsvitor: posts big blind $0.05
*** HOLE CARDS ***
Dealt to Dorex2007 [Kh 6s]
mooresie28: folds 
Dorex2007: folds 
BuzzkillBaby: calls $0.05
mooresie28 leaves the table
TrzymamKolo: folds 
PocketsK1ng: folds 
Doberman6988: folds 
xD3nn15: calls $0.05
Gafner92: folds 
rodsvitor: checks 
*** FLOP *** [Jd Ac 4c]
rodsvitor: checks 
BuzzkillBaby: bets $0.08
xD3nn15: folds 
SetOnesGoal joins the table at seat #4 
rodsvitor: folds 
Uncalled bet ($0.08) returned to BuzzkillBaby
BuzzkillBaby collected $0.16 from pot
*** SUMMARY ***
Total pot $0.17 | Rake $0.01 
Board [Jd Ac 4c]
Seat 1: xD3nn15 (button) folded on the Flop
Seat 2: Gafner92 (small blind) folded before Flop
Seat 3: rodsvitor (big blind) folded on the Flop
Seat 4: mooresie28 folded before Flop (didn't bet)
Seat 5: Dorex2007 folded before Flop (didn't bet)
Seat 6: BuzzkillBaby collected ($0.16)
Seat 7: TrzymamKolo folded before Flop (didn't bet)
Seat 8: PocketsK1ng folded before Flop (didn't bet)
Seat 9: Doberman6988 folded before Flop (didn't bet)



PokerStars Hand #238131546471:  Hold'em No Limit ($0.02/$0.05 USD) - 2022/08/21 11:54:31 PT [2022/08/21 14:54:31 ET]
Table 'Kalypso III' 9-max Seat #2 is the button
Seat 1: xD3nn15 ($2.75 in chips) 
Seat 2: Gafner92 ($5.14 in chips) 
Seat 3: rodsvitor ($2.51 in chips) 
Seat 4: SetOnesGoal ($5.22 in chips) 
Seat 5: Dorex2007 ($5.23 in chips) 
Seat 6: BuzzkillBaby ($5.41 in chips) 
Seat 7: TrzymamKolo ($6.44 in chips) 
Seat 8: PocketsK1ng ($5 in chips) 
Seat 9: Doberman6988 ($2 in chips) 
rodsvitor: posts small blind $0.02
SetOnesGoal: posts big blind $0.05
*** HOLE CARDS ***
Dealt to Dorex2007 [2d Td]
Dorex2007: folds 
BuzzkillBaby: calls $0.05
TrzymamKolo: folds 
PocketsK1ng: folds 
Doberman6988: folds 
xD3nn15: folds 
Gafner92: folds 
rodsvitor: folds 
SetOnesGoal: checks 
*** FLOP *** [4h Ks Tc]
SetOnesGoal: bets $0.10
BuzzkillBaby: folds 
Uncalled bet ($0.10) returned to SetOnesGoal
SetOnesGoal collected $0.12 from pot
SetOnesGoal: doesn't show hand 
*** SUMMARY ***
Total pot $0.12 | Rake $0 
Board [4h Ks Tc]
Seat 1: xD3nn15 folded before Flop (didn't bet)
Seat 2: Gafner92 (button) folded before Flop (didn't bet)
Seat 3: rodsvitor (small blind) folded before Flop
Seat 4: SetOnesGoal (big blind) collected ($0.12)
Seat 5: Dorex2007 folded before Flop (didn't bet)
Seat 6: BuzzkillBaby folded on the Flop
Seat 7: TrzymamKolo folded before Flop (didn't bet)
Seat 8: PocketsK1ng folded before Flop (didn't bet)
Seat 9: Doberman6988 folded before Flop (didn't bet)



PokerStars Hand #238131558567:  Hold'em No Limit ($0.02/$0.05 USD) - 2022/08/21 11:55:02 PT [2022/08/21 14:55:02 ET]
Table 'Kalypso III' 9-max Seat #3 is the button
Seat 1: xD3nn15 ($2.75 in chips) 
Seat 2: Gafner92 ($5.14 in chips) 
Seat 3: rodsvitor ($2.49 in chips) 
Seat 4: SetOnesGoal ($5.29 in chips) 
Seat 5: Dorex2007 ($5.23 in chips) 
Seat 6: BuzzkillBaby ($5.36 in chips) 
Seat 7: TrzymamKolo ($6.44 in chips) 
Seat 8: PocketsK1ng ($5 in chips) 
Seat 9: Doberman6988 ($2 in chips) 
SetOnesGoal: posts small blind $0.02
Dorex2007: posts big blind $0.05
*** HOLE CARDS ***
Dealt to Dorex2007 [8s Ts]
BuzzkillBaby: calls $0.05
TrzymamKolo: raises $0.10 to $0.15
PocketsK1ng: folds 
Doberman6988: folds 
xD3nn15: folds 
Gafner92: folds 
rodsvitor: folds 
SetOnesGoal: folds 
Dorex2007: calls $0.10
BuzzkillBaby: folds 
*** FLOP *** [2h 2d Kd]
Dorex2007: checks 
TrzymamKolo: bets $0.18
Dorex2007: folds 
Uncalled bet ($0.18) returned to TrzymamKolo
TrzymamKolo collected $0.35 from pot
TrzymamKolo: doesn't show hand 
*** SUMMARY ***
Total pot $0.37 | Rake $0.02 
Board [2h 2d Kd]
Seat 1: xD3nn15 folded before Flop (didn't bet)
Seat 2: Gafner92 folded before Flop (didn't bet)
Seat 3: rodsvitor (button) folded before Flop (didn't bet)
Seat 4: SetOnesGoal (small blind) folded before Flop
Seat 5: Dorex2007 (big blind) folded on the Flop
Seat 6: BuzzkillBaby folded before Flop
Seat 7: TrzymamKolo collected ($0.35)
Seat 8: PocketsK1ng folded before Flop (didn't bet)
Seat 9: Doberman6988 folded before Flop (didn't bet)



PokerStars Hand #238131566371:  Hold'em No Limit ($0.02/$0.05 USD) - 2022/08/21 11:55:29 PT [2022/08/21 14:55:29 ET]
Table 'Kalypso III' 9-max Seat #4 is the button
Seat 1: xD3nn15 ($2.75 in chips) 
Seat 2: Gafner92 ($5.14 in chips) 
Seat 3: rodsvitor ($2.49 in chips) 
Seat 4: SetOnesGoal ($5.27 in chips) 
Seat 5: Dorex2007 ($5.08 in chips) 
Seat 6: BuzzkillBaby ($5.31 in chips) 
Seat 7: TrzymamKolo ($6.64 in chips) 
Seat 8: PocketsK1ng ($5 in chips) 
Seat 9: Doberman6988 ($2 in chips) 
Dorex2007: posts small blind $0.02
BuzzkillBaby: posts big blind $0.05
*** HOLE CARDS ***
Dealt to Dorex2007 [Tc Ac]
TrzymamKolo: folds 
TrzymamKolo leaves the table
PocketsK1ng: raises $0.10 to $0.15
Doberman6988: folds 
xD3nn15: calls $0.15
Gafner92: folds 
rodsvitor: folds 
SetOnesGoal: folds 
Dorex2007: calls $0.13
BuzzkillBaby: calls $0.10
*** FLOP *** [Kh Ad 3h]
Dorex2007: checks 
alexandr1178 joins the table at seat #7 
BuzzkillBaby: bets $0.19
PocketsK1ng: folds 
xD3nn15: folds 
Dorex2007: calls $0.19
*** TURN *** [Kh Ad 3h] [Qd]
Dorex2007: checks 
BuzzkillBaby: checks 
*** RIVER *** [Kh Ad 3h Qd] [7h]
Dorex2007: bets $0.30
BuzzkillBaby: raises $0.30 to $0.60
Dorex2007: folds 
Uncalled bet ($0.30) returned to BuzzkillBaby
BuzzkillBaby collected $1.51 from pot
*** SUMMARY ***
Total pot $1.58 | Rake $0.07 
Board [Kh Ad 3h Qd 7h]
Seat 1: xD3nn15 folded on the Flop
Seat 2: Gafner92 folded before Flop (didn't bet)
Seat 3: rodsvitor folded before Flop (didn't bet)
Seat 4: SetOnesGoal (button) folded before Flop (didn't bet)
Seat 5: Dorex2007 (small blind) folded on the River
Seat 6: BuzzkillBaby (big blind) collected ($1.51)
Seat 7: TrzymamKolo folded before Flop (didn't bet)
Seat 8: PocketsK1ng folded on the Flop
Seat 9: Doberman6988 folded before Flop (didn't bet)



PokerStars Hand #238131791941:  Hold'em No Limit ($0.02/$0.05 USD) - 2022/08/21 12:06:58 PT [2022/08/21 15:06:58 ET]
Table 'Kalypso III' 9-max Seat #7 is the button
Seat 1: xD3nn15 ($2.68 in chips) 
Seat 2: fukazapam ($4.67 in chips) 
Seat 3: rodsvitor ($3.30 in chips) 
Seat 4: ReteAZ ($1.93 in chips) 
Seat 5: Dorex2007 ($5 in chips) 
Seat 6: BuzzkillBaby ($4.07 in chips) 
Seat 7: alexandr1178 ($3.40 in chips) 
Seat 8: PocketsK1ng ($5 in chips) 
Seat 9: Doberman6988 ($2.19 in chips) 
PocketsK1ng: posts small blind $0.02
Doberman6988: posts big blind $0.05
Dorex2007: posts small & big blinds $0.07
BuzzkillBaby is connected 
BuzzkillBaby: posts small blind $0.02
*** HOLE CARDS ***
Dealt to Dorex2007 [4c 4s]
xD3nn15: folds 
fukazapam: folds 
rodsvitor: raises $0.10 to $0.15
ReteAZ has timed out
ReteAZ: folds 
Dorex2007: calls $0.10
BuzzkillBaby: folds 
alexandr1178: folds 
PocketsK1ng: folds 
Doberman6988: folds 
*** FLOP *** [2c 8s 7d]
rodsvitor: bets $0.19
Dorex2007: raises $4.64 to $4.83 and is all-in
rodsvitor: calls $2.96 and is all-in
Uncalled bet ($1.68) returned to Dorex2007
*** TURN *** [2c 8s 7d] [Qh]
*** RIVER *** [2c 8s 7d Qh] [9s]
*** SHOW DOWN ***
rodsvitor: shows [Tc Td] (a pair of Tens)
Dorex2007: shows [4c 4s] (a pair of Fours)
rodsvitor collected $6.43 from pot
*** SUMMARY ***
Total pot $6.71 | Rake $0.28 
Board [2c 8s 7d Qh 9s]
Seat 1: xD3nn15 folded before Flop (didn't bet)
Seat 2: fukazapam folded before Flop (didn't bet)
Seat 3: rodsvitor showed [Tc Td] and won ($6.43) with a pair of Tens
Seat 4: ReteAZ folded before Flop (didn't bet)
Seat 5: Dorex2007 showed [4c 4s] and lost with a pair of Fours
Seat 6: BuzzkillBaby folded before Flop (didn't bet)
Seat 7: alexandr1178 (button) folded before Flop (didn't bet)
Seat 8: PocketsK1ng (small blind) folded before Flop
Seat 9: Doberman6988 (big blind) folded before Flop



PokerStars Hand #238131820235:  Hold'em No Limit ($0.02/$0.05 USD) - 2022/08/21 12:08:05 PT [2022/08/21 15:08:05 ET]
Table 'Kalypso III' 9-max Seat #8 is the button
Seat 1: xD3nn15 ($2.68 in chips) 
Seat 2: fukazapam ($4.67 in chips) 
Seat 3: rodsvitor ($6.43 in chips) 
Seat 4: ReteAZ ($1.93 in chips) 
Seat 5: Dorex2007 ($5 in chips) 
Seat 6: BuzzkillBaby ($4.05 in chips) 
Seat 7: alexandr1178 ($3.40 in chips) 
Seat 8: PocketsK1ng ($5 in chips) 
Seat 9: Doberman6988 ($2.14 in chips) 
Doberman6988: posts small blind $0.02
xD3nn15: posts big blind $0.05
*** HOLE CARDS ***
Dealt to Dorex2007 [6c 3d]
fukazapam: folds 
rodsvitor: folds 
ReteAZ: folds 
Dorex2007: folds 
BuzzkillBaby: folds 
alexandr1178: raises $0.10 to $0.15
PocketsK1ng: folds 
Doberman6988: folds 
xD3nn15: calls $0.10
*** FLOP *** [8s 9d Jh]
xD3nn15: checks 
alexandr1178: bets $0.18
xD3nn15: folds 
Uncalled bet ($0.18) returned to alexandr1178
alexandr1178 collected $0.31 from pot
alexandr1178: doesn't show hand 
*** SUMMARY ***
Total pot $0.32 | Rake $0.01 
Board [8s 9d Jh]
Seat 1: xD3nn15 (big blind) folded on the Flop
Seat 2: fukazapam folded before Flop (didn't bet)
Seat 3: rodsvitor folded before Flop (didn't bet)
Seat 4: ReteAZ folded before Flop (didn't bet)
Seat 5: Dorex2007 folded before Flop (didn't bet)
Seat 6: BuzzkillBaby folded before Flop (didn't bet)
Seat 7: alexandr1178 collected ($0.31)
Seat 8: PocketsK1ng (button) folded before Flop (didn't bet)
Seat 9: Doberman6988 (small blind) folded before Flop



PokerStars Hand #238131839029:  Hold'em No Limit ($0.02/$0.05 USD) - 2022/08/21 12:08:49 PT [2022/08/21 15:08:49 ET]
Table 'Kalypso III' 9-max Seat #9 is the button
Seat 1: xD3nn15 ($2.53 in chips) 
Seat 2: fukazapam ($4.67 in chips) 
Seat 3: rodsvitor ($6.43 in chips) 
Seat 4: ReteAZ ($1.93 in chips) 
Seat 5: Dorex2007 ($5 in chips) 
Seat 6: BuzzkillBaby ($4.05 in chips) 
Seat 7: alexandr1178 ($3.56 in chips) 
Seat 8: PocketsK1ng ($5 in chips) 
Seat 9: Doberman6988 ($2.12 in chips) 
xD3nn15: posts small blind $0.02
fukazapam: posts big blind $0.05
*** HOLE CARDS ***
Dealt to Dorex2007 [8h 2h]
rodsvitor: folds 
ReteAZ: folds 
Dorex2007: folds 
BuzzkillBaby: folds 
alexandr1178: folds 
PocketsK1ng: folds 
Doberman6988: raises $0.07 to $0.12
xD3nn15: folds 
fukazapam: folds 
Uncalled bet ($0.07) returned to Doberman6988
Doberman6988 collected $0.12 from pot
*** SUMMARY ***
Total pot $0.12 | Rake $0 
Seat 1: xD3nn15 (small blind) folded before Flop
Seat 2: fukazapam (big blind) folded before Flop
Seat 3: rodsvitor folded before Flop (didn't bet)
Seat 4: ReteAZ folded before Flop (didn't bet)
Seat 5: Dorex2007 folded before Flop (didn't bet)
Seat 6: BuzzkillBaby folded before Flop (didn't bet)
Seat 7: alexandr1178 folded before Flop (didn't bet)
Seat 8: PocketsK1ng folded before Flop (didn't bet)
Seat 9: Doberman6988 (button) collected ($0.12)



PokerStars Hand #238131848332:  Hold'em No Limit ($0.02/$0.05 USD) - 2022/08/21 12:09:11 PT [2022/08/21 15:09:11 ET]
Table 'Kalypso III' 9-max Seat #1 is the button
Seat 1: xD3nn15 ($2.51 in chips) 
Seat 2: fukazapam ($4.62 in chips) 
Seat 3: rodsvitor ($6.43 in chips) 
Seat 4: ReteAZ ($1.93 in chips) 
Seat 5: Dorex2007 ($5 in chips) 
Seat 6: BuzzkillBaby ($4.05 in chips) 
Seat 7: alexandr1178 ($3.56 in chips) 
Seat 8: PocketsK1ng ($5 in chips) 
Seat 9: Doberman6988 ($2.19 in chips) 
fukazapam: posts small blind $0.02
rodsvitor: posts big blind $0.05
*** HOLE CARDS ***
Dealt to Dorex2007 [9h 2s]
ReteAZ: folds 
Dorex2007: folds 
BuzzkillBaby: folds 
alexandr1178: folds 
PocketsK1ng: folds 
Doberman6988: raises $0.10 to $0.15
xD3nn15: folds 
fukazapam: folds 
rodsvitor: folds 
Uncalled bet ($0.10) returned to Doberman6988
Doberman6988 collected $0.12 from pot
*** SUMMARY ***
Total pot $0.12 | Rake $0 
Seat 1: xD3nn15 (button) folded before Flop (didn't bet)
Seat 2: fukazapam (small blind) folded before Flop
Seat 3: rodsvitor (big blind) folded before Flop
Seat 4: ReteAZ folded before Flop (didn't bet)
Seat 5: Dorex2007 folded before Flop (didn't bet)
Seat 6: BuzzkillBaby folded before Flop (didn't bet)
Seat 7: alexandr1178 folded before Flop (didn't bet)
Seat 8: PocketsK1ng folded before Flop (didn't bet)
Seat 9: Doberman6988 collected ($0.12)



