PokerStars Hand #238713775510:  Hold'em No Limit ($0.02/$0.05 USD) - 2022/09/18 13:36:22 PT [2022/09/18 16:36:22 ET]
Table 'Patry II' 9-max Seat #1 is the button
Seat 1: Almanza63 ($9.42 in chips) 
Seat 2: laureano290 ($5 in chips) 
Seat 3: SzNorbert12 ($6.12 in chips) 
Seat 4: HarrierGR.9 ($4.33 in chips) 
Seat 6: B00k3rJay ($3.35 in chips) 
Seat 8: Don Ray x ($4.85 in chips) 
Seat 9: Dorex2007 ($5 in chips) 
laureano290: posts small blind $0.02
SzNorbert12: posts big blind $0.05
Dorex2007: posts big blind $0.05
*** HOLE CARDS ***
Dealt to Dorex2007 [4s 7s]
HarrierGR.9: calls $0.05
B00k3rJay: calls $0.05
Don Ray x: calls $0.05
Dorex2007 has timed out
Dorex2007: checks 
Almanza63: calls $0.05
laureano290: calls $0.03
SzNorbert12: checks 
*** FLOP *** [3c 9h 6s]
laureano290: checks 
SzNorbert12: checks 
HarrierGR.9: checks 
B00k3rJay: bets $0.05
Don Ray x: folds 
Dorex2007: calls $0.05
Almanza63: calls $0.05
laureano290: folds 
SzNorbert12: calls $0.05
HarrierGR.9: calls $0.05
*** TURN *** [3c 9h 6s] [Js]
SzNorbert12: checks 
HarrierGR.9: checks 
B00k3rJay: bets $0.05
Dorex2007: calls $0.05
Almanza63: folds 
SzNorbert12: folds 
HarrierGR.9: folds 
*** RIVER *** [3c 9h 6s Js] [6d]
B00k3rJay: bets $0.33
Dorex2007: folds 
Uncalled bet ($0.33) returned to B00k3rJay
B00k3rJay collected $0.66 from pot
*** SUMMARY ***
Total pot $0.70 | Rake $0.04 
Board [3c 9h 6s Js 6d]
Seat 1: Almanza63 (button) folded on the Turn
Seat 2: laureano290 (small blind) folded on the Flop
Seat 3: SzNorbert12 (big blind) folded on the Turn
Seat 4: HarrierGR.9 folded on the Turn
Seat 6: B00k3rJay collected ($0.66)
Seat 8: Don Ray x folded on the Flop
Seat 9: Dorex2007 folded on the River



PokerStars Hand #238713825118:  Hold'em No Limit ($0.02/$0.05 USD) - 2022/09/18 13:38:09 PT [2022/09/18 16:38:09 ET]
Table 'Patry II' 9-max Seat #2 is the button
Seat 1: Almanza63 ($9.32 in chips) 
Seat 2: laureano290 ($5 in chips) 
Seat 3: SzNorbert12 ($6.02 in chips) 
Seat 4: HarrierGR.9 ($4.23 in chips) 
Seat 6: B00k3rJay ($3.86 in chips) 
Seat 7: Ice-man6446 ($7.87 in chips) 
Seat 8: Don Ray x ($4.80 in chips) 
Seat 9: Dorex2007 ($5 in chips) 
SzNorbert12: posts small blind $0.02
HarrierGR.9: posts big blind $0.05
*** HOLE CARDS ***
Dealt to Dorex2007 [3h 9h]
B00k3rJay: folds 
Ice-man6446: calls $0.05
Don Ray x: calls $0.05
Dorex2007: folds 
Almanza63: raises $0.10 to $0.15
laureano290: folds 
SzNorbert12: folds 
HarrierGR.9: folds 
Ice-man6446: folds 
Don Ray x: calls $0.10
*** FLOP *** [4h 6d Jc]
Don Ray x: bets $0.05
Almanza63: raises $0.16 to $0.21
Don Ray x: calls $0.16
*** TURN *** [4h 6d Jc] [4s]
Don Ray x: checks 
Almanza63: checks 
*** RIVER *** [4h 6d Jc 4s] [3c]
Don Ray x: checks 
Almanza63: bets $0.69
Don Ray x: folds 
Uncalled bet ($0.69) returned to Almanza63
Almanza63 collected $0.81 from pot
Almanza63: doesn't show hand 
*** SUMMARY ***
Total pot $0.84 | Rake $0.03 
Board [4h 6d Jc 4s 3c]
Seat 1: Almanza63 collected ($0.81)
Seat 2: laureano290 (button) folded before Flop (didn't bet)
Seat 3: SzNorbert12 (small blind) folded before Flop
Seat 4: HarrierGR.9 (big blind) folded before Flop
Seat 6: B00k3rJay folded before Flop (didn't bet)
Seat 7: Ice-man6446 folded before Flop
Seat 8: Don Ray x folded on the River
Seat 9: Dorex2007 folded before Flop (didn't bet)



PokerStars Hand #238713857712:  Hold'em No Limit ($0.02/$0.05 USD) - 2022/09/18 13:39:19 PT [2022/09/18 16:39:19 ET]
Table 'Patry II' 9-max Seat #3 is the button
Seat 1: Almanza63 ($9.77 in chips) 
Seat 2: laureano290 ($5 in chips) 
Seat 3: SzNorbert12 ($6 in chips) 
Seat 4: HarrierGR.9 ($4.18 in chips) 
Seat 6: B00k3rJay ($3.86 in chips) 
Seat 7: Ice-man6446 ($7.82 in chips) 
Seat 8: Don Ray x ($4.44 in chips) 
Seat 9: Dorex2007 ($5 in chips) 
HarrierGR.9: posts small blind $0.02
B00k3rJay: posts big blind $0.05
*** HOLE CARDS ***
Dealt to Dorex2007 [Qs 6d]
Ice-man6446: folds 
Don Ray x: raises $0.05 to $0.10
Dorex2007: folds 
Almanza63: calls $0.10
laureano290: folds 
SzNorbert12: calls $0.10
HarrierGR.9: folds 
B00k3rJay: calls $0.05
*** FLOP *** [6h 8h As]
B00k3rJay: bets $0.05
Don Ray x: calls $0.05
Almanza63: raises $0.26 to $0.31
SzNorbert12: calls $0.31
B00k3rJay: calls $0.26
Don Ray x: calls $0.26
*** TURN *** [6h 8h As] [5s]
B00k3rJay: checks 
Don Ray x: checks 
Almanza63: checks 
SzNorbert12: bets $1.35
B00k3rJay: folds 
Don Ray x: folds 
Almanza63: folds 
Uncalled bet ($1.35) returned to SzNorbert12
SzNorbert12 collected $1.59 from pot
SzNorbert12: doesn't show hand 
*** SUMMARY ***
Total pot $1.66 | Rake $0.07 
Board [6h 8h As 5s]
Seat 1: Almanza63 folded on the Turn
Seat 2: laureano290 folded before Flop (didn't bet)
Seat 3: SzNorbert12 (button) collected ($1.59)
Seat 4: HarrierGR.9 (small blind) folded before Flop
Seat 6: B00k3rJay (big blind) folded on the Turn
Seat 7: Ice-man6446 folded before Flop (didn't bet)
Seat 8: Don Ray x folded on the Turn
Seat 9: Dorex2007 folded before Flop (didn't bet)



PokerStars Hand #238713910939:  Hold'em No Limit ($0.02/$0.05 USD) - 2022/09/18 13:41:15 PT [2022/09/18 16:41:15 ET]
Table 'Patry II' 9-max Seat #4 is the button
Seat 1: Almanza63 ($9.36 in chips) 
Seat 2: laureano290 ($5 in chips) 
Seat 3: SzNorbert12 ($7.18 in chips) 
Seat 4: HarrierGR.9 ($4.16 in chips) 
Seat 6: B00k3rJay ($3.45 in chips) 
Seat 7: Ice-man6446 ($7.82 in chips) 
Seat 8: Don Ray x ($4.03 in chips) 
Seat 9: Dorex2007 ($5 in chips) 
B00k3rJay: posts small blind $0.02
Ice-man6446: posts big blind $0.05
*** HOLE CARDS ***
Dealt to Dorex2007 [Th Jh]
Don Ray x has timed out
Don Ray x: folds 
Dorex2007: folds 
Almanza63: folds 
laureano290: raises $0.07 to $0.12
SzNorbert12: folds 
HarrierGR.9: folds 
B00k3rJay: folds 
Ice-man6446: folds 
Uncalled bet ($0.07) returned to laureano290
laureano290 collected $0.12 from pot
laureano290: doesn't show hand 
*** SUMMARY ***
Total pot $0.12 | Rake $0 
Seat 1: Almanza63 folded before Flop (didn't bet)
Seat 2: laureano290 collected ($0.12)
Seat 3: SzNorbert12 folded before Flop (didn't bet)
Seat 4: HarrierGR.9 (button) folded before Flop (didn't bet)
Seat 6: B00k3rJay (small blind) folded before Flop
Seat 7: Ice-man6446 (big blind) folded before Flop
Seat 8: Don Ray x folded before Flop (didn't bet)
Seat 9: Dorex2007 folded before Flop (didn't bet)



PokerStars Hand #238713927101:  Hold'em No Limit ($0.02/$0.05 USD) - 2022/09/18 13:41:50 PT [2022/09/18 16:41:50 ET]
Table 'Patry II' 9-max Seat #6 is the button
Seat 1: Almanza63 ($9.36 in chips) 
Seat 2: laureano290 ($5.07 in chips) 
Seat 3: SzNorbert12 ($7.18 in chips) 
Seat 4: HarrierGR.9 ($4.16 in chips) 
Seat 6: B00k3rJay ($3.43 in chips) 
Seat 7: Ice-man6446 ($7.77 in chips) 
Seat 8: Don Ray x ($4.03 in chips) 
Seat 9: Dorex2007 ($5 in chips) 
Ice-man6446: posts small blind $0.02
Don Ray x: posts big blind $0.05
*** HOLE CARDS ***
Dealt to Dorex2007 [5s 9d]
Dorex2007: folds 
Almanza63: folds 
laureano290: folds 
SzNorbert12: folds 
HarrierGR.9: folds 
B00k3rJay: calls $0.05
Ice-man6446: calls $0.03
Don Ray x: raises $0.05 to $0.10
B00k3rJay: calls $0.05
Ice-man6446: calls $0.05
*** FLOP *** [Ks Qs Kd]
Ice-man6446: checks 
Don Ray x: bets $0.05
B00k3rJay: calls $0.05
Ice-man6446: calls $0.05
*** TURN *** [Ks Qs Kd] [Qd]
Ice-man6446: checks 
Don Ray x: checks 
B00k3rJay: checks 
*** RIVER *** [Ks Qs Kd Qd] [Jh]
Ice-man6446: bets $0.32
Don Ray x: folds 
B00k3rJay: folds 
Uncalled bet ($0.32) returned to Ice-man6446
Ice-man6446 collected $0.43 from pot
*** SUMMARY ***
Total pot $0.45 | Rake $0.02 
Board [Ks Qs Kd Qd Jh]
Seat 1: Almanza63 folded before Flop (didn't bet)
Seat 2: laureano290 folded before Flop (didn't bet)
Seat 3: SzNorbert12 folded before Flop (didn't bet)
Seat 4: HarrierGR.9 folded before Flop (didn't bet)
Seat 6: B00k3rJay (button) folded on the River
Seat 7: Ice-man6446 (small blind) collected ($0.43)
Seat 8: Don Ray x (big blind) folded on the River
Seat 9: Dorex2007 folded before Flop (didn't bet)



PokerStars Hand #238713965336:  Hold'em No Limit ($0.02/$0.05 USD) - 2022/09/18 13:43:14 PT [2022/09/18 16:43:14 ET]
Table 'Patry II' 9-max Seat #7 is the button
Seat 1: Almanza63 ($9.36 in chips) 
Seat 2: laureano290 ($5.07 in chips) 
Seat 3: SzNorbert12 ($7.18 in chips) 
Seat 4: HarrierGR.9 ($4.16 in chips) 
Seat 5: violeiro777 ($4.95 in chips) 
Seat 6: B00k3rJay ($3.28 in chips) 
Seat 7: Ice-man6446 ($8.05 in chips) 
Seat 8: Don Ray x ($3.88 in chips) 
Seat 9: Dorex2007 ($5 in chips) 
Don Ray x: posts small blind $0.02
Dorex2007: posts big blind $0.05
violeiro777: posts small & big blinds $0.07
*** HOLE CARDS ***
Dealt to Dorex2007 [Ks 3s]
Almanza63: folds 
laureano290: folds 
SzNorbert12: folds 
HarrierGR.9: calls $0.05
violeiro777: checks 
B00k3rJay: calls $0.05
Ice-man6446: folds 
Don Ray x: calls $0.03
Dorex2007: checks 
*** FLOP *** [6d Kc 5c]
Don Ray x: checks 
Dorex2007: checks 
HarrierGR.9: checks 
violeiro777: checks 
B00k3rJay: checks 
*** TURN *** [6d Kc 5c] [Kd]
Don Ray x: checks 
Dorex2007: bets $0.13
HarrierGR.9: folds 
violeiro777: folds 
B00k3rJay: calls $0.13
Don Ray x: calls $0.13
*** RIVER *** [6d Kc 5c Kd] [3d]
Don Ray x: checks 
Dorex2007: bets $1
B00k3rJay: folds 
Don Ray x: folds 
Uncalled bet ($1) returned to Dorex2007
Dorex2007 collected $0.63 from pot
Dorex2007: doesn't show hand 
*** SUMMARY ***
Total pot $0.66 | Rake $0.03 
Board [6d Kc 5c Kd 3d]
Seat 1: Almanza63 folded before Flop (didn't bet)
Seat 2: laureano290 folded before Flop (didn't bet)
Seat 3: SzNorbert12 folded before Flop (didn't bet)
Seat 4: HarrierGR.9 folded on the Turn
Seat 5: violeiro777 folded on the Turn (didn't bet)
Seat 6: B00k3rJay folded on the River
Seat 7: Ice-man6446 (button) folded before Flop (didn't bet)
Seat 8: Don Ray x (small blind) folded on the River
Seat 9: Dorex2007 (big blind) collected ($0.63)



PokerStars Hand #238714009436:  Hold'em No Limit ($0.02/$0.05 USD) - 2022/09/18 13:44:51 PT [2022/09/18 16:44:51 ET]
Table 'Patry II' 9-max Seat #8 is the button
Seat 1: Almanza63 ($9.36 in chips) 
Seat 2: laureano290 ($5.07 in chips) 
Seat 3: SzNorbert12 ($7.18 in chips) 
Seat 4: HarrierGR.9 ($4.11 in chips) 
Seat 5: violeiro777 ($4.88 in chips) 
Seat 6: B00k3rJay ($3.10 in chips) 
Seat 7: Ice-man6446 ($8.05 in chips) 
Seat 8: Don Ray x ($3.70 in chips) 
Seat 9: Dorex2007 ($5.45 in chips) 
Dorex2007: posts small blind $0.02
Almanza63: posts big blind $0.05
*** HOLE CARDS ***
Dealt to Dorex2007 [9h Qd]
laureano290: folds 
SzNorbert12: folds 
HarrierGR.9: folds 
violeiro777: raises $0.05 to $0.10
B00k3rJay: folds 
Ice-man6446: calls $0.10
Don Ray x has timed out
Don Ray x: folds 
Dorex2007: folds 
Almanza63: folds 
*** FLOP *** [6c 5h 2c]
violeiro777: bets $0.13
Ice-man6446: calls $0.13
*** TURN *** [6c 5h 2c] [3d]
violeiro777: checks 
Ice-man6446: bets $0.20
violeiro777: calls $0.20
*** RIVER *** [6c 5h 2c 3d] [Td]
violeiro777: checks 
Ice-man6446: bets $0.70
violeiro777: folds [Ad Kc]
Uncalled bet ($0.70) returned to Ice-man6446
Ice-man6446 collected $0.89 from pot
*** SUMMARY ***
Total pot $0.93 | Rake $0.04 
Board [6c 5h 2c 3d Td]
Seat 1: Almanza63 (big blind) folded before Flop
Seat 2: laureano290 folded before Flop (didn't bet)
Seat 3: SzNorbert12 folded before Flop (didn't bet)
Seat 4: HarrierGR.9 folded before Flop (didn't bet)
Seat 5: violeiro777 folded on the River
Seat 6: B00k3rJay folded before Flop (didn't bet)
Seat 7: Ice-man6446 collected ($0.89)
Seat 8: Don Ray x (button) folded before Flop (didn't bet)
Seat 9: Dorex2007 (small blind) folded before Flop



PokerStars Hand #238714045839:  Hold'em No Limit ($0.02/$0.05 USD) - 2022/09/18 13:46:10 PT [2022/09/18 16:46:10 ET]
Table 'Patry II' 9-max Seat #9 is the button
Seat 1: Almanza63 ($9.31 in chips) 
Seat 2: laureano290 ($5.07 in chips) 
Seat 3: SzNorbert12 ($7.18 in chips) 
Seat 4: HarrierGR.9 ($4.11 in chips) 
Seat 5: violeiro777 ($4.45 in chips) 
Seat 6: B00k3rJay ($3.10 in chips) 
Seat 7: Ice-man6446 ($8.51 in chips) 
Seat 8: Don Ray x ($3.70 in chips) 
Seat 9: Dorex2007 ($5.43 in chips) 
Almanza63: posts small blind $0.02
laureano290: posts big blind $0.05
*** HOLE CARDS ***
Dealt to Dorex2007 [5s 7s]
SzNorbert12: folds 
HarrierGR.9: folds 
violeiro777: calls $0.05
B00k3rJay: calls $0.05
Ice-man6446: folds 
Don Ray x has timed out
Don Ray x: folds 
Dorex2007: folds 
Almanza63: calls $0.03
laureano290: checks 
*** FLOP *** [8d 8c 7h]
Almanza63: checks 
laureano290: checks 
violeiro777: checks 
B00k3rJay: checks 
*** TURN *** [8d 8c 7h] [8h]
Almanza63: checks 
laureano290: checks 
violeiro777: checks 
B00k3rJay: bets $0.19
Almanza63: folds 
laureano290: folds 
violeiro777: calls $0.19
*** RIVER *** [8d 8c 7h 8h] [4d]
violeiro777: bets $4.21 and is all-in
B00k3rJay: folds 
Uncalled bet ($4.21) returned to violeiro777
violeiro777 collected $0.56 from pot
*** SUMMARY ***
Total pot $0.58 | Rake $0.02 
Board [8d 8c 7h 8h 4d]
Seat 1: Almanza63 (small blind) folded on the Turn
Seat 2: laureano290 (big blind) folded on the Turn
Seat 3: SzNorbert12 folded before Flop (didn't bet)
Seat 4: HarrierGR.9 folded before Flop (didn't bet)
Seat 5: violeiro777 collected ($0.56)
Seat 6: B00k3rJay folded on the River
Seat 7: Ice-man6446 folded before Flop (didn't bet)
Seat 8: Don Ray x folded before Flop (didn't bet)
Seat 9: Dorex2007 (button) folded before Flop (didn't bet)



PokerStars Hand #238714096671:  Hold'em No Limit ($0.02/$0.05 USD) - 2022/09/18 13:48:01 PT [2022/09/18 16:48:01 ET]
Table 'Patry II' 9-max Seat #1 is the button
Seat 1: Almanza63 ($9.26 in chips) 
Seat 2: laureano290 ($5.02 in chips) 
Seat 3: SzNorbert12 ($7.18 in chips) 
Seat 4: HarrierGR.9 ($4.11 in chips) 
Seat 5: violeiro777 ($4.77 in chips) 
Seat 6: B00k3rJay ($2.86 in chips) 
Seat 7: Ice-man6446 ($8.51 in chips) 
Seat 9: Dorex2007 ($5.43 in chips) 
laureano290: posts small blind $0.02
SzNorbert12: posts big blind $0.05
*** HOLE CARDS ***
Dealt to Dorex2007 [Ad 4s]
HarrierGR.9: folds 
violeiro777: folds 
B00k3rJay: calls $0.05
Ice-man6446: folds 
Dorex2007: folds 
Almanza63: folds 
laureano290: folds 
SzNorbert12: checks 
*** FLOP *** [9d 8d Js]
SzNorbert12: bets $0.09
B00k3rJay: calls $0.09
*** TURN *** [9d 8d Js] [Jd]
SzNorbert12: checks 
B00k3rJay: bets $0.29
SzNorbert12: folds 
Uncalled bet ($0.29) returned to B00k3rJay
B00k3rJay collected $0.29 from pot
*** SUMMARY ***
Total pot $0.30 | Rake $0.01 
Board [9d 8d Js Jd]
Seat 1: Almanza63 (button) folded before Flop (didn't bet)
Seat 2: laureano290 (small blind) folded before Flop
Seat 3: SzNorbert12 (big blind) folded on the Turn
Seat 4: HarrierGR.9 folded before Flop (didn't bet)
Seat 5: violeiro777 folded before Flop (didn't bet)
Seat 6: B00k3rJay collected ($0.29)
Seat 7: Ice-man6446 folded before Flop (didn't bet)
Seat 9: Dorex2007 folded before Flop (didn't bet)



PokerStars Hand #238714110391:  Hold'em No Limit ($0.02/$0.05 USD) - 2022/09/18 13:48:31 PT [2022/09/18 16:48:31 ET]
Table 'Patry II' 9-max Seat #2 is the button
Seat 1: Almanza63 ($9.26 in chips) 
Seat 2: laureano290 ($5 in chips) 
Seat 3: SzNorbert12 ($7.04 in chips) 
Seat 4: HarrierGR.9 ($4.11 in chips) 
Seat 5: violeiro777 ($4.77 in chips) 
Seat 6: B00k3rJay ($3.01 in chips) 
Seat 7: Ice-man6446 ($8.51 in chips) 
Seat 9: Dorex2007 ($5.43 in chips) 
SzNorbert12: posts small blind $0.02
HarrierGR.9: posts big blind $0.05
*** HOLE CARDS ***
Dealt to Dorex2007 [Ts Th]
violeiro777: raises $0.05 to $0.10
B00k3rJay: calls $0.10
Ice-man6446: folds 
Dorex2007: calls $0.10
Almanza63: folds 
laureano290: folds 
SzNorbert12: folds 
HarrierGR.9: calls $0.05
*** FLOP *** [8c Jh 6d]
HarrierGR.9: checks 
violeiro777: checks 
B00k3rJay: checks 
Dorex2007: checks 
*** TURN *** [8c Jh 6d] [7s]
HarrierGR.9: checks 
violeiro777: bets $0.05
B00k3rJay: calls $0.05
Dorex2007: calls $0.05
HarrierGR.9: calls $0.05
*** RIVER *** [8c Jh 6d 7s] [3c]
HarrierGR.9: bets $0.29
violeiro777: calls $0.29
B00k3rJay: folds 
Dorex2007: folds 
*** SHOW DOWN ***
HarrierGR.9: shows [9d Tc] (a straight, Seven to Jack)
violeiro777: mucks hand 
HarrierGR.9 collected $1.15 from pot
*** SUMMARY ***
Total pot $1.20 | Rake $0.05 
Board [8c Jh 6d 7s 3c]
Seat 1: Almanza63 folded before Flop (didn't bet)
Seat 2: laureano290 (button) folded before Flop (didn't bet)
Seat 3: SzNorbert12 (small blind) folded before Flop
Seat 4: HarrierGR.9 (big blind) showed [9d Tc] and won ($1.15) with a straight, Seven to Jack
Seat 5: violeiro777 mucked [7c 7d]
Seat 6: B00k3rJay folded on the River
Seat 7: Ice-man6446 folded before Flop (didn't bet)
Seat 9: Dorex2007 folded on the River



PokerStars Hand #238714150117:  Hold'em No Limit ($0.02/$0.05 USD) - 2022/09/18 13:49:57 PT [2022/09/18 16:49:57 ET]
Table 'Patry II' 9-max Seat #3 is the button
Seat 1: Almanza63 ($9.26 in chips) 
Seat 2: laureano290 ($5 in chips) 
Seat 3: SzNorbert12 ($7.02 in chips) 
Seat 4: HarrierGR.9 ($4.82 in chips) 
Seat 5: violeiro777 ($4.33 in chips) 
Seat 6: B00k3rJay ($2.86 in chips) 
Seat 7: Ice-man6446 ($8.51 in chips) 
Seat 9: Dorex2007 ($5.28 in chips) 
HarrierGR.9: posts small blind $0.02
violeiro777: posts big blind $0.05
*** HOLE CARDS ***
Dealt to Dorex2007 [6s 3h]
B00k3rJay: folds 
Ice-man6446: folds 
Dorex2007: folds 
Almanza63: raises $0.08 to $0.13
laureano290: raises $0.33 to $0.46
SzNorbert12: folds 
HarrierGR.9: folds 
violeiro777: folds 
Almanza63: folds 
Uncalled bet ($0.33) returned to laureano290
laureano290 collected $0.33 from pot
laureano290: doesn't show hand 
*** SUMMARY ***
Total pot $0.33 | Rake $0 
Seat 1: Almanza63 folded before Flop
Seat 2: laureano290 collected ($0.33)
Seat 3: SzNorbert12 (button) folded before Flop (didn't bet)
Seat 4: HarrierGR.9 (small blind) folded before Flop
Seat 5: violeiro777 (big blind) folded before Flop
Seat 6: B00k3rJay folded before Flop (didn't bet)
Seat 7: Ice-man6446 folded before Flop (didn't bet)
Seat 9: Dorex2007 folded before Flop (didn't bet)



PokerStars Hand #238714162806:  Hold'em No Limit ($0.02/$0.05 USD) - 2022/09/18 13:50:25 PT [2022/09/18 16:50:25 ET]
Table 'Patry II' 9-max Seat #4 is the button
Seat 1: Almanza63 ($9.13 in chips) 
Seat 2: laureano290 ($5.20 in chips) 
Seat 3: SzNorbert12 ($7.02 in chips) 
Seat 4: HarrierGR.9 ($4.80 in chips) 
Seat 5: violeiro777 ($4.28 in chips) 
Seat 6: B00k3rJay ($2.86 in chips) 
Seat 7: Ice-man6446 ($8.51 in chips) 
Seat 9: Dorex2007 ($5.28 in chips) 
violeiro777: posts small blind $0.02
B00k3rJay: posts big blind $0.05
*** HOLE CARDS ***
Dealt to Dorex2007 [Jh 4d]
Ice-man6446: raises $0.07 to $0.12
Dorex2007: folds 
Almanza63: folds 
laureano290: folds 
SzNorbert12: folds 
HarrierGR.9: folds 
violeiro777: calls $0.10
B00k3rJay: calls $0.07
*** FLOP *** [Ac 8d 6c]
violeiro777: checks 
B00k3rJay: checks 
Ice-man6446: bets $0.12
violeiro777: calls $0.12
B00k3rJay: calls $0.12
*** TURN *** [Ac 8d 6c] [7d]
violeiro777: checks 
B00k3rJay: checks 
Ice-man6446: checks 
*** RIVER *** [Ac 8d 6c 7d] [Ah]
violeiro777: bets $0.69
B00k3rJay: calls $0.69
Ice-man6446: folds 
*** SHOW DOWN ***
violeiro777: shows [4c 5c] (a straight, Four to Eight)
B00k3rJay: mucks hand 
violeiro777 collected $2.01 from pot
*** SUMMARY ***
Total pot $2.10 | Rake $0.09 
Board [Ac 8d 6c 7d Ah]
Seat 1: Almanza63 folded before Flop (didn't bet)
Seat 2: laureano290 folded before Flop (didn't bet)
Seat 3: SzNorbert12 folded before Flop (didn't bet)
Seat 4: HarrierGR.9 (button) folded before Flop (didn't bet)
Seat 5: violeiro777 (small blind) showed [4c 5c] and won ($2.01) with a straight, Four to Eight
Seat 6: B00k3rJay (big blind) mucked [Qd 7h]
Seat 7: Ice-man6446 folded on the River
Seat 9: Dorex2007 folded before Flop (didn't bet)



PokerStars Hand #238714198481:  Hold'em No Limit ($0.02/$0.05 USD) - 2022/09/18 13:51:42 PT [2022/09/18 16:51:42 ET]
Table 'Patry II' 9-max Seat #5 is the button
Seat 1: Almanza63 ($9.13 in chips) 
Seat 2: laureano290 ($5.20 in chips) 
Seat 3: SzNorbert12 ($7.02 in chips) 
Seat 5: violeiro777 ($5.36 in chips) 
Seat 6: B00k3rJay ($1.93 in chips) 
Seat 7: Ice-man6446 ($8.27 in chips) 
Seat 9: Dorex2007 ($5.28 in chips) 
B00k3rJay: posts small blind $0.02
Ice-man6446: posts big blind $0.05
*** HOLE CARDS ***
Dealt to Dorex2007 [Kh 7h]
Dorex2007: folds 
Almanza63: folds 
laureano290: folds 
SzNorbert12: folds 
violeiro777: folds 
B00k3rJay: calls $0.03
Ice-man6446: raises $0.15 to $0.20
B00k3rJay: calls $0.15
*** FLOP *** [9h 2d Ts]
B00k3rJay: bets $0.10
Ice-man6446: calls $0.10
*** TURN *** [9h 2d Ts] [3c]
B00k3rJay: bets $0.29
Ice-man6446: calls $0.29
*** RIVER *** [9h 2d Ts 3c] [8h]
B00k3rJay: bets $0.56
Ice-man6446: raises $1.13 to $1.69
B00k3rJay: calls $0.78 and is all-in
Uncalled bet ($0.35) returned to Ice-man6446
*** SHOW DOWN ***
Ice-man6446: shows [As Qs] (high card Ace)
B00k3rJay: shows [9s Tc] (two pair, Tens and Nines)
B00k3rJay collected $3.66 from pot
*** SUMMARY ***
Total pot $3.86 | Rake $0.20 
Board [9h 2d Ts 3c 8h]
Seat 1: Almanza63 folded before Flop (didn't bet)
Seat 2: laureano290 folded before Flop (didn't bet)
Seat 3: SzNorbert12 folded before Flop (didn't bet)
Seat 5: violeiro777 (button) folded before Flop (didn't bet)
Seat 6: B00k3rJay (small blind) showed [9s Tc] and won ($3.66) with two pair, Tens and Nines
Seat 7: Ice-man6446 (big blind) showed [As Qs] and lost with high card Ace
Seat 9: Dorex2007 folded before Flop (didn't bet)



PokerStars Hand #238714228319:  Hold'em No Limit ($0.02/$0.05 USD) - 2022/09/18 13:52:49 PT [2022/09/18 16:52:49 ET]
Table 'Patry II' 9-max Seat #6 is the button
Seat 1: Almanza63 ($9.13 in chips) 
Seat 2: laureano290 ($5.20 in chips) 
Seat 3: SzNorbert12 ($7.02 in chips) 
Seat 4: HarrierGR.9 ($4.80 in chips) 
Seat 5: violeiro777 ($5.36 in chips) 
Seat 6: B00k3rJay ($3.66 in chips) 
Seat 7: Ice-man6446 ($6.34 in chips) 
Seat 9: Dorex2007 ($5.28 in chips) 
Ice-man6446: posts small blind $0.02
Dorex2007: posts big blind $0.05
*** HOLE CARDS ***
Dealt to Dorex2007 [4h 6c]
Almanza63: folds 
laureano290: folds 
SzNorbert12: folds 
HarrierGR.9: folds 
violeiro777: folds 
violeiro777 leaves the table
B00k3rJay: calls $0.05
Ice-man6446: calls $0.03
Dorex2007: checks 
*** FLOP *** [3c As Qs]
Ruslieq joins the table at seat #5 
Ice-man6446: checks 
Dorex2007: checks 
B00k3rJay: checks 
*** TURN *** [3c As Qs] [Ad]
Ice-man6446: checks 
Dorex2007: checks 
B00k3rJay: bets $0.14
Ice-man6446: folds 
Dorex2007: folds 
Uncalled bet ($0.14) returned to B00k3rJay
B00k3rJay collected $0.14 from pot
*** SUMMARY ***
Total pot $0.15 | Rake $0.01 
Board [3c As Qs Ad]
Seat 1: Almanza63 folded before Flop (didn't bet)
Seat 2: laureano290 folded before Flop (didn't bet)
Seat 3: SzNorbert12 folded before Flop (didn't bet)
Seat 4: HarrierGR.9 folded before Flop (didn't bet)
Seat 5: violeiro777 folded before Flop (didn't bet)
Seat 6: B00k3rJay (button) collected ($0.14)
Seat 7: Ice-man6446 (small blind) folded on the Turn
Seat 9: Dorex2007 (big blind) folded on the Turn



PokerStars Hand #238714244348:  Hold'em No Limit ($0.02/$0.05 USD) - 2022/09/18 13:53:24 PT [2022/09/18 16:53:24 ET]
Table 'Patry II' 9-max Seat #7 is the button
Seat 1: Almanza63 ($9.13 in chips) 
Seat 2: laureano290 ($5.20 in chips) 
Seat 3: SzNorbert12 ($7.02 in chips) 
Seat 4: HarrierGR.9 ($4.80 in chips) 
Seat 6: B00k3rJay ($3.75 in chips) 
Seat 7: Ice-man6446 ($6.29 in chips) 
Seat 9: Dorex2007 ($5.23 in chips) 
Dorex2007: posts small blind $0.02
Almanza63: posts big blind $0.05
Ruslieq: sits out 
*** HOLE CARDS ***
Dealt to Dorex2007 [7s 4c]
laureano290: folds 
SzNorbert12: folds 
HarrierGR.9: folds 
B00k3rJay: calls $0.05
Ice-man6446: folds 
Don Ray x is disconnected 
Dorex2007: folds 
Almanza63: checks 
*** FLOP *** [4d 2c Ad]
Almanza63: checks 
B00k3rJay: checks 
*** TURN *** [4d 2c Ad] [Ks]
Almanza63: bets $0.10
B00k3rJay: folds 
Uncalled bet ($0.10) returned to Almanza63
Almanza63 collected $0.12 from pot
Almanza63: doesn't show hand 
*** SUMMARY ***
Total pot $0.12 | Rake $0 
Board [4d 2c Ad Ks]
Seat 1: Almanza63 (big blind) collected ($0.12)
Seat 2: laureano290 folded before Flop (didn't bet)
Seat 3: SzNorbert12 folded before Flop (didn't bet)
Seat 4: HarrierGR.9 folded before Flop (didn't bet)
Seat 6: B00k3rJay folded on the Turn
Seat 7: Ice-man6446 (button) folded before Flop (didn't bet)
Seat 9: Dorex2007 (small blind) folded before Flop



PokerStars Hand #238714269598:  Hold'em No Limit ($0.02/$0.05 USD) - 2022/09/18 13:54:20 PT [2022/09/18 16:54:20 ET]
Table 'Patry II' 9-max Seat #9 is the button
Seat 1: Almanza63 ($9.20 in chips) 
Seat 2: laureano290 ($5.20 in chips) 
Seat 3: SzNorbert12 ($7.02 in chips) 
Seat 4: HarrierGR.9 ($4.80 in chips) 
Seat 6: B00k3rJay ($3.70 in chips) 
Seat 7: Ice-man6446 ($6.29 in chips) 
Seat 9: Dorex2007 ($5.21 in chips) 
Almanza63: posts small blind $0.02
laureano290: posts big blind $0.05
Ruslieq: sits out 
*** HOLE CARDS ***
Dealt to Dorex2007 [8h Ts]
SzNorbert12: folds 
HarrierGR.9: folds 
B00k3rJay: raises $0.05 to $0.10
Ice-man6446: folds 
Dorex2007: folds 
Almanza63: folds 
laureano290: calls $0.05
*** FLOP *** [5h Ah 7s]
laureano290: checks 
B00k3rJay: checks 
*** TURN *** [5h Ah 7s] [Jh]
laureano290: checks 
B00k3rJay: checks 
*** RIVER *** [5h Ah 7s Jh] [3c]
laureano290: checks 
B00k3rJay: checks 
*** SHOW DOWN ***
laureano290: shows [9s Qs] (high card Ace)
B00k3rJay: shows [2s 2d] (a pair of Deuces)
B00k3rJay collected $0.21 from pot
*** SUMMARY ***
Total pot $0.22 | Rake $0.01 
Board [5h Ah 7s Jh 3c]
Seat 1: Almanza63 (small blind) folded before Flop
Seat 2: laureano290 (big blind) showed [9s Qs] and lost with high card Ace
Seat 3: SzNorbert12 folded before Flop (didn't bet)
Seat 4: HarrierGR.9 folded before Flop (didn't bet)
Seat 6: B00k3rJay showed [2s 2d] and won ($0.21) with a pair of Deuces
Seat 7: Ice-man6446 folded before Flop (didn't bet)
Seat 9: Dorex2007 (button) folded before Flop (didn't bet)



PokerStars Hand #238714283551:  Hold'em No Limit ($0.02/$0.05 USD) - 2022/09/18 13:54:50 PT [2022/09/18 16:54:50 ET]
Table 'Patry II' 9-max Seat #1 is the button
Seat 1: Almanza63 ($9.18 in chips) 
Seat 2: laureano290 ($5.10 in chips) 
Seat 3: SzNorbert12 ($7.02 in chips) 
Seat 4: HarrierGR.9 ($4.80 in chips) 
Seat 6: B00k3rJay ($3.81 in chips) 
Seat 7: Ice-man6446 ($6.29 in chips) 
Seat 9: Dorex2007 ($5.21 in chips) 
laureano290: posts small blind $0.02
SzNorbert12: posts big blind $0.05
Ruslieq: sits out 
*** HOLE CARDS ***
Dealt to Dorex2007 [Tc Kd]
HarrierGR.9: folds 
B00k3rJay: folds 
Ice-man6446: folds 
Dorex2007: raises $0.10 to $0.15
Almanza63: calls $0.15
laureano290: folds 
SzNorbert12: folds 
*** FLOP *** [2c Ah 2d]
Dorex2007: checks 
Almanza63: bets $0.17
Dorex2007: folds 
Uncalled bet ($0.17) returned to Almanza63
Almanza63 collected $0.35 from pot
Almanza63: doesn't show hand 
*** SUMMARY ***
Total pot $0.37 | Rake $0.02 
Board [2c Ah 2d]
Seat 1: Almanza63 (button) collected ($0.35)
Seat 2: laureano290 (small blind) folded before Flop
Seat 3: SzNorbert12 (big blind) folded before Flop
Seat 4: HarrierGR.9 folded before Flop (didn't bet)
Seat 6: B00k3rJay folded before Flop (didn't bet)
Seat 7: Ice-man6446 folded before Flop (didn't bet)
Seat 9: Dorex2007 folded on the Flop



PokerStars Hand #238714293140:  Hold'em No Limit ($0.02/$0.05 USD) - 2022/09/18 13:55:19 PT [2022/09/18 16:55:19 ET]
Table 'Patry II' 9-max Seat #2 is the button
Seat 1: Almanza63 ($9.38 in chips) 
Seat 2: laureano290 ($5.08 in chips) 
Seat 3: SzNorbert12 ($6.97 in chips) 
Seat 4: HarrierGR.9 ($4.80 in chips) 
Seat 6: B00k3rJay ($3.81 in chips) 
Seat 7: Ice-man6446 ($6.29 in chips) 
Seat 9: Dorex2007 ($5.06 in chips) 
SzNorbert12: posts small blind $0.02
HarrierGR.9: posts big blind $0.05
Ruslieq: sits out 
*** HOLE CARDS ***
Dealt to Dorex2007 [Qd 2c]
B00k3rJay: folds 
Ice-man6446: raises $0.07 to $0.12
Dorex2007: folds 
Almanza63: folds 
laureano290: folds 
SzNorbert12: folds 
HarrierGR.9: folds 
Uncalled bet ($0.07) returned to Ice-man6446
Ice-man6446 collected $0.12 from pot
*** SUMMARY ***
Total pot $0.12 | Rake $0 
Seat 1: Almanza63 folded before Flop (didn't bet)
Seat 2: laureano290 (button) folded before Flop (didn't bet)
Seat 3: SzNorbert12 (small blind) folded before Flop
Seat 4: HarrierGR.9 (big blind) folded before Flop
Seat 6: B00k3rJay folded before Flop (didn't bet)
Seat 7: Ice-man6446 collected ($0.12)
Seat 9: Dorex2007 folded before Flop (didn't bet)



PokerStars Hand #238714297154:  Hold'em No Limit ($0.02/$0.05 USD) - 2022/09/18 13:55:33 PT [2022/09/18 16:55:33 ET]
Table 'Patry II' 9-max Seat #3 is the button
Seat 1: Almanza63 ($9.38 in chips) 
Seat 2: laureano290 ($5.08 in chips) 
Seat 3: SzNorbert12 ($6.95 in chips) 
Seat 4: HarrierGR.9 ($4.75 in chips) 
Seat 5: Ruslieq ($5 in chips) 
Seat 6: B00k3rJay ($3.81 in chips) 
Seat 7: Ice-man6446 ($6.36 in chips) 
Seat 9: Dorex2007 ($5.06 in chips) 
HarrierGR.9: posts small blind $0.02
Ruslieq: posts big blind $0.05
*** HOLE CARDS ***
Dealt to Dorex2007 [Qd 9d]
B00k3rJay: calls $0.05
Ice-man6446: folds 
Dorex2007: folds 
Almanza63: folds 
laureano290: folds 
SzNorbert12: raises $0.12 to $0.17
HarrierGR.9: folds 
Ruslieq: folds 
B00k3rJay: calls $0.12
*** FLOP *** [4d 4h Ks]
B00k3rJay: checks 
SzNorbert12: bets $0.20
B00k3rJay: folds 
Uncalled bet ($0.20) returned to SzNorbert12
SzNorbert12 collected $0.39 from pot
SzNorbert12: doesn't show hand 
*** SUMMARY ***
Total pot $0.41 | Rake $0.02 
Board [4d 4h Ks]
Seat 1: Almanza63 folded before Flop (didn't bet)
Seat 2: laureano290 folded before Flop (didn't bet)
Seat 3: SzNorbert12 (button) collected ($0.39)
Seat 4: HarrierGR.9 (small blind) folded before Flop
Seat 5: Ruslieq (big blind) folded before Flop
Seat 6: B00k3rJay folded on the Flop
Seat 7: Ice-man6446 folded before Flop (didn't bet)
Seat 9: Dorex2007 folded before Flop (didn't bet)



PokerStars Hand #238714308632:  Hold'em No Limit ($0.02/$0.05 USD) - 2022/09/18 13:56:15 PT [2022/09/18 16:56:15 ET]
Table 'Patry II' 9-max Seat #4 is the button
Seat 1: Almanza63 ($9.38 in chips) 
Seat 2: laureano290 ($5.08 in chips) 
Seat 3: SzNorbert12 ($7.17 in chips) 
Seat 4: HarrierGR.9 ($4.73 in chips) 
Seat 5: Ruslieq ($5 in chips) 
Seat 6: B00k3rJay ($3.64 in chips) 
Seat 7: Ice-man6446 ($6.36 in chips) 
Seat 9: Dorex2007 ($5.06 in chips) 
Ruslieq: posts small blind $0.02
B00k3rJay: posts big blind $0.05
*** HOLE CARDS ***
Dealt to Dorex2007 [5d 6d]
Ice-man6446: folds 
Dorex2007: folds 
Almanza63: raises $0.08 to $0.13
laureano290: folds 
SzNorbert12: folds 
HarrierGR.9: folds 
Ruslieq: calls $0.11
B00k3rJay: calls $0.08
*** FLOP *** [6h Ac 4h]
Ruslieq: checks 
B00k3rJay: checks 
Almanza63: checks 
*** TURN *** [6h Ac 4h] [3d]
Ruslieq: checks 
B00k3rJay: bets $0.15
Almanza63: folds 
Ruslieq: folds 
Uncalled bet ($0.15) returned to B00k3rJay
B00k3rJay collected $0.37 from pot
*** SUMMARY ***
Total pot $0.39 | Rake $0.02 
Board [6h Ac 4h 3d]
Seat 1: Almanza63 folded on the Turn
Seat 2: laureano290 folded before Flop (didn't bet)
Seat 3: SzNorbert12 folded before Flop (didn't bet)
Seat 4: HarrierGR.9 (button) folded before Flop (didn't bet)
Seat 5: Ruslieq (small blind) folded on the Turn
Seat 6: B00k3rJay (big blind) collected ($0.37)
Seat 7: Ice-man6446 folded before Flop (didn't bet)
Seat 9: Dorex2007 folded before Flop (didn't bet)



PokerStars Hand #238714321373:  Hold'em No Limit ($0.02/$0.05 USD) - 2022/09/18 13:57:01 PT [2022/09/18 16:57:01 ET]
Table 'Patry II' 9-max Seat #5 is the button
Seat 1: Almanza63 ($9.25 in chips) 
Seat 2: laureano290 ($5.08 in chips) 
Seat 3: SzNorbert12 ($7.17 in chips) 
Seat 4: HarrierGR.9 ($4.73 in chips) 
Seat 5: Ruslieq ($5 in chips) 
Seat 6: B00k3rJay ($3.88 in chips) 
Seat 7: Ice-man6446 ($6.36 in chips) 
Seat 9: Dorex2007 ($5.06 in chips) 
B00k3rJay: posts small blind $0.02
Ice-man6446: posts big blind $0.05
*** HOLE CARDS ***
Dealt to Dorex2007 [Td 5h]
Dorex2007: folds 
Almanza63: folds 
laureano290: folds 
SzNorbert12: folds 
HarrierGR.9: folds 
Ruslieq: folds 
B00k3rJay: folds 
Uncalled bet ($0.03) returned to Ice-man6446
Ice-man6446 collected $0.04 from pot
*** SUMMARY ***
Total pot $0.04 | Rake $0 
Seat 1: Almanza63 folded before Flop (didn't bet)
Seat 2: laureano290 folded before Flop (didn't bet)
Seat 3: SzNorbert12 folded before Flop (didn't bet)
Seat 4: HarrierGR.9 folded before Flop (didn't bet)
Seat 5: Ruslieq (button) folded before Flop (didn't bet)
Seat 6: B00k3rJay (small blind) folded before Flop
Seat 7: Ice-man6446 (big blind) collected ($0.04)
Seat 9: Dorex2007 folded before Flop (didn't bet)



PokerStars Hand #238714324610:  Hold'em No Limit ($0.02/$0.05 USD) - 2022/09/18 13:57:12 PT [2022/09/18 16:57:12 ET]
Table 'Patry II' 9-max Seat #6 is the button
Seat 1: Almanza63 ($9.25 in chips) 
Seat 2: laureano290 ($5.08 in chips) 
Seat 3: SzNorbert12 ($7.17 in chips) 
Seat 4: HarrierGR.9 ($4.73 in chips) 
Seat 5: Ruslieq ($5 in chips) 
Seat 6: B00k3rJay ($3.86 in chips) 
Seat 7: Ice-man6446 ($6.38 in chips) 
Seat 9: Dorex2007 ($5.06 in chips) 
Ice-man6446: posts small blind $0.02
Dorex2007: posts big blind $0.05
*** HOLE CARDS ***
Dealt to Dorex2007 [Jd 2s]
Almanza63: folds 
laureano290: folds 
SzNorbert12: folds 
HarrierGR.9: folds 
Ruslieq: folds 
B00k3rJay: raises $0.05 to $0.10
Ice-man6446: calls $0.08
Dorex2007: folds 
*** FLOP *** [5h 6s Kh]
Ice-man6446: bets $0.08
B00k3rJay: calls $0.08
*** TURN *** [5h 6s Kh] [Td]
Ice-man6446: bets $0.13
B00k3rJay: calls $0.13
*** RIVER *** [5h 6s Kh Td] [Jc]
Ice-man6446: checks 
B00k3rJay: bets $0.64
Ice-man6446: folds 
Uncalled bet ($0.64) returned to B00k3rJay
B00k3rJay collected $0.63 from pot
*** SUMMARY ***
Total pot $0.67 | Rake $0.04 
Board [5h 6s Kh Td Jc]
Seat 1: Almanza63 folded before Flop (didn't bet)
Seat 2: laureano290 folded before Flop (didn't bet)
Seat 3: SzNorbert12 folded before Flop (didn't bet)
Seat 4: HarrierGR.9 folded before Flop (didn't bet)
Seat 5: Ruslieq folded before Flop (didn't bet)
Seat 6: B00k3rJay (button) collected ($0.63)
Seat 7: Ice-man6446 (small blind) folded on the River
Seat 9: Dorex2007 (big blind) folded before Flop



PokerStars Hand #238714348996:  Hold'em No Limit ($0.02/$0.05 USD) - 2022/09/18 13:58:39 PT [2022/09/18 16:58:39 ET]
Table 'Patry II' 9-max Seat #7 is the button
Seat 1: Almanza63 ($9.25 in chips) 
Seat 2: laureano290 ($5.08 in chips) 
Seat 3: SzNorbert12 ($7.17 in chips) 
Seat 4: HarrierGR.9 ($4.73 in chips) 
Seat 5: Ruslieq ($5 in chips) 
Seat 6: B00k3rJay ($4.18 in chips) 
Seat 7: Ice-man6446 ($6.07 in chips) 
Seat 9: Dorex2007 ($5.01 in chips) 
Dorex2007: posts small blind $0.02
Almanza63: posts big blind $0.05
*** HOLE CARDS ***
Dealt to Dorex2007 [Qd Ks]
laureano290: raises $0.07 to $0.12
SzNorbert12: folds 
HarrierGR.9: calls $0.12
Ruslieq: folds 
B00k3rJay: folds 
Ice-man6446: folds 
Dorex2007: folds 
Almanza63: folds 
*** FLOP *** [7d Tc 2h]
laureano290: bets $0.12
HarrierGR.9: calls $0.12
*** TURN *** [7d Tc 2h] [9d]
laureano290: bets $0.22
HarrierGR.9: folds 
Uncalled bet ($0.22) returned to laureano290
laureano290 collected $0.53 from pot
laureano290: doesn't show hand 
*** SUMMARY ***
Total pot $0.55 | Rake $0.02 
Board [7d Tc 2h 9d]
Seat 1: Almanza63 (big blind) folded before Flop
Seat 2: laureano290 collected ($0.53)
Seat 3: SzNorbert12 folded before Flop (didn't bet)
Seat 4: HarrierGR.9 folded on the Turn
Seat 5: Ruslieq folded before Flop (didn't bet)
Seat 6: B00k3rJay folded before Flop (didn't bet)
Seat 7: Ice-man6446 (button) folded before Flop (didn't bet)
Seat 9: Dorex2007 (small blind) folded before Flop



PokerStars Hand #238714359276:  Hold'em No Limit ($0.02/$0.05 USD) - 2022/09/18 13:59:15 PT [2022/09/18 16:59:15 ET]
Table 'Patry II' 9-max Seat #9 is the button
Seat 1: Almanza63 ($9.20 in chips) 
Seat 2: laureano290 ($5.37 in chips) 
Seat 3: SzNorbert12 ($7.17 in chips) 
Seat 4: HarrierGR.9 ($4.49 in chips) 
Seat 5: Ruslieq ($5 in chips) 
Seat 6: B00k3rJay ($4.18 in chips) 
Seat 7: Ice-man6446 ($6.07 in chips) 
Seat 9: Dorex2007 ($5 in chips) 
Almanza63: posts small blind $0.02
laureano290: posts big blind $0.05
*** HOLE CARDS ***
Dealt to Dorex2007 [6d 5d]
SzNorbert12: folds 
HarrierGR.9: calls $0.05
Ruslieq: folds 
B00k3rJay: calls $0.05
Ice-man6446: folds 
Dorex2007: folds 
Almanza63: raises $0.10 to $0.15
laureano290: folds 
HarrierGR.9: calls $0.10
B00k3rJay: calls $0.10
*** FLOP *** [7c 6c Ad]
Almanza63: bets $0.24
HarrierGR.9: folds 
B00k3rJay: folds 
Uncalled bet ($0.24) returned to Almanza63
Almanza63 collected $0.48 from pot
Almanza63: doesn't show hand 
*** SUMMARY ***
Total pot $0.50 | Rake $0.02 
Board [7c 6c Ad]
Seat 1: Almanza63 (small blind) collected ($0.48)
Seat 2: laureano290 (big blind) folded before Flop
Seat 3: SzNorbert12 folded before Flop (didn't bet)
Seat 4: HarrierGR.9 folded on the Flop
Seat 5: Ruslieq folded before Flop (didn't bet)
Seat 6: B00k3rJay folded on the Flop
Seat 7: Ice-man6446 folded before Flop (didn't bet)
Seat 9: Dorex2007 (button) folded before Flop (didn't bet)



PokerStars Hand #238714369405:  Hold'em No Limit ($0.02/$0.05 USD) - 2022/09/18 13:59:52 PT [2022/09/18 16:59:52 ET]
Table 'Patry II' 9-max Seat #1 is the button
Seat 1: Almanza63 ($9.53 in chips) 
Seat 2: laureano290 ($5.32 in chips) 
Seat 3: SzNorbert12 ($7.17 in chips) 
Seat 4: HarrierGR.9 ($4.34 in chips) 
Seat 5: Ruslieq ($5 in chips) 
Seat 6: B00k3rJay ($4.03 in chips) 
Seat 7: Ice-man6446 ($6.07 in chips) 
Seat 9: Dorex2007 ($5 in chips) 
laureano290: posts small blind $0.02
SzNorbert12: posts big blind $0.05
*** HOLE CARDS ***
Dealt to Dorex2007 [2s 2d]
HarrierGR.9: folds 
Ruslieq: folds 
B00k3rJay: calls $0.05
Ice-man6446: folds 
Dorex2007: calls $0.05
Almanza63: folds 
laureano290: calls $0.03
SzNorbert12: checks 
*** FLOP *** [2h Ks 6c]
laureano290: checks 
SzNorbert12: checks 
B00k3rJay: checks 
Dorex2007: bets $0.09
laureano290: folds 
Ruslieq leaves the table
SzNorbert12: folds 
B00k3rJay: calls $0.09
*** TURN *** [2h Ks 6c] [8c]
B00k3rJay: bets $0.18
Dorex2007: raises $0.30 to $0.48
B00k3rJay: calls $0.30
*** RIVER *** [2h Ks 6c 8c] [Th]
B00k3rJay: bets $0.60
Dorex2007: raises $2.48 to $3.08
B00k3rJay: folds 
Uncalled bet ($2.48) returned to Dorex2007
Dorex2007 collected $2.43 from pot
Dorex2007: doesn't show hand 
*** SUMMARY ***
Total pot $2.54 | Rake $0.11 
Board [2h Ks 6c 8c Th]
Seat 1: Almanza63 (button) folded before Flop (didn't bet)
Seat 2: laureano290 (small blind) folded on the Flop
Seat 3: SzNorbert12 (big blind) folded on the Flop
Seat 4: HarrierGR.9 folded before Flop (didn't bet)
Seat 5: Ruslieq folded before Flop (didn't bet)
Seat 6: B00k3rJay folded on the River
Seat 7: Ice-man6446 folded before Flop (didn't bet)
Seat 9: Dorex2007 collected ($2.43)



PokerStars Hand #238714407733:  Hold'em No Limit ($0.02/$0.05 USD) - 2022/09/18 14:01:49 PT [2022/09/18 17:01:49 ET]
Table 'Patry II' 9-max Seat #2 is the button
Seat 1: Almanza63 ($9.53 in chips) 
Seat 2: laureano290 ($5.27 in chips) 
Seat 3: SzNorbert12 ($7.12 in chips) 
Seat 4: HarrierGR.9 ($4.34 in chips) 
Seat 6: B00k3rJay ($2.81 in chips) 
Seat 7: Ice-man6446 ($6.07 in chips) 
Seat 9: Dorex2007 ($6.21 in chips) 
SzNorbert12: posts small blind $0.02
HarrierGR.9: posts big blind $0.05
*** HOLE CARDS ***
Dealt to Dorex2007 [9s Jd]
B00k3rJay: calls $0.05
Ice-man6446: folds 
Dorex2007: folds 
Almanza63: folds 
laureano290: folds 
SzNorbert12: folds 
HarrierGR.9: checks 
*** FLOP *** [Qc 3d 8c]
HarrierGR.9: checks 
B00k3rJay: checks 
*** TURN *** [Qc 3d 8c] [Ah]
HarrierGR.9: checks 
vengeful 7 joins the table at seat #5 
B00k3rJay: checks 
*** RIVER *** [Qc 3d 8c Ah] [6c]
HarrierGR.9: checks 
B00k3rJay: checks 
*** SHOW DOWN ***
HarrierGR.9: shows [2h Td] (high card Ace)
B00k3rJay: mucks hand 
HarrierGR.9 collected $0.12 from pot
*** SUMMARY ***
Total pot $0.12 | Rake $0 
Board [Qc 3d 8c Ah 6c]
Seat 1: Almanza63 folded before Flop (didn't bet)
Seat 2: laureano290 (button) folded before Flop (didn't bet)
Seat 3: SzNorbert12 (small blind) folded before Flop
Seat 4: HarrierGR.9 (big blind) showed [2h Td] and won ($0.12) with high card Ace
Seat 6: B00k3rJay mucked [4h 5d]
Seat 7: Ice-man6446 folded before Flop (didn't bet)
Seat 9: Dorex2007 folded before Flop (didn't bet)



PokerStars Hand #238714423871:  Hold'em No Limit ($0.02/$0.05 USD) - 2022/09/18 14:02:25 PT [2022/09/18 17:02:25 ET]
Table 'Patry II' 9-max Seat #3 is the button
Seat 1: Almanza63 ($9.53 in chips) 
Seat 2: laureano290 ($5.27 in chips) 
Seat 3: SzNorbert12 ($7.10 in chips) 
Seat 4: HarrierGR.9 ($4.41 in chips) 
Seat 5: vengeful 7 ($5 in chips) 
Seat 6: B00k3rJay ($2.76 in chips) 
Seat 7: Ice-man6446 ($6.07 in chips) 
Seat 9: Dorex2007 ($6.21 in chips) 
HarrierGR.9: posts small blind $0.02
vengeful 7: posts big blind $0.05
*** HOLE CARDS ***
Dealt to Dorex2007 [Jc Qc]
B00k3rJay: calls $0.05
Ice-man6446: raises $0.10 to $0.15
Dorex2007: calls $0.15
Almanza63: folds 
laureano290: folds 
SzNorbert12: folds 
HarrierGR.9: folds 
vengeful 7: calls $0.10
B00k3rJay: calls $0.10
*** FLOP *** [Ts As Ad]
vengeful 7: checks 
B00k3rJay: checks 
Ice-man6446: bets $0.19
Dorex2007: folds 
vengeful 7: folds 
B00k3rJay: calls $0.19
*** TURN *** [Ts As Ad] [2c]
B00k3rJay: checks 
Ice-man6446: checks 
*** RIVER *** [Ts As Ad 2c] [9s]
Don Ray x leaves the table
B00k3rJay: checks 
Ice-man6446: checks 
*** SHOW DOWN ***
B00k3rJay: shows [Kc 9c] (two pair, Aces and Nines)
Ice-man6446: mucks hand 
B00k3rJay collected $0.95 from pot
*** SUMMARY ***
Total pot $1 | Rake $0.05 
Board [Ts As Ad 2c 9s]
Seat 1: Almanza63 folded before Flop (didn't bet)
Seat 2: laureano290 folded before Flop (didn't bet)
Seat 3: SzNorbert12 (button) folded before Flop (didn't bet)
Seat 4: HarrierGR.9 (small blind) folded before Flop
Seat 5: vengeful 7 (big blind) folded on the Flop
Seat 6: B00k3rJay showed [Kc 9c] and won ($0.95) with two pair, Aces and Nines
Seat 7: Ice-man6446 mucked [Qd Jh]
Seat 9: Dorex2007 folded on the Flop



PokerStars Hand #238714457032:  Hold'em No Limit ($0.02/$0.05 USD) - 2022/09/18 14:03:39 PT [2022/09/18 17:03:39 ET]
Table 'Patry II' 9-max Seat #4 is the button
Seat 1: Almanza63 ($9.53 in chips) 
Seat 2: laureano290 ($5.27 in chips) 
Seat 3: SzNorbert12 ($7.10 in chips) 
Seat 4: HarrierGR.9 ($4.39 in chips) 
Seat 5: vengeful 7 ($4.85 in chips) 
Seat 6: B00k3rJay ($3.37 in chips) 
Seat 7: Ice-man6446 ($5.73 in chips) 
Seat 9: Dorex2007 ($6.06 in chips) 
vengeful 7: posts small blind $0.02
B00k3rJay: posts big blind $0.05
*** HOLE CARDS ***
Dealt to Dorex2007 [8d Jd]
MarkFitz76 joins the table at seat #8 
Ice-man6446: calls $0.05
Dorex2007: folds 
Almanza63: raises $0.08 to $0.13
laureano290: folds 
SzNorbert12: folds 
HarrierGR.9: folds 
vengeful 7: calls $0.11
B00k3rJay: calls $0.08
Ice-man6446: calls $0.08
*** FLOP *** [6s Jc 3h]
vengeful 7: checks 
B00k3rJay: checks 
Ice-man6446: bets $0.17
Almanza63: folds 
vengeful 7: calls $0.17
B00k3rJay: calls $0.17
*** TURN *** [6s Jc 3h] [5d]
vengeful 7: checks 
B00k3rJay: checks 
Ice-man6446: checks 
*** RIVER *** [6s Jc 3h 5d] [Qd]
vengeful 7: bets $0.99
B00k3rJay: calls $0.99
Ice-man6446: folds 
*** SHOW DOWN ***
vengeful 7: shows [4h 7c] (a straight, Three to Seven)
B00k3rJay: mucks hand 
vengeful 7 collected $2.89 from pot
*** SUMMARY ***
Total pot $3.01 | Rake $0.12 
Board [6s Jc 3h 5d Qd]
Seat 1: Almanza63 folded on the Flop
Seat 2: laureano290 folded before Flop (didn't bet)
Seat 3: SzNorbert12 folded before Flop (didn't bet)
Seat 4: HarrierGR.9 (button) folded before Flop (didn't bet)
Seat 5: vengeful 7 (small blind) showed [4h 7c] and won ($2.89) with a straight, Three to Seven
Seat 6: B00k3rJay (big blind) mucked [9c Qs]
Seat 7: Ice-man6446 folded on the River
Seat 9: Dorex2007 folded before Flop (didn't bet)



PokerStars Hand #238714501516:  Hold'em No Limit ($0.02/$0.05 USD) - 2022/09/18 14:05:16 PT [2022/09/18 17:05:16 ET]
Table 'Patry II' 9-max Seat #5 is the button
Seat 1: Almanza63 ($9.40 in chips) 
Seat 2: laureano290 ($5.27 in chips) 
Seat 3: SzNorbert12 ($7.10 in chips) 
Seat 4: HarrierGR.9 ($4.39 in chips) 
Seat 5: vengeful 7 ($6.45 in chips) 
Seat 6: B00k3rJay ($2.08 in chips) 
Seat 7: Ice-man6446 ($5.43 in chips) 
Seat 9: Dorex2007 ($6.06 in chips) 
B00k3rJay: posts small blind $0.02
Ice-man6446: posts big blind $0.05
MarkFitz76: sits out 
*** HOLE CARDS ***
Dealt to Dorex2007 [5h As]
Dorex2007: folds 
Almanza63: folds 
laureano290: folds 
SzNorbert12: folds 
HarrierGR.9: folds 
vengeful 7: folds 
B00k3rJay: calls $0.03
Ice-man6446: checks 
*** FLOP *** [8h Qs Jc]
B00k3rJay: checks 
Ice-man6446: checks 
*** TURN *** [8h Qs Jc] [5s]
B00k3rJay: bets $0.05
Ice-man6446: folds 
Uncalled bet ($0.05) returned to B00k3rJay
B00k3rJay collected $0.10 from pot
*** SUMMARY ***
Total pot $0.10 | Rake $0 
Board [8h Qs Jc 5s]
Seat 1: Almanza63 folded before Flop (didn't bet)
Seat 2: laureano290 folded before Flop (didn't bet)
Seat 3: SzNorbert12 folded before Flop (didn't bet)
Seat 4: HarrierGR.9 folded before Flop (didn't bet)
Seat 5: vengeful 7 (button) folded before Flop (didn't bet)
Seat 6: B00k3rJay (small blind) collected ($0.10)
Seat 7: Ice-man6446 (big blind) folded on the Turn
Seat 9: Dorex2007 folded before Flop (didn't bet)



PokerStars Hand #238714516430:  Hold'em No Limit ($0.02/$0.05 USD) - 2022/09/18 14:05:49 PT [2022/09/18 17:05:49 ET]
Table 'Patry II' 9-max Seat #6 is the button
Seat 1: Almanza63 ($9.40 in chips) 
Seat 2: laureano290 ($5.27 in chips) 
Seat 3: SzNorbert12 ($7.10 in chips) 
Seat 4: HarrierGR.9 ($4.39 in chips) 
Seat 5: vengeful 7 ($6.45 in chips) 
Seat 6: B00k3rJay ($2.13 in chips) 
Seat 7: Ice-man6446 ($5.38 in chips) 
Seat 8: MarkFitz76 ($5 in chips) 
Seat 9: Dorex2007 ($6.06 in chips) 
Ice-man6446: posts small blind $0.02
MarkFitz76: posts big blind $0.05
*** HOLE CARDS ***
Dealt to Dorex2007 [4h 6d]
Dorex2007: folds 
Almanza63: folds 
laureano290: folds 
SzNorbert12: folds 
HarrierGR.9: folds 
vengeful 7: raises $0.10 to $0.15
B00k3rJay: calls $0.15
Ice-man6446: folds 
MarkFitz76: folds 
*** FLOP *** [6s Kd 3s]
vengeful 7: bets $0.17
B00k3rJay: folds 
Uncalled bet ($0.17) returned to vengeful 7
vengeful 7 collected $0.35 from pot
vengeful 7: doesn't show hand 
*** SUMMARY ***
Total pot $0.37 | Rake $0.02 
Board [6s Kd 3s]
Seat 1: Almanza63 folded before Flop (didn't bet)
Seat 2: laureano290 folded before Flop (didn't bet)
Seat 3: SzNorbert12 folded before Flop (didn't bet)
Seat 4: HarrierGR.9 folded before Flop (didn't bet)
Seat 5: vengeful 7 collected ($0.35)
Seat 6: B00k3rJay (button) folded on the Flop
Seat 7: Ice-man6446 (small blind) folded before Flop
Seat 8: MarkFitz76 (big blind) folded before Flop
Seat 9: Dorex2007 folded before Flop (didn't bet)



PokerStars Hand #238714534971:  Hold'em No Limit ($0.02/$0.05 USD) - 2022/09/18 14:06:29 PT [2022/09/18 17:06:29 ET]
Table 'Patry II' 9-max Seat #7 is the button
Seat 1: Almanza63 ($9.40 in chips) 
Seat 2: laureano290 ($5.27 in chips) 
Seat 3: SzNorbert12 ($7.10 in chips) 
Seat 4: HarrierGR.9 ($4.39 in chips) 
Seat 5: vengeful 7 ($6.65 in chips) 
Seat 6: B00k3rJay ($1.98 in chips) 
Seat 7: Ice-man6446 ($5.36 in chips) 
Seat 8: MarkFitz76 ($5 in chips) 
Seat 9: Dorex2007 ($6.06 in chips) 
MarkFitz76: posts small blind $0.02
Dorex2007: posts big blind $0.05
*** HOLE CARDS ***
Dealt to Dorex2007 [4d 5c]
Almanza63: folds 
laureano290: folds 
SzNorbert12: folds 
HarrierGR.9: folds 
vengeful 7: folds 
B00k3rJay: folds 
Ice-man6446: calls $0.05
MarkFitz76: folds 
Dorex2007: checks 
*** FLOP *** [As Kh 6d]
Dorex2007: checks 
Ice-man6446: bets $0.06
Dorex2007: folds 
Uncalled bet ($0.06) returned to Ice-man6446
Ice-man6446 collected $0.12 from pot
*** SUMMARY ***
Total pot $0.12 | Rake $0 
Board [As Kh 6d]
Seat 1: Almanza63 folded before Flop (didn't bet)
Seat 2: laureano290 folded before Flop (didn't bet)
Seat 3: SzNorbert12 folded before Flop (didn't bet)
Seat 4: HarrierGR.9 folded before Flop (didn't bet)
Seat 5: vengeful 7 folded before Flop (didn't bet)
Seat 6: B00k3rJay folded before Flop (didn't bet)
Seat 7: Ice-man6446 (button) collected ($0.12)
Seat 8: MarkFitz76 (small blind) folded before Flop
Seat 9: Dorex2007 (big blind) folded on the Flop



PokerStars Hand #238714556472:  Hold'em No Limit ($0.02/$0.05 USD) - 2022/09/18 14:07:16 PT [2022/09/18 17:07:16 ET]
Table 'Patry II' 9-max Seat #8 is the button
Seat 1: Almanza63 ($9.40 in chips) 
Seat 2: laureano290 ($5.27 in chips) 
Seat 3: SzNorbert12 ($7.10 in chips) 
Seat 4: HarrierGR.9 ($4.39 in chips) 
Seat 5: vengeful 7 ($6.65 in chips) 
Seat 6: B00k3rJay ($1.98 in chips) 
Seat 7: Ice-man6446 ($5.43 in chips) 
Seat 8: MarkFitz76 ($5 in chips) 
Seat 9: Dorex2007 ($6.01 in chips) 
Dorex2007: posts small blind $0.02
Almanza63: posts big blind $0.05
*** HOLE CARDS ***
Dealt to Dorex2007 [6d Jd]
laureano290: folds 
SzNorbert12: folds 
HarrierGR.9: folds 
vengeful 7: raises $0.10 to $0.15
B00k3rJay: folds 
Ice-man6446: folds 
MarkFitz76: calls $0.15
Dorex2007: folds 
Almanza63: folds 
*** FLOP *** [8s 4h 7c]
vengeful 7: bets $0.17
MarkFitz76: calls $0.17
*** TURN *** [8s 4h 7c] [3d]
vengeful 7: bets $0.34
MarkFitz76: folds 
Uncalled bet ($0.34) returned to vengeful 7
vengeful 7 collected $0.68 from pot
vengeful 7: doesn't show hand 
*** SUMMARY ***
Total pot $0.71 | Rake $0.03 
Board [8s 4h 7c 3d]
Seat 1: Almanza63 (big blind) folded before Flop
Seat 2: laureano290 folded before Flop (didn't bet)
Seat 3: SzNorbert12 folded before Flop (didn't bet)
Seat 4: HarrierGR.9 folded before Flop (didn't bet)
Seat 5: vengeful 7 collected ($0.68)
Seat 6: B00k3rJay folded before Flop (didn't bet)
Seat 7: Ice-man6446 folded before Flop (didn't bet)
Seat 8: MarkFitz76 (button) folded on the Turn
Seat 9: Dorex2007 (small blind) folded before Flop



PokerStars Hand #238714579145:  Hold'em No Limit ($0.02/$0.05 USD) - 2022/09/18 14:08:05 PT [2022/09/18 17:08:05 ET]
Table 'Patry II' 9-max Seat #9 is the button
Seat 1: Almanza63 ($9.35 in chips) 
Seat 2: laureano290 ($5.27 in chips) 
Seat 3: SzNorbert12 ($7.10 in chips) 
Seat 4: HarrierGR.9 ($4.39 in chips) 
Seat 5: vengeful 7 ($7.01 in chips) 
Seat 6: B00k3rJay ($1.98 in chips) 
Seat 7: Ice-man6446 ($5.43 in chips) 
Seat 8: MarkFitz76 ($5 in chips) 
Seat 9: Dorex2007 ($5.99 in chips) 
Almanza63: posts small blind $0.02
laureano290: posts big blind $0.05
*** HOLE CARDS ***
Dealt to Dorex2007 [9s Jh]
SzNorbert12: folds 
HarrierGR.9: folds 
vengeful 7: raises $0.10 to $0.15
B00k3rJay: folds 
Ice-man6446: folds 
MarkFitz76: folds 
Dorex2007: folds 
Almanza63: calls $0.13
SzNorbert12 leaves the table
laureano290: folds 
*** FLOP *** [5h Qd 8h]
Almanza63: checks 
vengeful 7: checks 
*** TURN *** [5h Qd 8h] [7h]
Almanza63: checks 
Luckman_brz joins the table at seat #3 
vengeful 7: bets $0.19
Almanza63: folds 
Uncalled bet ($0.19) returned to vengeful 7
vengeful 7 collected $0.34 from pot
vengeful 7: doesn't show hand 
*** SUMMARY ***
Total pot $0.35 | Rake $0.01 
Board [5h Qd 8h 7h]
Seat 1: Almanza63 (small blind) folded on the Turn
Seat 2: laureano290 (big blind) folded before Flop
Seat 3: SzNorbert12 folded before Flop (didn't bet)
Seat 4: HarrierGR.9 folded before Flop (didn't bet)
Seat 5: vengeful 7 collected ($0.34)
Seat 6: B00k3rJay folded before Flop (didn't bet)
Seat 7: Ice-man6446 folded before Flop (didn't bet)
Seat 8: MarkFitz76 folded before Flop (didn't bet)
Seat 9: Dorex2007 (button) folded before Flop (didn't bet)



PokerStars Hand #238714599641:  Hold'em No Limit ($0.02/$0.05 USD) - 2022/09/18 14:08:49 PT [2022/09/18 17:08:49 ET]
Table 'Patry II' 9-max Seat #1 is the button
Seat 1: Almanza63 ($9.20 in chips) 
Seat 2: laureano290 ($5.22 in chips) 
Seat 3: Luckman_brz ($5 in chips) 
Seat 4: HarrierGR.9 ($4.39 in chips) 
Seat 5: vengeful 7 ($7.20 in chips) 
Seat 6: B00k3rJay ($1.98 in chips) 
Seat 7: Ice-man6446 ($5.43 in chips) 
Seat 8: MarkFitz76 ($5 in chips) 
Seat 9: Dorex2007 ($5.99 in chips) 
laureano290: posts small blind $0.02
Luckman_brz: posts big blind $0.05
*** HOLE CARDS ***
Dealt to Dorex2007 [3c 8d]
HarrierGR.9: folds 
vengeful 7: folds 
B00k3rJay: calls $0.05
Ice-man6446: raises $0.07 to $0.12
MarkFitz76: calls $0.12
Dorex2007: folds 
Almanza63: folds 
laureano290: folds 
Luckman_brz: folds 
B00k3rJay: calls $0.07
*** FLOP *** [Qs Kd Ac]
B00k3rJay: bets $0.20
Ice-man6446: calls $0.20
MarkFitz76: folds 
*** TURN *** [Qs Kd Ac] [Tc]
B00k3rJay: checks 
Ice-man6446: bets $0.26
B00k3rJay: calls $0.26
*** RIVER *** [Qs Kd Ac Tc] [9h]
B00k3rJay: bets $1
Ice-man6446: calls $1
*** SHOW DOWN ***
B00k3rJay: shows [Qh 4s] (a pair of Queens)
Ice-man6446: shows [Td As] (two pair, Aces and Tens)
Ice-man6446 collected $3.21 from pot
*** SUMMARY ***
Total pot $3.35 | Rake $0.14 
Board [Qs Kd Ac Tc 9h]
Seat 1: Almanza63 (button) folded before Flop (didn't bet)
Seat 2: laureano290 (small blind) folded before Flop
Seat 3: Luckman_brz (big blind) folded before Flop
Seat 4: HarrierGR.9 folded before Flop (didn't bet)
Seat 5: vengeful 7 folded before Flop (didn't bet)
Seat 6: B00k3rJay showed [Qh 4s] and lost with a pair of Queens
Seat 7: Ice-man6446 showed [Td As] and won ($3.21) with two pair, Aces and Tens
Seat 8: MarkFitz76 folded on the Flop
Seat 9: Dorex2007 folded before Flop (didn't bet)



PokerStars Hand #238714635369:  Hold'em No Limit ($0.02/$0.05 USD) - 2022/09/18 14:10:07 PT [2022/09/18 17:10:07 ET]
Table 'Patry II' 9-max Seat #2 is the button
Seat 1: Almanza63 ($9.20 in chips) 
Seat 2: laureano290 ($5.20 in chips) 
Seat 3: Luckman_brz ($4.95 in chips) 
Seat 4: HarrierGR.9 ($4.39 in chips) 
Seat 5: vengeful 7 ($7.20 in chips) 
Seat 6: B00k3rJay ($0.40 in chips) 
Seat 7: Ice-man6446 ($7.06 in chips) 
Seat 8: MarkFitz76 ($5 in chips) 
Seat 9: Dorex2007 ($5.99 in chips) 
Luckman_brz: posts small blind $0.02
HarrierGR.9: posts big blind $0.05
*** HOLE CARDS ***
Dealt to Dorex2007 [2c 8c]
vengeful 7: raises $0.05 to $0.10
B00k3rJay: calls $0.10
Ice-man6446: folds 
MarkFitz76: folds 
Dorex2007: folds 
Almanza63: folds 
laureano290: folds 
Luckman_brz: folds 
HarrierGR.9: calls $0.05
*** FLOP *** [9h Qc 6d]
HarrierGR.9: checks 
vengeful 7: checks 
B00k3rJay: bets $0.30 and is all-in
HarrierGR.9: folds 
vengeful 7: folds 
Uncalled bet ($0.30) returned to B00k3rJay
B00k3rJay collected $0.31 from pot
*** SUMMARY ***
Total pot $0.32 | Rake $0.01 
Board [9h Qc 6d]
Seat 1: Almanza63 folded before Flop (didn't bet)
Seat 2: laureano290 (button) folded before Flop (didn't bet)
Seat 3: Luckman_brz (small blind) folded before Flop
Seat 4: HarrierGR.9 (big blind) folded on the Flop
Seat 5: vengeful 7 folded on the Flop
Seat 6: B00k3rJay collected ($0.31)
Seat 7: Ice-man6446 folded before Flop (didn't bet)
Seat 8: MarkFitz76 folded before Flop (didn't bet)
Seat 9: Dorex2007 folded before Flop (didn't bet)



PokerStars Hand #238714652269:  Hold'em No Limit ($0.02/$0.05 USD) - 2022/09/18 14:10:44 PT [2022/09/18 17:10:44 ET]
Table 'Patry II' 9-max Seat #3 is the button
Seat 1: Almanza63 ($9.20 in chips) 
Seat 2: laureano290 ($5.20 in chips) 
Seat 3: Luckman_brz ($4.93 in chips) 
Seat 4: HarrierGR.9 ($4.29 in chips) 
Seat 5: vengeful 7 ($7.10 in chips) 
Seat 6: B00k3rJay ($0.61 in chips) 
Seat 7: Ice-man6446 ($7.06 in chips) 
Seat 8: MarkFitz76 ($5 in chips) 
Seat 9: Dorex2007 ($5.99 in chips) 
HarrierGR.9: posts small blind $0.02
vengeful 7: posts big blind $0.05
*** HOLE CARDS ***
Dealt to Dorex2007 [Ah 2d]
B00k3rJay: calls $0.05
Ice-man6446: folds 
MarkFitz76: folds 
Dorex2007: folds 
Almanza63: folds 
laureano290: folds 
Luckman_brz: folds 
HarrierGR.9: folds 
vengeful 7: checks 
*** FLOP *** [As Kh 8s]
vengeful 7: checks 
B00k3rJay: checks 
*** TURN *** [As Kh 8s] [Qc]
vengeful 7: bets $0.06
B00k3rJay: calls $0.06
*** RIVER *** [As Kh 8s Qc] [Js]
vengeful 7: bets $0.09
B00k3rJay: calls $0.09
*** SHOW DOWN ***
vengeful 7: shows [Ad 7c] (a pair of Aces)
B00k3rJay: mucks hand 
vengeful 7 collected $0.40 from pot
*** SUMMARY ***
Total pot $0.42 | Rake $0.02 
Board [As Kh 8s Qc Js]
Seat 1: Almanza63 folded before Flop (didn't bet)
Seat 2: laureano290 folded before Flop (didn't bet)
Seat 3: Luckman_brz (button) folded before Flop (didn't bet)
Seat 4: HarrierGR.9 (small blind) folded before Flop
Seat 5: vengeful 7 (big blind) showed [Ad 7c] and won ($0.40) with a pair of Aces
Seat 6: B00k3rJay mucked [Jd 3d]
Seat 7: Ice-man6446 folded before Flop (didn't bet)
Seat 8: MarkFitz76 folded before Flop (didn't bet)
Seat 9: Dorex2007 folded before Flop (didn't bet)



PokerStars Hand #238714673944:  Hold'em No Limit ($0.02/$0.05 USD) - 2022/09/18 14:11:31 PT [2022/09/18 17:11:31 ET]
Table 'Patry II' 9-max Seat #4 is the button
Seat 1: Almanza63 ($9.20 in chips) 
Seat 2: laureano290 ($5.20 in chips) 
Seat 3: Luckman_brz ($4.93 in chips) 
Seat 4: HarrierGR.9 ($4.27 in chips) 
Seat 5: vengeful 7 ($7.30 in chips) 
Seat 6: B00k3rJay ($0.41 in chips) 
Seat 7: Ice-man6446 ($7.06 in chips) 
Seat 8: MarkFitz76 ($5 in chips) 
Seat 9: Dorex2007 ($5.99 in chips) 
vengeful 7: posts small blind $0.02
B00k3rJay: posts big blind $0.05
*** HOLE CARDS ***
Dealt to Dorex2007 [5d Td]
Ice-man6446: raises $0.07 to $0.12
MarkFitz76: folds 
Dorex2007: folds 
Almanza63: folds 
laureano290: folds 
Luckman_brz is disconnected 
Luckman_brz has timed out while disconnected
Luckman_brz: folds 
HarrierGR.9: folds 
vengeful 7: folds 
B00k3rJay: folds 
Uncalled bet ($0.07) returned to Ice-man6446
Ice-man6446 collected $0.12 from pot
*** SUMMARY ***
Total pot $0.12 | Rake $0 
Seat 1: Almanza63 folded before Flop (didn't bet)
Seat 2: laureano290 folded before Flop (didn't bet)
Seat 3: Luckman_brz folded before Flop (didn't bet)
Seat 4: HarrierGR.9 (button) folded before Flop (didn't bet)
Seat 5: vengeful 7 (small blind) folded before Flop
Seat 6: B00k3rJay (big blind) folded before Flop
Seat 7: Ice-man6446 collected ($0.12)
Seat 8: MarkFitz76 folded before Flop (didn't bet)
Seat 9: Dorex2007 folded before Flop (didn't bet)



PokerStars Hand #238714685715:  Hold'em No Limit ($0.02/$0.05 USD) - 2022/09/18 14:11:57 PT [2022/09/18 17:11:57 ET]
Table 'Patry II' 9-max Seat #5 is the button
Seat 1: Almanza63 ($9.20 in chips) 
Seat 2: laureano290 ($5.20 in chips) 
Seat 5: vengeful 7 ($7.28 in chips) 
Seat 6: B00k3rJay ($0.36 in chips) 
Seat 7: Ice-man6446 ($7.13 in chips) 
Seat 8: MarkFitz76 ($5 in chips) 
Seat 9: Dorex2007 ($5.99 in chips) 
B00k3rJay: posts small blind $0.02
Ice-man6446: posts big blind $0.05
*** HOLE CARDS ***
Dealt to Dorex2007 [Th Ks]
MarkFitz76: raises $0.10 to $0.15
Dorex2007: folds 
Almanza63: folds 
laureano290: folds 
vengeful 7: calls $0.15
B00k3rJay: folds 
Ice-man6446: folds 
*** FLOP *** [2h 6d 7s]
MarkFitz76: bets $0.15
vengeful 7: calls $0.15
*** TURN *** [2h 6d 7s] [8c]
MarkFitz76: bets $0.48
vengeful 7: folds 
Uncalled bet ($0.48) returned to MarkFitz76
MarkFitz76 collected $0.64 from pot
MarkFitz76: doesn't show hand 
*** SUMMARY ***
Total pot $0.67 | Rake $0.03 
Board [2h 6d 7s 8c]
Seat 1: Almanza63 folded before Flop (didn't bet)
Seat 2: laureano290 folded before Flop (didn't bet)
Seat 5: vengeful 7 (button) folded on the Turn
Seat 6: B00k3rJay (small blind) folded before Flop
Seat 7: Ice-man6446 (big blind) folded before Flop
Seat 8: MarkFitz76 collected ($0.64)
Seat 9: Dorex2007 folded before Flop (didn't bet)



PokerStars Hand #238714704088:  Hold'em No Limit ($0.02/$0.05 USD) - 2022/09/18 14:12:37 PT [2022/09/18 17:12:37 ET]
Table 'Patry II' 9-max Seat #6 is the button
Seat 1: Almanza63 ($9.20 in chips) 
Seat 2: laureano290 ($5.20 in chips) 
Seat 5: vengeful 7 ($6.98 in chips) 
Seat 6: B00k3rJay ($0.34 in chips) 
Seat 7: Ice-man6446 ($7.08 in chips) 
Seat 9: Dorex2007 ($5.99 in chips) 
Ice-man6446: posts small blind $0.02
MarkFitz76: is sitting out 
Dorex2007: posts big blind $0.05
*** HOLE CARDS ***
Dealt to Dorex2007 [8h 7d]
MarkFitz76 leaves the table
Almanza63: folds 
laureano290: folds 
vengeful 7: folds 
B00k3rJay: calls $0.05
Chimpy111 joins the table at seat #8 
Ice-man6446: raises $0.10 to $0.15
Dorex2007: folds 
B00k3rJay: raises $0.19 to $0.34 and is all-in
Ice-man6446: calls $0.19
*** FLOP *** [Tc Jh 5d]
*** TURN *** [Tc Jh 5d] [5c]
*** RIVER *** [Tc Jh 5d 5c] [9d]
*** SHOW DOWN ***
Ice-man6446: shows [Ac Qs] (a pair of Fives)
B00k3rJay: shows [Kh Td] (two pair, Tens and Fives)
B00k3rJay collected $0.69 from pot
*** SUMMARY ***
Total pot $0.73 | Rake $0.04 
Board [Tc Jh 5d 5c 9d]
Seat 1: Almanza63 folded before Flop (didn't bet)
Seat 2: laureano290 folded before Flop (didn't bet)
Seat 5: vengeful 7 folded before Flop (didn't bet)
Seat 6: B00k3rJay (button) showed [Kh Td] and won ($0.69) with two pair, Tens and Fives
Seat 7: Ice-man6446 (small blind) showed [Ac Qs] and lost with a pair of Fives
Seat 9: Dorex2007 (big blind) folded before Flop



PokerStars Hand #238714718527:  Hold'em No Limit ($0.02/$0.05 USD) - 2022/09/18 14:13:09 PT [2022/09/18 17:13:09 ET]
Table 'Patry II' 9-max Seat #7 is the button
Seat 1: Almanza63 ($9.20 in chips) 
Seat 2: laureano290 ($5.20 in chips) 
Seat 3: Luckman_brz ($4.93 in chips) 
Seat 5: vengeful 7 ($6.98 in chips) 
Seat 6: B00k3rJay ($0.69 in chips) 
Seat 7: Ice-man6446 ($6.74 in chips) 
Seat 9: Dorex2007 ($5.94 in chips) 
Dorex2007: posts small blind $0.02
Almanza63: posts big blind $0.05
*** HOLE CARDS ***
Dealt to Dorex2007 [5h 6h]
laureano290: folds 
Luckman_brz: calls $0.05
vengeful 7: folds 
B00k3rJay: calls $0.05
Ice-man6446: raises $0.10 to $0.15
Dorex2007: folds 
Almanza63: folds 
Luckman_brz: calls $0.10
B00k3rJay: calls $0.10
*** FLOP *** [Js 5d Kh]
Luckman_brz: checks 
B00k3rJay: checks 
Ice-man6446: bets $0.17
Luckman_brz: calls $0.17
B00k3rJay: folds 
*** TURN *** [Js 5d Kh] [6s]
Luckman_brz: checks 
Ice-man6446: bets $0.27
Luckman_brz: calls $0.27
*** RIVER *** [Js 5d Kh 6s] [3d]
Luckman_brz: checks 
Ice-man6446: checks 
*** SHOW DOWN ***
Luckman_brz: shows [Kd Qc] (a pair of Kings)
Ice-man6446: mucks hand 
Luckman_brz collected $1.34 from pot
*** SUMMARY ***
Total pot $1.40 | Rake $0.06 
Board [Js 5d Kh 6s 3d]
Seat 1: Almanza63 (big blind) folded before Flop
Seat 2: laureano290 folded before Flop (didn't bet)
Seat 3: Luckman_brz showed [Kd Qc] and won ($1.34) with a pair of Kings
Seat 5: vengeful 7 folded before Flop (didn't bet)
Seat 6: B00k3rJay folded on the Flop
Seat 7: Ice-man6446 (button) mucked [Ac Td]
Seat 9: Dorex2007 (small blind) folded before Flop



PokerStars Hand #238714757760:  Hold'em No Limit ($0.02/$0.05 USD) - 2022/09/18 14:14:35 PT [2022/09/18 17:14:35 ET]
Table 'Patry II' 9-max Seat #9 is the button
Seat 1: Almanza63 ($9.15 in chips) 
Seat 2: laureano290 ($5.20 in chips) 
Seat 3: Luckman_brz ($5.68 in chips) 
Seat 4: HarrierGR.9 ($4.27 in chips) 
Seat 5: vengeful 7 ($6.98 in chips) 
Seat 6: B00k3rJay ($0.54 in chips) 
Seat 7: Ice-man6446 ($6.15 in chips) 
Seat 9: Dorex2007 ($5.92 in chips) 
Almanza63: posts small blind $0.02
laureano290: posts big blind $0.05
Chimpy111: sits out 
*** HOLE CARDS ***
Dealt to Dorex2007 [7s 8d]
Luckman_brz: folds 
HarrierGR.9: folds 
vengeful 7: folds 
B00k3rJay: folds 
Ice-man6446: folds 
Dorex2007: folds 
Almanza63: raises $0.08 to $0.13
laureano290: folds 
Uncalled bet ($0.08) returned to Almanza63
Almanza63 collected $0.10 from pot
Almanza63: doesn't show hand 
*** SUMMARY ***
Total pot $0.10 | Rake $0 
Seat 1: Almanza63 (small blind) collected ($0.10)
Seat 2: laureano290 (big blind) folded before Flop
Seat 3: Luckman_brz folded before Flop (didn't bet)
Seat 4: HarrierGR.9 folded before Flop (didn't bet)
Seat 5: vengeful 7 folded before Flop (didn't bet)
Seat 6: B00k3rJay folded before Flop (didn't bet)
Seat 7: Ice-man6446 folded before Flop (didn't bet)
Seat 9: Dorex2007 (button) folded before Flop (didn't bet)



PokerStars Hand #238714768175:  Hold'em No Limit ($0.02/$0.05 USD) - 2022/09/18 14:14:59 PT [2022/09/18 17:14:59 ET]
Table 'Patry II' 9-max Seat #1 is the button
Seat 1: Almanza63 ($9.20 in chips) 
Seat 2: laureano290 ($5.15 in chips) 
Seat 3: Luckman_brz ($5.68 in chips) 
Seat 4: HarrierGR.9 ($4.27 in chips) 
Seat 5: vengeful 7 ($6.98 in chips) 
Seat 6: B00k3rJay ($0.54 in chips) 
Seat 7: Ice-man6446 ($6.15 in chips) 
Seat 9: Dorex2007 ($5.92 in chips) 
laureano290: posts small blind $0.02
Luckman_brz: posts big blind $0.05
Chimpy111: sits out 
*** HOLE CARDS ***
Dealt to Dorex2007 [7d 8c]
HarrierGR.9: calls $0.05
vengeful 7: folds 
B00k3rJay: raises $0.05 to $0.10
Ice-man6446: folds 
Dorex2007: folds 
Almanza63: calls $0.10
laureano290: folds 
Luckman_brz: folds 
HarrierGR.9: calls $0.05
*** FLOP *** [9s 5d 3c]
HarrierGR.9: checks 
B00k3rJay: checks 
Almanza63: bets $0.21
HarrierGR.9: folds 
B00k3rJay: raises $0.23 to $0.44 and is all-in
Almanza63: calls $0.23
*** TURN *** [9s 5d 3c] [Ks]
*** RIVER *** [9s 5d 3c Ks] [8s]
*** SHOW DOWN ***
B00k3rJay: shows [Kh Jd] (a pair of Kings)
Almanza63: shows [9h Qd] (a pair of Nines)
B00k3rJay collected $1.19 from pot
*** SUMMARY ***
Total pot $1.25 | Rake $0.06 
Board [9s 5d 3c Ks 8s]
Seat 1: Almanza63 (button) showed [9h Qd] and lost with a pair of Nines
Seat 2: laureano290 (small blind) folded before Flop
Seat 3: Luckman_brz (big blind) folded before Flop
Seat 4: HarrierGR.9 folded on the Flop
Seat 5: vengeful 7 folded before Flop (didn't bet)
Seat 6: B00k3rJay showed [Kh Jd] and won ($1.19) with a pair of Kings
Seat 7: Ice-man6446 folded before Flop (didn't bet)
Seat 9: Dorex2007 folded before Flop (didn't bet)



PokerStars Hand #238714797617:  Hold'em No Limit ($0.02/$0.05 USD) - 2022/09/18 14:16:03 PT [2022/09/18 17:16:03 ET]
Table 'Patry II' 9-max Seat #2 is the button
Seat 1: Almanza63 ($8.66 in chips) 
Seat 2: laureano290 ($5.13 in chips) 
Seat 3: Luckman_brz ($5.63 in chips) 
Seat 4: HarrierGR.9 ($4.17 in chips) 
Seat 5: vengeful 7 ($6.98 in chips) 
Seat 6: B00k3rJay ($1.19 in chips) 
Seat 7: Ice-man6446 ($6.15 in chips) 
Seat 9: Dorex2007 ($5.92 in chips) 
Luckman_brz: posts small blind $0.02
HarrierGR.9: posts big blind $0.05
Chimpy111: sits out 
*** HOLE CARDS ***
Dealt to Dorex2007 [Ad Ah]
vengeful 7: folds 
B00k3rJay: folds 
Ice-man6446: folds 
Dorex2007: raises $0.10 to $0.15
Almanza63: folds 
laureano290: folds 
Luckman_brz: folds 
HarrierGR.9: folds 
Uncalled bet ($0.10) returned to Dorex2007
Dorex2007 collected $0.12 from pot
Dorex2007: doesn't show hand 
*** SUMMARY ***
Total pot $0.12 | Rake $0 
Seat 1: Almanza63 folded before Flop (didn't bet)
Seat 2: laureano290 (button) folded before Flop (didn't bet)
Seat 3: Luckman_brz (small blind) folded before Flop
Seat 4: HarrierGR.9 (big blind) folded before Flop
Seat 5: vengeful 7 folded before Flop (didn't bet)
Seat 6: B00k3rJay folded before Flop (didn't bet)
Seat 7: Ice-man6446 folded before Flop (didn't bet)
Seat 9: Dorex2007 collected ($0.12)



PokerStars Hand #238714805653:  Hold'em No Limit ($0.02/$0.05 USD) - 2022/09/18 14:16:21 PT [2022/09/18 17:16:21 ET]
Table 'Patry II' 9-max Seat #3 is the button
Seat 1: Almanza63 ($8.66 in chips) 
Seat 2: laureano290 ($5.13 in chips) 
Seat 3: Luckman_brz ($5.61 in chips) 
Seat 4: HarrierGR.9 ($4.12 in chips) 
Seat 5: vengeful 7 ($6.98 in chips) 
Seat 6: B00k3rJay ($1.19 in chips) 
Seat 7: Ice-man6446 ($6.15 in chips) 
Seat 9: Dorex2007 ($5.99 in chips) 
HarrierGR.9: posts small blind $0.02
vengeful 7: posts big blind $0.05
Chimpy111: sits out 
*** HOLE CARDS ***
Dealt to Dorex2007 [Kc Kh]
B00k3rJay: calls $0.05
Ice-man6446: folds 
Dorex2007: raises $0.17 to $0.22
Almanza63: folds 
laureano290: folds 
Luckman_brz: folds 
HarrierGR.9: folds 
vengeful 7: folds 
B00k3rJay: calls $0.17
*** FLOP *** [4d 6d Ac]
B00k3rJay: bets $0.15
Dorex2007: calls $0.15
*** TURN *** [4d 6d Ac] [2h]
B00k3rJay: bets $0.39
Dorex2007: folds 
Uncalled bet ($0.39) returned to B00k3rJay
B00k3rJay collected $0.77 from pot
*** SUMMARY ***
Total pot $0.81 | Rake $0.04 
Board [4d 6d Ac 2h]
Seat 1: Almanza63 folded before Flop (didn't bet)
Seat 2: laureano290 folded before Flop (didn't bet)
Seat 3: Luckman_brz (button) folded before Flop (didn't bet)
Seat 4: HarrierGR.9 (small blind) folded before Flop
Seat 5: vengeful 7 (big blind) folded before Flop
Seat 6: B00k3rJay collected ($0.77)
Seat 7: Ice-man6446 folded before Flop (didn't bet)
Seat 9: Dorex2007 folded on the Turn



PokerStars Hand #238714824880:  Hold'em No Limit ($0.02/$0.05 USD) - 2022/09/18 14:17:04 PT [2022/09/18 17:17:04 ET]
Table 'Patry II' 9-max Seat #4 is the button
Seat 1: Almanza63 ($8.66 in chips) 
Seat 2: laureano290 ($5.13 in chips) 
Seat 3: Luckman_brz ($5.61 in chips) 
Seat 4: HarrierGR.9 ($4.10 in chips) 
Seat 5: vengeful 7 ($6.93 in chips) 
Seat 6: B00k3rJay ($1.59 in chips) 
Seat 7: Ice-man6446 ($6.15 in chips) 
Seat 9: Dorex2007 ($5.62 in chips) 
vengeful 7: posts small blind $0.02
B00k3rJay: posts big blind $0.05
Chimpy111: sits out 
*** HOLE CARDS ***
Dealt to Dorex2007 [6h Ad]
Ice-man6446: folds 
Dorex2007: folds 
Almanza63: folds 
laureano290: folds 
Luckman_brz: folds 
HarrierGR.9: folds 
vengeful 7: folds 
Uncalled bet ($0.03) returned to B00k3rJay
B00k3rJay collected $0.04 from pot
*** SUMMARY ***
Total pot $0.04 | Rake $0 
Seat 1: Almanza63 folded before Flop (didn't bet)
Seat 2: laureano290 folded before Flop (didn't bet)
Seat 3: Luckman_brz folded before Flop (didn't bet)
Seat 4: HarrierGR.9 (button) folded before Flop (didn't bet)
Seat 5: vengeful 7 (small blind) folded before Flop
Seat 6: B00k3rJay (big blind) collected ($0.04)
Seat 7: Ice-man6446 folded before Flop (didn't bet)
Seat 9: Dorex2007 folded before Flop (didn't bet)



PokerStars Hand #238714834387:  Hold'em No Limit ($0.02/$0.05 USD) - 2022/09/18 14:17:25 PT [2022/09/18 17:17:25 ET]
Table 'Patry II' 9-max Seat #5 is the button
Seat 1: Almanza63 ($8.66 in chips) 
Seat 2: laureano290 ($5.13 in chips) 
Seat 3: Luckman_brz ($5.61 in chips) 
Seat 4: HarrierGR.9 ($4.10 in chips) 
Seat 5: vengeful 7 ($6.91 in chips) 
Seat 6: B00k3rJay ($1.61 in chips) 
Seat 7: Ice-man6446 ($6.15 in chips) 
Seat 9: Dorex2007 ($5.62 in chips) 
B00k3rJay: posts small blind $0.02
Ice-man6446: posts big blind $0.05
Chimpy111: sits out 
*** HOLE CARDS ***
Dealt to Dorex2007 [Jd Jc]
Dorex2007: raises $0.10 to $0.15
Almanza63: folds 
laureano290: folds 
Luckman_brz: folds 
HarrierGR.9: folds 
vengeful 7: folds 
B00k3rJay: folds 
Ice-man6446: folds 
Uncalled bet ($0.10) returned to Dorex2007
Dorex2007 collected $0.12 from pot
Dorex2007: doesn't show hand 
*** SUMMARY ***
Total pot $0.12 | Rake $0 
Seat 1: Almanza63 folded before Flop (didn't bet)
Seat 2: laureano290 folded before Flop (didn't bet)
Seat 3: Luckman_brz folded before Flop (didn't bet)
Seat 4: HarrierGR.9 folded before Flop (didn't bet)
Seat 5: vengeful 7 (button) folded before Flop (didn't bet)
Seat 6: B00k3rJay (small blind) folded before Flop
Seat 7: Ice-man6446 (big blind) folded before Flop
Seat 9: Dorex2007 collected ($0.12)



PokerStars Hand #238714844647:  Hold'em No Limit ($0.02/$0.05 USD) - 2022/09/18 14:17:48 PT [2022/09/18 17:17:48 ET]
Table 'Patry II' 9-max Seat #6 is the button
Seat 1: Almanza63 ($8.66 in chips) 
Seat 2: laureano290 ($5.13 in chips) 
Seat 3: Luckman_brz ($5.61 in chips) 
Seat 4: HarrierGR.9 ($4.10 in chips) 
Seat 5: vengeful 7 ($6.91 in chips) 
Seat 6: B00k3rJay ($1.59 in chips) 
Seat 7: Ice-man6446 ($6.10 in chips) 
Seat 8: Chimpy111 ($5 in chips) 
Seat 9: Dorex2007 ($5.69 in chips) 
Ice-man6446: posts small blind $0.02
Chimpy111: posts big blind $0.05
*** HOLE CARDS ***
Dealt to Dorex2007 [Ac Ks]
Dorex2007: raises $0.05 to $0.10
Almanza63: folds 
laureano290: folds 
Luckman_brz: folds 
HarrierGR.9: folds 
vengeful 7: calls $0.10
B00k3rJay: folds 
Ice-man6446: folds 
Chimpy111: folds 
*** FLOP *** [Tc Ts 3h]
Dorex2007: checks 
vengeful 7: checks 
*** TURN *** [Tc Ts 3h] [5d]
Dorex2007: bets $0.13
vengeful 7: folds 
Uncalled bet ($0.13) returned to Dorex2007
Dorex2007 collected $0.26 from pot
Dorex2007: doesn't show hand 
*** SUMMARY ***
Total pot $0.27 | Rake $0.01 
Board [Tc Ts 3h 5d]
Seat 1: Almanza63 folded before Flop (didn't bet)
Seat 2: laureano290 folded before Flop (didn't bet)
Seat 3: Luckman_brz folded before Flop (didn't bet)
Seat 4: HarrierGR.9 folded before Flop (didn't bet)
Seat 5: vengeful 7 folded on the Turn
Seat 6: B00k3rJay (button) folded before Flop (didn't bet)
Seat 7: Ice-man6446 (small blind) folded before Flop
Seat 8: Chimpy111 (big blind) folded before Flop
Seat 9: Dorex2007 collected ($0.26)



PokerStars Hand #238714859581:  Hold'em No Limit ($0.02/$0.05 USD) - 2022/09/18 14:18:20 PT [2022/09/18 17:18:20 ET]
Table 'Patry II' 9-max Seat #7 is the button
Seat 1: Almanza63 ($8.66 in chips) 
Seat 2: laureano290 ($5.13 in chips) 
Seat 3: Luckman_brz ($5.61 in chips) 
Seat 4: HarrierGR.9 ($4.10 in chips) 
Seat 5: vengeful 7 ($6.81 in chips) 
Seat 6: B00k3rJay ($1.59 in chips) 
Seat 7: Ice-man6446 ($6.08 in chips) 
Seat 8: Chimpy111 ($4.95 in chips) 
Seat 9: Dorex2007 ($5.85 in chips) 
Chimpy111: posts small blind $0.02
Dorex2007: posts big blind $0.05
*** HOLE CARDS ***
Dealt to Dorex2007 [Th 7s]
Almanza63: folds 
laureano290: folds 
Luckman_brz: folds 
HarrierGR.9: calls $0.05
vengeful 7: folds 
B00k3rJay: calls $0.05
Ice-man6446: folds 
Chimpy111: folds 
Dorex2007: checks 
*** FLOP *** [Ad 9s 7h]
Dorex2007: checks 
HarrierGR.9: checks 
B00k3rJay: checks 
*** TURN *** [Ad 9s 7h] [Qd]
Dorex2007: checks 
HarrierGR.9: checks 
B00k3rJay: bets $0.08
Dorex2007: folds 
HarrierGR.9: folds 
Uncalled bet ($0.08) returned to B00k3rJay
B00k3rJay collected $0.16 from pot
*** SUMMARY ***
Total pot $0.17 | Rake $0.01 
Board [Ad 9s 7h Qd]
Seat 1: Almanza63 folded before Flop (didn't bet)
Seat 2: laureano290 folded before Flop (didn't bet)
Seat 3: Luckman_brz folded before Flop (didn't bet)
Seat 4: HarrierGR.9 folded on the Turn
Seat 5: vengeful 7 folded before Flop (didn't bet)
Seat 6: B00k3rJay collected ($0.16)
Seat 7: Ice-man6446 (button) folded before Flop (didn't bet)
Seat 8: Chimpy111 (small blind) folded before Flop
Seat 9: Dorex2007 (big blind) folded on the Turn



PokerStars Hand #238714877275:  Hold'em No Limit ($0.02/$0.05 USD) - 2022/09/18 14:18:59 PT [2022/09/18 17:18:59 ET]
Table 'Patry II' 9-max Seat #8 is the button
Seat 1: Almanza63 ($8.66 in chips) 
Seat 2: laureano290 ($5.13 in chips) 
Seat 3: Luckman_brz ($5.61 in chips) 
Seat 4: HarrierGR.9 ($4.05 in chips) 
Seat 5: vengeful 7 ($6.81 in chips) 
Seat 6: B00k3rJay ($1.70 in chips) 
Seat 7: Ice-man6446 ($6.08 in chips) 
Seat 8: Chimpy111 ($4.93 in chips) 
Seat 9: Dorex2007 ($5.80 in chips) 
Dorex2007: posts small blind $0.02
Almanza63: posts big blind $0.05
*** HOLE CARDS ***
Dealt to Dorex2007 [3d 7h]
laureano290: folds 
Luckman_brz: folds 
HarrierGR.9: folds 
vengeful 7: folds 
B00k3rJay: folds 
Ice-man6446: folds 
Chimpy111: raises $0.10 to $0.15
Dorex2007: folds 
Almanza63: calls $0.10
*** FLOP *** [Kh 7d 7c]
Almanza63: checks 
Chimpy111: bets $0.20
Almanza63: folds 
Uncalled bet ($0.20) returned to Chimpy111
Chimpy111 collected $0.31 from pot
*** SUMMARY ***
Total pot $0.32 | Rake $0.01 
Board [Kh 7d 7c]
Seat 1: Almanza63 (big blind) folded on the Flop
Seat 2: laureano290 folded before Flop (didn't bet)
Seat 3: Luckman_brz folded before Flop (didn't bet)
Seat 4: HarrierGR.9 folded before Flop (didn't bet)
Seat 5: vengeful 7 folded before Flop (didn't bet)
Seat 6: B00k3rJay folded before Flop (didn't bet)
Seat 7: Ice-man6446 folded before Flop (didn't bet)
Seat 8: Chimpy111 (button) collected ($0.31)
Seat 9: Dorex2007 (small blind) folded before Flop



PokerStars Hand #238714896191:  Hold'em No Limit ($0.02/$0.05 USD) - 2022/09/18 14:19:41 PT [2022/09/18 17:19:41 ET]
Table 'Patry II' 9-max Seat #9 is the button
Seat 1: Almanza63 ($8.51 in chips) 
Seat 2: laureano290 ($5.13 in chips) 
Seat 3: Luckman_brz ($5.61 in chips) 
Seat 4: HarrierGR.9 ($4.05 in chips) 
Seat 5: vengeful 7 ($6.81 in chips) 
Seat 6: B00k3rJay ($1.70 in chips) 
Seat 7: Ice-man6446 ($6.08 in chips) 
Seat 8: Chimpy111 ($5.09 in chips) 
Seat 9: Dorex2007 ($5.78 in chips) 
Almanza63: posts small blind $0.02
laureano290: posts big blind $0.05
*** HOLE CARDS ***
Dealt to Dorex2007 [9s 2c]
Luckman_brz: folds 
HarrierGR.9: calls $0.05
vengeful 7: raises $0.15 to $0.20
B00k3rJay: folds 
Ice-man6446: folds 
Chimpy111: folds 
Dorex2007: folds 
Almanza63: folds 
laureano290: folds 
HarrierGR.9: calls $0.15
*** FLOP *** [5s 3d Ah]
HarrierGR.9: checks 
vengeful 7: bets $0.22
HarrierGR.9: calls $0.22
*** TURN *** [5s 3d Ah] [8s]
HarrierGR.9: checks 
vengeful 7: checks 
*** RIVER *** [5s 3d Ah 8s] [Qc]
HarrierGR.9: bets $0.25
vengeful 7: folds 
Uncalled bet ($0.25) returned to HarrierGR.9
HarrierGR.9 collected $0.87 from pot
HarrierGR.9: doesn't show hand 
Luckman_brz is disconnected 
*** SUMMARY ***
Total pot $0.91 | Rake $0.04 
Board [5s 3d Ah 8s Qc]
Seat 1: Almanza63 (small blind) folded before Flop
Seat 2: laureano290 (big blind) folded before Flop
Seat 3: Luckman_brz folded before Flop (didn't bet)
Seat 4: HarrierGR.9 collected ($0.87)
Seat 5: vengeful 7 folded on the River
Seat 6: B00k3rJay folded before Flop (didn't bet)
Seat 7: Ice-man6446 folded before Flop (didn't bet)
Seat 8: Chimpy111 folded before Flop (didn't bet)
Seat 9: Dorex2007 (button) folded before Flop (didn't bet)



PokerStars Hand #238714924483:  Hold'em No Limit ($0.02/$0.05 USD) - 2022/09/18 14:20:44 PT [2022/09/18 17:20:44 ET]
Table 'Patry II' 9-max Seat #1 is the button
Seat 1: Almanza63 ($8.49 in chips) 
Seat 2: laureano290 ($5.08 in chips) 
Seat 4: HarrierGR.9 ($4.50 in chips) 
Seat 5: vengeful 7 ($6.39 in chips) 
Seat 6: B00k3rJay ($1.70 in chips) 
Seat 7: Ice-man6446 ($6.08 in chips) 
Seat 8: Chimpy111 ($5.09 in chips) 
Seat 9: Dorex2007 ($5.78 in chips) 
laureano290: posts small blind $0.02
Luckman_brz is connected 
Luckman_brz has timed out
Luckman_brz: is sitting out 
HarrierGR.9: posts big blind $0.05
*** HOLE CARDS ***
Dealt to Dorex2007 [Ad 4d]
vengeful 7: folds 
B00k3rJay: calls $0.05
Ice-man6446: folds 
Chimpy111: folds 
Dorex2007: folds 
Almanza63: raises $0.08 to $0.13
laureano290: folds 
HarrierGR.9: folds 
B00k3rJay: calls $0.08
*** FLOP *** [2d Kd 7h]
B00k3rJay: checks 
Almanza63: checks 
*** TURN *** [2d Kd 7h] [2s]
B00k3rJay: bets $0.16
Almanza63: folds 
Uncalled bet ($0.16) returned to B00k3rJay
B00k3rJay collected $0.32 from pot
*** SUMMARY ***
Total pot $0.33 | Rake $0.01 
Board [2d Kd 7h 2s]
Seat 1: Almanza63 (button) folded on the Turn
Seat 2: laureano290 (small blind) folded before Flop
Seat 4: HarrierGR.9 (big blind) folded before Flop
Seat 5: vengeful 7 folded before Flop (didn't bet)
Seat 6: B00k3rJay collected ($0.32)
Seat 7: Ice-man6446 folded before Flop (didn't bet)
Seat 8: Chimpy111 folded before Flop (didn't bet)
Seat 9: Dorex2007 folded before Flop (didn't bet)



PokerStars Hand #238714954792:  Hold'em No Limit ($0.02/$0.05 USD) - 2022/09/18 14:21:52 PT [2022/09/18 17:21:52 ET]
Table 'Patry II' 9-max Seat #2 is the button
Seat 1: Almanza63 ($8.36 in chips) 
Seat 2: laureano290 ($5.06 in chips) 
Seat 4: HarrierGR.9 ($4.45 in chips) 
Seat 5: vengeful 7 ($6.39 in chips) 
Seat 6: B00k3rJay ($1.89 in chips) 
Seat 7: Ice-man6446 ($6.08 in chips) 
Seat 8: Chimpy111 ($5.09 in chips) 
Seat 9: Dorex2007 ($5.78 in chips) 
HarrierGR.9: posts small blind $0.02
vengeful 7: posts big blind $0.05
*** HOLE CARDS ***
Dealt to Dorex2007 [3h Ac]
B00k3rJay: calls $0.05
Ice-man6446: folds 
Chimpy111: folds 
Dorex2007: folds 
Almanza63: folds 
laureano290: folds 
HarrierGR.9: calls $0.03
vengeful 7: checks 
*** FLOP *** [5h 3c 7d]
HarrierGR.9: checks 
vengeful 7: checks 
B00k3rJay: checks 
*** TURN *** [5h 3c 7d] [Kh]
HarrierGR.9: checks 
vengeful 7: bets $0.09
B00k3rJay: folds 
HarrierGR.9: folds 
Uncalled bet ($0.09) returned to vengeful 7
vengeful 7 collected $0.14 from pot
vengeful 7: doesn't show hand 
*** SUMMARY ***
Total pot $0.15 | Rake $0.01 
Board [5h 3c 7d Kh]
Seat 1: Almanza63 folded before Flop (didn't bet)
Seat 2: laureano290 (button) folded before Flop (didn't bet)
Seat 4: HarrierGR.9 (small blind) folded on the Turn
Seat 5: vengeful 7 (big blind) collected ($0.14)
Seat 6: B00k3rJay folded on the Turn
Seat 7: Ice-man6446 folded before Flop (didn't bet)
Seat 8: Chimpy111 folded before Flop (didn't bet)
Seat 9: Dorex2007 folded before Flop (didn't bet)



PokerStars Hand #238714978332:  Hold'em No Limit ($0.02/$0.05 USD) - 2022/09/18 14:22:45 PT [2022/09/18 17:22:45 ET]
Table 'Patry II' 9-max Seat #4 is the button
Seat 1: Almanza63 ($8.36 in chips) 
Seat 2: laureano290 ($5.06 in chips) 
Seat 3: Luckman_brz ($5.61 in chips) 
Seat 4: HarrierGR.9 ($4.40 in chips) 
Seat 5: vengeful 7 ($6.48 in chips) 
Seat 6: B00k3rJay ($1.84 in chips) 
Seat 7: Ice-man6446 ($6.08 in chips) 
Seat 8: Chimpy111 ($5.09 in chips) 
Seat 9: Dorex2007 ($5.78 in chips) 
vengeful 7: posts small blind $0.02
B00k3rJay: posts big blind $0.05
Luckman_brz: posts small & big blinds $0.07
*** HOLE CARDS ***
Dealt to Dorex2007 [7c 8d]
Ice-man6446: folds 
Chimpy111: folds 
Dorex2007: folds 
Almanza63: folds 
laureano290: folds 
Luckman_brz: checks 
HarrierGR.9: folds 
vengeful 7: calls $0.03
B00k3rJay: raises $0.05 to $0.10
Luckman_brz: folds 
vengeful 7: calls $0.05
*** FLOP *** [5s Tc Td]
vengeful 7: checks 
B00k3rJay: bets $0.26
vengeful 7: folds 
Uncalled bet ($0.26) returned to B00k3rJay
B00k3rJay collected $0.26 from pot
*** SUMMARY ***
Total pot $0.27 | Rake $0.01 
Board [5s Tc Td]
Seat 1: Almanza63 folded before Flop (didn't bet)
Seat 2: laureano290 folded before Flop (didn't bet)
Seat 3: Luckman_brz folded before Flop (didn't bet)
Seat 4: HarrierGR.9 (button) folded before Flop (didn't bet)
Seat 5: vengeful 7 (small blind) folded on the Flop
Seat 6: B00k3rJay (big blind) collected ($0.26)
Seat 7: Ice-man6446 folded before Flop (didn't bet)
Seat 8: Chimpy111 folded before Flop (didn't bet)
Seat 9: Dorex2007 folded before Flop (didn't bet)



PokerStars Hand #238714994497:  Hold'em No Limit ($0.02/$0.05 USD) - 2022/09/18 14:23:21 PT [2022/09/18 17:23:21 ET]
Table 'Patry II' 9-max Seat #5 is the button
Seat 1: Almanza63 ($8.36 in chips) 
Seat 2: laureano290 ($5.06 in chips) 
Seat 3: Luckman_brz ($5.54 in chips) 
Seat 4: HarrierGR.9 ($4.40 in chips) 
Seat 5: vengeful 7 ($6.38 in chips) 
Seat 6: B00k3rJay ($2 in chips) 
Seat 7: Ice-man6446 ($6.08 in chips) 
Seat 8: Chimpy111 ($5.09 in chips) 
Seat 9: Dorex2007 ($5.78 in chips) 
B00k3rJay: posts small blind $0.02
Ice-man6446: posts big blind $0.05
*** HOLE CARDS ***
Dealt to Dorex2007 [3c 9h]
Chimpy111: folds 
Dorex2007: folds 
Almanza63: raises $0.08 to $0.13
laureano290: folds 
Luckman_brz: folds 
HarrierGR.9: folds 
vengeful 7: calls $0.13
B00k3rJay: calls $0.11
Ice-man6446: calls $0.08
*** FLOP *** [5d Td 6h]
B00k3rJay: checks 
Ice-man6446: checks 
Almanza63: checks 
vengeful 7: checks 
*** TURN *** [5d Td 6h] [5c]
B00k3rJay: checks 
Ice-man6446: bets $0.17
Almanza63: folds 
vengeful 7: folds 
B00k3rJay: folds 
Uncalled bet ($0.17) returned to Ice-man6446
Ice-man6446 collected $0.50 from pot
*** SUMMARY ***
Total pot $0.52 | Rake $0.02 
Board [5d Td 6h 5c]
Seat 1: Almanza63 folded on the Turn
Seat 2: laureano290 folded before Flop (didn't bet)
Seat 3: Luckman_brz folded before Flop (didn't bet)
Seat 4: HarrierGR.9 folded before Flop (didn't bet)
Seat 5: vengeful 7 (button) folded on the Turn
Seat 6: B00k3rJay (small blind) folded on the Turn
Seat 7: Ice-man6446 (big blind) collected ($0.50)
Seat 8: Chimpy111 folded before Flop (didn't bet)
Seat 9: Dorex2007 folded before Flop (didn't bet)



PokerStars Hand #238715025843:  Hold'em No Limit ($0.02/$0.05 USD) - 2022/09/18 14:24:31 PT [2022/09/18 17:24:31 ET]
Table 'Patry II' 9-max Seat #6 is the button
Seat 1: Almanza63 ($8.23 in chips) 
Seat 2: laureano290 ($5.06 in chips) 
Seat 3: Luckman_brz ($5.54 in chips) 
Seat 4: HarrierGR.9 ($4.40 in chips) 
Seat 5: vengeful 7 ($6.25 in chips) 
Seat 6: B00k3rJay ($1.87 in chips) 
Seat 7: Ice-man6446 ($6.45 in chips) 
Seat 8: Chimpy111 ($5.09 in chips) 
Seat 9: Dorex2007 ($5.78 in chips) 
Ice-man6446: posts small blind $0.02
Chimpy111: posts big blind $0.05
*** HOLE CARDS ***
Dealt to Dorex2007 [Ks 5c]
Dorex2007: folds 
Almanza63: folds 
laureano290: folds 
Luckman_brz: folds 
HarrierGR.9: folds 
vengeful 7: raises $0.10 to $0.15
B00k3rJay: calls $0.15
Ice-man6446: calls $0.13
Chimpy111: calls $0.10
*** FLOP *** [7c Qh 4h]
Ice-man6446: checks 
Chimpy111: checks 
vengeful 7: checks 
B00k3rJay: checks 
*** TURN *** [7c Qh 4h] [4c]
Ice-man6446: bets $0.19
Chimpy111: folds 
vengeful 7: calls $0.19
B00k3rJay: folds 
*** RIVER *** [7c Qh 4h 4c] [8d]
Ice-man6446: bets $0.47
vengeful 7: folds 
Uncalled bet ($0.47) returned to Ice-man6446
Ice-man6446 collected $0.94 from pot
*** SUMMARY ***
Total pot $0.98 | Rake $0.04 
Board [7c Qh 4h 4c 8d]
Seat 1: Almanza63 folded before Flop (didn't bet)
Seat 2: laureano290 folded before Flop (didn't bet)
Seat 3: Luckman_brz folded before Flop (didn't bet)
Seat 4: HarrierGR.9 folded before Flop (didn't bet)
Seat 5: vengeful 7 folded on the River
Seat 6: B00k3rJay (button) folded on the Turn
Seat 7: Ice-man6446 (small blind) collected ($0.94)
Seat 8: Chimpy111 (big blind) folded on the Turn
Seat 9: Dorex2007 folded before Flop (didn't bet)



PokerStars Hand #238715051246:  Hold'em No Limit ($0.02/$0.05 USD) - 2022/09/18 14:25:29 PT [2022/09/18 17:25:29 ET]
Table 'Patry II' 9-max Seat #7 is the button
Seat 1: Almanza63 ($8.23 in chips) 
Seat 2: laureano290 ($5.06 in chips) 
Seat 3: Luckman_brz ($5.54 in chips) 
Seat 4: HarrierGR.9 ($4.40 in chips) 
Seat 5: vengeful 7 ($5.91 in chips) 
Seat 6: B00k3rJay ($1.72 in chips) 
Seat 7: Ice-man6446 ($7.05 in chips) 
Seat 8: Chimpy111 ($4.94 in chips) 
Seat 9: Dorex2007 ($5.78 in chips) 
Chimpy111: posts small blind $0.02
Dorex2007: posts big blind $0.05
*** HOLE CARDS ***
Dealt to Dorex2007 [3d 2c]
Almanza63: folds 
laureano290: folds 
Luckman_brz: calls $0.05
HarrierGR.9: folds 
vengeful 7: calls $0.05
B00k3rJay: folds 
Ice-man6446: folds 
Chimpy111: raises $0.20 to $0.25
Dorex2007: folds 
B00k3rJay leaves the table
Luckman_brz: folds 
vengeful 7: folds 
Uncalled bet ($0.20) returned to Chimpy111
Chimpy111 collected $0.20 from pot
*** SUMMARY ***
Total pot $0.20 | Rake $0 
Seat 1: Almanza63 folded before Flop (didn't bet)
Seat 2: laureano290 folded before Flop (didn't bet)
Seat 3: Luckman_brz folded before Flop
Seat 4: HarrierGR.9 folded before Flop (didn't bet)
Seat 5: vengeful 7 folded before Flop
Seat 6: B00k3rJay folded before Flop (didn't bet)
Seat 7: Ice-man6446 (button) folded before Flop (didn't bet)
Seat 8: Chimpy111 (small blind) collected ($0.20)
Seat 9: Dorex2007 (big blind) folded before Flop



PokerStars Hand #238715064576:  Hold'em No Limit ($0.02/$0.05 USD) - 2022/09/18 14:26:00 PT [2022/09/18 17:26:00 ET]
Table 'Patry II' 9-max Seat #8 is the button
Seat 1: Almanza63 ($8.23 in chips) 
Seat 2: laureano290 ($5.06 in chips) 
Seat 3: Luckman_brz ($5.49 in chips) 
Seat 4: HarrierGR.9 ($4.40 in chips) 
Seat 5: vengeful 7 ($5.86 in chips) 
Seat 7: Ice-man6446 ($7.05 in chips) 
Seat 8: Chimpy111 ($5.09 in chips) 
Seat 9: Dorex2007 ($5.73 in chips) 
Dorex2007: posts small blind $0.02
Almanza63: posts big blind $0.05
*** HOLE CARDS ***
Dealt to Dorex2007 [4h 5s]
laureano290: folds 
Luckman_brz: folds 
HarrierGR.9: folds 
SaitamaSensei27 joins the table at seat #6 
vengeful 7: raises $0.10 to $0.15
Ice-man6446: folds 
Chimpy111: folds 
Dorex2007: folds 
Almanza63: calls $0.10
*** FLOP *** [9h Td 6c]
Almanza63: checks 
vengeful 7: bets $0.15
Almanza63: calls $0.15
*** TURN *** [9h Td 6c] [Kd]
Almanza63: bets $0.32
vengeful 7: raises $0.38 to $0.70
Almanza63: calls $0.38
*** RIVER *** [9h Td 6c Kd] [Ah]
Almanza63: checks 
vengeful 7: bets $0.97
Almanza63: folds 
Uncalled bet ($0.97) returned to vengeful 7
vengeful 7 collected $1.94 from pot
vengeful 7: doesn't show hand 
*** SUMMARY ***
Total pot $2.02 | Rake $0.08 
Board [9h Td 6c Kd Ah]
Seat 1: Almanza63 (big blind) folded on the River
Seat 2: laureano290 folded before Flop (didn't bet)
Seat 3: Luckman_brz folded before Flop (didn't bet)
Seat 4: HarrierGR.9 folded before Flop (didn't bet)
Seat 5: vengeful 7 collected ($1.94)
Seat 7: Ice-man6446 folded before Flop (didn't bet)
Seat 8: Chimpy111 (button) folded before Flop (didn't bet)
Seat 9: Dorex2007 (small blind) folded before Flop



PokerStars Hand #238715102442:  Hold'em No Limit ($0.02/$0.05 USD) - 2022/09/18 14:27:26 PT [2022/09/18 17:27:26 ET]
Table 'Patry II' 9-max Seat #9 is the button
Seat 1: Almanza63 ($7.23 in chips) 
Seat 3: Luckman_brz ($5.49 in chips) 
Seat 4: HarrierGR.9 ($4.40 in chips) 
Seat 5: vengeful 7 ($6.80 in chips) 
Seat 7: Ice-man6446 ($7.05 in chips) 
Seat 8: Chimpy111 ($5.09 in chips) 
Seat 9: Dorex2007 ($5.71 in chips) 
Almanza63: posts small blind $0.02
laureano290: is sitting out 
Luckman_brz: posts big blind $0.05
SaitamaSensei27: sits out 
*** HOLE CARDS ***
Dealt to Dorex2007 [5c 7d]
HarrierGR.9: folds 
laureano290 leaves the table
vengeful 7: raises $0.10 to $0.15
Ice-man6446: calls $0.15
Chimpy111: folds 
Dorex2007: folds 
Almanza63: folds 
BlackWinegum joins the table at seat #2 
Luckman_brz: folds 
*** FLOP *** [4h Ks Qh]
vengeful 7: bets $0.17
Ice-man6446: calls $0.17
*** TURN *** [4h Ks Qh] [Th]
vengeful 7: checks 
Ice-man6446: checks 
*** RIVER *** [4h Ks Qh Th] [Kh]
vengeful 7: checks 
Ice-man6446: bets $0.22
vengeful 7: calls $0.22
*** SHOW DOWN ***
Ice-man6446: shows [8d 8h] (a flush, King high)
vengeful 7: shows [Ah Jh] (a Royal Flush)
vengeful 7 collected $1.10 from pot
*** SUMMARY ***
Total pot $1.15 | Rake $0.05 
Board [4h Ks Qh Th Kh]
Seat 1: Almanza63 (small blind) folded before Flop
Seat 3: Luckman_brz (big blind) folded before Flop
Seat 4: HarrierGR.9 folded before Flop (didn't bet)
Seat 5: vengeful 7 showed [Ah Jh] and won ($1.10) with a Royal Flush
Seat 7: Ice-man6446 showed [8d 8h] and lost with a flush, King high
Seat 8: Chimpy111 folded before Flop (didn't bet)
Seat 9: Dorex2007 (button) folded before Flop (didn't bet)



PokerStars Hand #238715122586:  Hold'em No Limit ($0.02/$0.05 USD) - 2022/09/18 14:28:12 PT [2022/09/18 17:28:12 ET]
Table 'Patry II' 9-max Seat #1 is the button
Seat 1: Almanza63 ($7.21 in chips) 
Seat 3: Luckman_brz ($5.44 in chips) 
Seat 4: HarrierGR.9 ($4.40 in chips) 
Seat 5: vengeful 7 ($7.36 in chips) 
Seat 6: SaitamaSensei27 ($5 in chips) 
Seat 7: Ice-man6446 ($6.51 in chips) 
Seat 8: Chimpy111 ($5.09 in chips) 
Seat 9: Dorex2007 ($5.71 in chips) 
Luckman_brz: posts small blind $0.02
HarrierGR.9: posts big blind $0.05
SaitamaSensei27: posts big blind $0.05
*** HOLE CARDS ***
Dealt to Dorex2007 [Jd Kd]
vengeful 7: folds 
SaitamaSensei27: raises $0.05 to $0.10
Ice-man6446: folds 
Chimpy111: folds 
Dorex2007: calls $0.10
Almanza63: folds 
Luckman_brz: folds 
HarrierGR.9: calls $0.05
*** FLOP *** [3s 5c 4s]
HarrierGR.9: checks 
SaitamaSensei27: bets $0.05
Dorex2007: folds 
HarrierGR.9: calls $0.05
*** TURN *** [3s 5c 4s] [9h]
HarrierGR.9: checks 
SaitamaSensei27: bets $0.20
HarrierGR.9: calls $0.20
*** RIVER *** [3s 5c 4s 9h] [Qh]
HarrierGR.9: checks 
SaitamaSensei27: checks 
*** SHOW DOWN ***
HarrierGR.9: shows [8s 8c] (a pair of Eights)
SaitamaSensei27: mucks hand 
HarrierGR.9 collected $0.79 from pot
*** SUMMARY ***
Total pot $0.82 | Rake $0.03 
Board [3s 5c 4s 9h Qh]
Seat 1: Almanza63 (button) folded before Flop (didn't bet)
Seat 3: Luckman_brz (small blind) folded before Flop
Seat 4: HarrierGR.9 (big blind) showed [8s 8c] and won ($0.79) with a pair of Eights
Seat 5: vengeful 7 folded before Flop (didn't bet)
Seat 6: SaitamaSensei27 mucked [Ks Ah]
Seat 7: Ice-man6446 folded before Flop (didn't bet)
Seat 8: Chimpy111 folded before Flop (didn't bet)
Seat 9: Dorex2007 folded on the Flop



PokerStars Hand #238715146750:  Hold'em No Limit ($0.02/$0.05 USD) - 2022/09/18 14:29:07 PT [2022/09/18 17:29:07 ET]
Table 'Patry II' 9-max Seat #3 is the button
Seat 1: Almanza63 ($7.21 in chips) 
Seat 3: Luckman_brz ($5.42 in chips) 
Seat 4: HarrierGR.9 ($4.84 in chips) 
Seat 5: vengeful 7 ($7.36 in chips) 
Seat 6: SaitamaSensei27 ($4.65 in chips) 
Seat 7: Ice-man6446 ($6.51 in chips) 
Seat 8: Chimpy111 ($5.09 in chips) 
Seat 9: Dorex2007 ($5.61 in chips) 
HarrierGR.9: posts small blind $0.02
vengeful 7: posts big blind $0.05
BlackWinegum: sits out 
*** HOLE CARDS ***
Dealt to Dorex2007 [Ts Td]
SaitamaSensei27: calls $0.05
Ice-man6446: calls $0.05
Chimpy111: folds 
Dorex2007: calls $0.05
Almanza63: raises $0.28 to $0.33
Luckman_brz: folds 
HarrierGR.9: folds 
vengeful 7: folds 
SaitamaSensei27: calls $0.28
Ice-man6446: folds 
Dorex2007: calls $0.28
*** FLOP *** [4h 6c 5c]
SaitamaSensei27: checks 
Dorex2007: bets $1.06
Almanza63: folds 
SaitamaSensei27: calls $1.06
*** TURN *** [4h 6c 5c] [8s]
SaitamaSensei27: bets $0.40
Dorex2007: calls $0.40
*** RIVER *** [4h 6c 5c 8s] [8d]
SaitamaSensei27: checks 
Dorex2007: checks 
*** SHOW DOWN ***
SaitamaSensei27: shows [Ad 3s] (a pair of Eights)
Dorex2007: shows [Ts Td] (two pair, Tens and Eights)
Dorex2007 collected $3.86 from pot
*** SUMMARY ***
Total pot $4.03 | Rake $0.17 
Board [4h 6c 5c 8s 8d]
Seat 1: Almanza63 folded on the Flop
Seat 3: Luckman_brz (button) folded before Flop (didn't bet)
Seat 4: HarrierGR.9 (small blind) folded before Flop
Seat 5: vengeful 7 (big blind) folded before Flop
Seat 6: SaitamaSensei27 showed [Ad 3s] and lost with a pair of Eights
Seat 7: Ice-man6446 folded before Flop
Seat 8: Chimpy111 folded before Flop (didn't bet)
Seat 9: Dorex2007 showed [Ts Td] and won ($3.86) with two pair, Tens and Eights



PokerStars Hand #238715182420:  Hold'em No Limit ($0.02/$0.05 USD) - 2022/09/18 14:30:28 PT [2022/09/18 17:30:28 ET]
Table 'Patry II' 9-max Seat #4 is the button
Seat 1: Almanza63 ($6.88 in chips) 
Seat 3: Luckman_brz ($5.42 in chips) 
Seat 4: HarrierGR.9 ($4.82 in chips) 
Seat 5: vengeful 7 ($7.31 in chips) 
Seat 6: SaitamaSensei27 ($2.86 in chips) 
Seat 7: Ice-man6446 ($6.46 in chips) 
Seat 8: Chimpy111 ($5.09 in chips) 
Seat 9: Dorex2007 ($7.68 in chips) 
vengeful 7: posts small blind $0.02
SaitamaSensei27: posts big blind $0.05
BlackWinegum: sits out 
*** HOLE CARDS ***
Dealt to Dorex2007 [Ah 9c]
Ice-man6446: folds 
Chimpy111: folds 
Dorex2007: folds 
Almanza63: folds 
Luckman_brz: folds 
HarrierGR.9: folds 
vengeful 7: raises $0.10 to $0.15
SaitamaSensei27: calls $0.10
*** FLOP *** [Qd 3s Qc]
vengeful 7: bets $0.14
SaitamaSensei27: calls $0.14
*** TURN *** [Qd 3s Qc] [Td]
vengeful 7: checks 
SaitamaSensei27: bets $0.30
vengeful 7: calls $0.30
*** RIVER *** [Qd 3s Qc Td] [3c]
vengeful 7: checks 
SaitamaSensei27: bets $1.05
vengeful 7: calls $1.05
*** SHOW DOWN ***
SaitamaSensei27: shows [Kh Th] (two pair, Queens and Tens)
vengeful 7: mucks hand 
SaitamaSensei27 collected $3.14 from pot
*** SUMMARY ***
Total pot $3.28 | Rake $0.14 
Board [Qd 3s Qc Td 3c]
Seat 1: Almanza63 folded before Flop (didn't bet)
Seat 3: Luckman_brz folded before Flop (didn't bet)
Seat 4: HarrierGR.9 (button) folded before Flop (didn't bet)
Seat 5: vengeful 7 (small blind) mucked [Jd As]
Seat 6: SaitamaSensei27 (big blind) showed [Kh Th] and won ($3.14) with two pair, Queens and Tens
Seat 7: Ice-man6446 folded before Flop (didn't bet)
Seat 8: Chimpy111 folded before Flop (didn't bet)
Seat 9: Dorex2007 folded before Flop (didn't bet)



PokerStars Hand #238715202235:  Hold'em No Limit ($0.02/$0.05 USD) - 2022/09/18 14:31:14 PT [2022/09/18 17:31:14 ET]
Table 'Patry II' 9-max Seat #5 is the button
Seat 1: Almanza63 ($6.88 in chips) 
Seat 3: Luckman_brz ($5.42 in chips) 
Seat 4: HarrierGR.9 ($4.82 in chips) 
Seat 5: vengeful 7 ($5.67 in chips) 
Seat 6: SaitamaSensei27 ($4.36 in chips) 
Seat 7: Ice-man6446 ($6.46 in chips) 
Seat 8: Chimpy111 ($5.09 in chips) 
Seat 9: Dorex2007 ($7.68 in chips) 
SaitamaSensei27: posts small blind $0.02
Ice-man6446: posts big blind $0.05
BlackWinegum: sits out 
*** HOLE CARDS ***
Dealt to Dorex2007 [5d Js]
Chimpy111 has timed out
Chimpy111: folds 
Dorex2007: folds 
Almanza63: folds 
Luckman_brz: folds 
HarrierGR.9: folds 
vengeful 7: folds 
SaitamaSensei27: calls $0.03
Ice-man6446: checks 
*** FLOP *** [Ad 4d 3h]
SaitamaSensei27: bets $0.05
Ice-man6446: folds 
Uncalled bet ($0.05) returned to SaitamaSensei27
SaitamaSensei27 collected $0.10 from pot
*** SUMMARY ***
Total pot $0.10 | Rake $0 
Board [Ad 4d 3h]
Seat 1: Almanza63 folded before Flop (didn't bet)
Seat 3: Luckman_brz folded before Flop (didn't bet)
Seat 4: HarrierGR.9 folded before Flop (didn't bet)
Seat 5: vengeful 7 (button) folded before Flop (didn't bet)
Seat 6: SaitamaSensei27 (small blind) collected ($0.10)
Seat 7: Ice-man6446 (big blind) folded on the Flop
Seat 8: Chimpy111 folded before Flop (didn't bet)
Seat 9: Dorex2007 folded before Flop (didn't bet)



PokerStars Hand #238715216830:  Hold'em No Limit ($0.02/$0.05 USD) - 2022/09/18 14:31:47 PT [2022/09/18 17:31:47 ET]
Table 'Patry II' 9-max Seat #6 is the button
Seat 1: Almanza63 ($6.88 in chips) 
Seat 3: Luckman_brz ($5.42 in chips) 
Seat 4: HarrierGR.9 ($4.82 in chips) 
Seat 5: vengeful 7 ($5.67 in chips) 
Seat 6: SaitamaSensei27 ($4.41 in chips) 
Seat 7: Ice-man6446 ($6.41 in chips) 
Seat 9: Dorex2007 ($7.68 in chips) 
Ice-man6446: posts small blind $0.02
Dorex2007: posts big blind $0.05
BlackWinegum: sits out 
*** HOLE CARDS ***
Dealt to Dorex2007 [5h Ah]
Almanza63: folds 
Luckman_brz: calls $0.05
HarrierGR.9: calls $0.05
vengeful 7: folds 
SaitamaSensei27: calls $0.05
Ice-man6446: folds 
Dorex2007: checks 
*** FLOP *** [4h 9c 3d]
Dorex2007: checks 
Luckman_brz: checks 
HarrierGR.9: checks 
SaitamaSensei27: bets $0.35
Dorex2007: calls $0.35
Luckman_brz: folds 
HarrierGR.9: folds 
*** TURN *** [4h 9c 3d] [9s]
Dorex2007: checks 
SaitamaSensei27: bets $0.45
Dorex2007: folds 
Uncalled bet ($0.45) returned to SaitamaSensei27
SaitamaSensei27 collected $0.88 from pot
*** SUMMARY ***
Total pot $0.92 | Rake $0.04 
Board [4h 9c 3d 9s]
Seat 1: Almanza63 folded before Flop (didn't bet)
Seat 3: Luckman_brz folded on the Flop
Seat 4: HarrierGR.9 folded on the Flop
Seat 5: vengeful 7 folded before Flop (didn't bet)
Seat 6: SaitamaSensei27 (button) collected ($0.88)
Seat 7: Ice-man6446 (small blind) folded before Flop
Seat 9: Dorex2007 (big blind) folded on the Turn



PokerStars Hand #238715254536:  Hold'em No Limit ($0.02/$0.05 USD) - 2022/09/18 14:33:14 PT [2022/09/18 17:33:14 ET]
Table 'Patry II' 9-max Seat #7 is the button
Seat 1: Almanza63 ($6.88 in chips) 
Seat 3: Luckman_brz ($5.37 in chips) 
Seat 4: HarrierGR.9 ($4.77 in chips) 
Seat 5: vengeful 7 ($5.67 in chips) 
Seat 6: SaitamaSensei27 ($4.89 in chips) 
Seat 7: Ice-man6446 ($6.39 in chips) 
Seat 9: Dorex2007 ($7.28 in chips) 
Dorex2007: posts small blind $0.02
Almanza63: posts big blind $0.05
BlackWinegum: sits out 
*** HOLE CARDS ***
Dealt to Dorex2007 [As 2c]
Luckman_brz: folds 
HarrierGR.9: folds 
vengeful 7: folds 
SaitamaSensei27: calls $0.05
Ice-man6446: folds 
Dorex2007: folds 
Almanza63: checks 
*** FLOP *** [Js 2d Ad]
Almanza63: checks 
SaitamaSensei27: checks 
*** TURN *** [Js 2d Ad] [7h]
Almanza63: checks 
SaitamaSensei27: bets $0.40
Almanza63: folds 
Uncalled bet ($0.40) returned to SaitamaSensei27
SaitamaSensei27 collected $0.12 from pot
*** SUMMARY ***
Total pot $0.12 | Rake $0 
Board [Js 2d Ad 7h]
Seat 1: Almanza63 (big blind) folded on the Turn
Seat 3: Luckman_brz folded before Flop (didn't bet)
Seat 4: HarrierGR.9 folded before Flop (didn't bet)
Seat 5: vengeful 7 folded before Flop (didn't bet)
Seat 6: SaitamaSensei27 collected ($0.12)
Seat 7: Ice-man6446 (button) folded before Flop (didn't bet)
Seat 9: Dorex2007 (small blind) folded before Flop



PokerStars Hand #238715268446:  Hold'em No Limit ($0.02/$0.05 USD) - 2022/09/18 14:33:46 PT [2022/09/18 17:33:46 ET]
Table 'Patry II' 9-max Seat #9 is the button
Seat 1: Almanza63 ($6.83 in chips) 
Seat 2: BlackWinegum ($5 in chips) 
Seat 3: Luckman_brz ($5.37 in chips) 
Seat 4: HarrierGR.9 ($4.77 in chips) 
Seat 5: vengeful 7 ($5.67 in chips) 
Seat 6: SaitamaSensei27 ($4.96 in chips) 
Seat 7: Ice-man6446 ($6.39 in chips) 
Seat 8: Chimpy111 ($5.09 in chips) 
Seat 9: Dorex2007 ($7.26 in chips) 
Almanza63: posts small blind $0.02
BlackWinegum: posts big blind $0.05
Chimpy111: posts small & big blinds $0.07
*** HOLE CARDS ***
Dealt to Dorex2007 [Th Js]
Luckman_brz: folds 
HarrierGR.9: folds 
vengeful 7: folds 
SaitamaSensei27: calls $0.05
Ice-man6446 has timed out
Ice-man6446: folds 
Chimpy111: raises $0.15 to $0.20
Dorex2007: calls $0.20
Almanza63: folds 
BlackWinegum: folds 
SaitamaSensei27: calls $0.15
*** FLOP *** [3h Ac 3c]
SaitamaSensei27: checks 
Chimpy111: bets $0.35
Dorex2007: folds 
SaitamaSensei27: folds 
Uncalled bet ($0.35) returned to Chimpy111
Chimpy111 collected $0.66 from pot
*** SUMMARY ***
Total pot $0.69 | Rake $0.03 
Board [3h Ac 3c]
Seat 1: Almanza63 (small blind) folded before Flop
Seat 2: BlackWinegum (big blind) folded before Flop
Seat 3: Luckman_brz folded before Flop (didn't bet)
Seat 4: HarrierGR.9 folded before Flop (didn't bet)
Seat 5: vengeful 7 folded before Flop (didn't bet)
Seat 6: SaitamaSensei27 folded on the Flop
Seat 7: Ice-man6446 folded before Flop (didn't bet)
Seat 8: Chimpy111 collected ($0.66)
Seat 9: Dorex2007 (button) folded on the Flop



PokerStars Hand #238715291927:  Hold'em No Limit ($0.02/$0.05 USD) - 2022/09/18 14:34:40 PT [2022/09/18 17:34:40 ET]
Table 'Patry II' 9-max Seat #1 is the button
Seat 1: Almanza63 ($6.81 in chips) 
Seat 2: BlackWinegum ($4.95 in chips) 
Seat 3: Luckman_brz ($5.37 in chips) 
Seat 4: HarrierGR.9 ($4.77 in chips) 
Seat 5: vengeful 7 ($5.67 in chips) 
Seat 6: SaitamaSensei27 ($4.76 in chips) 
Seat 7: Ice-man6446 ($6.39 in chips) 
Seat 8: Chimpy111 ($5.53 in chips) 
Seat 9: Dorex2007 ($7.06 in chips) 
BlackWinegum: posts small blind $0.02
Luckman_brz: posts big blind $0.05
*** HOLE CARDS ***
Dealt to Dorex2007 [5s Qc]
HarrierGR.9: folds 
vengeful 7: raises $0.10 to $0.15
SaitamaSensei27: calls $0.15
Ice-man6446: folds 
Chimpy111: folds 
Dorex2007: folds 
Almanza63: folds 
BlackWinegum: folds 
Luckman_brz: folds 
*** FLOP *** [As 7s 4c]
vengeful 7: checks 
SaitamaSensei27: bets $0.35
vengeful 7: folds 
Uncalled bet ($0.35) returned to SaitamaSensei27
SaitamaSensei27 collected $0.35 from pot
*** SUMMARY ***
Total pot $0.37 | Rake $0.02 
Board [As 7s 4c]
Seat 1: Almanza63 (button) folded before Flop (didn't bet)
Seat 2: BlackWinegum (small blind) folded before Flop
Seat 3: Luckman_brz (big blind) folded before Flop
Seat 4: HarrierGR.9 folded before Flop (didn't bet)
Seat 5: vengeful 7 folded on the Flop
Seat 6: SaitamaSensei27 collected ($0.35)
Seat 7: Ice-man6446 folded before Flop (didn't bet)
Seat 8: Chimpy111 folded before Flop (didn't bet)
Seat 9: Dorex2007 folded before Flop (didn't bet)



PokerStars Hand #238715317962:  Hold'em No Limit ($0.02/$0.05 USD) - 2022/09/18 14:35:41 PT [2022/09/18 17:35:41 ET]
Table 'Patry II' 9-max Seat #2 is the button
Seat 1: Almanza63 ($6.81 in chips) 
Seat 2: BlackWinegum ($4.93 in chips) 
Seat 3: Luckman_brz ($5.32 in chips) 
Seat 4: HarrierGR.9 ($4.77 in chips) 
Seat 5: vengeful 7 ($5.52 in chips) 
Seat 6: SaitamaSensei27 ($4.96 in chips) 
Seat 7: Ice-man6446 ($6.39 in chips) 
Seat 8: Chimpy111 ($5.53 in chips) 
Seat 9: Dorex2007 ($7.06 in chips) 
Luckman_brz: posts small blind $0.02
HarrierGR.9: posts big blind $0.05
*** HOLE CARDS ***
Dealt to Dorex2007 [Jc Th]
vengeful 7: folds 
SaitamaSensei27: folds 
Ice-man6446: folds 
Chimpy111: folds 
Dorex2007: folds 
Almanza63: folds 
BlackWinegum: folds 
Luckman_brz: folds 
Uncalled bet ($0.03) returned to HarrierGR.9
HarrierGR.9 collected $0.04 from pot
HarrierGR.9: doesn't show hand 
*** SUMMARY ***
Total pot $0.04 | Rake $0 
Seat 1: Almanza63 folded before Flop (didn't bet)
Seat 2: BlackWinegum (button) folded before Flop (didn't bet)
Seat 3: Luckman_brz (small blind) folded before Flop
Seat 4: HarrierGR.9 (big blind) collected ($0.04)
Seat 5: vengeful 7 folded before Flop (didn't bet)
Seat 6: SaitamaSensei27 folded before Flop (didn't bet)
Seat 7: Ice-man6446 folded before Flop (didn't bet)
Seat 8: Chimpy111 folded before Flop (didn't bet)
Seat 9: Dorex2007 folded before Flop (didn't bet)



PokerStars Hand #238715326543:  Hold'em No Limit ($0.02/$0.05 USD) - 2022/09/18 14:36:00 PT [2022/09/18 17:36:00 ET]
Table 'Patry II' 9-max Seat #3 is the button
Seat 1: Almanza63 ($6.81 in chips) 
Seat 2: BlackWinegum ($4.93 in chips) 
Seat 3: Luckman_brz ($5.30 in chips) 
Seat 4: HarrierGR.9 ($4.79 in chips) 
Seat 5: vengeful 7 ($5.52 in chips) 
Seat 6: SaitamaSensei27 ($4.96 in chips) 
Seat 7: Ice-man6446 ($6.39 in chips) 
Seat 8: Chimpy111 ($5.53 in chips) 
Seat 9: Dorex2007 ($7.06 in chips) 
HarrierGR.9: posts small blind $0.02
vengeful 7: posts big blind $0.05
*** HOLE CARDS ***
Dealt to Dorex2007 [8h Kc]
SaitamaSensei27: calls $0.05
Ice-man6446: raises $0.07 to $0.12
Chimpy111: folds 
Dorex2007: folds 
Almanza63: folds 
BlackWinegum: calls $0.12
Luckman_brz: folds 
HarrierGR.9: folds 
vengeful 7: calls $0.07
SaitamaSensei27: calls $0.07
*** FLOP *** [As 4h Th]
vengeful 7: checks 
SaitamaSensei27: bets $0.35
Ice-man6446: folds 
BlackWinegum: calls $0.35
vengeful 7: folds 
*** TURN *** [As 4h Th] [8d]
SaitamaSensei27: bets $0.45
BlackWinegum: folds 
Uncalled bet ($0.45) returned to SaitamaSensei27
SaitamaSensei27 collected $1.15 from pot
*** SUMMARY ***
Total pot $1.20 | Rake $0.05 
Board [As 4h Th 8d]
Seat 1: Almanza63 folded before Flop (didn't bet)
Seat 2: BlackWinegum folded on the Turn
Seat 3: Luckman_brz (button) folded before Flop (didn't bet)
Seat 4: HarrierGR.9 (small blind) folded before Flop
Seat 5: vengeful 7 (big blind) folded on the Flop
Seat 6: SaitamaSensei27 collected ($1.15)
Seat 7: Ice-man6446 folded on the Flop
Seat 8: Chimpy111 folded before Flop (didn't bet)
Seat 9: Dorex2007 folded before Flop (didn't bet)



PokerStars Hand #238715347753:  Hold'em No Limit ($0.02/$0.05 USD) - 2022/09/18 14:36:49 PT [2022/09/18 17:36:49 ET]
Table 'Patry II' 9-max Seat #4 is the button
Seat 1: Almanza63 ($6.81 in chips) 
Seat 2: BlackWinegum ($4.46 in chips) 
Seat 3: Luckman_brz ($5.30 in chips) 
Seat 4: HarrierGR.9 ($4.77 in chips) 
Seat 5: vengeful 7 ($5.40 in chips) 
Seat 6: SaitamaSensei27 ($5.64 in chips) 
Seat 7: Ice-man6446 ($6.27 in chips) 
Seat 8: Chimpy111 ($5.53 in chips) 
Seat 9: Dorex2007 ($7.06 in chips) 
vengeful 7: posts small blind $0.02
SaitamaSensei27: posts big blind $0.05
*** HOLE CARDS ***
Dealt to Dorex2007 [2s Jc]
Ice-man6446: raises $0.07 to $0.12
Chimpy111: folds 
Dorex2007: folds 
Almanza63: folds 
BlackWinegum: raises $0.43 to $0.55
Luckman_brz: folds 
HarrierGR.9: folds 
vengeful 7: folds 
SaitamaSensei27: folds 
Ice-man6446: folds 
Uncalled bet ($0.43) returned to BlackWinegum
BlackWinegum collected $0.31 from pot
BlackWinegum: doesn't show hand 
*** SUMMARY ***
Total pot $0.31 | Rake $0 
Seat 1: Almanza63 folded before Flop (didn't bet)
Seat 2: BlackWinegum collected ($0.31)
Seat 3: Luckman_brz folded before Flop (didn't bet)
Seat 4: HarrierGR.9 (button) folded before Flop (didn't bet)
Seat 5: vengeful 7 (small blind) folded before Flop
Seat 6: SaitamaSensei27 (big blind) folded before Flop
Seat 7: Ice-man6446 folded before Flop
Seat 8: Chimpy111 folded before Flop (didn't bet)
Seat 9: Dorex2007 folded before Flop (didn't bet)



PokerStars Hand #238715356118:  Hold'em No Limit ($0.02/$0.05 USD) - 2022/09/18 14:37:09 PT [2022/09/18 17:37:09 ET]
Table 'Patry II' 9-max Seat #5 is the button
Seat 1: Almanza63 ($6.81 in chips) 
Seat 2: BlackWinegum ($4.65 in chips) 
Seat 3: Luckman_brz ($5.30 in chips) 
Seat 4: HarrierGR.9 ($4.77 in chips) 
Seat 5: vengeful 7 ($5.38 in chips) 
Seat 6: SaitamaSensei27 ($5.59 in chips) 
Seat 7: Ice-man6446 ($6.15 in chips) 
Seat 8: Chimpy111 ($5.53 in chips) 
Seat 9: Dorex2007 ($7.06 in chips) 
SaitamaSensei27: posts small blind $0.02
Ice-man6446: posts big blind $0.05
*** HOLE CARDS ***
Dealt to Dorex2007 [Jd 8s]
Chimpy111: raises $0.10 to $0.15
Dorex2007: folds 
Almanza63: folds 
BlackWinegum: folds 
Luckman_brz: folds 
HarrierGR.9: folds 
vengeful 7: folds 
SaitamaSensei27: calls $0.13
Ice-man6446: folds 
*** FLOP *** [9c 2s Kd]
SaitamaSensei27: bets $0.05
Chimpy111: calls $0.05
*** TURN *** [9c 2s Kd] [3d]
SaitamaSensei27: bets $0.45
Chimpy111: folds 
Uncalled bet ($0.45) returned to SaitamaSensei27
SaitamaSensei27 collected $0.43 from pot
*** SUMMARY ***
Total pot $0.45 | Rake $0.02 
Board [9c 2s Kd 3d]
Seat 1: Almanza63 folded before Flop (didn't bet)
Seat 2: BlackWinegum folded before Flop (didn't bet)
Seat 3: Luckman_brz folded before Flop (didn't bet)
Seat 4: HarrierGR.9 folded before Flop (didn't bet)
Seat 5: vengeful 7 (button) folded before Flop (didn't bet)
Seat 6: SaitamaSensei27 (small blind) collected ($0.43)
Seat 7: Ice-man6446 (big blind) folded before Flop
Seat 8: Chimpy111 folded on the Turn
Seat 9: Dorex2007 folded before Flop (didn't bet)



PokerStars Hand #238715373888:  Hold'em No Limit ($0.02/$0.05 USD) - 2022/09/18 14:37:50 PT [2022/09/18 17:37:50 ET]
Table 'Patry II' 9-max Seat #6 is the button
Seat 1: Almanza63 ($6.81 in chips) 
Seat 2: BlackWinegum ($4.65 in chips) 
Seat 3: Luckman_brz ($5.30 in chips) 
Seat 4: HarrierGR.9 ($4.77 in chips) 
Seat 5: vengeful 7 ($5.38 in chips) 
Seat 6: SaitamaSensei27 ($5.82 in chips) 
Seat 7: Ice-man6446 ($6.10 in chips) 
Seat 8: Chimpy111 ($5.33 in chips) 
Seat 9: Dorex2007 ($7.06 in chips) 
Ice-man6446: posts small blind $0.02
Chimpy111: posts big blind $0.05
*** HOLE CARDS ***
Dealt to Dorex2007 [3d Kc]
Dorex2007: folds 
Almanza63: folds 
BlackWinegum: folds 
Luckman_brz: folds 
HarrierGR.9: folds 
vengeful 7: folds 
SaitamaSensei27: calls $0.05
Ice-man6446: calls $0.03
Chimpy111: checks 
*** FLOP *** [6s 5d 2d]
Ice-man6446: checks 
Chimpy111: checks 
SaitamaSensei27: checks 
*** TURN *** [6s 5d 2d] [2h]
Ice-man6446: checks 
Chimpy111: checks 
SaitamaSensei27: bets $0.05
Ice-man6446: folds 
Chimpy111: folds 
Uncalled bet ($0.05) returned to SaitamaSensei27
SaitamaSensei27 collected $0.14 from pot
*** SUMMARY ***
Total pot $0.15 | Rake $0.01 
Board [6s 5d 2d 2h]
Seat 1: Almanza63 folded before Flop (didn't bet)
Seat 2: BlackWinegum folded before Flop (didn't bet)
Seat 3: Luckman_brz folded before Flop (didn't bet)
Seat 4: HarrierGR.9 folded before Flop (didn't bet)
Seat 5: vengeful 7 folded before Flop (didn't bet)
Seat 6: SaitamaSensei27 (button) collected ($0.14)
Seat 7: Ice-man6446 (small blind) folded on the Turn
Seat 8: Chimpy111 (big blind) folded on the Turn
Seat 9: Dorex2007 folded before Flop (didn't bet)



PokerStars Hand #238715397282:  Hold'em No Limit ($0.02/$0.05 USD) - 2022/09/18 14:38:44 PT [2022/09/18 17:38:44 ET]
Table 'Patry II' 9-max Seat #7 is the button
Seat 1: Almanza63 ($6.81 in chips) 
Seat 2: BlackWinegum ($4.65 in chips) 
Seat 3: Luckman_brz ($5.30 in chips) 
Seat 4: HarrierGR.9 ($4.77 in chips) 
Seat 5: vengeful 7 ($5.38 in chips) 
Seat 6: SaitamaSensei27 ($5.91 in chips) 
Seat 7: Ice-man6446 ($6.05 in chips) 
Seat 8: Chimpy111 ($5.28 in chips) 
Seat 9: Dorex2007 ($7.06 in chips) 
Chimpy111: posts small blind $0.02
Dorex2007: posts big blind $0.05
*** HOLE CARDS ***
Dealt to Dorex2007 [Ks 4d]
Almanza63: folds 
BlackWinegum: folds 
Luckman_brz: calls $0.05
HarrierGR.9: folds 
vengeful 7: calls $0.05
SaitamaSensei27: calls $0.05
Ice-man6446: calls $0.05
Chimpy111: folds 
Dorex2007: checks 
*** FLOP *** [3h 7h 2c]
Dorex2007: checks 
Luckman_brz: checks 
vengeful 7: bets $0.13
SaitamaSensei27: folds 
Ice-man6446: raises $0.23 to $0.36
Dorex2007: folds 
Luckman_brz: folds 
vengeful 7: folds 
Uncalled bet ($0.23) returned to Ice-man6446
Ice-man6446 collected $0.51 from pot
*** SUMMARY ***
Total pot $0.53 | Rake $0.02 
Board [3h 7h 2c]
Seat 1: Almanza63 folded before Flop (didn't bet)
Seat 2: BlackWinegum folded before Flop (didn't bet)
Seat 3: Luckman_brz folded on the Flop
Seat 4: HarrierGR.9 folded before Flop (didn't bet)
Seat 5: vengeful 7 folded on the Flop
Seat 6: SaitamaSensei27 folded on the Flop
Seat 7: Ice-man6446 (button) collected ($0.51)
Seat 8: Chimpy111 (small blind) folded before Flop
Seat 9: Dorex2007 (big blind) folded on the Flop



PokerStars Hand #238715425192:  Hold'em No Limit ($0.02/$0.05 USD) - 2022/09/18 14:39:49 PT [2022/09/18 17:39:49 ET]
Table 'Patry II' 9-max Seat #8 is the button
Seat 1: Almanza63 ($6.81 in chips) 
Seat 2: BlackWinegum ($4.65 in chips) 
Seat 3: Luckman_brz ($5.25 in chips) 
Seat 4: HarrierGR.9 ($4.77 in chips) 
Seat 5: vengeful 7 ($5.20 in chips) 
Seat 6: SaitamaSensei27 ($5.86 in chips) 
Seat 7: Ice-man6446 ($6.38 in chips) 
Seat 8: Chimpy111 ($5.26 in chips) 
Seat 9: Dorex2007 ($7.01 in chips) 
Dorex2007: posts small blind $0.02
Almanza63: posts big blind $0.05
*** HOLE CARDS ***
Dealt to Dorex2007 [Kh Jd]
BlackWinegum: folds 
Luckman_brz: folds 
HarrierGR.9: calls $0.05
vengeful 7: folds 
SaitamaSensei27: calls $0.05
Ice-man6446: folds 
Chimpy111: folds 
Dorex2007: calls $0.03
Almanza63: checks 
*** FLOP *** [2c Ks Js]
Dorex2007: checks 
Almanza63: checks 
HarrierGR.9: checks 
SaitamaSensei27: checks 
*** TURN *** [2c Ks Js] [7c]
Dorex2007: bets $0.19
Almanza63: calls $0.19
HarrierGR.9: calls $0.19
SaitamaSensei27: folds 
*** RIVER *** [2c Ks Js 7c] [5c]
Dorex2007: bets $0.37
Almanza63: folds 
HarrierGR.9: folds 
Uncalled bet ($0.37) returned to Dorex2007
Dorex2007 collected $0.74 from pot
Dorex2007: doesn't show hand 
*** SUMMARY ***
Total pot $0.77 | Rake $0.03 
Board [2c Ks Js 7c 5c]
Seat 1: Almanza63 (big blind) folded on the River
Seat 2: BlackWinegum folded before Flop (didn't bet)
Seat 3: Luckman_brz folded before Flop (didn't bet)
Seat 4: HarrierGR.9 folded on the River
Seat 5: vengeful 7 folded before Flop (didn't bet)
Seat 6: SaitamaSensei27 folded on the Turn
Seat 7: Ice-man6446 folded before Flop (didn't bet)
Seat 8: Chimpy111 (button) folded before Flop (didn't bet)
Seat 9: Dorex2007 (small blind) collected ($0.74)



PokerStars Hand #238715449159:  Hold'em No Limit ($0.02/$0.05 USD) - 2022/09/18 14:40:45 PT [2022/09/18 17:40:45 ET]
Table 'Patry II' 9-max Seat #9 is the button
Seat 1: Almanza63 ($6.57 in chips) 
Seat 2: BlackWinegum ($4.65 in chips) 
Seat 3: Luckman_brz ($5.25 in chips) 
Seat 4: HarrierGR.9 ($4.53 in chips) 
Seat 5: vengeful 7 ($5.20 in chips) 
Seat 6: SaitamaSensei27 ($5.81 in chips) 
Seat 7: Ice-man6446 ($6.38 in chips) 
Seat 8: Chimpy111 ($5.26 in chips) 
Seat 9: Dorex2007 ($7.51 in chips) 
Almanza63: posts small blind $0.02
BlackWinegum: posts big blind $0.05
*** HOLE CARDS ***
Dealt to Dorex2007 [6d 4d]
Luckman_brz: folds 
HarrierGR.9: folds 
vengeful 7: raises $0.05 to $0.10
SaitamaSensei27: folds 
Luckman_brz leaves the table
Ice-man6446: folds 
Chimpy111: raises $0.32 to $0.42
Dorex2007: folds 
Almanza63: folds 
BlackWinegum: folds 
vengeful 7: folds 
Uncalled bet ($0.32) returned to Chimpy111
Chimpy111 collected $0.27 from pot
*** SUMMARY ***
Total pot $0.27 | Rake $0 
Seat 1: Almanza63 (small blind) folded before Flop
Seat 2: BlackWinegum (big blind) folded before Flop
Seat 3: Luckman_brz folded before Flop (didn't bet)
Seat 4: HarrierGR.9 folded before Flop (didn't bet)
Seat 5: vengeful 7 folded before Flop
Seat 6: SaitamaSensei27 folded before Flop (didn't bet)
Seat 7: Ice-man6446 folded before Flop (didn't bet)
Seat 8: Chimpy111 collected ($0.27)
Seat 9: Dorex2007 (button) folded before Flop (didn't bet)



PokerStars Hand #238715463643:  Hold'em No Limit ($0.02/$0.05 USD) - 2022/09/18 14:41:19 PT [2022/09/18 17:41:19 ET]
Table 'Patry II' 9-max Seat #1 is the button
Seat 1: Almanza63 ($6.55 in chips) 
Seat 2: BlackWinegum ($4.60 in chips) 
Seat 4: HarrierGR.9 ($4.53 in chips) 
Seat 5: vengeful 7 ($5.10 in chips) 
Seat 6: SaitamaSensei27 ($5.81 in chips) 
Seat 7: Ice-man6446 ($6.38 in chips) 
Seat 8: Chimpy111 ($5.43 in chips) 
Seat 9: Dorex2007 ($7.51 in chips) 
BlackWinegum: posts small blind $0.02
HarrierGR.9: posts big blind $0.05
*** HOLE CARDS ***
Dealt to Dorex2007 [7s 9s]
vengeful 7: folds 
SaitamaSensei27: calls $0.05
Ice-man6446: folds 
Chimpy111: folds 
Dorex2007: folds 
Almanza63: folds 
BlackWinegum: folds 
HarrierGR.9: checks 
*** FLOP *** [9c 8d 3c]
HarrierGR.9: checks 
SaitamaSensei27: checks 
*** TURN *** [9c 8d 3c] [2c]
HarrierGR.9: checks 
SaitamaSensei27: bets $0.05
HarrierGR.9: folds 
Uncalled bet ($0.05) returned to SaitamaSensei27
SaitamaSensei27 collected $0.12 from pot
*** SUMMARY ***
Total pot $0.12 | Rake $0 
Board [9c 8d 3c 2c]
Seat 1: Almanza63 (button) folded before Flop (didn't bet)
Seat 2: BlackWinegum (small blind) folded before Flop
Seat 4: HarrierGR.9 (big blind) folded on the Turn
Seat 5: vengeful 7 folded before Flop (didn't bet)
Seat 6: SaitamaSensei27 collected ($0.12)
Seat 7: Ice-man6446 folded before Flop (didn't bet)
Seat 8: Chimpy111 folded before Flop (didn't bet)
Seat 9: Dorex2007 folded before Flop (didn't bet)



PokerStars Hand #238715481036:  Hold'em No Limit ($0.02/$0.05 USD) - 2022/09/18 14:42:01 PT [2022/09/18 17:42:01 ET]
Table 'Patry II' 9-max Seat #2 is the button
Seat 1: Almanza63 ($6.55 in chips) 
Seat 2: BlackWinegum ($4.58 in chips) 
Seat 4: HarrierGR.9 ($4.48 in chips) 
Seat 5: vengeful 7 ($5.10 in chips) 
Seat 6: SaitamaSensei27 ($5.88 in chips) 
Seat 7: Ice-man6446 ($6.38 in chips) 
Seat 8: Chimpy111 ($5.43 in chips) 
Seat 9: Dorex2007 ($7.51 in chips) 
HarrierGR.9: posts small blind $0.02
vengeful 7: posts big blind $0.05
*** HOLE CARDS ***
Dealt to Dorex2007 [Qh Qd]
SaitamaSensei27: calls $0.05
Ice-man6446: folds 
Chimpy111: folds 
Dorex2007: raises $0.10 to $0.15
Almanza63: folds 
BlackWinegum: folds 
HarrierGR.9: calls $0.13
vengeful 7: folds 
SaitamaSensei27: calls $0.10
*** FLOP *** [4h 6h Js]
HarrierGR.9: checks 
SaitamaSensei27: checks 
Dorex2007: bets $7.36 and is all-in
HarrierGR.9: calls $4.33 and is all-in
SaitamaSensei27: folds 
Uncalled bet ($3.03) returned to Dorex2007
*** TURN *** [4h 6h Js] [3s]
easymeka joins the table at seat #3 
*** RIVER *** [4h 6h Js 3s] [9d]
*** SHOW DOWN ***
HarrierGR.9: shows [7d 8d] (high card Jack)
Dorex2007: shows [Qh Qd] (a pair of Queens)
Dorex2007 collected $8.78 from pot
HarrierGR.9 cashed out the hand for $1.67 | Cash Out Fee $0.02
*** SUMMARY ***
Total pot $9.16 | Rake $0.38 
Board [4h 6h Js 3s 9d]
Seat 1: Almanza63 folded before Flop (didn't bet)
Seat 2: BlackWinegum (button) folded before Flop (didn't bet)
Seat 4: HarrierGR.9 (small blind) showed [7d 8d] and lost with high card Jack (cashed out).
Seat 5: vengeful 7 (big blind) folded before Flop
Seat 6: SaitamaSensei27 folded on the Flop
Seat 7: Ice-man6446 folded before Flop (didn't bet)
Seat 8: Chimpy111 folded before Flop (didn't bet)
Seat 9: Dorex2007 showed [Qh Qd] and won ($8.78) with a pair of Queens



PokerStars Hand #238715513718:  Hold'em No Limit ($0.02/$0.05 USD) - 2022/09/18 14:43:19 PT [2022/09/18 17:43:19 ET]
Table 'Patry II' 9-max Seat #4 is the button
Seat 1: Almanza63 ($6.55 in chips) 
Seat 2: BlackWinegum ($4.58 in chips) 
Seat 4: HarrierGR.9 ($1.67 in chips) 
Seat 5: vengeful 7 ($5.05 in chips) 
Seat 6: SaitamaSensei27 ($5.73 in chips) 
Seat 7: Ice-man6446 ($6.38 in chips) 
Seat 8: Chimpy111 ($5.43 in chips) 
Seat 9: Dorex2007 ($11.81 in chips) 
vengeful 7: posts small blind $0.02
SaitamaSensei27: posts big blind $0.05
easymeka: sits out 
*** HOLE CARDS ***
Dealt to Dorex2007 [Ts 9c]
Ice-man6446: raises $0.07 to $0.12
Chimpy111: calls $0.12
Dorex2007: folds 
Almanza63: folds 
BlackWinegum: folds 
HarrierGR.9: calls $0.12
vengeful 7: folds 
SaitamaSensei27: folds 
*** FLOP *** [Ah 2c 9d]
SaitamaSensei27 leaves the table
Ice-man6446: bets $0.14
tanyaa1956 joins the table at seat #6 
Chimpy111: folds 
HarrierGR.9: calls $0.14
*** TURN *** [Ah 2c 9d] [7s]
Ice-man6446: bets $0.22
HarrierGR.9: calls $0.22
*** RIVER *** [Ah 2c 9d 7s] [Td]
Ice-man6446: bets $0.55
HarrierGR.9: calls $0.55
*** SHOW DOWN ***
Ice-man6446: shows [9h Ad] (two pair, Aces and Nines)
HarrierGR.9: shows [Ac Tc] (two pair, Aces and Tens)
HarrierGR.9 collected $2.16 from pot
*** SUMMARY ***
Total pot $2.25 | Rake $0.09 
Board [Ah 2c 9d 7s Td]
Seat 1: Almanza63 folded before Flop (didn't bet)
Seat 2: BlackWinegum folded before Flop (didn't bet)
Seat 4: HarrierGR.9 (button) showed [Ac Tc] and won ($2.16) with two pair, Aces and Tens
Seat 5: vengeful 7 (small blind) folded before Flop
Seat 6: SaitamaSensei27 (big blind) folded before Flop
Seat 7: Ice-man6446 showed [9h Ad] and lost with two pair, Aces and Nines
Seat 8: Chimpy111 folded on the Flop
Seat 9: Dorex2007 folded before Flop (didn't bet)



PokerStars Hand #238715536931:  Hold'em No Limit ($0.02/$0.05 USD) - 2022/09/18 14:44:14 PT [2022/09/18 17:44:14 ET]
Table 'Patry II' 9-max Seat #5 is the button
Seat 1: Almanza63 ($6.55 in chips) 
Seat 2: BlackWinegum ($4.58 in chips) 
Seat 4: HarrierGR.9 ($2.80 in chips) 
Seat 5: vengeful 7 ($5.03 in chips) 
Seat 7: Ice-man6446 ($5.35 in chips) 
Seat 8: Chimpy111 ($5.31 in chips) 
Seat 9: Dorex2007 ($11.81 in chips) 
Ice-man6446: posts small blind $0.02
Chimpy111: posts big blind $0.05
easymeka: sits out 
*** HOLE CARDS ***
Dealt to Dorex2007 [Tc Td]
Dorex2007: raises $0.05 to $0.10
Almanza63: raises $0.24 to $0.34
BlackWinegum: folds 
HarrierGR.9: folds 
vengeful 7: folds 
Ice-man6446: folds 
Chimpy111: folds 
Dorex2007: folds 
Uncalled bet ($0.24) returned to Almanza63
Ice-man6446 leaves the table
Almanza63 collected $0.27 from pot
Almanza63: doesn't show hand 
*** SUMMARY ***
Total pot $0.27 | Rake $0 
Seat 1: Almanza63 collected ($0.27)
Seat 2: BlackWinegum folded before Flop (didn't bet)
Seat 4: HarrierGR.9 folded before Flop (didn't bet)
Seat 5: vengeful 7 (button) folded before Flop (didn't bet)
Seat 7: Ice-man6446 (small blind) folded before Flop
Seat 8: Chimpy111 (big blind) folded before Flop
Seat 9: Dorex2007 folded before Flop



PokerStars Hand #238715545032:  Hold'em No Limit ($0.02/$0.05 USD) - 2022/09/18 14:44:34 PT [2022/09/18 17:44:34 ET]
Table 'Patry II' 9-max Seat #8 is the button
Seat 1: Almanza63 ($6.72 in chips) 
Seat 2: BlackWinegum ($4.58 in chips) 
Seat 4: HarrierGR.9 ($2.80 in chips) 
Seat 5: vengeful 7 ($5.03 in chips) 
Seat 8: Chimpy111 ($5.26 in chips) 
Seat 9: Dorex2007 ($11.71 in chips) 
Dorex2007: posts small blind $0.02
Almanza63: posts big blind $0.05
easymeka: sits out 
tanyaa1956: sits out 
*** HOLE CARDS ***
Dealt to Dorex2007 [3h 3c]
BlackWinegum: folds 
HarrierGR.9: calls $0.05
vengeful 7: folds 
Chimpy111: folds 
AssosManiki joins the table at seat #7 
Dorex2007: calls $0.03
Almanza63: checks 
*** FLOP *** [9h 2h 6d]
Dorex2007: checks 
Almanza63: checks 
HarrierGR.9: checks 
*** TURN *** [9h 2h 6d] [5s]
Dorex2007: bets $0.09
Almanza63: folds 
HarrierGR.9: folds 
Uncalled bet ($0.09) returned to Dorex2007
Dorex2007 collected $0.14 from pot
Dorex2007: doesn't show hand 
*** SUMMARY ***
Total pot $0.15 | Rake $0.01 
Board [9h 2h 6d 5s]
Seat 1: Almanza63 (big blind) folded on the Turn
Seat 2: BlackWinegum folded before Flop (didn't bet)
Seat 4: HarrierGR.9 folded on the Turn
Seat 5: vengeful 7 folded before Flop (didn't bet)
Seat 8: Chimpy111 (button) folded before Flop (didn't bet)
Seat 9: Dorex2007 (small blind) collected ($0.14)



PokerStars Hand #238715559164:  Hold'em No Limit ($0.02/$0.05 USD) - 2022/09/18 14:45:09 PT [2022/09/18 17:45:09 ET]
Table 'Patry II' 9-max Seat #9 is the button
Seat 1: Almanza63 ($6.67 in chips) 
Seat 2: BlackWinegum ($4.58 in chips) 
Seat 4: HarrierGR.9 ($2.75 in chips) 
Seat 5: vengeful 7 ($5.03 in chips) 
Seat 8: Chimpy111 ($5.26 in chips) 
Seat 9: Dorex2007 ($11.80 in chips) 
Almanza63: posts small blind $0.02
BlackWinegum: posts big blind $0.05
easymeka: sits out 
tanyaa1956: sits out 
AssosManiki: sits out 
*** HOLE CARDS ***
Dealt to Dorex2007 [7h 7c]
HarrierGR.9: folds 
vengeful 7: raises $0.05 to $0.10
Chimpy111: folds 
Dorex2007: raises $0.05 to $0.15
Almanza63: folds 
BlackWinegum: folds 
vengeful 7: calls $0.05
*** FLOP *** [Ts 4s 3c]
vengeful 7: checks 
Dorex2007: checks 
*** TURN *** [Ts 4s 3c] [5c]
vengeful 7: bets $0.22
Dorex2007: calls $0.22
*** RIVER *** [Ts 4s 3c 5c] [Kc]
vengeful 7: bets $0.55
Dorex2007: folds 
Uncalled bet ($0.55) returned to vengeful 7
vengeful 7 collected $0.78 from pot
vengeful 7: doesn't show hand 
*** SUMMARY ***
Total pot $0.81 | Rake $0.03 
Board [Ts 4s 3c 5c Kc]
Seat 1: Almanza63 (small blind) folded before Flop
Seat 2: BlackWinegum (big blind) folded before Flop
Seat 4: HarrierGR.9 folded before Flop (didn't bet)
Seat 5: vengeful 7 collected ($0.78)
Seat 8: Chimpy111 folded before Flop (didn't bet)
Seat 9: Dorex2007 (button) folded on the River



PokerStars Hand #238715583226:  Hold'em No Limit ($0.02/$0.05 USD) - 2022/09/18 14:46:07 PT [2022/09/18 17:46:07 ET]
Table 'Patry II' 9-max Seat #1 is the button
Seat 1: Almanza63 ($6.65 in chips) 
Seat 2: BlackWinegum ($4.53 in chips) 
Seat 3: easymeka ($4 in chips) 
Seat 4: HarrierGR.9 ($2.75 in chips) 
Seat 5: vengeful 7 ($5.44 in chips) 
Seat 8: Chimpy111 ($5.26 in chips) 
Seat 9: Dorex2007 ($11.43 in chips) 
BlackWinegum: posts small blind $0.02
easymeka: posts big blind $0.05
tanyaa1956: sits out 
AssosManiki: sits out 
*** HOLE CARDS ***
Dealt to Dorex2007 [7s 8h]
HarrierGR.9: folds 
vengeful 7: folds 
Chimpy111: folds 
Dorex2007: folds 
Almanza63: folds 
BlackWinegum: folds 
Uncalled bet ($0.03) returned to easymeka
easymeka collected $0.04 from pot
*** SUMMARY ***
Total pot $0.04 | Rake $0 
Seat 1: Almanza63 (button) folded before Flop (didn't bet)
Seat 2: BlackWinegum (small blind) folded before Flop
Seat 3: easymeka (big blind) collected ($0.04)
Seat 4: HarrierGR.9 folded before Flop (didn't bet)
Seat 5: vengeful 7 folded before Flop (didn't bet)
Seat 8: Chimpy111 folded before Flop (didn't bet)
Seat 9: Dorex2007 folded before Flop (didn't bet)



PokerStars Hand #238715588854:  Hold'em No Limit ($0.02/$0.05 USD) - 2022/09/18 14:46:21 PT [2022/09/18 17:46:21 ET]
Table 'Patry II' 9-max Seat #2 is the button
Seat 1: Almanza63 ($6.65 in chips) 
Seat 2: BlackWinegum ($4.51 in chips) 
Seat 3: easymeka ($4.02 in chips) 
Seat 4: HarrierGR.9 ($2.75 in chips) 
Seat 5: vengeful 7 ($5.44 in chips) 
Seat 8: Chimpy111 ($5.26 in chips) 
Seat 9: Dorex2007 ($11.43 in chips) 
easymeka: posts small blind $0.02
HarrierGR.9: posts big blind $0.05
tanyaa1956: sits out 
AssosManiki: sits out 
*** HOLE CARDS ***
Dealt to Dorex2007 [6d Jd]
vengeful 7: folds 
Chimpy111: folds 
Dorex2007: folds 
Almanza63: folds 
BlackWinegum: raises $0.10 to $0.15
easymeka: folds 
HarrierGR.9: calls $0.10
*** FLOP *** [2d Qd 4d]
HarrierGR.9: checks 
BlackWinegum: bets $0.15
HarrierGR.9: raises $0.25 to $0.40
BlackWinegum: folds 
Uncalled bet ($0.25) returned to HarrierGR.9
HarrierGR.9 collected $0.59 from pot
HarrierGR.9: doesn't show hand 
*** SUMMARY ***
Total pot $0.62 | Rake $0.03 
Board [2d Qd 4d]
Seat 1: Almanza63 folded before Flop (didn't bet)
Seat 2: BlackWinegum (button) folded on the Flop
Seat 3: easymeka (small blind) folded before Flop
Seat 4: HarrierGR.9 (big blind) collected ($0.59)
Seat 5: vengeful 7 folded before Flop (didn't bet)
Seat 8: Chimpy111 folded before Flop (didn't bet)
Seat 9: Dorex2007 folded before Flop (didn't bet)



PokerStars Hand #238715602651:  Hold'em No Limit ($0.02/$0.05 USD) - 2022/09/18 14:46:54 PT [2022/09/18 17:46:54 ET]
Table 'Patry II' 9-max Seat #3 is the button
Seat 1: Almanza63 ($6.65 in chips) 
Seat 2: BlackWinegum ($4.21 in chips) 
Seat 3: easymeka ($4 in chips) 
Seat 4: HarrierGR.9 ($3.04 in chips) 
Seat 5: vengeful 7 ($5.44 in chips) 
Seat 8: Chimpy111 ($5.26 in chips) 
Seat 9: Dorex2007 ($11.43 in chips) 
HarrierGR.9: posts small blind $0.02
vengeful 7: posts big blind $0.05
tanyaa1956: sits out 
AssosManiki: sits out 
*** HOLE CARDS ***
Dealt to Dorex2007 [4s 9h]
Chimpy111: folds 
Dorex2007: folds 
Almanza63: folds 
BlackWinegum: folds 
easymeka: raises $0.05 to $0.10
tanyaa1956 leaves the table
HarrierGR.9: folds 
vengeful 7: folds 
Uncalled bet ($0.05) returned to easymeka
easymeka collected $0.12 from pot
*** SUMMARY ***
Total pot $0.12 | Rake $0 
Seat 1: Almanza63 folded before Flop (didn't bet)
Seat 2: BlackWinegum folded before Flop (didn't bet)
Seat 3: easymeka (button) collected ($0.12)
Seat 4: HarrierGR.9 (small blind) folded before Flop
Seat 5: vengeful 7 (big blind) folded before Flop
Seat 8: Chimpy111 folded before Flop (didn't bet)
Seat 9: Dorex2007 folded before Flop (didn't bet)



PokerStars Hand #238715613551:  Hold'em No Limit ($0.02/$0.05 USD) - 2022/09/18 14:47:21 PT [2022/09/18 17:47:21 ET]
Table 'Patry II' 9-max Seat #4 is the button
Seat 1: Almanza63 ($6.65 in chips) 
Seat 2: BlackWinegum ($4.21 in chips) 
Seat 3: easymeka ($4.07 in chips) 
Seat 4: HarrierGR.9 ($3.02 in chips) 
Seat 5: vengeful 7 ($5.39 in chips) 
Seat 7: AssosManiki ($5 in chips) 
Seat 8: Chimpy111 ($5.26 in chips) 
Seat 9: Dorex2007 ($11.43 in chips) 
vengeful 7: posts small blind $0.02
AssosManiki: posts big blind $0.05
*** HOLE CARDS ***
Dealt to Dorex2007 [Ah Qs]
Dt_Hyde1 joins the table at seat #6 
Chimpy111: folds 
Dorex2007: raises $0.05 to $0.10
Almanza63: folds 
BlackWinegum: folds 
easymeka: calls $0.10
HarrierGR.9: folds 
vengeful 7: folds 
AssosManiki: calls $0.05
*** FLOP *** [Ts 5h Tc]
AssosManiki: checks 
Dorex2007: checks 
easymeka: checks 
*** TURN *** [Ts 5h Tc] [3h]
AssosManiki: checks 
Dorex2007: checks 
easymeka: bets $0.15
AssosManiki: folds 
Dorex2007: folds 
Uncalled bet ($0.15) returned to easymeka
easymeka collected $0.31 from pot
*** SUMMARY ***
Total pot $0.32 | Rake $0.01 
Board [Ts 5h Tc 3h]
Seat 1: Almanza63 folded before Flop (didn't bet)
Seat 2: BlackWinegum folded before Flop (didn't bet)
Seat 3: easymeka collected ($0.31)
Seat 4: HarrierGR.9 (button) folded before Flop (didn't bet)
Seat 5: vengeful 7 (small blind) folded before Flop
Seat 7: AssosManiki (big blind) folded on the Turn
Seat 8: Chimpy111 folded before Flop (didn't bet)
Seat 9: Dorex2007 folded on the Turn



PokerStars Hand #238715630468:  Hold'em No Limit ($0.02/$0.05 USD) - 2022/09/18 14:48:03 PT [2022/09/18 17:48:03 ET]
Table 'Patry II' 9-max Seat #5 is the button
Seat 1: Almanza63 ($6.65 in chips) 
Seat 2: BlackWinegum ($4.21 in chips) 
Seat 3: easymeka ($4.28 in chips) 
Seat 4: HarrierGR.9 ($3.02 in chips) 
Seat 5: vengeful 7 ($5.37 in chips) 
Seat 7: AssosManiki ($4.90 in chips) 
Seat 8: Chimpy111 ($5.26 in chips) 
Seat 9: Dorex2007 ($11.33 in chips) 
AssosManiki: posts small blind $0.02
Chimpy111: posts big blind $0.05
*** HOLE CARDS ***
Dealt to Dorex2007 [Jd 3h]
Dorex2007: folds 
Almanza63: folds 
BlackWinegum: folds 
easymeka: raises $0.05 to $0.10
HarrierGR.9: folds 
vengeful 7: calls $0.10
AssosManiki: calls $0.08
Chimpy111: calls $0.05
*** FLOP *** [2d Qc 3s]
AssosManiki: bets $0.25
Chimpy111: folds 
easymeka: folds 
vengeful 7: folds 
Uncalled bet ($0.25) returned to AssosManiki
AssosManiki collected $0.38 from pot
AssosManiki: doesn't show hand 
*** SUMMARY ***
Total pot $0.40 | Rake $0.02 
Board [2d Qc 3s]
Seat 1: Almanza63 folded before Flop (didn't bet)
Seat 2: BlackWinegum folded before Flop (didn't bet)
Seat 3: easymeka folded on the Flop
Seat 4: HarrierGR.9 folded before Flop (didn't bet)
Seat 5: vengeful 7 (button) folded on the Flop
Seat 7: AssosManiki (small blind) collected ($0.38)
Seat 8: Chimpy111 (big blind) folded on the Flop
Seat 9: Dorex2007 folded before Flop (didn't bet)



PokerStars Hand #238715648209:  Hold'em No Limit ($0.02/$0.05 USD) - 2022/09/18 14:48:46 PT [2022/09/18 17:48:46 ET]
Table 'Patry II' 9-max Seat #7 is the button
Seat 1: Almanza63 ($6.65 in chips) 
Seat 2: BlackWinegum ($4.21 in chips) 
Seat 3: easymeka ($4.18 in chips) 
Seat 4: HarrierGR.9 ($3.02 in chips) 
Seat 5: vengeful 7 ($5.27 in chips) 
Seat 7: AssosManiki ($5.18 in chips) 
Seat 8: Chimpy111 ($5.16 in chips) 
Seat 9: Dorex2007 ($11.33 in chips) 
Chimpy111: posts small blind $0.02
Dorex2007: posts big blind $0.05
Dt_Hyde1: sits out 
*** HOLE CARDS ***
Dealt to Dorex2007 [Ks 3d]
Almanza63: folds 
BlackWinegum: folds 
easymeka: folds 
HarrierGR.9: folds 
vengeful 7: raises $0.10 to $0.15
AssosManiki: calls $0.15
Chimpy111: folds 
Dorex2007: folds 
*** FLOP *** [Ts 6c Qh]
vengeful 7: checks 
AssosManiki: bets $0.23
vengeful 7: folds 
Uncalled bet ($0.23) returned to AssosManiki
AssosManiki collected $0.35 from pot
AssosManiki: doesn't show hand 
*** SUMMARY ***
Total pot $0.37 | Rake $0.02 
Board [Ts 6c Qh]
Seat 1: Almanza63 folded before Flop (didn't bet)
Seat 2: BlackWinegum folded before Flop (didn't bet)
Seat 3: easymeka folded before Flop (didn't bet)
Seat 4: HarrierGR.9 folded before Flop (didn't bet)
Seat 5: vengeful 7 folded on the Flop
Seat 7: AssosManiki (button) collected ($0.35)
Seat 8: Chimpy111 (small blind) folded before Flop
Seat 9: Dorex2007 (big blind) folded before Flop



PokerStars Hand #238715662896:  Hold'em No Limit ($0.02/$0.05 USD) - 2022/09/18 14:49:22 PT [2022/09/18 17:49:22 ET]
Table 'Patry II' 9-max Seat #8 is the button
Seat 1: Almanza63 ($6.65 in chips) 
Seat 2: BlackWinegum ($4.21 in chips) 
Seat 3: easymeka ($4.18 in chips) 
Seat 4: HarrierGR.9 ($3.02 in chips) 
Seat 5: vengeful 7 ($5.12 in chips) 
Seat 7: AssosManiki ($5.38 in chips) 
Seat 8: Chimpy111 ($5.14 in chips) 
Seat 9: Dorex2007 ($11.28 in chips) 
Dorex2007: posts small blind $0.02
Almanza63: posts big blind $0.05
Dt_Hyde1: sits out 
*** HOLE CARDS ***
Dealt to Dorex2007 [5h 9h]
BlackWinegum: folds 
easymeka: raises $0.05 to $0.10
HarrierGR.9: folds 
vengeful 7: calls $0.10
AssosManiki: calls $0.10
Chimpy111: folds 
Dorex2007: folds 
Almanza63: folds 
*** FLOP *** [8h 4c 9d]
easymeka: bets $0.12
vengeful 7: calls $0.12
AssosManiki: folds 
*** TURN *** [8h 4c 9d] [Ks]
easymeka: bets $0.29
vengeful 7: folds 
Uncalled bet ($0.29) returned to easymeka
easymeka collected $0.58 from pot
*** SUMMARY ***
Total pot $0.61 | Rake $0.03 
Board [8h 4c 9d Ks]
Seat 1: Almanza63 (big blind) folded before Flop
Seat 2: BlackWinegum folded before Flop (didn't bet)
Seat 3: easymeka collected ($0.58)
Seat 4: HarrierGR.9 folded before Flop (didn't bet)
Seat 5: vengeful 7 folded on the Turn
Seat 7: AssosManiki folded on the Flop
Seat 8: Chimpy111 (button) folded before Flop (didn't bet)
Seat 9: Dorex2007 (small blind) folded before Flop



PokerStars Hand #238715681861:  Hold'em No Limit ($0.02/$0.05 USD) - 2022/09/18 14:50:10 PT [2022/09/18 17:50:10 ET]
Table 'Patry II' 9-max Seat #9 is the button
Seat 1: Almanza63 ($6.60 in chips) 
Seat 2: BlackWinegum ($4.21 in chips) 
Seat 3: easymeka ($4.54 in chips) 
Seat 4: HarrierGR.9 ($3.02 in chips) 
Seat 5: vengeful 7 ($4.90 in chips) 
Seat 7: AssosManiki ($5.28 in chips) 
Seat 8: Chimpy111 ($5.14 in chips) 
Seat 9: Dorex2007 ($11.26 in chips) 
Almanza63: posts small blind $0.02
BlackWinegum: posts big blind $0.05
Dt_Hyde1: sits out 
*** HOLE CARDS ***
Dealt to Dorex2007 [3c 8s]
easymeka: raises $0.05 to $0.10
HarrierGR.9: folds 
vengeful 7: folds 
AssosManiki: folds 
Chimpy111: folds 
Dorex2007: folds 
Almanza63: folds 
BlackWinegum: folds 
Uncalled bet ($0.05) returned to easymeka
easymeka collected $0.12 from pot
*** SUMMARY ***
Total pot $0.12 | Rake $0 
Seat 1: Almanza63 (small blind) folded before Flop
Seat 2: BlackWinegum (big blind) folded before Flop
Seat 3: easymeka collected ($0.12)
Seat 4: HarrierGR.9 folded before Flop (didn't bet)
Seat 5: vengeful 7 folded before Flop (didn't bet)
Seat 7: AssosManiki folded before Flop (didn't bet)
Seat 8: Chimpy111 folded before Flop (didn't bet)
Seat 9: Dorex2007 (button) folded before Flop (didn't bet)



PokerStars Hand #238715688828:  Hold'em No Limit ($0.02/$0.05 USD) - 2022/09/18 14:50:27 PT [2022/09/18 17:50:27 ET]
Table 'Patry II' 9-max Seat #1 is the button
Seat 1: Almanza63 ($6.58 in chips) 
Seat 2: BlackWinegum ($4.16 in chips) 
Seat 3: easymeka ($4.61 in chips) 
Seat 4: HarrierGR.9 ($3.02 in chips) 
Seat 5: vengeful 7 ($4.90 in chips) 
Seat 7: AssosManiki ($5.28 in chips) 
Seat 8: Chimpy111 ($5.14 in chips) 
Seat 9: Dorex2007 ($11.26 in chips) 
BlackWinegum: posts small blind $0.02
easymeka: posts big blind $0.05
Dt_Hyde1: sits out 
*** HOLE CARDS ***
Dealt to Dorex2007 [8s Ts]
HarrierGR.9: folds 
vengeful 7 has timed out
vengeful 7: folds 
AssosManiki: folds 
Chimpy111: folds 
Dorex2007: raises $0.10 to $0.15
Almanza63: calls $0.15
BlackWinegum: folds 
easymeka: calls $0.10
*** FLOP *** [6s 5c 8d]
easymeka: bets $0.12
Dorex2007: calls $0.12
Almanza63: calls $0.12
*** TURN *** [6s 5c 8d] [7h]
easymeka: bets $0.45
Dorex2007: folds 
Almanza63: folds 
Uncalled bet ($0.45) returned to easymeka
easymeka collected $0.80 from pot
*** SUMMARY ***
Total pot $0.83 | Rake $0.03 
Board [6s 5c 8d 7h]
Seat 1: Almanza63 (button) folded on the Turn
Seat 2: BlackWinegum (small blind) folded before Flop
Seat 3: easymeka (big blind) collected ($0.80)
Seat 4: HarrierGR.9 folded before Flop (didn't bet)
Seat 5: vengeful 7 folded before Flop (didn't bet)
Seat 7: AssosManiki folded before Flop (didn't bet)
Seat 8: Chimpy111 folded before Flop (didn't bet)
Seat 9: Dorex2007 folded on the Turn



PokerStars Hand #238715714677:  Hold'em No Limit ($0.02/$0.05 USD) - 2022/09/18 14:51:31 PT [2022/09/18 17:51:31 ET]
Table 'Patry II' 9-max Seat #2 is the button
Seat 1: Almanza63 ($6.31 in chips) 
Seat 2: BlackWinegum ($4.14 in chips) 
Seat 3: easymeka ($5.14 in chips) 
Seat 4: HarrierGR.9 ($3.02 in chips) 
Seat 5: vengeful 7 ($4.90 in chips) 
Seat 7: AssosManiki ($5.28 in chips) 
Seat 8: Chimpy111 ($5.14 in chips) 
Seat 9: Dorex2007 ($10.99 in chips) 
easymeka: posts small blind $0.02
HarrierGR.9: posts big blind $0.05
Dt_Hyde1: sits out 
*** HOLE CARDS ***
Dealt to Dorex2007 [Th Qd]
vengeful 7: raises $0.05 to $0.10
AssosManiki: calls $0.10
Chimpy111: folds 
Dorex2007: folds 
Almanza63: folds 
BlackWinegum: folds 
easymeka: folds 
HarrierGR.9: calls $0.05
*** FLOP *** [4s 3s As]
HarrierGR.9: checks 
vengeful 7: bets $0.15
AssosManiki: raises $0.35 to $0.50
HarrierGR.9: folds 
vengeful 7: folds 
Uncalled bet ($0.35) returned to AssosManiki
AssosManiki collected $0.59 from pot
AssosManiki: doesn't show hand 
*** SUMMARY ***
Total pot $0.62 | Rake $0.03 
Board [4s 3s As]
Seat 1: Almanza63 folded before Flop (didn't bet)
Seat 2: BlackWinegum (button) folded before Flop (didn't bet)
Seat 3: easymeka (small blind) folded before Flop
Seat 4: HarrierGR.9 (big blind) folded on the Flop
Seat 5: vengeful 7 folded on the Flop
Seat 7: AssosManiki collected ($0.59)
Seat 8: Chimpy111 folded before Flop (didn't bet)
Seat 9: Dorex2007 folded before Flop (didn't bet)



PokerStars Hand #238715732163:  Hold'em No Limit ($0.02/$0.05 USD) - 2022/09/18 14:52:14 PT [2022/09/18 17:52:14 ET]
Table 'Patry II' 9-max Seat #3 is the button
Seat 1: Almanza63 ($6.31 in chips) 
Seat 2: BlackWinegum ($4.14 in chips) 
Seat 3: easymeka ($5.12 in chips) 
Seat 4: HarrierGR.9 ($2.92 in chips) 
Seat 5: vengeful 7 ($4.65 in chips) 
Seat 7: AssosManiki ($5.62 in chips) 
Seat 8: Chimpy111 ($5.14 in chips) 
Seat 9: Dorex2007 ($10.99 in chips) 
HarrierGR.9: posts small blind $0.02
vengeful 7: posts big blind $0.05
Dt_Hyde1: sits out 
*** HOLE CARDS ***
Dealt to Dorex2007 [6d 5s]
AssosManiki: folds 
Chimpy111: folds 
Dorex2007: folds 
Almanza63: raises $0.10 to $0.15
BlackWinegum: folds 
easymeka: calls $0.15
HarrierGR.9: folds 
vengeful 7: folds 
*** FLOP *** [4d Td As]
Almanza63: checks 
easymeka: checks 
*** TURN *** [4d Td As] [Jc]
Almanza63: bets $0.19
easymeka: calls $0.19
*** RIVER *** [4d Td As Jc] [Ts]
Almanza63: checks 
easymeka: bets $0.26
Almanza63: folds 
Uncalled bet ($0.26) returned to easymeka
easymeka collected $0.72 from pot
*** SUMMARY ***
Total pot $0.75 | Rake $0.03 
Board [4d Td As Jc Ts]
Seat 1: Almanza63 folded on the River
Seat 2: BlackWinegum folded before Flop (didn't bet)
Seat 3: easymeka (button) collected ($0.72)
Seat 4: HarrierGR.9 (small blind) folded before Flop
Seat 5: vengeful 7 (big blind) folded before Flop
Seat 7: AssosManiki folded before Flop (didn't bet)
Seat 8: Chimpy111 folded before Flop (didn't bet)
Seat 9: Dorex2007 folded before Flop (didn't bet)



PokerStars Hand #238715754109:  Hold'em No Limit ($0.02/$0.05 USD) - 2022/09/18 14:53:10 PT [2022/09/18 17:53:10 ET]
Table 'Patry II' 9-max Seat #4 is the button
Seat 1: Almanza63 ($5.97 in chips) 
Seat 2: BlackWinegum ($4.14 in chips) 
Seat 3: easymeka ($5.50 in chips) 
Seat 4: HarrierGR.9 ($2.90 in chips) 
Seat 5: vengeful 7 ($5 in chips) 
Seat 6: Dt_Hyde1 ($5 in chips) 
Seat 7: AssosManiki ($5.62 in chips) 
Seat 8: Chimpy111 ($5.14 in chips) 
Seat 9: Dorex2007 ($10.99 in chips) 
vengeful 7: posts small blind $0.02
Dt_Hyde1: posts big blind $0.05
*** HOLE CARDS ***
Dealt to Dorex2007 [Td 5c]
AssosManiki: raises $0.08 to $0.13
Chimpy111: folds 
Dorex2007: folds 
Almanza63: folds 
BlackWinegum: folds 
easymeka: folds 
HarrierGR.9: folds 
vengeful 7: folds 
Dt_Hyde1: folds 
Uncalled bet ($0.08) returned to AssosManiki
AssosManiki collected $0.12 from pot
AssosManiki: doesn't show hand 
*** SUMMARY ***
Total pot $0.12 | Rake $0 
Seat 1: Almanza63 folded before Flop (didn't bet)
Seat 2: BlackWinegum folded before Flop (didn't bet)
Seat 3: easymeka folded before Flop (didn't bet)
Seat 4: HarrierGR.9 (button) folded before Flop (didn't bet)
Seat 5: vengeful 7 (small blind) folded before Flop
Seat 6: Dt_Hyde1 (big blind) folded before Flop
Seat 7: AssosManiki collected ($0.12)
Seat 8: Chimpy111 folded before Flop (didn't bet)
Seat 9: Dorex2007 folded before Flop (didn't bet)



PokerStars Hand #238715762244:  Hold'em No Limit ($0.02/$0.05 USD) - 2022/09/18 14:53:30 PT [2022/09/18 17:53:30 ET]
Table 'Patry II' 9-max Seat #5 is the button
Seat 1: Almanza63 ($5.97 in chips) 
Seat 2: BlackWinegum ($4.14 in chips) 
Seat 3: easymeka ($5.50 in chips) 
Seat 4: HarrierGR.9 ($2.90 in chips) 
Seat 5: vengeful 7 ($4.98 in chips) 
Seat 6: Dt_Hyde1 ($5 in chips) 
Seat 7: AssosManiki ($5.69 in chips) 
Seat 8: Chimpy111 ($5.14 in chips) 
Seat 9: Dorex2007 ($10.99 in chips) 
Dt_Hyde1: posts small blind $0.02
AssosManiki: posts big blind $0.05
*** HOLE CARDS ***
Dealt to Dorex2007 [7h Tc]
Chimpy111: folds 
Dorex2007: folds 
Almanza63: folds 
BlackWinegum: folds 
easymeka: folds 
HarrierGR.9: raises $0.05 to $0.10
vengeful 7: folds 
Dt_Hyde1: folds 
AssosManiki: folds 
Uncalled bet ($0.05) returned to HarrierGR.9
HarrierGR.9 collected $0.12 from pot
HarrierGR.9: doesn't show hand 
*** SUMMARY ***
Total pot $0.12 | Rake $0 
Seat 1: Almanza63 folded before Flop (didn't bet)
Seat 2: BlackWinegum folded before Flop (didn't bet)
Seat 3: easymeka folded before Flop (didn't bet)
Seat 4: HarrierGR.9 collected ($0.12)
Seat 5: vengeful 7 (button) folded before Flop (didn't bet)
Seat 6: Dt_Hyde1 (small blind) folded before Flop
Seat 7: AssosManiki (big blind) folded before Flop
Seat 8: Chimpy111 folded before Flop (didn't bet)
Seat 9: Dorex2007 folded before Flop (didn't bet)



PokerStars Hand #238715772531:  Hold'em No Limit ($0.02/$0.05 USD) - 2022/09/18 14:53:56 PT [2022/09/18 17:53:56 ET]
Table 'Patry II' 9-max Seat #6 is the button
Seat 1: Almanza63 ($5.97 in chips) 
Seat 2: BlackWinegum ($4.14 in chips) 
Seat 3: easymeka ($5.50 in chips) 
Seat 4: HarrierGR.9 ($2.97 in chips) 
Seat 5: vengeful 7 ($4.98 in chips) 
Seat 6: Dt_Hyde1 ($5 in chips) 
Seat 7: AssosManiki ($5.64 in chips) 
Seat 8: Chimpy111 ($5.14 in chips) 
Seat 9: Dorex2007 ($10.99 in chips) 
AssosManiki: posts small blind $0.02
Chimpy111: posts big blind $0.05
*** HOLE CARDS ***
Dealt to Dorex2007 [Kd Qd]
Dorex2007: raises $0.05 to $0.10
Almanza63: folds 
BlackWinegum: folds 
easymeka: folds 
HarrierGR.9: folds 
vengeful 7: calls $0.10
Dt_Hyde1: calls $0.10
AssosManiki: calls $0.08
Chimpy111: folds 
*** FLOP *** [7d As 4c]
AssosManiki: checks 
Dorex2007: checks 
vengeful 7: checks 
Dt_Hyde1: bets $0.26
AssosManiki: folds 
Dorex2007: folds 
vengeful 7: folds 
Uncalled bet ($0.26) returned to Dt_Hyde1
Dt_Hyde1 collected $0.43 from pot
Dt_Hyde1: doesn't show hand 
*** SUMMARY ***
Total pot $0.45 | Rake $0.02 
Board [7d As 4c]
Seat 1: Almanza63 folded before Flop (didn't bet)
Seat 2: BlackWinegum folded before Flop (didn't bet)
Seat 3: easymeka folded before Flop (didn't bet)
Seat 4: HarrierGR.9 folded before Flop (didn't bet)
Seat 5: vengeful 7 folded on the Flop
Seat 6: Dt_Hyde1 (button) collected ($0.43)
Seat 7: AssosManiki (small blind) folded on the Flop
Seat 8: Chimpy111 (big blind) folded before Flop
Seat 9: Dorex2007 folded on the Flop



PokerStars Hand #238715797514:  Hold'em No Limit ($0.02/$0.05 USD) - 2022/09/18 14:54:59 PT [2022/09/18 17:54:59 ET]
Table 'Patry II' 9-max Seat #7 is the button
Seat 1: Almanza63 ($5.97 in chips) 
Seat 2: BlackWinegum ($4.14 in chips) 
Seat 3: easymeka ($5.50 in chips) 
Seat 5: vengeful 7 ($4.88 in chips) 
Seat 6: Dt_Hyde1 ($5.33 in chips) 
Seat 7: AssosManiki ($5.54 in chips) 
Seat 8: Chimpy111 ($5.09 in chips) 
Seat 9: Dorex2007 ($10.89 in chips) 
Chimpy111: posts small blind $0.02
Dorex2007: posts big blind $0.05
*** HOLE CARDS ***
Dealt to Dorex2007 [8h 9s]
HarrierGR.9 leaves the table
Almanza63: folds 
BlackWinegum: folds 
easymeka: folds 
vengeful 7: folds 
Dt_Hyde1: folds 
AssosManiki: folds 
Chimpy111: folds 
Uncalled bet ($0.03) returned to Dorex2007
Dorex2007 collected $0.04 from pot
Dorex2007: doesn't show hand 
*** SUMMARY ***
Total pot $0.04 | Rake $0 
Seat 1: Almanza63 folded before Flop (didn't bet)
Seat 2: BlackWinegum folded before Flop (didn't bet)
Seat 3: easymeka folded before Flop (didn't bet)
Seat 5: vengeful 7 folded before Flop (didn't bet)
Seat 6: Dt_Hyde1 folded before Flop (didn't bet)
Seat 7: AssosManiki (button) folded before Flop (didn't bet)
Seat 8: Chimpy111 (small blind) folded before Flop
Seat 9: Dorex2007 (big blind) collected ($0.04)



PokerStars Hand #238715803204:  Hold'em No Limit ($0.02/$0.05 USD) - 2022/09/18 14:55:19 PT [2022/09/18 17:55:19 ET]
Table 'Patry II' 9-max Seat #8 is the button
Seat 1: Almanza63 ($5.97 in chips) 
Seat 2: BlackWinegum ($4.14 in chips) 
Seat 3: easymeka ($5.50 in chips) 
Seat 5: vengeful 7 ($4.88 in chips) 
Seat 6: Dt_Hyde1 ($5.33 in chips) 
Seat 7: AssosManiki ($5.54 in chips) 
Seat 8: Chimpy111 ($5.07 in chips) 
Seat 9: Dorex2007 ($10.91 in chips) 
Dorex2007: posts small blind $0.02
Almanza63: posts big blind $0.05
*** HOLE CARDS ***
Dealt to Dorex2007 [6c 5d]
BlackWinegum: folds 
easymeka: folds 
vengeful 7: raises $0.05 to $0.10
Dt_Hyde1: folds 
AssosManiki: folds 
Chimpy111: calls $0.10
Dorex2007: calls $0.08
Almanza63: calls $0.05
*** FLOP *** [Ts 9s 5s]
Dorex2007: checks 
BlackWinegum leaves the table
Almanza63: checks 
vengeful 7: bets $0.10
Chimpy111: folds 
Dorex2007: folds 
Almanza63: folds 
Uncalled bet ($0.10) returned to vengeful 7
vengeful 7 collected $0.38 from pot
vengeful 7: doesn't show hand 
*** SUMMARY ***
Total pot $0.40 | Rake $0.02 
Board [Ts 9s 5s]
Seat 1: Almanza63 (big blind) folded on the Flop
Seat 2: BlackWinegum folded before Flop (didn't bet)
Seat 3: easymeka folded before Flop (didn't bet)
Seat 5: vengeful 7 collected ($0.38)
Seat 6: Dt_Hyde1 folded before Flop (didn't bet)
Seat 7: AssosManiki folded before Flop (didn't bet)
Seat 8: Chimpy111 (button) folded on the Flop
Seat 9: Dorex2007 (small blind) folded on the Flop



PokerStars Hand #238715904294:  Hold'em No Limit ($0.02/$0.05 USD) - 2022/09/18 15:01:31 PT [2022/09/18 18:01:31 ET]
Table 'Patry II' 9-max Seat #1 is the button
Seat 1: Almanza63 ($5.75 in chips) 
Seat 2: NhaFrank ($7.40 in chips) 
Seat 4: DrWasted202 ($2.17 in chips) 
Seat 5: vengeful 7 ($5.06 in chips) 
Seat 6: Dt_Hyde1 ($5.13 in chips) 
Seat 7: AssosManiki ($5.50 in chips) 
Seat 8: Chimpy111 ($5.57 in chips) 
Seat 9: Dorex2007 ($10.81 in chips) 
NhaFrank: posts small blind $0.02
DrWasted202: posts big blind $0.05
Dorex2007: posts small & big blinds $0.07
*** HOLE CARDS ***
Dealt to Dorex2007 [5d 8h]
vengeful 7: folds 
Dt_Hyde1: folds 
AssosManiki: folds 
Chimpy111: raises $0.10 to $0.15
Dorex2007: folds 
Almanza63: folds 
NhaFrank: folds 
DrWasted202: calls $0.10
*** FLOP *** [3d 5c Tc]
DrWasted202: bets $0.15
Chimpy111: folds 
Uncalled bet ($0.15) returned to DrWasted202
DrWasted202 collected $0.37 from pot
*** SUMMARY ***
Total pot $0.39 | Rake $0.02 
Board [3d 5c Tc]
Seat 1: Almanza63 (button) folded before Flop (didn't bet)
Seat 2: NhaFrank (small blind) folded before Flop
Seat 4: DrWasted202 (big blind) collected ($0.37)
Seat 5: vengeful 7 folded before Flop (didn't bet)
Seat 6: Dt_Hyde1 folded before Flop (didn't bet)
Seat 7: AssosManiki folded before Flop (didn't bet)
Seat 8: Chimpy111 folded on the Flop
Seat 9: Dorex2007 folded before Flop (didn't bet)



