PokerStars Hand #238076110915:  Hold'em No Limit ($0.02/$0.05 USD) - 2022/08/18 17:13:28 PT [2022/08/18 20:13:28 ET]
Table 'Imhotep II' 9-max Seat #9 is the button
Seat 1: montreal555 ($5.18 in chips) 
Seat 2: fernando9858 ($3.77 in chips) 
Seat 3: NewKidOnTheFlop ($8.80 in chips) 
Seat 4: RottieWisperer ($6.80 in chips) 
Seat 6: mumisber ($4.52 in chips) 
Seat 7: tanyaa1956 ($5.30 in chips) 
Seat 8: Dorex2007 ($5 in chips) 
Seat 9: webby170 ($4.88 in chips) 
montreal555: posts small blind $0.02
fernando9858: posts big blind $0.05
Dorex2007: posts big blind $0.05
*** HOLE CARDS ***
Dealt to Dorex2007 [Kh 3s]
NewKidOnTheFlop: folds 
RottieWisperer: folds 
mumisber: folds 
tanyaa1956: folds 
NewKidOnTheFlop leaves the table
Dorex2007: checks 
webby170 has timed out
webby170: folds 
montreal555: folds 
herkks joins the table at seat #3 
fernando9858: raises $0.15 to $0.20
Dorex2007: folds 
Uncalled bet ($0.15) returned to fernando9858
fernando9858 collected $0.12 from pot
*** SUMMARY ***
Total pot $0.12 | Rake $0 
Seat 1: montreal555 (small blind) folded before Flop
Seat 2: fernando9858 (big blind) collected ($0.12)
Seat 3: NewKidOnTheFlop folded before Flop (didn't bet)
Seat 4: RottieWisperer folded before Flop (didn't bet)
Seat 6: mumisber folded before Flop (didn't bet)
Seat 7: tanyaa1956 folded before Flop (didn't bet)
Seat 8: Dorex2007 folded before Flop (didn't bet)
Seat 9: webby170 (button) folded before Flop (didn't bet)



PokerStars Hand #238076122225:  Hold'em No Limit ($0.02/$0.05 USD) - 2022/08/18 17:14:16 PT [2022/08/18 20:14:16 ET]
Table 'Imhotep II' 9-max Seat #1 is the button
Seat 1: montreal555 ($5.16 in chips) 
Seat 2: fernando9858 ($3.84 in chips) 
Seat 3: herkks ($5 in chips) 
Seat 4: RottieWisperer ($6.80 in chips) 
Seat 6: mumisber ($4.52 in chips) 
Seat 7: tanyaa1956 ($5.30 in chips) 
Seat 8: Dorex2007 ($5 in chips) 
Seat 9: webby170 ($4.88 in chips) 
fernando9858: posts small blind $0.02
tanyaa1956 is disconnected 
herkks: posts big blind $0.05
*** HOLE CARDS ***
Dealt to Dorex2007 [9d 2s]
RottieWisperer: folds 
mumisber: folds 
tanyaa1956: folds 
Dorex2007: folds 
webby170: folds 
montreal555: folds 
fernando9858: calls $0.03
herkks: checks 
*** FLOP *** [Tc 9c Jh]
fernando9858: checks 
herkks has timed out
herkks: checks 
*** TURN *** [Tc 9c Jh] [Qs]
fernando9858: bets $0.10
herkks: folds 
Uncalled bet ($0.10) returned to fernando9858
fernando9858 collected $0.10 from pot
*** SUMMARY ***
Total pot $0.10 | Rake $0 
Board [Tc 9c Jh Qs]
Seat 1: montreal555 (button) folded before Flop (didn't bet)
Seat 2: fernando9858 (small blind) collected ($0.10)
Seat 3: herkks (big blind) folded on the Turn
Seat 4: RottieWisperer folded before Flop (didn't bet)
Seat 6: mumisber folded before Flop (didn't bet)
Seat 7: tanyaa1956 folded before Flop (didn't bet)
Seat 8: Dorex2007 folded before Flop (didn't bet)
Seat 9: webby170 folded before Flop (didn't bet)



PokerStars Hand #238076137798:  Hold'em No Limit ($0.02/$0.05 USD) - 2022/08/18 17:15:22 PT [2022/08/18 20:15:22 ET]
Table 'Imhotep II' 9-max Seat #2 is the button
Seat 1: montreal555 ($5.16 in chips) 
Seat 2: fernando9858 ($3.89 in chips) 
Seat 3: herkks ($5 in chips) 
Seat 4: RottieWisperer ($6.80 in chips) 
Seat 5: cubicroot ($7.06 in chips) 
Seat 6: mumisber ($4.52 in chips) 
Seat 7: tanyaa1956 ($5.30 in chips) 
Seat 8: Dorex2007 ($5 in chips) 
Seat 9: webby170 ($4.88 in chips) 
herkks: posts small blind $0.02
RottieWisperer: posts big blind $0.05
*** HOLE CARDS ***
Dealt to Dorex2007 [6c 4d]
cubicroot: folds 
mumisber: folds 
tanyaa1956: folds 
Dorex2007: folds 
webby170 has timed out
webby170: folds 
montreal555: folds 
fernando9858: calls $0.05
herkks: calls $0.03
RottieWisperer: checks 
*** FLOP *** [7s 4s Ad]
herkks: checks 
RottieWisperer: checks 
fernando9858: bets $0.14
herkks: folds 
RottieWisperer: folds 
Uncalled bet ($0.14) returned to fernando9858
fernando9858 collected $0.14 from pot
*** SUMMARY ***
Total pot $0.15 | Rake $0.01 
Board [7s 4s Ad]
Seat 1: montreal555 folded before Flop (didn't bet)
Seat 2: fernando9858 (button) collected ($0.14)
Seat 3: herkks (small blind) folded on the Flop
Seat 4: RottieWisperer (big blind) folded on the Flop
Seat 5: cubicroot folded before Flop (didn't bet)
Seat 6: mumisber folded before Flop (didn't bet)
Seat 7: tanyaa1956 folded before Flop (didn't bet)
Seat 8: Dorex2007 folded before Flop (didn't bet)
Seat 9: webby170 folded before Flop (didn't bet)



PokerStars Hand #238076150519:  Hold'em No Limit ($0.02/$0.05 USD) - 2022/08/18 17:16:03 PT [2022/08/18 20:16:03 ET]
Table 'Imhotep II' 9-max Seat #3 is the button
Seat 1: montreal555 ($5.16 in chips) 
Seat 2: fernando9858 ($3.98 in chips) 
Seat 3: herkks ($5 in chips) 
Seat 4: RottieWisperer ($6.75 in chips) 
Seat 5: cubicroot ($7.06 in chips) 
Seat 6: mumisber ($4.52 in chips) 
Seat 7: tanyaa1956 ($5.30 in chips) 
Seat 8: Dorex2007 ($5 in chips) 
Seat 9: webby170 ($4.88 in chips) 
RottieWisperer: posts small blind $0.02
cubicroot: posts big blind $0.05
*** HOLE CARDS ***
Dealt to Dorex2007 [Td Kh]
mumisber: folds 
tanyaa1956: folds 
Dorex2007 has timed out
Dorex2007: folds 
webby170: raises $0.06 to $0.11
montreal555: folds 
fernando9858: folds 
fernando9858 leaves the table
herkks: calls $0.11
RottieWisperer: folds 
cubicroot: folds 
*** FLOP *** [Ks 5s 5d]
webby170: bets $0.14
herkks: folds 
Uncalled bet ($0.14) returned to webby170
webby170 collected $0.28 from pot
*** SUMMARY ***
Total pot $0.29 | Rake $0.01 
Board [Ks 5s 5d]
Seat 1: montreal555 folded before Flop (didn't bet)
Seat 2: fernando9858 folded before Flop (didn't bet)
Seat 3: herkks (button) folded on the Flop
Seat 4: RottieWisperer (small blind) folded before Flop
Seat 5: cubicroot (big blind) folded before Flop
Seat 6: mumisber folded before Flop (didn't bet)
Seat 7: tanyaa1956 folded before Flop (didn't bet)
Seat 8: Dorex2007 folded before Flop (didn't bet)
Seat 9: webby170 collected ($0.28)



PokerStars Hand #238076168767:  Hold'em No Limit ($0.02/$0.05 USD) - 2022/08/18 17:17:19 PT [2022/08/18 20:17:19 ET]
Table 'Imhotep II' 9-max Seat #4 is the button
Seat 1: montreal555 ($5.16 in chips) 
Seat 3: herkks ($5 in chips) 
Seat 4: RottieWisperer ($6.73 in chips) 
Seat 5: cubicroot ($7.01 in chips) 
Seat 6: mumisber ($4.52 in chips) 
Seat 7: tanyaa1956 ($5.30 in chips) 
Seat 8: Dorex2007 ($5 in chips) 
Seat 9: webby170 ($5.05 in chips) 
cubicroot: posts small blind $0.02
mumisber: posts big blind $0.05
*** HOLE CARDS ***
Dealt to Dorex2007 [Jh Qc]
tanyaa1956: folds 
Dorex2007: folds 
webby170: folds 
montreal555: folds 
matt blakk joins the table at seat #2 
herkks: folds 
RottieWisperer: folds 
cubicroot: raises $0.05 to $0.10
mumisber: folds 
Uncalled bet ($0.05) returned to cubicroot
cubicroot collected $0.10 from pot
cubicroot: doesn't show hand 
*** SUMMARY ***
Total pot $0.10 | Rake $0 
Seat 1: montreal555 folded before Flop (didn't bet)
Seat 3: herkks folded before Flop (didn't bet)
Seat 4: RottieWisperer (button) folded before Flop (didn't bet)
Seat 5: cubicroot (small blind) collected ($0.10)
Seat 6: mumisber (big blind) folded before Flop
Seat 7: tanyaa1956 folded before Flop (didn't bet)
Seat 8: Dorex2007 folded before Flop (didn't bet)
Seat 9: webby170 folded before Flop (didn't bet)



PokerStars Hand #238076175067:  Hold'em No Limit ($0.02/$0.05 USD) - 2022/08/18 17:17:46 PT [2022/08/18 20:17:46 ET]
Table 'Imhotep II' 9-max Seat #5 is the button
Seat 1: montreal555 ($5.16 in chips) 
Seat 3: herkks ($5 in chips) 
Seat 4: RottieWisperer ($6.73 in chips) 
Seat 5: cubicroot ($7.06 in chips) 
Seat 6: mumisber ($4.47 in chips) 
Seat 8: Dorex2007 ($5 in chips) 
Seat 9: webby170 ($5.05 in chips) 
mumisber: posts small blind $0.02
tanyaa1956: is sitting out 
Dorex2007: posts big blind $0.05
matt blakk: sits out 
*** HOLE CARDS ***
Dealt to Dorex2007 [3d 5c]
webby170: folds 
montreal555: folds 
herkks: raises $0.09 to $0.14
RottieWisperer: folds 
cubicroot: folds 
mumisber: folds 
tanyaa1956 leaves the table
Dorex2007 has timed out
Dorex2007: folds 
Uncalled bet ($0.09) returned to herkks
herkks collected $0.12 from pot
herkks: doesn't show hand 
*** SUMMARY ***
Total pot $0.12 | Rake $0 
Seat 1: montreal555 folded before Flop (didn't bet)
Seat 3: herkks collected ($0.12)
Seat 4: RottieWisperer folded before Flop (didn't bet)
Seat 5: cubicroot (button) folded before Flop (didn't bet)
Seat 6: mumisber (small blind) folded before Flop
Seat 8: Dorex2007 (big blind) folded before Flop
Seat 9: webby170 folded before Flop (didn't bet)



PokerStars Hand #238076185719:  Hold'em No Limit ($0.02/$0.05 USD) - 2022/08/18 17:18:32 PT [2022/08/18 20:18:32 ET]
Table 'Imhotep II' 9-max Seat #6 is the button
Seat 1: montreal555 ($5.16 in chips) 
Seat 3: herkks ($5.07 in chips) 
Seat 4: RottieWisperer ($6.73 in chips) 
Seat 5: cubicroot ($7.06 in chips) 
Seat 6: mumisber ($4.45 in chips) 
Seat 8: Dorex2007 ($5 in chips) 
Seat 9: webby170 ($5.05 in chips) 
Dorex2007: posts small blind $0.02
webby170: posts big blind $0.05
matt blakk: sits out 
*** HOLE CARDS ***
Dealt to Dorex2007 [4d 3s]
montreal555: folds 
taldo jhon joins the table at seat #7 
herkks: raises $0.09 to $0.14
RottieWisperer: folds 
cubicroot: folds 
mumisber: calls $0.14
Dorex2007 has timed out
Dorex2007: folds 
webby170: calls $0.09
*** FLOP *** [Jh Ac 9c]
webby170: checks 
herkks: bets $0.14
matt blakk is disconnected 
mumisber: raises $0.21 to $0.35
webby170: calls $0.35
herkks: folds 
*** TURN *** [Jh Ac 9c] [7h]
webby170: checks 
mumisber: bets $0.61
webby170: calls $0.61
*** RIVER *** [Jh Ac 9c 7h] [Th]
webby170: bets $1.30
mumisber: folds 
Uncalled bet ($1.30) returned to webby170
webby170 collected $2.40 from pot
*** SUMMARY ***
Total pot $2.50 | Rake $0.10 
Board [Jh Ac 9c 7h Th]
Seat 1: montreal555 folded before Flop (didn't bet)
Seat 3: herkks folded on the Flop
Seat 4: RottieWisperer folded before Flop (didn't bet)
Seat 5: cubicroot folded before Flop (didn't bet)
Seat 6: mumisber (button) folded on the River
Seat 8: Dorex2007 (small blind) folded before Flop
Seat 9: webby170 (big blind) collected ($2.40)



PokerStars Hand #238076220776:  Hold'em No Limit ($0.02/$0.05 USD) - 2022/08/18 17:21:02 PT [2022/08/18 20:21:02 ET]
Table 'Imhotep II' 9-max Seat #8 is the button
Seat 3: herkks ($5 in chips) 
Seat 4: RottieWisperer ($6.73 in chips) 
Seat 5: cubicroot ($7.06 in chips) 
Seat 6: mumisber ($3.35 in chips) 
Seat 7: taldo jhon ($2.50 in chips) 
Seat 8: Dorex2007 ($5 in chips) 
Seat 9: webby170 ($6.35 in chips) 
webby170: posts small blind $0.02
montreal555: is sitting out 
matt blakk has timed out while disconnected
matt blakk: is sitting out 
herkks: posts big blind $0.05
taldo jhon: posts big blind $0.05
*** HOLE CARDS ***
Dealt to Dorex2007 [5c 3c]
RottieWisperer: raises $0.10 to $0.15
cubicroot: folds 
mumisber has timed out
mumisber: folds 
taldo jhon: folds 
Dorex2007: folds 
webby170: folds 
herkks: folds 
Uncalled bet ($0.10) returned to RottieWisperer
RottieWisperer collected $0.17 from pot
RottieWisperer: doesn't show hand 
*** SUMMARY ***
Total pot $0.17 | Rake $0 
Seat 3: herkks (big blind) folded before Flop
Seat 4: RottieWisperer collected ($0.17)
Seat 5: cubicroot folded before Flop (didn't bet)
Seat 6: mumisber folded before Flop (didn't bet)
Seat 7: taldo jhon folded before Flop (didn't bet)
Seat 8: Dorex2007 (button) folded before Flop (didn't bet)
Seat 9: webby170 (small blind) folded before Flop



PokerStars Hand #238076233654:  Hold'em No Limit ($0.02/$0.05 USD) - 2022/08/18 17:21:58 PT [2022/08/18 20:21:58 ET]
Table 'Imhotep II' 9-max Seat #9 is the button
Seat 3: herkks ($5 in chips) 
Seat 5: cubicroot ($7.06 in chips) 
Seat 7: taldo jhon ($2.45 in chips) 
Seat 8: Dorex2007 ($5 in chips) 
Seat 9: webby170 ($6.33 in chips) 
herkks: posts small blind $0.02
RottieWisperer: is sitting out 
cubicroot: posts big blind $0.05
*** HOLE CARDS ***
Dealt to Dorex2007 [8c 5h]
RottieWisperer leaves the table
taldo jhon: raises $0.05 to $0.10
Dorex2007: folds 
withnohandlebar joins the table at seat #4 
webby170: folds 
herkks: folds 
cubicroot: folds 
Uncalled bet ($0.05) returned to taldo jhon
taldo jhon collected $0.12 from pot
*** SUMMARY ***
Total pot $0.12 | Rake $0 
Seat 3: herkks (small blind) folded before Flop
Seat 5: cubicroot (big blind) folded before Flop
Seat 7: taldo jhon collected ($0.12)
Seat 8: Dorex2007 folded before Flop (didn't bet)
Seat 9: webby170 (button) folded before Flop (didn't bet)



PokerStars Hand #238076238892:  Hold'em No Limit ($0.02/$0.05 USD) - 2022/08/18 17:22:20 PT [2022/08/18 20:22:20 ET]
Table 'Imhotep II' 9-max Seat #3 is the button
Seat 3: herkks ($5 in chips) 
Seat 5: cubicroot ($7.01 in chips) 
Seat 6: mumisber ($3.35 in chips) 
Seat 7: taldo jhon ($2.52 in chips) 
Seat 8: Dorex2007 ($5 in chips) 
Seat 9: webby170 ($6.33 in chips) 
cubicroot: posts small blind $0.02
mumisber: posts big blind $0.05
matt blakk: sits out 
*** HOLE CARDS ***
Dealt to Dorex2007 [Jd Kc]
taldo jhon: folds 
Dorex2007: folds 
webby170: folds 
herkks: folds 
cubicroot: folds 
Uncalled bet ($0.03) returned to mumisber
mumisber collected $0.04 from pot
*** SUMMARY ***
Total pot $0.04 | Rake $0 
Seat 3: herkks (button) folded before Flop (didn't bet)
Seat 5: cubicroot (small blind) folded before Flop
Seat 6: mumisber (big blind) collected ($0.04)
Seat 7: taldo jhon folded before Flop (didn't bet)
Seat 8: Dorex2007 folded before Flop (didn't bet)
Seat 9: webby170 folded before Flop (didn't bet)



PokerStars Hand #238076245201:  Hold'em No Limit ($0.02/$0.05 USD) - 2022/08/18 17:22:47 PT [2022/08/18 20:22:47 ET]
Table 'Imhotep II' 9-max Seat #5 is the button
Seat 3: herkks ($5 in chips) 
Seat 4: withnohandlebar ($5 in chips) 
Seat 5: cubicroot ($6.99 in chips) 
Seat 6: mumisber ($3.37 in chips) 
Seat 7: taldo jhon ($2.52 in chips) 
Seat 8: Dorex2007 ($5 in chips) 
Seat 9: webby170 ($6.33 in chips) 
mumisber: posts small blind $0.02
taldo jhon: posts big blind $0.05
matt blakk: sits out 
withnohandlebar: posts big blind $0.05
*** HOLE CARDS ***
Dealt to Dorex2007 [8c 4s]
Dorex2007: folds 
webby170: folds 
herkks: folds 
withnohandlebar: checks 
cubicroot: folds 
mumisber: folds 
taldo jhon: checks 
*** FLOP *** [Qd Qs 3d]
taldo jhon: checks 
withnohandlebar: bets $0.05
taldo jhon: calls $0.05
*** TURN *** [Qd Qs 3d] [7h]
taldo jhon: checks 
withnohandlebar: bets $0.16
taldo jhon: folds 
Uncalled bet ($0.16) returned to withnohandlebar
withnohandlebar collected $0.21 from pot
*** SUMMARY ***
Total pot $0.22 | Rake $0.01 
Board [Qd Qs 3d 7h]
Seat 3: herkks folded before Flop (didn't bet)
Seat 4: withnohandlebar collected ($0.21)
Seat 5: cubicroot (button) folded before Flop (didn't bet)
Seat 6: mumisber (small blind) folded before Flop
Seat 7: taldo jhon (big blind) folded on the Turn
Seat 8: Dorex2007 folded before Flop (didn't bet)
Seat 9: webby170 folded before Flop (didn't bet)



PokerStars Hand #238076262923:  Hold'em No Limit ($0.02/$0.05 USD) - 2022/08/18 17:23:57 PT [2022/08/18 20:23:57 ET]
Table 'Imhotep II' 9-max Seat #6 is the button
Seat 3: herkks ($5 in chips) 
Seat 4: withnohandlebar ($5.11 in chips) 
Seat 5: cubicroot ($6.99 in chips) 
Seat 6: mumisber ($3.35 in chips) 
Seat 7: taldo jhon ($2.42 in chips) 
Seat 8: Dorex2007 ($5 in chips) 
Seat 9: webby170 ($6.33 in chips) 
taldo jhon: posts small blind $0.02
Dorex2007: posts big blind $0.05
matt blakk: sits out 
*** HOLE CARDS ***
Dealt to Dorex2007 [5c 3d]
webby170: folds 
herkks: folds 
withnohandlebar: folds 
cubicroot: folds 
mumisber: raises $0.10 to $0.15
taldo jhon: folds 
Dorex2007: folds 
Uncalled bet ($0.10) returned to mumisber
mumisber collected $0.12 from pot
*** SUMMARY ***
Total pot $0.12 | Rake $0 
Seat 3: herkks folded before Flop (didn't bet)
Seat 4: withnohandlebar folded before Flop (didn't bet)
Seat 5: cubicroot folded before Flop (didn't bet)
Seat 6: mumisber (button) collected ($0.12)
Seat 7: taldo jhon (small blind) folded before Flop
Seat 8: Dorex2007 (big blind) folded before Flop
Seat 9: webby170 folded before Flop (didn't bet)



PokerStars Hand #238076268205:  Hold'em No Limit ($0.02/$0.05 USD) - 2022/08/18 17:24:20 PT [2022/08/18 20:24:20 ET]
Table 'Imhotep II' 9-max Seat #7 is the button
Seat 3: herkks ($5 in chips) 
Seat 4: withnohandlebar ($5.11 in chips) 
Seat 5: cubicroot ($6.99 in chips) 
Seat 6: mumisber ($3.42 in chips) 
Seat 7: taldo jhon ($2.40 in chips) 
Seat 8: Dorex2007 ($5 in chips) 
Seat 9: webby170 ($6.33 in chips) 
Dorex2007: posts small blind $0.02
webby170: posts big blind $0.05
matt blakk: sits out 
*** HOLE CARDS ***
Dealt to Dorex2007 [Qc 6d]
herkks: folds 
withnohandlebar: folds 
cubicroot: folds 
mumisber: folds 
taldo jhon: raises $0.10 to $0.15
Dorex2007: folds 
webby170: calls $0.10
*** FLOP *** [Ts 4d Th]
webby170: checks 
taldo jhon: bets $0.21
webby170: calls $0.21
*** TURN *** [Ts 4d Th] [4c]
webby170: checks 
taldo jhon: bets $0.44
webby170: calls $0.44
*** RIVER *** [Ts 4d Th 4c] [As]
webby170: checks 
taldo jhon: bets $0.51
webby170: calls $0.51
*** SHOW DOWN ***
taldo jhon: shows [8c 8s] (two pair, Tens and Eights)
webby170: shows [4h Ad] (a full house, Fours full of Aces)
webby170 collected $2.53 from pot
*** SUMMARY ***
Total pot $2.64 | Rake $0.11 
Board [Ts 4d Th 4c As]
Seat 3: herkks folded before Flop (didn't bet)
Seat 4: withnohandlebar folded before Flop (didn't bet)
Seat 5: cubicroot folded before Flop (didn't bet)
Seat 6: mumisber folded before Flop (didn't bet)
Seat 7: taldo jhon (button) showed [8c 8s] and lost with two pair, Tens and Eights
Seat 8: Dorex2007 (small blind) folded before Flop
Seat 9: webby170 (big blind) showed [4h Ad] and won ($2.53) with a full house, Fours full of Aces



PokerStars Hand #238076283114:  Hold'em No Limit ($0.02/$0.05 USD) - 2022/08/18 17:25:25 PT [2022/08/18 20:25:25 ET]
Table 'Imhotep II' 9-max Seat #8 is the button
Seat 2: matt blakk ($5 in chips) 
Seat 3: herkks ($5 in chips) 
Seat 4: withnohandlebar ($5.11 in chips) 
Seat 5: cubicroot ($6.99 in chips) 
Seat 6: mumisber ($3.42 in chips) 
Seat 7: taldo jhon ($1.09 in chips) 
Seat 8: Dorex2007 ($5 in chips) 
Seat 9: webby170 ($7.55 in chips) 
webby170: posts small blind $0.02
matt blakk: posts big blind $0.05
*** HOLE CARDS ***
Dealt to Dorex2007 [6h 8d]
herkks: folds 
withnohandlebar: folds 
cubicroot: folds 
mumisber: folds 
taldo jhon: folds 
Dorex2007: folds 
webby170: raises $0.06 to $0.11
matt blakk: calls $0.06
*** FLOP *** [2d 5d 5h]
webby170: checks 
matt blakk: checks 
*** TURN *** [2d 5d 5h] [2s]
webby170: checks 
matt blakk: checks 
*** RIVER *** [2d 5d 5h 2s] [Jc]
webby170: checks 
matt blakk: bets $0.16
webby170: folds [Ks As]
Uncalled bet ($0.16) returned to matt blakk
matt blakk collected $0.21 from pot
*** SUMMARY ***
Total pot $0.22 | Rake $0.01 
Board [2d 5d 5h 2s Jc]
Seat 2: matt blakk (big blind) collected ($0.21)
Seat 3: herkks folded before Flop (didn't bet)
Seat 4: withnohandlebar folded before Flop (didn't bet)
Seat 5: cubicroot folded before Flop (didn't bet)
Seat 6: mumisber folded before Flop (didn't bet)
Seat 7: taldo jhon folded before Flop (didn't bet)
Seat 8: Dorex2007 (button) folded before Flop (didn't bet)
Seat 9: webby170 (small blind) folded on the River



PokerStars Hand #238076301722:  Hold'em No Limit ($0.02/$0.05 USD) - 2022/08/18 17:26:41 PT [2022/08/18 20:26:41 ET]
Table 'Imhotep II' 9-max Seat #9 is the button
Seat 2: matt blakk ($5.10 in chips) 
Seat 3: herkks ($5 in chips) 
Seat 4: withnohandlebar ($5.11 in chips) 
Seat 5: cubicroot ($6.99 in chips) 
Seat 6: mumisber ($3.42 in chips) 
Seat 7: taldo jhon ($1.09 in chips) 
Seat 8: Dorex2007 ($5 in chips) 
Seat 9: webby170 ($7.44 in chips) 
matt blakk: posts small blind $0.02
herkks: posts big blind $0.05
*** HOLE CARDS ***
Dealt to Dorex2007 [6s Td]
withnohandlebar: raises $0.05 to $0.10
cubicroot: calls $0.10
mumisber: folds 
taldo jhon: folds 
Dorex2007: folds 
webby170: folds 
matt blakk: calls $0.08
herkks: calls $0.05
*** FLOP *** [Js 7h Ad]
matt blakk: checks 
herkks: checks 
withnohandlebar: checks 
cubicroot: bets $0.20
matt blakk: folds 
herkks: folds 
withnohandlebar: folds 
Uncalled bet ($0.20) returned to cubicroot
cubicroot collected $0.38 from pot
cubicroot: doesn't show hand 
*** SUMMARY ***
Total pot $0.40 | Rake $0.02 
Board [Js 7h Ad]
Seat 2: matt blakk (small blind) folded on the Flop
Seat 3: herkks (big blind) folded on the Flop
Seat 4: withnohandlebar folded on the Flop
Seat 5: cubicroot collected ($0.38)
Seat 6: mumisber folded before Flop (didn't bet)
Seat 7: taldo jhon folded before Flop (didn't bet)
Seat 8: Dorex2007 folded before Flop (didn't bet)
Seat 9: webby170 (button) folded before Flop (didn't bet)



PokerStars Hand #238076317535:  Hold'em No Limit ($0.02/$0.05 USD) - 2022/08/18 17:27:51 PT [2022/08/18 20:27:51 ET]
Table 'Imhotep II' 9-max Seat #2 is the button
Seat 2: matt blakk ($5 in chips) 
Seat 3: herkks ($5 in chips) 
Seat 4: withnohandlebar ($5.01 in chips) 
Seat 5: cubicroot ($7.27 in chips) 
Seat 6: mumisber ($3.42 in chips) 
Seat 7: taldo jhon ($1.09 in chips) 
Seat 8: Dorex2007 ($5 in chips) 
Seat 9: webby170 ($7.44 in chips) 
herkks: posts small blind $0.02
withnohandlebar: posts big blind $0.05
*** HOLE CARDS ***
Dealt to Dorex2007 [6h 8s]
cubicroot: folds 
mumisber: folds 
taldo jhon: folds 
Dorex2007: folds 
webby170: raises $0.06 to $0.11
matt blakk: folds 
herkks: folds 
withnohandlebar: raises $0.29 to $0.40
webby170: folds 
Uncalled bet ($0.29) returned to withnohandlebar
withnohandlebar collected $0.24 from pot
*** SUMMARY ***
Total pot $0.24 | Rake $0 
Seat 2: matt blakk (button) folded before Flop (didn't bet)
Seat 3: herkks (small blind) folded before Flop
Seat 4: withnohandlebar (big blind) collected ($0.24)
Seat 5: cubicroot folded before Flop (didn't bet)
Seat 6: mumisber folded before Flop (didn't bet)
Seat 7: taldo jhon folded before Flop (didn't bet)
Seat 8: Dorex2007 folded before Flop (didn't bet)
Seat 9: webby170 folded before Flop



PokerStars Hand #238076326103:  Hold'em No Limit ($0.02/$0.05 USD) - 2022/08/18 17:28:28 PT [2022/08/18 20:28:28 ET]
Table 'Imhotep II' 9-max Seat #3 is the button
Seat 2: matt blakk ($5 in chips) 
Seat 3: herkks ($5 in chips) 
Seat 4: withnohandlebar ($5.14 in chips) 
Seat 5: cubicroot ($7.27 in chips) 
Seat 6: mumisber ($3.42 in chips) 
Seat 7: taldo jhon ($1.09 in chips) 
Seat 8: Dorex2007 ($5 in chips) 
Seat 9: webby170 ($7.33 in chips) 
withnohandlebar: posts small blind $0.02
cubicroot: posts big blind $0.05
*** HOLE CARDS ***
Dealt to Dorex2007 [6d Qd]
mumisber: folds 
taldo jhon: folds 
Dorex2007: folds 
webby170: folds 
matt blakk: folds 
herkks: folds 
withnohandlebar: folds 
Uncalled bet ($0.03) returned to cubicroot
cubicroot collected $0.04 from pot
cubicroot: doesn't show hand 
*** SUMMARY ***
Total pot $0.04 | Rake $0 
Seat 2: matt blakk folded before Flop (didn't bet)
Seat 3: herkks (button) folded before Flop (didn't bet)
Seat 4: withnohandlebar (small blind) folded before Flop
Seat 5: cubicroot (big blind) collected ($0.04)
Seat 6: mumisber folded before Flop (didn't bet)
Seat 7: taldo jhon folded before Flop (didn't bet)
Seat 8: Dorex2007 folded before Flop (didn't bet)
Seat 9: webby170 folded before Flop (didn't bet)



PokerStars Hand #238076328642:  Hold'em No Limit ($0.02/$0.05 USD) - 2022/08/18 17:28:39 PT [2022/08/18 20:28:39 ET]
Table 'Imhotep II' 9-max Seat #4 is the button
Seat 2: matt blakk ($5 in chips) 
Seat 3: herkks ($5 in chips) 
Seat 4: withnohandlebar ($5.12 in chips) 
Seat 5: cubicroot ($7.29 in chips) 
Seat 6: mumisber ($3.42 in chips) 
Seat 7: taldo jhon ($1.09 in chips) 
Seat 8: Dorex2007 ($5 in chips) 
Seat 9: webby170 ($7.33 in chips) 
cubicroot: posts small blind $0.02
mumisber: posts big blind $0.05
*** HOLE CARDS ***
Dealt to Dorex2007 [6h 8d]
taldo jhon: folds 
Dorex2007: folds 
webby170: folds 
matt blakk: folds 
herkks: raises $0.08 to $0.13
withnohandlebar: folds 
cubicroot: folds 
mumisber: folds 
Uncalled bet ($0.08) returned to herkks
herkks collected $0.12 from pot
herkks: doesn't show hand 
*** SUMMARY ***
Total pot $0.12 | Rake $0 
Seat 2: matt blakk folded before Flop (didn't bet)
Seat 3: herkks collected ($0.12)
Seat 4: withnohandlebar (button) folded before Flop (didn't bet)
Seat 5: cubicroot (small blind) folded before Flop
Seat 6: mumisber (big blind) folded before Flop
Seat 7: taldo jhon folded before Flop (didn't bet)
Seat 8: Dorex2007 folded before Flop (didn't bet)
Seat 9: webby170 folded before Flop (didn't bet)



PokerStars Hand #238076341382:  Hold'em No Limit ($0.02/$0.05 USD) - 2022/08/18 17:29:02 PT [2022/08/18 20:29:02 ET]
Table 'Imhotep II' 9-max Seat #5 is the button
Seat 2: matt blakk ($5 in chips) 
Seat 3: herkks ($5.07 in chips) 
Seat 4: withnohandlebar ($5.12 in chips) 
Seat 5: cubicroot ($7.27 in chips) 
Seat 6: mumisber ($3.37 in chips) 
Seat 7: taldo jhon ($1.09 in chips) 
Seat 8: Dorex2007 ($5 in chips) 
Seat 9: webby170 ($7.33 in chips) 
mumisber: posts small blind $0.02
taldo jhon: posts big blind $0.05
*** HOLE CARDS ***
Dealt to Dorex2007 [As 8d]
Dorex2007: folds 
webby170: folds 
matt blakk: folds 
herkks: folds 
withnohandlebar: folds 
cubicroot: folds 
mumisber: raises $0.25 to $0.30
taldo jhon: calls $0.25
*** FLOP *** [8c Kc 5d]
mumisber: checks 
taldo jhon: bets $0.58
mumisber: raises $1.74 to $2.32
taldo jhon: calls $0.21 and is all-in
Uncalled bet ($1.53) returned to mumisber
*** TURN *** [8c Kc 5d] [Td]
*** RIVER *** [8c Kc 5d Td] [Ac]
*** SHOW DOWN ***
mumisber: shows [Kh Ks] (three of a kind, Kings)
taldo jhon: shows [6c Qs] (high card Ace)
mumisber cashed out the hand for $1.94 | Cash Out Fee $0.02
*** SUMMARY ***
Total pot $2.18 | Rake $0.09 
Board [8c Kc 5d Td Ac]
Seat 2: matt blakk folded before Flop (didn't bet)
Seat 3: herkks folded before Flop (didn't bet)
Seat 4: withnohandlebar folded before Flop (didn't bet)
Seat 5: cubicroot (button) folded before Flop (didn't bet)
Seat 6: mumisber (small blind) showed [Kh Ks] and won ($2.09) with three of a kind, Kings (pot not awarded as player cashed out)
Seat 7: taldo jhon (big blind) showed [6c Qs] and lost with high card Ace
Seat 8: Dorex2007 folded before Flop (didn't bet)
Seat 9: webby170 folded before Flop (didn't bet)



PokerStars Hand #238076354593:  Hold'em No Limit ($0.02/$0.05 USD) - 2022/08/18 17:30:01 PT [2022/08/18 20:30:01 ET]
Table 'Imhotep II' 9-max Seat #6 is the button
Seat 2: matt blakk ($5 in chips) 
Seat 3: herkks ($5.07 in chips) 
Seat 4: withnohandlebar ($5.12 in chips) 
Seat 5: cubicroot ($7.27 in chips) 
Seat 6: mumisber ($4.22 in chips) 
Seat 8: Dorex2007 ($5 in chips) 
Seat 9: webby170 ($7.33 in chips) 
Dorex2007: posts small blind $0.02
webby170: posts big blind $0.05
*** HOLE CARDS ***
Dealt to Dorex2007 [Jc 3c]
taldo jhon leaves the table
matt blakk: raises $0.10 to $0.15
herkks: folds 
withnohandlebar: folds 
cubicroot: folds 
mumisber: folds 
Dorex2007: folds 
webby170: calls $0.10
*** FLOP *** [5h 2c 4c]
AleMagno25 joins the table at seat #7 
webby170: checks 
matt blakk: bets $0.20
webby170: calls $0.20
*** TURN *** [5h 2c 4c] [Qd]
webby170: checks 
matt blakk: bets $0.32
webby170: calls $0.32
*** RIVER *** [5h 2c 4c Qd] [4s]
webby170: checks 
matt blakk: checks 
*** SHOW DOWN ***
webby170: shows [5s Ts] (two pair, Fives and Fours)
matt blakk: mucks hand 
webby170 collected $1.30 from pot
*** SUMMARY ***
Total pot $1.36 | Rake $0.06 
Board [5h 2c 4c Qd 4s]
Seat 2: matt blakk mucked [Kc Ac]
Seat 3: herkks folded before Flop (didn't bet)
Seat 4: withnohandlebar folded before Flop (didn't bet)
Seat 5: cubicroot folded before Flop (didn't bet)
Seat 6: mumisber (button) folded before Flop (didn't bet)
Seat 8: Dorex2007 (small blind) folded before Flop
Seat 9: webby170 (big blind) showed [5s Ts] and won ($1.30) with two pair, Fives and Fours



PokerStars Hand #238076367291:  Hold'em No Limit ($0.02/$0.05 USD) - 2022/08/18 17:30:57 PT [2022/08/18 20:30:57 ET]
Table 'Imhotep II' 9-max Seat #8 is the button
Seat 1: montreal555 ($5.16 in chips) 
Seat 2: matt blakk ($4.33 in chips) 
Seat 3: herkks ($5.07 in chips) 
Seat 4: withnohandlebar ($5.12 in chips) 
Seat 5: cubicroot ($7.27 in chips) 
Seat 6: mumisber ($4.22 in chips) 
Seat 7: AleMagno25 ($5 in chips) 
Seat 8: Dorex2007 ($5 in chips) 
Seat 9: webby170 ($7.96 in chips) 
webby170: posts small blind $0.02
montreal555: posts big blind $0.05
AleMagno25: posts big blind $0.05
*** HOLE CARDS ***
Dealt to Dorex2007 [8h Qd]
matt blakk: folds 
herkks: folds 
withnohandlebar: folds 
cubicroot: folds 
mumisber: folds 
AleMagno25: checks 
Dorex2007: folds 
webby170: folds 
montreal555: checks 
*** FLOP *** [2c 9c 5s]
montreal555: checks 
AleMagno25: checks 
*** TURN *** [2c 9c 5s] [Jc]
montreal555: bets $0.05
AleMagno25: calls $0.05
*** RIVER *** [2c 9c 5s Jc] [6s]
montreal555: bets $0.05
AleMagno25: calls $0.05
*** SHOW DOWN ***
montreal555: shows [Jd 4s] (a pair of Jacks)
AleMagno25: mucks hand 
montreal555 collected $0.31 from pot
*** SUMMARY ***
Total pot $0.32 | Rake $0.01 
Board [2c 9c 5s Jc 6s]
Seat 1: montreal555 (big blind) showed [Jd 4s] and won ($0.31) with a pair of Jacks
Seat 2: matt blakk folded before Flop (didn't bet)
Seat 3: herkks folded before Flop (didn't bet)
Seat 4: withnohandlebar folded before Flop (didn't bet)
Seat 5: cubicroot folded before Flop (didn't bet)
Seat 6: mumisber folded before Flop (didn't bet)
Seat 7: AleMagno25 mucked [2h 3d]
Seat 8: Dorex2007 (button) folded before Flop (didn't bet)
Seat 9: webby170 (small blind) folded before Flop



PokerStars Hand #238076384430:  Hold'em No Limit ($0.02/$0.05 USD) - 2022/08/18 17:31:56 PT [2022/08/18 20:31:56 ET]
Table 'Imhotep II' 9-max Seat #9 is the button
Seat 1: montreal555 ($5.32 in chips) 
Seat 2: matt blakk ($4.33 in chips) 
Seat 3: herkks ($5.07 in chips) 
Seat 4: withnohandlebar ($5.12 in chips) 
Seat 5: cubicroot ($7.27 in chips) 
Seat 6: mumisber ($4.22 in chips) 
Seat 7: AleMagno25 ($4.85 in chips) 
Seat 8: Dorex2007 ($5 in chips) 
Seat 9: webby170 ($7.94 in chips) 
montreal555: posts small blind $0.02
matt blakk: posts big blind $0.05
*** HOLE CARDS ***
Dealt to Dorex2007 [3h 3s]
herkks: folds 
withnohandlebar: folds 
cubicroot: folds 
mumisber: folds 
AleMagno25: folds 
Dorex2007: folds 
webby170: folds 
montreal555: folds 
Uncalled bet ($0.03) returned to matt blakk
matt blakk collected $0.04 from pot
*** SUMMARY ***
Total pot $0.04 | Rake $0 
Seat 1: montreal555 (small blind) folded before Flop
Seat 2: matt blakk (big blind) collected ($0.04)
Seat 3: herkks folded before Flop (didn't bet)
Seat 4: withnohandlebar folded before Flop (didn't bet)
Seat 5: cubicroot folded before Flop (didn't bet)
Seat 6: mumisber folded before Flop (didn't bet)
Seat 7: AleMagno25 folded before Flop (didn't bet)
Seat 8: Dorex2007 folded before Flop (didn't bet)
Seat 9: webby170 (button) folded before Flop (didn't bet)



PokerStars Hand #238076388842:  Hold'em No Limit ($0.02/$0.05 USD) - 2022/08/18 17:32:15 PT [2022/08/18 20:32:15 ET]
Table 'Imhotep II' 9-max Seat #1 is the button
Seat 1: montreal555 ($5.30 in chips) 
Seat 2: matt blakk ($4.35 in chips) 
Seat 3: herkks ($5.07 in chips) 
Seat 4: withnohandlebar ($5.12 in chips) 
Seat 5: cubicroot ($7.27 in chips) 
Seat 6: mumisber ($4.22 in chips) 
Seat 7: AleMagno25 ($4.85 in chips) 
Seat 8: Dorex2007 ($5 in chips) 
Seat 9: webby170 ($7.94 in chips) 
matt blakk: posts small blind $0.02
herkks: posts big blind $0.05
*** HOLE CARDS ***
Dealt to Dorex2007 [8s 6s]
withnohandlebar: folds 
cubicroot: folds 
mumisber: folds 
AleMagno25: calls $0.05
Dorex2007: folds 
webby170: folds 
montreal555: folds 
matt blakk: folds 
herkks: checks 
*** FLOP *** [9s 5h 3d]
herkks: checks 
AleMagno25: bets $0.06
herkks: folds 
Uncalled bet ($0.06) returned to AleMagno25
AleMagno25 collected $0.12 from pot
AleMagno25: doesn't show hand 
*** SUMMARY ***
Total pot $0.12 | Rake $0 
Board [9s 5h 3d]
Seat 1: montreal555 (button) folded before Flop (didn't bet)
Seat 2: matt blakk (small blind) folded before Flop
Seat 3: herkks (big blind) folded on the Flop
Seat 4: withnohandlebar folded before Flop (didn't bet)
Seat 5: cubicroot folded before Flop (didn't bet)
Seat 6: mumisber folded before Flop (didn't bet)
Seat 7: AleMagno25 collected ($0.12)
Seat 8: Dorex2007 folded before Flop (didn't bet)
Seat 9: webby170 folded before Flop (didn't bet)



PokerStars Hand #238076399504:  Hold'em No Limit ($0.02/$0.05 USD) - 2022/08/18 17:33:02 PT [2022/08/18 20:33:02 ET]
Table 'Imhotep II' 9-max Seat #2 is the button
Seat 1: montreal555 ($5.30 in chips) 
Seat 2: matt blakk ($4.33 in chips) 
Seat 3: herkks ($5.02 in chips) 
Seat 4: withnohandlebar ($5.12 in chips) 
Seat 5: cubicroot ($7.27 in chips) 
Seat 6: mumisber ($4.22 in chips) 
Seat 7: AleMagno25 ($4.92 in chips) 
Seat 8: Dorex2007 ($5 in chips) 
Seat 9: webby170 ($7.94 in chips) 
herkks: posts small blind $0.02
withnohandlebar: posts big blind $0.05
*** HOLE CARDS ***
Dealt to Dorex2007 [Ad 4c]
cubicroot: folds 
mumisber: folds 
AleMagno25: folds 
Dorex2007: folds 
webby170: raises $0.06 to $0.11
montreal555: folds 
matt blakk: calls $0.11
herkks: folds 
withnohandlebar: raises $0.34 to $0.45
webby170: folds 
matt blakk: calls $0.34
*** FLOP *** [5c 9c 3h]
withnohandlebar: bets $0.45
matt blakk: calls $0.45
*** TURN *** [5c 9c 3h] [Qh]
withnohandlebar: bets $1.39
matt blakk: folds 
Uncalled bet ($1.39) returned to withnohandlebar
withnohandlebar collected $1.85 from pot
*** SUMMARY ***
Total pot $1.93 | Rake $0.08 
Board [5c 9c 3h Qh]
Seat 1: montreal555 folded before Flop (didn't bet)
Seat 2: matt blakk (button) folded on the Turn
Seat 3: herkks (small blind) folded before Flop
Seat 4: withnohandlebar (big blind) collected ($1.85)
Seat 5: cubicroot folded before Flop (didn't bet)
Seat 6: mumisber folded before Flop (didn't bet)
Seat 7: AleMagno25 folded before Flop (didn't bet)
Seat 8: Dorex2007 folded before Flop (didn't bet)
Seat 9: webby170 folded before Flop



PokerStars Hand #238076420717:  Hold'em No Limit ($0.02/$0.05 USD) - 2022/08/18 17:34:36 PT [2022/08/18 20:34:36 ET]
Table 'Imhotep II' 9-max Seat #3 is the button
Seat 1: montreal555 ($5.30 in chips) 
Seat 2: matt blakk ($3.43 in chips) 
Seat 3: herkks ($5 in chips) 
Seat 4: withnohandlebar ($6.07 in chips) 
Seat 5: cubicroot ($7.27 in chips) 
Seat 6: mumisber ($4.22 in chips) 
Seat 7: AleMagno25 ($4.92 in chips) 
Seat 8: Dorex2007 ($5 in chips) 
Seat 9: webby170 ($7.83 in chips) 
withnohandlebar: posts small blind $0.02
cubicroot: posts big blind $0.05
*** HOLE CARDS ***
Dealt to Dorex2007 [6d Qs]
mumisber: folds 
AleMagno25: folds 
Dorex2007: folds 
webby170: raises $0.06 to $0.11
montreal555: folds 
matt blakk: folds 
herkks: folds 
withnohandlebar: folds 
cubicroot: calls $0.06
*** FLOP *** [Th Td 9d]
cubicroot: checks 
webby170: bets $0.11
cubicroot: calls $0.11
*** TURN *** [Th Td 9d] [Jc]
cubicroot: checks 
webby170: checks 
*** RIVER *** [Th Td 9d Jc] [3h]
cubicroot: bets $0.44
webby170: folds [7c 7d]
Uncalled bet ($0.44) returned to cubicroot
cubicroot collected $0.44 from pot
cubicroot: doesn't show hand 
*** SUMMARY ***
Total pot $0.46 | Rake $0.02 
Board [Th Td 9d Jc 3h]
Seat 1: montreal555 folded before Flop (didn't bet)
Seat 2: matt blakk folded before Flop (didn't bet)
Seat 3: herkks (button) folded before Flop (didn't bet)
Seat 4: withnohandlebar (small blind) folded before Flop
Seat 5: cubicroot (big blind) collected ($0.44)
Seat 6: mumisber folded before Flop (didn't bet)
Seat 7: AleMagno25 folded before Flop (didn't bet)
Seat 8: Dorex2007 folded before Flop (didn't bet)
Seat 9: webby170 folded on the River



PokerStars Hand #238076432295:  Hold'em No Limit ($0.02/$0.05 USD) - 2022/08/18 17:35:27 PT [2022/08/18 20:35:27 ET]
Table 'Imhotep II' 9-max Seat #4 is the button
Seat 1: montreal555 ($5.30 in chips) 
Seat 2: matt blakk ($3.43 in chips) 
Seat 3: herkks ($5 in chips) 
Seat 4: withnohandlebar ($6.05 in chips) 
Seat 5: cubicroot ($7.49 in chips) 
Seat 6: mumisber ($4.22 in chips) 
Seat 7: AleMagno25 ($4.92 in chips) 
Seat 8: Dorex2007 ($5 in chips) 
Seat 9: webby170 ($7.61 in chips) 
cubicroot: posts small blind $0.02
mumisber: posts big blind $0.05
*** HOLE CARDS ***
Dealt to Dorex2007 [Qh Js]
AleMagno25: folds 
Dorex2007: folds 
webby170: raises $0.06 to $0.11
montreal555: folds 
matt blakk: folds 
herkks: folds 
withnohandlebar: folds 
cubicroot: folds 
mumisber: folds 
Uncalled bet ($0.06) returned to webby170
webby170 collected $0.12 from pot
webby170: doesn't show hand 
*** SUMMARY ***
Total pot $0.12 | Rake $0 
Seat 1: montreal555 folded before Flop (didn't bet)
Seat 2: matt blakk folded before Flop (didn't bet)
Seat 3: herkks folded before Flop (didn't bet)
Seat 4: withnohandlebar (button) folded before Flop (didn't bet)
Seat 5: cubicroot (small blind) folded before Flop
Seat 6: mumisber (big blind) folded before Flop
Seat 7: AleMagno25 folded before Flop (didn't bet)
Seat 8: Dorex2007 folded before Flop (didn't bet)
Seat 9: webby170 collected ($0.12)



PokerStars Hand #238076438337:  Hold'em No Limit ($0.02/$0.05 USD) - 2022/08/18 17:35:53 PT [2022/08/18 20:35:53 ET]
Table 'Imhotep II' 9-max Seat #5 is the button
Seat 1: montreal555 ($5.30 in chips) 
Seat 2: matt blakk ($3.43 in chips) 
Seat 3: herkks ($5 in chips) 
Seat 4: withnohandlebar ($6.05 in chips) 
Seat 5: cubicroot ($7.47 in chips) 
Seat 6: mumisber ($4.17 in chips) 
Seat 7: AleMagno25 ($4.92 in chips) 
Seat 8: Dorex2007 ($5 in chips) 
Seat 9: webby170 ($7.68 in chips) 
mumisber: posts small blind $0.02
AleMagno25: posts big blind $0.05
*** HOLE CARDS ***
Dealt to Dorex2007 [4s 6s]
Dorex2007: folds 
webby170: folds 
montreal555: folds 
matt blakk: folds 
herkks: folds 
withnohandlebar: raises $0.05 to $0.10
cubicroot: folds 
mumisber: folds 
AleMagno25: calls $0.05
*** FLOP *** [4d 6h 5h]
AleMagno25: checks 
withnohandlebar: checks 
*** TURN *** [4d 6h 5h] [5c]
AleMagno25: checks 
withnohandlebar: checks 
*** RIVER *** [4d 6h 5h 5c] [7c]
AleMagno25: checks 
withnohandlebar: checks 
*** SHOW DOWN ***
AleMagno25: shows [9h 7d] (two pair, Sevens and Fives)
withnohandlebar: shows [Kc 3c] (a straight, Three to Seven)
withnohandlebar collected $0.21 from pot
*** SUMMARY ***
Total pot $0.22 | Rake $0.01 
Board [4d 6h 5h 5c 7c]
Seat 1: montreal555 folded before Flop (didn't bet)
Seat 2: matt blakk folded before Flop (didn't bet)
Seat 3: herkks folded before Flop (didn't bet)
Seat 4: withnohandlebar showed [Kc 3c] and won ($0.21) with a straight, Three to Seven
Seat 5: cubicroot (button) folded before Flop (didn't bet)
Seat 6: mumisber (small blind) folded before Flop
Seat 7: AleMagno25 (big blind) showed [9h 7d] and lost with two pair, Sevens and Fives
Seat 8: Dorex2007 folded before Flop (didn't bet)
Seat 9: webby170 folded before Flop (didn't bet)



PokerStars Hand #238076450705:  Hold'em No Limit ($0.02/$0.05 USD) - 2022/08/18 17:36:48 PT [2022/08/18 20:36:48 ET]
Table 'Imhotep II' 9-max Seat #6 is the button
Seat 1: montreal555 ($5.30 in chips) 
Seat 2: matt blakk ($3.43 in chips) 
Seat 3: herkks ($5 in chips) 
Seat 4: withnohandlebar ($6.16 in chips) 
Seat 5: cubicroot ($7.47 in chips) 
Seat 6: mumisber ($4.15 in chips) 
Seat 7: AleMagno25 ($4.82 in chips) 
Seat 8: Dorex2007 ($5 in chips) 
Seat 9: webby170 ($7.68 in chips) 
AleMagno25: posts small blind $0.02
Dorex2007: posts big blind $0.05
*** HOLE CARDS ***
Dealt to Dorex2007 [Kh 5d]
webby170: folds 
montreal555: folds 
matt blakk: folds 
herkks: folds 
withnohandlebar: folds 
cubicroot: folds 
mumisber: folds 
AleMagno25: calls $0.03
Dorex2007: checks 
*** FLOP *** [As Qh Ks]
AleMagno25: checks 
Dorex2007: checks 
*** TURN *** [As Qh Ks] [9d]
AleMagno25: checks 
Dorex2007: checks 
*** RIVER *** [As Qh Ks 9d] [5h]
AleMagno25: checks 
Dorex2007: checks 
*** SHOW DOWN ***
AleMagno25: shows [4s 9c] (a pair of Nines)
Dorex2007: shows [Kh 5d] (two pair, Kings and Fives)
Dorex2007 collected $0.10 from pot
*** SUMMARY ***
Total pot $0.10 | Rake $0 
Board [As Qh Ks 9d 5h]
Seat 1: montreal555 folded before Flop (didn't bet)
Seat 2: matt blakk folded before Flop (didn't bet)
Seat 3: herkks folded before Flop (didn't bet)
Seat 4: withnohandlebar folded before Flop (didn't bet)
Seat 5: cubicroot folded before Flop (didn't bet)
Seat 6: mumisber (button) folded before Flop (didn't bet)
Seat 7: AleMagno25 (small blind) showed [4s 9c] and lost with a pair of Nines
Seat 8: Dorex2007 (big blind) showed [Kh 5d] and won ($0.10) with two pair, Kings and Fives
Seat 9: webby170 folded before Flop (didn't bet)



PokerStars Hand #238076460921:  Hold'em No Limit ($0.02/$0.05 USD) - 2022/08/18 17:37:34 PT [2022/08/18 20:37:34 ET]
Table 'Imhotep II' 9-max Seat #7 is the button
Seat 1: montreal555 ($5.30 in chips) 
Seat 2: matt blakk ($5 in chips) 
Seat 3: herkks ($5 in chips) 
Seat 4: withnohandlebar ($6.16 in chips) 
Seat 5: cubicroot ($7.47 in chips) 
Seat 6: mumisber ($4.15 in chips) 
Seat 7: AleMagno25 ($4.77 in chips) 
Seat 8: Dorex2007 ($5.05 in chips) 
Seat 9: webby170 ($7.68 in chips) 
Dorex2007: posts small blind $0.02
webby170: posts big blind $0.05
*** HOLE CARDS ***
Dealt to Dorex2007 [Jh Qh]
montreal555: folds 
matt blakk: raises $0.10 to $0.15
herkks: folds 
withnohandlebar: calls $0.15
cubicroot: folds 
mumisber: folds 
AleMagno25: folds 
Dorex2007: folds 
webby170: calls $0.10
*** FLOP *** [9d Ts 9c]
webby170: checks 
matt blakk: bets $0.14
withnohandlebar: calls $0.14
webby170: folds 
*** TURN *** [9d Ts 9c] [2s]
matt blakk: bets $0.40
withnohandlebar: calls $0.40
*** RIVER *** [9d Ts 9c 2s] [9s]
matt blakk: bets $1.01
withnohandlebar: calls $1.01
*** SHOW DOWN ***
matt blakk: shows [Th As] (a full house, Nines full of Tens)
withnohandlebar: shows [7c Tc] (a full house, Nines full of Tens)
matt blakk collected $1.71 from pot
withnohandlebar collected $1.71 from pot
*** SUMMARY ***
Total pot $3.57 | Rake $0.15 
Board [9d Ts 9c 2s 9s]
Seat 1: montreal555 folded before Flop (didn't bet)
Seat 2: matt blakk showed [Th As] and won ($1.71) with a full house, Nines full of Tens
Seat 3: herkks folded before Flop (didn't bet)
Seat 4: withnohandlebar showed [7c Tc] and won ($1.71) with a full house, Nines full of Tens
Seat 5: cubicroot folded before Flop (didn't bet)
Seat 6: mumisber folded before Flop (didn't bet)
Seat 7: AleMagno25 (button) folded before Flop (didn't bet)
Seat 8: Dorex2007 (small blind) folded before Flop
Seat 9: webby170 (big blind) folded on the Flop



PokerStars Hand #238076477467:  Hold'em No Limit ($0.02/$0.05 USD) - 2022/08/18 17:38:48 PT [2022/08/18 20:38:48 ET]
Table 'Imhotep II' 9-max Seat #8 is the button
Seat 1: montreal555 ($5.30 in chips) 
Seat 2: matt blakk ($5.01 in chips) 
Seat 3: herkks ($5 in chips) 
Seat 4: withnohandlebar ($6.17 in chips) 
Seat 5: cubicroot ($7.47 in chips) 
Seat 6: mumisber ($4.15 in chips) 
Seat 7: AleMagno25 ($4.77 in chips) 
Seat 8: Dorex2007 ($5.03 in chips) 
Seat 9: webby170 ($7.53 in chips) 
webby170: posts small blind $0.02
montreal555: posts big blind $0.05
*** HOLE CARDS ***
Dealt to Dorex2007 [7h Ac]
matt blakk: folds 
herkks: folds 
withnohandlebar: folds 
cubicroot: folds 
mumisber: folds 
AleMagno25: folds 
Dorex2007: folds 
webby170: folds 
Uncalled bet ($0.03) returned to montreal555
montreal555 collected $0.04 from pot
*** SUMMARY ***
Total pot $0.04 | Rake $0 
Seat 1: montreal555 (big blind) collected ($0.04)
Seat 2: matt blakk folded before Flop (didn't bet)
Seat 3: herkks folded before Flop (didn't bet)
Seat 4: withnohandlebar folded before Flop (didn't bet)
Seat 5: cubicroot folded before Flop (didn't bet)
Seat 6: mumisber folded before Flop (didn't bet)
Seat 7: AleMagno25 folded before Flop (didn't bet)
Seat 8: Dorex2007 (button) folded before Flop (didn't bet)
Seat 9: webby170 (small blind) folded before Flop



