PokerStars Hand #233820134629:  Hold'em No Limit ($0.01/$0.02 USD) - 2022/02/05 22:52:16 PT [2022/02/06 1:52:16 ET]
Table 'Sphinx III' 9-max Seat #6 is the button
Seat 1: electric2261 ($0.78 in chips) 
Seat 2: umka186 ($2.07 in chips) 
Seat 3: Dorex2007 ($2 in chips) 
Seat 4: bojnice21 ($2.18 in chips) 
Seat 6: sansisbai ($4.15 in chips) 
Seat 7: jason198331 ($1.97 in chips) 
Seat 8: Kostia37 ($1.57 in chips) 
Seat 9: Lutaapi ($1.29 in chips) 
jason198331: posts small blind $0.01
Kostia37: posts big blind $0.02
Dorex2007: posts big blind $0.02
*** HOLE CARDS ***
Dealt to Dorex2007 [Qc 5s]
Lutaapi: calls $0.02
electric2261: folds 
umka186: folds 
Dorex2007: checks 
bojnice21: folds 
sansisbai: raises $0.12 to $0.14
jason198331: folds 
Kostia37: calls $0.12
Lutaapi: folds 
Dorex2007: folds 
*** FLOP *** [2h 3s 7c]
Kostia37: checks 
sansisbai: bets $0.32
Kostia37: folds 
Uncalled bet ($0.32) returned to sansisbai
sansisbai collected $0.32 from pot
sansisbai: doesn't show hand 
*** SUMMARY ***
Total pot $0.33 | Rake $0.01 
Board [2h 3s 7c]
Seat 1: electric2261 folded before Flop (didn't bet)
Seat 2: umka186 folded before Flop (didn't bet)
Seat 3: Dorex2007 folded before Flop (didn't bet)
Seat 4: bojnice21 folded before Flop (didn't bet)
Seat 6: sansisbai (button) collected ($0.32)
Seat 7: jason198331 (small blind) folded before Flop
Seat 8: Kostia37 (big blind) folded on the Flop
Seat 9: Lutaapi folded before Flop



PokerStars Hand #233820140282:  Hold'em No Limit ($0.01/$0.02 USD) - 2022/02/05 22:52:51 PT [2022/02/06 1:52:51 ET]
Table 'Sphinx III' 9-max Seat #7 is the button
Seat 1: electric2261 ($0.78 in chips) 
Seat 2: umka186 ($2.07 in chips) 
Seat 3: Dorex2007 ($2 in chips) 
Seat 4: bojnice21 ($2.18 in chips) 
Seat 6: sansisbai ($4.33 in chips) 
Seat 7: jason198331 ($1.96 in chips) 
Seat 8: Kostia37 ($1.43 in chips) 
Seat 9: Lutaapi ($1.27 in chips) 
Kostia37: posts small blind $0.01
Lutaapi: posts big blind $0.02
*** HOLE CARDS ***
Dealt to Dorex2007 [Ac Tc]
electric2261: folds 
umka186: folds 
Dorex2007: raises $0.04 to $0.06
bojnice21: folds 
sansisbai: calls $0.06
jason198331: folds 
Kostia37: calls $0.05
Lutaapi: calls $0.04
*** FLOP *** [6h 9d 4h]
Kostia37: checks 
Lutaapi: bets $0.05
Dorex2007: calls $0.05
sansisbai: folds 
Kostia37: folds 
*** TURN *** [6h 9d 4h] [Td]
Lutaapi: checks 
Dorex2007: bets $0.22
Lutaapi: folds 
Uncalled bet ($0.22) returned to Dorex2007
Dorex2007 collected $0.33 from pot
Dorex2007: doesn't show hand 
*** SUMMARY ***
Total pot $0.34 | Rake $0.01 
Board [6h 9d 4h Td]
Seat 1: electric2261 folded before Flop (didn't bet)
Seat 2: umka186 folded before Flop (didn't bet)
Seat 3: Dorex2007 collected ($0.33)
Seat 4: bojnice21 folded before Flop (didn't bet)
Seat 6: sansisbai folded on the Flop
Seat 7: jason198331 (button) folded before Flop (didn't bet)
Seat 8: Kostia37 (small blind) folded on the Flop
Seat 9: Lutaapi (big blind) folded on the Turn



PokerStars Hand #233820150014:  Hold'em No Limit ($0.01/$0.02 USD) - 2022/02/05 22:53:49 PT [2022/02/06 1:53:49 ET]
Table 'Sphinx III' 9-max Seat #8 is the button
Seat 1: electric2261 ($0.78 in chips) 
Seat 2: umka186 ($2.07 in chips) 
Seat 3: Dorex2007 ($2.22 in chips) 
Seat 4: bojnice21 ($2.18 in chips) 
Seat 6: sansisbai ($4.27 in chips) 
Seat 7: jason198331 ($1.96 in chips) 
Seat 8: Kostia37 ($1.37 in chips) 
Seat 9: Lutaapi ($1.16 in chips) 
Lutaapi: posts small blind $0.01
electric2261: posts big blind $0.02
*** HOLE CARDS ***
Dealt to Dorex2007 [9d Ah]
umka186: folds 
Dorex2007: folds 
bojnice21: folds 
sansisbai: folds 
jason198331: folds 
Kostia37: calls $0.02
Lutaapi: calls $0.01
electric2261: checks 
*** FLOP *** [3c As Qs]
Lutaapi: bets $0.03
electric2261: folds 
Kostia37: folds 
Uncalled bet ($0.03) returned to Lutaapi
Lutaapi collected $0.06 from pot
Lutaapi: doesn't show hand 
*** SUMMARY ***
Total pot $0.06 | Rake $0 
Board [3c As Qs]
Seat 1: electric2261 (big blind) folded on the Flop
Seat 2: umka186 folded before Flop (didn't bet)
Seat 3: Dorex2007 folded before Flop (didn't bet)
Seat 4: bojnice21 folded before Flop (didn't bet)
Seat 6: sansisbai folded before Flop (didn't bet)
Seat 7: jason198331 folded before Flop (didn't bet)
Seat 8: Kostia37 (button) folded on the Flop
Seat 9: Lutaapi (small blind) collected ($0.06)



PokerStars Hand #233820171498:  Hold'em No Limit ($0.01/$0.02 USD) - 2022/02/05 22:56:07 PT [2022/02/06 1:56:07 ET]
Table 'Sphinx III' 9-max Seat #7 is the button
Seat 1: electric2261 ($0.75 in chips) 
Seat 2: umka186 ($2 in chips) 
Seat 3: Dorex2007 ($2.22 in chips) 
Seat 4: bojnice21 ($2.24 in chips) 
Seat 7: jason198331 ($1.97 in chips) 
Seat 9: Lutaapi ($1.16 in chips) 
Lutaapi: posts small blind $0.01
electric2261: posts big blind $0.02
Dorex2007: posts small & big blinds $0.03
bloody55hawk: sits out 
*** HOLE CARDS ***
Dealt to Dorex2007 [Th 7s]
umka186: folds 
Dorex2007: checks 
bojnice21: calls $0.02
jason198331: folds 
Lutaapi: calls $0.01
electric2261: checks 
*** FLOP *** [Kd Qd 8s]
Lutaapi: checks 
electric2261: bets $0.73 and is all-in
Dorex2007: folds 
bojnice21: folds 
Lutaapi: folds 
Uncalled bet ($0.73) returned to electric2261
electric2261 collected $0.09 from pot
electric2261: doesn't show hand 
*** SUMMARY ***
Total pot $0.09 | Rake $0 
Board [Kd Qd 8s]
Seat 1: electric2261 (big blind) collected ($0.09)
Seat 2: umka186 folded before Flop (didn't bet)
Seat 3: Dorex2007 folded on the Flop (didn't bet)
Seat 4: bojnice21 folded on the Flop
Seat 7: jason198331 (button) folded before Flop (didn't bet)
Seat 9: Lutaapi (small blind) folded on the Flop



PokerStars Hand #233820174886:  Hold'em No Limit ($0.01/$0.02 USD) - 2022/02/05 22:56:31 PT [2022/02/06 1:56:31 ET]
Table 'Sphinx III' 9-max Seat #9 is the button
Seat 1: electric2261 ($0.82 in chips) 
Seat 2: umka186 ($2 in chips) 
Seat 3: Dorex2007 ($2.19 in chips) 
Seat 4: bojnice21 ($2.22 in chips) 
Seat 7: jason198331 ($1.97 in chips) 
Seat 8: scrapyyy88-.- ($2 in chips) 
Seat 9: Lutaapi ($1.14 in chips) 
electric2261: posts small blind $0.01
umka186: posts big blind $0.02
bloody55hawk: sits out 
scrapyyy88-.-: posts big blind $0.02
*** HOLE CARDS ***
Dealt to Dorex2007 [8h 5d]
Dorex2007: folds 
bojnice21: folds 
jason198331: folds 
scrapyyy88-.-: checks 
Lutaapi: calls $0.02
electric2261: calls $0.01
umka186: raises $0.12 to $0.14
scrapyyy88-.-: folds 
Lutaapi: calls $0.12
electric2261: folds 
*** FLOP *** [9d 2s 4d]
umka186: bets $0.25
Lutaapi: calls $0.25
*** TURN *** [9d 2s 4d] [Ts]
umka186: bets $0.75
Lutaapi: folds 
Uncalled bet ($0.75) returned to umka186
umka186 collected $0.79 from pot
*** SUMMARY ***
Total pot $0.82 | Rake $0.03 
Board [9d 2s 4d Ts]
Seat 1: electric2261 (small blind) folded before Flop
Seat 2: umka186 (big blind) collected ($0.79)
Seat 3: Dorex2007 folded before Flop (didn't bet)
Seat 4: bojnice21 folded before Flop (didn't bet)
Seat 7: jason198331 folded before Flop (didn't bet)
Seat 8: scrapyyy88-.- folded before Flop (didn't bet)
Seat 9: Lutaapi (button) folded on the Turn



PokerStars Hand #233820182934:  Hold'em No Limit ($0.01/$0.02 USD) - 2022/02/05 22:57:27 PT [2022/02/06 1:57:27 ET]
Table 'Sphinx III' 9-max Seat #1 is the button
Seat 1: electric2261 ($0.80 in chips) 
Seat 2: umka186 ($2.40 in chips) 
Seat 3: Dorex2007 ($2.19 in chips) 
Seat 4: bojnice21 ($2.22 in chips) 
Seat 7: jason198331 ($1.97 in chips) 
Seat 8: scrapyyy88-.- ($1.98 in chips) 
Seat 9: Lutaapi ($0.75 in chips) 
umka186: posts small blind $0.01
Dorex2007: posts big blind $0.02
bloody55hawk: sits out 
*** HOLE CARDS ***
Dealt to Dorex2007 [Tc Th]
bojnice21: calls $0.02
jason198331: calls $0.02
scrapyyy88-.-: calls $0.02
Lutaapi: calls $0.02
electric2261: calls $0.02
umka186: folds 
Dorex2007: checks 
*** FLOP *** [3h Ts Kd]
Dorex2007: checks 
bojnice21: checks 
jason198331: checks 
scrapyyy88-.-: checks 
Lutaapi: checks 
electric2261: checks 
*** TURN *** [3h Ts Kd] [9d]
Dorex2007: bets $0.13
bojnice21: folds 
salento271 is disconnected 
jason198331: calls $0.13
scrapyyy88-.-: calls $0.13
Lutaapi: folds 
electric2261: folds 
*** RIVER *** [3h Ts Kd 9d] [3d]
Dorex2007: checks 
jason198331: checks 
scrapyyy88-.-: bets $0.10
Dorex2007: raises $0.22 to $0.32
jason198331: folds 
scrapyyy88-.-: raises $1.51 to $1.83 and is all-in
Dorex2007: calls $1.51
*** SHOW DOWN ***
scrapyyy88-.-: shows [6d 4d] (a flush, King high)
Dorex2007: shows [Tc Th] (a full house, Tens full of Threes)
Dorex2007 collected $4.03 from pot
*** SUMMARY ***
Total pot $4.18 | Rake $0.15 
Board [3h Ts Kd 9d 3d]
Seat 1: electric2261 (button) folded on the Turn
Seat 2: umka186 (small blind) folded before Flop
Seat 3: Dorex2007 (big blind) showed [Tc Th] and won ($4.03) with a full house, Tens full of Threes
Seat 4: bojnice21 folded on the Turn
Seat 7: jason198331 folded on the River
Seat 8: scrapyyy88-.- showed [6d 4d] and lost with a flush, King high
Seat 9: Lutaapi folded on the Turn



PokerStars Hand #233820196647:  Hold'em No Limit ($0.01/$0.02 USD) - 2022/02/05 22:59:04 PT [2022/02/06 1:59:04 ET]
Table 'Sphinx III' 9-max Seat #3 is the button
Seat 1: electric2261 ($0.78 in chips) 
Seat 3: Dorex2007 ($4.24 in chips) 
Seat 4: bojnice21 ($2.20 in chips) 
Seat 6: bloody55hawk ($0.80 in chips) 
Seat 7: jason198331 ($1.82 in chips) 
Seat 9: Lutaapi ($0.73 in chips) 
bojnice21: posts small blind $0.01
bloody55hawk: posts big blind $0.02
*** HOLE CARDS ***
Dealt to Dorex2007 [Td 2s]
jason198331: folds 
Lutaapi: calls $0.02
electric2261: folds 
scrapyyy88-.- leaves the table
Dorex2007: folds 
bojnice21: calls $0.01
bloody55hawk: raises $0.08 to $0.10
Lutaapi: folds 
bojnice21: folds 
Uncalled bet ($0.08) returned to bloody55hawk
bloody55hawk collected $0.06 from pot
salento271 leaves the table
bloody55hawk: doesn't show hand 
*** SUMMARY ***
Total pot $0.06 | Rake $0 
Seat 1: electric2261 folded before Flop (didn't bet)
Seat 3: Dorex2007 (button) folded before Flop (didn't bet)
Seat 4: bojnice21 (small blind) folded before Flop
Seat 6: bloody55hawk (big blind) collected ($0.06)
Seat 7: jason198331 folded before Flop (didn't bet)
Seat 9: Lutaapi folded before Flop



PokerStars Hand #233820200302:  Hold'em No Limit ($0.01/$0.02 USD) - 2022/02/05 22:59:30 PT [2022/02/06 1:59:30 ET]
Table 'Sphinx III' 9-max Seat #4 is the button
Seat 1: electric2261 ($0.78 in chips) 
Seat 3: Dorex2007 ($4.24 in chips) 
Seat 4: bojnice21 ($2.18 in chips) 
Seat 6: bloody55hawk ($0.84 in chips) 
Seat 7: jason198331 ($1.82 in chips) 
Seat 9: Lutaapi ($0.71 in chips) 
bloody55hawk: posts small blind $0.01
jason198331: posts big blind $0.02
*** HOLE CARDS ***
Dealt to Dorex2007 [Kc 5s]
Lutaapi: folds 
electric2261: folds 
Dorex2007: folds 
bojnice21: folds 
bloody55hawk: raises $0.02 to $0.04
jason198331: calls $0.02
*** FLOP *** [3s As 9c]
bloody55hawk: checks 
jason198331: checks 
*** TURN *** [3s As 9c] [Ad]
bloody55hawk: checks 
jason198331: checks 
*** RIVER *** [3s As 9c Ad] [Qh]
bloody55hawk: checks 
jason198331: checks 
*** SHOW DOWN ***
bloody55hawk: shows [Jh 4h] (a pair of Aces)
jason198331: mucks hand 
bloody55hawk collected $0.08 from pot
*** SUMMARY ***
Total pot $0.08 | Rake $0 
Board [3s As 9c Ad Qh]
Seat 1: electric2261 folded before Flop (didn't bet)
Seat 3: Dorex2007 folded before Flop (didn't bet)
Seat 4: bojnice21 (button) folded before Flop (didn't bet)
Seat 6: bloody55hawk (small blind) showed [Jh 4h] and won ($0.08) with a pair of Aces
Seat 7: jason198331 (big blind) mucked [8h 6h]
Seat 9: Lutaapi folded before Flop (didn't bet)



PokerStars Hand #233820204570:  Hold'em No Limit ($0.01/$0.02 USD) - 2022/02/05 23:00:01 PT [2022/02/06 2:00:01 ET]
Table 'Sphinx III' 9-max Seat #6 is the button
Seat 1: electric2261 ($0.78 in chips) 
Seat 3: Dorex2007 ($4.24 in chips) 
Seat 4: bojnice21 ($2.18 in chips) 
Seat 6: bloody55hawk ($0.88 in chips) 
Seat 7: jason198331 ($1.78 in chips) 
Seat 9: Lutaapi ($0.71 in chips) 
jason198331: posts small blind $0.01
Lutaapi: posts big blind $0.02
*** HOLE CARDS ***
Dealt to Dorex2007 [Kh Ts]
electric2261: folds 
Dorex2007: folds 
bojnice21: folds 
bloody55hawk: folds 
jason198331: folds 
Uncalled bet ($0.01) returned to Lutaapi
Lutaapi collected $0.02 from pot
Lutaapi: doesn't show hand 
*** SUMMARY ***
Total pot $0.02 | Rake $0 
Seat 1: electric2261 folded before Flop (didn't bet)
Seat 3: Dorex2007 folded before Flop (didn't bet)
Seat 4: bojnice21 folded before Flop (didn't bet)
Seat 6: bloody55hawk (button) folded before Flop (didn't bet)
Seat 7: jason198331 (small blind) folded before Flop
Seat 9: Lutaapi (big blind) collected ($0.02)



PokerStars Hand #233820206989:  Hold'em No Limit ($0.01/$0.02 USD) - 2022/02/05 23:00:18 PT [2022/02/06 2:00:18 ET]
Table 'Sphinx III' 9-max Seat #7 is the button
Seat 1: electric2261 ($0.78 in chips) 
Seat 3: Dorex2007 ($4.24 in chips) 
Seat 4: bojnice21 ($2.18 in chips) 
Seat 6: bloody55hawk ($0.88 in chips) 
Seat 7: jason198331 ($1.77 in chips) 
Seat 9: Lutaapi ($0.72 in chips) 
Lutaapi: posts small blind $0.01
electric2261: posts big blind $0.02
*** HOLE CARDS ***
Dealt to Dorex2007 [Ks 5d]
Dorex2007: folds 
NTOLIOS joins the table at seat #5 
bojnice21: calls $0.02
bloody55hawk: folds 
jason198331: folds 
Lutaapi: calls $0.01
electric2261: checks 
*** FLOP *** [Jd 9c 2s]
ErSaZu joins the table at seat #8 
Lutaapi: checks 
electric2261: checks 
bojnice21: checks 
*** TURN *** [Jd 9c 2s] [6s]
Lutaapi: checks 
electric2261: checks 
bojnice21: checks 
*** RIVER *** [Jd 9c 2s 6s] [Kh]
Lutaapi: checks 
electric2261: checks 
bojnice21: checks 
*** SHOW DOWN ***
Lutaapi: shows [4s As] (high card Ace)
electric2261: shows [8c Ac] (high card Ace - King+Jack+Nine+Eight kicker)
bojnice21: shows [Qd Ad] (high card Ace - King+Queen kicker)
bojnice21 collected $0.06 from pot
*** SUMMARY ***
Total pot $0.06 | Rake $0 
Board [Jd 9c 2s 6s Kh]
Seat 1: electric2261 (big blind) showed [8c Ac] and lost with high card Ace
Seat 3: Dorex2007 folded before Flop (didn't bet)
Seat 4: bojnice21 showed [Qd Ad] and won ($0.06) with high card Ace
Seat 6: bloody55hawk folded before Flop (didn't bet)
Seat 7: jason198331 (button) folded before Flop (didn't bet)
Seat 9: Lutaapi (small blind) showed [4s As] and lost with high card Ace



PokerStars Hand #233820212156:  Hold'em No Limit ($0.01/$0.02 USD) - 2022/02/05 23:00:52 PT [2022/02/06 2:00:52 ET]
Table 'Sphinx III' 9-max Seat #9 is the button
Seat 1: electric2261 ($0.76 in chips) 
Seat 2: umka186 ($2.39 in chips) 
Seat 3: Dorex2007 ($4.24 in chips) 
Seat 4: bojnice21 ($2.22 in chips) 
Seat 6: bloody55hawk ($0.88 in chips) 
Seat 7: jason198331 ($1.77 in chips) 
Seat 9: Lutaapi ($0.70 in chips) 
electric2261: posts small blind $0.01
umka186: posts big blind $0.02
NTOLIOS: sits out 
ErSaZu: sits out 
*** HOLE CARDS ***
Dealt to Dorex2007 [8d 5h]
Dorex2007: folds 
bojnice21: folds 
bloody55hawk: folds 
jason198331: folds 
Lutaapi: folds 
electric2261: calls $0.01
umka186: checks 
*** FLOP *** [7c 8c 3s]
electric2261: checks 
umka186: checks 
*** TURN *** [7c 8c 3s] [Kh]
electric2261: checks 
umka186: checks 
*** RIVER *** [7c 8c 3s Kh] [6c]
electric2261: checks 
umka186: checks 
*** SHOW DOWN ***
electric2261: shows [9s Js] (high card King)
umka186: mucks hand 
electric2261 collected $0.04 from pot
*** SUMMARY ***
Total pot $0.04 | Rake $0 
Board [7c 8c 3s Kh 6c]
Seat 1: electric2261 (small blind) showed [9s Js] and won ($0.04) with high card King
Seat 2: umka186 (big blind) mucked [5d Th]
Seat 3: Dorex2007 folded before Flop (didn't bet)
Seat 4: bojnice21 folded before Flop (didn't bet)
Seat 6: bloody55hawk folded before Flop (didn't bet)
Seat 7: jason198331 folded before Flop (didn't bet)
Seat 9: Lutaapi (button) folded before Flop (didn't bet)



PokerStars Hand #233820217537:  Hold'em No Limit ($0.01/$0.02 USD) - 2022/02/05 23:01:27 PT [2022/02/06 2:01:27 ET]
Table 'Sphinx III' 9-max Seat #1 is the button
Seat 1: electric2261 ($0.78 in chips) 
Seat 2: umka186 ($2.37 in chips) 
Seat 3: Dorex2007 ($4.24 in chips) 
Seat 4: bojnice21 ($2.22 in chips) 
Seat 6: bloody55hawk ($0.88 in chips) 
Seat 7: jason198331 ($1.77 in chips) 
Seat 9: Lutaapi ($0.70 in chips) 
umka186: posts small blind $0.01
Dorex2007: posts big blind $0.02
NTOLIOS: sits out 
ErSaZu: sits out 
*** HOLE CARDS ***
Dealt to Dorex2007 [4s Jd]
bojnice21: folds 
bloody55hawk: folds 
jason198331: calls $0.02
Lutaapi: folds 
electric2261: calls $0.02
umka186: raises $0.08 to $0.10
Dorex2007: folds 
jason198331: folds 
electric2261: folds 
Uncalled bet ($0.08) returned to umka186
umka186 collected $0.08 from pot
*** SUMMARY ***
Total pot $0.08 | Rake $0 
Seat 1: electric2261 (button) folded before Flop
Seat 2: umka186 (small blind) collected ($0.08)
Seat 3: Dorex2007 (big blind) folded before Flop
Seat 4: bojnice21 folded before Flop (didn't bet)
Seat 6: bloody55hawk folded before Flop (didn't bet)
Seat 7: jason198331 folded before Flop
Seat 9: Lutaapi folded before Flop (didn't bet)



PokerStars Hand #233820222982:  Hold'em No Limit ($0.01/$0.02 USD) - 2022/02/05 23:02:00 PT [2022/02/06 2:02:00 ET]
Table 'Sphinx III' 9-max Seat #2 is the button
Seat 1: electric2261 ($0.76 in chips) 
Seat 2: umka186 ($2.43 in chips) 
Seat 3: Dorex2007 ($4.22 in chips) 
Seat 4: bojnice21 ($2.22 in chips) 
Seat 6: bloody55hawk ($0.88 in chips) 
Seat 7: jason198331 ($1.75 in chips) 
Seat 9: Lutaapi ($0.70 in chips) 
Dorex2007: posts small blind $0.01
bojnice21: posts big blind $0.02
NTOLIOS: sits out 
ErSaZu: sits out 
*** HOLE CARDS ***
Dealt to Dorex2007 [Qd Js]
bloody55hawk: folds 
jason198331: folds 
Lutaapi: folds 
electric2261: folds 
umka186: folds 
Dorex2007: raises $0.02 to $0.04
bojnice21: calls $0.02
*** FLOP *** [5d 9d Ah]
Dorex2007: checks 
bojnice21: checks 
*** TURN *** [5d 9d Ah] [Th]
Dorex2007: bets $0.04
bojnice21: calls $0.04
*** RIVER *** [5d 9d Ah Th] [Ts]
Dorex2007: checks 
bojnice21: checks 
*** SHOW DOWN ***
Dorex2007: shows [Qd Js] (a pair of Tens)
bojnice21: shows [2h Kh] (a pair of Tens - Ace+King kicker)
bojnice21 collected $0.15 from pot
*** SUMMARY ***
Total pot $0.16 | Rake $0.01 
Board [5d 9d Ah Th Ts]
Seat 1: electric2261 folded before Flop (didn't bet)
Seat 2: umka186 (button) folded before Flop (didn't bet)
Seat 3: Dorex2007 (small blind) showed [Qd Js] and lost with a pair of Tens
Seat 4: bojnice21 (big blind) showed [2h Kh] and won ($0.15) with a pair of Tens
Seat 6: bloody55hawk folded before Flop (didn't bet)
Seat 7: jason198331 folded before Flop (didn't bet)
Seat 9: Lutaapi folded before Flop (didn't bet)



PokerStars Hand #233820228694:  Hold'em No Limit ($0.01/$0.02 USD) - 2022/02/05 23:02:36 PT [2022/02/06 2:02:36 ET]
Table 'Sphinx III' 9-max Seat #3 is the button
Seat 1: electric2261 ($0.76 in chips) 
Seat 2: umka186 ($2.43 in chips) 
Seat 3: Dorex2007 ($4.14 in chips) 
Seat 4: bojnice21 ($2.29 in chips) 
Seat 5: NTOLIOS ($2 in chips) 
Seat 6: bloody55hawk ($0.88 in chips) 
Seat 7: jason198331 ($1.75 in chips) 
Seat 9: Lutaapi ($0.70 in chips) 
bojnice21: posts small blind $0.01
NTOLIOS: posts big blind $0.02
ErSaZu: sits out 
*** HOLE CARDS ***
Dealt to Dorex2007 [Kh 8h]
bloody55hawk has timed out
bloody55hawk: folds 
jason198331: folds 
Lutaapi: folds 
electric2261: folds 
umka186: raises $0.03 to $0.05
Dorex2007: folds 
bojnice21: folds 
NTOLIOS: folds 
Uncalled bet ($0.03) returned to umka186
umka186 collected $0.05 from pot
*** SUMMARY ***
Total pot $0.05 | Rake $0 
Seat 1: electric2261 folded before Flop (didn't bet)
Seat 2: umka186 collected ($0.05)
Seat 3: Dorex2007 (button) folded before Flop (didn't bet)
Seat 4: bojnice21 (small blind) folded before Flop
Seat 5: NTOLIOS (big blind) folded before Flop
Seat 6: bloody55hawk folded before Flop (didn't bet)
Seat 7: jason198331 folded before Flop (didn't bet)
Seat 9: Lutaapi folded before Flop (didn't bet)



PokerStars Hand #233820233526:  Hold'em No Limit ($0.01/$0.02 USD) - 2022/02/05 23:03:06 PT [2022/02/06 2:03:06 ET]
Table 'Sphinx III' 9-max Seat #4 is the button
Seat 1: electric2261 ($0.76 in chips) 
Seat 2: umka186 ($2.46 in chips) 
Seat 3: Dorex2007 ($4.14 in chips) 
Seat 4: bojnice21 ($2.28 in chips) 
Seat 5: NTOLIOS ($1.98 in chips) 
Seat 6: bloody55hawk ($0.88 in chips) 
Seat 7: jason198331 ($1.75 in chips) 
Seat 9: Lutaapi ($0.70 in chips) 
NTOLIOS: posts small blind $0.01
bloody55hawk: posts big blind $0.02
ErSaZu: sits out 
*** HOLE CARDS ***
Dealt to Dorex2007 [Qh Kc]
jason198331: folds 
Lutaapi: calls $0.02
electric2261: folds 
umka186: folds 
Dorex2007: folds 
bojnice21: folds 
NTOLIOS: calls $0.01
bloody55hawk: raises $0.86 to $0.88 and is all-in
Lutaapi: folds 
NTOLIOS: folds 
Uncalled bet ($0.86) returned to bloody55hawk
bloody55hawk collected $0.06 from pot
bloody55hawk: doesn't show hand 
*** SUMMARY ***
Total pot $0.06 | Rake $0 
Seat 1: electric2261 folded before Flop (didn't bet)
Seat 2: umka186 folded before Flop (didn't bet)
Seat 3: Dorex2007 folded before Flop (didn't bet)
Seat 4: bojnice21 (button) folded before Flop (didn't bet)
Seat 5: NTOLIOS (small blind) folded before Flop
Seat 6: bloody55hawk (big blind) collected ($0.06)
Seat 7: jason198331 folded before Flop (didn't bet)
Seat 9: Lutaapi folded before Flop



PokerStars Hand #233820237044:  Hold'em No Limit ($0.01/$0.02 USD) - 2022/02/05 23:03:27 PT [2022/02/06 2:03:27 ET]
Table 'Sphinx III' 9-max Seat #5 is the button
Seat 1: electric2261 ($0.76 in chips) 
Seat 2: umka186 ($2.46 in chips) 
Seat 3: Dorex2007 ($4.14 in chips) 
Seat 4: bojnice21 ($2.28 in chips) 
Seat 5: NTOLIOS ($1.96 in chips) 
Seat 6: bloody55hawk ($0.92 in chips) 
Seat 7: jason198331 ($1.75 in chips) 
Seat 9: Lutaapi ($0.68 in chips) 
bloody55hawk: posts small blind $0.01
jason198331: posts big blind $0.02
ErSaZu: sits out 
*** HOLE CARDS ***
Dealt to Dorex2007 [Qd 7h]
Lutaapi: calls $0.02
electric2261: calls $0.02
umka186: folds 
Dorex2007: folds 
bojnice21: folds 
NTOLIOS: folds 
bloody55hawk: calls $0.01
jason198331: checks 
*** FLOP *** [Ah 8s 7c]
bloody55hawk: checks 
jason198331: checks 
Lutaapi: checks 
electric2261: bets $0.10
bloody55hawk: folds 
jason198331: folds 
Lutaapi: folds 
Uncalled bet ($0.10) returned to electric2261
electric2261 collected $0.08 from pot
electric2261: doesn't show hand 
*** SUMMARY ***
Total pot $0.08 | Rake $0 
Board [Ah 8s 7c]
Seat 1: electric2261 collected ($0.08)
Seat 2: umka186 folded before Flop (didn't bet)
Seat 3: Dorex2007 folded before Flop (didn't bet)
Seat 4: bojnice21 folded before Flop (didn't bet)
Seat 5: NTOLIOS (button) folded before Flop (didn't bet)
Seat 6: bloody55hawk (small blind) folded on the Flop
Seat 7: jason198331 (big blind) folded on the Flop
Seat 9: Lutaapi folded on the Flop



PokerStars Hand #233820244076:  Hold'em No Limit ($0.01/$0.02 USD) - 2022/02/05 23:04:10 PT [2022/02/06 2:04:10 ET]
Table 'Sphinx III' 9-max Seat #6 is the button
Seat 1: electric2261 ($0.82 in chips) 
Seat 2: umka186 ($2.46 in chips) 
Seat 3: Dorex2007 ($4.14 in chips) 
Seat 4: bojnice21 ($2.28 in chips) 
Seat 5: NTOLIOS ($1.96 in chips) 
Seat 6: bloody55hawk ($0.90 in chips) 
Seat 7: jason198331 ($1.73 in chips) 
Seat 8: ErSaZu ($2 in chips) 
Seat 9: Lutaapi ($0.66 in chips) 
jason198331: posts small blind $0.01
ErSaZu: posts big blind $0.02
*** HOLE CARDS ***
Dealt to Dorex2007 [6d Kh]
Lutaapi: folds 
electric2261: folds 
umka186: raises $0.04 to $0.06
Dorex2007: folds 
bojnice21: folds 
NTOLIOS: folds 
bloody55hawk: folds 
jason198331: folds 
NTOLIOS leaves the table
ErSaZu: calls $0.04
*** FLOP *** [9s Ks Kd]
ErSaZu: checks 
umka186: checks 
*** TURN *** [9s Ks Kd] [Kc]
ErSaZu: checks 
umka186: checks 
*** RIVER *** [9s Ks Kd Kc] [5c]
ErSaZu: checks 
umka186: checks 
*** SHOW DOWN ***
ErSaZu: shows [Tc 8c] (three of a kind, Kings)
umka186: shows [Qh As] (three of a kind, Kings - Ace kicker)
umka186 collected $0.13 from pot
*** SUMMARY ***
Total pot $0.13 | Rake $0 
Board [9s Ks Kd Kc 5c]
Seat 1: electric2261 folded before Flop (didn't bet)
Seat 2: umka186 showed [Qh As] and won ($0.13) with three of a kind, Kings
Seat 3: Dorex2007 folded before Flop (didn't bet)
Seat 4: bojnice21 folded before Flop (didn't bet)
Seat 5: NTOLIOS folded before Flop (didn't bet)
Seat 6: bloody55hawk (button) folded before Flop (didn't bet)
Seat 7: jason198331 (small blind) folded before Flop
Seat 8: ErSaZu (big blind) showed [Tc 8c] and lost with three of a kind, Kings
Seat 9: Lutaapi folded before Flop (didn't bet)



PokerStars Hand #233820254623:  Hold'em No Limit ($0.01/$0.02 USD) - 2022/02/05 23:05:15 PT [2022/02/06 2:05:15 ET]
Table 'Sphinx III' 9-max Seat #7 is the button
Seat 1: electric2261 ($0.82 in chips) 
Seat 2: umka186 ($2.53 in chips) 
Seat 3: Dorex2007 ($4.14 in chips) 
Seat 4: bojnice21 ($2.28 in chips) 
Seat 6: bloody55hawk ($0.90 in chips) 
Seat 7: jason198331 ($1.72 in chips) 
Seat 8: ErSaZu ($2 in chips) 
Seat 9: Lutaapi ($0.66 in chips) 
ErSaZu: posts small blind $0.01
Lutaapi: posts big blind $0.02
*** HOLE CARDS ***
Dealt to Dorex2007 [3h 4s]
electric2261: calls $0.02
umka186: folds 
Dorex2007: folds 
bojnice21: raises $0.04 to $0.06
bloody55hawk: folds 
jason198331: folds 
ErSaZu: folds 
Lutaapi: folds 
electric2261: folds 
Uncalled bet ($0.04) returned to bojnice21
bojnice21 collected $0.07 from pot
bojnice21: doesn't show hand 
*** SUMMARY ***
Total pot $0.07 | Rake $0 
Seat 1: electric2261 folded before Flop
Seat 2: umka186 folded before Flop (didn't bet)
Seat 3: Dorex2007 folded before Flop (didn't bet)
Seat 4: bojnice21 collected ($0.07)
Seat 6: bloody55hawk folded before Flop (didn't bet)
Seat 7: jason198331 (button) folded before Flop (didn't bet)
Seat 8: ErSaZu (small blind) folded before Flop
Seat 9: Lutaapi (big blind) folded before Flop



PokerStars Hand #233820257950:  Hold'em No Limit ($0.01/$0.02 USD) - 2022/02/05 23:05:35 PT [2022/02/06 2:05:35 ET]
Table 'Sphinx III' 9-max Seat #8 is the button
Seat 1: electric2261 ($0.80 in chips) 
Seat 2: umka186 ($2.53 in chips) 
Seat 3: Dorex2007 ($4.14 in chips) 
Seat 4: bojnice21 ($2.33 in chips) 
Seat 6: bloody55hawk ($0.90 in chips) 
Seat 7: jason198331 ($1.72 in chips) 
Seat 8: ErSaZu ($2 in chips) 
Seat 9: Lutaapi ($0.64 in chips) 
Lutaapi: posts small blind $0.01
electric2261: posts big blind $0.02
*** HOLE CARDS ***
Dealt to Dorex2007 [7h 4c]
umka186: folds 
Dorex2007: folds 
bojnice21: folds 
bloody55hawk: folds 
jason198331: folds 
ErSaZu: folds 
Lutaapi: calls $0.01
electric2261: checks 
*** FLOP *** [9d Kh 2s]
Lutaapi: checks 
electric2261: checks 
*** TURN *** [9d Kh 2s] [Jc]
Lutaapi: bets $0.04
electric2261: folds 
Uncalled bet ($0.04) returned to Lutaapi
Lutaapi collected $0.04 from pot
Lutaapi: doesn't show hand 
*** SUMMARY ***
Total pot $0.04 | Rake $0 
Board [9d Kh 2s Jc]
Seat 1: electric2261 (big blind) folded on the Turn
Seat 2: umka186 folded before Flop (didn't bet)
Seat 3: Dorex2007 folded before Flop (didn't bet)
Seat 4: bojnice21 folded before Flop (didn't bet)
Seat 6: bloody55hawk folded before Flop (didn't bet)
Seat 7: jason198331 folded before Flop (didn't bet)
Seat 8: ErSaZu (button) folded before Flop (didn't bet)
Seat 9: Lutaapi (small blind) collected ($0.04)



PokerStars Hand #233820263368:  Hold'em No Limit ($0.01/$0.02 USD) - 2022/02/05 23:06:09 PT [2022/02/06 2:06:09 ET]
Table 'Sphinx III' 9-max Seat #9 is the button
Seat 1: electric2261 ($0.78 in chips) 
Seat 3: Dorex2007 ($4.14 in chips) 
Seat 4: bojnice21 ($2.33 in chips) 
Seat 6: bloody55hawk ($0.90 in chips) 
Seat 7: jason198331 ($1.72 in chips) 
Seat 8: ErSaZu ($2 in chips) 
Seat 9: Lutaapi ($0.66 in chips) 
electric2261: posts small blind $0.01
umka186: is sitting out 
Dorex2007: posts big blind $0.02
*** HOLE CARDS ***
Dealt to Dorex2007 [2c Jh]
bojnice21: folds 
bloody55hawk: folds 
jason198331: raises $0.02 to $0.04
umka186 leaves the table
ErSaZu: folds 
Lutaapi: folds 
electric2261: folds 
Dorex2007: folds 
Uncalled bet ($0.02) returned to jason198331
jason198331 collected $0.05 from pot
jason198331: doesn't show hand 
*** SUMMARY ***
Total pot $0.05 | Rake $0 
Seat 1: electric2261 (small blind) folded before Flop
Seat 3: Dorex2007 (big blind) folded before Flop
Seat 4: bojnice21 folded before Flop (didn't bet)
Seat 6: bloody55hawk folded before Flop (didn't bet)
Seat 7: jason198331 collected ($0.05)
Seat 8: ErSaZu folded before Flop (didn't bet)
Seat 9: Lutaapi (button) folded before Flop (didn't bet)



PokerStars Hand #233820266840:  Hold'em No Limit ($0.01/$0.02 USD) - 2022/02/05 23:06:30 PT [2022/02/06 2:06:30 ET]
Table 'Sphinx III' 9-max Seat #1 is the button
Seat 1: electric2261 ($0.77 in chips) 
Seat 3: Dorex2007 ($4.12 in chips) 
Seat 4: bojnice21 ($2.33 in chips) 
Seat 6: bloody55hawk ($0.90 in chips) 
Seat 7: jason198331 ($1.75 in chips) 
Seat 8: ErSaZu ($2 in chips) 
Seat 9: Lutaapi ($0.66 in chips) 
Dorex2007: posts small blind $0.01
bojnice21: posts big blind $0.02
*** HOLE CARDS ***
Dealt to Dorex2007 [5d 8s]
bloody55hawk: folds 
jason198331: folds 
ErSaZu: raises $0.02 to $0.04
Lutaapi: raises $0.02 to $0.06
electric2261: folds 
Dorex2007: folds 
bojnice21: folds 
Rafaelcarpara joins the table at seat #5 
ErSaZu: calls $0.02
*** FLOP *** [Kd Qd 9c]
ErSaZu: checks 
Lutaapi: bets $0.14
ErSaZu: folds 
Uncalled bet ($0.14) returned to Lutaapi
Lutaapi collected $0.14 from pot
Lutaapi: doesn't show hand 
*** SUMMARY ***
Total pot $0.15 | Rake $0.01 
Board [Kd Qd 9c]
Seat 1: electric2261 (button) folded before Flop (didn't bet)
Seat 3: Dorex2007 (small blind) folded before Flop
Seat 4: bojnice21 (big blind) folded before Flop
Seat 6: bloody55hawk folded before Flop (didn't bet)
Seat 7: jason198331 folded before Flop (didn't bet)
Seat 8: ErSaZu folded on the Flop
Seat 9: Lutaapi collected ($0.14)



PokerStars Hand #233820270937:  Hold'em No Limit ($0.01/$0.02 USD) - 2022/02/05 23:06:55 PT [2022/02/06 2:06:55 ET]
Table 'Sphinx III' 9-max Seat #3 is the button
Seat 1: electric2261 ($0.77 in chips) 
Seat 3: Dorex2007 ($4.11 in chips) 
Seat 4: bojnice21 ($2.31 in chips) 
Seat 5: Rafaelcarpara ($0.80 in chips) 
Seat 6: bloody55hawk ($0.90 in chips) 
Seat 7: jason198331 ($1.75 in chips) 
Seat 8: ErSaZu ($2 in chips) 
Seat 9: Lutaapi ($0.74 in chips) 
bojnice21: posts small blind $0.01
Rafaelcarpara: posts big blind $0.02
*** HOLE CARDS ***
Dealt to Dorex2007 [Qh Kc]
bloody55hawk: folds 
jason198331: folds 
ErSaZu: folds 
Ladushki joins the table at seat #2 
Lutaapi: calls $0.02
electric2261: folds 
Dorex2007: raises $0.04 to $0.06
bojnice21: folds 
Rafaelcarpara: folds 
Lutaapi: folds 
Uncalled bet ($0.04) returned to Dorex2007
Dorex2007 collected $0.07 from pot
Dorex2007: doesn't show hand 
*** SUMMARY ***
Total pot $0.07 | Rake $0 
Seat 1: electric2261 folded before Flop (didn't bet)
Seat 3: Dorex2007 (button) collected ($0.07)
Seat 4: bojnice21 (small blind) folded before Flop
Seat 5: Rafaelcarpara (big blind) folded before Flop
Seat 6: bloody55hawk folded before Flop (didn't bet)
Seat 7: jason198331 folded before Flop (didn't bet)
Seat 8: ErSaZu folded before Flop (didn't bet)
Seat 9: Lutaapi folded before Flop



PokerStars Hand #233820274771:  Hold'em No Limit ($0.01/$0.02 USD) - 2022/02/05 23:07:19 PT [2022/02/06 2:07:19 ET]
Table 'Sphinx III' 9-max Seat #4 is the button
Seat 1: electric2261 ($0.77 in chips) 
Seat 2: Ladushki ($0.80 in chips) 
Seat 3: Dorex2007 ($4.16 in chips) 
Seat 4: bojnice21 ($2.30 in chips) 
Seat 5: Rafaelcarpara ($0.78 in chips) 
Seat 6: bloody55hawk ($0.90 in chips) 
Seat 7: jason198331 ($1.75 in chips) 
Seat 8: ErSaZu ($2 in chips) 
Seat 9: Lutaapi ($0.72 in chips) 
Rafaelcarpara: posts small blind $0.01
bloody55hawk: posts big blind $0.02
Ladushki: posts big blind $0.02
*** HOLE CARDS ***
Dealt to Dorex2007 [Qh 5d]
jason198331: folds 
ErSaZu: raises $0.02 to $0.04
Lutaapi: folds 
electric2261: folds 
Ladushki: folds 
Dorex2007: folds 
bojnice21: folds 
Rafaelcarpara: calls $0.03
bloody55hawk: calls $0.02
*** FLOP *** [2d 8c 4d]
Rafaelcarpara: checks 
bloody55hawk: checks 
ErSaZu: bets $0.09
Rafaelcarpara: calls $0.09
bloody55hawk: folds 
*** TURN *** [2d 8c 4d] [9c]
Rafaelcarpara: bets $0.16
ErSaZu: calls $0.16
*** RIVER *** [2d 8c 4d 9c] [Th]
Rafaelcarpara: checks 
ErSaZu: checks 
*** SHOW DOWN ***
Rafaelcarpara: shows [9s 8h] (two pair, Nines and Eights)
ErSaZu: mucks hand 
Rafaelcarpara collected $0.62 from pot
*** SUMMARY ***
Total pot $0.64 | Rake $0.02 
Board [2d 8c 4d 9c Th]
Seat 1: electric2261 folded before Flop (didn't bet)
Seat 2: Ladushki folded before Flop (didn't bet)
Seat 3: Dorex2007 folded before Flop (didn't bet)
Seat 4: bojnice21 (button) folded before Flop (didn't bet)
Seat 5: Rafaelcarpara (small blind) showed [9s 8h] and won ($0.62) with two pair, Nines and Eights
Seat 6: bloody55hawk (big blind) folded on the Flop
Seat 7: jason198331 folded before Flop (didn't bet)
Seat 8: ErSaZu mucked [Jh Js]
Seat 9: Lutaapi folded before Flop (didn't bet)



PokerStars Hand #233820288135:  Hold'em No Limit ($0.01/$0.02 USD) - 2022/02/05 23:08:40 PT [2022/02/06 2:08:40 ET]
Table 'Sphinx III' 9-max Seat #5 is the button
Seat 1: electric2261 ($0.77 in chips) 
Seat 2: Ladushki ($0.78 in chips) 
Seat 3: Dorex2007 ($4.16 in chips) 
Seat 4: bojnice21 ($2.30 in chips) 
Seat 5: Rafaelcarpara ($1.11 in chips) 
Seat 6: bloody55hawk ($0.86 in chips) 
Seat 7: jason198331 ($1.75 in chips) 
Seat 8: ErSaZu ($2 in chips) 
Seat 9: Lutaapi ($0.72 in chips) 
bloody55hawk: posts small blind $0.01
jason198331: posts big blind $0.02
*** HOLE CARDS ***
Dealt to Dorex2007 [Kh 5h]
ErSaZu: raises $0.02 to $0.04
Lutaapi: folds 
electric2261: folds 
Ladushki: folds 
Dorex2007: folds 
bojnice21: folds 
Rafaelcarpara: folds 
bloody55hawk: folds 
jason198331: folds 
Uncalled bet ($0.02) returned to ErSaZu
ErSaZu collected $0.05 from pot
ErSaZu: doesn't show hand 
*** SUMMARY ***
Total pot $0.05 | Rake $0 
Seat 1: electric2261 folded before Flop (didn't bet)
Seat 2: Ladushki folded before Flop (didn't bet)
Seat 3: Dorex2007 folded before Flop (didn't bet)
Seat 4: bojnice21 folded before Flop (didn't bet)
Seat 5: Rafaelcarpara (button) folded before Flop (didn't bet)
Seat 6: bloody55hawk (small blind) folded before Flop
Seat 7: jason198331 (big blind) folded before Flop
Seat 8: ErSaZu collected ($0.05)
Seat 9: Lutaapi folded before Flop (didn't bet)



PokerStars Hand #233820292434:  Hold'em No Limit ($0.01/$0.02 USD) - 2022/02/05 23:09:06 PT [2022/02/06 2:09:06 ET]
Table 'Sphinx III' 9-max Seat #6 is the button
Seat 1: electric2261 ($0.77 in chips) 
Seat 2: Ladushki ($0.78 in chips) 
Seat 3: Dorex2007 ($4.16 in chips) 
Seat 4: bojnice21 ($2.30 in chips) 
Seat 5: Rafaelcarpara ($1.11 in chips) 
Seat 6: bloody55hawk ($0.85 in chips) 
Seat 7: jason198331 ($1.73 in chips) 
Seat 8: ErSaZu ($2.03 in chips) 
Seat 9: Lutaapi ($0.72 in chips) 
jason198331: posts small blind $0.01
ErSaZu: posts big blind $0.02
*** HOLE CARDS ***
Dealt to Dorex2007 [Jd Ac]
Lutaapi: calls $0.02
electric2261: folds 
Ladushki: folds 
Dorex2007: calls $0.02
bojnice21: folds 
Rafaelcarpara: calls $0.02
bloody55hawk: folds 
jason198331: folds 
ErSaZu: checks 
*** FLOP *** [9s 6h Ks]
ErSaZu: checks 
Lutaapi: checks 
Dorex2007: checks 
Rafaelcarpara: bets $0.05
ErSaZu: folds 
Lutaapi: calls $0.05
Dorex2007: folds 
*** TURN *** [9s 6h Ks] [7h]
Lutaapi: bets $0.11
Rafaelcarpara: folds 
Uncalled bet ($0.11) returned to Lutaapi
Lutaapi collected $0.18 from pot
Lutaapi: doesn't show hand 
*** SUMMARY ***
Total pot $0.19 | Rake $0.01 
Board [9s 6h Ks 7h]
Seat 1: electric2261 folded before Flop (didn't bet)
Seat 2: Ladushki folded before Flop (didn't bet)
Seat 3: Dorex2007 folded on the Flop
Seat 4: bojnice21 folded before Flop (didn't bet)
Seat 5: Rafaelcarpara folded on the Turn
Seat 6: bloody55hawk (button) folded before Flop (didn't bet)
Seat 7: jason198331 (small blind) folded before Flop
Seat 8: ErSaZu (big blind) folded on the Flop
Seat 9: Lutaapi collected ($0.18)



PokerStars Hand #233820302750:  Hold'em No Limit ($0.01/$0.02 USD) - 2022/02/05 23:10:08 PT [2022/02/06 2:10:08 ET]
Table 'Sphinx III' 9-max Seat #7 is the button
Seat 1: electric2261 ($0.77 in chips) 
Seat 2: Ladushki ($0.78 in chips) 
Seat 3: Dorex2007 ($4.14 in chips) 
Seat 4: bojnice21 ($2.30 in chips) 
Seat 5: Rafaelcarpara ($1.04 in chips) 
Seat 6: bloody55hawk ($0.85 in chips) 
Seat 7: jason198331 ($1.72 in chips) 
Seat 8: ErSaZu ($2.01 in chips) 
Seat 9: Lutaapi ($0.83 in chips) 
ErSaZu: posts small blind $0.01
Lutaapi: posts big blind $0.02
*** HOLE CARDS ***
Dealt to Dorex2007 [4d Jd]
electric2261: folds 
Ladushki: folds 
Dorex2007: folds 
bojnice21: raises $0.04 to $0.06
Rafaelcarpara: folds 
bloody55hawk: folds 
jason198331: folds 
ErSaZu: folds 
Lutaapi: folds 
Uncalled bet ($0.04) returned to bojnice21
bojnice21 collected $0.05 from pot
bojnice21: doesn't show hand 
*** SUMMARY ***
Total pot $0.05 | Rake $0 
Seat 1: electric2261 folded before Flop (didn't bet)
Seat 2: Ladushki folded before Flop (didn't bet)
Seat 3: Dorex2007 folded before Flop (didn't bet)
Seat 4: bojnice21 collected ($0.05)
Seat 5: Rafaelcarpara folded before Flop (didn't bet)
Seat 6: bloody55hawk folded before Flop (didn't bet)
Seat 7: jason198331 (button) folded before Flop (didn't bet)
Seat 8: ErSaZu (small blind) folded before Flop
Seat 9: Lutaapi (big blind) folded before Flop



PokerStars Hand #233820305726:  Hold'em No Limit ($0.01/$0.02 USD) - 2022/02/05 23:10:27 PT [2022/02/06 2:10:27 ET]
Table 'Sphinx III' 9-max Seat #8 is the button
Seat 1: electric2261 ($0.77 in chips) 
Seat 2: Ladushki ($0.78 in chips) 
Seat 3: Dorex2007 ($4.14 in chips) 
Seat 4: bojnice21 ($2.33 in chips) 
Seat 5: Rafaelcarpara ($1.04 in chips) 
Seat 6: bloody55hawk ($0.85 in chips) 
Seat 7: jason198331 ($1.72 in chips) 
Seat 8: ErSaZu ($2 in chips) 
Seat 9: Lutaapi ($0.81 in chips) 
Lutaapi: posts small blind $0.01
electric2261: posts big blind $0.02
*** HOLE CARDS ***
Dealt to Dorex2007 [5c 9h]
Ladushki has timed out
Ladushki: folds 
Dorex2007: folds 
bojnice21: calls $0.02
Rafaelcarpara: calls $0.02
bloody55hawk: folds 
jason198331: folds 
ErSaZu: folds 
Lutaapi: calls $0.01
electric2261: checks 
*** FLOP *** [Ac Qc 7c]
Lutaapi: checks 
electric2261: checks 
bojnice21: checks 
Rafaelcarpara: bets $0.02
Lutaapi: folds 
electric2261: folds 
bojnice21: folds 
Uncalled bet ($0.02) returned to Rafaelcarpara
Rafaelcarpara collected $0.08 from pot
Rafaelcarpara: doesn't show hand 
*** SUMMARY ***
Total pot $0.08 | Rake $0 
Board [Ac Qc 7c]
Seat 1: electric2261 (big blind) folded on the Flop
Seat 2: Ladushki folded before Flop (didn't bet)
Seat 3: Dorex2007 folded before Flop (didn't bet)
Seat 4: bojnice21 folded on the Flop
Seat 5: Rafaelcarpara collected ($0.08)
Seat 6: bloody55hawk folded before Flop (didn't bet)
Seat 7: jason198331 folded before Flop (didn't bet)
Seat 8: ErSaZu (button) folded before Flop (didn't bet)
Seat 9: Lutaapi (small blind) folded on the Flop



PokerStars Hand #233820313001:  Hold'em No Limit ($0.01/$0.02 USD) - 2022/02/05 23:11:10 PT [2022/02/06 2:11:10 ET]
Table 'Sphinx III' 9-max Seat #9 is the button
Seat 1: electric2261 ($0.75 in chips) 
Seat 2: Ladushki ($0.78 in chips) 
Seat 3: Dorex2007 ($4.14 in chips) 
Seat 4: bojnice21 ($2.31 in chips) 
Seat 5: Rafaelcarpara ($1.10 in chips) 
Seat 6: bloody55hawk ($0.85 in chips) 
Seat 7: jason198331 ($1.72 in chips) 
Seat 8: ErSaZu ($2 in chips) 
Seat 9: Lutaapi ($0.79 in chips) 
electric2261: posts small blind $0.01
Ladushki: posts big blind $0.02
*** HOLE CARDS ***
Dealt to Dorex2007 [As Ac]
Dorex2007: calls $0.02
bojnice21: folds 
Rafaelcarpara: folds 
bloody55hawk: folds 
jason198331: folds 
ErSaZu: raises $0.05 to $0.07
Lutaapi: folds 
electric2261: folds 
Ladushki: calls $0.05
Dorex2007: raises $0.15 to $0.22
ErSaZu: calls $0.15
Ladushki: folds 
*** FLOP *** [4s 3s Jc]
Dorex2007: bets $3.92 and is all-in
ErSaZu: folds 
Uncalled bet ($3.92) returned to Dorex2007
Dorex2007 collected $0.50 from pot
Dorex2007: doesn't show hand 
*** SUMMARY ***
Total pot $0.52 | Rake $0.02 
Board [4s 3s Jc]
Seat 1: electric2261 (small blind) folded before Flop
Seat 2: Ladushki (big blind) folded before Flop
Seat 3: Dorex2007 collected ($0.50)
Seat 4: bojnice21 folded before Flop (didn't bet)
Seat 5: Rafaelcarpara folded before Flop (didn't bet)
Seat 6: bloody55hawk folded before Flop (didn't bet)
Seat 7: jason198331 folded before Flop (didn't bet)
Seat 8: ErSaZu folded on the Flop
Seat 9: Lutaapi (button) folded before Flop (didn't bet)



PokerStars Hand #233820325186:  Hold'em No Limit ($0.01/$0.02 USD) - 2022/02/05 23:12:23 PT [2022/02/06 2:12:23 ET]
Table 'Sphinx III' 9-max Seat #1 is the button
Seat 1: electric2261 ($0.74 in chips) 
Seat 2: Ladushki ($0.71 in chips) 
Seat 3: Dorex2007 ($4.42 in chips) 
Seat 4: bojnice21 ($2.31 in chips) 
Seat 5: Rafaelcarpara ($1.10 in chips) 
Seat 6: bloody55hawk ($0.85 in chips) 
Seat 7: jason198331 ($1.72 in chips) 
Seat 8: ErSaZu ($2 in chips) 
Seat 9: Lutaapi ($0.79 in chips) 
Ladushki: posts small blind $0.01
Dorex2007: posts big blind $0.02
*** HOLE CARDS ***
Dealt to Dorex2007 [4h 3s]
bojnice21: folds 
Rafaelcarpara: calls $0.02
bloody55hawk: folds 
jason198331: calls $0.02
ErSaZu: raises $0.06 to $0.08
Lutaapi: folds 
electric2261: folds 
Ladushki: calls $0.07
Dorex2007: folds 
Rafaelcarpara: calls $0.06
jason198331: calls $0.06
*** FLOP *** [3c 5d 5h]
Ladushki: checks 
Rafaelcarpara: checks 
jason198331: checks 
ErSaZu: checks 
*** TURN *** [3c 5d 5h] [6h]
Ladushki: checks 
Rafaelcarpara: checks 
jason198331: checks 
ErSaZu: checks 
*** RIVER *** [3c 5d 5h 6h] [7c]
Ladushki: bets $0.04
Rafaelcarpara: raises $0.04 to $0.08
jason198331: folds 
ErSaZu: folds 
Ladushki: calls $0.04
*** SHOW DOWN ***
Rafaelcarpara: shows [8h 9h] (a straight, Five to Nine)
Ladushki: mucks hand 
Rafaelcarpara collected $0.48 from pot
*** SUMMARY ***
Total pot $0.50 | Rake $0.02 
Board [3c 5d 5h 6h 7c]
Seat 1: electric2261 (button) folded before Flop (didn't bet)
Seat 2: Ladushki (small blind) mucked [As Ts]
Seat 3: Dorex2007 (big blind) folded before Flop
Seat 4: bojnice21 folded before Flop (didn't bet)
Seat 5: Rafaelcarpara showed [8h 9h] and won ($0.48) with a straight, Five to Nine
Seat 6: bloody55hawk folded before Flop (didn't bet)
Seat 7: jason198331 folded on the River
Seat 8: ErSaZu folded on the River
Seat 9: Lutaapi folded before Flop (didn't bet)



PokerStars Hand #233820338858:  Hold'em No Limit ($0.01/$0.02 USD) - 2022/02/05 23:13:45 PT [2022/02/06 2:13:45 ET]
Table 'Sphinx III' 9-max Seat #2 is the button
Seat 1: electric2261 ($0.74 in chips) 
Seat 2: Ladushki ($0.55 in chips) 
Seat 3: Dorex2007 ($4.40 in chips) 
Seat 4: bojnice21 ($2.31 in chips) 
Seat 5: Rafaelcarpara ($1.42 in chips) 
Seat 6: bloody55hawk ($0.85 in chips) 
Seat 7: jason198331 ($1.64 in chips) 
Seat 8: ErSaZu ($2 in chips) 
Seat 9: Lutaapi ($0.79 in chips) 
Dorex2007: posts small blind $0.01
bojnice21: posts big blind $0.02
*** HOLE CARDS ***
Dealt to Dorex2007 [7d 7s]
Rafaelcarpara: raises $0.04 to $0.06
bloody55hawk: folds 
jason198331: folds 
ErSaZu: folds 
Lutaapi: folds 
electric2261: folds 
Ladushki: folds 
Dorex2007: calls $0.05
bojnice21: calls $0.04
*** FLOP *** [Ks Kd Ad]
Dorex2007: checks 
bojnice21: checks 
Rafaelcarpara: bets $0.09
Dorex2007: folds 
bojnice21: folds 
Uncalled bet ($0.09) returned to Rafaelcarpara
Rafaelcarpara collected $0.17 from pot
Rafaelcarpara: doesn't show hand 
*** SUMMARY ***
Total pot $0.18 | Rake $0.01 
Board [Ks Kd Ad]
Seat 1: electric2261 folded before Flop (didn't bet)
Seat 2: Ladushki (button) folded before Flop (didn't bet)
Seat 3: Dorex2007 (small blind) folded on the Flop
Seat 4: bojnice21 (big blind) folded on the Flop
Seat 5: Rafaelcarpara collected ($0.17)
Seat 6: bloody55hawk folded before Flop (didn't bet)
Seat 7: jason198331 folded before Flop (didn't bet)
Seat 8: ErSaZu folded before Flop (didn't bet)
Seat 9: Lutaapi folded before Flop (didn't bet)



PokerStars Hand #233820344244:  Hold'em No Limit ($0.01/$0.02 USD) - 2022/02/05 23:14:18 PT [2022/02/06 2:14:18 ET]
Table 'Sphinx III' 9-max Seat #3 is the button
Seat 1: electric2261 ($0.74 in chips) 
Seat 2: Ladushki ($0.55 in chips) 
Seat 3: Dorex2007 ($4.34 in chips) 
Seat 4: bojnice21 ($2.25 in chips) 
Seat 5: Rafaelcarpara ($1.53 in chips) 
Seat 6: bloody55hawk ($0.85 in chips) 
Seat 7: jason198331 ($1.64 in chips) 
Seat 8: ErSaZu ($2 in chips) 
Seat 9: Lutaapi ($0.79 in chips) 
bojnice21: posts small blind $0.01
Rafaelcarpara: posts big blind $0.02
*** HOLE CARDS ***
Dealt to Dorex2007 [2h 2c]
bloody55hawk: folds 
jason198331: calls $0.02
ErSaZu: folds 
Lutaapi: calls $0.02
electric2261: calls $0.02
Ladushki: folds 
Dorex2007: calls $0.02
bojnice21: calls $0.01
Rafaelcarpara: raises $0.04 to $0.06
jason198331: calls $0.04
Lutaapi: calls $0.04
electric2261: calls $0.04
Dorex2007: calls $0.04
bojnice21: calls $0.04
*** FLOP *** [5d Qs 2d]
bojnice21: checks 
Rafaelcarpara: bets $0.02
jason198331: calls $0.02
Lutaapi: raises $0.04 to $0.06
electric2261: folds 
Dorex2007: raises $4.22 to $4.28 and is all-in
bojnice21: folds 
Rafaelcarpara: folds 
jason198331: folds 
Lutaapi: calls $0.67 and is all-in
Uncalled bet ($3.55) returned to Dorex2007
*** TURN *** [5d Qs 2d] [3d]
*** RIVER *** [5d Qs 2d 3d] [Kc]
*** SHOW DOWN ***
Lutaapi: shows [Th Qc] (a pair of Queens)
Dorex2007: shows [2h 2c] (three of a kind, Deuces)
Dorex2007 cashed out the hand for $1.73 | Cash Out Fee $0.02
*** SUMMARY ***
Total pot $1.86 | Rake $0.07 
Board [5d Qs 2d 3d Kc]
Seat 1: electric2261 folded on the Flop
Seat 2: Ladushki folded before Flop (didn't bet)
Seat 3: Dorex2007 (button) showed [2h 2c] and won ($1.79) with three of a kind, Deuces (pot not awarded as player cashed out)
Seat 4: bojnice21 (small blind) folded on the Flop
Seat 5: Rafaelcarpara (big blind) folded on the Flop
Seat 6: bloody55hawk folded before Flop (didn't bet)
Seat 7: jason198331 folded on the Flop
Seat 8: ErSaZu folded before Flop (didn't bet)
Seat 9: Lutaapi showed [Th Qc] and lost with a pair of Queens



PokerStars Hand #233820357383:  Hold'em No Limit ($0.01/$0.02 USD) - 2022/02/05 23:15:36 PT [2022/02/06 2:15:36 ET]
Table 'Sphinx III' 9-max Seat #4 is the button
Seat 1: electric2261 ($0.68 in chips) 
Seat 2: Ladushki ($0.55 in chips) 
Seat 3: Dorex2007 ($5.28 in chips) 
Seat 4: bojnice21 ($2.19 in chips) 
Seat 5: Rafaelcarpara ($1.45 in chips) 
Seat 6: bloody55hawk ($0.85 in chips) 
Seat 7: jason198331 ($1.56 in chips) 
Seat 8: ErSaZu ($2 in chips) 
Rafaelcarpara: posts small blind $0.01
bloody55hawk: posts big blind $0.02
*** HOLE CARDS ***
Dealt to Dorex2007 [3c 9d]
Lutaapi leaves the table
jason198331: calls $0.02
ErSaZu: folds 
electric2261: folds 
Ladushki: calls $0.02
Dorex2007: folds 
bojnice21: folds 
Rafaelcarpara: raises $0.02 to $0.04
bloody55hawk: raises $0.81 to $0.85 and is all-in
SERDCE 13 joins the table at seat #9 
jason198331: raises $0.71 to $1.56 and is all-in
Ladushki: folds 
Rafaelcarpara: folds 
Uncalled bet ($0.71) returned to jason198331
*** FLOP *** [Ts 4d 9c]
*** TURN *** [Ts 4d 9c] [As]
*** RIVER *** [Ts 4d 9c As] [8s]
*** SHOW DOWN ***
bloody55hawk: shows [Jc Jh] (a pair of Jacks)
jason198331: shows [Kd Ah] (a pair of Aces)
jason198331 collected $1.70 from pot
bloody55hawk cashed out the hand for $0.96 | Cash Out Fee $0.01
*** SUMMARY ***
Total pot $1.76 | Rake $0.06 
Board [Ts 4d 9c As 8s]
Seat 1: electric2261 folded before Flop (didn't bet)
Seat 2: Ladushki folded before Flop
Seat 3: Dorex2007 folded before Flop (didn't bet)
Seat 4: bojnice21 (button) folded before Flop (didn't bet)
Seat 5: Rafaelcarpara (small blind) folded before Flop
Seat 6: bloody55hawk (big blind) showed [Jc Jh] and lost with a pair of Jacks (cashed out).
Seat 7: jason198331 showed [Kd Ah] and won ($1.70) with a pair of Aces
Seat 8: ErSaZu folded before Flop (didn't bet)



PokerStars Hand #233820363404:  Hold'em No Limit ($0.01/$0.02 USD) - 2022/02/05 23:16:12 PT [2022/02/06 2:16:12 ET]
Table 'Sphinx III' 9-max Seat #5 is the button
Seat 1: electric2261 ($0.68 in chips) 
Seat 2: Ladushki ($0.53 in chips) 
Seat 3: Dorex2007 ($5.28 in chips) 
Seat 4: bojnice21 ($2.19 in chips) 
Seat 5: Rafaelcarpara ($1.41 in chips) 
Seat 6: bloody55hawk ($0.96 in chips) 
Seat 7: jason198331 ($2.41 in chips) 
Seat 8: ErSaZu ($2 in chips) 
bloody55hawk: posts small blind $0.01
jason198331: posts big blind $0.02
SERDCE 13: sits out 
*** HOLE CARDS ***
Dealt to Dorex2007 [7s 8c]
ErSaZu: folds 
electric2261: calls $0.02
Ladushki: calls $0.02
Dorex2007: folds 
bojnice21: folds 
Rafaelcarpara: folds 
bloody55hawk: folds 
jason198331: checks 
*** FLOP *** [6d 2s Th]
jason198331: checks 
electric2261: bets $0.06
Ladushki: folds 
jason198331: calls $0.06
*** TURN *** [6d 2s Th] [Ah]
jason198331: checks 
electric2261: checks 
*** RIVER *** [6d 2s Th Ah] [3c]
jason198331: checks 
electric2261: checks 
*** SHOW DOWN ***
jason198331: shows [9s 8s] (high card Ace)
electric2261: shows [Jh Tc] (a pair of Tens)
electric2261 collected $0.18 from pot
*** SUMMARY ***
Total pot $0.19 | Rake $0.01 
Board [6d 2s Th Ah 3c]
Seat 1: electric2261 showed [Jh Tc] and won ($0.18) with a pair of Tens
Seat 2: Ladushki folded on the Flop
Seat 3: Dorex2007 folded before Flop (didn't bet)
Seat 4: bojnice21 folded before Flop (didn't bet)
Seat 5: Rafaelcarpara (button) folded before Flop (didn't bet)
Seat 6: bloody55hawk (small blind) folded before Flop
Seat 7: jason198331 (big blind) showed [9s 8s] and lost with high card Ace
Seat 8: ErSaZu folded before Flop (didn't bet)



PokerStars Hand #233820370125:  Hold'em No Limit ($0.01/$0.02 USD) - 2022/02/05 23:16:52 PT [2022/02/06 2:16:52 ET]
Table 'Sphinx III' 9-max Seat #6 is the button
Seat 1: electric2261 ($0.78 in chips) 
Seat 2: Ladushki ($0.51 in chips) 
Seat 3: Dorex2007 ($5.28 in chips) 
Seat 4: bojnice21 ($2.19 in chips) 
Seat 5: Rafaelcarpara ($1.41 in chips) 
Seat 6: bloody55hawk ($0.95 in chips) 
Seat 7: jason198331 ($2.33 in chips) 
Seat 8: ErSaZu ($2 in chips) 
jason198331: posts small blind $0.01
ErSaZu: posts big blind $0.02
SERDCE 13: sits out 
*** HOLE CARDS ***
Dealt to Dorex2007 [2d 6d]
electric2261: folds 
Ladushki: folds 
Dorex2007: folds 
bojnice21: folds 
Rafaelcarpara: raises $0.04 to $0.06
bloody55hawk: folds 
jason198331: folds 
ErSaZu: calls $0.04
*** FLOP *** [Td 3h Ad]
ErSaZu: checks 
Rafaelcarpara: bets $0.07
ErSaZu: folds 
Uncalled bet ($0.07) returned to Rafaelcarpara
Rafaelcarpara collected $0.13 from pot
Rafaelcarpara: doesn't show hand 
*** SUMMARY ***
Total pot $0.13 | Rake $0 
Board [Td 3h Ad]
Seat 1: electric2261 folded before Flop (didn't bet)
Seat 2: Ladushki folded before Flop (didn't bet)
Seat 3: Dorex2007 folded before Flop (didn't bet)
Seat 4: bojnice21 folded before Flop (didn't bet)
Seat 5: Rafaelcarpara collected ($0.13)
Seat 6: bloody55hawk (button) folded before Flop (didn't bet)
Seat 7: jason198331 (small blind) folded before Flop
Seat 8: ErSaZu (big blind) folded on the Flop



PokerStars Hand #233820378966:  Hold'em No Limit ($0.01/$0.02 USD) - 2022/02/05 23:17:46 PT [2022/02/06 2:17:46 ET]
Table 'Sphinx III' 9-max Seat #7 is the button
Seat 1: electric2261 ($0.78 in chips) 
Seat 2: Ladushki ($0.51 in chips) 
Seat 3: Dorex2007 ($5.28 in chips) 
Seat 4: bojnice21 ($2.19 in chips) 
Seat 5: Rafaelcarpara ($1.48 in chips) 
Seat 6: bloody55hawk ($0.95 in chips) 
Seat 7: jason198331 ($2.32 in chips) 
Seat 8: ErSaZu ($2 in chips) 
Seat 9: SERDCE 13 ($2 in chips) 
ErSaZu: posts small blind $0.01
SERDCE 13: posts big blind $0.02
*** HOLE CARDS ***
Dealt to Dorex2007 [Ah Qh]
electric2261: calls $0.02
Ladushki: folds 
Dorex2007: raises $0.04 to $0.06
bojnice21: folds 
Rafaelcarpara: folds 
bloody55hawk: folds 
jason198331: calls $0.06
ErSaZu: folds 
SERDCE 13: folds 
electric2261: calls $0.04
*** FLOP *** [3c 8h Qs]
electric2261: checks 
Dorex2007: bets $0.13
jason198331: folds 
electric2261: folds 
Uncalled bet ($0.13) returned to Dorex2007
Dorex2007 collected $0.20 from pot
Dorex2007: doesn't show hand 
*** SUMMARY ***
Total pot $0.21 | Rake $0.01 
Board [3c 8h Qs]
Seat 1: electric2261 folded on the Flop
Seat 2: Ladushki folded before Flop (didn't bet)
Seat 3: Dorex2007 collected ($0.20)
Seat 4: bojnice21 folded before Flop (didn't bet)
Seat 5: Rafaelcarpara folded before Flop (didn't bet)
Seat 6: bloody55hawk folded before Flop (didn't bet)
Seat 7: jason198331 (button) folded on the Flop
Seat 8: ErSaZu (small blind) folded before Flop
Seat 9: SERDCE 13 (big blind) folded before Flop



PokerStars Hand #233820386568:  Hold'em No Limit ($0.01/$0.02 USD) - 2022/02/05 23:18:31 PT [2022/02/06 2:18:31 ET]
Table 'Sphinx III' 9-max Seat #8 is the button
Seat 1: electric2261 ($0.72 in chips) 
Seat 2: Ladushki ($0.51 in chips) 
Seat 3: Dorex2007 ($5.42 in chips) 
Seat 4: bojnice21 ($2.19 in chips) 
Seat 5: Rafaelcarpara ($1.48 in chips) 
Seat 6: bloody55hawk ($0.95 in chips) 
Seat 7: jason198331 ($2.26 in chips) 
Seat 8: ErSaZu ($2 in chips) 
Seat 9: SERDCE 13 ($2 in chips) 
SERDCE 13: posts small blind $0.01
electric2261: posts big blind $0.02
*** HOLE CARDS ***
Dealt to Dorex2007 [2h 9h]
Ladushki: folds 
Dorex2007: folds 
bojnice21: folds 
Rafaelcarpara: folds 
bloody55hawk: folds 
jason198331: folds 
ErSaZu: folds 
SERDCE 13: raises $0.04 to $0.06
electric2261: calls $0.04
*** FLOP *** [7h Tc Ad]
SERDCE 13: bets $0.06
electric2261: folds 
Uncalled bet ($0.06) returned to SERDCE 13
SERDCE 13 collected $0.12 from pot
SERDCE 13: doesn't show hand 
*** SUMMARY ***
Total pot $0.12 | Rake $0 
Board [7h Tc Ad]
Seat 1: electric2261 (big blind) folded on the Flop
Seat 2: Ladushki folded before Flop (didn't bet)
Seat 3: Dorex2007 folded before Flop (didn't bet)
Seat 4: bojnice21 folded before Flop (didn't bet)
Seat 5: Rafaelcarpara folded before Flop (didn't bet)
Seat 6: bloody55hawk folded before Flop (didn't bet)
Seat 7: jason198331 folded before Flop (didn't bet)
Seat 8: ErSaZu (button) folded before Flop (didn't bet)
Seat 9: SERDCE 13 (small blind) collected ($0.12)



PokerStars Hand #233820392076:  Hold'em No Limit ($0.01/$0.02 USD) - 2022/02/05 23:19:04 PT [2022/02/06 2:19:04 ET]
Table 'Sphinx III' 9-max Seat #9 is the button
Seat 1: electric2261 ($0.66 in chips) 
Seat 2: Ladushki ($0.51 in chips) 
Seat 3: Dorex2007 ($5.42 in chips) 
Seat 4: bojnice21 ($2.19 in chips) 
Seat 5: Rafaelcarpara ($1.48 in chips) 
Seat 6: bloody55hawk ($0.95 in chips) 
Seat 7: jason198331 ($2.26 in chips) 
Seat 8: ErSaZu ($2 in chips) 
Seat 9: SERDCE 13 ($2.06 in chips) 
electric2261: posts small blind $0.01
Ladushki: posts big blind $0.02
*** HOLE CARDS ***
Dealt to Dorex2007 [7s Qh]
Dorex2007: folds 
bojnice21: folds 
Rafaelcarpara: calls $0.02
bloody55hawk: folds 
jason198331: folds 
ErSaZu: folds 
SERDCE 13: raises $0.06 to $0.08
electric2261: calls $0.07
Ladushki: folds 
Rafaelcarpara: calls $0.06
*** FLOP *** [8h Ks 3s]
bojnice21 leaves the table
electric2261: checks 
Rafaelcarpara: checks 
SERDCE 13: bets $0.14
electric2261: raises $0.44 to $0.58 and is all-in
Rafaelcarpara: folds 
SERDCE 13: folds 
Uncalled bet ($0.44) returned to electric2261
electric2261 collected $0.52 from pot
electric2261: doesn't show hand 
*** SUMMARY ***
Total pot $0.54 | Rake $0.02 
Board [8h Ks 3s]
Seat 1: electric2261 (small blind) collected ($0.52)
Seat 2: Ladushki (big blind) folded before Flop
Seat 3: Dorex2007 folded before Flop (didn't bet)
Seat 4: bojnice21 folded before Flop (didn't bet)
Seat 5: Rafaelcarpara folded on the Flop
Seat 6: bloody55hawk folded before Flop (didn't bet)
Seat 7: jason198331 folded before Flop (didn't bet)
Seat 8: ErSaZu folded before Flop (didn't bet)
Seat 9: SERDCE 13 (button) folded on the Flop



PokerStars Hand #233820400430:  Hold'em No Limit ($0.01/$0.02 USD) - 2022/02/05 23:19:54 PT [2022/02/06 2:19:54 ET]
Table 'Sphinx III' 9-max Seat #1 is the button
Seat 1: electric2261 ($0.96 in chips) 
Seat 2: Ladushki ($0.49 in chips) 
Seat 3: Dorex2007 ($5.42 in chips) 
Seat 5: Rafaelcarpara ($1.40 in chips) 
Seat 6: bloody55hawk ($0.95 in chips) 
Seat 7: jason198331 ($2.26 in chips) 
Seat 8: ErSaZu ($2 in chips) 
Seat 9: SERDCE 13 ($2 in chips) 
Ladushki: posts small blind $0.01
Dorex2007: posts big blind $0.02
*** HOLE CARDS ***
Dealt to Dorex2007 [Kd 9h]
Rafaelcarpara: folds 
bloody55hawk: folds 
jason198331: folds 
ErSaZu: folds 
SERDCE 13: raises $0.04 to $0.06
electric2261: folds 
Ladushki: folds 
butterkeks504 joins the table at seat #4 
Dorex2007: folds 
Uncalled bet ($0.04) returned to SERDCE 13
SERDCE 13 collected $0.05 from pot
SERDCE 13: doesn't show hand 
*** SUMMARY ***
Total pot $0.05 | Rake $0 
Seat 1: electric2261 (button) folded before Flop (didn't bet)
Seat 2: Ladushki (small blind) folded before Flop
Seat 3: Dorex2007 (big blind) folded before Flop
Seat 5: Rafaelcarpara folded before Flop (didn't bet)
Seat 6: bloody55hawk folded before Flop (didn't bet)
Seat 7: jason198331 folded before Flop (didn't bet)
Seat 8: ErSaZu folded before Flop (didn't bet)
Seat 9: SERDCE 13 collected ($0.05)



PokerStars Hand #233820404860:  Hold'em No Limit ($0.01/$0.02 USD) - 2022/02/05 23:20:20 PT [2022/02/06 2:20:20 ET]
Table 'Sphinx III' 9-max Seat #2 is the button
Seat 1: electric2261 ($0.96 in chips) 
Seat 2: Ladushki ($0.48 in chips) 
Seat 3: Dorex2007 ($5.40 in chips) 
Seat 4: butterkeks504 ($0.80 in chips) 
Seat 5: Rafaelcarpara ($1.40 in chips) 
Seat 6: bloody55hawk ($0.95 in chips) 
Seat 7: jason198331 ($2.26 in chips) 
Seat 8: ErSaZu ($2 in chips) 
Seat 9: SERDCE 13 ($2.03 in chips) 
Dorex2007: posts small blind $0.01
butterkeks504: posts big blind $0.02
*** HOLE CARDS ***
Dealt to Dorex2007 [Qc Td]
Rafaelcarpara: folds 
bloody55hawk: folds 
jason198331: calls $0.02
ErSaZu: raises $0.05 to $0.07
SERDCE 13: folds 
electric2261: folds 
Ladushki: folds 
Dorex2007: folds 
butterkeks504: raises $0.05 to $0.12
jason198331: calls $0.10
ErSaZu: raises $0.21 to $0.33
butterkeks504: raises $0.47 to $0.80 and is all-in
jason198331: folds 
ErSaZu: calls $0.47
*** FLOP *** [6h 9s 2h]
*** TURN *** [6h 9s 2h] [8d]
*** RIVER *** [6h 9s 2h 8d] [Jh]
*** SHOW DOWN ***
butterkeks504: shows [Jc Ts] (a pair of Jacks)
ErSaZu: shows [As Kc] (high card Ace)
butterkeks504 collected $1.65 from pot
*** SUMMARY ***
Total pot $1.73 | Rake $0.08 
Board [6h 9s 2h 8d Jh]
Seat 1: electric2261 folded before Flop (didn't bet)
Seat 2: Ladushki (button) folded before Flop (didn't bet)
Seat 3: Dorex2007 (small blind) folded before Flop
Seat 4: butterkeks504 (big blind) showed [Jc Ts] and won ($1.65) with a pair of Jacks
Seat 5: Rafaelcarpara folded before Flop (didn't bet)
Seat 6: bloody55hawk folded before Flop (didn't bet)
Seat 7: jason198331 folded before Flop
Seat 8: ErSaZu showed [As Kc] and lost with high card Ace
Seat 9: SERDCE 13 folded before Flop (didn't bet)



PokerStars Hand #233820417178:  Hold'em No Limit ($0.01/$0.02 USD) - 2022/02/05 23:21:33 PT [2022/02/06 2:21:33 ET]
Table 'Sphinx III' 9-max Seat #3 is the button
Seat 1: electric2261 ($0.96 in chips) 
Seat 2: Ladushki ($0.48 in chips) 
Seat 3: Dorex2007 ($5.39 in chips) 
Seat 4: butterkeks504 ($1.65 in chips) 
Seat 5: Rafaelcarpara ($1.40 in chips) 
Seat 6: bloody55hawk ($0.95 in chips) 
Seat 7: jason198331 ($2.14 in chips) 
Seat 8: ErSaZu ($2 in chips) 
Seat 9: SERDCE 13 ($2.03 in chips) 
butterkeks504: posts small blind $0.01
Rafaelcarpara: posts big blind $0.02
*** HOLE CARDS ***
Dealt to Dorex2007 [3s Jh]
bloody55hawk: folds 
jason198331: folds 
ErSaZu: folds 
SERDCE 13: raises $0.04 to $0.06
electric2261: calls $0.06
Ladushki: folds 
Dorex2007: folds 
butterkeks504: folds 
Rafaelcarpara: calls $0.04
*** FLOP *** [3c 4h 9d]
Rafaelcarpara: checks 
SERDCE 13: bets $0.09
electric2261: folds 
Rafaelcarpara: folds 
Uncalled bet ($0.09) returned to SERDCE 13
SERDCE 13 collected $0.18 from pot
SERDCE 13: doesn't show hand 
*** SUMMARY ***
Total pot $0.19 | Rake $0.01 
Board [3c 4h 9d]
Seat 1: electric2261 folded on the Flop
Seat 2: Ladushki folded before Flop (didn't bet)
Seat 3: Dorex2007 (button) folded before Flop (didn't bet)
Seat 4: butterkeks504 (small blind) folded before Flop
Seat 5: Rafaelcarpara (big blind) folded on the Flop
Seat 6: bloody55hawk folded before Flop (didn't bet)
Seat 7: jason198331 folded before Flop (didn't bet)
Seat 8: ErSaZu folded before Flop (didn't bet)
Seat 9: SERDCE 13 collected ($0.18)



PokerStars Hand #233820424094:  Hold'em No Limit ($0.01/$0.02 USD) - 2022/02/05 23:22:14 PT [2022/02/06 2:22:14 ET]
Table 'Sphinx III' 9-max Seat #4 is the button
Seat 1: electric2261 ($0.90 in chips) 
Seat 2: Ladushki ($0.48 in chips) 
Seat 3: Dorex2007 ($5.39 in chips) 
Seat 4: butterkeks504 ($1.64 in chips) 
Seat 5: Rafaelcarpara ($1.34 in chips) 
Seat 6: bloody55hawk ($0.95 in chips) 
Seat 7: jason198331 ($2.14 in chips) 
Seat 8: ErSaZu ($2 in chips) 
Seat 9: SERDCE 13 ($2.15 in chips) 
Rafaelcarpara: posts small blind $0.01
bloody55hawk: posts big blind $0.02
*** HOLE CARDS ***
Dealt to Dorex2007 [Ks 7c]
jason198331: folds 
ErSaZu: folds 
SERDCE 13: folds 
electric2261: raises $0.04 to $0.06
Ladushki: folds 
Dorex2007: folds 
butterkeks504: folds 
Rafaelcarpara: calls $0.05
bloody55hawk: folds 
*** FLOP *** [4h Jc 8d]
Rafaelcarpara: checks 
electric2261: checks 
*** TURN *** [4h Jc 8d] [9h]
Rafaelcarpara: bets $0.07
electric2261: calls $0.07
*** RIVER *** [4h Jc 8d 9h] [3c]
Rafaelcarpara: bets $0.02
electric2261: calls $0.02
*** SHOW DOWN ***
Rafaelcarpara: shows [Kh 2h] (high card King)
electric2261: shows [Ad Qc] (high card Ace)
electric2261 collected $0.31 from pot
*** SUMMARY ***
Total pot $0.32 | Rake $0.01 
Board [4h Jc 8d 9h 3c]
Seat 1: electric2261 showed [Ad Qc] and won ($0.31) with high card Ace
Seat 2: Ladushki folded before Flop (didn't bet)
Seat 3: Dorex2007 folded before Flop (didn't bet)
Seat 4: butterkeks504 (button) folded before Flop (didn't bet)
Seat 5: Rafaelcarpara (small blind) showed [Kh 2h] and lost with high card King
Seat 6: bloody55hawk (big blind) folded before Flop
Seat 7: jason198331 folded before Flop (didn't bet)
Seat 8: ErSaZu folded before Flop (didn't bet)
Seat 9: SERDCE 13 folded before Flop (didn't bet)



PokerStars Hand #233820432145:  Hold'em No Limit ($0.01/$0.02 USD) - 2022/02/05 23:23:03 PT [2022/02/06 2:23:03 ET]
Table 'Sphinx III' 9-max Seat #5 is the button
Seat 1: electric2261 ($1.06 in chips) 
Seat 2: Ladushki ($0.48 in chips) 
Seat 3: Dorex2007 ($5.39 in chips) 
Seat 4: butterkeks504 ($1.64 in chips) 
Seat 5: Rafaelcarpara ($1.19 in chips) 
Seat 6: bloody55hawk ($0.93 in chips) 
Seat 7: jason198331 ($2.14 in chips) 
Seat 8: ErSaZu ($2 in chips) 
Seat 9: SERDCE 13 ($2.15 in chips) 
bloody55hawk: posts small blind $0.01
jason198331: posts big blind $0.02
*** HOLE CARDS ***
Dealt to Dorex2007 [Qh 3s]
ErSaZu: folds 
SERDCE 13: folds 
electric2261: raises $0.02 to $0.04
Ladushki: folds 
Dorex2007: folds 
butterkeks504: folds 
Rafaelcarpara: calls $0.04
bloody55hawk: folds 
jason198331: folds 
*** FLOP *** [5h 7s 6d]
electric2261: bets $0.04
Rafaelcarpara: calls $0.04
*** TURN *** [5h 7s 6d] [Ah]
electric2261: bets $0.02
Rafaelcarpara: calls $0.02
*** RIVER *** [5h 7s 6d Ah] [8d]
electric2261: bets $0.10
Rafaelcarpara: calls $0.10
*** SHOW DOWN ***
electric2261: shows [9s 9d] (a straight, Five to Nine)
Rafaelcarpara: mucks hand 
electric2261 collected $0.41 from pot
*** SUMMARY ***
Total pot $0.43 | Rake $0.02 
Board [5h 7s 6d Ah 8d]
Seat 1: electric2261 showed [9s 9d] and won ($0.41) with a straight, Five to Nine
Seat 2: Ladushki folded before Flop (didn't bet)
Seat 3: Dorex2007 folded before Flop (didn't bet)
Seat 4: butterkeks504 folded before Flop (didn't bet)
Seat 5: Rafaelcarpara (button) mucked [Qd 8h]
Seat 6: bloody55hawk (small blind) folded before Flop
Seat 7: jason198331 (big blind) folded before Flop
Seat 8: ErSaZu folded before Flop (didn't bet)
Seat 9: SERDCE 13 folded before Flop (didn't bet)



PokerStars Hand #233820442934:  Hold'em No Limit ($0.01/$0.02 USD) - 2022/02/05 23:24:08 PT [2022/02/06 2:24:08 ET]
Table 'Sphinx III' 9-max Seat #6 is the button
Seat 1: electric2261 ($1.27 in chips) 
Seat 2: Ladushki ($0.48 in chips) 
Seat 3: Dorex2007 ($5.39 in chips) 
Seat 4: butterkeks504 ($1.64 in chips) 
Seat 5: Rafaelcarpara ($0.99 in chips) 
Seat 6: bloody55hawk ($0.92 in chips) 
Seat 7: jason198331 ($2.12 in chips) 
Seat 8: ErSaZu ($2 in chips) 
Seat 9: SERDCE 13 ($2.15 in chips) 
jason198331: posts small blind $0.01
ErSaZu: posts big blind $0.02
*** HOLE CARDS ***
Dealt to Dorex2007 [4d 6h]
SERDCE 13: folds 
electric2261: folds 
Ladushki: folds 
Dorex2007: folds 
butterkeks504: folds 
Rafaelcarpara: raises $0.04 to $0.06
bloody55hawk: raises $0.86 to $0.92 and is all-in
jason198331: folds 
ErSaZu: folds 
Rafaelcarpara: calls $0.86
*** FLOP *** [4c 8s 5d]
*** TURN *** [4c 8s 5d] [2c]
*** RIVER *** [4c 8s 5d 2c] [7s]
*** SHOW DOWN ***
Rafaelcarpara: shows [Td Ad] (high card Ace)
bloody55hawk: shows [Qs Qh] (a pair of Queens)
bloody55hawk cashed out the hand for $1.20 | Cash Out Fee $0.01
*** SUMMARY ***
Total pot $1.87 | Rake $0.07 
Board [4c 8s 5d 2c 7s]
Seat 1: electric2261 folded before Flop (didn't bet)
Seat 2: Ladushki folded before Flop (didn't bet)
Seat 3: Dorex2007 folded before Flop (didn't bet)
Seat 4: butterkeks504 folded before Flop (didn't bet)
Seat 5: Rafaelcarpara showed [Td Ad] and lost with high card Ace
Seat 6: bloody55hawk (button) showed [Qs Qh] and won ($1.80) with a pair of Queens (pot not awarded as player cashed out)
Seat 7: jason198331 (small blind) folded before Flop
Seat 8: ErSaZu (big blind) folded before Flop
Seat 9: SERDCE 13 folded before Flop (didn't bet)



PokerStars Hand #233820449120:  Hold'em No Limit ($0.01/$0.02 USD) - 2022/02/05 23:24:45 PT [2022/02/06 2:24:45 ET]
Table 'Sphinx III' 9-max Seat #7 is the button
Seat 1: electric2261 ($1.27 in chips) 
Seat 2: Ladushki ($0.48 in chips) 
Seat 3: Dorex2007 ($5.39 in chips) 
Seat 4: butterkeks504 ($1.64 in chips) 
Seat 5: Rafaelcarpara ($0.07 in chips) 
Seat 6: bloody55hawk ($1.20 in chips) 
Seat 7: jason198331 ($2.11 in chips) 
Seat 8: ErSaZu ($2 in chips) 
Seat 9: SERDCE 13 ($2.15 in chips) 
ErSaZu: posts small blind $0.01
SERDCE 13: posts big blind $0.02
*** HOLE CARDS ***
Dealt to Dorex2007 [Ts 7s]
electric2261: raises $0.02 to $0.04
Ladushki: folds 
Dorex2007: folds 
butterkeks504: calls $0.04
Rafaelcarpara: folds 
bloody55hawk: raises $1.16 to $1.20 and is all-in
jason198331: folds 
ErSaZu: folds 
SERDCE 13: folds 
electric2261: folds 
butterkeks504: folds 
Uncalled bet ($1.16) returned to bloody55hawk
bloody55hawk collected $0.15 from pot
bloody55hawk: doesn't show hand 
*** SUMMARY ***
Total pot $0.15 | Rake $0 
Seat 1: electric2261 folded before Flop
Seat 2: Ladushki folded before Flop (didn't bet)
Seat 3: Dorex2007 folded before Flop (didn't bet)
Seat 4: butterkeks504 folded before Flop
Seat 5: Rafaelcarpara folded before Flop (didn't bet)
Seat 6: bloody55hawk collected ($0.15)
Seat 7: jason198331 (button) folded before Flop (didn't bet)
Seat 8: ErSaZu (small blind) folded before Flop
Seat 9: SERDCE 13 (big blind) folded before Flop



PokerStars Hand #233820454035:  Hold'em No Limit ($0.01/$0.02 USD) - 2022/02/05 23:25:13 PT [2022/02/06 2:25:13 ET]
Table 'Sphinx III' 9-max Seat #8 is the button
Seat 1: electric2261 ($1.23 in chips) 
Seat 2: Ladushki ($0.48 in chips) 
Seat 3: Dorex2007 ($5.39 in chips) 
Seat 4: butterkeks504 ($1.60 in chips) 
Seat 5: Rafaelcarpara ($0.07 in chips) 
Seat 6: bloody55hawk ($1.31 in chips) 
Seat 7: jason198331 ($2.11 in chips) 
Seat 8: ErSaZu ($2 in chips) 
Seat 9: SERDCE 13 ($2.13 in chips) 
SERDCE 13: posts small blind $0.01
electric2261: posts big blind $0.02
*** HOLE CARDS ***
Dealt to Dorex2007 [5s Kc]
Ladushki: folds 
Dorex2007: folds 
butterkeks504: folds 
Rafaelcarpara: raises $0.05 to $0.07 and is all-in
bloody55hawk: folds 
jason198331: folds 
ErSaZu: raises $0.11 to $0.18
SERDCE 13: folds 
electric2261: folds 
Uncalled bet ($0.11) returned to ErSaZu
*** FLOP *** [9d 5d 8h]
*** TURN *** [9d 5d 8h] [Ac]
*** RIVER *** [9d 5d 8h Ac] [3c]
*** SHOW DOWN ***
Rafaelcarpara: shows [Ad 6s] (a pair of Aces)
ErSaZu: shows [Ah Qc] (a pair of Aces - Queen kicker)
ErSaZu collected $0.16 from pot
*** SUMMARY ***
Total pot $0.17 | Rake $0.01 
Board [9d 5d 8h Ac 3c]
Seat 1: electric2261 (big blind) folded before Flop
Seat 2: Ladushki folded before Flop (didn't bet)
Seat 3: Dorex2007 folded before Flop (didn't bet)
Seat 4: butterkeks504 folded before Flop (didn't bet)
Seat 5: Rafaelcarpara showed [Ad 6s] and lost with a pair of Aces
Seat 6: bloody55hawk folded before Flop (didn't bet)
Seat 7: jason198331 folded before Flop (didn't bet)
Seat 8: ErSaZu (button) showed [Ah Qc] and won ($0.16) with a pair of Aces
Seat 9: SERDCE 13 (small blind) folded before Flop



PokerStars Hand #233820461750:  Hold'em No Limit ($0.01/$0.02 USD) - 2022/02/05 23:25:59 PT [2022/02/06 2:25:59 ET]
Table 'Sphinx III' 9-max Seat #9 is the button
Seat 1: electric2261 ($1.21 in chips) 
Seat 2: Ladushki ($0.48 in chips) 
Seat 3: Dorex2007 ($5.39 in chips) 
Seat 4: butterkeks504 ($1.60 in chips) 
Seat 6: bloody55hawk ($1.31 in chips) 
Seat 7: jason198331 ($2.11 in chips) 
Seat 8: ErSaZu ($2.09 in chips) 
Seat 9: SERDCE 13 ($2.12 in chips) 
electric2261: posts small blind $0.01
Ladushki: posts big blind $0.02
*** HOLE CARDS ***
Dealt to Dorex2007 [Ad 2s]
Dorex2007: folds 
butterkeks504: folds 
bloody55hawk: folds 
jason198331: folds 
ErSaZu: raises $0.02 to $0.04
SERDCE 13: folds 
electric2261: folds 
Ladushki: folds 
Uncalled bet ($0.02) returned to ErSaZu
ErSaZu collected $0.05 from pot
ErSaZu: doesn't show hand 
*** SUMMARY ***
Total pot $0.05 | Rake $0 
Seat 1: electric2261 (small blind) folded before Flop
Seat 2: Ladushki (big blind) folded before Flop
Seat 3: Dorex2007 folded before Flop (didn't bet)
Seat 4: butterkeks504 folded before Flop (didn't bet)
Seat 6: bloody55hawk folded before Flop (didn't bet)
Seat 7: jason198331 folded before Flop (didn't bet)
Seat 8: ErSaZu collected ($0.05)
Seat 9: SERDCE 13 (button) folded before Flop (didn't bet)



PokerStars Hand #233820467189:  Hold'em No Limit ($0.01/$0.02 USD) - 2022/02/05 23:26:31 PT [2022/02/06 2:26:31 ET]
Table 'Sphinx III' 9-max Seat #1 is the button
Seat 1: electric2261 ($1.20 in chips) 
Seat 2: Ladushki ($0.46 in chips) 
Seat 3: Dorex2007 ($5.39 in chips) 
Seat 4: butterkeks504 ($1.60 in chips) 
Seat 6: bloody55hawk ($1.31 in chips) 
Seat 7: jason198331 ($2.11 in chips) 
Seat 8: ErSaZu ($2.12 in chips) 
Seat 9: SERDCE 13 ($2.12 in chips) 
Ladushki: posts small blind $0.01
Dorex2007: posts big blind $0.02
*** HOLE CARDS ***
Dealt to Dorex2007 [4h 8h]
butterkeks504: folds 
bloody55hawk: folds 
jason198331: raises $0.04 to $0.06
ErSaZu: folds 
SERDCE 13: folds 
electric2261: folds 
Ladushki: calls $0.05
Dorex2007: folds 
*** FLOP *** [4d Qd 9s]
Ladushki: checks 
jason198331: checks 
*** TURN *** [4d Qd 9s] [Qh]
Ladushki: checks 
jason198331: bets $0.09
Ladushki: calls $0.09
*** RIVER *** [4d Qd 9s Qh] [9c]
Ladushki: checks 
jason198331: checks 
*** SHOW DOWN ***
Ladushki: shows [Ts Kh] (two pair, Queens and Nines)
jason198331: shows [Jd Jh] (two pair, Queens and Jacks)
jason198331 collected $0.31 from pot
*** SUMMARY ***
Total pot $0.32 | Rake $0.01 
Board [4d Qd 9s Qh 9c]
Seat 1: electric2261 (button) folded before Flop (didn't bet)
Seat 2: Ladushki (small blind) showed [Ts Kh] and lost with two pair, Queens and Nines
Seat 3: Dorex2007 (big blind) folded before Flop
Seat 4: butterkeks504 folded before Flop (didn't bet)
Seat 6: bloody55hawk folded before Flop (didn't bet)
Seat 7: jason198331 showed [Jd Jh] and won ($0.31) with two pair, Queens and Jacks
Seat 8: ErSaZu folded before Flop (didn't bet)
Seat 9: SERDCE 13 folded before Flop (didn't bet)



PokerStars Hand #233820475133:  Hold'em No Limit ($0.01/$0.02 USD) - 2022/02/05 23:27:19 PT [2022/02/06 2:27:19 ET]
Table 'Sphinx III' 9-max Seat #2 is the button
Seat 1: electric2261 ($1.20 in chips) 
Seat 2: Ladushki ($0.31 in chips) 
Seat 3: Dorex2007 ($5.37 in chips) 
Seat 4: butterkeks504 ($1.60 in chips) 
Seat 6: bloody55hawk ($1.31 in chips) 
Seat 7: jason198331 ($2.27 in chips) 
Seat 8: ErSaZu ($2.12 in chips) 
Seat 9: SERDCE 13 ($2.12 in chips) 
Dorex2007: posts small blind $0.01
butterkeks504: posts big blind $0.02
*** HOLE CARDS ***
Dealt to Dorex2007 [5h 5c]
bloody55hawk: raises $0.04 to $0.06
jason198331: calls $0.06
ErSaZu: folds 
SERDCE 13: calls $0.06
electric2261: folds 
Ladushki: calls $0.06
Dorex2007: calls $0.05
butterkeks504: folds 
*** FLOP *** [Qh 6c 8h]
Dorex2007: checks 
bloody55hawk: bets $1.25 and is all-in
jason198331: folds 
SERDCE 13: folds 
Ladushki: folds 
Dorex2007: folds 
Uncalled bet ($1.25) returned to bloody55hawk
bloody55hawk collected $0.31 from pot
bloody55hawk: doesn't show hand 
*** SUMMARY ***
Total pot $0.32 | Rake $0.01 
Board [Qh 6c 8h]
Seat 1: electric2261 folded before Flop (didn't bet)
Seat 2: Ladushki (button) folded on the Flop
Seat 3: Dorex2007 (small blind) folded on the Flop
Seat 4: butterkeks504 (big blind) folded before Flop
Seat 6: bloody55hawk collected ($0.31)
Seat 7: jason198331 folded on the Flop
Seat 8: ErSaZu folded before Flop (didn't bet)
Seat 9: SERDCE 13 folded on the Flop



PokerStars Hand #233820481945:  Hold'em No Limit ($0.01/$0.02 USD) - 2022/02/05 23:27:59 PT [2022/02/06 2:27:59 ET]
Table 'Sphinx III' 9-max Seat #3 is the button
Seat 1: electric2261 ($1.20 in chips) 
Seat 2: Ladushki ($0.25 in chips) 
Seat 3: Dorex2007 ($5.31 in chips) 
Seat 4: butterkeks504 ($1.58 in chips) 
Seat 5: Rafaelcarpara ($0.80 in chips) 
Seat 6: bloody55hawk ($1.56 in chips) 
Seat 7: jason198331 ($2.21 in chips) 
Seat 8: ErSaZu ($2.12 in chips) 
Seat 9: SERDCE 13 ($2.06 in chips) 
butterkeks504: posts small blind $0.01
Rafaelcarpara: posts big blind $0.02
*** HOLE CARDS ***
Dealt to Dorex2007 [8c 4s]
bloody55hawk: folds 
jason198331: folds 
bloody55hawk leaves the table
ErSaZu: folds 
SERDCE 13: folds 
electric2261: folds 
Ladushki: calls $0.02
Dorex2007: folds 
butterkeks504: calls $0.01
Rafaelcarpara: checks 
*** FLOP *** [2c 3h 2s]
butterkeks504: bets $0.03
13170877 joins the table at seat #6 
Rafaelcarpara: folds 
Ladushki: folds 
Uncalled bet ($0.03) returned to butterkeks504
butterkeks504 collected $0.06 from pot
butterkeks504: doesn't show hand 
*** SUMMARY ***
Total pot $0.06 | Rake $0 
Board [2c 3h 2s]
Seat 1: electric2261 folded before Flop (didn't bet)
Seat 2: Ladushki folded on the Flop
Seat 3: Dorex2007 (button) folded before Flop (didn't bet)
Seat 4: butterkeks504 (small blind) collected ($0.06)
Seat 5: Rafaelcarpara (big blind) folded on the Flop
Seat 6: bloody55hawk folded before Flop (didn't bet)
Seat 7: jason198331 folded before Flop (didn't bet)
Seat 8: ErSaZu folded before Flop (didn't bet)
Seat 9: SERDCE 13 folded before Flop (didn't bet)



PokerStars Hand #233820487487:  Hold'em No Limit ($0.01/$0.02 USD) - 2022/02/05 23:28:32 PT [2022/02/06 2:28:32 ET]
Table 'Sphinx III' 9-max Seat #4 is the button
Seat 1: electric2261 ($1.20 in chips) 
Seat 2: Ladushki ($0.23 in chips) 
Seat 3: Dorex2007 ($5.31 in chips) 
Seat 4: butterkeks504 ($1.62 in chips) 
Seat 5: Rafaelcarpara ($0.78 in chips) 
Seat 6: 13170877 ($0.80 in chips) 
Seat 7: jason198331 ($2.21 in chips) 
Seat 8: ErSaZu ($2.12 in chips) 
Seat 9: SERDCE 13 ($2.06 in chips) 
Rafaelcarpara: posts small blind $0.01
13170877: posts big blind $0.02
*** HOLE CARDS ***
Dealt to Dorex2007 [Ac 8h]
jason198331: folds 
ErSaZu: folds 
SERDCE 13: raises $0.04 to $0.06
electric2261: folds 
Ladushki: calls $0.06
Dorex2007: folds 
butterkeks504: folds 
Rafaelcarpara: calls $0.05
13170877: folds 
*** FLOP *** [6d 3s 2h]
Rafaelcarpara: bets $0.06
SERDCE 13: folds 
Ladushki: calls $0.06
*** TURN *** [6d 3s 2h] [8d]
Rafaelcarpara: checks 
Ladushki: checks 
*** RIVER *** [6d 3s 2h 8d] [Kh]
Rafaelcarpara: checks 
Ladushki: checks 
*** SHOW DOWN ***
Rafaelcarpara: shows [6c 7c] (a pair of Sixes)
Ladushki: mucks hand 
Rafaelcarpara collected $0.31 from pot
*** SUMMARY ***
Total pot $0.32 | Rake $0.01 
Board [6d 3s 2h 8d Kh]
Seat 1: electric2261 folded before Flop (didn't bet)
Seat 2: Ladushki mucked [9h Ah]
Seat 3: Dorex2007 folded before Flop (didn't bet)
Seat 4: butterkeks504 (button) folded before Flop (didn't bet)
Seat 5: Rafaelcarpara (small blind) showed [6c 7c] and won ($0.31) with a pair of Sixes
Seat 6: 13170877 (big blind) folded before Flop
Seat 7: jason198331 folded before Flop (didn't bet)
Seat 8: ErSaZu folded before Flop (didn't bet)
Seat 9: SERDCE 13 folded on the Flop



PokerStars Hand #233820497572:  Hold'em No Limit ($0.01/$0.02 USD) - 2022/02/05 23:29:31 PT [2022/02/06 2:29:31 ET]
Table 'Sphinx III' 9-max Seat #5 is the button
Seat 1: electric2261 ($1.20 in chips) 
Seat 2: Ladushki ($0.11 in chips) 
Seat 3: Dorex2007 ($5.31 in chips) 
Seat 4: butterkeks504 ($1.62 in chips) 
Seat 5: Rafaelcarpara ($0.97 in chips) 
Seat 6: 13170877 ($0.78 in chips) 
Seat 7: jason198331 ($2.21 in chips) 
Seat 8: ErSaZu ($2.12 in chips) 
Seat 9: SERDCE 13 ($2 in chips) 
13170877: posts small blind $0.01
jason198331: posts big blind $0.02
*** HOLE CARDS ***
Dealt to Dorex2007 [5c As]
ErSaZu: folds 
SERDCE 13: folds 
electric2261: folds 
Ladushki: folds 
Dorex2007: folds 
butterkeks504: folds 
Rafaelcarpara: raises $0.04 to $0.06
13170877: folds 
jason198331: calls $0.04
*** FLOP *** [Qd Ts 7d]
jason198331: checks 
Rafaelcarpara: checks 
*** TURN *** [Qd Ts 7d] [8c]
jason198331: checks 
Rafaelcarpara: bets $0.07
jason198331: calls $0.07
*** RIVER *** [Qd Ts 7d 8c] [9d]
jason198331: checks 
Rafaelcarpara: checks 
*** SHOW DOWN ***
jason198331: shows [2h Qh] (a pair of Queens)
Rafaelcarpara: shows [7h 7s] (three of a kind, Sevens)
Rafaelcarpara collected $0.26 from pot
*** SUMMARY ***
Total pot $0.27 | Rake $0.01 
Board [Qd Ts 7d 8c 9d]
Seat 1: electric2261 folded before Flop (didn't bet)
Seat 2: Ladushki folded before Flop (didn't bet)
Seat 3: Dorex2007 folded before Flop (didn't bet)
Seat 4: butterkeks504 folded before Flop (didn't bet)
Seat 5: Rafaelcarpara (button) showed [7h 7s] and won ($0.26) with three of a kind, Sevens
Seat 6: 13170877 (small blind) folded before Flop
Seat 7: jason198331 (big blind) showed [2h Qh] and lost with a pair of Queens
Seat 8: ErSaZu folded before Flop (didn't bet)
Seat 9: SERDCE 13 folded before Flop (didn't bet)



PokerStars Hand #233820505298:  Hold'em No Limit ($0.01/$0.02 USD) - 2022/02/05 23:30:16 PT [2022/02/06 2:30:16 ET]
Table 'Sphinx III' 9-max Seat #6 is the button
Seat 1: electric2261 ($1.20 in chips) 
Seat 2: Ladushki ($0.11 in chips) 
Seat 3: Dorex2007 ($5.31 in chips) 
Seat 4: butterkeks504 ($1.62 in chips) 
Seat 5: Rafaelcarpara ($1.10 in chips) 
Seat 6: 13170877 ($0.77 in chips) 
Seat 7: jason198331 ($2.08 in chips) 
Seat 8: ErSaZu ($2.12 in chips) 
Seat 9: SERDCE 13 ($2 in chips) 
jason198331: posts small blind $0.01
ErSaZu: posts big blind $0.02
*** HOLE CARDS ***
Dealt to Dorex2007 [Kd Qh]
SERDCE 13: folds 
electric2261: folds 
Ladushki: folds 
Dorex2007: raises $0.04 to $0.06
butterkeks504: folds 
Rafaelcarpara: calls $0.06
13170877: folds 
jason198331: calls $0.05
ErSaZu: folds 
*** FLOP *** [8d 4d 5d]
jason198331: checks 
Dorex2007: bets $0.10
Rafaelcarpara: raises $0.10 to $0.20
jason198331: calls $0.20
Dorex2007: calls $0.10
*** TURN *** [8d 4d 5d] [9s]
jason198331: checks 
Dorex2007: checks 
Rafaelcarpara: bets $0.39
jason198331: calls $0.39
Dorex2007: folds 
*** RIVER *** [8d 4d 5d 9s] [6s]
jason198331: checks 
Rafaelcarpara: checks 
*** SHOW DOWN ***
jason198331: shows [6c 7s] (a straight, Five to Nine)
Rafaelcarpara: shows [7h 6h] (a straight, Five to Nine)
jason198331 collected $0.76 from pot
Rafaelcarpara collected $0.76 from pot
*** SUMMARY ***
Total pot $1.58 | Rake $0.06 
Board [8d 4d 5d 9s 6s]
Seat 1: electric2261 folded before Flop (didn't bet)
Seat 2: Ladushki folded before Flop (didn't bet)
Seat 3: Dorex2007 folded on the Turn
Seat 4: butterkeks504 folded before Flop (didn't bet)
Seat 5: Rafaelcarpara showed [7h 6h] and won ($0.76) with a straight, Five to Nine
Seat 6: 13170877 (button) folded before Flop (didn't bet)
Seat 7: jason198331 (small blind) showed [6c 7s] and won ($0.76) with a straight, Five to Nine
Seat 8: ErSaZu (big blind) folded before Flop
Seat 9: SERDCE 13 folded before Flop (didn't bet)



PokerStars Hand #233820517919:  Hold'em No Limit ($0.01/$0.02 USD) - 2022/02/05 23:31:30 PT [2022/02/06 2:31:30 ET]
Table 'Sphinx III' 9-max Seat #7 is the button
Seat 1: electric2261 ($1.20 in chips) 
Seat 2: Ladushki ($0.11 in chips) 
Seat 3: Dorex2007 ($5.05 in chips) 
Seat 4: butterkeks504 ($1.62 in chips) 
Seat 5: Rafaelcarpara ($1.21 in chips) 
Seat 6: 13170877 ($0.77 in chips) 
Seat 7: jason198331 ($2.19 in chips) 
Seat 8: ErSaZu ($2.10 in chips) 
Seat 9: SERDCE 13 ($2 in chips) 
ErSaZu: posts small blind $0.01
SERDCE 13: posts big blind $0.02
*** HOLE CARDS ***
Dealt to Dorex2007 [Kh 6h]
electric2261: folds 
Ladushki: folds 
Dorex2007: folds 
butterkeks504: raises $0.04 to $0.06
Rafaelcarpara: folds 
13170877: calls $0.06
jason198331: folds 
ErSaZu: calls $0.05
SERDCE 13: calls $0.04
*** FLOP *** [5d Kc 8s]
ErSaZu: checks 
SERDCE 13: checks 
butterkeks504: bets $0.11
13170877: calls $0.11
ErSaZu: raises $0.26 to $0.37
SERDCE 13: folds 
butterkeks504: folds 
13170877: folds 
Uncalled bet ($0.26) returned to ErSaZu
ErSaZu collected $0.55 from pot
ErSaZu: doesn't show hand 
*** SUMMARY ***
Total pot $0.57 | Rake $0.02 
Board [5d Kc 8s]
Seat 1: electric2261 folded before Flop (didn't bet)
Seat 2: Ladushki folded before Flop (didn't bet)
Seat 3: Dorex2007 folded before Flop (didn't bet)
Seat 4: butterkeks504 folded on the Flop
Seat 5: Rafaelcarpara folded before Flop (didn't bet)
Seat 6: 13170877 folded on the Flop
Seat 7: jason198331 (button) folded before Flop (didn't bet)
Seat 8: ErSaZu (small blind) collected ($0.55)
Seat 9: SERDCE 13 (big blind) folded on the Flop



PokerStars Hand #233820530254:  Hold'em No Limit ($0.01/$0.02 USD) - 2022/02/05 23:32:41 PT [2022/02/06 2:32:41 ET]
Table 'Sphinx III' 9-max Seat #8 is the button
Seat 1: electric2261 ($1.20 in chips) 
Seat 2: Ladushki ($0.11 in chips) 
Seat 3: Dorex2007 ($5.05 in chips) 
Seat 4: butterkeks504 ($1.45 in chips) 
Seat 5: Rafaelcarpara ($1.21 in chips) 
Seat 6: 13170877 ($0.60 in chips) 
Seat 7: jason198331 ($2.19 in chips) 
Seat 8: ErSaZu ($2.48 in chips) 
Seat 9: SERDCE 13 ($2 in chips) 
SERDCE 13: posts small blind $0.01
electric2261: posts big blind $0.02
*** HOLE CARDS ***
Dealt to Dorex2007 [7c 3h]
Ladushki: folds 
Dorex2007: folds 
butterkeks504: calls $0.02
Rafaelcarpara: calls $0.02
13170877: calls $0.02
jason198331: calls $0.02
ErSaZu: folds 
SERDCE 13: folds 
electric2261: checks 
*** FLOP *** [8s 7h 9d]
electric2261: checks 
butterkeks504: checks 
Rafaelcarpara: bets $0.06
13170877: folds 
jason198331: calls $0.06
electric2261: folds 
butterkeks504: folds 
*** TURN *** [8s 7h 9d] [Jd]
Rafaelcarpara: checks 
jason198331: bets $0.10
Rafaelcarpara: calls $0.10
*** RIVER *** [8s 7h 9d Jd] [5s]
Rafaelcarpara: checks 
jason198331: checks 
*** SHOW DOWN ***
Rafaelcarpara: shows [Qd 9h] (a pair of Nines)
jason198331: shows [9s 9c] (three of a kind, Nines)
jason198331 collected $0.41 from pot
*** SUMMARY ***
Total pot $0.43 | Rake $0.02 
Board [8s 7h 9d Jd 5s]
Seat 1: electric2261 (big blind) folded on the Flop
Seat 2: Ladushki folded before Flop (didn't bet)
Seat 3: Dorex2007 folded before Flop (didn't bet)
Seat 4: butterkeks504 folded on the Flop
Seat 5: Rafaelcarpara showed [Qd 9h] and lost with a pair of Nines
Seat 6: 13170877 folded on the Flop
Seat 7: jason198331 showed [9s 9c] and won ($0.41) with three of a kind, Nines
Seat 8: ErSaZu (button) folded before Flop (didn't bet)
Seat 9: SERDCE 13 (small blind) folded before Flop



PokerStars Hand #233820540123:  Hold'em No Limit ($0.01/$0.02 USD) - 2022/02/05 23:33:38 PT [2022/02/06 2:33:38 ET]
Table 'Sphinx III' 9-max Seat #9 is the button
Seat 1: electric2261 ($1.18 in chips) 
Seat 2: Ladushki ($0.11 in chips) 
Seat 3: Dorex2007 ($5.05 in chips) 
Seat 4: butterkeks504 ($1.43 in chips) 
Seat 5: Rafaelcarpara ($1.03 in chips) 
Seat 6: 13170877 ($0.58 in chips) 
Seat 7: jason198331 ($2.42 in chips) 
Seat 8: ErSaZu ($2.48 in chips) 
Seat 9: SERDCE 13 ($2 in chips) 
electric2261: posts small blind $0.01
Ladushki: posts big blind $0.02
*** HOLE CARDS ***
Dealt to Dorex2007 [Td 3c]
Dorex2007: folds 
butterkeks504: calls $0.02
Rafaelcarpara: calls $0.02
13170877: folds 
jason198331: folds 
ErSaZu: folds 
SERDCE 13: folds 
electric2261: calls $0.01
Ladushki: checks 
*** FLOP *** [2d 4d 5d]
electric2261: checks 
Ladushki: checks 
butterkeks504: checks 
Rafaelcarpara: checks 
*** TURN *** [2d 4d 5d] [2h]
electric2261: bets $0.02
Ladushki: folds 
butterkeks504: raises $0.02 to $0.04
Rafaelcarpara: calls $0.04
electric2261: calls $0.02
*** RIVER *** [2d 4d 5d 2h] [4h]
electric2261: checks 
13170877 leaves the table
docthedoc66 joins the table at seat #6 
butterkeks504: bets $0.09
Rafaelcarpara: folds 
electric2261: folds 
Uncalled bet ($0.09) returned to butterkeks504
butterkeks504 collected $0.19 from pot
butterkeks504: doesn't show hand 
*** SUMMARY ***
Total pot $0.20 | Rake $0.01 
Board [2d 4d 5d 2h 4h]
Seat 1: electric2261 (small blind) folded on the River
Seat 2: Ladushki (big blind) folded on the Turn
Seat 3: Dorex2007 folded before Flop (didn't bet)
Seat 4: butterkeks504 collected ($0.19)
Seat 5: Rafaelcarpara folded on the River
Seat 6: 13170877 folded before Flop (didn't bet)
Seat 7: jason198331 folded before Flop (didn't bet)
Seat 8: ErSaZu folded before Flop (didn't bet)
Seat 9: SERDCE 13 (button) folded before Flop (didn't bet)



PokerStars Hand #233820550988:  Hold'em No Limit ($0.01/$0.02 USD) - 2022/02/05 23:34:41 PT [2022/02/06 2:34:41 ET]
Table 'Sphinx III' 9-max Seat #1 is the button
Seat 1: electric2261 ($1.12 in chips) 
Seat 2: Ladushki ($0.09 in chips) 
Seat 3: Dorex2007 ($5.05 in chips) 
Seat 4: butterkeks504 ($1.56 in chips) 
Seat 5: Rafaelcarpara ($0.97 in chips) 
Seat 7: jason198331 ($2.42 in chips) 
Seat 8: ErSaZu ($2.48 in chips) 
Seat 9: SERDCE 13 ($2 in chips) 
Ladushki: posts small blind $0.01
Dorex2007: posts big blind $0.02
docthedoc66: sits out 
*** HOLE CARDS ***
Dealt to Dorex2007 [9d Js]
butterkeks504: folds 
Rafaelcarpara: raises $0.04 to $0.06
jason198331: calls $0.06
ErSaZu: folds 
SERDCE 13: folds 
electric2261: folds 
Ladushki: folds 
Dorex2007: folds 
*** FLOP *** [4c Ah 2s]
Rafaelcarpara: checks 
jason198331: checks 
*** TURN *** [4c Ah 2s] [2c]
Rafaelcarpara: checks 
jason198331: checks 
*** RIVER *** [4c Ah 2s 2c] [5s]
Rafaelcarpara: checks 
jason198331: checks 
*** SHOW DOWN ***
Rafaelcarpara: shows [Tc Ks] (a pair of Deuces)
jason198331: mucks hand 
Rafaelcarpara collected $0.14 from pot
*** SUMMARY ***
Total pot $0.15 | Rake $0.01 
Board [4c Ah 2s 2c 5s]
Seat 1: electric2261 (button) folded before Flop (didn't bet)
Seat 2: Ladushki (small blind) folded before Flop
Seat 3: Dorex2007 (big blind) folded before Flop
Seat 4: butterkeks504 folded before Flop (didn't bet)
Seat 5: Rafaelcarpara showed [Tc Ks] and won ($0.14) with a pair of Deuces
Seat 7: jason198331 mucked [Jh Qd]
Seat 8: ErSaZu folded before Flop (didn't bet)
Seat 9: SERDCE 13 folded before Flop (didn't bet)



