PokerStars Hand #237977554040:  Hold'em No Limit ($0.02/$0.05 USD) - 2022/08/13 21:00:45 PT [2022/08/14 0:00:45 ET]
Table 'Colocolo' 9-max Seat #5 is the button
Seat 1: Master Beltran ($4.51 in chips) 
Seat 2: alfcapone87 ($8.88 in chips) 
Seat 3: Dorex2007 ($11.50 in chips) 
Seat 4: saltyslick9 ($7.08 in chips) 
Seat 5: European1000 ($5.62 in chips) 
Seat 6: johnnycaaash ($4.95 in chips) 
Seat 7: baigan9285 ($5 in chips) 
Seat 8: reddevils888 ($5.64 in chips) 
Seat 9: Wild775 ($6.36 in chips) 
johnnycaaash: posts small blind $0.02
baigan9285: posts big blind $0.05
*** HOLE CARDS ***
Dealt to Dorex2007 [2d 8c]
reddevils888: raises $0.10 to $0.15
Wild775: folds 
Master Beltran: folds 
alfcapone87: folds 
Dorex2007: folds 
saltyslick9: folds 
European1000: folds 
johnnycaaash: calls $0.13
baigan9285: folds 
*** FLOP *** [4h Qc Ks]
johnnycaaash: bets $0.10
reddevils888: folds 
Uncalled bet ($0.10) returned to johnnycaaash
johnnycaaash collected $0.34 from pot
johnnycaaash: doesn't show hand 
*** SUMMARY ***
Total pot $0.35 | Rake $0.01 
Board [4h Qc Ks]
Seat 1: Master Beltran folded before Flop (didn't bet)
Seat 2: alfcapone87 folded before Flop (didn't bet)
Seat 3: Dorex2007 folded before Flop (didn't bet)
Seat 4: saltyslick9 folded before Flop (didn't bet)
Seat 5: European1000 (button) folded before Flop (didn't bet)
Seat 6: johnnycaaash (small blind) collected ($0.34)
Seat 7: baigan9285 (big blind) folded before Flop
Seat 8: reddevils888 folded on the Flop
Seat 9: Wild775 folded before Flop (didn't bet)



PokerStars Hand #237977561703:  Hold'em No Limit ($0.02/$0.05 USD) - 2022/08/13 21:01:44 PT [2022/08/14 0:01:44 ET]
Table 'Colocolo' 9-max Seat #6 is the button
Seat 2: alfcapone87 ($8.88 in chips) 
Seat 3: Dorex2007 ($11.50 in chips) 
Seat 4: saltyslick9 ($7.08 in chips) 
Seat 5: European1000 ($5.62 in chips) 
Seat 6: johnnycaaash ($5.14 in chips) 
Seat 7: baigan9285 ($4.95 in chips) 
Seat 8: reddevils888 ($5.49 in chips) 
Seat 9: Wild775 ($6.36 in chips) 
baigan9285: posts small blind $0.02
reddevils888: posts big blind $0.05
*** HOLE CARDS ***
Dealt to Dorex2007 [8c 6h]
Wild775: raises $0.05 to $0.10
alfcapone87: folds 
Dorex2007: folds 
saltyslick9: folds 
European1000: folds 
johnnycaaash: folds 
baigan9285: calls $0.08
reddevils888: folds 
*** FLOP *** [2c Qd Ac]
baigan9285: checks 
Wild775: bets $0.24
baigan9285: folds 
Uncalled bet ($0.24) returned to Wild775
Wild775 collected $0.24 from pot
Wild775: doesn't show hand 
*** SUMMARY ***
Total pot $0.25 | Rake $0.01 
Board [2c Qd Ac]
Seat 2: alfcapone87 folded before Flop (didn't bet)
Seat 3: Dorex2007 folded before Flop (didn't bet)
Seat 4: saltyslick9 folded before Flop (didn't bet)
Seat 5: European1000 folded before Flop (didn't bet)
Seat 6: johnnycaaash (button) folded before Flop (didn't bet)
Seat 7: baigan9285 (small blind) folded on the Flop
Seat 8: reddevils888 (big blind) folded before Flop
Seat 9: Wild775 collected ($0.24)



PokerStars Hand #237977568289:  Hold'em No Limit ($0.02/$0.05 USD) - 2022/08/13 21:02:36 PT [2022/08/14 0:02:36 ET]
Table 'Colocolo' 9-max Seat #7 is the button
Seat 2: alfcapone87 ($8.88 in chips) 
Seat 3: Dorex2007 ($11.50 in chips) 
Seat 4: saltyslick9 ($7.08 in chips) 
Seat 5: European1000 ($5.62 in chips) 
Seat 6: johnnycaaash ($5.14 in chips) 
Seat 7: baigan9285 ($4.85 in chips) 
Seat 8: reddevils888 ($5.44 in chips) 
Seat 9: Wild775 ($6.50 in chips) 
reddevils888: posts small blind $0.02
Wild775: posts big blind $0.05
*** HOLE CARDS ***
Dealt to Dorex2007 [Qh Jh]
alfcapone87: raises $0.30 to $0.35
Dorex2007: folds 
saltyslick9: calls $0.35
European1000: folds 
johnnycaaash: folds 
baigan9285: folds 
reddevils888 has timed out
reddevils888: folds 
Wild775: folds 
*** FLOP *** [6s Ad 7d]
alfcapone87: bets $0.81
saltyslick9: folds 
Uncalled bet ($0.81) returned to alfcapone87
alfcapone87 collected $0.74 from pot
alfcapone87: doesn't show hand 
*** SUMMARY ***
Total pot $0.77 | Rake $0.03 
Board [6s Ad 7d]
Seat 2: alfcapone87 collected ($0.74)
Seat 3: Dorex2007 folded before Flop (didn't bet)
Seat 4: saltyslick9 folded on the Flop
Seat 5: European1000 folded before Flop (didn't bet)
Seat 6: johnnycaaash folded before Flop (didn't bet)
Seat 7: baigan9285 (button) folded before Flop (didn't bet)
Seat 8: reddevils888 (small blind) folded before Flop
Seat 9: Wild775 (big blind) folded before Flop



PokerStars Hand #237977578679:  Hold'em No Limit ($0.02/$0.05 USD) - 2022/08/13 21:03:56 PT [2022/08/14 0:03:56 ET]
Table 'Colocolo' 9-max Seat #9 is the button
Seat 1: Master Beltran ($4.51 in chips) 
Seat 2: alfcapone87 ($9.27 in chips) 
Seat 3: Dorex2007 ($11.50 in chips) 
Seat 4: saltyslick9 ($6.73 in chips) 
Seat 5: European1000 ($5.62 in chips) 
Seat 6: johnnycaaash ($5.14 in chips) 
Seat 7: baigan9285 ($4.85 in chips) 
Seat 9: Wild775 ($6.45 in chips) 
Master Beltran: posts small blind $0.02
alfcapone87: posts big blind $0.05
*** HOLE CARDS ***
Dealt to Dorex2007 [4s Js]
Dorex2007: folds 
saltyslick9: calls $0.05
European1000: raises $0.10 to $0.15
johnnycaaash: folds 
baigan9285: folds 
Wild775: folds 
Master Beltran: folds 
alfcapone87: folds 
saltyslick9: calls $0.10
*** FLOP *** [7d 5s 2h]
saltyslick9: checks 
European1000: checks 
*** TURN *** [7d 5s 2h] [Qc]
saltyslick9: bets $0.10
European1000: calls $0.10
*** RIVER *** [7d 5s 2h Qc] [Kc]
saltyslick9: bets $0.20
European1000: raises $0.95 to $1.15
saltyslick9: calls $0.95
*** SHOW DOWN ***
European1000: shows [7h 7s] (three of a kind, Sevens)
saltyslick9: mucks hand 
European1000 collected $2.75 from pot
*** SUMMARY ***
Total pot $2.87 | Rake $0.12 
Board [7d 5s 2h Qc Kc]
Seat 1: Master Beltran (small blind) folded before Flop
Seat 2: alfcapone87 (big blind) folded before Flop
Seat 3: Dorex2007 folded before Flop (didn't bet)
Seat 4: saltyslick9 mucked [Qs 8s]
Seat 5: European1000 showed [7h 7s] and won ($2.75) with three of a kind, Sevens
Seat 6: johnnycaaash folded before Flop (didn't bet)
Seat 7: baigan9285 folded before Flop (didn't bet)
Seat 9: Wild775 (button) folded before Flop (didn't bet)



PokerStars Hand #237977588880:  Hold'em No Limit ($0.02/$0.05 USD) - 2022/08/13 21:05:14 PT [2022/08/14 0:05:14 ET]
Table 'Colocolo' 9-max Seat #1 is the button
Seat 1: Master Beltran ($4.49 in chips) 
Seat 2: alfcapone87 ($9.22 in chips) 
Seat 3: Dorex2007 ($11.50 in chips) 
Seat 4: saltyslick9 ($5.33 in chips) 
Seat 5: European1000 ($6.97 in chips) 
Seat 6: johnnycaaash ($5.14 in chips) 
Seat 7: baigan9285 ($4.85 in chips) 
Seat 9: Wild775 ($6.45 in chips) 
alfcapone87: posts small blind $0.02
Dorex2007: posts big blind $0.05
*** HOLE CARDS ***
Dealt to Dorex2007 [Kd 6c]
saltyslick9: calls $0.05
European1000: folds 
johnnycaaash: folds 
baigan9285: folds 
Wild775 has timed out
Wild775: folds 
Master Beltran: raises $0.10 to $0.15
alfcapone87: folds 
Dorex2007: folds 
saltyslick9: calls $0.10
*** FLOP *** [3s 6s 8h]
saltyslick9: checks 
Master Beltran: bets $0.30
saltyslick9: calls $0.30
*** TURN *** [3s 6s 8h] [9s]
saltyslick9: checks 
Master Beltran: bets $0.55
saltyslick9: folds 
Uncalled bet ($0.55) returned to Master Beltran
Master Beltran collected $0.93 from pot
Master Beltran: doesn't show hand 
*** SUMMARY ***
Total pot $0.97 | Rake $0.04 
Board [3s 6s 8h 9s]
Seat 1: Master Beltran (button) collected ($0.93)
Seat 2: alfcapone87 (small blind) folded before Flop
Seat 3: Dorex2007 (big blind) folded before Flop
Seat 4: saltyslick9 folded on the Turn
Seat 5: European1000 folded before Flop (didn't bet)
Seat 6: johnnycaaash folded before Flop (didn't bet)
Seat 7: baigan9285 folded before Flop (didn't bet)
Seat 9: Wild775 folded before Flop (didn't bet)



PokerStars Hand #237977595624:  Hold'em No Limit ($0.02/$0.05 USD) - 2022/08/13 21:06:06 PT [2022/08/14 0:06:06 ET]
Table 'Colocolo' 9-max Seat #2 is the button
Seat 1: Master Beltran ($4.97 in chips) 
Seat 2: alfcapone87 ($9.20 in chips) 
Seat 3: Dorex2007 ($11.45 in chips) 
Seat 4: saltyslick9 ($4.88 in chips) 
Seat 5: European1000 ($6.97 in chips) 
Seat 6: johnnycaaash ($5.14 in chips) 
Seat 7: baigan9285 ($4.85 in chips) 
Seat 9: Wild775 ($6.45 in chips) 
Dorex2007: posts small blind $0.02
saltyslick9: posts big blind $0.05
*** HOLE CARDS ***
Dealt to Dorex2007 [Js Ac]
European1000: calls $0.05
johnnycaaash: folds 
baigan9285: raises $0.10 to $0.15
Wild775 has timed out
Wild775: folds 
Master Beltran: calls $0.15
alfcapone87: folds 
Dorex2007: calls $0.13
saltyslick9: calls $0.10
European1000: calls $0.10
*** FLOP *** [6d Jc Ah]
Dorex2007: checks 
saltyslick9: checks 
European1000: checks 
baigan9285: checks 
Master Beltran: checks 
*** TURN *** [6d Jc Ah] [2s]
Dorex2007: bets $0.36
saltyslick9: calls $0.36
European1000: folds 
baigan9285: folds 
Master Beltran: folds 
*** RIVER *** [6d Jc Ah 2s] [Qd]
Dorex2007: bets $1.41
saltyslick9: folds 
Uncalled bet ($1.41) returned to Dorex2007
Dorex2007 collected $1.41 from pot
Dorex2007: doesn't show hand 
*** SUMMARY ***
Total pot $1.47 | Rake $0.06 
Board [6d Jc Ah 2s Qd]
Seat 1: Master Beltran folded on the Turn
Seat 2: alfcapone87 (button) folded before Flop (didn't bet)
Seat 3: Dorex2007 (small blind) collected ($1.41)
Seat 4: saltyslick9 (big blind) folded on the River
Seat 5: European1000 folded on the Turn
Seat 6: johnnycaaash folded before Flop (didn't bet)
Seat 7: baigan9285 folded on the Turn
Seat 9: Wild775 folded before Flop (didn't bet)



PokerStars Hand #237977608828:  Hold'em No Limit ($0.02/$0.05 USD) - 2022/08/13 21:07:49 PT [2022/08/14 0:07:49 ET]
Table 'Colocolo' 9-max Seat #3 is the button
Seat 1: Master Beltran ($4.82 in chips) 
Seat 2: alfcapone87 ($9.20 in chips) 
Seat 3: Dorex2007 ($12.35 in chips) 
Seat 4: saltyslick9 ($4.37 in chips) 
Seat 5: European1000 ($6.82 in chips) 
Seat 6: johnnycaaash ($5.14 in chips) 
Seat 7: baigan9285 ($4.70 in chips) 
saltyslick9: posts small blind $0.02
European1000: posts big blind $0.05
*** HOLE CARDS ***
Dealt to Dorex2007 [Jh 7c]
johnnycaaash: folds 
baigan9285: folds 
Master Beltran: folds 
alfcapone87: raises $0.30 to $0.35
Dorex2007: folds 
saltyslick9: folds 
European1000: folds 
Uncalled bet ($0.30) returned to alfcapone87
alfcapone87 collected $0.12 from pot
alfcapone87: doesn't show hand 
*** SUMMARY ***
Total pot $0.12 | Rake $0 
Seat 1: Master Beltran folded before Flop (didn't bet)
Seat 2: alfcapone87 collected ($0.12)
Seat 3: Dorex2007 (button) folded before Flop (didn't bet)
Seat 4: saltyslick9 (small blind) folded before Flop
Seat 5: European1000 (big blind) folded before Flop
Seat 6: johnnycaaash folded before Flop (didn't bet)
Seat 7: baigan9285 folded before Flop (didn't bet)



PokerStars Hand #237977611601:  Hold'em No Limit ($0.02/$0.05 USD) - 2022/08/13 21:08:11 PT [2022/08/14 0:08:11 ET]
Table 'Colocolo' 9-max Seat #4 is the button
Seat 1: Master Beltran ($4.82 in chips) 
Seat 2: alfcapone87 ($9.27 in chips) 
Seat 3: Dorex2007 ($12.35 in chips) 
Seat 4: saltyslick9 ($4.35 in chips) 
Seat 5: European1000 ($6.77 in chips) 
Seat 6: johnnycaaash ($5.14 in chips) 
Seat 7: baigan9285 ($4.70 in chips) 
European1000: posts small blind $0.02
johnnycaaash: posts big blind $0.05
*** HOLE CARDS ***
Dealt to Dorex2007 [8h 4c]
baigan9285: raises $0.05 to $0.10
Master Beltran: calls $0.10
alfcapone87: raises $0.80 to $0.90
Dorex2007: folds 
saltyslick9: folds 
European1000: folds 
johnnycaaash: folds 
baigan9285: folds 
Master Beltran: folds 
Uncalled bet ($0.80) returned to alfcapone87
alfcapone87 collected $0.37 from pot
alfcapone87: doesn't show hand 
*** SUMMARY ***
Total pot $0.37 | Rake $0 
Seat 1: Master Beltran folded before Flop
Seat 2: alfcapone87 collected ($0.37)
Seat 3: Dorex2007 folded before Flop (didn't bet)
Seat 4: saltyslick9 (button) folded before Flop (didn't bet)
Seat 5: European1000 (small blind) folded before Flop
Seat 6: johnnycaaash (big blind) folded before Flop
Seat 7: baigan9285 folded before Flop



PokerStars Hand #237977615616:  Hold'em No Limit ($0.02/$0.05 USD) - 2022/08/13 21:08:41 PT [2022/08/14 0:08:41 ET]
Table 'Colocolo' 9-max Seat #5 is the button
Seat 1: Master Beltran ($4.72 in chips) 
Seat 2: alfcapone87 ($9.54 in chips) 
Seat 3: Dorex2007 ($12.35 in chips) 
Seat 4: saltyslick9 ($4.35 in chips) 
Seat 5: European1000 ($6.75 in chips) 
Seat 6: johnnycaaash ($5.09 in chips) 
Seat 7: baigan9285 ($4.60 in chips) 
johnnycaaash: posts small blind $0.02
baigan9285: posts big blind $0.05
*** HOLE CARDS ***
Dealt to Dorex2007 [Th 3d]
Master Beltran: folds 
alfcapone87: folds 
Dorex2007: folds 
saltyslick9: calls $0.05
European1000: raises $0.10 to $0.15
johnnycaaash: calls $0.13
baigan9285: folds 
saltyslick9: calls $0.10
*** FLOP *** [6s 6c Ac]
johnnycaaash: checks 
saltyslick9: checks 
European1000: bets $0.20
johnnycaaash: folds 
saltyslick9: folds 
Uncalled bet ($0.20) returned to European1000
European1000 collected $0.48 from pot
European1000: doesn't show hand 
*** SUMMARY ***
Total pot $0.50 | Rake $0.02 
Board [6s 6c Ac]
Seat 1: Master Beltran folded before Flop (didn't bet)
Seat 2: alfcapone87 folded before Flop (didn't bet)
Seat 3: Dorex2007 folded before Flop (didn't bet)
Seat 4: saltyslick9 folded on the Flop
Seat 5: European1000 (button) collected ($0.48)
Seat 6: johnnycaaash (small blind) folded on the Flop
Seat 7: baigan9285 (big blind) folded before Flop



PokerStars Hand #237977619255:  Hold'em No Limit ($0.02/$0.05 USD) - 2022/08/13 21:09:09 PT [2022/08/14 0:09:09 ET]
Table 'Colocolo' 9-max Seat #6 is the button
Seat 1: Master Beltran ($4.72 in chips) 
Seat 2: alfcapone87 ($9.54 in chips) 
Seat 3: Dorex2007 ($12.35 in chips) 
Seat 4: saltyslick9 ($4.20 in chips) 
Seat 5: European1000 ($7.08 in chips) 
Seat 6: johnnycaaash ($4.94 in chips) 
Seat 7: baigan9285 ($4.55 in chips) 
Seat 9: Wild775 ($6.45 in chips) 
baigan9285: posts small blind $0.02
Wild775: posts big blind $0.05
*** HOLE CARDS ***
Dealt to Dorex2007 [Qd 9h]
Master Beltran: folds 
alfcapone87: folds 
Dorex2007: folds 
saltyslick9: calls $0.05
European1000: calls $0.05
johnnycaaash: folds 
baigan9285: calls $0.03
Wild775: raises $0.10 to $0.15
saltyslick9: calls $0.10
European1000: calls $0.10
baigan9285: folds 
*** FLOP *** [6d Kh Th]
Wild775: checks 
saltyslick9: checks 
European1000: checks 
*** TURN *** [6d Kh Th] [6h]
Wild775: checks 
saltyslick9: checks 
European1000: checks 
*** RIVER *** [6d Kh Th 6h] [5c]
Wild775: checks 
saltyslick9: checks 
European1000: bets $0.48
Wild775: folds 
saltyslick9: folds 
Uncalled bet ($0.48) returned to European1000
European1000 collected $0.48 from pot
European1000: doesn't show hand 
*** SUMMARY ***
Total pot $0.50 | Rake $0.02 
Board [6d Kh Th 6h 5c]
Seat 1: Master Beltran folded before Flop (didn't bet)
Seat 2: alfcapone87 folded before Flop (didn't bet)
Seat 3: Dorex2007 folded before Flop (didn't bet)
Seat 4: saltyslick9 folded on the River
Seat 5: European1000 collected ($0.48)
Seat 6: johnnycaaash (button) folded before Flop (didn't bet)
Seat 7: baigan9285 (small blind) folded before Flop
Seat 9: Wild775 (big blind) folded on the River



PokerStars Hand #237977626736:  Hold'em No Limit ($0.02/$0.05 USD) - 2022/08/13 21:10:07 PT [2022/08/14 0:10:07 ET]
Table 'Colocolo' 9-max Seat #7 is the button
Seat 1: Master Beltran ($4.72 in chips) 
Seat 2: alfcapone87 ($9.54 in chips) 
Seat 3: Dorex2007 ($12.35 in chips) 
Seat 4: saltyslick9 ($4.05 in chips) 
Seat 5: European1000 ($7.41 in chips) 
Seat 6: johnnycaaash ($4.94 in chips) 
Seat 7: baigan9285 ($4.50 in chips) 
Seat 9: Wild775 ($6.30 in chips) 
Wild775: posts small blind $0.02
Master Beltran: posts big blind $0.05
*** HOLE CARDS ***
Dealt to Dorex2007 [9d 9h]
alfcapone87: raises $0.30 to $0.35
Dorex2007: folds 
saltyslick9: folds 
European1000: folds 
johnnycaaash: folds 
baigan9285: folds 
Wild775: folds 
Master Beltran: folds 
Uncalled bet ($0.30) returned to alfcapone87
alfcapone87 collected $0.12 from pot
alfcapone87: doesn't show hand 
*** SUMMARY ***
Total pot $0.12 | Rake $0 
Seat 1: Master Beltran (big blind) folded before Flop
Seat 2: alfcapone87 collected ($0.12)
Seat 3: Dorex2007 folded before Flop (didn't bet)
Seat 4: saltyslick9 folded before Flop (didn't bet)
Seat 5: European1000 folded before Flop (didn't bet)
Seat 6: johnnycaaash folded before Flop (didn't bet)
Seat 7: baigan9285 (button) folded before Flop (didn't bet)
Seat 9: Wild775 (small blind) folded before Flop



PokerStars Hand #237977629929:  Hold'em No Limit ($0.02/$0.05 USD) - 2022/08/13 21:10:32 PT [2022/08/14 0:10:32 ET]
Table 'Colocolo' 9-max Seat #9 is the button
Seat 1: Master Beltran ($4.67 in chips) 
Seat 2: alfcapone87 ($9.61 in chips) 
Seat 3: Dorex2007 ($12.35 in chips) 
Seat 4: saltyslick9 ($4.05 in chips) 
Seat 5: European1000 ($7.41 in chips) 
Seat 6: johnnycaaash ($4.94 in chips) 
Seat 7: baigan9285 ($4.50 in chips) 
Seat 9: Wild775 ($6.28 in chips) 
Master Beltran: posts small blind $0.02
alfcapone87: posts big blind $0.05
*** HOLE CARDS ***
Dealt to Dorex2007 [2s 8c]
Dorex2007: folds 
saltyslick9: folds 
European1000: folds 
johnnycaaash: folds 
baigan9285: folds 
Wild775: folds 
Master Beltran: folds 
Uncalled bet ($0.03) returned to alfcapone87
alfcapone87 collected $0.04 from pot
alfcapone87: doesn't show hand 
*** SUMMARY ***
Total pot $0.04 | Rake $0 
Seat 1: Master Beltran (small blind) folded before Flop
Seat 2: alfcapone87 (big blind) collected ($0.04)
Seat 3: Dorex2007 folded before Flop (didn't bet)
Seat 4: saltyslick9 folded before Flop (didn't bet)
Seat 5: European1000 folded before Flop (didn't bet)
Seat 6: johnnycaaash folded before Flop (didn't bet)
Seat 7: baigan9285 folded before Flop (didn't bet)
Seat 9: Wild775 (button) folded before Flop (didn't bet)



PokerStars Hand #237977631851:  Hold'em No Limit ($0.02/$0.05 USD) - 2022/08/13 21:10:46 PT [2022/08/14 0:10:46 ET]
Table 'Colocolo' 9-max Seat #1 is the button
Seat 1: Master Beltran ($4.65 in chips) 
Seat 2: alfcapone87 ($9.63 in chips) 
Seat 3: Dorex2007 ($12.35 in chips) 
Seat 4: saltyslick9 ($4.05 in chips) 
Seat 5: European1000 ($7.41 in chips) 
Seat 6: johnnycaaash ($4.94 in chips) 
Seat 7: baigan9285 ($4.50 in chips) 
Seat 9: Wild775 ($6.28 in chips) 
alfcapone87: posts small blind $0.02
Dorex2007: posts big blind $0.05
*** HOLE CARDS ***
Dealt to Dorex2007 [8s 2d]
saltyslick9: folds 
European1000: folds 
johnnycaaash: folds 
baigan9285: folds 
Wild775: folds 
Master Beltran: raises $0.10 to $0.15
alfcapone87: folds 
Dorex2007: folds 
Uncalled bet ($0.10) returned to Master Beltran
Master Beltran collected $0.12 from pot
Master Beltran: doesn't show hand 
*** SUMMARY ***
Total pot $0.12 | Rake $0 
Seat 1: Master Beltran (button) collected ($0.12)
Seat 2: alfcapone87 (small blind) folded before Flop
Seat 3: Dorex2007 (big blind) folded before Flop
Seat 4: saltyslick9 folded before Flop (didn't bet)
Seat 5: European1000 folded before Flop (didn't bet)
Seat 6: johnnycaaash folded before Flop (didn't bet)
Seat 7: baigan9285 folded before Flop (didn't bet)
Seat 9: Wild775 folded before Flop (didn't bet)



PokerStars Hand #237977634038:  Hold'em No Limit ($0.02/$0.05 USD) - 2022/08/13 21:11:04 PT [2022/08/14 0:11:04 ET]
Table 'Colocolo' 9-max Seat #2 is the button
Seat 1: Master Beltran ($4.72 in chips) 
Seat 2: alfcapone87 ($9.61 in chips) 
Seat 3: Dorex2007 ($12.30 in chips) 
Seat 4: saltyslick9 ($4.05 in chips) 
Seat 5: European1000 ($7.41 in chips) 
Seat 6: johnnycaaash ($4.94 in chips) 
Seat 9: Wild775 ($6.28 in chips) 
Dorex2007: posts small blind $0.02
saltyslick9: posts big blind $0.05
*** HOLE CARDS ***
Dealt to Dorex2007 [3h 6c]
European1000: calls $0.05
johnnycaaash: folds 
Wild775: folds 
Master Beltran: folds 
alfcapone87: raises $0.35 to $0.40
Dorex2007: folds 
saltyslick9: calls $0.35
European1000: calls $0.35
*** FLOP *** [5h 4c 7h]
saltyslick9: checks 
European1000: checks 
alfcapone87: checks 
*** TURN *** [5h 4c 7h] [Qd]
saltyslick9: checks 
European1000: checks 
alfcapone87: bets $1.29
saltyslick9: folds 
European1000: folds 
Uncalled bet ($1.29) returned to alfcapone87
alfcapone87 collected $1.17 from pot
alfcapone87: doesn't show hand 
*** SUMMARY ***
Total pot $1.22 | Rake $0.05 
Board [5h 4c 7h Qd]
Seat 1: Master Beltran folded before Flop (didn't bet)
Seat 2: alfcapone87 (button) collected ($1.17)
Seat 3: Dorex2007 (small blind) folded before Flop
Seat 4: saltyslick9 (big blind) folded on the Turn
Seat 5: European1000 folded on the Turn
Seat 6: johnnycaaash folded before Flop (didn't bet)
Seat 9: Wild775 folded before Flop (didn't bet)



PokerStars Hand #237977642554:  Hold'em No Limit ($0.02/$0.05 USD) - 2022/08/13 21:12:11 PT [2022/08/14 0:12:11 ET]
Table 'Colocolo' 9-max Seat #3 is the button
Seat 1: Master Beltran ($4.72 in chips) 
Seat 2: alfcapone87 ($10.38 in chips) 
Seat 3: Dorex2007 ($12.28 in chips) 
Seat 4: saltyslick9 ($3.65 in chips) 
Seat 5: European1000 ($7.01 in chips) 
Seat 6: johnnycaaash ($4.94 in chips) 
Seat 9: Wild775 ($6.28 in chips) 
saltyslick9: posts small blind $0.02
European1000: posts big blind $0.05
*** HOLE CARDS ***
Dealt to Dorex2007 [Ac 3s]
johnnycaaash: folds 
Wild775: folds 
Master Beltran: folds 
johnnycaaash leaves the table
alfcapone87: raises $0.30 to $0.35
Dorex2007: folds 
saltyslick9: calls $0.33
European1000: folds 
*** FLOP *** [7c 8h Jc]
saltyslick9: checks 
WeNaSo_07 joins the table at seat #6 
alfcapone87: checks 
*** TURN *** [7c 8h Jc] [Ah]
saltyslick9: bets $0.15
alfcapone87: calls $0.15
*** RIVER *** [7c 8h Jc Ah] [8d]
saltyslick9: bets $0.45
alfcapone87: folds 
Uncalled bet ($0.45) returned to saltyslick9
saltyslick9 collected $1.01 from pot
*** SUMMARY ***
Total pot $1.05 | Rake $0.04 
Board [7c 8h Jc Ah 8d]
Seat 1: Master Beltran folded before Flop (didn't bet)
Seat 2: alfcapone87 folded on the River
Seat 3: Dorex2007 (button) folded before Flop (didn't bet)
Seat 4: saltyslick9 (small blind) collected ($1.01)
Seat 5: European1000 (big blind) folded before Flop
Seat 6: johnnycaaash folded before Flop (didn't bet)
Seat 9: Wild775 folded before Flop (didn't bet)



PokerStars Hand #237977646685:  Hold'em No Limit ($0.02/$0.05 USD) - 2022/08/13 21:12:44 PT [2022/08/14 0:12:44 ET]
Table 'Colocolo' 9-max Seat #4 is the button
Seat 1: Master Beltran ($4.72 in chips) 
Seat 2: alfcapone87 ($9.88 in chips) 
Seat 3: Dorex2007 ($12.28 in chips) 
Seat 4: saltyslick9 ($4.16 in chips) 
Seat 5: European1000 ($6.96 in chips) 
Seat 6: WeNaSo_07 ($2.50 in chips) 
Seat 9: Wild775 ($6.28 in chips) 
European1000: posts small blind $0.02
WeNaSo_07: posts big blind $0.05
*** HOLE CARDS ***
Dealt to Dorex2007 [5d 9h]
Wild775: folds 
Master Beltran: raises $0.10 to $0.15
alfcapone87: folds 
Dorex2007: folds 
saltyslick9: folds 
European1000: folds 
WeNaSo_07: folds 
Uncalled bet ($0.10) returned to Master Beltran
Master Beltran collected $0.12 from pot
Master Beltran: doesn't show hand 
*** SUMMARY ***
Total pot $0.12 | Rake $0 
Seat 1: Master Beltran collected ($0.12)
Seat 2: alfcapone87 folded before Flop (didn't bet)
Seat 3: Dorex2007 folded before Flop (didn't bet)
Seat 4: saltyslick9 (button) folded before Flop (didn't bet)
Seat 5: European1000 (small blind) folded before Flop
Seat 6: WeNaSo_07 (big blind) folded before Flop
Seat 9: Wild775 folded before Flop (didn't bet)



PokerStars Hand #237977661882:  Hold'em No Limit ($0.02/$0.05 USD) - 2022/08/13 21:13:03 PT [2022/08/14 0:13:03 ET]
Table 'Colocolo' 9-max Seat #5 is the button
Seat 1: Master Beltran ($4.79 in chips) 
Seat 2: alfcapone87 ($9.88 in chips) 
Seat 3: Dorex2007 ($12.28 in chips) 
Seat 4: saltyslick9 ($4.16 in chips) 
Seat 5: European1000 ($6.94 in chips) 
Seat 6: WeNaSo_07 ($2.50 in chips) 
Seat 9: Wild775 ($6.28 in chips) 
WeNaSo_07: posts small blind $0.02
Wild775: posts big blind $0.05
*** HOLE CARDS ***
Dealt to Dorex2007 [8s 4h]
Master Beltran: folds 
alfcapone87: folds 
Dorex2007 has timed out
Dorex2007: folds 
saltyslick9: folds 
European1000: folds 
WeNaSo_07: raises $0.10 to $0.15
Wild775: folds 
Uncalled bet ($0.10) returned to WeNaSo_07
WeNaSo_07 collected $0.10 from pot
WeNaSo_07: doesn't show hand 
*** SUMMARY ***
Total pot $0.10 | Rake $0 
Seat 1: Master Beltran folded before Flop (didn't bet)
Seat 2: alfcapone87 folded before Flop (didn't bet)
Seat 3: Dorex2007 folded before Flop (didn't bet)
Seat 4: saltyslick9 folded before Flop (didn't bet)
Seat 5: European1000 (button) folded before Flop (didn't bet)
Seat 6: WeNaSo_07 (small blind) collected ($0.10)
Seat 9: Wild775 (big blind) folded before Flop



PokerStars Hand #237977666509:  Hold'em No Limit ($0.02/$0.05 USD) - 2022/08/13 21:13:39 PT [2022/08/14 0:13:39 ET]
Table 'Colocolo' 9-max Seat #6 is the button
Seat 1: Master Beltran ($4.79 in chips) 
Seat 2: alfcapone87 ($9.88 in chips) 
Seat 3: Dorex2007 ($12.28 in chips) 
Seat 4: saltyslick9 ($4.16 in chips) 
Seat 5: European1000 ($6.94 in chips) 
Seat 6: WeNaSo_07 ($2.55 in chips) 
Seat 9: Wild775 ($6.23 in chips) 
Wild775: posts small blind $0.02
Master Beltran: posts big blind $0.05
*** HOLE CARDS ***
Dealt to Dorex2007 [2s Qh]
alfcapone87: folds 
Dorex2007: folds 
saltyslick9: calls $0.05
European1000: raises $0.15 to $0.20
WeNaSo_07: folds 
Wild775: folds 
Master Beltran: folds 
saltyslick9: calls $0.15
*** FLOP *** [Td 4h Kh]
saltyslick9: checks 
European1000: bets $0.25
saltyslick9: folds 
Uncalled bet ($0.25) returned to European1000
European1000 collected $0.45 from pot
European1000: doesn't show hand 
*** SUMMARY ***
Total pot $0.47 | Rake $0.02 
Board [Td 4h Kh]
Seat 1: Master Beltran (big blind) folded before Flop
Seat 2: alfcapone87 folded before Flop (didn't bet)
Seat 3: Dorex2007 folded before Flop (didn't bet)
Seat 4: saltyslick9 folded on the Flop
Seat 5: European1000 collected ($0.45)
Seat 6: WeNaSo_07 (button) folded before Flop (didn't bet)
Seat 9: Wild775 (small blind) folded before Flop



PokerStars Hand #237977669971:  Hold'em No Limit ($0.02/$0.05 USD) - 2022/08/13 21:14:06 PT [2022/08/14 0:14:06 ET]
Table 'Colocolo' 9-max Seat #9 is the button
Seat 1: Master Beltran ($4.74 in chips) 
Seat 2: alfcapone87 ($9.88 in chips) 
Seat 3: Dorex2007 ($12.28 in chips) 
Seat 4: saltyslick9 ($3.96 in chips) 
Seat 5: European1000 ($7.19 in chips) 
Seat 6: WeNaSo_07 ($2.55 in chips) 
Seat 9: Wild775 ($6.21 in chips) 
Master Beltran: posts small blind $0.02
alfcapone87: posts big blind $0.05
*** HOLE CARDS ***
Dealt to Dorex2007 [Kc Kd]
Dorex2007: raises $0.10 to $0.15
saltyslick9: calls $0.15
European1000: folds 
WeNaSo_07: folds 
Wild775: raises $0.15 to $0.30
Master Beltran: folds 
alfcapone87: folds 
Dorex2007: raises $11.98 to $12.28 and is all-in
saltyslick9: calls $3.81 and is all-in
Wild775: folds 
Uncalled bet ($8.32) returned to Dorex2007
*** FLOP *** [2s 8c Jh]
*** TURN *** [2s 8c Jh] [7d]
*** RIVER *** [2s 8c Jh 7d] [7s]
*** SHOW DOWN ***
Dorex2007: shows [Kc Kd] (two pair, Kings and Sevens)
saltyslick9: shows [Th Ah] (a pair of Sevens)
Dorex2007 cashed out the hand for $5.29 | Cash Out Fee $0.05
*** SUMMARY ***
Total pot $8.29 | Rake $0.34 
Board [2s 8c Jh 7d 7s]
Seat 1: Master Beltran (small blind) folded before Flop
Seat 2: alfcapone87 (big blind) folded before Flop
Seat 3: Dorex2007 showed [Kc Kd] and won ($7.95) with two pair, Kings and Sevens (pot not awarded as player cashed out)
Seat 4: saltyslick9 showed [Th Ah] and lost with a pair of Sevens
Seat 5: European1000 folded before Flop (didn't bet)
Seat 6: WeNaSo_07 folded before Flop (didn't bet)
Seat 9: Wild775 (button) folded before Flop



PokerStars Hand #237977674851:  Hold'em No Limit ($0.02/$0.05 USD) - 2022/08/13 21:14:44 PT [2022/08/14 0:14:44 ET]
Table 'Colocolo' 9-max Seat #1 is the button
Seat 1: Master Beltran ($4.72 in chips) 
Seat 2: alfcapone87 ($9.83 in chips) 
Seat 3: Dorex2007 ($13.61 in chips) 
Seat 5: European1000 ($7.19 in chips) 
Seat 6: WeNaSo_07 ($2.55 in chips) 
Seat 9: Wild775 ($5.91 in chips) 
alfcapone87: posts small blind $0.02
Dorex2007: posts big blind $0.05
*** HOLE CARDS ***
Dealt to Dorex2007 [8h 4h]
European1000: raises $0.10 to $0.15
WeNaSo_07: folds 
saltyslick9 leaves the table
Wild775: calls $0.15
Master Beltran: folds 
alfcapone87: folds 
Dorex2007: folds 
*** FLOP *** [9c 6h 9d]
saltyslick9 joins the table at seat #4 
European1000: bets $0.25
Wild775: calls $0.25
*** TURN *** [9c 6h 9d] [6c]
European1000: bets $0.25
Wild775: calls $0.25
*** RIVER *** [9c 6h 9d 6c] [Ks]
European1000: bets $0.05
Wild775: calls $0.05
*** SHOW DOWN ***
European1000: shows [Ac Ad] (two pair, Aces and Nines)
Wild775: mucks hand 
European1000 collected $1.41 from pot
*** SUMMARY ***
Total pot $1.47 | Rake $0.06 
Board [9c 6h 9d 6c Ks]
Seat 1: Master Beltran (button) folded before Flop (didn't bet)
Seat 2: alfcapone87 (small blind) folded before Flop
Seat 3: Dorex2007 (big blind) folded before Flop
Seat 5: European1000 showed [Ac Ad] and won ($1.41) with two pair, Aces and Nines
Seat 6: WeNaSo_07 folded before Flop (didn't bet)
Seat 9: Wild775 mucked [Js Ah]



PokerStars Hand #237977680691:  Hold'em No Limit ($0.02/$0.05 USD) - 2022/08/13 21:15:30 PT [2022/08/14 0:15:30 ET]
Table 'Colocolo' 9-max Seat #2 is the button
Seat 1: Master Beltran ($4.72 in chips) 
Seat 2: alfcapone87 ($9.81 in chips) 
Seat 3: Dorex2007 ($13.56 in chips) 
Seat 4: saltyslick9 ($4 in chips) 
Seat 5: European1000 ($7.90 in chips) 
Seat 6: WeNaSo_07 ($2.55 in chips) 
Seat 9: Wild775 ($5.21 in chips) 
Dorex2007: posts small blind $0.02
saltyslick9: posts big blind $0.05
*** HOLE CARDS ***
Dealt to Dorex2007 [Td 6h]
European1000: folds 
WeNaSo_07: folds 
Wild775: folds 
Master Beltran: raises $0.10 to $0.15
alfcapone87: folds 
Dorex2007: folds 
saltyslick9: raises $0.10 to $0.25
Master Beltran: calls $0.10
*** FLOP *** [5c 4s 7d]
saltyslick9: bets $0.40
Master Beltran: folds 
Uncalled bet ($0.40) returned to saltyslick9
saltyslick9 collected $0.50 from pot
*** SUMMARY ***
Total pot $0.52 | Rake $0.02 
Board [5c 4s 7d]
Seat 1: Master Beltran folded on the Flop
Seat 2: alfcapone87 (button) folded before Flop (didn't bet)
Seat 3: Dorex2007 (small blind) folded before Flop
Seat 4: saltyslick9 (big blind) collected ($0.50)
Seat 5: European1000 folded before Flop (didn't bet)
Seat 6: WeNaSo_07 folded before Flop (didn't bet)
Seat 9: Wild775 folded before Flop (didn't bet)



PokerStars Hand #237977684256:  Hold'em No Limit ($0.02/$0.05 USD) - 2022/08/13 21:15:58 PT [2022/08/14 0:15:58 ET]
Table 'Colocolo' 9-max Seat #3 is the button
Seat 1: Master Beltran ($4.47 in chips) 
Seat 2: alfcapone87 ($9.81 in chips) 
Seat 3: Dorex2007 ($13.54 in chips) 
Seat 4: saltyslick9 ($4.25 in chips) 
Seat 5: European1000 ($7.90 in chips) 
Seat 6: WeNaSo_07 ($2.55 in chips) 
Seat 9: Wild775 ($5.21 in chips) 
saltyslick9: posts small blind $0.02
European1000: posts big blind $0.05
*** HOLE CARDS ***
Dealt to Dorex2007 [2h Js]
WeNaSo_07: folds 
Wild775: raises $0.10 to $0.15
Master Beltran: folds 
alfcapone87: folds 
Dorex2007: folds 
saltyslick9: folds 
European1000: calls $0.10
*** FLOP *** [9d Kh 8s]
European1000: checks 
Wild775: checks 
*** TURN *** [9d Kh 8s] [5s]
European1000: checks 
Wild775: checks 
*** RIVER *** [9d Kh 8s 5s] [Qs]
European1000: bets $0.15
Wild775: folds 
Uncalled bet ($0.15) returned to European1000
European1000 collected $0.31 from pot
European1000: doesn't show hand 
*** SUMMARY ***
Total pot $0.32 | Rake $0.01 
Board [9d Kh 8s 5s Qs]
Seat 1: Master Beltran folded before Flop (didn't bet)
Seat 2: alfcapone87 folded before Flop (didn't bet)
Seat 3: Dorex2007 (button) folded before Flop (didn't bet)
Seat 4: saltyslick9 (small blind) folded before Flop
Seat 5: European1000 (big blind) collected ($0.31)
Seat 6: WeNaSo_07 folded before Flop (didn't bet)
Seat 9: Wild775 folded on the River



PokerStars Hand #237977688787:  Hold'em No Limit ($0.02/$0.05 USD) - 2022/08/13 21:16:33 PT [2022/08/14 0:16:33 ET]
Table 'Colocolo' 9-max Seat #4 is the button
Seat 1: Master Beltran ($4.47 in chips) 
Seat 2: alfcapone87 ($9.81 in chips) 
Seat 3: Dorex2007 ($13.54 in chips) 
Seat 4: saltyslick9 ($4.23 in chips) 
Seat 5: European1000 ($8.06 in chips) 
Seat 6: WeNaSo_07 ($2.55 in chips) 
Seat 9: Wild775 ($5.06 in chips) 
European1000: posts small blind $0.02
WeNaSo_07: posts big blind $0.05
*** HOLE CARDS ***
Dealt to Dorex2007 [Td 6c]
Wild775: raises $0.10 to $0.15
Master Beltran: calls $0.15
alfcapone87: folds 
Dorex2007: folds 
saltyslick9: calls $0.15
European1000: folds 
WeNaSo_07: folds 
*** FLOP *** [5c 9h Kh]
Wild775: checks 
Master Beltran: bets $0.45
saltyslick9: calls $0.45
Wild775: folds 
*** TURN *** [5c 9h Kh] [Ks]
Master Beltran: bets $1.05
saltyslick9: calls $1.05
*** RIVER *** [5c 9h Kh Ks] [Jc]
Master Beltran: bets $2.82 and is all-in
saltyslick9: folds 
Uncalled bet ($2.82) returned to Master Beltran
Master Beltran collected $3.37 from pot
Master Beltran: doesn't show hand 
*** SUMMARY ***
Total pot $3.52 | Rake $0.15 
Board [5c 9h Kh Ks Jc]
Seat 1: Master Beltran collected ($3.37)
Seat 2: alfcapone87 folded before Flop (didn't bet)
Seat 3: Dorex2007 folded before Flop (didn't bet)
Seat 4: saltyslick9 (button) folded on the River
Seat 5: European1000 (small blind) folded before Flop
Seat 6: WeNaSo_07 (big blind) folded before Flop
Seat 9: Wild775 folded on the Flop



PokerStars Hand #237977695020:  Hold'em No Limit ($0.02/$0.05 USD) - 2022/08/13 21:17:21 PT [2022/08/14 0:17:21 ET]
Table 'Colocolo' 9-max Seat #5 is the button
Seat 1: Master Beltran ($6.19 in chips) 
Seat 2: alfcapone87 ($9.81 in chips) 
Seat 3: Dorex2007 ($13.54 in chips) 
Seat 4: saltyslick9 ($2.58 in chips) 
Seat 5: European1000 ($8.04 in chips) 
Seat 6: WeNaSo_07 ($2.50 in chips) 
Seat 9: Wild775 ($4.91 in chips) 
WeNaSo_07: posts small blind $0.02
Wild775: posts big blind $0.05
*** HOLE CARDS ***
Dealt to Dorex2007 [3c 4d]
Master Beltran: folds 
alfcapone87: folds 
Dorex2007 has timed out
Dorex2007: folds 
saltyslick9: calls $0.05
European1000: raises $0.15 to $0.20
WeNaSo_07: folds 
Wild775: folds 
saltyslick9: calls $0.15
*** FLOP *** [3d 3s 8s]
saltyslick9: checks 
European1000: checks 
*** TURN *** [3d 3s 8s] [Kc]
saltyslick9: bets $0.10
European1000: calls $0.10
*** RIVER *** [3d 3s 8s Kc] [6s]
saltyslick9: bets $0.30
European1000: folds 
Uncalled bet ($0.30) returned to saltyslick9
saltyslick9 collected $0.64 from pot
*** SUMMARY ***
Total pot $0.67 | Rake $0.03 
Board [3d 3s 8s Kc 6s]
Seat 1: Master Beltran folded before Flop (didn't bet)
Seat 2: alfcapone87 folded before Flop (didn't bet)
Seat 3: Dorex2007 folded before Flop (didn't bet)
Seat 4: saltyslick9 collected ($0.64)
Seat 5: European1000 (button) folded on the River
Seat 6: WeNaSo_07 (small blind) folded before Flop
Seat 9: Wild775 (big blind) folded before Flop



PokerStars Hand #237977701708:  Hold'em No Limit ($0.02/$0.05 USD) - 2022/08/13 21:18:12 PT [2022/08/14 0:18:12 ET]
Table 'Colocolo' 9-max Seat #6 is the button
Seat 1: Master Beltran ($6.19 in chips) 
Seat 2: alfcapone87 ($9.81 in chips) 
Seat 3: Dorex2007 ($13.54 in chips) 
Seat 4: saltyslick9 ($2.92 in chips) 
Seat 5: European1000 ($7.74 in chips) 
Seat 6: WeNaSo_07 ($2.50 in chips) 
Seat 9: Wild775 ($4.86 in chips) 
Wild775: posts small blind $0.02
Master Beltran: posts big blind $0.05
*** HOLE CARDS ***
Dealt to Dorex2007 [Ad 6c]
alfcapone87: folds 
Dorex2007: folds 
saltyslick9: folds 
European1000: folds 
WeNaSo_07: folds 
Wild775: folds 
Uncalled bet ($0.03) returned to Master Beltran
Master Beltran collected $0.04 from pot
Master Beltran: doesn't show hand 
*** SUMMARY ***
Total pot $0.04 | Rake $0 
Seat 1: Master Beltran (big blind) collected ($0.04)
Seat 2: alfcapone87 folded before Flop (didn't bet)
Seat 3: Dorex2007 folded before Flop (didn't bet)
Seat 4: saltyslick9 folded before Flop (didn't bet)
Seat 5: European1000 folded before Flop (didn't bet)
Seat 6: WeNaSo_07 (button) folded before Flop (didn't bet)
Seat 9: Wild775 (small blind) folded before Flop



PokerStars Hand #237977703274:  Hold'em No Limit ($0.02/$0.05 USD) - 2022/08/13 21:18:24 PT [2022/08/14 0:18:24 ET]
Table 'Colocolo' 9-max Seat #9 is the button
Seat 1: Master Beltran ($6.21 in chips) 
Seat 2: alfcapone87 ($9.81 in chips) 
Seat 3: Dorex2007 ($13.54 in chips) 
Seat 4: saltyslick9 ($2.92 in chips) 
Seat 5: European1000 ($7.74 in chips) 
Seat 6: WeNaSo_07 ($2.50 in chips) 
Seat 9: Wild775 ($4.84 in chips) 
Master Beltran: posts small blind $0.02
alfcapone87: posts big blind $0.05
*** HOLE CARDS ***
Dealt to Dorex2007 [4d 7c]
Dorex2007: folds 
saltyslick9: calls $0.05
European1000: calls $0.05
WeNaSo_07: folds 
Wild775: raises $0.20 to $0.25
Master Beltran: folds 
alfcapone87: folds 
saltyslick9: calls $0.20
European1000: raises $0.85 to $1.10
Wild775: folds 
saltyslick9: calls $0.85
*** FLOP *** [4h 3c 9s]
saltyslick9: checks 
European1000: bets $6.64 and is all-in
saltyslick9: folds 
Uncalled bet ($6.64) returned to European1000
European1000 collected $2.42 from pot
European1000: doesn't show hand 
*** SUMMARY ***
Total pot $2.52 | Rake $0.10 
Board [4h 3c 9s]
Seat 1: Master Beltran (small blind) folded before Flop
Seat 2: alfcapone87 (big blind) folded before Flop
Seat 3: Dorex2007 folded before Flop (didn't bet)
Seat 4: saltyslick9 folded on the Flop
Seat 5: European1000 collected ($2.42)
Seat 6: WeNaSo_07 folded before Flop (didn't bet)
Seat 9: Wild775 (button) folded before Flop



PokerStars Hand #237977712798:  Hold'em No Limit ($0.02/$0.05 USD) - 2022/08/13 21:19:06 PT [2022/08/14 0:19:06 ET]
Table 'Colocolo' 9-max Seat #1 is the button
Seat 1: Master Beltran ($6.19 in chips) 
Seat 2: alfcapone87 ($9.76 in chips) 
Seat 3: Dorex2007 ($13.54 in chips) 
Seat 4: saltyslick9 ($1.82 in chips) 
Seat 5: European1000 ($9.06 in chips) 
Seat 6: WeNaSo_07 ($2.50 in chips) 
Seat 9: Wild775 ($4.59 in chips) 
alfcapone87: posts small blind $0.02
Dorex2007: posts big blind $0.05
*** HOLE CARDS ***
Dealt to Dorex2007 [Js 8c]
saltyslick9: calls $0.05
European1000: folds 
WeNaSo_07: folds 
Wild775: folds 
Master Beltran: folds 
alfcapone87: folds 
Dorex2007: checks 
*** FLOP *** [9c 2h Tc]
Dorex2007: checks 
saltyslick9: checks 
*** TURN *** [9c 2h Tc] [4h]
Dorex2007: checks 
saltyslick9: bets $0.10
Dorex2007: calls $0.10
*** RIVER *** [9c 2h Tc 4h] [5s]
Dorex2007: checks 
saltyslick9: checks 
*** SHOW DOWN ***
Dorex2007: shows [Js 8c] (high card Jack)
saltyslick9: shows [Ah 6h] (high card Ace)
saltyslick9 collected $0.31 from pot
*** SUMMARY ***
Total pot $0.32 | Rake $0.01 
Board [9c 2h Tc 4h 5s]
Seat 1: Master Beltran (button) folded before Flop (didn't bet)
Seat 2: alfcapone87 (small blind) folded before Flop
Seat 3: Dorex2007 (big blind) showed [Js 8c] and lost with high card Jack
Seat 4: saltyslick9 showed [Ah 6h] and won ($0.31) with high card Ace
Seat 5: European1000 folded before Flop (didn't bet)
Seat 6: WeNaSo_07 folded before Flop (didn't bet)
Seat 9: Wild775 folded before Flop (didn't bet)



PokerStars Hand #237977717421:  Hold'em No Limit ($0.02/$0.05 USD) - 2022/08/13 21:19:42 PT [2022/08/14 0:19:42 ET]
Table 'Colocolo' 9-max Seat #2 is the button
Seat 1: Master Beltran ($6.19 in chips) 
Seat 2: alfcapone87 ($9.74 in chips) 
Seat 3: Dorex2007 ($13.39 in chips) 
Seat 4: saltyslick9 ($1.98 in chips) 
Seat 5: European1000 ($9.06 in chips) 
Seat 6: WeNaSo_07 ($2.50 in chips) 
Seat 9: Wild775 ($4.59 in chips) 
Dorex2007: posts small blind $0.02
saltyslick9: posts big blind $0.05
*** HOLE CARDS ***
Dealt to Dorex2007 [Ac 6c]
European1000: raises $0.10 to $0.15
WeNaSo_07: folds 
Wild775: calls $0.15
Master Beltran: folds 
alfcapone87: folds 
Dorex2007: folds 
saltyslick9: calls $0.10
*** FLOP *** [Ah 2s 5h]
saltyslick9: checks 
European1000: checks 
Wild775: checks 
*** TURN *** [Ah 2s 5h] [7c]
saltyslick9: checks 
European1000: checks 
Wild775: bets $0.45
saltyslick9: folds 
European1000: folds 
Uncalled bet ($0.45) returned to Wild775
Wild775 collected $0.45 from pot
Wild775: doesn't show hand 
*** SUMMARY ***
Total pot $0.47 | Rake $0.02 
Board [Ah 2s 5h 7c]
Seat 1: Master Beltran folded before Flop (didn't bet)
Seat 2: alfcapone87 (button) folded before Flop (didn't bet)
Seat 3: Dorex2007 (small blind) folded before Flop
Seat 4: saltyslick9 (big blind) folded on the Turn
Seat 5: European1000 folded on the Turn
Seat 6: WeNaSo_07 folded before Flop (didn't bet)
Seat 9: Wild775 collected ($0.45)



PokerStars Hand #237977722548:  Hold'em No Limit ($0.02/$0.05 USD) - 2022/08/13 21:20:22 PT [2022/08/14 0:20:22 ET]
Table 'Colocolo' 9-max Seat #3 is the button
Seat 1: Master Beltran ($6.19 in chips) 
Seat 2: alfcapone87 ($9.74 in chips) 
Seat 3: Dorex2007 ($13.37 in chips) 
Seat 4: saltyslick9 ($1.83 in chips) 
Seat 5: European1000 ($8.91 in chips) 
Seat 6: WeNaSo_07 ($2.50 in chips) 
Seat 9: Wild775 ($4.89 in chips) 
saltyslick9: posts small blind $0.02
European1000: posts big blind $0.05
*** HOLE CARDS ***
Dealt to Dorex2007 [Ah As]
WeNaSo_07: folds 
Wild775: folds 
Master Beltran: folds 
alfcapone87: folds 
Dorex2007: raises $0.15 to $0.20
saltyslick9: folds 
European1000: folds 
Uncalled bet ($0.15) returned to Dorex2007
Dorex2007 collected $0.12 from pot
Dorex2007: doesn't show hand 
*** SUMMARY ***
Total pot $0.12 | Rake $0 
Seat 1: Master Beltran folded before Flop (didn't bet)
Seat 2: alfcapone87 folded before Flop (didn't bet)
Seat 3: Dorex2007 (button) collected ($0.12)
Seat 4: saltyslick9 (small blind) folded before Flop
Seat 5: European1000 (big blind) folded before Flop
Seat 6: WeNaSo_07 folded before Flop (didn't bet)
Seat 9: Wild775 folded before Flop (didn't bet)



PokerStars Hand #237977725536:  Hold'em No Limit ($0.02/$0.05 USD) - 2022/08/13 21:20:45 PT [2022/08/14 0:20:45 ET]
Table 'Colocolo' 9-max Seat #4 is the button
Seat 1: Master Beltran ($6.19 in chips) 
Seat 2: alfcapone87 ($9.74 in chips) 
Seat 3: Dorex2007 ($13.44 in chips) 
Seat 4: saltyslick9 ($1.81 in chips) 
Seat 5: European1000 ($8.86 in chips) 
Seat 6: WeNaSo_07 ($2.50 in chips) 
Seat 9: Wild775 ($4.89 in chips) 
European1000: posts small blind $0.02
WeNaSo_07: posts big blind $0.05
*** HOLE CARDS ***
Dealt to Dorex2007 [5s 3c]
Wild775: raises $0.10 to $0.15
Master Beltran: calls $0.15
alfcapone87: folds 
Dorex2007: folds 
saltyslick9: calls $0.15
European1000: folds 
WeNaSo_07: folds 
*** FLOP *** [7c Th 8c]
Wild775: checks 
Master Beltran: checks 
saltyslick9: checks 
*** TURN *** [7c Th 8c] [6s]
Wild775: bets $0.50
Master Beltran: folds 
saltyslick9: raises $0.50 to $1
Wild775: raises $0.70 to $1.70
saltyslick9: calls $0.66 and is all-in
Uncalled bet ($0.04) returned to Wild775
*** RIVER *** [7c Th 8c 6s] [Kd]
*** SHOW DOWN ***
Wild775: shows [9s Qc] (a straight, Six to Ten)
saltyslick9: shows [9d Qd] (a straight, Six to Ten)
Wild775 collected $1.84 from pot
saltyslick9 collected $1.84 from pot
*** SUMMARY ***
Total pot $3.84 | Rake $0.16 
Board [7c Th 8c 6s Kd]
Seat 1: Master Beltran folded on the Turn
Seat 2: alfcapone87 folded before Flop (didn't bet)
Seat 3: Dorex2007 folded before Flop (didn't bet)
Seat 4: saltyslick9 (button) showed [9d Qd] and won ($1.84) with a straight, Six to Ten
Seat 5: European1000 (small blind) folded before Flop
Seat 6: WeNaSo_07 (big blind) folded before Flop
Seat 9: Wild775 showed [9s Qc] and won ($1.84) with a straight, Six to Ten



PokerStars Hand #237977732739:  Hold'em No Limit ($0.02/$0.05 USD) - 2022/08/13 21:21:43 PT [2022/08/14 0:21:43 ET]
Table 'Colocolo' 9-max Seat #5 is the button
Seat 1: Master Beltran ($6.04 in chips) 
Seat 2: alfcapone87 ($9.74 in chips) 
Seat 3: Dorex2007 ($13.44 in chips) 
Seat 4: saltyslick9 ($1.84 in chips) 
Seat 5: European1000 ($8.84 in chips) 
Seat 6: WeNaSo_07 ($2.50 in chips) 
Seat 9: Wild775 ($4.92 in chips) 
WeNaSo_07: posts small blind $0.02
Wild775: posts big blind $0.05
*** HOLE CARDS ***
Dealt to Dorex2007 [5d 7d]
Master Beltran: folds 
alfcapone87: folds 
Dorex2007 has timed out
Dorex2007: folds 
saltyslick9: calls $0.05
European1000: folds 
WeNaSo_07: folds 
Wild775: checks 
*** FLOP *** [Ac 7c Kh]
Wild775: checks 
saltyslick9: checks 
*** TURN *** [Ac 7c Kh] [9s]
Wild775: checks 
saltyslick9: checks 
*** RIVER *** [Ac 7c Kh 9s] [5c]
Wild775: checks 
saltyslick9: checks 
*** SHOW DOWN ***
Wild775: shows [8d 7h] (a pair of Sevens)
saltyslick9: mucks hand 
Wild775 collected $0.12 from pot
reddevils888 leaves the table
*** SUMMARY ***
Total pot $0.12 | Rake $0 
Board [Ac 7c Kh 9s 5c]
Seat 1: Master Beltran folded before Flop (didn't bet)
Seat 2: alfcapone87 folded before Flop (didn't bet)
Seat 3: Dorex2007 folded before Flop (didn't bet)
Seat 4: saltyslick9 mucked [Js 8c]
Seat 5: European1000 (button) folded before Flop (didn't bet)
Seat 6: WeNaSo_07 (small blind) folded before Flop
Seat 9: Wild775 (big blind) showed [8d 7h] and won ($0.12) with a pair of Sevens



PokerStars Hand #237977744129:  Hold'em No Limit ($0.02/$0.05 USD) - 2022/08/13 21:23:12 PT [2022/08/14 0:23:12 ET]
Table 'Colocolo' 9-max Seat #1 is the button
Seat 1: Master Beltran ($5.94 in chips) 
Seat 2: alfcapone87 ($9.83 in chips) 
Seat 3: Dorex2007 ($13.44 in chips) 
Seat 4: saltyslick9 ($1.59 in chips) 
Seat 5: European1000 ($8.84 in chips) 
Seat 6: WeNaSo_07 ($2.50 in chips) 
Seat 9: Wild775 ($5.18 in chips) 
alfcapone87: posts small blind $0.02
Dorex2007: posts big blind $0.05
*** HOLE CARDS ***
Dealt to Dorex2007 [5c 9d]
saltyslick9: calls $0.05
European1000: folds 
WeNaSo_07: folds 
Wild775: folds 
Master Beltran: calls $0.05
alfcapone87: folds 
pppinclipppe joins the table at seat #8 
WeNaSo_07 leaves the table
ustin72 joins the table at seat #6 
Dorex2007: checks 
*** FLOP *** [Jc Td 5d]
Dorex2007: checks 
saltyslick9: checks 
Master Beltran: bets $0.30
Dorex2007: folds 
saltyslick9: folds 
Uncalled bet ($0.30) returned to Master Beltran
Master Beltran collected $0.16 from pot
Master Beltran: doesn't show hand 
*** SUMMARY ***
Total pot $0.17 | Rake $0.01 
Board [Jc Td 5d]
Seat 1: Master Beltran (button) collected ($0.16)
Seat 2: alfcapone87 (small blind) folded before Flop
Seat 3: Dorex2007 (big blind) folded on the Flop
Seat 4: saltyslick9 folded on the Flop
Seat 5: European1000 folded before Flop (didn't bet)
Seat 6: WeNaSo_07 folded before Flop (didn't bet)
Seat 9: Wild775 folded before Flop (didn't bet)



PokerStars Hand #237977752801:  Hold'em No Limit ($0.02/$0.05 USD) - 2022/08/13 21:24:21 PT [2022/08/14 0:24:21 ET]
Table 'Colocolo' 9-max Seat #2 is the button
Seat 1: Master Beltran ($6.05 in chips) 
Seat 2: alfcapone87 ($9.81 in chips) 
Seat 3: Dorex2007 ($13.39 in chips) 
Seat 4: saltyslick9 ($1.54 in chips) 
Seat 5: European1000 ($8.84 in chips) 
Seat 8: pppinclipppe ($4 in chips) 
Seat 9: Wild775 ($5.18 in chips) 
Dorex2007: posts small blind $0.02
saltyslick9: posts big blind $0.05
ustin72: sits out 
pppinclipppe: posts big blind $0.05
*** HOLE CARDS ***
Dealt to Dorex2007 [Js 4h]
European1000: calls $0.05
pppinclipppe: raises $0.05 to $0.10
Wild775: folds 
Master Beltran: raises $0.05 to $0.15
alfcapone87: folds 
Dorex2007: folds 
saltyslick9: raises $0.05 to $0.20
European1000: folds 
pppinclipppe: calls $0.10
Master Beltran: calls $0.05
*** FLOP *** [Kh 7h 6h]
saltyslick9: bets $0.60
pppinclipppe: folds 
Master Beltran: raises $0.60 to $1.20
saltyslick9: raises $0.14 to $1.34 and is all-in
Master Beltran: calls $0.14
*** TURN *** [Kh 7h 6h] [2c]
*** RIVER *** [Kh 7h 6h 2c] [7d]
*** SHOW DOWN ***
saltyslick9: shows [Qs Qh] (two pair, Queens and Sevens)
Master Beltran: shows [Jh Kd] (two pair, Kings and Sevens)
Master Beltran collected $3.21 from pot
*** SUMMARY ***
Total pot $3.35 | Rake $0.14 
Board [Kh 7h 6h 2c 7d]
Seat 1: Master Beltran showed [Jh Kd] and won ($3.21) with two pair, Kings and Sevens
Seat 2: alfcapone87 (button) folded before Flop (didn't bet)
Seat 3: Dorex2007 (small blind) folded before Flop
Seat 4: saltyslick9 (big blind) showed [Qs Qh] and lost with two pair, Queens and Sevens
Seat 5: European1000 folded before Flop
Seat 8: pppinclipppe folded on the Flop
Seat 9: Wild775 folded before Flop (didn't bet)



PokerStars Hand #237977759339:  Hold'em No Limit ($0.02/$0.05 USD) - 2022/08/13 21:25:14 PT [2022/08/14 0:25:14 ET]
Table 'Colocolo' 9-max Seat #3 is the button
Seat 1: Master Beltran ($7.72 in chips) 
Seat 2: alfcapone87 ($9.81 in chips) 
Seat 3: Dorex2007 ($13.37 in chips) 
Seat 8: pppinclipppe ($3.80 in chips) 
Seat 9: Wild775 ($5.18 in chips) 
pppinclipppe: posts small blind $0.02
Wild775: posts big blind $0.05
*** HOLE CARDS ***
Dealt to Dorex2007 [8s 3c]
Master Beltran: folds 
alfcapone87: folds 
Dorex2007: folds 
pppinclipppe: folds 
Uncalled bet ($0.03) returned to Wild775
Wild775 collected $0.04 from pot
Wild775: doesn't show hand 
*** SUMMARY ***
Total pot $0.04 | Rake $0 
Seat 1: Master Beltran folded before Flop (didn't bet)
Seat 2: alfcapone87 folded before Flop (didn't bet)
Seat 3: Dorex2007 (button) folded before Flop (didn't bet)
Seat 8: pppinclipppe (small blind) folded before Flop
Seat 9: Wild775 (big blind) collected ($0.04)



PokerStars Hand #237977760850:  Hold'em No Limit ($0.02/$0.05 USD) - 2022/08/13 21:25:25 PT [2022/08/14 0:25:25 ET]
Table 'Colocolo' 9-max Seat #8 is the button
Seat 1: Master Beltran ($7.72 in chips) 
Seat 2: alfcapone87 ($9.81 in chips) 
Seat 3: Dorex2007 ($13.37 in chips) 
Seat 4: saltyslick9 ($5 in chips) 
Seat 8: pppinclipppe ($3.78 in chips) 
Seat 9: Wild775 ($5.20 in chips) 
Wild775: posts small blind $0.02
Master Beltran: posts big blind $0.05
saltyslick9: posts small blind $0.02
ustin72: sits out 
*** HOLE CARDS ***
Dealt to Dorex2007 [9c 6c]
alfcapone87: folds 
Dorex2007: folds 
saltyslick9: calls $0.05
pppinclipppe: folds 
Wild775: calls $0.03
Master Beltran: checks 
*** FLOP *** [7c As 9h]
Wild775: checks 
Master Beltran: checks 
saltyslick9: checks 
*** TURN *** [7c As 9h] [Ks]
Wild775: checks 
Master Beltran: checks 
saltyslick9: bets $0.05
Wild775: folds 
Master Beltran: folds 
Uncalled bet ($0.05) returned to saltyslick9
saltyslick9 collected $0.16 from pot
*** SUMMARY ***
Total pot $0.17 | Rake $0.01 
Board [7c As 9h Ks]
Seat 1: Master Beltran (big blind) folded on the Turn
Seat 2: alfcapone87 folded before Flop (didn't bet)
Seat 3: Dorex2007 folded before Flop (didn't bet)
Seat 4: saltyslick9 collected ($0.16)
Seat 8: pppinclipppe (button) folded before Flop (didn't bet)
Seat 9: Wild775 (small blind) folded on the Turn



PokerStars Hand #237977765765:  Hold'em No Limit ($0.02/$0.05 USD) - 2022/08/13 21:26:05 PT [2022/08/14 0:26:05 ET]
Table 'Colocolo' 9-max Seat #9 is the button
Seat 1: Master Beltran ($7.67 in chips) 
Seat 2: alfcapone87 ($9.81 in chips) 
Seat 3: Dorex2007 ($13.37 in chips) 
Seat 4: saltyslick9 ($5.09 in chips) 
Seat 8: pppinclipppe ($3.78 in chips) 
Seat 9: Wild775 ($5.15 in chips) 
Master Beltran: posts small blind $0.02
alfcapone87: posts big blind $0.05
ustin72: sits out 
*** HOLE CARDS ***
Dealt to Dorex2007 [7h 2c]
Dorex2007: folds 
saltyslick9: calls $0.05
pppinclipppe: folds 
Wild775: folds 
Master Beltran: folds 
alfcapone87: raises $0.35 to $0.40
saltyslick9: calls $0.35
*** FLOP *** [As Qd 9s]
alfcapone87: checks 
saltyslick9: checks 
*** TURN *** [As Qd 9s] [7d]
alfcapone87: checks 
saltyslick9: checks 
*** RIVER *** [As Qd 9s 7d] [Td]
alfcapone87: checks 
saltyslick9: checks 
*** SHOW DOWN ***
alfcapone87: shows [Kh Qh] (a pair of Queens)
saltyslick9: mucks hand 
alfcapone87 collected $0.79 from pot
*** SUMMARY ***
Total pot $0.82 | Rake $0.03 
Board [As Qd 9s 7d Td]
Seat 1: Master Beltran (small blind) folded before Flop
Seat 2: alfcapone87 (big blind) showed [Kh Qh] and won ($0.79) with a pair of Queens
Seat 3: Dorex2007 folded before Flop (didn't bet)
Seat 4: saltyslick9 mucked [3h 5h]
Seat 8: pppinclipppe folded before Flop (didn't bet)
Seat 9: Wild775 (button) folded before Flop (didn't bet)



