PokerStars Hand #237440536196:  Hold'em No Limit ($0.02/$0.05 USD) - 2022/07/18 12:37:52 PT [2022/07/18 15:37:52 ET]
Table 'Jarmila III' 9-max Seat #1 is the button
Seat 1: MrMagicZ ($8.88 in chips) 
Seat 2: piernen ($1.15 in chips) 
Seat 3: semmal999 ($4.51 in chips) 
Seat 4: LGD-GodV ($7.82 in chips) 
Seat 5: vladimir5421 ($6.83 in chips) 
Seat 6: randomgezzer ($4.88 in chips) 
Seat 7: PirateN@81 ($3.95 in chips) 
Seat 8: Gafner92 ($3.22 in chips) 
Seat 9: Dorex2007 ($5 in chips) 
piernen: posts small blind $0.02
semmal999: posts big blind $0.05
Dorex2007: posts big blind $0.05
*** HOLE CARDS ***
Dealt to Dorex2007 [Jh 4h]
LGD-GodV: folds 
vladimir5421: folds 
randomgezzer: calls $0.05
PirateN@81: folds 
Gafner92: folds 
Dorex2007: checks 
MrMagicZ: folds 
piernen: calls $0.03
semmal999: checks 
*** FLOP *** [5h 7s 8h]
piernen: checks 
semmal999: bets $0.13
randomgezzer: folds 
Dorex2007: folds 
piernen: calls $0.13
*** TURN *** [5h 7s 8h] [2d]
piernen: checks 
semmal999: bets $0.29
piernen: folds 
Uncalled bet ($0.29) returned to semmal999
semmal999 collected $0.44 from pot
*** SUMMARY ***
Total pot $0.46 | Rake $0.02 
Board [5h 7s 8h 2d]
Seat 1: MrMagicZ (button) folded before Flop (didn't bet)
Seat 2: piernen (small blind) folded on the Turn
Seat 3: semmal999 (big blind) collected ($0.44)
Seat 4: LGD-GodV folded before Flop (didn't bet)
Seat 5: vladimir5421 folded before Flop (didn't bet)
Seat 6: randomgezzer folded on the Flop
Seat 7: PirateN@81 folded before Flop (didn't bet)
Seat 8: Gafner92 folded before Flop (didn't bet)
Seat 9: Dorex2007 folded on the Flop (didn't bet)



PokerStars Hand #237440568626:  Hold'em No Limit ($0.02/$0.05 USD) - 2022/07/18 12:39:09 PT [2022/07/18 15:39:09 ET]
Table 'Jarmila III' 9-max Seat #2 is the button
Seat 1: MrMagicZ ($8.88 in chips) 
Seat 2: piernen ($0.97 in chips) 
Seat 3: semmal999 ($4.77 in chips) 
Seat 4: LGD-GodV ($7.82 in chips) 
Seat 5: vladimir5421 ($6.83 in chips) 
Seat 6: randomgezzer ($4.83 in chips) 
Seat 7: PirateN@81 ($3.95 in chips) 
Seat 8: Gafner92 ($3.22 in chips) 
Seat 9: Dorex2007 ($5 in chips) 
semmal999: posts small blind $0.02
LGD-GodV: posts big blind $0.05
*** HOLE CARDS ***
Dealt to Dorex2007 [Th 5s]
vladimir5421: raises $0.10 to $0.15
randomgezzer: folds 
PirateN@81: folds 
Gafner92: folds 
Dorex2007: folds 
MrMagicZ: folds 
piernen: folds 
semmal999: folds 
LGD-GodV: folds 
Uncalled bet ($0.10) returned to vladimir5421
vladimir5421 collected $0.12 from pot
*** SUMMARY ***
Total pot $0.12 | Rake $0 
Seat 1: MrMagicZ folded before Flop (didn't bet)
Seat 2: piernen (button) folded before Flop (didn't bet)
Seat 3: semmal999 (small blind) folded before Flop
Seat 4: LGD-GodV (big blind) folded before Flop
Seat 5: vladimir5421 collected ($0.12)
Seat 6: randomgezzer folded before Flop (didn't bet)
Seat 7: PirateN@81 folded before Flop (didn't bet)
Seat 8: Gafner92 folded before Flop (didn't bet)
Seat 9: Dorex2007 folded before Flop (didn't bet)



PokerStars Hand #237440583927:  Hold'em No Limit ($0.02/$0.05 USD) - 2022/07/18 12:39:44 PT [2022/07/18 15:39:44 ET]
Table 'Jarmila III' 9-max Seat #3 is the button
Seat 1: MrMagicZ ($8.88 in chips) 
Seat 2: piernen ($0.97 in chips) 
Seat 3: semmal999 ($4.75 in chips) 
Seat 4: LGD-GodV ($7.77 in chips) 
Seat 5: vladimir5421 ($6.90 in chips) 
Seat 6: randomgezzer ($4.83 in chips) 
Seat 7: PirateN@81 ($3.95 in chips) 
Seat 8: Gafner92 ($3.22 in chips) 
Seat 9: Dorex2007 ($5 in chips) 
LGD-GodV: posts small blind $0.02
vladimir5421: posts big blind $0.05
*** HOLE CARDS ***
Dealt to Dorex2007 [As 2h]
randomgezzer: folds 
PirateN@81: folds 
Gafner92: folds 
Dorex2007: folds 
MrMagicZ: folds 
piernen: folds 
semmal999: folds 
LGD-GodV: raises $0.10 to $0.15
vladimir5421: folds 
Uncalled bet ($0.10) returned to LGD-GodV
LGD-GodV collected $0.10 from pot
*** SUMMARY ***
Total pot $0.10 | Rake $0 
Seat 1: MrMagicZ folded before Flop (didn't bet)
Seat 2: piernen folded before Flop (didn't bet)
Seat 3: semmal999 (button) folded before Flop (didn't bet)
Seat 4: LGD-GodV (small blind) collected ($0.10)
Seat 5: vladimir5421 (big blind) folded before Flop
Seat 6: randomgezzer folded before Flop (didn't bet)
Seat 7: PirateN@81 folded before Flop (didn't bet)
Seat 8: Gafner92 folded before Flop (didn't bet)
Seat 9: Dorex2007 folded before Flop (didn't bet)



PokerStars Hand #237440591651:  Hold'em No Limit ($0.02/$0.05 USD) - 2022/07/18 12:40:02 PT [2022/07/18 15:40:02 ET]
Table 'Jarmila III' 9-max Seat #4 is the button
Seat 1: MrMagicZ ($8.88 in chips) 
Seat 2: piernen ($0.97 in chips) 
Seat 3: semmal999 ($4.75 in chips) 
Seat 4: LGD-GodV ($7.82 in chips) 
Seat 5: vladimir5421 ($6.85 in chips) 
Seat 6: randomgezzer ($4.83 in chips) 
Seat 7: PirateN@81 ($3.95 in chips) 
Seat 8: Gafner92 ($3.22 in chips) 
Seat 9: Dorex2007 ($5 in chips) 
vladimir5421: posts small blind $0.02
randomgezzer: posts big blind $0.05
*** HOLE CARDS ***
Dealt to Dorex2007 [4d Tc]
PirateN@81: folds 
Gafner92: folds 
Dorex2007: folds 
MrMagicZ: folds 
piernen: folds 
semmal999: folds 
LGD-GodV: folds 
vladimir5421: folds 
Uncalled bet ($0.03) returned to randomgezzer
randomgezzer collected $0.04 from pot
*** SUMMARY ***
Total pot $0.04 | Rake $0 
Seat 1: MrMagicZ folded before Flop (didn't bet)
Seat 2: piernen folded before Flop (didn't bet)
Seat 3: semmal999 folded before Flop (didn't bet)
Seat 4: LGD-GodV (button) folded before Flop (didn't bet)
Seat 5: vladimir5421 (small blind) folded before Flop
Seat 6: randomgezzer (big blind) collected ($0.04)
Seat 7: PirateN@81 folded before Flop (didn't bet)
Seat 8: Gafner92 folded before Flop (didn't bet)
Seat 9: Dorex2007 folded before Flop (didn't bet)



PokerStars Hand #237440601392:  Hold'em No Limit ($0.02/$0.05 USD) - 2022/07/18 12:40:25 PT [2022/07/18 15:40:25 ET]
Table 'Jarmila III' 9-max Seat #5 is the button
Seat 1: MrMagicZ ($8.88 in chips) 
Seat 2: piernen ($0.97 in chips) 
Seat 3: semmal999 ($4.75 in chips) 
Seat 4: LGD-GodV ($7.82 in chips) 
Seat 5: vladimir5421 ($6.83 in chips) 
Seat 6: randomgezzer ($4.85 in chips) 
Seat 7: PirateN@81 ($3.95 in chips) 
Seat 8: Gafner92 ($3.22 in chips) 
Seat 9: Dorex2007 ($5 in chips) 
randomgezzer: posts small blind $0.02
PirateN@81: posts big blind $0.05
*** HOLE CARDS ***
Dealt to Dorex2007 [7d 4c]
Gafner92: folds 
Dorex2007: folds 
MrMagicZ: folds 
piernen: calls $0.05
semmal999: folds 
LGD-GodV: folds 
vladimir5421: calls $0.05
randomgezzer: calls $0.03
PirateN@81: checks 
*** FLOP *** [Ks 3h 2d]
randomgezzer: bets $0.05
PirateN@81: folds 
piernen: folds 
vladimir5421: folds 
Uncalled bet ($0.05) returned to randomgezzer
randomgezzer collected $0.19 from pot
*** SUMMARY ***
Total pot $0.20 | Rake $0.01 
Board [Ks 3h 2d]
Seat 1: MrMagicZ folded before Flop (didn't bet)
Seat 2: piernen folded on the Flop
Seat 3: semmal999 folded before Flop (didn't bet)
Seat 4: LGD-GodV folded before Flop (didn't bet)
Seat 5: vladimir5421 (button) folded on the Flop
Seat 6: randomgezzer (small blind) collected ($0.19)
Seat 7: PirateN@81 (big blind) folded on the Flop
Seat 8: Gafner92 folded before Flop (didn't bet)
Seat 9: Dorex2007 folded before Flop (didn't bet)



PokerStars Hand #237440620139:  Hold'em No Limit ($0.02/$0.05 USD) - 2022/07/18 12:41:07 PT [2022/07/18 15:41:07 ET]
Table 'Jarmila III' 9-max Seat #6 is the button
Seat 1: MrMagicZ ($8.88 in chips) 
Seat 2: piernen ($0.92 in chips) 
Seat 3: semmal999 ($4.75 in chips) 
Seat 4: LGD-GodV ($7.82 in chips) 
Seat 5: vladimir5421 ($6.78 in chips) 
Seat 6: randomgezzer ($4.99 in chips) 
Seat 7: PirateN@81 ($3.90 in chips) 
Seat 8: Gafner92 ($3.22 in chips) 
Seat 9: Dorex2007 ($5 in chips) 
PirateN@81: posts small blind $0.02
Gafner92: posts big blind $0.05
*** HOLE CARDS ***
Dealt to Dorex2007 [7c 2h]
Dorex2007: folds 
MrMagicZ: folds 
piernen is disconnected 
piernen has timed out while disconnected
piernen: folds 
semmal999: folds 
LGD-GodV: raises $0.10 to $0.15
vladimir5421: folds 
randomgezzer: folds 
PirateN@81: raises $0.30 to $0.45
Gafner92: folds 
LGD-GodV: calls $0.30
*** FLOP *** [2s 7s 8s]
PirateN@81: checks 
LGD-GodV: checks 
*** TURN *** [2s 7s 8s] [Js]
PirateN@81: bets $0.30
LGD-GodV: folds 
Uncalled bet ($0.30) returned to PirateN@81
PirateN@81 collected $0.90 from pot
*** SUMMARY ***
Total pot $0.95 | Rake $0.05 
Board [2s 7s 8s Js]
Seat 1: MrMagicZ folded before Flop (didn't bet)
Seat 2: piernen folded before Flop (didn't bet)
Seat 3: semmal999 folded before Flop (didn't bet)
Seat 4: LGD-GodV folded on the Turn
Seat 5: vladimir5421 folded before Flop (didn't bet)
Seat 6: randomgezzer (button) folded before Flop (didn't bet)
Seat 7: PirateN@81 (small blind) collected ($0.90)
Seat 8: Gafner92 (big blind) folded before Flop
Seat 9: Dorex2007 folded before Flop (didn't bet)



PokerStars Hand #237440667627:  Hold'em No Limit ($0.02/$0.05 USD) - 2022/07/18 12:42:58 PT [2022/07/18 15:42:58 ET]
Table 'Jarmila III' 9-max Seat #7 is the button
Seat 1: MrMagicZ ($8.88 in chips) 
Seat 3: semmal999 ($4.75 in chips) 
Seat 4: LGD-GodV ($7.37 in chips) 
Seat 5: vladimir5421 ($6.78 in chips) 
Seat 6: randomgezzer ($4.99 in chips) 
Seat 7: PirateN@81 ($4.35 in chips) 
Seat 8: Gafner92 ($4 in chips) 
Seat 9: Dorex2007 ($5 in chips) 
Gafner92: posts small blind $0.02
Dorex2007: posts big blind $0.05
*** HOLE CARDS ***
Dealt to Dorex2007 [4c 2h]
MrMagicZ: folds 
semmal999 has timed out
semmal999: folds 
LGD-GodV: folds 
vladimir5421: raises $0.10 to $0.15
randomgezzer: folds 
PirateN@81: calls $0.15
Gafner92: folds 
Dorex2007: folds 
*** FLOP *** [6c 2c Kh]
vladimir5421: checks 
PirateN@81: checks 
*** TURN *** [6c 2c Kh] [Jc]
vladimir5421: bets $0.17
PirateN@81: calls $0.17
*** RIVER *** [6c 2c Kh Jc] [7d]
vladimir5421: checks 
PirateN@81: bets $0.20
vladimir5421: calls $0.20
*** SHOW DOWN ***
PirateN@81: shows [Qc Ks] (a pair of Kings)
vladimir5421: mucks hand 
PirateN@81 collected $1.05 from pot
*** SUMMARY ***
Total pot $1.11 | Rake $0.06 
Board [6c 2c Kh Jc 7d]
Seat 1: MrMagicZ folded before Flop (didn't bet)
Seat 3: semmal999 folded before Flop (didn't bet)
Seat 4: LGD-GodV folded before Flop (didn't bet)
Seat 5: vladimir5421 mucked [Qd Qh]
Seat 6: randomgezzer folded before Flop (didn't bet)
Seat 7: PirateN@81 (button) showed [Qc Ks] and won ($1.05) with a pair of Kings
Seat 8: Gafner92 (small blind) folded before Flop
Seat 9: Dorex2007 (big blind) folded before Flop



PokerStars Hand #237440693416:  Hold'em No Limit ($0.02/$0.05 USD) - 2022/07/18 12:44:00 PT [2022/07/18 15:44:00 ET]
Table 'Jarmila III' 9-max Seat #8 is the button
Seat 1: MrMagicZ ($8.88 in chips) 
Seat 3: semmal999 ($4.75 in chips) 
Seat 4: LGD-GodV ($7.37 in chips) 
Seat 5: vladimir5421 ($6.26 in chips) 
Seat 6: randomgezzer ($4.99 in chips) 
Seat 7: PirateN@81 ($4.88 in chips) 
Seat 8: Gafner92 ($3.98 in chips) 
Seat 9: Dorex2007 ($5 in chips) 
Dorex2007: posts small blind $0.02
MrMagicZ: posts big blind $0.05
*** HOLE CARDS ***
Dealt to Dorex2007 [Qs 7c]
semmal999: folds 
LGD-GodV: raises $0.10 to $0.15
vladimir5421: calls $0.15
randomgezzer: folds 
PirateN@81: calls $0.15
Gafner92: calls $0.15
Dorex2007: folds 
MrMagicZ: folds 
*** FLOP *** [3c Jh Td]
LGD-GodV: checks 
vladimir5421: checks 
PirateN@81: checks 
Gafner92: checks 
*** TURN *** [3c Jh Td] [5s]
LGD-GodV: checks 
vladimir5421: checks 
PirateN@81: checks 
Gafner92: checks 
*** RIVER *** [3c Jh Td 5s] [5h]
LGD-GodV: checks 
vladimir5421: checks 
PirateN@81: checks 
Gafner92: checks 
*** SHOW DOWN ***
LGD-GodV: shows [Qc Ks] (a pair of Fives)
vladimir5421: shows [9h 9c] (two pair, Nines and Fives)
PirateN@81: mucks hand 
Gafner92: mucks hand 
vladimir5421 collected $0.64 from pot
*** SUMMARY ***
Total pot $0.67 | Rake $0.03 
Board [3c Jh Td 5s 5h]
Seat 1: MrMagicZ (big blind) folded before Flop
Seat 3: semmal999 folded before Flop (didn't bet)
Seat 4: LGD-GodV showed [Qc Ks] and lost with a pair of Fives
Seat 5: vladimir5421 showed [9h 9c] and won ($0.64) with two pair, Nines and Fives
Seat 6: randomgezzer folded before Flop (didn't bet)
Seat 7: PirateN@81 mucked [Kh 8h]
Seat 8: Gafner92 (button) mucked [7h 7s]
Seat 9: Dorex2007 (small blind) folded before Flop



PokerStars Hand #237440734586:  Hold'em No Limit ($0.02/$0.05 USD) - 2022/07/18 12:45:36 PT [2022/07/18 15:45:36 ET]
Table 'Jarmila III' 9-max Seat #9 is the button
Seat 1: MrMagicZ ($8.83 in chips) 
Seat 2: piernen ($0.92 in chips) 
Seat 3: semmal999 ($4.75 in chips) 
Seat 4: LGD-GodV ($7.22 in chips) 
Seat 5: vladimir5421 ($6.75 in chips) 
Seat 6: randomgezzer ($4.99 in chips) 
Seat 7: PirateN@81 ($4.73 in chips) 
Seat 8: Gafner92 ($3.83 in chips) 
Seat 9: Dorex2007 ($5 in chips) 
MrMagicZ: posts small blind $0.02
piernen: posts big blind $0.05
*** HOLE CARDS ***
Dealt to Dorex2007 [5s Qd]
semmal999: calls $0.05
LGD-GodV: folds 
vladimir5421: folds 
randomgezzer: folds 
PirateN@81: folds 
Gafner92: folds 
Dorex2007: folds 
MrMagicZ: calls $0.03
piernen: checks 
*** FLOP *** [Kd Qh As]
MrMagicZ: checks 
piernen: checks 
semmal999: bets $0.11
MrMagicZ: folds 
piernen: folds 
Uncalled bet ($0.11) returned to semmal999
semmal999 collected $0.14 from pot
*** SUMMARY ***
Total pot $0.15 | Rake $0.01 
Board [Kd Qh As]
Seat 1: MrMagicZ (small blind) folded on the Flop
Seat 2: piernen (big blind) folded on the Flop
Seat 3: semmal999 collected ($0.14)
Seat 4: LGD-GodV folded before Flop (didn't bet)
Seat 5: vladimir5421 folded before Flop (didn't bet)
Seat 6: randomgezzer folded before Flop (didn't bet)
Seat 7: PirateN@81 folded before Flop (didn't bet)
Seat 8: Gafner92 folded before Flop (didn't bet)
Seat 9: Dorex2007 (button) folded before Flop (didn't bet)



PokerStars Hand #237440753795:  Hold'em No Limit ($0.02/$0.05 USD) - 2022/07/18 12:46:21 PT [2022/07/18 15:46:21 ET]
Table 'Jarmila III' 9-max Seat #1 is the button
Seat 1: MrMagicZ ($8.78 in chips) 
Seat 2: piernen ($0.87 in chips) 
Seat 3: semmal999 ($4.84 in chips) 
Seat 4: LGD-GodV ($7.22 in chips) 
Seat 5: vladimir5421 ($6.75 in chips) 
Seat 6: randomgezzer ($4.99 in chips) 
Seat 8: Gafner92 ($3.83 in chips) 
Seat 9: Dorex2007 ($5 in chips) 
piernen: posts small blind $0.02
semmal999: posts big blind $0.05
*** HOLE CARDS ***
Dealt to Dorex2007 [Td 8d]
LGD-GodV: folds 
vladimir5421: folds 
randomgezzer: calls $0.05
Gafner92: folds 
Dorex2007: folds 
MrMagicZ: calls $0.05
piernen: calls $0.03
semmal999: checks 
*** FLOP *** [6s Qc Ac]
piernen: checks 
semmal999: checks 
randomgezzer: bets $0.10
MrMagicZ: calls $0.10
piernen: folds 
semmal999: folds 
*** TURN *** [6s Qc Ac] [Tc]
randomgezzer: checks 
MrMagicZ: checks 
*** RIVER *** [6s Qc Ac Tc] [Jd]
randomgezzer: checks 
MrMagicZ: bets $0.25
randomgezzer: folds 
Uncalled bet ($0.25) returned to MrMagicZ
MrMagicZ collected $0.38 from pot
*** SUMMARY ***
Total pot $0.40 | Rake $0.02 
Board [6s Qc Ac Tc Jd]
Seat 1: MrMagicZ (button) collected ($0.38)
Seat 2: piernen (small blind) folded on the Flop
Seat 3: semmal999 (big blind) folded on the Flop
Seat 4: LGD-GodV folded before Flop (didn't bet)
Seat 5: vladimir5421 folded before Flop (didn't bet)
Seat 6: randomgezzer folded on the River
Seat 8: Gafner92 folded before Flop (didn't bet)
Seat 9: Dorex2007 folded before Flop (didn't bet)



PokerStars Hand #237440777796:  Hold'em No Limit ($0.02/$0.05 USD) - 2022/07/18 12:47:17 PT [2022/07/18 15:47:17 ET]
Table 'Jarmila III' 9-max Seat #2 is the button
Seat 1: MrMagicZ ($9.01 in chips) 
Seat 2: piernen ($0.82 in chips) 
Seat 3: semmal999 ($4.79 in chips) 
Seat 4: LGD-GodV ($7.22 in chips) 
Seat 5: vladimir5421 ($6.75 in chips) 
Seat 6: randomgezzer ($4.84 in chips) 
Seat 8: Gafner92 ($3.83 in chips) 
Seat 9: Dorex2007 ($5 in chips) 
semmal999: posts small blind $0.02
LGD-GodV: posts big blind $0.05
*** HOLE CARDS ***
Dealt to Dorex2007 [Ac 4h]
vladimir5421: folds 
randomgezzer: folds 
Gafner92: folds 
Dorex2007: folds 
MrMagicZ: raises $0.07 to $0.12
piernen: folds 
semmal999: folds 
LGD-GodV: folds 
Uncalled bet ($0.07) returned to MrMagicZ
MrMagicZ collected $0.12 from pot
*** SUMMARY ***
Total pot $0.12 | Rake $0 
Seat 1: MrMagicZ collected ($0.12)
Seat 2: piernen (button) folded before Flop (didn't bet)
Seat 3: semmal999 (small blind) folded before Flop
Seat 4: LGD-GodV (big blind) folded before Flop
Seat 5: vladimir5421 folded before Flop (didn't bet)
Seat 6: randomgezzer folded before Flop (didn't bet)
Seat 8: Gafner92 folded before Flop (didn't bet)
Seat 9: Dorex2007 folded before Flop (didn't bet)



PokerStars Hand #237440789342:  Hold'em No Limit ($0.02/$0.05 USD) - 2022/07/18 12:47:44 PT [2022/07/18 15:47:44 ET]
Table 'Jarmila III' 9-max Seat #3 is the button
Seat 1: MrMagicZ ($9.08 in chips) 
Seat 2: piernen ($0.82 in chips) 
Seat 3: semmal999 ($4.77 in chips) 
Seat 4: LGD-GodV ($7.17 in chips) 
Seat 5: vladimir5421 ($6.75 in chips) 
Seat 6: randomgezzer ($4.84 in chips) 
Seat 8: Gafner92 ($3.83 in chips) 
Seat 9: Dorex2007 ($5 in chips) 
LGD-GodV: posts small blind $0.02
vladimir5421: posts big blind $0.05
*** HOLE CARDS ***
Dealt to Dorex2007 [4h Td]
randomgezzer: folds 
Gafner92: folds 
Dorex2007: folds 
MrMagicZ: folds 
piernen: calls $0.05
semmal999: folds 
LGD-GodV: folds 
vladimir5421: checks 
*** FLOP *** [6c Kd 4c]
vladimir5421: checks 
piernen: checks 
*** TURN *** [6c Kd 4c] [Jh]
vladimir5421: checks 
piernen: bets $0.10
vladimir5421: folds 
Uncalled bet ($0.10) returned to piernen
piernen collected $0.12 from pot
*** SUMMARY ***
Total pot $0.12 | Rake $0 
Board [6c Kd 4c Jh]
Seat 1: MrMagicZ folded before Flop (didn't bet)
Seat 2: piernen collected ($0.12)
Seat 3: semmal999 (button) folded before Flop (didn't bet)
Seat 4: LGD-GodV (small blind) folded before Flop
Seat 5: vladimir5421 (big blind) folded on the Turn
Seat 6: randomgezzer folded before Flop (didn't bet)
Seat 8: Gafner92 folded before Flop (didn't bet)
Seat 9: Dorex2007 folded before Flop (didn't bet)



PokerStars Hand #237440811557:  Hold'em No Limit ($0.02/$0.05 USD) - 2022/07/18 12:48:36 PT [2022/07/18 15:48:36 ET]
Table 'Jarmila III' 9-max Seat #4 is the button
Seat 1: MrMagicZ ($9.08 in chips) 
Seat 2: piernen ($0.89 in chips) 
Seat 3: semmal999 ($4.77 in chips) 
Seat 4: LGD-GodV ($7.15 in chips) 
Seat 5: vladimir5421 ($6.70 in chips) 
Seat 6: randomgezzer ($4.84 in chips) 
Seat 8: Gafner92 ($3.83 in chips) 
Seat 9: Dorex2007 ($5 in chips) 
vladimir5421: posts small blind $0.02
randomgezzer: posts big blind $0.05
*** HOLE CARDS ***
Dealt to Dorex2007 [2d Qc]
Gafner92: folds 
Dorex2007: folds 
MrMagicZ: folds 
piernen: calls $0.05
semmal999: calls $0.05
LGD-GodV: calls $0.05
vladimir5421: calls $0.03
randomgezzer: checks 
*** FLOP *** [Kc Qh 7h]
Gafner92 leaves the table
pat57132 joins the table at seat #8 
vladimir5421: bets $0.18
randomgezzer: folds 
piernen: folds 
semmal999: calls $0.18
LGD-GodV: folds 
*** TURN *** [Kc Qh 7h] [8s]
vladimir5421: bets $0.29
semmal999: folds 
Uncalled bet ($0.29) returned to vladimir5421
vladimir5421 collected $0.58 from pot
*** SUMMARY ***
Total pot $0.61 | Rake $0.03 
Board [Kc Qh 7h 8s]
Seat 1: MrMagicZ folded before Flop (didn't bet)
Seat 2: piernen folded on the Flop
Seat 3: semmal999 folded on the Turn
Seat 4: LGD-GodV (button) folded on the Flop
Seat 5: vladimir5421 (small blind) collected ($0.58)
Seat 6: randomgezzer (big blind) folded on the Flop
Seat 8: Gafner92 folded before Flop (didn't bet)
Seat 9: Dorex2007 folded before Flop (didn't bet)



PokerStars Hand #237440840408:  Hold'em No Limit ($0.02/$0.05 USD) - 2022/07/18 12:49:44 PT [2022/07/18 15:49:44 ET]
Table 'Jarmila III' 9-max Seat #5 is the button
Seat 1: MrMagicZ ($9.08 in chips) 
Seat 2: piernen ($0.84 in chips) 
Seat 3: semmal999 ($4.54 in chips) 
Seat 4: LGD-GodV ($7.10 in chips) 
Seat 5: vladimir5421 ($7.05 in chips) 
Seat 6: randomgezzer ($4.79 in chips) 
Seat 8: pat57132 ($5 in chips) 
Seat 9: Dorex2007 ($5 in chips) 
randomgezzer: posts small blind $0.02
pat57132: posts big blind $0.05
*** HOLE CARDS ***
Dealt to Dorex2007 [6h 4h]
Dorex2007: folds 
MrMagicZ: folds 
piernen: raises $0.12 to $0.17
semmal999 has timed out
semmal999: folds 
LGD-GodV: folds 
vladimir5421: folds 
randomgezzer: folds 
pat57132: folds 
Uncalled bet ($0.12) returned to piernen
piernen collected $0.12 from pot
*** SUMMARY ***
Total pot $0.12 | Rake $0 
Seat 1: MrMagicZ folded before Flop (didn't bet)
Seat 2: piernen collected ($0.12)
Seat 3: semmal999 folded before Flop (didn't bet)
Seat 4: LGD-GodV folded before Flop (didn't bet)
Seat 5: vladimir5421 (button) folded before Flop (didn't bet)
Seat 6: randomgezzer (small blind) folded before Flop
Seat 8: pat57132 (big blind) folded before Flop
Seat 9: Dorex2007 folded before Flop (didn't bet)



PokerStars Hand #237440861924:  Hold'em No Limit ($0.02/$0.05 USD) - 2022/07/18 12:50:18 PT [2022/07/18 15:50:18 ET]
Table 'Jarmila III' 9-max Seat #6 is the button
Seat 1: MrMagicZ ($9.08 in chips) 
Seat 2: piernen ($0.91 in chips) 
Seat 3: semmal999 ($4.54 in chips) 
Seat 4: LGD-GodV ($7.10 in chips) 
Seat 5: vladimir5421 ($7.05 in chips) 
Seat 6: randomgezzer ($4.77 in chips) 
Seat 8: pat57132 ($4.95 in chips) 
Seat 9: Dorex2007 ($5 in chips) 
pat57132: posts small blind $0.02
Dorex2007: posts big blind $0.05
*** HOLE CARDS ***
Dealt to Dorex2007 [2h 3s]
MrMagicZ: folds 
piernen: raises $0.05 to $0.10
semmal999: folds 
LGD-GodV: folds 
vladimir5421: folds 
randomgezzer: calls $0.10
pat57132: raises $0.40 to $0.50
Dorex2007: folds 
piernen: folds 
randomgezzer: calls $0.40
*** FLOP *** [Ks 8c Qc]
pat57132: bets $0.50
randomgezzer: folds 
Uncalled bet ($0.50) returned to pat57132
pat57132 collected $1.09 from pot
*** SUMMARY ***
Total pot $1.15 | Rake $0.06 
Board [Ks 8c Qc]
Seat 1: MrMagicZ folded before Flop (didn't bet)
Seat 2: piernen folded before Flop
Seat 3: semmal999 folded before Flop (didn't bet)
Seat 4: LGD-GodV folded before Flop (didn't bet)
Seat 5: vladimir5421 folded before Flop (didn't bet)
Seat 6: randomgezzer (button) folded on the Flop
Seat 8: pat57132 (small blind) collected ($1.09)
Seat 9: Dorex2007 (big blind) folded before Flop



PokerStars Hand #237440881369:  Hold'em No Limit ($0.02/$0.05 USD) - 2022/07/18 12:51:04 PT [2022/07/18 15:51:04 ET]
Table 'Jarmila III' 9-max Seat #8 is the button
Seat 1: MrMagicZ ($9.08 in chips) 
Seat 2: piernen ($0.81 in chips) 
Seat 3: semmal999 ($4.54 in chips) 
Seat 4: LGD-GodV ($7.10 in chips) 
Seat 5: vladimir5421 ($7.05 in chips) 
Seat 6: randomgezzer ($4.27 in chips) 
Seat 7: PirateN@81 ($4.73 in chips) 
Seat 8: pat57132 ($5.54 in chips) 
Seat 9: Dorex2007 ($5 in chips) 
Dorex2007: posts small blind $0.02
MrMagicZ: posts big blind $0.05
PirateN@81: posts small & big blinds $0.07
*** HOLE CARDS ***
Dealt to Dorex2007 [Kh 8s]
piernen: folds 
semmal999: raises $0.19 to $0.24
LGD-GodV: folds 
vladimir5421: folds 
randomgezzer: folds 
PirateN@81: folds 
pat57132: folds 
Dorex2007: folds 
MrMagicZ: folds 
Uncalled bet ($0.19) returned to semmal999
semmal999 collected $0.19 from pot
*** SUMMARY ***
Total pot $0.19 | Rake $0 
Seat 1: MrMagicZ (big blind) folded before Flop
Seat 2: piernen folded before Flop (didn't bet)
Seat 3: semmal999 collected ($0.19)
Seat 4: LGD-GodV folded before Flop (didn't bet)
Seat 5: vladimir5421 folded before Flop (didn't bet)
Seat 6: randomgezzer folded before Flop (didn't bet)
Seat 7: PirateN@81 folded before Flop (didn't bet)
Seat 8: pat57132 (button) folded before Flop (didn't bet)
Seat 9: Dorex2007 (small blind) folded before Flop



PokerStars Hand #237440894643:  Hold'em No Limit ($0.02/$0.05 USD) - 2022/07/18 12:51:36 PT [2022/07/18 15:51:36 ET]
Table 'Jarmila III' 9-max Seat #9 is the button
Seat 1: MrMagicZ ($9.03 in chips) 
Seat 2: piernen ($0.81 in chips) 
Seat 3: semmal999 ($4.68 in chips) 
Seat 4: LGD-GodV ($7.10 in chips) 
Seat 5: vladimir5421 ($7.05 in chips) 
Seat 6: randomgezzer ($5 in chips) 
Seat 7: PirateN@81 ($4.66 in chips) 
Seat 8: pat57132 ($5.54 in chips) 
Seat 9: Dorex2007 ($5 in chips) 
MrMagicZ: posts small blind $0.02
piernen: posts big blind $0.05
*** HOLE CARDS ***
Dealt to Dorex2007 [3c 4s]
semmal999: folds 
LGD-GodV: folds 
vladimir5421: folds 
randomgezzer: folds 
PirateN@81: raises $0.05 to $0.10
pat57132: raises $0.20 to $0.30
Dorex2007: folds 
MrMagicZ: folds 
piernen: folds 
PirateN@81: folds 
Uncalled bet ($0.20) returned to pat57132
pat57132 collected $0.27 from pot
*** SUMMARY ***
Total pot $0.27 | Rake $0 
Seat 1: MrMagicZ (small blind) folded before Flop
Seat 2: piernen (big blind) folded before Flop
Seat 3: semmal999 folded before Flop (didn't bet)
Seat 4: LGD-GodV folded before Flop (didn't bet)
Seat 5: vladimir5421 folded before Flop (didn't bet)
Seat 6: randomgezzer folded before Flop (didn't bet)
Seat 7: PirateN@81 folded before Flop
Seat 8: pat57132 collected ($0.27)
Seat 9: Dorex2007 (button) folded before Flop (didn't bet)



PokerStars Hand #237440915368:  Hold'em No Limit ($0.02/$0.05 USD) - 2022/07/18 12:52:25 PT [2022/07/18 15:52:25 ET]
Table 'Jarmila III' 9-max Seat #1 is the button
Seat 1: MrMagicZ ($9.01 in chips) 
Seat 2: piernen ($0.76 in chips) 
Seat 3: semmal999 ($4.68 in chips) 
Seat 4: LGD-GodV ($7.10 in chips) 
Seat 5: vladimir5421 ($7.05 in chips) 
Seat 6: randomgezzer ($5 in chips) 
Seat 7: PirateN@81 ($4.56 in chips) 
Seat 8: pat57132 ($5.71 in chips) 
Seat 9: Dorex2007 ($5 in chips) 
piernen: posts small blind $0.02
semmal999: posts big blind $0.05
*** HOLE CARDS ***
Dealt to Dorex2007 [Qd 5s]
LGD-GodV: folds 
vladimir5421: folds 
randomgezzer: folds 
PirateN@81 has timed out
PirateN@81: folds 
pat57132: raises $0.07 to $0.12
Dorex2007: folds 
MrMagicZ: folds 
piernen: folds 
semmal999: calls $0.07
*** FLOP *** [6c 2d Ks]
semmal999: checks 
pat57132: bets $0.13
semmal999: calls $0.13
*** TURN *** [6c 2d Ks] [9c]
semmal999: checks 
pat57132: checks 
*** RIVER *** [6c 2d Ks 9c] [2s]
semmal999: bets $0.33
pat57132: calls $0.33
*** SHOW DOWN ***
semmal999: shows [7d 6d] (two pair, Sixes and Deuces)
pat57132: shows [Jd 9d] (two pair, Nines and Deuces)
pat57132 collected $1.12 from pot
*** SUMMARY ***
Total pot $1.18 | Rake $0.06 
Board [6c 2d Ks 9c 2s]
Seat 1: MrMagicZ (button) folded before Flop (didn't bet)
Seat 2: piernen (small blind) folded before Flop
Seat 3: semmal999 (big blind) showed [7d 6d] and lost with two pair, Sixes and Deuces
Seat 4: LGD-GodV folded before Flop (didn't bet)
Seat 5: vladimir5421 folded before Flop (didn't bet)
Seat 6: randomgezzer folded before Flop (didn't bet)
Seat 7: PirateN@81 folded before Flop (didn't bet)
Seat 8: pat57132 showed [Jd 9d] and won ($1.12) with two pair, Nines and Deuces
Seat 9: Dorex2007 folded before Flop (didn't bet)



PokerStars Hand #237440954106:  Hold'em No Limit ($0.02/$0.05 USD) - 2022/07/18 12:53:57 PT [2022/07/18 15:53:57 ET]
Table 'Jarmila III' 9-max Seat #2 is the button
Seat 1: MrMagicZ ($9.01 in chips) 
Seat 2: piernen ($0.74 in chips) 
Seat 3: semmal999 ($4.10 in chips) 
Seat 4: LGD-GodV ($7.10 in chips) 
Seat 5: vladimir5421 ($7.05 in chips) 
Seat 6: randomgezzer ($5 in chips) 
Seat 7: PirateN@81 ($4.56 in chips) 
Seat 8: pat57132 ($6.25 in chips) 
Seat 9: Dorex2007 ($5 in chips) 
semmal999: posts small blind $0.02
LGD-GodV: posts big blind $0.05
*** HOLE CARDS ***
Dealt to Dorex2007 [Jc 3h]
vladimir5421: raises $0.10 to $0.15
randomgezzer: folds 
PirateN@81: folds 
pat57132: folds 
Dorex2007: folds 
MrMagicZ: folds 
piernen: folds 
semmal999: folds 
LGD-GodV: calls $0.10
*** FLOP *** [3c Jd Td]
LGD-GodV: checks 
vladimir5421: bets $0.23
LGD-GodV: folds 
Uncalled bet ($0.23) returned to vladimir5421
vladimir5421 collected $0.31 from pot
*** SUMMARY ***
Total pot $0.32 | Rake $0.01 
Board [3c Jd Td]
Seat 1: MrMagicZ folded before Flop (didn't bet)
Seat 2: piernen (button) folded before Flop (didn't bet)
Seat 3: semmal999 (small blind) folded before Flop
Seat 4: LGD-GodV (big blind) folded on the Flop
Seat 5: vladimir5421 collected ($0.31)
Seat 6: randomgezzer folded before Flop (didn't bet)
Seat 7: PirateN@81 folded before Flop (didn't bet)
Seat 8: pat57132 folded before Flop (didn't bet)
Seat 9: Dorex2007 folded before Flop (didn't bet)



PokerStars Hand #237440972540:  Hold'em No Limit ($0.02/$0.05 USD) - 2022/07/18 12:54:41 PT [2022/07/18 15:54:41 ET]
Table 'Jarmila III' 9-max Seat #3 is the button
Seat 1: MrMagicZ ($9.01 in chips) 
Seat 2: piernen ($0.74 in chips) 
Seat 3: semmal999 ($4.08 in chips) 
Seat 4: LGD-GodV ($6.95 in chips) 
Seat 5: vladimir5421 ($7.21 in chips) 
Seat 6: randomgezzer ($5 in chips) 
Seat 7: PirateN@81 ($4.56 in chips) 
Seat 8: pat57132 ($6.25 in chips) 
Seat 9: Dorex2007 ($5 in chips) 
LGD-GodV: posts small blind $0.02
vladimir5421: posts big blind $0.05
*** HOLE CARDS ***
Dealt to Dorex2007 [3c 9h]
randomgezzer: folds 
PirateN@81: folds 
pat57132: folds 
Dorex2007: folds 
MrMagicZ: raises $0.07 to $0.12
piernen: calls $0.12
semmal999: folds 
LGD-GodV: folds 
vladimir5421: folds 
*** FLOP *** [Jc 8h 5s]
MrMagicZ: checks 
piernen: bets $0.10
MrMagicZ: calls $0.10
*** TURN *** [Jc 8h 5s] [4s]
MrMagicZ: checks 
piernen: checks 
*** RIVER *** [Jc 8h 5s 4s] [5d]
MrMagicZ: checks 
piernen: bets $0.52 and is all-in
MrMagicZ: folds 
Uncalled bet ($0.52) returned to piernen
piernen collected $0.49 from pot
*** SUMMARY ***
Total pot $0.51 | Rake $0.02 
Board [Jc 8h 5s 4s 5d]
Seat 1: MrMagicZ folded on the River
Seat 2: piernen collected ($0.49)
Seat 3: semmal999 (button) folded before Flop (didn't bet)
Seat 4: LGD-GodV (small blind) folded before Flop
Seat 5: vladimir5421 (big blind) folded before Flop
Seat 6: randomgezzer folded before Flop (didn't bet)
Seat 7: PirateN@81 folded before Flop (didn't bet)
Seat 8: pat57132 folded before Flop (didn't bet)
Seat 9: Dorex2007 folded before Flop (didn't bet)



PokerStars Hand #237440990417:  Hold'em No Limit ($0.02/$0.05 USD) - 2022/07/18 12:55:33 PT [2022/07/18 15:55:33 ET]
Table 'Jarmila III' 9-max Seat #4 is the button
Seat 1: MrMagicZ ($8.79 in chips) 
Seat 2: piernen ($1.01 in chips) 
Seat 3: semmal999 ($4.08 in chips) 
Seat 4: LGD-GodV ($6.93 in chips) 
Seat 5: vladimir5421 ($7.16 in chips) 
Seat 6: randomgezzer ($5 in chips) 
Seat 7: PirateN@81 ($4.56 in chips) 
Seat 8: pat57132 ($6.25 in chips) 
Seat 9: Dorex2007 ($5 in chips) 
vladimir5421: posts small blind $0.02
randomgezzer: posts big blind $0.05
*** HOLE CARDS ***
Dealt to Dorex2007 [Kc Ks]
PirateN@81: folds 
pat57132: folds 
Dorex2007: raises $0.05 to $0.10
MrMagicZ: calls $0.10
piernen: calls $0.10
semmal999: folds 
LGD-GodV: folds 
vladimir5421: folds 
randomgezzer: folds 
*** FLOP *** [8s 2d 9d]
Dorex2007: bets $0.35
MrMagicZ: folds 
piernen: folds 
Uncalled bet ($0.35) returned to Dorex2007
Dorex2007 collected $0.35 from pot
*** SUMMARY ***
Total pot $0.37 | Rake $0.02 
Board [8s 2d 9d]
Seat 1: MrMagicZ folded on the Flop
Seat 2: piernen folded on the Flop
Seat 3: semmal999 folded before Flop (didn't bet)
Seat 4: LGD-GodV (button) folded before Flop (didn't bet)
Seat 5: vladimir5421 (small blind) folded before Flop
Seat 6: randomgezzer (big blind) folded before Flop
Seat 7: PirateN@81 folded before Flop (didn't bet)
Seat 8: pat57132 folded before Flop (didn't bet)
Seat 9: Dorex2007 collected ($0.35)



PokerStars Hand #237441000977:  Hold'em No Limit ($0.02/$0.05 USD) - 2022/07/18 12:56:10 PT [2022/07/18 15:56:10 ET]
Table 'Jarmila III' 9-max Seat #5 is the button
Seat 1: MrMagicZ ($8.69 in chips) 
Seat 2: piernen ($0.91 in chips) 
Seat 3: semmal999 ($4.08 in chips) 
Seat 4: LGD-GodV ($6.93 in chips) 
Seat 5: vladimir5421 ($7.14 in chips) 
Seat 6: randomgezzer ($4.95 in chips) 
Seat 7: PirateN@81 ($4.56 in chips) 
Seat 8: pat57132 ($6.25 in chips) 
Seat 9: Dorex2007 ($5.25 in chips) 
randomgezzer: posts small blind $0.02
PirateN@81: posts big blind $0.05
*** HOLE CARDS ***
Dealt to Dorex2007 [9d Jc]
pat57132: folds 
Dorex2007: folds 
MrMagicZ: folds 
piernen: calls $0.05
semmal999: folds 
LGD-GodV: folds 
vladimir5421: folds 
randomgezzer: folds 
PirateN@81: raises $0.15 to $0.20
piernen: calls $0.15
*** FLOP *** [Qh 3c 6c]
PirateN@81: checks 
piernen: checks 
*** TURN *** [Qh 3c 6c] [4d]
PirateN@81: checks 
piernen: checks 
*** RIVER *** [Qh 3c 6c 4d] [7c]
PirateN@81: checks 
piernen: bets $0.05
PirateN@81: calls $0.05
*** SHOW DOWN ***
piernen: shows [As 7h] (a pair of Sevens)
PirateN@81: mucks hand 
piernen collected $0.50 from pot
*** SUMMARY ***
Total pot $0.52 | Rake $0.02 
Board [Qh 3c 6c 4d 7c]
Seat 1: MrMagicZ folded before Flop (didn't bet)
Seat 2: piernen showed [As 7h] and won ($0.50) with a pair of Sevens
Seat 3: semmal999 folded before Flop (didn't bet)
Seat 4: LGD-GodV folded before Flop (didn't bet)
Seat 5: vladimir5421 (button) folded before Flop (didn't bet)
Seat 6: randomgezzer (small blind) folded before Flop
Seat 7: PirateN@81 (big blind) mucked [Td Kd]
Seat 8: pat57132 folded before Flop (didn't bet)
Seat 9: Dorex2007 folded before Flop (didn't bet)



PokerStars Hand #237441022298:  Hold'em No Limit ($0.02/$0.05 USD) - 2022/07/18 12:57:25 PT [2022/07/18 15:57:25 ET]
Table 'Jarmila III' 9-max Seat #6 is the button
Seat 1: MrMagicZ ($8.69 in chips) 
Seat 2: piernen ($1.16 in chips) 
Seat 3: semmal999 ($4.08 in chips) 
Seat 4: LGD-GodV ($6.93 in chips) 
Seat 5: vladimir5421 ($7.14 in chips) 
Seat 6: randomgezzer ($4.93 in chips) 
Seat 7: PirateN@81 ($4.31 in chips) 
Seat 8: pat57132 ($6.25 in chips) 
Seat 9: Dorex2007 ($5.25 in chips) 
PirateN@81: posts small blind $0.02
pat57132: posts big blind $0.05
*** HOLE CARDS ***
Dealt to Dorex2007 [Ad Jd]
Dorex2007: raises $0.15 to $0.20
MrMagicZ: folds 
piernen: folds 
semmal999: folds 
LGD-GodV: folds 
vladimir5421: folds 
randomgezzer: folds 
PirateN@81: folds 
pat57132: folds 
Uncalled bet ($0.15) returned to Dorex2007
Dorex2007 collected $0.12 from pot
*** SUMMARY ***
Total pot $0.12 | Rake $0 
Seat 1: MrMagicZ folded before Flop (didn't bet)
Seat 2: piernen folded before Flop (didn't bet)
Seat 3: semmal999 folded before Flop (didn't bet)
Seat 4: LGD-GodV folded before Flop (didn't bet)
Seat 5: vladimir5421 folded before Flop (didn't bet)
Seat 6: randomgezzer (button) folded before Flop (didn't bet)
Seat 7: PirateN@81 (small blind) folded before Flop
Seat 8: pat57132 (big blind) folded before Flop
Seat 9: Dorex2007 collected ($0.12)



PokerStars Hand #237441028468:  Hold'em No Limit ($0.02/$0.05 USD) - 2022/07/18 12:57:46 PT [2022/07/18 15:57:46 ET]
Table 'Jarmila III' 9-max Seat #7 is the button
Seat 1: MrMagicZ ($8.69 in chips) 
Seat 2: piernen ($1.16 in chips) 
Seat 3: semmal999 ($4.08 in chips) 
Seat 4: LGD-GodV ($6.93 in chips) 
Seat 5: vladimir5421 ($7.14 in chips) 
Seat 6: randomgezzer ($4.93 in chips) 
Seat 7: PirateN@81 ($4.29 in chips) 
Seat 8: pat57132 ($6.20 in chips) 
Seat 9: Dorex2007 ($5.32 in chips) 
pat57132: posts small blind $0.02
Dorex2007: posts big blind $0.05
*** HOLE CARDS ***
Dealt to Dorex2007 [5c 2d]
MrMagicZ: folds 
piernen: calls $0.05
semmal999: folds 
LGD-GodV: folds 
vladimir5421: folds 
randomgezzer: folds 
PirateN@81: raises $0.15 to $0.20
pat57132: folds 
Dorex2007: folds 
piernen: folds 
Uncalled bet ($0.15) returned to PirateN@81
PirateN@81 collected $0.17 from pot
*** SUMMARY ***
Total pot $0.17 | Rake $0 
Seat 1: MrMagicZ folded before Flop (didn't bet)
Seat 2: piernen folded before Flop
Seat 3: semmal999 folded before Flop (didn't bet)
Seat 4: LGD-GodV folded before Flop (didn't bet)
Seat 5: vladimir5421 folded before Flop (didn't bet)
Seat 6: randomgezzer folded before Flop (didn't bet)
Seat 7: PirateN@81 (button) collected ($0.17)
Seat 8: pat57132 (small blind) folded before Flop
Seat 9: Dorex2007 (big blind) folded before Flop



PokerStars Hand #237441039475:  Hold'em No Limit ($0.02/$0.05 USD) - 2022/07/18 12:58:25 PT [2022/07/18 15:58:25 ET]
Table 'Jarmila III' 9-max Seat #8 is the button
Seat 1: MrMagicZ ($8.69 in chips) 
Seat 2: piernen ($1.11 in chips) 
Seat 3: semmal999 ($4.08 in chips) 
Seat 4: LGD-GodV ($6.93 in chips) 
Seat 5: vladimir5421 ($7.14 in chips) 
Seat 6: randomgezzer ($4.93 in chips) 
Seat 7: PirateN@81 ($4.41 in chips) 
Seat 8: pat57132 ($6.18 in chips) 
Seat 9: Dorex2007 ($5.27 in chips) 
Dorex2007: posts small blind $0.02
MrMagicZ: posts big blind $0.05
*** HOLE CARDS ***
Dealt to Dorex2007 [9d 3s]
piernen: raises $0.12 to $0.17
semmal999: folds 
LGD-GodV: folds 
vladimir5421: folds 
randomgezzer: calls $0.17
PirateN@81: folds 
pat57132: calls $0.17
Dorex2007: folds 
MrMagicZ: folds 
*** FLOP *** [6c 8s Qs]
piernen: checks 
randomgezzer: bets $0.28
pat57132: folds 
piernen: folds 
Uncalled bet ($0.28) returned to randomgezzer
randomgezzer collected $0.56 from pot
*** SUMMARY ***
Total pot $0.58 | Rake $0.02 
Board [6c 8s Qs]
Seat 1: MrMagicZ (big blind) folded before Flop
Seat 2: piernen folded on the Flop
Seat 3: semmal999 folded before Flop (didn't bet)
Seat 4: LGD-GodV folded before Flop (didn't bet)
Seat 5: vladimir5421 folded before Flop (didn't bet)
Seat 6: randomgezzer collected ($0.56)
Seat 7: PirateN@81 folded before Flop (didn't bet)
Seat 8: pat57132 (button) folded on the Flop
Seat 9: Dorex2007 (small blind) folded before Flop



PokerStars Hand #237441056101:  Hold'em No Limit ($0.02/$0.05 USD) - 2022/07/18 12:59:22 PT [2022/07/18 15:59:22 ET]
Table 'Jarmila III' 9-max Seat #9 is the button
Seat 1: MrMagicZ ($8.64 in chips) 
Seat 2: piernen ($0.94 in chips) 
Seat 3: semmal999 ($4.08 in chips) 
Seat 4: LGD-GodV ($6.93 in chips) 
Seat 5: vladimir5421 ($7.14 in chips) 
Seat 6: randomgezzer ($5.32 in chips) 
Seat 7: PirateN@81 ($4.41 in chips) 
Seat 8: pat57132 ($6.01 in chips) 
Seat 9: Dorex2007 ($5.25 in chips) 
MrMagicZ: posts small blind $0.02
piernen: posts big blind $0.05
*** HOLE CARDS ***
Dealt to Dorex2007 [7h As]
semmal999: folds 
LGD-GodV: folds 
vladimir5421: folds 
randomgezzer: raises $0.05 to $0.10
PirateN@81: folds 
pat57132: folds 
Dorex2007: folds 
MrMagicZ: folds 
piernen: calls $0.05
*** FLOP *** [Td 9h 3d]
piernen: checks 
randomgezzer: bets $0.10
piernen: folds 
Uncalled bet ($0.10) returned to randomgezzer
randomgezzer collected $0.21 from pot
*** SUMMARY ***
Total pot $0.22 | Rake $0.01 
Board [Td 9h 3d]
Seat 1: MrMagicZ (small blind) folded before Flop
Seat 2: piernen (big blind) folded on the Flop
Seat 3: semmal999 folded before Flop (didn't bet)
Seat 4: LGD-GodV folded before Flop (didn't bet)
Seat 5: vladimir5421 folded before Flop (didn't bet)
Seat 6: randomgezzer collected ($0.21)
Seat 7: PirateN@81 folded before Flop (didn't bet)
Seat 8: pat57132 folded before Flop (didn't bet)
Seat 9: Dorex2007 (button) folded before Flop (didn't bet)



PokerStars Hand #237441066646:  Hold'em No Limit ($0.02/$0.05 USD) - 2022/07/18 12:59:59 PT [2022/07/18 15:59:59 ET]
Table 'Jarmila III' 9-max Seat #1 is the button
Seat 1: MrMagicZ ($8.62 in chips) 
Seat 2: piernen ($0.84 in chips) 
Seat 3: semmal999 ($4.08 in chips) 
Seat 4: LGD-GodV ($6.93 in chips) 
Seat 5: vladimir5421 ($7.14 in chips) 
Seat 6: randomgezzer ($5.43 in chips) 
Seat 7: PirateN@81 ($4.41 in chips) 
Seat 8: pat57132 ($6.01 in chips) 
Seat 9: Dorex2007 ($5.25 in chips) 
piernen: posts small blind $0.02
semmal999: posts big blind $0.05
*** HOLE CARDS ***
Dealt to Dorex2007 [Th Ac]
LGD-GodV: folds 
vladimir5421 has timed out
vladimir5421: folds 
randomgezzer: folds 
vladimir5421 leaves the table
PirateN@81: calls $0.05
pat57132: folds 
Dorex2007: calls $0.05
MrMagicZ: folds 
piernen: raises $0.20 to $0.25
semmal999: folds 
Amenhotep777 joins the table at seat #5 
PirateN@81: calls $0.20
Dorex2007: folds 
*** FLOP *** [8h 2s 4h]
piernen: bets $0.59 and is all-in
PirateN@81: folds 
Uncalled bet ($0.59) returned to piernen
piernen collected $0.58 from pot
*** SUMMARY ***
Total pot $0.60 | Rake $0.02 
Board [8h 2s 4h]
Seat 1: MrMagicZ (button) folded before Flop (didn't bet)
Seat 2: piernen (small blind) collected ($0.58)
Seat 3: semmal999 (big blind) folded before Flop
Seat 4: LGD-GodV folded before Flop (didn't bet)
Seat 5: vladimir5421 folded before Flop (didn't bet)
Seat 6: randomgezzer folded before Flop (didn't bet)
Seat 7: PirateN@81 folded on the Flop
Seat 8: pat57132 folded before Flop (didn't bet)
Seat 9: Dorex2007 folded before Flop



PokerStars Hand #237441098909:  Hold'em No Limit ($0.02/$0.05 USD) - 2022/07/18 13:01:35 PT [2022/07/18 16:01:35 ET]
Table 'Jarmila III' 9-max Seat #2 is the button
Seat 1: MrMagicZ ($8.62 in chips) 
Seat 2: piernen ($1.17 in chips) 
Seat 3: semmal999 ($4.03 in chips) 
Seat 5: Amenhotep777 ($5 in chips) 
Seat 6: randomgezzer ($5.43 in chips) 
Seat 7: PirateN@81 ($4.16 in chips) 
Seat 8: pat57132 ($6.01 in chips) 
Seat 9: Dorex2007 ($5.20 in chips) 
semmal999: posts small blind $0.02
Amenhotep777: posts big blind $0.05
*** HOLE CARDS ***
Dealt to Dorex2007 [Jh Kh]
randomgezzer has timed out
randomgezzer: folds 
PirateN@81: raises $0.05 to $0.10
pat57132: calls $0.10
Dorex2007: raises $0.15 to $0.25
MrMagicZ: folds 
piernen: folds 
semmal999: folds 
Amenhotep777: folds 
PirateN@81: calls $0.15
pat57132: calls $0.15
*** FLOP *** [4s 6c 2d]
PirateN@81: checks 
pat57132: bets $0.70
Dorex2007: folds 
PirateN@81: folds 
Uncalled bet ($0.70) returned to pat57132
pat57132 collected $0.78 from pot
*** SUMMARY ***
Total pot $0.82 | Rake $0.04 
Board [4s 6c 2d]
Seat 1: MrMagicZ folded before Flop (didn't bet)
Seat 2: piernen (button) folded before Flop (didn't bet)
Seat 3: semmal999 (small blind) folded before Flop
Seat 5: Amenhotep777 (big blind) folded before Flop
Seat 6: randomgezzer folded before Flop (didn't bet)
Seat 7: PirateN@81 folded on the Flop
Seat 8: pat57132 collected ($0.78)
Seat 9: Dorex2007 folded on the Flop



PokerStars Hand #237441133602:  Hold'em No Limit ($0.02/$0.05 USD) - 2022/07/18 13:02:57 PT [2022/07/18 16:02:57 ET]
Table 'Jarmila III' 9-max Seat #3 is the button
Seat 1: MrMagicZ ($8.62 in chips) 
Seat 2: piernen ($1.17 in chips) 
Seat 3: semmal999 ($4.01 in chips) 
Seat 5: Amenhotep777 ($5 in chips) 
Seat 6: randomgezzer ($5.43 in chips) 
Seat 7: PirateN@81 ($3.91 in chips) 
Seat 8: pat57132 ($6.54 in chips) 
Seat 9: Dorex2007 ($5 in chips) 
Amenhotep777: posts small blind $0.02
randomgezzer: posts big blind $0.05
*** HOLE CARDS ***
Dealt to Dorex2007 [Qh 3s]
PirateN@81: folds 
pat57132: folds 
Dorex2007: folds 
MrMagicZ: folds 
piernen: folds 
semmal999: folds 
Amenhotep777: folds 
Uncalled bet ($0.03) returned to randomgezzer
randomgezzer collected $0.04 from pot
*** SUMMARY ***
Total pot $0.04 | Rake $0 
Seat 1: MrMagicZ folded before Flop (didn't bet)
Seat 2: piernen folded before Flop (didn't bet)
Seat 3: semmal999 (button) folded before Flop (didn't bet)
Seat 5: Amenhotep777 (small blind) folded before Flop
Seat 6: randomgezzer (big blind) collected ($0.04)
Seat 7: PirateN@81 folded before Flop (didn't bet)
Seat 8: pat57132 folded before Flop (didn't bet)
Seat 9: Dorex2007 folded before Flop (didn't bet)



PokerStars Hand #237441141542:  Hold'em No Limit ($0.02/$0.05 USD) - 2022/07/18 13:03:16 PT [2022/07/18 16:03:16 ET]
Table 'Jarmila III' 9-max Seat #5 is the button
Seat 1: MrMagicZ ($8.62 in chips) 
Seat 2: piernen ($1.17 in chips) 
Seat 3: semmal999 ($4.01 in chips) 
Seat 5: Amenhotep777 ($5 in chips) 
Seat 6: randomgezzer ($5.45 in chips) 
Seat 7: PirateN@81 ($3.91 in chips) 
Seat 8: pat57132 ($6.54 in chips) 
Seat 9: Dorex2007 ($5 in chips) 
randomgezzer: posts small blind $0.02
PirateN@81: posts big blind $0.05
*** HOLE CARDS ***
Dealt to Dorex2007 [8c 5h]
pat57132: folds 
Dorex2007: folds 
MrMagicZ: folds 
piernen: folds 
semmal999: raises $0.12 to $0.17
Amenhotep777: folds 
randomgezzer: folds 
PirateN@81: folds 
Uncalled bet ($0.12) returned to semmal999
semmal999 collected $0.12 from pot
*** SUMMARY ***
Total pot $0.12 | Rake $0 
Seat 1: MrMagicZ folded before Flop (didn't bet)
Seat 2: piernen folded before Flop (didn't bet)
Seat 3: semmal999 collected ($0.12)
Seat 5: Amenhotep777 (button) folded before Flop (didn't bet)
Seat 6: randomgezzer (small blind) folded before Flop
Seat 7: PirateN@81 (big blind) folded before Flop
Seat 8: pat57132 folded before Flop (didn't bet)
Seat 9: Dorex2007 folded before Flop (didn't bet)



PokerStars Hand #237441150764:  Hold'em No Limit ($0.02/$0.05 USD) - 2022/07/18 13:03:37 PT [2022/07/18 16:03:37 ET]
Table 'Jarmila III' 9-max Seat #6 is the button
Seat 1: MrMagicZ ($8.62 in chips) 
Seat 2: piernen ($1.17 in chips) 
Seat 3: semmal999 ($4.08 in chips) 
Seat 5: Amenhotep777 ($5 in chips) 
Seat 6: randomgezzer ($5.43 in chips) 
Seat 7: PirateN@81 ($3.86 in chips) 
Seat 8: pat57132 ($6.54 in chips) 
Seat 9: Dorex2007 ($5 in chips) 
PirateN@81: posts small blind $0.02
pat57132: posts big blind $0.05
*** HOLE CARDS ***
Dealt to Dorex2007 [6h Qd]
Dorex2007: folds 
MrMagicZ: folds 
piernen: raises $0.05 to $0.10
semmal999: folds 
Amenhotep777: folds 
randomgezzer: folds 
PirateN@81: calls $0.08
pat57132: calls $0.05
*** FLOP *** [5s 6c 7s]
PirateN@81: checks 
pat57132: checks 
piernen: bets $0.10
PirateN@81: calls $0.10
pat57132: calls $0.10
*** TURN *** [5s 6c 7s] [5h]
PirateN@81: checks 
pat57132: checks 
piernen: checks 
*** RIVER *** [5s 6c 7s 5h] [8c]
PirateN@81: checks 
pat57132: bets $0.55
piernen: folds 
PirateN@81: calls $0.55
*** SHOW DOWN ***
pat57132: shows [Qh 9h] (a straight, Five to Nine)
PirateN@81: shows [9d 2d] (a straight, Five to Nine)
PirateN@81 collected $0.81 from pot
pat57132 collected $0.80 from pot
*** SUMMARY ***
Total pot $1.70 | Rake $0.09 
Board [5s 6c 7s 5h 8c]
Seat 1: MrMagicZ folded before Flop (didn't bet)
Seat 2: piernen folded on the River
Seat 3: semmal999 folded before Flop (didn't bet)
Seat 5: Amenhotep777 folded before Flop (didn't bet)
Seat 6: randomgezzer (button) folded before Flop (didn't bet)
Seat 7: PirateN@81 (small blind) showed [9d 2d] and won ($0.81) with a straight, Five to Nine
Seat 8: pat57132 (big blind) showed [Qh 9h] and won ($0.80) with a straight, Five to Nine
Seat 9: Dorex2007 folded before Flop (didn't bet)



PokerStars Hand #237441177742:  Hold'em No Limit ($0.02/$0.05 USD) - 2022/07/18 13:04:40 PT [2022/07/18 16:04:40 ET]
Table 'Jarmila III' 9-max Seat #7 is the button
Seat 1: MrMagicZ ($8.62 in chips) 
Seat 2: piernen ($0.97 in chips) 
Seat 3: semmal999 ($4.08 in chips) 
Seat 5: Amenhotep777 ($5 in chips) 
Seat 6: randomgezzer ($5.43 in chips) 
Seat 7: PirateN@81 ($3.92 in chips) 
Seat 8: pat57132 ($6.59 in chips) 
Seat 9: Dorex2007 ($5 in chips) 
pat57132: posts small blind $0.02
Dorex2007: posts big blind $0.05
*** HOLE CARDS ***
Dealt to Dorex2007 [3d Kc]
MrMagicZ: folds 
piernen: folds 
semmal999: raises $0.20 to $0.25
Amenhotep777: folds 
randomgezzer: folds 
PirateN@81: folds 
pat57132: folds 
Dorex2007: folds 
Uncalled bet ($0.20) returned to semmal999
semmal999 collected $0.12 from pot
*** SUMMARY ***
Total pot $0.12 | Rake $0 
Seat 1: MrMagicZ folded before Flop (didn't bet)
Seat 2: piernen folded before Flop (didn't bet)
Seat 3: semmal999 collected ($0.12)
Seat 5: Amenhotep777 folded before Flop (didn't bet)
Seat 6: randomgezzer folded before Flop (didn't bet)
Seat 7: PirateN@81 (button) folded before Flop (didn't bet)
Seat 8: pat57132 (small blind) folded before Flop
Seat 9: Dorex2007 (big blind) folded before Flop



PokerStars Hand #237441185712:  Hold'em No Limit ($0.02/$0.05 USD) - 2022/07/18 13:04:58 PT [2022/07/18 16:04:58 ET]
Table 'Jarmila III' 9-max Seat #8 is the button
Seat 1: MrMagicZ ($8.62 in chips) 
Seat 2: piernen ($0.97 in chips) 
Seat 3: semmal999 ($4.15 in chips) 
Seat 5: Amenhotep777 ($5 in chips) 
Seat 6: randomgezzer ($5.43 in chips) 
Seat 7: PirateN@81 ($3.92 in chips) 
Seat 8: pat57132 ($6.57 in chips) 
Seat 9: Dorex2007 ($5 in chips) 
Dorex2007: posts small blind $0.02
MrMagicZ: posts big blind $0.05
*** HOLE CARDS ***
Dealt to Dorex2007 [2h 6d]
piernen: calls $0.05
semmal999: folds 
Amenhotep777: folds 
randomgezzer: folds 
PirateN@81: folds 
pat57132: folds 
Dorex2007: folds 
MrMagicZ: checks 
*** FLOP *** [3s 8s Th]
MrMagicZ: checks 
piernen: bets $0.05
MrMagicZ: folds 
Uncalled bet ($0.05) returned to piernen
piernen collected $0.12 from pot
*** SUMMARY ***
Total pot $0.12 | Rake $0 
Board [3s 8s Th]
Seat 1: MrMagicZ (big blind) folded on the Flop
Seat 2: piernen collected ($0.12)
Seat 3: semmal999 folded before Flop (didn't bet)
Seat 5: Amenhotep777 folded before Flop (didn't bet)
Seat 6: randomgezzer folded before Flop (didn't bet)
Seat 7: PirateN@81 folded before Flop (didn't bet)
Seat 8: pat57132 (button) folded before Flop (didn't bet)
Seat 9: Dorex2007 (small blind) folded before Flop



PokerStars Hand #237441197312:  Hold'em No Limit ($0.02/$0.05 USD) - 2022/07/18 13:05:25 PT [2022/07/18 16:05:25 ET]
Table 'Jarmila III' 9-max Seat #9 is the button
Seat 1: MrMagicZ ($8.57 in chips) 
Seat 2: piernen ($1.04 in chips) 
Seat 3: semmal999 ($4.15 in chips) 
Seat 5: Amenhotep777 ($5 in chips) 
Seat 6: randomgezzer ($5.43 in chips) 
Seat 7: PirateN@81 ($3.92 in chips) 
Seat 8: pat57132 ($6.57 in chips) 
Seat 9: Dorex2007 ($5 in chips) 
MrMagicZ: posts small blind $0.02
piernen: posts big blind $0.05
*** HOLE CARDS ***
Dealt to Dorex2007 [4s Ad]
semmal999: calls $0.05
Amenhotep777: folds 
randomgezzer: folds 
PirateN@81 has timed out
PirateN@81: folds 
pat57132: folds 
Dorex2007: folds 
MrMagicZ: folds 
piernen: checks 
*** FLOP *** [2h 6d 9c]
piernen: checks 
semmal999: bets $0.08
piernen: calls $0.08
*** TURN *** [2h 6d 9c] [6s]
piernen: checks 
semmal999: checks 
*** RIVER *** [2h 6d 9c 6s] [8d]
piernen: bets $0.27
semmal999: folds 
Uncalled bet ($0.27) returned to piernen
piernen collected $0.27 from pot
*** SUMMARY ***
Total pot $0.28 | Rake $0.01 
Board [2h 6d 9c 6s 8d]
Seat 1: MrMagicZ (small blind) folded before Flop
Seat 2: piernen (big blind) collected ($0.27)
Seat 3: semmal999 folded on the River
Seat 5: Amenhotep777 folded before Flop (didn't bet)
Seat 6: randomgezzer folded before Flop (didn't bet)
Seat 7: PirateN@81 folded before Flop (didn't bet)
Seat 8: pat57132 folded before Flop (didn't bet)
Seat 9: Dorex2007 (button) folded before Flop (didn't bet)



PokerStars Hand #237441225456:  Hold'em No Limit ($0.02/$0.05 USD) - 2022/07/18 13:06:30 PT [2022/07/18 16:06:30 ET]
Table 'Jarmila III' 9-max Seat #1 is the button
Seat 1: MrMagicZ ($8.55 in chips) 
Seat 2: piernen ($1.18 in chips) 
Seat 3: semmal999 ($4.02 in chips) 
Seat 5: Amenhotep777 ($5 in chips) 
Seat 6: randomgezzer ($5.43 in chips) 
Seat 8: pat57132 ($6.57 in chips) 
Seat 9: Dorex2007 ($5 in chips) 
piernen: posts small blind $0.02
semmal999: posts big blind $0.05
*** HOLE CARDS ***
Dealt to Dorex2007 [8s Ts]
Amenhotep777: folds 
randomgezzer: folds 
pat57132: folds 
Dorex2007: folds 
MrMagicZ: folds 
piernen: raises $0.05 to $0.10
semmal999: calls $0.05
*** FLOP *** [Jc 9d Ks]
piernen: checks 
semmal999: checks 
*** TURN *** [Jc 9d Ks] [Qs]
piernen: bets $0.10
semmal999: folds 
Uncalled bet ($0.10) returned to piernen
piernen collected $0.19 from pot
*** SUMMARY ***
Total pot $0.20 | Rake $0.01 
Board [Jc 9d Ks Qs]
Seat 1: MrMagicZ (button) folded before Flop (didn't bet)
Seat 2: piernen (small blind) collected ($0.19)
Seat 3: semmal999 (big blind) folded on the Turn
Seat 5: Amenhotep777 folded before Flop (didn't bet)
Seat 6: randomgezzer folded before Flop (didn't bet)
Seat 8: pat57132 folded before Flop (didn't bet)
Seat 9: Dorex2007 folded before Flop (didn't bet)



PokerStars Hand #237441244104:  Hold'em No Limit ($0.02/$0.05 USD) - 2022/07/18 13:07:13 PT [2022/07/18 16:07:13 ET]
Table 'Jarmila III' 9-max Seat #2 is the button
Seat 1: MrMagicZ ($8.55 in chips) 
Seat 2: piernen ($1.27 in chips) 
Seat 3: semmal999 ($3.92 in chips) 
Seat 5: Amenhotep777 ($5 in chips) 
Seat 6: randomgezzer ($5.43 in chips) 
Seat 8: pat57132 ($6.57 in chips) 
Seat 9: Dorex2007 ($5 in chips) 
semmal999: posts small blind $0.02
Amenhotep777: posts big blind $0.05
*** HOLE CARDS ***
Dealt to Dorex2007 [7d 5h]
randomgezzer: folds 
pat57132: folds 
Dorex2007: folds 
MrMagicZ: folds 
piernen: raises $0.05 to $0.10
semmal999: folds 
Amenhotep777: folds 
Uncalled bet ($0.05) returned to piernen
piernen collected $0.12 from pot
*** SUMMARY ***
Total pot $0.12 | Rake $0 
Seat 1: MrMagicZ folded before Flop (didn't bet)
Seat 2: piernen (button) collected ($0.12)
Seat 3: semmal999 (small blind) folded before Flop
Seat 5: Amenhotep777 (big blind) folded before Flop
Seat 6: randomgezzer folded before Flop (didn't bet)
Seat 8: pat57132 folded before Flop (didn't bet)
Seat 9: Dorex2007 folded before Flop (didn't bet)



PokerStars Hand #237441252029:  Hold'em No Limit ($0.02/$0.05 USD) - 2022/07/18 13:07:31 PT [2022/07/18 16:07:31 ET]
Table 'Jarmila III' 9-max Seat #3 is the button
Seat 1: MrMagicZ ($8.55 in chips) 
Seat 2: piernen ($1.34 in chips) 
Seat 3: semmal999 ($3.90 in chips) 
Seat 5: Amenhotep777 ($5 in chips) 
Seat 6: randomgezzer ($5.43 in chips) 
Seat 8: pat57132 ($6.57 in chips) 
Seat 9: Dorex2007 ($5 in chips) 
Amenhotep777: posts small blind $0.02
randomgezzer: posts big blind $0.05
*** HOLE CARDS ***
Dealt to Dorex2007 [3h Jh]
pat57132: folds 
Dorex2007: folds 
MrMagicZ: folds 
piernen: folds 
semmal999: raises $0.12 to $0.17
Amenhotep777: folds 
randomgezzer: folds 
Uncalled bet ($0.12) returned to semmal999
semmal999 collected $0.12 from pot
*** SUMMARY ***
Total pot $0.12 | Rake $0 
Seat 1: MrMagicZ folded before Flop (didn't bet)
Seat 2: piernen folded before Flop (didn't bet)
Seat 3: semmal999 (button) collected ($0.12)
Seat 5: Amenhotep777 (small blind) folded before Flop
Seat 6: randomgezzer (big blind) folded before Flop
Seat 8: pat57132 folded before Flop (didn't bet)
Seat 9: Dorex2007 folded before Flop (didn't bet)



PokerStars Hand #237441259671:  Hold'em No Limit ($0.02/$0.05 USD) - 2022/07/18 13:07:49 PT [2022/07/18 16:07:49 ET]
Table 'Jarmila III' 9-max Seat #5 is the button
Seat 1: MrMagicZ ($8.55 in chips) 
Seat 2: piernen ($1.34 in chips) 
Seat 3: semmal999 ($3.97 in chips) 
Seat 5: Amenhotep777 ($5 in chips) 
Seat 6: randomgezzer ($5.38 in chips) 
Seat 7: PirateN@81 ($3.92 in chips) 
Seat 8: pat57132 ($6.57 in chips) 
Seat 9: Dorex2007 ($5 in chips) 
randomgezzer: posts small blind $0.02
PirateN@81: posts big blind $0.05
*** HOLE CARDS ***
Dealt to Dorex2007 [3h Kh]
pat57132: folds 
Dorex2007: folds 
MrMagicZ: folds 
piernen: folds 
semmal999: raises $0.05 to $0.10
Amenhotep777: folds 
randomgezzer: calls $0.08
PirateN@81: calls $0.05
*** FLOP *** [Qd 8d 4s]
randomgezzer: checks 
PirateN@81: checks 
semmal999: checks 
*** TURN *** [Qd 8d 4s] [4h]
randomgezzer: checks 
PirateN@81: bets $0.10
semmal999: folds 
randomgezzer: folds 
Uncalled bet ($0.10) returned to PirateN@81
PirateN@81 collected $0.29 from pot
*** SUMMARY ***
Total pot $0.30 | Rake $0.01 
Board [Qd 8d 4s 4h]
Seat 1: MrMagicZ folded before Flop (didn't bet)
Seat 2: piernen folded before Flop (didn't bet)
Seat 3: semmal999 folded on the Turn
Seat 5: Amenhotep777 (button) folded before Flop (didn't bet)
Seat 6: randomgezzer (small blind) folded on the Turn
Seat 7: PirateN@81 (big blind) collected ($0.29)
Seat 8: pat57132 folded before Flop (didn't bet)
Seat 9: Dorex2007 folded before Flop (didn't bet)



PokerStars Hand #237441281000:  Hold'em No Limit ($0.02/$0.05 USD) - 2022/07/18 13:08:31 PT [2022/07/18 16:08:31 ET]
Table 'Jarmila III' 9-max Seat #6 is the button
Seat 1: MrMagicZ ($8.55 in chips) 
Seat 2: piernen ($1.34 in chips) 
Seat 3: semmal999 ($3.87 in chips) 
Seat 5: Amenhotep777 ($5 in chips) 
Seat 6: randomgezzer ($5.28 in chips) 
Seat 7: PirateN@81 ($4.11 in chips) 
Seat 8: pat57132 ($6.57 in chips) 
Seat 9: Dorex2007 ($5 in chips) 
PirateN@81: posts small blind $0.02
pat57132: posts big blind $0.05
*** HOLE CARDS ***
Dealt to Dorex2007 [2s 5d]
Dorex2007: folds 
MrMagicZ: folds 
piernen: raises $0.05 to $0.10
semmal999: folds 
semmal999 leaves the table
Amenhotep777: folds 
randomgezzer: folds 
PirateN@81: calls $0.08
pat57132: folds 
*** FLOP *** [As 3h 8h]
PirateN@81: checks 
piernen: bets $0.10
PirateN@81: calls $0.10
*** TURN *** [As 3h 8h] [5c]
PirateN@81: checks 
piernen: bets $0.20
PirateN@81: folds 
Uncalled bet ($0.20) returned to piernen
piernen collected $0.43 from pot
*** SUMMARY ***
Total pot $0.45 | Rake $0.02 
Board [As 3h 8h 5c]
Seat 1: MrMagicZ folded before Flop (didn't bet)
Seat 2: piernen collected ($0.43)
Seat 3: semmal999 folded before Flop (didn't bet)
Seat 5: Amenhotep777 folded before Flop (didn't bet)
Seat 6: randomgezzer (button) folded before Flop (didn't bet)
Seat 7: PirateN@81 (small blind) folded on the Turn
Seat 8: pat57132 (big blind) folded before Flop
Seat 9: Dorex2007 folded before Flop (didn't bet)



PokerStars Hand #237441296429:  Hold'em No Limit ($0.02/$0.05 USD) - 2022/07/18 13:09:07 PT [2022/07/18 16:09:07 ET]
Table 'Jarmila III' 9-max Seat #7 is the button
Seat 1: MrMagicZ ($8.55 in chips) 
Seat 2: piernen ($1.57 in chips) 
Seat 5: Amenhotep777 ($5 in chips) 
Seat 6: randomgezzer ($5.28 in chips) 
Seat 7: PirateN@81 ($3.91 in chips) 
Seat 8: pat57132 ($6.52 in chips) 
Seat 9: Dorex2007 ($5 in chips) 
pat57132: posts small blind $0.02
Dorex2007: posts big blind $0.05
*** HOLE CARDS ***
Dealt to Dorex2007 [8c 9h]
Vo7kan89 joins the table at seat #3 
MrMagicZ: folds 
piernen: calls $0.05
Amenhotep777: folds 
randomgezzer: folds 
PirateN@81: folds 
pat57132: calls $0.03
Dorex2007: checks 
*** FLOP *** [Ah 5h Ks]
pat57132: checks 
Dorex2007: checks 
piernen: checks 
*** TURN *** [Ah 5h Ks] [Js]
pat57132: checks 
Dorex2007: checks 
piernen: bets $0.09
pat57132: calls $0.09
Dorex2007: folds 
*** RIVER *** [Ah 5h Ks Js] [Ad]
pat57132: checks 
piernen: bets $0.21
pat57132: folds 
Uncalled bet ($0.21) returned to piernen
piernen collected $0.32 from pot
*** SUMMARY ***
Total pot $0.33 | Rake $0.01 
Board [Ah 5h Ks Js Ad]
Seat 1: MrMagicZ folded before Flop (didn't bet)
Seat 2: piernen collected ($0.32)
Seat 5: Amenhotep777 folded before Flop (didn't bet)
Seat 6: randomgezzer folded before Flop (didn't bet)
Seat 7: PirateN@81 (button) folded before Flop (didn't bet)
Seat 8: pat57132 (small blind) folded on the River
Seat 9: Dorex2007 (big blind) folded on the Turn



PokerStars Hand #237441315970:  Hold'em No Limit ($0.02/$0.05 USD) - 2022/07/18 13:09:52 PT [2022/07/18 16:09:52 ET]
Table 'Jarmila III' 9-max Seat #8 is the button
Seat 1: MrMagicZ ($8.55 in chips) 
Seat 2: piernen ($1.75 in chips) 
Seat 5: Amenhotep777 ($5 in chips) 
Seat 6: randomgezzer ($5.28 in chips) 
Seat 7: PirateN@81 ($3.91 in chips) 
Seat 8: pat57132 ($6.38 in chips) 
Seat 9: Dorex2007 ($5 in chips) 
Dorex2007: posts small blind $0.02
MrMagicZ: posts big blind $0.05
Vo7kan89: sits out 
*** HOLE CARDS ***
Dealt to Dorex2007 [7d 8c]
piernen: raises $0.05 to $0.10
Amenhotep777: folds 
randomgezzer: folds 
PirateN@81: folds 
pat57132: folds 
Dorex2007: folds 
MrMagicZ: folds 
Uncalled bet ($0.05) returned to piernen
piernen collected $0.12 from pot
*** SUMMARY ***
Total pot $0.12 | Rake $0 
Seat 1: MrMagicZ (big blind) folded before Flop
Seat 2: piernen collected ($0.12)
Seat 5: Amenhotep777 folded before Flop (didn't bet)
Seat 6: randomgezzer folded before Flop (didn't bet)
Seat 7: PirateN@81 folded before Flop (didn't bet)
Seat 8: pat57132 (button) folded before Flop (didn't bet)
Seat 9: Dorex2007 (small blind) folded before Flop



PokerStars Hand #237441321275:  Hold'em No Limit ($0.02/$0.05 USD) - 2022/07/18 13:10:04 PT [2022/07/18 16:10:04 ET]
Table 'Jarmila III' 9-max Seat #9 is the button
Seat 1: MrMagicZ ($8.50 in chips) 
Seat 2: piernen ($1.82 in chips) 
Seat 5: Amenhotep777 ($5 in chips) 
Seat 6: randomgezzer ($5.28 in chips) 
Seat 7: PirateN@81 ($3.91 in chips) 
Seat 8: pat57132 ($6.38 in chips) 
Seat 9: Dorex2007 ($5 in chips) 
MrMagicZ: posts small blind $0.02
piernen: posts big blind $0.05
Vo7kan89: sits out 
*** HOLE CARDS ***
Dealt to Dorex2007 [6d Ah]
Amenhotep777: raises $0.10 to $0.15
randomgezzer: folds 
PirateN@81: folds 
pat57132: folds 
Dorex2007: folds 
MrMagicZ: folds 
piernen: calls $0.10
*** FLOP *** [4s 8c Ac]
piernen: checks 
Amenhotep777: checks 
*** TURN *** [4s 8c Ac] [2c]
piernen: checks 
Amenhotep777: checks 
*** RIVER *** [4s 8c Ac 2c] [Qc]
piernen: bets $0.21
Amenhotep777: folds 
Uncalled bet ($0.21) returned to piernen
piernen collected $0.31 from pot
*** SUMMARY ***
Total pot $0.32 | Rake $0.01 
Board [4s 8c Ac 2c Qc]
Seat 1: MrMagicZ (small blind) folded before Flop
Seat 2: piernen (big blind) collected ($0.31)
Seat 5: Amenhotep777 folded on the River
Seat 6: randomgezzer folded before Flop (didn't bet)
Seat 7: PirateN@81 folded before Flop (didn't bet)
Seat 8: pat57132 folded before Flop (didn't bet)
Seat 9: Dorex2007 (button) folded before Flop (didn't bet)



PokerStars Hand #237441344356:  Hold'em No Limit ($0.02/$0.05 USD) - 2022/07/18 13:10:58 PT [2022/07/18 16:10:58 ET]
Table 'Jarmila III' 9-max Seat #1 is the button
Seat 1: MrMagicZ ($8.48 in chips) 
Seat 2: piernen ($1.98 in chips) 
Seat 3: Vo7kan89 ($5 in chips) 
Seat 5: Amenhotep777 ($5 in chips) 
Seat 6: randomgezzer ($5.28 in chips) 
Seat 7: PirateN@81 ($3.91 in chips) 
Seat 8: pat57132 ($6.38 in chips) 
Seat 9: Dorex2007 ($5 in chips) 
piernen: posts small blind $0.02
Vo7kan89: posts big blind $0.05
*** HOLE CARDS ***
Dealt to Dorex2007 [Ac 3h]
Amenhotep777: raises $0.10 to $0.15
randomgezzer: folds 
PirateN@81: folds 
pat57132: folds 
Dorex2007: folds 
MrMagicZ: folds 
piernen: folds 
Vo7kan89: folds 
Uncalled bet ($0.10) returned to Amenhotep777
Amenhotep777 collected $0.12 from pot
*** SUMMARY ***
Total pot $0.12 | Rake $0 
Seat 1: MrMagicZ (button) folded before Flop (didn't bet)
Seat 2: piernen (small blind) folded before Flop
Seat 3: Vo7kan89 (big blind) folded before Flop
Seat 5: Amenhotep777 collected ($0.12)
Seat 6: randomgezzer folded before Flop (didn't bet)
Seat 7: PirateN@81 folded before Flop (didn't bet)
Seat 8: pat57132 folded before Flop (didn't bet)
Seat 9: Dorex2007 folded before Flop (didn't bet)



PokerStars Hand #237441358595:  Hold'em No Limit ($0.02/$0.05 USD) - 2022/07/18 13:11:31 PT [2022/07/18 16:11:31 ET]
Table 'Jarmila III' 9-max Seat #2 is the button
Seat 1: MrMagicZ ($8.48 in chips) 
Seat 2: piernen ($1.96 in chips) 
Seat 3: Vo7kan89 ($4.95 in chips) 
Seat 5: Amenhotep777 ($5.07 in chips) 
Seat 6: randomgezzer ($5.28 in chips) 
Seat 7: PirateN@81 ($3.91 in chips) 
Seat 8: pat57132 ($6.38 in chips) 
Seat 9: Dorex2007 ($5 in chips) 
Vo7kan89: posts small blind $0.02
Amenhotep777: posts big blind $0.05
*** HOLE CARDS ***
Dealt to Dorex2007 [8c Tc]
randomgezzer: folds 
PirateN@81: calls $0.05
pat57132: folds 
Dorex2007: folds 
MrMagicZ: calls $0.05
piernen: calls $0.05
Vo7kan89: calls $0.03
Amenhotep777: checks 
*** FLOP *** [6d Ad 5h]
Vo7kan89: bets $0.05
Amenhotep777: calls $0.05
PirateN@81: folds 
MrMagicZ: folds 
piernen: calls $0.05
*** TURN *** [6d Ad 5h] [2d]
Vo7kan89: bets $0.10
Amenhotep777: calls $0.10
piernen: calls $0.10
*** RIVER *** [6d Ad 5h 2d] [5c]
Vo7kan89: bets $0.33
Amenhotep777: calls $0.33
piernen: folds 
*** SHOW DOWN ***
Vo7kan89: shows [Ah Kh] (two pair, Aces and Fives)
Amenhotep777: shows [Td 3d] (a flush, Ace high)
Amenhotep777 collected $1.30 from pot
*** SUMMARY ***
Total pot $1.36 | Rake $0.06 
Board [6d Ad 5h 2d 5c]
Seat 1: MrMagicZ folded on the Flop
Seat 2: piernen (button) folded on the River
Seat 3: Vo7kan89 (small blind) showed [Ah Kh] and lost with two pair, Aces and Fives
Seat 5: Amenhotep777 (big blind) showed [Td 3d] and won ($1.30) with a flush, Ace high
Seat 6: randomgezzer folded before Flop (didn't bet)
Seat 7: PirateN@81 folded on the Flop
Seat 8: pat57132 folded before Flop (didn't bet)
Seat 9: Dorex2007 folded before Flop (didn't bet)



PokerStars Hand #237441389342:  Hold'em No Limit ($0.02/$0.05 USD) - 2022/07/18 13:12:43 PT [2022/07/18 16:12:43 ET]
Table 'Jarmila III' 9-max Seat #3 is the button
Seat 1: MrMagicZ ($8.43 in chips) 
Seat 2: piernen ($1.76 in chips) 
Seat 3: Vo7kan89 ($4.42 in chips) 
Seat 5: Amenhotep777 ($5.84 in chips) 
Seat 6: randomgezzer ($5.28 in chips) 
Seat 7: PirateN@81 ($3.86 in chips) 
Seat 8: pat57132 ($6.38 in chips) 
Seat 9: Dorex2007 ($5 in chips) 
Amenhotep777: posts small blind $0.02
randomgezzer: posts big blind $0.05
*** HOLE CARDS ***
Dealt to Dorex2007 [4c Qh]
PirateN@81: folds 
pat57132: folds 
Dorex2007: folds 
MrMagicZ: folds 
piernen: calls $0.05
Vo7kan89: folds 
Amenhotep777: folds 
randomgezzer: checks 
*** FLOP *** [Qd 6s Qc]
randomgezzer: checks 
piernen: checks 
*** TURN *** [Qd 6s Qc] [Ks]
randomgezzer: checks 
piernen: checks 
*** RIVER *** [Qd 6s Qc Ks] [7s]
randomgezzer: checks 
piernen: checks 
*** SHOW DOWN ***
randomgezzer: shows [3h 9s] (a pair of Queens)
piernen: shows [Js Td] (a pair of Queens - King+Jack kicker)
piernen collected $0.12 from pot
*** SUMMARY ***
Total pot $0.12 | Rake $0 
Board [Qd 6s Qc Ks 7s]
Seat 1: MrMagicZ folded before Flop (didn't bet)
Seat 2: piernen showed [Js Td] and won ($0.12) with a pair of Queens
Seat 3: Vo7kan89 (button) folded before Flop (didn't bet)
Seat 5: Amenhotep777 (small blind) folded before Flop
Seat 6: randomgezzer (big blind) showed [3h 9s] and lost with a pair of Queens
Seat 7: PirateN@81 folded before Flop (didn't bet)
Seat 8: pat57132 folded before Flop (didn't bet)
Seat 9: Dorex2007 folded before Flop (didn't bet)



PokerStars Hand #237441411883:  Hold'em No Limit ($0.02/$0.05 USD) - 2022/07/18 13:13:35 PT [2022/07/18 16:13:35 ET]
Table 'Jarmila III' 9-max Seat #5 is the button
Seat 1: MrMagicZ ($8.43 in chips) 
Seat 2: piernen ($1.83 in chips) 
Seat 3: Vo7kan89 ($4.42 in chips) 
Seat 5: Amenhotep777 ($5.82 in chips) 
Seat 6: randomgezzer ($5.23 in chips) 
Seat 7: PirateN@81 ($3.86 in chips) 
Seat 8: pat57132 ($6.38 in chips) 
Seat 9: Dorex2007 ($5 in chips) 
randomgezzer: posts small blind $0.02
PirateN@81: posts big blind $0.05
*** HOLE CARDS ***
Dealt to Dorex2007 [4c 7h]
pat57132: folds 
Dorex2007: folds 
MrMagicZ: folds 
piernen: folds 
Vo7kan89: folds 
Amenhotep777: folds 
randomgezzer: raises $0.05 to $0.10
PirateN@81: calls $0.05
*** FLOP *** [Kh 5d 5h]
randomgezzer: bets $0.15
PirateN@81: calls $0.15
*** TURN *** [Kh 5d 5h] [9c]
randomgezzer: checks 
PirateN@81: bets $0.20
randomgezzer: folds 
Uncalled bet ($0.20) returned to PirateN@81
PirateN@81 collected $0.48 from pot
*** SUMMARY ***
Total pot $0.50 | Rake $0.02 
Board [Kh 5d 5h 9c]
Seat 1: MrMagicZ folded before Flop (didn't bet)
Seat 2: piernen folded before Flop (didn't bet)
Seat 3: Vo7kan89 folded before Flop (didn't bet)
Seat 5: Amenhotep777 (button) folded before Flop (didn't bet)
Seat 6: randomgezzer (small blind) folded on the Turn
Seat 7: PirateN@81 (big blind) collected ($0.48)
Seat 8: pat57132 folded before Flop (didn't bet)
Seat 9: Dorex2007 folded before Flop (didn't bet)



PokerStars Hand #237441436088:  Hold'em No Limit ($0.02/$0.05 USD) - 2022/07/18 13:14:32 PT [2022/07/18 16:14:32 ET]
Table 'Jarmila III' 9-max Seat #6 is the button
Seat 1: MrMagicZ ($8.43 in chips) 
Seat 2: piernen ($1.83 in chips) 
Seat 3: Vo7kan89 ($4.42 in chips) 
Seat 5: Amenhotep777 ($5.82 in chips) 
Seat 6: randomgezzer ($4.98 in chips) 
Seat 7: PirateN@81 ($4.09 in chips) 
Seat 8: pat57132 ($6.38 in chips) 
Seat 9: Dorex2007 ($5 in chips) 
PirateN@81: posts small blind $0.02
pat57132: posts big blind $0.05
*** HOLE CARDS ***
Dealt to Dorex2007 [7s 6c]
Dorex2007: folds 
MrMagicZ: folds 
piernen: calls $0.05
Vo7kan89: folds 
Amenhotep777: folds 
randomgezzer: folds 
PirateN@81: raises $0.15 to $0.20
pat57132: folds 
piernen: folds 
Uncalled bet ($0.15) returned to PirateN@81
PirateN@81 collected $0.15 from pot
*** SUMMARY ***
Total pot $0.15 | Rake $0 
Seat 1: MrMagicZ folded before Flop (didn't bet)
Seat 2: piernen folded before Flop
Seat 3: Vo7kan89 folded before Flop (didn't bet)
Seat 5: Amenhotep777 folded before Flop (didn't bet)
Seat 6: randomgezzer (button) folded before Flop (didn't bet)
Seat 7: PirateN@81 (small blind) collected ($0.15)
Seat 8: pat57132 (big blind) folded before Flop
Seat 9: Dorex2007 folded before Flop (didn't bet)



PokerStars Hand #237441449429:  Hold'em No Limit ($0.02/$0.05 USD) - 2022/07/18 13:15:03 PT [2022/07/18 16:15:03 ET]
Table 'Jarmila III' 9-max Seat #7 is the button
Seat 1: MrMagicZ ($8.43 in chips) 
Seat 2: piernen ($1.78 in chips) 
Seat 3: Vo7kan89 ($4.42 in chips) 
Seat 5: Amenhotep777 ($5.82 in chips) 
Seat 6: randomgezzer ($4.98 in chips) 
Seat 7: PirateN@81 ($4.19 in chips) 
Seat 8: pat57132 ($6.33 in chips) 
Seat 9: Dorex2007 ($5 in chips) 
pat57132: posts small blind $0.02
Dorex2007: posts big blind $0.05
*** HOLE CARDS ***
Dealt to Dorex2007 [9h 8c]
MrMagicZ: folds 
piernen: calls $0.05
Vo7kan89: folds 
Amenhotep777: folds 
randomgezzer: folds 
PirateN@81: calls $0.05
pat57132: calls $0.03
Dorex2007: checks 
*** FLOP *** [Kh Jc Th]
pat57132: checks 
Dorex2007: checks 
piernen: checks 
PirateN@81: checks 
*** TURN *** [Kh Jc Th] [9d]
pat57132: checks 
Dorex2007: checks 
piernen: checks 
PirateN@81: checks 
*** RIVER *** [Kh Jc Th 9d] [6s]
pat57132: checks 
Dorex2007: checks 
piernen: checks 
PirateN@81: bets $0.10
pat57132: folds 
Dorex2007: folds 
piernen: folds 
Uncalled bet ($0.10) returned to PirateN@81
PirateN@81 collected $0.19 from pot
*** SUMMARY ***
Total pot $0.20 | Rake $0.01 
Board [Kh Jc Th 9d 6s]
Seat 1: MrMagicZ folded before Flop (didn't bet)
Seat 2: piernen folded on the River
Seat 3: Vo7kan89 folded before Flop (didn't bet)
Seat 5: Amenhotep777 folded before Flop (didn't bet)
Seat 6: randomgezzer folded before Flop (didn't bet)
Seat 7: PirateN@81 (button) collected ($0.19)
Seat 8: pat57132 (small blind) folded on the River
Seat 9: Dorex2007 (big blind) folded on the River



PokerStars Hand #237441481381:  Hold'em No Limit ($0.02/$0.05 USD) - 2022/07/18 13:16:13 PT [2022/07/18 16:16:13 ET]
Table 'Jarmila III' 9-max Seat #8 is the button
Seat 1: MrMagicZ ($8.43 in chips) 
Seat 2: piernen ($1.73 in chips) 
Seat 3: Vo7kan89 ($4.42 in chips) 
Seat 5: Amenhotep777 ($5.82 in chips) 
Seat 6: randomgezzer ($4.98 in chips) 
Seat 7: PirateN@81 ($4.33 in chips) 
Seat 8: pat57132 ($6.28 in chips) 
Seat 9: Dorex2007 ($5 in chips) 
Dorex2007: posts small blind $0.02
MrMagicZ: posts big blind $0.05
*** HOLE CARDS ***
Dealt to Dorex2007 [8s 4s]
piernen: calls $0.05
Vo7kan89: calls $0.05
Amenhotep777: raises $0.10 to $0.15
randomgezzer: folds 
PirateN@81: folds 
pat57132: folds 
Dorex2007: folds 
MrMagicZ: calls $0.10
piernen: calls $0.10
Vo7kan89: calls $0.10
*** FLOP *** [6h Qh 9h]
MrMagicZ: checks 
piernen: checks 
Vo7kan89: checks 
Amenhotep777: checks 
*** TURN *** [6h Qh 9h] [4d]
MrMagicZ: checks 
piernen: checks 
Vo7kan89: checks 
Amenhotep777: checks 
*** RIVER *** [6h Qh 9h 4d] [Ad]
MrMagicZ: checks 
piernen: checks 
Vo7kan89: bets $0.05
Amenhotep777: folds 
MrMagicZ: folds 
piernen: calls $0.05
*** SHOW DOWN ***
Vo7kan89: shows [Jh Ac] (a pair of Aces)
piernen: mucks hand 
Vo7kan89 collected $0.68 from pot
*** SUMMARY ***
Total pot $0.72 | Rake $0.04 
Board [6h Qh 9h 4d Ad]
Seat 1: MrMagicZ (big blind) folded on the River
Seat 2: piernen mucked [2d Ah]
Seat 3: Vo7kan89 showed [Jh Ac] and won ($0.68) with a pair of Aces
Seat 5: Amenhotep777 folded on the River
Seat 6: randomgezzer folded before Flop (didn't bet)
Seat 7: PirateN@81 folded before Flop (didn't bet)
Seat 8: pat57132 (button) folded before Flop (didn't bet)
Seat 9: Dorex2007 (small blind) folded before Flop



PokerStars Hand #237441523702:  Hold'em No Limit ($0.02/$0.05 USD) - 2022/07/18 13:17:50 PT [2022/07/18 16:17:50 ET]
Table 'Jarmila III' 9-max Seat #9 is the button
Seat 1: MrMagicZ ($8.28 in chips) 
Seat 2: piernen ($1.53 in chips) 
Seat 3: Vo7kan89 ($4.90 in chips) 
Seat 5: Amenhotep777 ($5.67 in chips) 
Seat 6: randomgezzer ($4.98 in chips) 
Seat 7: PirateN@81 ($4.33 in chips) 
Seat 8: pat57132 ($6.28 in chips) 
Seat 9: Dorex2007 ($5 in chips) 
MrMagicZ: posts small blind $0.02
piernen: posts big blind $0.05
*** HOLE CARDS ***
Dealt to Dorex2007 [5s Qd]
Vo7kan89: folds 
Amenhotep777: folds 
randomgezzer: folds 
PirateN@81: raises $0.05 to $0.10
pat57132: folds 
Dorex2007: folds 
MrMagicZ: folds 
piernen: calls $0.05
*** FLOP *** [4s 7h 8s]
piernen: checks 
PirateN@81: checks 
*** TURN *** [4s 7h 8s] [Qs]
piernen: checks 
PirateN@81: bets $0.09
piernen: folds 
Uncalled bet ($0.09) returned to PirateN@81
PirateN@81 collected $0.21 from pot
*** SUMMARY ***
Total pot $0.22 | Rake $0.01 
Board [4s 7h 8s Qs]
Seat 1: MrMagicZ (small blind) folded before Flop
Seat 2: piernen (big blind) folded on the Turn
Seat 3: Vo7kan89 folded before Flop (didn't bet)
Seat 5: Amenhotep777 folded before Flop (didn't bet)
Seat 6: randomgezzer folded before Flop (didn't bet)
Seat 7: PirateN@81 collected ($0.21)
Seat 8: pat57132 folded before Flop (didn't bet)
Seat 9: Dorex2007 (button) folded before Flop (didn't bet)



PokerStars Hand #237441550143:  Hold'em No Limit ($0.02/$0.05 USD) - 2022/07/18 13:18:41 PT [2022/07/18 16:18:41 ET]
Table 'Jarmila III' 9-max Seat #1 is the button
Seat 1: MrMagicZ ($8.26 in chips) 
Seat 2: piernen ($1.43 in chips) 
Seat 3: Vo7kan89 ($4.90 in chips) 
Seat 5: Amenhotep777 ($5.67 in chips) 
Seat 6: randomgezzer ($4.98 in chips) 
Seat 7: PirateN@81 ($4.44 in chips) 
Seat 8: pat57132 ($6.28 in chips) 
Seat 9: Dorex2007 ($5 in chips) 
piernen: posts small blind $0.02
Vo7kan89: posts big blind $0.05
*** HOLE CARDS ***
Dealt to Dorex2007 [5d 9d]
Amenhotep777: folds 
randomgezzer: folds 
PirateN@81: folds 
pat57132: folds 
Dorex2007: folds 
MrMagicZ: folds 
piernen: calls $0.03
Vo7kan89: checks 
*** FLOP *** [Qd Kc Jc]
piernen: bets $0.05
Vo7kan89: calls $0.05
*** TURN *** [Qd Kc Jc] [Jh]
piernen: bets $0.05
Vo7kan89: calls $0.05
*** RIVER *** [Qd Kc Jc Jh] [7h]
piernen: checks 
Vo7kan89: bets $0.14
piernen: folds 
Uncalled bet ($0.14) returned to Vo7kan89
Vo7kan89 collected $0.29 from pot
*** SUMMARY ***
Total pot $0.30 | Rake $0.01 
Board [Qd Kc Jc Jh 7h]
Seat 1: MrMagicZ (button) folded before Flop (didn't bet)
Seat 2: piernen (small blind) folded on the River
Seat 3: Vo7kan89 (big blind) collected ($0.29)
Seat 5: Amenhotep777 folded before Flop (didn't bet)
Seat 6: randomgezzer folded before Flop (didn't bet)
Seat 7: PirateN@81 folded before Flop (didn't bet)
Seat 8: pat57132 folded before Flop (didn't bet)
Seat 9: Dorex2007 folded before Flop (didn't bet)



PokerStars Hand #237441577250:  Hold'em No Limit ($0.02/$0.05 USD) - 2022/07/18 13:19:42 PT [2022/07/18 16:19:42 ET]
Table 'Jarmila III' 9-max Seat #2 is the button
Seat 1: MrMagicZ ($8.26 in chips) 
Seat 2: piernen ($1.28 in chips) 
Seat 3: Vo7kan89 ($5.04 in chips) 
Seat 5: Amenhotep777 ($5.67 in chips) 
Seat 6: randomgezzer ($4.98 in chips) 
Seat 7: PirateN@81 ($4.44 in chips) 
Seat 8: pat57132 ($6.28 in chips) 
Seat 9: Dorex2007 ($5 in chips) 
Vo7kan89: posts small blind $0.02
Amenhotep777: posts big blind $0.05
*** HOLE CARDS ***
Dealt to Dorex2007 [Ks 9c]
randomgezzer: folds 
PirateN@81: raises $0.05 to $0.10
pat57132: folds 
Dorex2007: folds 
MrMagicZ: calls $0.10
piernen: folds 
Vo7kan89: folds 
Amenhotep777: folds 
*** FLOP *** [6s 4h 9h]
PirateN@81: checks 
MrMagicZ: checks 
*** TURN *** [6s 4h 9h] [2c]
PirateN@81: checks 
MrMagicZ: bets $0.17
PirateN@81: calls $0.17
*** RIVER *** [6s 4h 9h 2c] [Jh]
PirateN@81: bets $0.25
MrMagicZ: folds 
Uncalled bet ($0.25) returned to PirateN@81
PirateN@81 collected $0.57 from pot
LGD-GodV leaves the table
*** SUMMARY ***
Total pot $0.61 | Rake $0.04 
Board [6s 4h 9h 2c Jh]
Seat 1: MrMagicZ folded on the River
Seat 2: piernen (button) folded before Flop (didn't bet)
Seat 3: Vo7kan89 (small blind) folded before Flop
Seat 5: Amenhotep777 (big blind) folded before Flop
Seat 6: randomgezzer folded before Flop (didn't bet)
Seat 7: PirateN@81 collected ($0.57)
Seat 8: pat57132 folded before Flop (didn't bet)
Seat 9: Dorex2007 folded before Flop (didn't bet)



PokerStars Hand #237441606369:  Hold'em No Limit ($0.02/$0.05 USD) - 2022/07/18 13:20:48 PT [2022/07/18 16:20:48 ET]
Table 'Jarmila III' 9-max Seat #3 is the button
Seat 1: MrMagicZ ($7.99 in chips) 
Seat 2: piernen ($1.28 in chips) 
Seat 3: Vo7kan89 ($5.02 in chips) 
Seat 5: Amenhotep777 ($5.62 in chips) 
Seat 6: randomgezzer ($4.98 in chips) 
Seat 7: PirateN@81 ($4.74 in chips) 
Seat 8: pat57132 ($6.28 in chips) 
Seat 9: Dorex2007 ($5 in chips) 
Amenhotep777: posts small blind $0.02
randomgezzer: posts big blind $0.05
*** HOLE CARDS ***
Dealt to Dorex2007 [4h 7d]
PirateN@81: folds 
pat57132: folds 
Dorex2007: folds 
MrMagicZ: folds 
piernen: calls $0.05
Vo7kan89: folds 
Amenhotep777: folds 
randomgezzer: checks 
*** FLOP *** [2h 5d Jh]
Ace McCabe joins the table at seat #4 
randomgezzer: checks 
piernen: bets $0.05
randomgezzer: folds 
Uncalled bet ($0.05) returned to piernen
piernen collected $0.12 from pot
*** SUMMARY ***
Total pot $0.12 | Rake $0 
Board [2h 5d Jh]
Seat 1: MrMagicZ folded before Flop (didn't bet)
Seat 2: piernen collected ($0.12)
Seat 3: Vo7kan89 (button) folded before Flop (didn't bet)
Seat 5: Amenhotep777 (small blind) folded before Flop
Seat 6: randomgezzer (big blind) folded on the Flop
Seat 7: PirateN@81 folded before Flop (didn't bet)
Seat 8: pat57132 folded before Flop (didn't bet)
Seat 9: Dorex2007 folded before Flop (didn't bet)



PokerStars Hand #237441622478:  Hold'em No Limit ($0.02/$0.05 USD) - 2022/07/18 13:21:25 PT [2022/07/18 16:21:25 ET]
Table 'Jarmila III' 9-max Seat #5 is the button
Seat 1: MrMagicZ ($7.99 in chips) 
Seat 2: piernen ($1.35 in chips) 
Seat 3: Vo7kan89 ($5.02 in chips) 
Seat 5: Amenhotep777 ($5.60 in chips) 
Seat 6: randomgezzer ($4.93 in chips) 
Seat 7: PirateN@81 ($4.74 in chips) 
Seat 8: pat57132 ($6.28 in chips) 
Seat 9: Dorex2007 ($5 in chips) 
randomgezzer: posts small blind $0.02
PirateN@81: posts big blind $0.05
Ace McCabe: sits out 
*** HOLE CARDS ***
Dealt to Dorex2007 [Qc 5h]
pat57132: folds 
Dorex2007: folds 
MrMagicZ: calls $0.05
piernen: folds 
Vo7kan89: folds 
Amenhotep777: folds 
randomgezzer: folds 
PirateN@81: checks 
*** FLOP *** [7c As 3c]
PirateN@81: checks 
MrMagicZ: bets $0.06
PirateN@81: folds 
Uncalled bet ($0.06) returned to MrMagicZ
MrMagicZ collected $0.12 from pot
*** SUMMARY ***
Total pot $0.12 | Rake $0 
Board [7c As 3c]
Seat 1: MrMagicZ collected ($0.12)
Seat 2: piernen folded before Flop (didn't bet)
Seat 3: Vo7kan89 folded before Flop (didn't bet)
Seat 5: Amenhotep777 (button) folded before Flop (didn't bet)
Seat 6: randomgezzer (small blind) folded before Flop
Seat 7: PirateN@81 (big blind) folded on the Flop
Seat 8: pat57132 folded before Flop (didn't bet)
Seat 9: Dorex2007 folded before Flop (didn't bet)



PokerStars Hand #237441638444:  Hold'em No Limit ($0.02/$0.05 USD) - 2022/07/18 13:22:01 PT [2022/07/18 16:22:01 ET]
Table 'Jarmila III' 9-max Seat #6 is the button
Seat 1: MrMagicZ ($8.06 in chips) 
Seat 2: piernen ($1.35 in chips) 
Seat 3: Vo7kan89 ($5.02 in chips) 
Seat 5: Amenhotep777 ($5.60 in chips) 
Seat 6: randomgezzer ($4.91 in chips) 
Seat 7: PirateN@81 ($4.69 in chips) 
Seat 8: pat57132 ($6.28 in chips) 
Seat 9: Dorex2007 ($5 in chips) 
PirateN@81: posts small blind $0.02
pat57132: posts big blind $0.05
Ace McCabe: sits out 
*** HOLE CARDS ***
Dealt to Dorex2007 [Qs Ac]
Dorex2007: raises $0.10 to $0.15
MrMagicZ: folds 
piernen: folds 
Vo7kan89: folds 
Amenhotep777: folds 
randomgezzer: folds 
PirateN@81: folds 
pat57132: folds 
Uncalled bet ($0.10) returned to Dorex2007
Dorex2007 collected $0.12 from pot
*** SUMMARY ***
Total pot $0.12 | Rake $0 
Seat 1: MrMagicZ folded before Flop (didn't bet)
Seat 2: piernen folded before Flop (didn't bet)
Seat 3: Vo7kan89 folded before Flop (didn't bet)
Seat 5: Amenhotep777 folded before Flop (didn't bet)
Seat 6: randomgezzer (button) folded before Flop (didn't bet)
Seat 7: PirateN@81 (small blind) folded before Flop
Seat 8: pat57132 (big blind) folded before Flop
Seat 9: Dorex2007 collected ($0.12)



PokerStars Hand #237441652715:  Hold'em No Limit ($0.02/$0.05 USD) - 2022/07/18 13:22:34 PT [2022/07/18 16:22:34 ET]
Table 'Jarmila III' 9-max Seat #7 is the button
Seat 1: MrMagicZ ($8.06 in chips) 
Seat 2: piernen ($1.35 in chips) 
Seat 3: Vo7kan89 ($5.02 in chips) 
Seat 5: Amenhotep777 ($5.60 in chips) 
Seat 6: randomgezzer ($4.91 in chips) 
Seat 7: PirateN@81 ($4.67 in chips) 
Seat 8: pat57132 ($6.23 in chips) 
Seat 9: Dorex2007 ($5.07 in chips) 
pat57132: posts small blind $0.02
Dorex2007: posts big blind $0.05
Ace McCabe: sits out 
*** HOLE CARDS ***
Dealt to Dorex2007 [Jh Td]
MrMagicZ: folds 
piernen: folds 
Vo7kan89: folds 
Amenhotep777: folds 
randomgezzer: folds 
piernen leaves the table
PirateN@81: raises $0.05 to $0.10
pat57132: raises $0.30 to $0.40
Dorex2007: folds 
PirateN@81: folds 
Uncalled bet ($0.30) returned to pat57132
pat57132 collected $0.25 from pot
*** SUMMARY ***
Total pot $0.25 | Rake $0 
Seat 1: MrMagicZ folded before Flop (didn't bet)
Seat 2: piernen folded before Flop (didn't bet)
Seat 3: Vo7kan89 folded before Flop (didn't bet)
Seat 5: Amenhotep777 folded before Flop (didn't bet)
Seat 6: randomgezzer folded before Flop (didn't bet)
Seat 7: PirateN@81 (button) folded before Flop
Seat 8: pat57132 (small blind) collected ($0.25)
Seat 9: Dorex2007 (big blind) folded before Flop



PokerStars Hand #237441666509:  Hold'em No Limit ($0.02/$0.05 USD) - 2022/07/18 13:23:05 PT [2022/07/18 16:23:05 ET]
Table 'Jarmila III' 9-max Seat #8 is the button
Seat 1: MrMagicZ ($8.06 in chips) 
Seat 3: Vo7kan89 ($5.02 in chips) 
Seat 5: Amenhotep777 ($5.60 in chips) 
Seat 6: randomgezzer ($4.91 in chips) 
Seat 7: PirateN@81 ($4.57 in chips) 
Seat 8: pat57132 ($6.38 in chips) 
Seat 9: Dorex2007 ($5.02 in chips) 
Dorex2007: posts small blind $0.02
MrMagicZ: posts big blind $0.05
Ace McCabe: sits out 
*** HOLE CARDS ***
Dealt to Dorex2007 [Ts Qc]
Vo7kan89: folds 
Amenhotep777: folds 
Ace McCabe leaves the table
randomgezzer: folds 
PirateN@81 has timed out
PirateN@81: folds 
pat57132: raises $0.10 to $0.15
Dorex2007: folds 
MrMagicZ: folds 
Uncalled bet ($0.10) returned to pat57132
pat57132 collected $0.12 from pot
*** SUMMARY ***
Total pot $0.12 | Rake $0 
Seat 1: MrMagicZ (big blind) folded before Flop
Seat 3: Vo7kan89 folded before Flop (didn't bet)
Seat 5: Amenhotep777 folded before Flop (didn't bet)
Seat 6: randomgezzer folded before Flop (didn't bet)
Seat 7: PirateN@81 folded before Flop (didn't bet)
Seat 8: pat57132 (button) collected ($0.12)
Seat 9: Dorex2007 (small blind) folded before Flop



PokerStars Hand #237441682813:  Hold'em No Limit ($0.02/$0.05 USD) - 2022/07/18 13:23:43 PT [2022/07/18 16:23:43 ET]
Table 'Jarmila III' 9-max Seat #9 is the button
Seat 1: MrMagicZ ($8.01 in chips) 
Seat 3: Vo7kan89 ($5.02 in chips) 
Seat 5: Amenhotep777 ($5.60 in chips) 
Seat 6: randomgezzer ($4.91 in chips) 
Seat 7: PirateN@81 ($4.57 in chips) 
Seat 8: pat57132 ($6.45 in chips) 
Seat 9: Dorex2007 ($5 in chips) 
MrMagicZ: posts small blind $0.02
Vo7kan89: posts big blind $0.05
*** HOLE CARDS ***
Dealt to Dorex2007 [3d Tc]
Amenhotep777: folds 
randomgezzer: folds 
PirateN@81: calls $0.05
pat57132: folds 
Dorex2007: folds 
MrMagicZ: calls $0.03
Vo7kan89: checks 
*** FLOP *** [4c 7h 8d]
MrMagicZ: checks 
Vo7kan89: checks 
PirateN@81: bets $0.10
MrMagicZ: folds 
Vo7kan89: calls $0.10
*** TURN *** [4c 7h 8d] [3h]
matteusborges11 joins the table at seat #4 
Vo7kan89: checks 
PirateN@81: checks 
*** RIVER *** [4c 7h 8d 3h] [9c]
matteusborges11 leaves the table
Vo7kan89: checks 
PirateN@81: bets $0.15
Vo7kan89: calls $0.15
*** SHOW DOWN ***
PirateN@81: shows [8h Qc] (a pair of Eights)
Vo7kan89: mucks hand 
PirateN@81 collected $0.61 from pot
*** SUMMARY ***
Total pot $0.65 | Rake $0.04 
Board [4c 7h 8d 3h 9c]
Seat 1: MrMagicZ (small blind) folded on the Flop
Seat 3: Vo7kan89 (big blind) mucked [7c Ah]
Seat 5: Amenhotep777 folded before Flop (didn't bet)
Seat 6: randomgezzer folded before Flop (didn't bet)
Seat 7: PirateN@81 showed [8h Qc] and won ($0.61) with a pair of Eights
Seat 8: pat57132 folded before Flop (didn't bet)
Seat 9: Dorex2007 (button) folded before Flop (didn't bet)



PokerStars Hand #237441712826:  Hold'em No Limit ($0.02/$0.05 USD) - 2022/07/18 13:24:52 PT [2022/07/18 16:24:52 ET]
Table 'Jarmila III' 9-max Seat #1 is the button
Seat 1: MrMagicZ ($7.96 in chips) 
Seat 3: Vo7kan89 ($4.72 in chips) 
Seat 5: Amenhotep777 ($5.60 in chips) 
Seat 6: randomgezzer ($4.91 in chips) 
Seat 7: PirateN@81 ($4.88 in chips) 
Seat 8: pat57132 ($6.45 in chips) 
Seat 9: Dorex2007 ($5 in chips) 
Vo7kan89: posts small blind $0.02
Amenhotep777: posts big blind $0.05
*** HOLE CARDS ***
Dealt to Dorex2007 [Ah Ac]
matteusborges11 joins the table at seat #2 
randomgezzer: folds 
PirateN@81: folds 
pat57132: folds 
Dorex2007: raises $0.05 to $0.10
MrMagicZ: folds 
matteusborges11 leaves the table
Vo7kan89: calls $0.08
Amenhotep777: calls $0.05
*** FLOP *** [2d Kc 8h]
Vo7kan89: checks 
Amenhotep777: checks 
Dorex2007: bets $0.19
Vo7kan89: folds 
Amenhotep777: folds 
Uncalled bet ($0.19) returned to Dorex2007
Dorex2007 collected $0.29 from pot
*** SUMMARY ***
Total pot $0.30 | Rake $0.01 
Board [2d Kc 8h]
Seat 1: MrMagicZ (button) folded before Flop (didn't bet)
Seat 3: Vo7kan89 (small blind) folded on the Flop
Seat 5: Amenhotep777 (big blind) folded on the Flop
Seat 6: randomgezzer folded before Flop (didn't bet)
Seat 7: PirateN@81 folded before Flop (didn't bet)
Seat 8: pat57132 folded before Flop (didn't bet)
Seat 9: Dorex2007 collected ($0.29)



PokerStars Hand #237441727226:  Hold'em No Limit ($0.02/$0.05 USD) - 2022/07/18 13:25:26 PT [2022/07/18 16:25:26 ET]
Table 'Jarmila III' 9-max Seat #3 is the button
Seat 1: MrMagicZ ($7.96 in chips) 
Seat 3: Vo7kan89 ($4.62 in chips) 
Seat 5: Amenhotep777 ($5.50 in chips) 
Seat 6: randomgezzer ($4.91 in chips) 
Seat 7: PirateN@81 ($4.88 in chips) 
Seat 8: pat57132 ($6.45 in chips) 
Seat 9: Dorex2007 ($5.19 in chips) 
Amenhotep777: posts small blind $0.02
randomgezzer: posts big blind $0.05
*** HOLE CARDS ***
Dealt to Dorex2007 [7d 8s]
PirateN@81: raises $0.05 to $0.10
pat57132: folds 
Dorex2007: folds 
MrMagicZ: folds 
Vo7kan89: folds 
Amenhotep777: folds 
randomgezzer: calls $0.05
*** FLOP *** [3d Kc Ad]
randomgezzer: bets $0.10
PirateN@81: calls $0.10
*** TURN *** [3d Kc Ad] [4c]
randomgezzer: bets $0.10
PirateN@81: calls $0.10
*** RIVER *** [3d Kc Ad 4c] [Jd]
randomgezzer: bets $0.15
PirateN@81: calls $0.15
*** SHOW DOWN ***
randomgezzer: shows [Qs Kd] (a pair of Kings)
PirateN@81: shows [Th Ac] (a pair of Aces)
PirateN@81 collected $0.87 from pot
*** SUMMARY ***
Total pot $0.92 | Rake $0.05 
Board [3d Kc Ad 4c Jd]
Seat 1: MrMagicZ folded before Flop (didn't bet)
Seat 3: Vo7kan89 (button) folded before Flop (didn't bet)
Seat 5: Amenhotep777 (small blind) folded before Flop
Seat 6: randomgezzer (big blind) showed [Qs Kd] and lost with a pair of Kings
Seat 7: PirateN@81 showed [Th Ac] and won ($0.87) with a pair of Aces
Seat 8: pat57132 folded before Flop (didn't bet)
Seat 9: Dorex2007 folded before Flop (didn't bet)



PokerStars Hand #237441754122:  Hold'em No Limit ($0.02/$0.05 USD) - 2022/07/18 13:26:28 PT [2022/07/18 16:26:28 ET]
Table 'Jarmila III' 9-max Seat #5 is the button
Seat 1: MrMagicZ ($7.96 in chips) 
Seat 3: Vo7kan89 ($4.62 in chips) 
Seat 5: Amenhotep777 ($5.48 in chips) 
Seat 6: randomgezzer ($4.46 in chips) 
Seat 7: PirateN@81 ($5.30 in chips) 
Seat 8: pat57132 ($6.45 in chips) 
Seat 9: Dorex2007 ($5.19 in chips) 
randomgezzer: posts small blind $0.02
PirateN@81: posts big blind $0.05
*** HOLE CARDS ***
Dealt to Dorex2007 [Kc 6d]
pat57132: raises $0.15 to $0.20
Dorex2007: folds 
MrMagicZ: folds 
Vo7kan89: folds 
Amenhotep777: folds 
randomgezzer: folds 
PirateN@81: folds 
Uncalled bet ($0.15) returned to pat57132
pat57132 collected $0.12 from pot
*** SUMMARY ***
Total pot $0.12 | Rake $0 
Seat 1: MrMagicZ folded before Flop (didn't bet)
Seat 3: Vo7kan89 folded before Flop (didn't bet)
Seat 5: Amenhotep777 (button) folded before Flop (didn't bet)
Seat 6: randomgezzer (small blind) folded before Flop
Seat 7: PirateN@81 (big blind) folded before Flop
Seat 8: pat57132 collected ($0.12)
Seat 9: Dorex2007 folded before Flop (didn't bet)



PokerStars Hand #237441762821:  Hold'em No Limit ($0.02/$0.05 USD) - 2022/07/18 13:26:48 PT [2022/07/18 16:26:48 ET]
Table 'Jarmila III' 9-max Seat #6 is the button
Seat 1: MrMagicZ ($7.96 in chips) 
Seat 3: Vo7kan89 ($4.62 in chips) 
Seat 5: Amenhotep777 ($5.48 in chips) 
Seat 6: randomgezzer ($4.44 in chips) 
Seat 7: PirateN@81 ($5.25 in chips) 
Seat 8: pat57132 ($6.52 in chips) 
Seat 9: Dorex2007 ($5.19 in chips) 
PirateN@81: posts small blind $0.02
pat57132: posts big blind $0.05
*** HOLE CARDS ***
Dealt to Dorex2007 [6h 9c]
Dorex2007: folds 
MrMagicZ: folds 
Vo7kan89: folds 
Amenhotep777: folds 
randomgezzer: folds 
PirateN@81: raises $0.10 to $0.15
pat57132: calls $0.10
*** FLOP *** [Qh Ks 9d]
PirateN@81: checks 
pat57132: bets $0.15
PirateN@81: folds 
Uncalled bet ($0.15) returned to pat57132
pat57132 collected $0.29 from pot
*** SUMMARY ***
Total pot $0.30 | Rake $0.01 
Board [Qh Ks 9d]
Seat 1: MrMagicZ folded before Flop (didn't bet)
Seat 3: Vo7kan89 folded before Flop (didn't bet)
Seat 5: Amenhotep777 folded before Flop (didn't bet)
Seat 6: randomgezzer (button) folded before Flop (didn't bet)
Seat 7: PirateN@81 (small blind) folded on the Flop
Seat 8: pat57132 (big blind) collected ($0.29)
Seat 9: Dorex2007 folded before Flop (didn't bet)



PokerStars Hand #237441782572:  Hold'em No Limit ($0.02/$0.05 USD) - 2022/07/18 13:27:35 PT [2022/07/18 16:27:35 ET]
Table 'Jarmila III' 9-max Seat #7 is the button
Seat 1: MrMagicZ ($7.96 in chips) 
Seat 3: Vo7kan89 ($4.62 in chips) 
Seat 5: Amenhotep777 ($5.48 in chips) 
Seat 6: randomgezzer ($4.44 in chips) 
Seat 7: PirateN@81 ($5.10 in chips) 
Seat 8: pat57132 ($6.66 in chips) 
Seat 9: Dorex2007 ($5.19 in chips) 
pat57132: posts small blind $0.02
Dorex2007: posts big blind $0.05
*** HOLE CARDS ***
Dealt to Dorex2007 [8s Jc]
MrMagicZ: folds 
Vo7kan89: folds 
Amenhotep777: folds 
randomgezzer: raises $0.10 to $0.15
PirateN@81: folds 
pat57132: folds 
Dorex2007: folds 
Uncalled bet ($0.10) returned to randomgezzer
randomgezzer collected $0.12 from pot
*** SUMMARY ***
Total pot $0.12 | Rake $0 
Seat 1: MrMagicZ folded before Flop (didn't bet)
Seat 3: Vo7kan89 folded before Flop (didn't bet)
Seat 5: Amenhotep777 folded before Flop (didn't bet)
Seat 6: randomgezzer collected ($0.12)
Seat 7: PirateN@81 (button) folded before Flop (didn't bet)
Seat 8: pat57132 (small blind) folded before Flop
Seat 9: Dorex2007 (big blind) folded before Flop



PokerStars Hand #237441791749:  Hold'em No Limit ($0.02/$0.05 USD) - 2022/07/18 13:27:56 PT [2022/07/18 16:27:56 ET]
Table 'Jarmila III' 9-max Seat #8 is the button
Seat 1: MrMagicZ ($7.96 in chips) 
Seat 3: Vo7kan89 ($4.62 in chips) 
Seat 5: Amenhotep777 ($5.48 in chips) 
Seat 6: randomgezzer ($4.51 in chips) 
Seat 7: PirateN@81 ($5.10 in chips) 
Seat 8: pat57132 ($6.64 in chips) 
Seat 9: Dorex2007 ($5.14 in chips) 
Dorex2007: posts small blind $0.02
MrMagicZ: posts big blind $0.05
*** HOLE CARDS ***
Dealt to Dorex2007 [6c 3s]
Vo7kan89: calls $0.05
Amenhotep777: folds 
randomgezzer: folds 
PirateN@81: folds 
pat57132: folds 
Dorex2007: folds 
MrMagicZ: checks 
*** FLOP *** [3h 4s Ac]
HermesDF joins the table at seat #4 
MrMagicZ: checks 
Vo7kan89: bets $0.05
MrMagicZ: folds 
Uncalled bet ($0.05) returned to Vo7kan89
Vo7kan89 collected $0.12 from pot
*** SUMMARY ***
Total pot $0.12 | Rake $0 
Board [3h 4s Ac]
Seat 1: MrMagicZ (big blind) folded on the Flop
Seat 3: Vo7kan89 collected ($0.12)
Seat 5: Amenhotep777 folded before Flop (didn't bet)
Seat 6: randomgezzer folded before Flop (didn't bet)
Seat 7: PirateN@81 folded before Flop (didn't bet)
Seat 8: pat57132 (button) folded before Flop (didn't bet)
Seat 9: Dorex2007 (small blind) folded before Flop



PokerStars Hand #237441804255:  Hold'em No Limit ($0.02/$0.05 USD) - 2022/07/18 13:28:25 PT [2022/07/18 16:28:25 ET]
Table 'Jarmila III' 9-max Seat #9 is the button
Seat 1: MrMagicZ ($7.91 in chips) 
Seat 3: Vo7kan89 ($4.69 in chips) 
Seat 5: Amenhotep777 ($5.48 in chips) 
Seat 6: randomgezzer ($4.51 in chips) 
Seat 7: PirateN@81 ($5.10 in chips) 
Seat 8: pat57132 ($6.64 in chips) 
Seat 9: Dorex2007 ($5.12 in chips) 
MrMagicZ: posts small blind $0.02
Vo7kan89: posts big blind $0.05
HermesDF: sits out 
*** HOLE CARDS ***
Dealt to Dorex2007 [8s Qs]
Amenhotep777: folds 
randomgezzer: folds 
PirateN@81: raises $0.07 to $0.12
matteusborges11 joins the table at seat #2 
pat57132: folds 
Dorex2007: folds 
MrMagicZ: folds 
Vo7kan89: folds 
Uncalled bet ($0.07) returned to PirateN@81
PirateN@81 collected $0.12 from pot
*** SUMMARY ***
Total pot $0.12 | Rake $0 
Seat 1: MrMagicZ (small blind) folded before Flop
Seat 3: Vo7kan89 (big blind) folded before Flop
Seat 5: Amenhotep777 folded before Flop (didn't bet)
Seat 6: randomgezzer folded before Flop (didn't bet)
Seat 7: PirateN@81 collected ($0.12)
Seat 8: pat57132 folded before Flop (didn't bet)
Seat 9: Dorex2007 (button) folded before Flop (didn't bet)



PokerStars Hand #237441818976:  Hold'em No Limit ($0.02/$0.05 USD) - 2022/07/18 13:29:00 PT [2022/07/18 16:29:00 ET]
Table 'Jarmila III' 9-max Seat #1 is the button
Seat 1: MrMagicZ ($7.89 in chips) 
Seat 3: Vo7kan89 ($4.64 in chips) 
Seat 4: HermesDF ($2 in chips) 
Seat 5: Amenhotep777 ($5.48 in chips) 
Seat 6: randomgezzer ($4.51 in chips) 
Seat 7: PirateN@81 ($5.17 in chips) 
Seat 8: pat57132 ($6.64 in chips) 
Seat 9: Dorex2007 ($5.12 in chips) 
Vo7kan89: posts small blind $0.02
HermesDF: posts big blind $0.05
*** HOLE CARDS ***
Dealt to Dorex2007 [Jc 9c]
Amenhotep777: folds 
randomgezzer: folds 
PirateN@81: folds 
pat57132: raises $0.07 to $0.12
Dorex2007: folds 
MrMagicZ: folds 
Vo7kan89: folds 
HermesDF: calls $0.07
*** FLOP *** [3h 8s 7h]
HermesDF: checks 
pat57132: bets $0.19
HermesDF: folds 
Uncalled bet ($0.19) returned to pat57132
pat57132 collected $0.25 from pot
*** SUMMARY ***
Total pot $0.26 | Rake $0.01 
Board [3h 8s 7h]
Seat 1: MrMagicZ (button) folded before Flop (didn't bet)
Seat 3: Vo7kan89 (small blind) folded before Flop
Seat 4: HermesDF (big blind) folded on the Flop
Seat 5: Amenhotep777 folded before Flop (didn't bet)
Seat 6: randomgezzer folded before Flop (didn't bet)
Seat 7: PirateN@81 folded before Flop (didn't bet)
Seat 8: pat57132 collected ($0.25)
Seat 9: Dorex2007 folded before Flop (didn't bet)



PokerStars Hand #237441852496:  Hold'em No Limit ($0.02/$0.05 USD) - 2022/07/18 13:29:57 PT [2022/07/18 16:29:57 ET]
Table 'Jarmila III' 9-max Seat #3 is the button
Seat 1: MrMagicZ ($7.89 in chips) 
Seat 3: Vo7kan89 ($4.62 in chips) 
Seat 4: HermesDF ($1.88 in chips) 
Seat 5: Amenhotep777 ($5.48 in chips) 
Seat 6: randomgezzer ($4.51 in chips) 
Seat 7: PirateN@81 ($5.17 in chips) 
Seat 8: pat57132 ($6.77 in chips) 
Seat 9: Dorex2007 ($5.12 in chips) 
HermesDF: posts small blind $0.02
Amenhotep777: posts big blind $0.05
matteusborges11: sits out 
*** HOLE CARDS ***
Dealt to Dorex2007 [Ks 6d]
randomgezzer: calls $0.05
PirateN@81: folds 
pat57132: folds 
Dorex2007: folds 
MrMagicZ: folds 
Vo7kan89 has timed out
Vo7kan89: folds 
HermesDF: folds 
Amenhotep777: checks 
*** FLOP *** [As 5c 9c]
Amenhotep777: checks 
randomgezzer: bets $0.12
Amenhotep777: calls $0.12
*** TURN *** [As 5c 9c] [Kh]
Amenhotep777: checks 
randomgezzer: checks 
*** RIVER *** [As 5c 9c Kh] [5d]
Amenhotep777: checks 
randomgezzer: checks 
*** SHOW DOWN ***
Amenhotep777: shows [Tc Jh] (a pair of Fives)
randomgezzer: shows [Qh Th] (a pair of Fives - Ace+King+Queen kicker)
randomgezzer collected $0.35 from pot
*** SUMMARY ***
Total pot $0.36 | Rake $0.01 
Board [As 5c 9c Kh 5d]
Seat 1: MrMagicZ folded before Flop (didn't bet)
Seat 3: Vo7kan89 (button) folded before Flop (didn't bet)
Seat 4: HermesDF (small blind) folded before Flop
Seat 5: Amenhotep777 (big blind) showed [Tc Jh] and lost with a pair of Fives
Seat 6: randomgezzer showed [Qh Th] and won ($0.35) with a pair of Fives
Seat 7: PirateN@81 folded before Flop (didn't bet)
Seat 8: pat57132 folded before Flop (didn't bet)
Seat 9: Dorex2007 folded before Flop (didn't bet)



PokerStars Hand #237441885248:  Hold'em No Limit ($0.02/$0.05 USD) - 2022/07/18 13:31:12 PT [2022/07/18 16:31:12 ET]
Table 'Jarmila III' 9-max Seat #4 is the button
Seat 1: MrMagicZ ($7.89 in chips) 
Seat 3: Vo7kan89 ($4.62 in chips) 
Seat 4: HermesDF ($1.86 in chips) 
Seat 5: Amenhotep777 ($5.31 in chips) 
Seat 8: pat57132 ($6.77 in chips) 
Seat 9: Dorex2007 ($5.12 in chips) 
Amenhotep777: posts small blind $0.02
randomgezzer: is sitting out 
PirateN@81: is sitting out 
pat57132: posts big blind $0.05
matteusborges11: sits out 
*** HOLE CARDS ***
Dealt to Dorex2007 [Qh 8h]
randomgezzer leaves the table
Dorex2007: folds 
MrMagicZ: folds 
Vo7kan89: folds 
HermesDF: raises $0.10 to $0.15
Amenhotep777: folds 
PirateN@81 leaves the table
pat57132: folds 
Uncalled bet ($0.10) returned to HermesDF
HermesDF collected $0.12 from pot
*** SUMMARY ***
Total pot $0.12 | Rake $0 
Seat 1: MrMagicZ folded before Flop (didn't bet)
Seat 3: Vo7kan89 folded before Flop (didn't bet)
Seat 4: HermesDF (button) collected ($0.12)
Seat 5: Amenhotep777 (small blind) folded before Flop
Seat 8: pat57132 (big blind) folded before Flop
Seat 9: Dorex2007 folded before Flop (didn't bet)



PokerStars Hand #237441895628:  Hold'em No Limit ($0.02/$0.05 USD) - 2022/07/18 13:31:37 PT [2022/07/18 16:31:37 ET]
Table 'Jarmila III' 9-max Seat #5 is the button
Seat 1: MrMagicZ ($7.89 in chips) 
Seat 3: Vo7kan89 ($4.62 in chips) 
Seat 4: HermesDF ($1.93 in chips) 
Seat 5: Amenhotep777 ($5.29 in chips) 
Seat 8: pat57132 ($6.72 in chips) 
Seat 9: Dorex2007 ($5.12 in chips) 
pat57132: posts small blind $0.02
Dorex2007: posts big blind $0.05
matteusborges11: sits out 
*** HOLE CARDS ***
Dealt to Dorex2007 [4c 4s]
MrMagicZ: folds 
Vo7kan89: folds 
HermesDF: folds 
Amenhotep777: raises $0.10 to $0.15
pat57132: folds 
Dorex2007: folds 
Uncalled bet ($0.10) returned to Amenhotep777
Amenhotep777 collected $0.12 from pot
*** SUMMARY ***
Total pot $0.12 | Rake $0 
Seat 1: MrMagicZ folded before Flop (didn't bet)
Seat 3: Vo7kan89 folded before Flop (didn't bet)
Seat 4: HermesDF folded before Flop (didn't bet)
Seat 5: Amenhotep777 (button) collected ($0.12)
Seat 8: pat57132 (small blind) folded before Flop
Seat 9: Dorex2007 (big blind) folded before Flop



PokerStars Hand #237441903853:  Hold'em No Limit ($0.02/$0.05 USD) - 2022/07/18 13:31:56 PT [2022/07/18 16:31:56 ET]
Table 'Jarmila III' 9-max Seat #8 is the button
Seat 1: MrMagicZ ($7.89 in chips) 
Seat 3: Vo7kan89 ($4.62 in chips) 
Seat 4: HermesDF ($1.93 in chips) 
Seat 5: Amenhotep777 ($5.36 in chips) 
Seat 8: pat57132 ($6.70 in chips) 
Seat 9: Dorex2007 ($5.07 in chips) 
Dorex2007: posts small blind $0.02
MrMagicZ: posts big blind $0.05
matteusborges11: sits out 
*** HOLE CARDS ***
Dealt to Dorex2007 [Qh Qd]
Vo7kan89: folds 
HermesDF: folds 
Amenhotep777: folds 
pat57132: raises $0.10 to $0.15
Dorex2007: raises $0.25 to $0.40
MrMagicZ: folds 
pat57132: folds 
Uncalled bet ($0.25) returned to Dorex2007
Dorex2007 collected $0.35 from pot
*** SUMMARY ***
Total pot $0.35 | Rake $0 
Seat 1: MrMagicZ (big blind) folded before Flop
Seat 3: Vo7kan89 folded before Flop (didn't bet)
Seat 4: HermesDF folded before Flop (didn't bet)
Seat 5: Amenhotep777 folded before Flop (didn't bet)
Seat 8: pat57132 (button) folded before Flop
Seat 9: Dorex2007 (small blind) collected ($0.35)



PokerStars Hand #237441913159:  Hold'em No Limit ($0.02/$0.05 USD) - 2022/07/18 13:32:18 PT [2022/07/18 16:32:18 ET]
Table 'Jarmila III' 9-max Seat #9 is the button
Seat 1: MrMagicZ ($7.84 in chips) 
Seat 2: matteusborges11 ($2 in chips) 
Seat 3: Vo7kan89 ($4.62 in chips) 
Seat 4: HermesDF ($1.93 in chips) 
Seat 5: Amenhotep777 ($5.36 in chips) 
Seat 8: pat57132 ($6.55 in chips) 
Seat 9: Dorex2007 ($5.27 in chips) 
MrMagicZ: posts small blind $0.02
matteusborges11: posts big blind $0.05
*** HOLE CARDS ***
Dealt to Dorex2007 [Jh 3c]
Vo7kan89: folds 
HermesDF: folds 
Amenhotep777: raises $0.10 to $0.15
pat57132: folds 
Dorex2007: folds 
MrMagicZ: folds 
matteusborges11: calls $0.10
*** FLOP *** [Kh Jd 3h]
matteusborges11: bets $0.15
Amenhotep777: folds 
Uncalled bet ($0.15) returned to matteusborges11
matteusborges11 collected $0.31 from pot
*** SUMMARY ***
Total pot $0.32 | Rake $0.01 
Board [Kh Jd 3h]
Seat 1: MrMagicZ (small blind) folded before Flop
Seat 2: matteusborges11 (big blind) collected ($0.31)
Seat 3: Vo7kan89 folded before Flop (didn't bet)
Seat 4: HermesDF folded before Flop (didn't bet)
Seat 5: Amenhotep777 folded on the Flop
Seat 8: pat57132 folded before Flop (didn't bet)
Seat 9: Dorex2007 (button) folded before Flop (didn't bet)



PokerStars Hand #237441923753:  Hold'em No Limit ($0.02/$0.05 USD) - 2022/07/18 13:32:42 PT [2022/07/18 16:32:42 ET]
Table 'Jarmila III' 9-max Seat #1 is the button
Seat 1: MrMagicZ ($7.82 in chips) 
Seat 2: matteusborges11 ($2.16 in chips) 
Seat 3: Vo7kan89 ($4.62 in chips) 
Seat 4: HermesDF ($1.93 in chips) 
Seat 5: Amenhotep777 ($5.21 in chips) 
Seat 8: pat57132 ($6.55 in chips) 
Seat 9: Dorex2007 ($5.27 in chips) 
matteusborges11: posts small blind $0.02
Vo7kan89: posts big blind $0.05
*** HOLE CARDS ***
Dealt to Dorex2007 [Jh Ad]
HermesDF: folds 
Amenhotep777: folds 
pat57132: raises $0.10 to $0.15
Dorex2007: calls $0.15
MrMagicZ: folds 
matteusborges11: folds 
Vo7kan89: folds 
*** FLOP *** [5c 7d 3h]
pat57132: bets $0.18
Dorex2007: folds 
Uncalled bet ($0.18) returned to pat57132
pat57132 collected $0.35 from pot
*** SUMMARY ***
Total pot $0.37 | Rake $0.02 
Board [5c 7d 3h]
Seat 1: MrMagicZ (button) folded before Flop (didn't bet)
Seat 2: matteusborges11 (small blind) folded before Flop
Seat 3: Vo7kan89 (big blind) folded before Flop
Seat 4: HermesDF folded before Flop (didn't bet)
Seat 5: Amenhotep777 folded before Flop (didn't bet)
Seat 8: pat57132 collected ($0.35)
Seat 9: Dorex2007 folded on the Flop



PokerStars Hand #237441943019:  Hold'em No Limit ($0.02/$0.05 USD) - 2022/07/18 13:33:16 PT [2022/07/18 16:33:16 ET]
Table 'Jarmila III' 9-max Seat #2 is the button
Seat 1: MrMagicZ ($7.82 in chips) 
Seat 2: matteusborges11 ($2.14 in chips) 
Seat 3: Vo7kan89 ($4.57 in chips) 
Seat 4: HermesDF ($1.93 in chips) 
Seat 5: Amenhotep777 ($5.21 in chips) 
Seat 8: pat57132 ($6.75 in chips) 
Seat 9: Dorex2007 ($5.12 in chips) 
Vo7kan89: posts small blind $0.02
HermesDF: posts big blind $0.05
*** HOLE CARDS ***
Dealt to Dorex2007 [5d Jh]
Amenhotep777: folds 
pat57132: folds 
Dorex2007: folds 
MrMagicZ: folds 
matteusborges11: folds 
Vo7kan89: folds 
Uncalled bet ($0.03) returned to HermesDF
HermesDF collected $0.04 from pot
*** SUMMARY ***
Total pot $0.04 | Rake $0 
Seat 1: MrMagicZ folded before Flop (didn't bet)
Seat 2: matteusborges11 (button) folded before Flop (didn't bet)
Seat 3: Vo7kan89 (small blind) folded before Flop
Seat 4: HermesDF (big blind) collected ($0.04)
Seat 5: Amenhotep777 folded before Flop (didn't bet)
Seat 8: pat57132 folded before Flop (didn't bet)
Seat 9: Dorex2007 folded before Flop (didn't bet)



PokerStars Hand #237441950372:  Hold'em No Limit ($0.02/$0.05 USD) - 2022/07/18 13:33:34 PT [2022/07/18 16:33:34 ET]
Table 'Jarmila III' 9-max Seat #3 is the button
Seat 1: MrMagicZ ($7.82 in chips) 
Seat 2: matteusborges11 ($2.14 in chips) 
Seat 3: Vo7kan89 ($4.55 in chips) 
Seat 4: HermesDF ($1.95 in chips) 
Seat 8: pat57132 ($6.75 in chips) 
Seat 9: Dorex2007 ($5.12 in chips) 
HermesDF: posts small blind $0.02
Amenhotep777: is sitting out 
pat57132: posts big blind $0.05
*** HOLE CARDS ***
Dealt to Dorex2007 [9h 7d]
Dorex2007: folds 
Amenhotep777 leaves the table
MrMagicZ: folds 
matteusborges11: calls $0.05
Vo7kan89: folds 
HermesDF: folds 
pat57132: raises $0.15 to $0.20
matteusborges11: calls $0.15
*** FLOP *** [7h 9d 7c]
pat57132: bets $0.13
matteusborges11: calls $0.13
*** TURN *** [7h 9d 7c] [2d]
pat57132: checks 
matteusborges11: bets $0.32
pat57132: folds 
Uncalled bet ($0.32) returned to matteusborges11
matteusborges11 collected $0.65 from pot
*** SUMMARY ***
Total pot $0.68 | Rake $0.03 
Board [7h 9d 7c 2d]
Seat 1: MrMagicZ folded before Flop (didn't bet)
Seat 2: matteusborges11 collected ($0.65)
Seat 3: Vo7kan89 (button) folded before Flop (didn't bet)
Seat 4: HermesDF (small blind) folded before Flop
Seat 8: pat57132 (big blind) folded on the Turn
Seat 9: Dorex2007 folded before Flop (didn't bet)



PokerStars Hand #237441962955:  Hold'em No Limit ($0.02/$0.05 USD) - 2022/07/18 13:34:03 PT [2022/07/18 16:34:03 ET]
Table 'Jarmila III' 9-max Seat #4 is the button
Seat 1: MrMagicZ ($7.82 in chips) 
Seat 2: matteusborges11 ($2.46 in chips) 
Seat 3: Vo7kan89 ($4.55 in chips) 
Seat 4: HermesDF ($1.93 in chips) 
Seat 8: pat57132 ($6.42 in chips) 
Seat 9: Dorex2007 ($5.12 in chips) 
pat57132: posts small blind $0.02
Dorex2007: posts big blind $0.05
*** HOLE CARDS ***
Dealt to Dorex2007 [Ad 7s]
MrMagicZ: folds 
matteusborges11: folds 
Vo7kan89: calls $0.05
HermesDF: folds 
pat57132: raises $0.15 to $0.20
Dorex2007: folds 
Vo7kan89: calls $0.15
*** FLOP *** [6h Jc As]
HermesDF leaves the table
pat57132: bets $0.22
Vo7kan89: folds 
Uncalled bet ($0.22) returned to pat57132
pat57132 collected $0.43 from pot
*** SUMMARY ***
Total pot $0.45 | Rake $0.02 
Board [6h Jc As]
Seat 1: MrMagicZ folded before Flop (didn't bet)
Seat 2: matteusborges11 folded before Flop (didn't bet)
Seat 3: Vo7kan89 folded on the Flop
Seat 4: HermesDF (button) folded before Flop (didn't bet)
Seat 8: pat57132 (small blind) collected ($0.43)
Seat 9: Dorex2007 (big blind) folded before Flop



PokerStars Hand #237441973736:  Hold'em No Limit ($0.02/$0.05 USD) - 2022/07/18 13:34:29 PT [2022/07/18 16:34:29 ET]
Table 'Jarmila III' 9-max Seat #8 is the button
Seat 3: Vo7kan89 ($4.35 in chips) 
Seat 8: pat57132 ($6.65 in chips) 
Seat 9: Dorex2007 ($5.07 in chips) 
Dorex2007: posts small blind $0.02
matteusborges11: is sitting out 
matteusborges11 leaves the table
Vo7kan89: posts big blind $0.05
*** HOLE CARDS ***
Dealt to Dorex2007 [3h 9h]
BigJ_1997 joins the table at seat #5 
pat57132: raises $0.07 to $0.12
Dorex2007: folds 
Vo7kan89: folds 
Uncalled bet ($0.07) returned to pat57132
pat57132 collected $0.12 from pot
*** SUMMARY ***
Total pot $0.12 | Rake $0 
Seat 3: Vo7kan89 (big blind) folded before Flop
Seat 8: pat57132 (button) collected ($0.12)
Seat 9: Dorex2007 (small blind) folded before Flop



PokerStars Hand #237441977583:  Hold'em No Limit ($0.02/$0.05 USD) - 2022/07/18 13:34:38 PT [2022/07/18 16:34:38 ET]
Table 'Jarmila III' 9-max Seat #9 is the button
Seat 3: Vo7kan89 ($4.30 in chips) 
Seat 5: BigJ_1997 ($5 in chips) 
Seat 8: pat57132 ($6.72 in chips) 
Seat 9: Dorex2007 ($5.05 in chips) 
Vo7kan89: posts small blind $0.02
MrMagicZ leaves the table
BigJ_1997: posts big blind $0.05
*** HOLE CARDS ***
Dealt to Dorex2007 [Ks 9h]
pat57132: folds 
Dorex2007: folds 
Vo7kan89: folds 
Uncalled bet ($0.03) returned to BigJ_1997
BigJ_1997 collected $0.04 from pot
*** SUMMARY ***
Total pot $0.04 | Rake $0 
Seat 3: Vo7kan89 (small blind) folded before Flop
Seat 5: BigJ_1997 (big blind) collected ($0.04)
Seat 8: pat57132 folded before Flop (didn't bet)
Seat 9: Dorex2007 (button) folded before Flop (didn't bet)



