PokerStars Hand #238779463385:  Hold'em No Limit ($0.01/$0.02 USD) - 2022/09/21 14:52:26 PT [2022/09/21 17:52:26 ET]
Table 'Wesson III' 9-max Seat #7 is the button
Seat 1: tucimira ($2.70 in chips) 
Seat 2: bauer_KK ($2.09 in chips) 
Seat 4: SubAllos ($1.95 in chips) 
Seat 5: SanduBRJ ($0.62 in chips) 
Seat 6: Dorex2007 ($2 in chips) 
Seat 7: Bloody1Ace ($1.66 in chips) 
Seat 8: samiike ($1.73 in chips) 
Seat 9: josecarlim ($3.10 in chips) 
samiike: posts small blind $0.01
josecarlim: posts big blind $0.02
IndigoShirt: sits out 
Dorex2007: posts big blind $0.02
*** HOLE CARDS ***
Dealt to Dorex2007 [4d 2s]
tucimira: folds 
bauer_KK: folds 
SubAllos: folds 
SanduBRJ: folds 
Dorex2007: checks 
Bloody1Ace: folds 
samiike: calls $0.01
josecarlim: raises $0.02 to $0.04
Dorex2007: folds 
samiike: calls $0.02
*** FLOP *** [8c Ad 5s]
samiike: checks 
josecarlim: bets $0.05
samiike: folds 
Uncalled bet ($0.05) returned to josecarlim
josecarlim collected $0.10 from pot
*** SUMMARY ***
Total pot $0.10 | Rake $0 
Board [8c Ad 5s]
Seat 1: tucimira folded before Flop (didn't bet)
Seat 2: bauer_KK folded before Flop (didn't bet)
Seat 4: SubAllos folded before Flop (didn't bet)
Seat 5: SanduBRJ folded before Flop (didn't bet)
Seat 6: Dorex2007 folded before Flop (didn't bet)
Seat 7: Bloody1Ace (button) folded before Flop (didn't bet)
Seat 8: samiike (small blind) folded on the Flop
Seat 9: josecarlim (big blind) collected ($0.10)



PokerStars Hand #238779483722:  Hold'em No Limit ($0.01/$0.02 USD) - 2022/09/21 14:53:19 PT [2022/09/21 17:53:19 ET]
Table 'Wesson III' 9-max Seat #8 is the button
Seat 1: tucimira ($2.70 in chips) 
Seat 2: bauer_KK ($2.09 in chips) 
Seat 4: SubAllos ($1.95 in chips) 
Seat 5: SanduBRJ ($0.62 in chips) 
Seat 6: Dorex2007 ($2 in chips) 
Seat 7: Bloody1Ace ($1.66 in chips) 
Seat 8: samiike ($1.69 in chips) 
Seat 9: josecarlim ($3.16 in chips) 
josecarlim: posts small blind $0.01
tucimira: posts big blind $0.02
IndigoShirt: sits out 
*** HOLE CARDS ***
Dealt to Dorex2007 [6h 9h]
bauer_KK: folds 
SubAllos: calls $0.02
SanduBRJ: raises $0.02 to $0.04
Dorex2007: folds 
Bloody1Ace: folds 
samiike: calls $0.04
josecarlim: calls $0.03
tucimira: calls $0.02
SubAllos: calls $0.02
*** FLOP *** [4h 3h Qc]
josecarlim: bets $0.09
tucimira: folds 
SubAllos: folds 
SanduBRJ: calls $0.09
samiike: folds 
*** TURN *** [4h 3h Qc] [5h]
josecarlim: bets $0.02
SanduBRJ: raises $0.41 to $0.43
josecarlim: folds 
Uncalled bet ($0.41) returned to SanduBRJ
SanduBRJ collected $0.41 from pot
SanduBRJ: doesn't show hand 
*** SUMMARY ***
Total pot $0.42 | Rake $0.01 
Board [4h 3h Qc 5h]
Seat 1: tucimira (big blind) folded on the Flop
Seat 2: bauer_KK folded before Flop (didn't bet)
Seat 4: SubAllos folded on the Flop
Seat 5: SanduBRJ collected ($0.41)
Seat 6: Dorex2007 folded before Flop (didn't bet)
Seat 7: Bloody1Ace folded before Flop (didn't bet)
Seat 8: samiike (button) folded on the Flop
Seat 9: josecarlim (small blind) folded on the Turn



PokerStars Hand #238779514926:  Hold'em No Limit ($0.01/$0.02 USD) - 2022/09/21 14:54:43 PT [2022/09/21 17:54:43 ET]
Table 'Wesson III' 9-max Seat #9 is the button
Seat 1: tucimira ($2.66 in chips) 
Seat 2: bauer_KK ($2.09 in chips) 
Seat 4: SubAllos ($1.91 in chips) 
Seat 5: SanduBRJ ($0.88 in chips) 
Seat 6: Dorex2007 ($2 in chips) 
Seat 7: Bloody1Ace ($1.66 in chips) 
Seat 8: samiike ($1.65 in chips) 
Seat 9: josecarlim ($3.01 in chips) 
tucimira: posts small blind $0.01
bauer_KK: posts big blind $0.02
IndigoShirt: sits out 
*** HOLE CARDS ***
Dealt to Dorex2007 [Qs Jc]
SubAllos: folds 
SanduBRJ: folds 
Dorex2007: folds 
Bloody1Ace: raises $0.04 to $0.06
samiike: folds 
josecarlim: raises $0.04 to $0.10
tucimira: folds 
bauer_KK: folds 
Bloody1Ace: calls $0.04
*** FLOP *** [8d 5s Ah]
Bloody1Ace: bets $0.11
josecarlim: raises $0.22 to $0.33
Bloody1Ace: folds 
Uncalled bet ($0.22) returned to josecarlim
josecarlim collected $0.43 from pot
*** SUMMARY ***
Total pot $0.45 | Rake $0.02 
Board [8d 5s Ah]
Seat 1: tucimira (small blind) folded before Flop
Seat 2: bauer_KK (big blind) folded before Flop
Seat 4: SubAllos folded before Flop (didn't bet)
Seat 5: SanduBRJ folded before Flop (didn't bet)
Seat 6: Dorex2007 folded before Flop (didn't bet)
Seat 7: Bloody1Ace folded on the Flop
Seat 8: samiike folded before Flop (didn't bet)
Seat 9: josecarlim (button) collected ($0.43)



PokerStars Hand #238779535011:  Hold'em No Limit ($0.01/$0.02 USD) - 2022/09/21 14:55:48 PT [2022/09/21 17:55:48 ET]
Table 'Wesson III' 9-max Seat #1 is the button
Seat 1: tucimira ($2.65 in chips) 
Seat 2: bauer_KK ($2.07 in chips) 
Seat 3: IndigoShirt ($2 in chips) 
Seat 4: SubAllos ($1.91 in chips) 
Seat 5: SanduBRJ ($0.88 in chips) 
Seat 6: Dorex2007 ($2 in chips) 
Seat 7: Bloody1Ace ($1.45 in chips) 
Seat 8: samiike ($1.65 in chips) 
Seat 9: josecarlim ($3.23 in chips) 
bauer_KK: posts small blind $0.01
IndigoShirt: posts big blind $0.02
*** HOLE CARDS ***
Dealt to Dorex2007 [Qd 6d]
SubAllos: folds 
SanduBRJ: raises $0.04 to $0.06
Dorex2007: folds 
Bloody1Ace: folds 
samiike: folds 
josecarlim: calls $0.06
tucimira: folds 
bauer_KK: folds 
IndigoShirt: folds 
*** FLOP *** [Ad 4d 9h]
SanduBRJ: checks 
josecarlim: bets $0.08
SanduBRJ: calls $0.08
*** TURN *** [Ad 4d 9h] [Js]
SanduBRJ: checks 
josecarlim: checks 
*** RIVER *** [Ad 4d 9h Js] [9d]
SanduBRJ: checks 
josecarlim: checks 
*** SHOW DOWN ***
SanduBRJ: shows [7d 7h] (two pair, Nines and Sevens)
josecarlim: shows [2s Jc] (two pair, Jacks and Nines)
josecarlim collected $0.30 from pot
*** SUMMARY ***
Total pot $0.31 | Rake $0.01 
Board [Ad 4d 9h Js 9d]
Seat 1: tucimira (button) folded before Flop (didn't bet)
Seat 2: bauer_KK (small blind) folded before Flop
Seat 3: IndigoShirt (big blind) folded before Flop
Seat 4: SubAllos folded before Flop (didn't bet)
Seat 5: SanduBRJ showed [7d 7h] and lost with two pair, Nines and Sevens
Seat 6: Dorex2007 folded before Flop (didn't bet)
Seat 7: Bloody1Ace folded before Flop (didn't bet)
Seat 8: samiike folded before Flop (didn't bet)
Seat 9: josecarlim showed [2s Jc] and won ($0.30) with two pair, Jacks and Nines



PokerStars Hand #238779558052:  Hold'em No Limit ($0.01/$0.02 USD) - 2022/09/21 14:57:12 PT [2022/09/21 17:57:12 ET]
Table 'Wesson III' 9-max Seat #2 is the button
Seat 1: tucimira ($2.65 in chips) 
Seat 2: bauer_KK ($2.06 in chips) 
Seat 3: IndigoShirt ($2 in chips) 
Seat 4: SubAllos ($1.91 in chips) 
Seat 5: SanduBRJ ($0.74 in chips) 
Seat 6: Dorex2007 ($2 in chips) 
Seat 7: Bloody1Ace ($1.45 in chips) 
Seat 8: samiike ($1.65 in chips) 
Seat 9: josecarlim ($3.39 in chips) 
IndigoShirt: posts small blind $0.01
SubAllos: posts big blind $0.02
*** HOLE CARDS ***
Dealt to Dorex2007 [8s 6d]
SanduBRJ: folds 
Dorex2007: folds 
Bloody1Ace: raises $0.02 to $0.04
samiike: folds 
josecarlim: raises $0.02 to $0.06
tucimira: folds 
bauer_KK: folds 
IndigoShirt: folds 
SubAllos: folds 
Bloody1Ace: raises $0.10 to $0.16
josecarlim: calls $0.10
*** FLOP *** [Qc 3d 8d]
Bloody1Ace: bets $0.28
josecarlim: calls $0.28
*** TURN *** [Qc 3d 8d] [9h]
Bloody1Ace: checks 
josecarlim: bets $0.44
Bloody1Ace: folds 
Uncalled bet ($0.44) returned to josecarlim
josecarlim collected $0.88 from pot
*** SUMMARY ***
Total pot $0.91 | Rake $0.03 
Board [Qc 3d 8d 9h]
Seat 1: tucimira folded before Flop (didn't bet)
Seat 2: bauer_KK (button) folded before Flop (didn't bet)
Seat 3: IndigoShirt (small blind) folded before Flop
Seat 4: SubAllos (big blind) folded before Flop
Seat 5: SanduBRJ folded before Flop (didn't bet)
Seat 6: Dorex2007 folded before Flop (didn't bet)
Seat 7: Bloody1Ace folded on the Turn
Seat 8: samiike folded before Flop (didn't bet)
Seat 9: josecarlim collected ($0.88)



PokerStars Hand #238779594795:  Hold'em No Limit ($0.01/$0.02 USD) - 2022/09/21 14:59:27 PT [2022/09/21 17:59:27 ET]
Table 'Wesson III' 9-max Seat #3 is the button
Seat 1: tucimira ($2.65 in chips) 
Seat 2: bauer_KK ($2.06 in chips) 
Seat 3: IndigoShirt ($2 in chips) 
Seat 4: SubAllos ($1.89 in chips) 
Seat 5: SanduBRJ ($0.74 in chips) 
Seat 6: Dorex2007 ($2 in chips) 
Seat 7: Bloody1Ace ($1.01 in chips) 
Seat 8: samiike ($1.65 in chips) 
Seat 9: josecarlim ($3.83 in chips) 
SubAllos: posts small blind $0.01
SanduBRJ: posts big blind $0.02
*** HOLE CARDS ***
Dealt to Dorex2007 [Jd 9h]
Dorex2007: folds 
Bloody1Ace: folds 
samiike: folds 
josecarlim: raises $0.05 to $0.07
tucimira: folds 
bauer_KK: folds 
IndigoShirt: folds 
SubAllos: folds 
SanduBRJ: folds 
Uncalled bet ($0.05) returned to josecarlim
josecarlim collected $0.05 from pot
*** SUMMARY ***
Total pot $0.05 | Rake $0 
Seat 1: tucimira folded before Flop (didn't bet)
Seat 2: bauer_KK folded before Flop (didn't bet)
Seat 3: IndigoShirt (button) folded before Flop (didn't bet)
Seat 4: SubAllos (small blind) folded before Flop
Seat 5: SanduBRJ (big blind) folded before Flop
Seat 6: Dorex2007 folded before Flop (didn't bet)
Seat 7: Bloody1Ace folded before Flop (didn't bet)
Seat 8: samiike folded before Flop (didn't bet)
Seat 9: josecarlim collected ($0.05)



PokerStars Hand #238779605431:  Hold'em No Limit ($0.01/$0.02 USD) - 2022/09/21 15:00:06 PT [2022/09/21 18:00:06 ET]
Table 'Wesson III' 9-max Seat #4 is the button
Seat 1: tucimira ($2.65 in chips) 
Seat 2: bauer_KK ($2.06 in chips) 
Seat 3: IndigoShirt ($2 in chips) 
Seat 4: SubAllos ($1.88 in chips) 
Seat 5: SanduBRJ ($0.72 in chips) 
Seat 6: Dorex2007 ($2 in chips) 
Seat 7: Bloody1Ace ($1.01 in chips) 
Seat 8: samiike ($1.65 in chips) 
Seat 9: josecarlim ($3.86 in chips) 
SanduBRJ: posts small blind $0.01
Dorex2007: posts big blind $0.02
*** HOLE CARDS ***
Dealt to Dorex2007 [8c 3s]
Bloody1Ace: folds 
samiike: folds 
josecarlim: raises $0.05 to $0.07
tucimira: calls $0.07
bauer_KK: folds 
IndigoShirt: folds 
SubAllos: folds 
SanduBRJ: folds 
Dorex2007: folds 
*** FLOP *** [2c Js Ks]
josecarlim: bets $0.08
tucimira: folds 
Uncalled bet ($0.08) returned to josecarlim
josecarlim collected $0.16 from pot
*** SUMMARY ***
Total pot $0.17 | Rake $0.01 
Board [2c Js Ks]
Seat 1: tucimira folded on the Flop
Seat 2: bauer_KK folded before Flop (didn't bet)
Seat 3: IndigoShirt folded before Flop (didn't bet)
Seat 4: SubAllos (button) folded before Flop (didn't bet)
Seat 5: SanduBRJ (small blind) folded before Flop
Seat 6: Dorex2007 (big blind) folded before Flop
Seat 7: Bloody1Ace folded before Flop (didn't bet)
Seat 8: samiike folded before Flop (didn't bet)
Seat 9: josecarlim collected ($0.16)



PokerStars Hand #238779617068:  Hold'em No Limit ($0.01/$0.02 USD) - 2022/09/21 15:00:46 PT [2022/09/21 18:00:46 ET]
Table 'Wesson III' 9-max Seat #5 is the button
Seat 1: tucimira ($2.58 in chips) 
Seat 2: bauer_KK ($2.06 in chips) 
Seat 3: IndigoShirt ($2 in chips) 
Seat 4: SubAllos ($1.88 in chips) 
Seat 5: SanduBRJ ($0.71 in chips) 
Seat 6: Dorex2007 ($2 in chips) 
Seat 7: Bloody1Ace ($1.01 in chips) 
Seat 8: samiike ($1.65 in chips) 
Seat 9: josecarlim ($3.95 in chips) 
Dorex2007: posts small blind $0.01
Bloody1Ace: posts big blind $0.02
*** HOLE CARDS ***
Dealt to Dorex2007 [8d Jd]
samiike: folds 
josecarlim: raises $0.09 to $0.11
tucimira: folds 
bauer_KK: folds 
IndigoShirt: folds 
SubAllos: folds 
SanduBRJ: folds 
Dorex2007: folds 
Bloody1Ace: folds 
Uncalled bet ($0.09) returned to josecarlim
josecarlim collected $0.05 from pot
*** SUMMARY ***
Total pot $0.05 | Rake $0 
Seat 1: tucimira folded before Flop (didn't bet)
Seat 2: bauer_KK folded before Flop (didn't bet)
Seat 3: IndigoShirt folded before Flop (didn't bet)
Seat 4: SubAllos folded before Flop (didn't bet)
Seat 5: SanduBRJ (button) folded before Flop (didn't bet)
Seat 6: Dorex2007 (small blind) folded before Flop
Seat 7: Bloody1Ace (big blind) folded before Flop
Seat 8: samiike folded before Flop (didn't bet)
Seat 9: josecarlim collected ($0.05)



PokerStars Hand #238779628132:  Hold'em No Limit ($0.01/$0.02 USD) - 2022/09/21 15:01:21 PT [2022/09/21 18:01:21 ET]
Table 'Wesson III' 9-max Seat #6 is the button
Seat 1: tucimira ($2.58 in chips) 
Seat 2: bauer_KK ($2.06 in chips) 
Seat 3: IndigoShirt ($2 in chips) 
Seat 4: SubAllos ($1.88 in chips) 
Seat 5: SanduBRJ ($0.71 in chips) 
Seat 6: Dorex2007 ($2 in chips) 
Seat 7: Bloody1Ace ($0.99 in chips) 
Seat 8: samiike ($1.65 in chips) 
Seat 9: josecarlim ($3.98 in chips) 
Bloody1Ace: posts small blind $0.01
samiike: posts big blind $0.02
*** HOLE CARDS ***
Dealt to Dorex2007 [8h Kh]
josecarlim: raises $0.07 to $0.09
tucimira: folds 
bauer_KK: folds 
IndigoShirt: folds 
SubAllos: folds 
SanduBRJ: folds 
Dorex2007: folds 
Bloody1Ace: folds 
samiike: calls $0.07
*** FLOP *** [Kd 2c 6s]
samiike: checks 
josecarlim: bets $0.02
samiike: calls $0.02
*** TURN *** [Kd 2c 6s] [3c]
samiike: checks 
josecarlim: checks 
*** RIVER *** [Kd 2c 6s 3c] [Ah]
samiike: checks 
josecarlim: bets $0.08
samiike: folds 
Uncalled bet ($0.08) returned to josecarlim
josecarlim collected $0.22 from pot
*** SUMMARY ***
Total pot $0.23 | Rake $0.01 
Board [Kd 2c 6s 3c Ah]
Seat 1: tucimira folded before Flop (didn't bet)
Seat 2: bauer_KK folded before Flop (didn't bet)
Seat 3: IndigoShirt folded before Flop (didn't bet)
Seat 4: SubAllos folded before Flop (didn't bet)
Seat 5: SanduBRJ folded before Flop (didn't bet)
Seat 6: Dorex2007 (button) folded before Flop (didn't bet)
Seat 7: Bloody1Ace (small blind) folded before Flop
Seat 8: samiike (big blind) folded on the River
Seat 9: josecarlim collected ($0.22)



PokerStars Hand #238779651367:  Hold'em No Limit ($0.01/$0.02 USD) - 2022/09/21 15:02:26 PT [2022/09/21 18:02:26 ET]
Table 'Wesson III' 9-max Seat #7 is the button
Seat 1: tucimira ($2.58 in chips) 
Seat 2: bauer_KK ($2.06 in chips) 
Seat 3: IndigoShirt ($2 in chips) 
Seat 4: SubAllos ($1.88 in chips) 
Seat 5: SanduBRJ ($0.71 in chips) 
Seat 6: Dorex2007 ($2 in chips) 
Seat 7: Bloody1Ace ($0.98 in chips) 
Seat 8: samiike ($1.54 in chips) 
Seat 9: josecarlim ($4.09 in chips) 
samiike: posts small blind $0.01
josecarlim: posts big blind $0.02
*** HOLE CARDS ***
Dealt to Dorex2007 [Kc 5h]
tucimira: folds 
bauer_KK: raises $0.04 to $0.06
IndigoShirt: folds 
SubAllos: folds 
SanduBRJ: calls $0.06
Dorex2007: folds 
Bloody1Ace: folds 
samiike: calls $0.05
josecarlim: raises $0.04 to $0.10
bauer_KK: calls $0.04
SanduBRJ: calls $0.04
samiike: calls $0.04
*** FLOP *** [Ac Td Ad]
samiike: checks 
josecarlim: bets $0.02
bauer_KK: calls $0.02
SanduBRJ: raises $0.59 to $0.61 and is all-in
samiike: folds 
josecarlim: folds 
bauer_KK: calls $0.59
*** TURN *** [Ac Td Ad] [Js]
*** RIVER *** [Ac Td Ad Js] [Tc]
*** SHOW DOWN ***
bauer_KK: shows [Qh Ah] (a full house, Aces full of Tens)
SanduBRJ: shows [4s As] (a full house, Aces full of Tens)
bauer_KK collected $0.79 from pot
SanduBRJ collected $0.79 from pot
*** SUMMARY ***
Total pot $1.64 | Rake $0.06 
Board [Ac Td Ad Js Tc]
Seat 1: tucimira folded before Flop (didn't bet)
Seat 2: bauer_KK showed [Qh Ah] and won ($0.79) with a full house, Aces full of Tens
Seat 3: IndigoShirt folded before Flop (didn't bet)
Seat 4: SubAllos folded before Flop (didn't bet)
Seat 5: SanduBRJ showed [4s As] and won ($0.79) with a full house, Aces full of Tens
Seat 6: Dorex2007 folded before Flop (didn't bet)
Seat 7: Bloody1Ace (button) folded before Flop (didn't bet)
Seat 8: samiike (small blind) folded on the Flop
Seat 9: josecarlim (big blind) folded on the Flop



PokerStars Hand #238779684077:  Hold'em No Limit ($0.01/$0.02 USD) - 2022/09/21 15:03:55 PT [2022/09/21 18:03:55 ET]
Table 'Wesson III' 9-max Seat #8 is the button
Seat 1: tucimira ($2.58 in chips) 
Seat 2: bauer_KK ($2.14 in chips) 
Seat 3: IndigoShirt ($2 in chips) 
Seat 4: SubAllos ($1.88 in chips) 
Seat 5: SanduBRJ ($0.79 in chips) 
Seat 6: Dorex2007 ($2 in chips) 
Seat 7: Bloody1Ace ($0.98 in chips) 
Seat 8: samiike ($1.44 in chips) 
Seat 9: josecarlim ($3.97 in chips) 
josecarlim: posts small blind $0.01
tucimira: posts big blind $0.02
*** HOLE CARDS ***
Dealt to Dorex2007 [Kd 9h]
bauer_KK: folds 
IndigoShirt: folds 
SubAllos: raises $0.04 to $0.06
SanduBRJ: folds 
Dorex2007: folds 
Bloody1Ace: folds 
samiike: folds 
josecarlim: calls $0.05
tucimira: folds 
*** FLOP *** [4h 2h Qc]
josecarlim: bets $0.14
SubAllos: raises $0.14 to $0.28
josecarlim: calls $0.14
*** TURN *** [4h 2h Qc] [5d]
josecarlim: bets $0.02
SubAllos: raises $0.32 to $0.34
josecarlim: calls $0.32
*** RIVER *** [4h 2h Qc 5d] [4s]
josecarlim: bets $0.02
SubAllos: raises $1.18 to $1.20 and is all-in
josecarlim: calls $1.18
*** SHOW DOWN ***
SubAllos: shows [Ac As] (two pair, Aces and Fours)
josecarlim: shows [Qs 3h] (two pair, Queens and Fours)
SubAllos collected $3.65 from pot
*** SUMMARY ***
Total pot $3.78 | Rake $0.13 
Board [4h 2h Qc 5d 4s]
Seat 1: tucimira (big blind) folded before Flop
Seat 2: bauer_KK folded before Flop (didn't bet)
Seat 3: IndigoShirt folded before Flop (didn't bet)
Seat 4: SubAllos showed [Ac As] and won ($3.65) with two pair, Aces and Fours
Seat 5: SanduBRJ folded before Flop (didn't bet)
Seat 6: Dorex2007 folded before Flop (didn't bet)
Seat 7: Bloody1Ace folded before Flop (didn't bet)
Seat 8: samiike (button) folded before Flop (didn't bet)
Seat 9: josecarlim (small blind) showed [Qs 3h] and lost with two pair, Queens and Fours



PokerStars Hand #238779713415:  Hold'em No Limit ($0.01/$0.02 USD) - 2022/09/21 15:05:14 PT [2022/09/21 18:05:14 ET]
Table 'Wesson III' 9-max Seat #9 is the button
Seat 1: tucimira ($2.56 in chips) 
Seat 2: bauer_KK ($2.14 in chips) 
Seat 3: IndigoShirt ($2 in chips) 
Seat 4: SubAllos ($3.65 in chips) 
Seat 5: SanduBRJ ($0.79 in chips) 
Seat 6: Dorex2007 ($2 in chips) 
Seat 7: Bloody1Ace ($0.98 in chips) 
Seat 8: samiike ($1.44 in chips) 
Seat 9: josecarlim ($2.09 in chips) 
tucimira: posts small blind $0.01
bauer_KK: posts big blind $0.02
*** HOLE CARDS ***
Dealt to Dorex2007 [9h 4d]
IndigoShirt: raises $0.05 to $0.07
SubAllos: folds 
SanduBRJ: calls $0.07
Dorex2007: folds 
Bloody1Ace: calls $0.07
samiike: calls $0.07
josecarlim: raises $0.05 to $0.12
tucimira: folds 
bauer_KK: folds 
IndigoShirt: calls $0.05
SanduBRJ: calls $0.05
Bloody1Ace: calls $0.05
samiike: calls $0.05
*** FLOP *** [Qh 3s 7h]
IndigoShirt: checks 
SanduBRJ: checks 
Bloody1Ace: checks 
samiike: checks 
josecarlim: folds 
*** TURN *** [Qh 3s 7h] [4c]
josecarlim leaves the table
IndigoShirt: checks 
SanduBRJ: checks 
Bloody1Ace: bets $0.40
samiike: folds 
IndigoShirt: folds 
SanduBRJ: folds 
Uncalled bet ($0.40) returned to Bloody1Ace
Bloody1Ace collected $0.61 from pot
Bloody1Ace: doesn't show hand 
*** SUMMARY ***
Total pot $0.63 | Rake $0.02 
Board [Qh 3s 7h 4c]
Seat 1: tucimira (small blind) folded before Flop
Seat 2: bauer_KK (big blind) folded before Flop
Seat 3: IndigoShirt folded on the Turn
Seat 4: SubAllos folded before Flop (didn't bet)
Seat 5: SanduBRJ folded on the Turn
Seat 6: Dorex2007 folded before Flop (didn't bet)
Seat 7: Bloody1Ace collected ($0.61)
Seat 8: samiike folded on the Turn
Seat 9: josecarlim (button) folded on the Flop



PokerStars Hand #238779760852:  Hold'em No Limit ($0.01/$0.02 USD) - 2022/09/21 15:07:23 PT [2022/09/21 18:07:23 ET]
Table 'Wesson III' 9-max Seat #1 is the button
Seat 1: tucimira ($2.55 in chips) 
Seat 2: bauer_KK ($2.12 in chips) 
Seat 3: IndigoShirt ($2 in chips) 
Seat 4: SubAllos ($3.65 in chips) 
Seat 5: SanduBRJ ($0.67 in chips) 
Seat 6: Dorex2007 ($2 in chips) 
Seat 7: Bloody1Ace ($1.47 in chips) 
Seat 8: samiike ($1.32 in chips) 
bauer_KK: posts small blind $0.01
IndigoShirt: posts big blind $0.02
*** HOLE CARDS ***
Dealt to Dorex2007 [4h Qd]
SubAllos: folds 
SanduBRJ: folds 
Dorex2007: folds 
Bloody1Ace: folds 
samiike: folds 
tucimira: folds 
bauer_KK: calls $0.01
IndigoShirt: checks 
*** FLOP *** [4s 2h 8c]
bauer_KK: checks 
IndigoShirt: bets $0.02
bauer_KK: folds 
Uncalled bet ($0.02) returned to IndigoShirt
IndigoShirt collected $0.04 from pot
IndigoShirt: doesn't show hand 
*** SUMMARY ***
Total pot $0.04 | Rake $0 
Board [4s 2h 8c]
Seat 1: tucimira (button) folded before Flop (didn't bet)
Seat 2: bauer_KK (small blind) folded on the Flop
Seat 3: IndigoShirt (big blind) collected ($0.04)
Seat 4: SubAllos folded before Flop (didn't bet)
Seat 5: SanduBRJ folded before Flop (didn't bet)
Seat 6: Dorex2007 folded before Flop (didn't bet)
Seat 7: Bloody1Ace folded before Flop (didn't bet)
Seat 8: samiike folded before Flop (didn't bet)



PokerStars Hand #238779777361:  Hold'em No Limit ($0.01/$0.02 USD) - 2022/09/21 15:08:08 PT [2022/09/21 18:08:08 ET]
Table 'Wesson III' 9-max Seat #2 is the button
Seat 1: tucimira ($2.55 in chips) 
Seat 2: bauer_KK ($2.10 in chips) 
Seat 3: IndigoShirt ($2.02 in chips) 
Seat 4: SubAllos ($3.65 in chips) 
Seat 5: SanduBRJ ($0.67 in chips) 
Seat 6: Dorex2007 ($2 in chips) 
Seat 7: Bloody1Ace ($1.47 in chips) 
Seat 8: samiike ($1.32 in chips) 
IndigoShirt: posts small blind $0.01
SubAllos: posts big blind $0.02
*** HOLE CARDS ***
Dealt to Dorex2007 [3h 8s]
SanduBRJ has timed out
SanduBRJ: folds 
Dorex2007: folds 
Bloody1Ace: raises $0.04 to $0.06
samiike: folds 
tucimira: calls $0.06
bauer_KK: folds 
IndigoShirt: folds 
SubAllos: calls $0.04
*** FLOP *** [3d Ks 3c]
SubAllos: checks 
Bloody1Ace: bets $0.09
tucimira: folds 
SubAllos: folds 
Uncalled bet ($0.09) returned to Bloody1Ace
Bloody1Ace collected $0.18 from pot
Bloody1Ace: doesn't show hand 
t8yef joins the table at seat #9 
*** SUMMARY ***
Total pot $0.19 | Rake $0.01 
Board [3d Ks 3c]
Seat 1: tucimira folded on the Flop
Seat 2: bauer_KK (button) folded before Flop (didn't bet)
Seat 3: IndigoShirt (small blind) folded before Flop
Seat 4: SubAllos (big blind) folded on the Flop
Seat 5: SanduBRJ folded before Flop (didn't bet)
Seat 6: Dorex2007 folded before Flop (didn't bet)
Seat 7: Bloody1Ace collected ($0.18)
Seat 8: samiike folded before Flop (didn't bet)



PokerStars Hand #238779796972:  Hold'em No Limit ($0.01/$0.02 USD) - 2022/09/21 15:09:02 PT [2022/09/21 18:09:02 ET]
Table 'Wesson III' 9-max Seat #3 is the button
Seat 2: bauer_KK ($2.10 in chips) 
Seat 3: IndigoShirt ($2.01 in chips) 
Seat 4: SubAllos ($3.59 in chips) 
Seat 5: SanduBRJ ($0.67 in chips) 
Seat 6: Dorex2007 ($2 in chips) 
Seat 7: Bloody1Ace ($1.59 in chips) 
Seat 8: samiike ($1.32 in chips) 
SubAllos: posts small blind $0.01
SanduBRJ: posts big blind $0.02
t8yef: sits out 
*** HOLE CARDS ***
Dealt to Dorex2007 [9d Kd]
Dorex2007: folds 
Bloody1Ace: folds 
samiike: folds 
bauer_KK: calls $0.02
IndigoShirt: folds 
SubAllos: raises $0.04 to $0.06
SanduBRJ: folds 
bauer_KK: calls $0.04
*** FLOP *** [8s 2c 7s]
SubAllos: bets $0.07
bauer_KK: calls $0.07
*** TURN *** [8s 2c 7s] [5c]
SubAllos: bets $0.13
bauer_KK: folds 
Uncalled bet ($0.13) returned to SubAllos
SubAllos collected $0.27 from pot
SubAllos: doesn't show hand 
*** SUMMARY ***
Total pot $0.28 | Rake $0.01 
Board [8s 2c 7s 5c]
Seat 2: bauer_KK folded on the Turn
Seat 3: IndigoShirt (button) folded before Flop (didn't bet)
Seat 4: SubAllos (small blind) collected ($0.27)
Seat 5: SanduBRJ (big blind) folded before Flop
Seat 6: Dorex2007 folded before Flop (didn't bet)
Seat 7: Bloody1Ace folded before Flop (didn't bet)
Seat 8: samiike folded before Flop (didn't bet)



PokerStars Hand #238779812372:  Hold'em No Limit ($0.01/$0.02 USD) - 2022/09/21 15:09:45 PT [2022/09/21 18:09:45 ET]
Table 'Wesson III' 9-max Seat #4 is the button
Seat 2: bauer_KK ($2 in chips) 
Seat 3: IndigoShirt ($2.01 in chips) 
Seat 4: SubAllos ($3.73 in chips) 
Seat 5: SanduBRJ ($0.65 in chips) 
Seat 6: Dorex2007 ($2 in chips) 
Seat 7: Bloody1Ace ($1.59 in chips) 
Seat 8: samiike ($1.32 in chips) 
Seat 9: t8yef ($2 in chips) 
SanduBRJ: posts small blind $0.01
Dorex2007: posts big blind $0.02
t8yef: posts big blind $0.02
*** HOLE CARDS ***
Dealt to Dorex2007 [8d 9c]
Bloody1Ace: folds 
samiike: folds 
t8yef: checks 
bauer_KK: folds 
IndigoShirt: folds 
SubAllos: raises $0.04 to $0.06
SanduBRJ: folds 
Dorex2007: folds 
t8yef: calls $0.04
*** FLOP *** [Qd Td 4d]
t8yef: checks 
SubAllos: bets $0.07
t8yef: folds 
Uncalled bet ($0.07) returned to SubAllos
SubAllos collected $0.14 from pot
SubAllos: doesn't show hand 
*** SUMMARY ***
Total pot $0.15 | Rake $0.01 
Board [Qd Td 4d]
Seat 2: bauer_KK folded before Flop (didn't bet)
Seat 3: IndigoShirt folded before Flop (didn't bet)
Seat 4: SubAllos (button) collected ($0.14)
Seat 5: SanduBRJ (small blind) folded before Flop
Seat 6: Dorex2007 (big blind) folded before Flop
Seat 7: Bloody1Ace folded before Flop (didn't bet)
Seat 8: samiike folded before Flop (didn't bet)
Seat 9: t8yef folded on the Flop



