
*********** # 1 **************
PokerStars Hand #237088405748:  Hold'em No Limit ($0.01/$0.02 USD) - 2022/06/30 19:20:31 PT [2022/06/30 22:20:31 ET]
Table 'Muphrid' 9-max Seat #9 is the button
Seat 2: dlolo30 ($1.96 in chips)
Seat 3: deileon ($4.67 in chips)
Seat 4: perffect16 ($2 in chips)
Seat 5: Dorex2007 ($4.03 in chips)
Seat 6: Vinicius P13 ($0.75 in chips)
Seat 7: Pokon ($1.50 in chips)
Seat 8: Nicolai5115 ($0.52 in chips)
Seat 9: deehrulez ($2.06 in chips)
dlolo30: posts small blind $0.01
deileon: posts big blind $0.02
*** HOLE CARDS ***
Dealt to Dorex2007 [8d 6c]
perffect16: folds
Dorex2007: folds
Vinicius P13: calls $0.02
Pokon: folds
Dorex2007 leaves the table
Nicolai5115: raises $0.04 to $0.06
deehrulez: folds
dlolo30: folds
deileon: folds
Vinicius P13: calls $0.04
*** FLOP *** [7c 4c As]
Vinicius P13: checks
Nicolai5115: bets $0.14
Vinicius P13: calls $0.14
*** TURN *** [7c 4c As] [3c]
Vinicius P13: checks
Nicolai5115: checks
*** RIVER *** [7c 4c As 3c] [Jd]
Vinicius P13: bets $0.20
Nicolai5115: calls $0.20
*** SHOW DOWN ***
Vinicius P13: shows [Qc Jc] (a flush, Queen high)
Nicolai5115: mucks hand
Vinicius P13 collected $0.80 from pot
*** SUMMARY ***
Total pot $0.83 | Rake $0.03
Board [7c 4c As 3c Jd]
Seat 2: dlolo30 (small blind) folded before Flop
Seat 3: deileon (big blind) folded before Flop
Seat 4: perffect16 folded before Flop (didn't bet)
Seat 5: Dorex2007 folded before Flop (didn't bet)
Seat 6: Vinicius P13 showed [Qc Jc] and won ($0.80) with a flush, Queen high
Seat 7: Pokon folded before Flop (didn't bet)
Seat 8: Nicolai5115 mucked [Td Ad]
Seat 9: deehrulez (button) folded before Flop (didn't bet)


*********** # 2 **************
PokerStars Hand #237088388613:  Hold'em No Limit ($0.01/$0.02 USD) - 2022/06/30 19:19:46 PT [2022/06/30 22:19:46 ET]
Table 'Muphrid' 9-max Seat #8 is the button
Seat 2: dlolo30 ($1.98 in chips)
Seat 3: deileon ($4.67 in chips)
Seat 4: perffect16 ($2 in chips)
Seat 5: Dorex2007 ($4.03 in chips)
Seat 6: Vinicius P13 ($0.75 in chips)
Seat 7: Pokon ($1.61 in chips)
Seat 8: Nicolai5115 ($0.52 in chips)
Seat 9: deehrulez ($1.94 in chips)
deehrulez: posts small blind $0.01
dlolo30: posts big blind $0.02
*** HOLE CARDS ***
Dealt to Dorex2007 [9s 2s]
deileon: folds
perffect16: folds
Dorex2007: folds
Vinicius P13: folds
Pokon: raises $0.04 to $0.06
Nicolai5115: folds
deehrulez: calls $0.05
dlolo30: folds
*** FLOP *** [Js Kd 4d]
deehrulez: bets $0.05
Pokon: calls $0.05
*** TURN *** [Js Kd 4d] [Th]
deehrulez: bets $0.08
Pokon: folds
Uncalled bet ($0.08) returned to deehrulez
deehrulez collected $0.23 from pot
*** SUMMARY ***
Total pot $0.24 | Rake $0.01
Board [Js Kd 4d Th]
Seat 2: dlolo30 (big blind) folded before Flop
Seat 3: deileon folded before Flop (didn't bet)
Seat 4: perffect16 folded before Flop (didn't bet)
Seat 5: Dorex2007 folded before Flop (didn't bet)
Seat 6: Vinicius P13 folded before Flop (didn't bet)
Seat 7: Pokon folded on the Turn
Seat 8: Nicolai5115 (button) folded before Flop (didn't bet)
Seat 9: deehrulez (small blind) collected ($0.23)


*********** # 3 **************
PokerStars Hand #237088377655:  Hold'em No Limit ($0.01/$0.02 USD) - 2022/06/30 19:18:48 PT [2022/06/30 22:18:48 ET]
Table 'Muphrid' 9-max Seat #7 is the button
Seat 1: tayde310 ($4.01 in chips)
Seat 2: dlolo30 ($1.98 in chips)
Seat 3: deileon ($4.67 in chips)
Seat 4: perffect16 ($2 in chips)
Seat 5: Dorex2007 ($4.03 in chips)
Seat 6: Vinicius P13 ($0.75 in chips)
Seat 7: Pokon ($1.61 in chips)
Seat 8: Nicolai5115 ($0.54 in chips)
Seat 9: deehrulez ($1.92 in chips)
Nicolai5115: posts small blind $0.01
deehrulez: posts big blind $0.02
*** HOLE CARDS ***
Dealt to Dorex2007 [9s 5h]
tayde310: folds
tayde310 leaves the table
dlolo30: folds
deileon: folds
perffect16: folds
Dorex2007: folds
Vinicius P13: folds
Pokon has timed out
Pokon: folds
Nicolai5115: calls $0.01
deehrulez: checks
*** FLOP *** [As 3c Qh]
Nicolai5115: checks
deehrulez: bets $0.06
Nicolai5115: folds
Uncalled bet ($0.06) returned to deehrulez
deehrulez collected $0.04 from pot
*** SUMMARY ***
Total pot $0.04 | Rake $0
Board [As 3c Qh]
Seat 1: tayde310 folded before Flop (didn't bet)
Seat 2: dlolo30 folded before Flop (didn't bet)
Seat 3: deileon folded before Flop (didn't bet)
Seat 4: perffect16 folded before Flop (didn't bet)
Seat 5: Dorex2007 folded before Flop (didn't bet)
Seat 6: Vinicius P13 folded before Flop (didn't bet)
Seat 7: Pokon (button) folded before Flop (didn't bet)
Seat 8: Nicolai5115 (small blind) folded on the Flop
Seat 9: deehrulez (big blind) collected ($0.04)


*********** # 4 **************
PokerStars Hand #237088370599:  Hold'em No Limit ($0.01/$0.02 USD) - 2022/06/30 19:18:10 PT [2022/06/30 22:18:10 ET]
Table 'Muphrid' 9-max Seat #6 is the button
Seat 1: tayde310 ($4.06 in chips)
Seat 2: dlolo30 ($1.98 in chips)
Seat 3: deileon ($4.67 in chips)
Seat 4: perffect16 ($2 in chips)
Seat 5: Dorex2007 ($4.03 in chips)
Seat 6: Vinicius P13 ($0.75 in chips)
Seat 7: Pokon ($1.66 in chips)
Seat 8: Nicolai5115 ($0.45 in chips)
Seat 9: deehrulez ($1.92 in chips)
Pokon: posts small blind $0.01
Nicolai5115: posts big blind $0.02
*** HOLE CARDS ***
Dealt to Dorex2007 [8c Kh]
deehrulez: folds
tayde310: raises $0.03 to $0.05
dlolo30: folds
deileon: folds
perffect16: folds
Dorex2007: folds
Vinicius P13: folds
Pokon: calls $0.04
Nicolai5115: calls $0.03
*** FLOP *** [Ah 6c 2s]
Pokon: checks
Nicolai5115: checks
tayde310: checks
*** TURN *** [Ah 6c 2s] [Tc]
Pokon: checks
Nicolai5115: bets $0.14
tayde310: folds
Pokon: folds
Uncalled bet ($0.14) returned to Nicolai5115
Nicolai5115 collected $0.14 from pot
Nicolai5115: doesn't show hand
*** SUMMARY ***
Total pot $0.15 | Rake $0.01
Board [Ah 6c 2s Tc]
Seat 1: tayde310 folded on the Turn
Seat 2: dlolo30 folded before Flop (didn't bet)
Seat 3: deileon folded before Flop (didn't bet)
Seat 4: perffect16 folded before Flop (didn't bet)
Seat 5: Dorex2007 folded before Flop (didn't bet)
Seat 6: Vinicius P13 (button) folded before Flop (didn't bet)
Seat 7: Pokon (small blind) folded on the Turn
Seat 8: Nicolai5115 (big blind) collected ($0.14)
Seat 9: deehrulez folded before Flop (didn't bet)


*********** # 5 **************
PokerStars Hand #237088358814:  Hold'em No Limit ($0.01/$0.02 USD) - 2022/06/30 19:17:08 PT [2022/06/30 22:17:08 ET]
Table 'Muphrid' 9-max Seat #5 is the button
Seat 1: tayde310 ($4.06 in chips)
Seat 2: dlolo30 ($1.98 in chips)
Seat 3: deileon ($4.54 in chips)
Seat 4: perffect16 ($2 in chips)
Seat 5: Dorex2007 ($4.03 in chips)
Seat 6: Vinicius P13 ($0.83 in chips)
Seat 7: Pokon ($1.68 in chips)
Seat 8: Nicolai5115 ($0.45 in chips)
Seat 9: deehrulez ($1.92 in chips)
Vinicius P13: posts small blind $0.01
Pokon: posts big blind $0.02
*** HOLE CARDS ***
Dealt to Dorex2007 [2s Kh]
Nicolai5115: folds
deehrulez: folds
tayde310: folds
dlolo30: folds
deileon: calls $0.02
perffect16: calls $0.02
Dorex2007: folds
Vinicius P13: calls $0.01
Pokon: checks
*** FLOP *** [9c Qd 7c]
Vinicius P13: checks
Pokon: checks
deileon: bets $0.02
perffect16: calls $0.02
Vinicius P13: calls $0.02
Pokon: folds
*** TURN *** [9c Qd 7c] [6h]
Vinicius P13: checks
deileon: bets $0.02
perffect16: folds
Vinicius P13: calls $0.02
*** RIVER *** [9c Qd 7c 6h] [8d]
Vinicius P13: checks
deileon: bets $0.02
Vinicius P13: calls $0.02
*** SHOW DOWN ***
deileon: shows [Qs Js] (a pair of Queens)
Vinicius P13: mucks hand
deileon collected $0.21 from pot
*** SUMMARY ***
Total pot $0.22 | Rake $0.01
Board [9c Qd 7c 6h 8d]
Seat 1: tayde310 folded before Flop (didn't bet)
Seat 2: dlolo30 folded before Flop (didn't bet)
Seat 3: deileon showed [Qs Js] and won ($0.21) with a pair of Queens
Seat 4: perffect16 folded on the Turn
Seat 5: Dorex2007 (button) folded before Flop (didn't bet)
Seat 6: Vinicius P13 (small blind) mucked [3c 7h]
Seat 7: Pokon (big blind) folded on the Flop
Seat 8: Nicolai5115 folded before Flop (didn't bet)
Seat 9: deehrulez folded before Flop (didn't bet)


*********** # 6 **************
PokerStars Hand #237088350223:  Hold'em No Limit ($0.01/$0.02 USD) - 2022/06/30 19:16:22 PT [2022/06/30 22:16:22 ET]
Table 'Muphrid' 9-max Seat #4 is the button
Seat 1: tayde310 ($4.06 in chips)
Seat 2: dlolo30 ($1.98 in chips)
Seat 3: deileon ($4.56 in chips)
Seat 4: perffect16 ($2 in chips)
Seat 5: Dorex2007 ($4.04 in chips)
Seat 6: Vinicius P13 ($0.73 in chips)
Seat 7: Pokon ($1.68 in chips)
Seat 8: Nicolai5115 ($0.53 in chips)
Seat 9: deehrulez ($1.92 in chips)
Dorex2007: posts small blind $0.01
Vinicius P13: posts big blind $0.02
*** HOLE CARDS ***
Dealt to Dorex2007 [Qs 4d]
Pokon: folds
Nicolai5115: calls $0.02
deehrulez: folds
tayde310: folds
dlolo30: folds
deileon: calls $0.02
perffect16: folds
Dorex2007: folds
Vinicius P13: checks
*** FLOP *** [2h Ac 9h]
Vinicius P13: checks
Nicolai5115: checks
deileon: checks
*** TURN *** [2h Ac 9h] [Jh]
Vinicius P13: bets $0.02
Nicolai5115: calls $0.02
deileon: folds
*** RIVER *** [2h Ac 9h Jh] [Kc]
Vinicius P13: bets $0.04
Nicolai5115: calls $0.04
*** SHOW DOWN ***
Vinicius P13: shows [Ks 2s] (two pair, Kings and Deuces)
Nicolai5115: mucks hand
Vinicius P13 collected $0.18 from pot
*** SUMMARY ***
Total pot $0.19 | Rake $0.01
Board [2h Ac 9h Jh Kc]
Seat 1: tayde310 folded before Flop (didn't bet)
Seat 2: dlolo30 folded before Flop (didn't bet)
Seat 3: deileon folded on the Turn
Seat 4: perffect16 (button) folded before Flop (didn't bet)
Seat 5: Dorex2007 (small blind) folded before Flop
Seat 6: Vinicius P13 (big blind) showed [Ks 2s] and won ($0.18) with two pair, Kings and Deuces
Seat 7: Pokon folded before Flop (didn't bet)
Seat 8: Nicolai5115 mucked [Qd Kh]
Seat 9: deehrulez folded before Flop (didn't bet)


*********** # 7 **************
PokerStars Hand #237088342625:  Hold'em No Limit ($0.01/$0.02 USD) - 2022/06/30 19:15:41 PT [2022/06/30 22:15:41 ET]
Table 'Muphrid' 9-max Seat #3 is the button
Seat 1: tayde310 ($3.99 in chips)
Seat 2: dlolo30 ($1.98 in chips)
Seat 3: deileon ($4.56 in chips)
Seat 4: perffect16 ($2.01 in chips)
Seat 5: Dorex2007 ($4.06 in chips)
Seat 6: Vinicius P13 ($0.75 in chips)
Seat 7: Pokon ($1.70 in chips)
Seat 8: Nicolai5115 ($0.53 in chips)
Seat 9: deehrulez ($1.92 in chips)
perffect16: posts small blind $0.01
Dorex2007: posts big blind $0.02
*** HOLE CARDS ***
Dealt to Dorex2007 [Ts Qh]
Vinicius P13: calls $0.02
Pokon: calls $0.02
Nicolai5115: folds
deehrulez: folds
tayde310: raises $0.07 to $0.09
dlolo30: folds
deileon: folds
perffect16: folds
Dorex2007: folds
Vinicius P13: folds
Pokon: folds
Uncalled bet ($0.07) returned to tayde310
tayde310 collected $0.09 from pot
*** SUMMARY ***
Total pot $0.09 | Rake $0
Seat 1: tayde310 collected ($0.09)
Seat 2: dlolo30 folded before Flop (didn't bet)
Seat 3: deileon (button) folded before Flop (didn't bet)
Seat 4: perffect16 (small blind) folded before Flop
Seat 5: Dorex2007 (big blind) folded before Flop
Seat 6: Vinicius P13 folded before Flop
Seat 7: Pokon folded before Flop
Seat 8: Nicolai5115 folded before Flop (didn't bet)
Seat 9: deehrulez folded before Flop (didn't bet)


*********** # 8 **************
PokerStars Hand #237088337654:  Hold'em No Limit ($0.01/$0.02 USD) - 2022/06/30 19:15:14 PT [2022/06/30 22:15:14 ET]
Table 'Muphrid' 9-max Seat #2 is the button
Seat 1: tayde310 ($3.99 in chips)
Seat 2: dlolo30 ($1.98 in chips)
Seat 3: deileon ($4.57 in chips)
Seat 4: perffect16 ($2.03 in chips)
Seat 5: Dorex2007 ($4.06 in chips)
Seat 6: Vinicius P13 ($0.75 in chips)
Seat 7: Pokon ($1.70 in chips)
Seat 8: Nicolai5115 ($0.53 in chips)
Seat 9: deehrulez ($1.89 in chips)
deileon: posts small blind $0.01
perffect16: posts big blind $0.02
*** HOLE CARDS ***
Dealt to Dorex2007 [9d 4c]
Dorex2007: folds
Vinicius P13: folds
Pokon: folds
Nicolai5115: folds
deehrulez: raises $0.02 to $0.04
tayde310: folds
dlolo30: folds
deileon: folds
perffect16: folds
Uncalled bet ($0.02) returned to deehrulez
deehrulez collected $0.05 from pot
*** SUMMARY ***
Total pot $0.05 | Rake $0
Seat 1: tayde310 folded before Flop (didn't bet)
Seat 2: dlolo30 (button) folded before Flop (didn't bet)
Seat 3: deileon (small blind) folded before Flop
Seat 4: perffect16 (big blind) folded before Flop
Seat 5: Dorex2007 folded before Flop (didn't bet)
Seat 6: Vinicius P13 folded before Flop (didn't bet)
Seat 7: Pokon folded before Flop (didn't bet)
Seat 8: Nicolai5115 folded before Flop (didn't bet)
Seat 9: deehrulez collected ($0.05)


*********** # 9 **************
PokerStars Hand #237088329360:  Hold'em No Limit ($0.01/$0.02 USD) - 2022/06/30 19:14:30 PT [2022/06/30 22:14:30 ET]
Table 'Muphrid' 9-max Seat #1 is the button
Seat 1: tayde310 ($3.99 in chips)
Seat 2: dlolo30 ($1.99 in chips)
Seat 3: deileon ($4.59 in chips)
Seat 4: perffect16 ($2 in chips)
Seat 5: Dorex2007 ($4.06 in chips)
Seat 6: Vinicius P13 ($0.75 in chips)
Seat 7: Pokon ($1.70 in chips)
Seat 8: Nicolai5115 ($0.53 in chips)
Seat 9: deehrulez ($1.89 in chips)
dlolo30: posts small blind $0.01
deileon: posts big blind $0.02
*** HOLE CARDS ***
Dealt to Dorex2007 [4h Kc]
perffect16: calls $0.02
Dorex2007: folds
Vinicius P13: folds
Pokon: folds
Nicolai5115: folds
deehrulez: folds
tayde310: folds
dlolo30: folds
deileon: checks
*** FLOP *** [8c Kd 3c]
deileon: checks
perffect16: checks
*** TURN *** [8c Kd 3c] [Qc]
deileon: checks
perffect16: bets $0.05
deileon: folds
Uncalled bet ($0.05) returned to perffect16
perffect16 collected $0.05 from pot
perffect16: doesn't show hand
*** SUMMARY ***
Total pot $0.05 | Rake $0
Board [8c Kd 3c Qc]
Seat 1: tayde310 (button) folded before Flop (didn't bet)
Seat 2: dlolo30 (small blind) folded before Flop
Seat 3: deileon (big blind) folded on the Turn
Seat 4: perffect16 collected ($0.05)
Seat 5: Dorex2007 folded before Flop (didn't bet)
Seat 6: Vinicius P13 folded before Flop (didn't bet)
Seat 7: Pokon folded before Flop (didn't bet)
Seat 8: Nicolai5115 folded before Flop (didn't bet)
Seat 9: deehrulez folded before Flop (didn't bet)


*********** # 10 **************
PokerStars Hand #237088325010:  Hold'em No Limit ($0.01/$0.02 USD) - 2022/06/30 19:14:06 PT [2022/06/30 22:14:06 ET]
Table 'Muphrid' 9-max Seat #9 is the button
Seat 1: tayde310 ($4 in chips)
Seat 2: dlolo30 ($1.98 in chips)
Seat 3: deileon ($4.59 in chips)
Seat 4: perffect16 ($2 in chips)
Seat 5: Dorex2007 ($4.06 in chips)
Seat 6: Vinicius P13 ($0.75 in chips)
Seat 7: Pokon ($1.70 in chips)
Seat 8: Nicolai5115 ($0.53 in chips)
Seat 9: deehrulez ($1.89 in chips)
tayde310: posts small blind $0.01
dlolo30: posts big blind $0.02
*** HOLE CARDS ***
Dealt to Dorex2007 [9c Tc]
deileon: folds
perffect16: folds
Dorex2007: folds
Vinicius P13: folds
Pokon: folds
Nicolai5115: folds
deehrulez: folds
tayde310: folds
Uncalled bet ($0.01) returned to dlolo30
dlolo30 collected $0.02 from pot
dlolo30: doesn't show hand
*** SUMMARY ***
Total pot $0.02 | Rake $0
Seat 1: tayde310 (small blind) folded before Flop
Seat 2: dlolo30 (big blind) collected ($0.02)
Seat 3: deileon folded before Flop (didn't bet)
Seat 4: perffect16 folded before Flop (didn't bet)
Seat 5: Dorex2007 folded before Flop (didn't bet)
Seat 6: Vinicius P13 folded before Flop (didn't bet)
Seat 7: Pokon folded before Flop (didn't bet)
Seat 8: Nicolai5115 folded before Flop (didn't bet)
Seat 9: deehrulez (button) folded before Flop (didn't bet)


*********** # 11 **************
PokerStars Hand #237088313506:  Hold'em No Limit ($0.01/$0.02 USD) - 2022/06/30 19:13:05 PT [2022/06/30 22:13:05 ET]
Table 'Muphrid' 9-max Seat #8 is the button
Seat 1: tayde310 ($4.02 in chips)
Seat 2: dlolo30 ($1.98 in chips)
Seat 3: deileon ($4.61 in chips)
Seat 4: perffect16 ($2 in chips)
Seat 5: Dorex2007 ($3.79 in chips)
Seat 6: Vinicius P13 ($0.75 in chips)
Seat 7: Pokon ($1.70 in chips)
Seat 8: Nicolai5115 ($0.77 in chips)
Seat 9: deehrulez ($1.90 in chips)
deehrulez: posts small blind $0.01
tayde310: posts big blind $0.02
*** HOLE CARDS ***
Dealt to Dorex2007 [8s 8c]
dlolo30: folds
deileon: calls $0.02
perffect16: folds
Dorex2007: calls $0.02
Vinicius P13: folds
Pokon: folds
Nicolai5115: calls $0.02
deehrulez: folds
tayde310: checks
*** FLOP *** [Td 8h 5c]
tayde310: checks
deileon: checks
Dorex2007: bets $0.09
Nicolai5115: calls $0.09
tayde310: folds
deileon: folds
*** TURN *** [Td 8h 5c] [Qh]
Dorex2007: checks
Nicolai5115: checks
*** RIVER *** [Td 8h 5c Qh] [6h]
Dorex2007: bets $0.13
Nicolai5115: calls $0.13
*** SHOW DOWN ***
Dorex2007: shows [8s 8c] (three of a kind, Eights)
Nicolai5115: mucks hand
Dorex2007 collected $0.51 from pot
*** SUMMARY ***
Total pot $0.53 | Rake $0.02
Board [Td 8h 5c Qh 6h]
Seat 1: tayde310 (big blind) folded on the Flop
Seat 2: dlolo30 folded before Flop (didn't bet)
Seat 3: deileon folded on the Flop
Seat 4: perffect16 folded before Flop (didn't bet)
Seat 5: Dorex2007 showed [8s 8c] and won ($0.51) with three of a kind, Eights
Seat 6: Vinicius P13 folded before Flop (didn't bet)
Seat 7: Pokon folded before Flop (didn't bet)
Seat 8: Nicolai5115 (button) mucked [Tc Jc]
Seat 9: deehrulez (small blind) folded before Flop


*********** # 12 **************
PokerStars Hand #237088300783:  Hold'em No Limit ($0.01/$0.02 USD) - 2022/06/30 19:12:16 PT [2022/06/30 22:12:16 ET]
Table 'Muphrid' 9-max Seat #7 is the button
Seat 1: tayde310 ($4.02 in chips)
Seat 3: deileon ($4.61 in chips)
Seat 4: perffect16 ($2 in chips)
Seat 5: Dorex2007 ($3.79 in chips)
Seat 6: Vinicius P13 ($0.75 in chips)
Seat 7: Pokon ($1.76 in chips)
Seat 8: Nicolai5115 ($0.78 in chips)
Seat 9: deehrulez ($1.83 in chips)
Nicolai5115: posts small blind $0.01
deehrulez: posts big blind $0.02
*** HOLE CARDS ***
Dealt to Dorex2007 [9d Jh]
tayde310: folds
deileon: folds
perffect16: folds
Dorex2007: folds
Vinicius P13: folds
Pokon: calls $0.02
Nicolai5115: folds
deehrulez: checks
*** FLOP *** [7c Kd 3c]
deehrulez: checks
Pokon: checks
*** TURN *** [7c Kd 3c] [6c]
deehrulez: checks
Pokon: bets $0.04
deehrulez: calls $0.04
*** RIVER *** [7c Kd 3c 6c] [Qh]
deehrulez: checks
Pokon: checks
*** SHOW DOWN ***
deehrulez: shows [Qc Ts] (a pair of Queens)
Pokon: mucks hand
deehrulez collected $0.13 from pot
*** SUMMARY ***
Total pot $0.13 | Rake $0
Board [7c Kd 3c 6c Qh]
Seat 1: tayde310 folded before Flop (didn't bet)
Seat 3: deileon folded before Flop (didn't bet)
Seat 4: perffect16 folded before Flop (didn't bet)
Seat 5: Dorex2007 folded before Flop (didn't bet)
Seat 6: Vinicius P13 folded before Flop (didn't bet)
Seat 7: Pokon (button) mucked [5c Ah]
Seat 8: Nicolai5115 (small blind) folded before Flop
Seat 9: deehrulez (big blind) showed [Qc Ts] and won ($0.13) with a pair of Queens


*********** # 13 **************
PokerStars Hand #237088288235:  Hold'em No Limit ($0.01/$0.02 USD) - 2022/06/30 19:11:09 PT [2022/06/30 22:11:09 ET]
Table 'Muphrid' 9-max Seat #6 is the button
Seat 1: tayde310 ($4.02 in chips)
Seat 2: dlolo30 ($1.98 in chips)
Seat 3: deileon ($4.27 in chips)
Seat 4: perffect16 ($2 in chips)
Seat 5: Dorex2007 ($3.79 in chips)
Seat 6: Vinicius P13 ($0.75 in chips)
Seat 7: Pokon ($1.78 in chips)
Seat 8: Nicolai5115 ($1.12 in chips)
Seat 9: deehrulez ($1.83 in chips)
Pokon: posts small blind $0.01
Nicolai5115: posts big blind $0.02
*** HOLE CARDS ***
Dealt to Dorex2007 [4c 3s]
deehrulez: folds
tayde310: folds
dlolo30 has timed out
dlolo30: folds
deileon: calls $0.02
perffect16: folds
Dorex2007: folds
Vinicius P13: folds
Pokon: calls $0.01
Nicolai5115: checks
*** FLOP *** [7c 2h Ac]
Pokon: checks
Nicolai5115: bets $0.06
deileon: calls $0.06
Pokon: folds
*** TURN *** [7c 2h Ac] [Ts]
Nicolai5115: bets $0.09
deileon: calls $0.09
*** RIVER *** [7c 2h Ac Ts] [Ah]
Nicolai5115: checks
deileon: bets $0.17
Nicolai5115: calls $0.17
*** SHOW DOWN ***
deileon: shows [As Jh] (three of a kind, Aces)
Nicolai5115: mucks hand
deileon collected $0.68 from pot
*** SUMMARY ***
Total pot $0.70 | Rake $0.02
Board [7c 2h Ac Ts Ah]
Seat 1: tayde310 folded before Flop (didn't bet)
Seat 2: dlolo30 folded before Flop (didn't bet)
Seat 3: deileon showed [As Jh] and won ($0.68) with three of a kind, Aces
Seat 4: perffect16 folded before Flop (didn't bet)
Seat 5: Dorex2007 folded before Flop (didn't bet)
Seat 6: Vinicius P13 (button) folded before Flop (didn't bet)
Seat 7: Pokon (small blind) folded on the Flop
Seat 8: Nicolai5115 (big blind) mucked [Ad 5d]
Seat 9: deehrulez folded before Flop (didn't bet)


*********** # 14 **************
PokerStars Hand #237088283093:  Hold'em No Limit ($0.01/$0.02 USD) - 2022/06/30 19:10:42 PT [2022/06/30 22:10:42 ET]
Table 'Muphrid' 9-max Seat #5 is the button
Seat 1: tayde310 ($3.99 in chips)
Seat 2: dlolo30 ($1.98 in chips)
Seat 3: deileon ($4.27 in chips)
Seat 4: perffect16 ($2 in chips)
Seat 5: Dorex2007 ($3.79 in chips)
Seat 6: Vinicius P13 ($0.76 in chips)
Seat 7: Pokon ($1.80 in chips)
Seat 8: Nicolai5115 ($1.12 in chips)
Seat 9: deehrulez ($1.83 in chips)
Vinicius P13: posts small blind $0.01
Pokon: posts big blind $0.02
*** HOLE CARDS ***
Dealt to Dorex2007 [3h 5c]
Nicolai5115: folds
deehrulez: folds
tayde310: raises $0.03 to $0.05
dlolo30: folds
deileon: folds
perffect16: folds
Dorex2007: folds
Vinicius P13: folds
Pokon: folds
Uncalled bet ($0.03) returned to tayde310
tayde310 collected $0.05 from pot
*** SUMMARY ***
Total pot $0.05 | Rake $0
Seat 1: tayde310 collected ($0.05)
Seat 2: dlolo30 folded before Flop (didn't bet)
Seat 3: deileon folded before Flop (didn't bet)
Seat 4: perffect16 folded before Flop (didn't bet)
Seat 5: Dorex2007 (button) folded before Flop (didn't bet)
Seat 6: Vinicius P13 (small blind) folded before Flop
Seat 7: Pokon (big blind) folded before Flop
Seat 8: Nicolai5115 folded before Flop (didn't bet)
Seat 9: deehrulez folded before Flop (didn't bet)


*********** # 15 **************
PokerStars Hand #237088278477:  Hold'em No Limit ($0.01/$0.02 USD) - 2022/06/30 19:10:18 PT [2022/06/30 22:10:18 ET]
Table 'Muphrid' 9-max Seat #4 is the button
Seat 1: tayde310 ($3.99 in chips)
Seat 2: dlolo30 ($1.98 in chips)
Seat 3: deileon ($4.27 in chips)
Seat 4: perffect16 ($2 in chips)
Seat 5: Dorex2007 ($3.80 in chips)
Seat 6: Vinicius P13 ($0.73 in chips)
Seat 7: Pokon ($1.82 in chips)
Seat 8: Nicolai5115 ($1.12 in chips)
Seat 9: deehrulez ($1.83 in chips)
Dorex2007: posts small blind $0.01
Vinicius P13: posts big blind $0.02
*** HOLE CARDS ***
Dealt to Dorex2007 [2h Jd]
Pokon: calls $0.02
Nicolai5115: folds
deehrulez: folds
tayde310: folds
dlolo30: folds
deileon: folds
perffect16: folds
Dorex2007: folds
Vinicius P13: checks
*** FLOP *** [Qs Ts Qh]
Vinicius P13: checks
Pokon: checks
*** TURN *** [Qs Ts Qh] [4d]
Vinicius P13: bets $0.04
Pokon: folds
Uncalled bet ($0.04) returned to Vinicius P13
Vinicius P13 collected $0.05 from pot
Vinicius P13: doesn't show hand
*** SUMMARY ***
Total pot $0.05 | Rake $0
Board [Qs Ts Qh 4d]
Seat 1: tayde310 folded before Flop (didn't bet)
Seat 2: dlolo30 folded before Flop (didn't bet)
Seat 3: deileon folded before Flop (didn't bet)
Seat 4: perffect16 (button) folded before Flop (didn't bet)
Seat 5: Dorex2007 (small blind) folded before Flop
Seat 6: Vinicius P13 (big blind) collected ($0.05)
Seat 7: Pokon folded on the Turn
Seat 8: Nicolai5115 folded before Flop (didn't bet)
Seat 9: deehrulez folded before Flop (didn't bet)


*********** # 16 **************
PokerStars Hand #237088263797:  Hold'em No Limit ($0.01/$0.02 USD) - 2022/06/30 19:09:07 PT [2022/06/30 22:09:07 ET]
Table 'Muphrid' 9-max Seat #3 is the button
Seat 1: tayde310 ($3.79 in chips)
Seat 2: dlolo30 ($1.98 in chips)
Seat 3: deileon ($4.27 in chips)
Seat 4: perffect16 ($2 in chips)
Seat 5: Dorex2007 ($3.82 in chips)
Seat 6: Vinicius P13 ($0.82 in chips)
Seat 7: Pokon ($1.91 in chips)
Seat 8: Nicolai5115 ($1.12 in chips)
Seat 9: deehrulez ($1.83 in chips)
perffect16: posts small blind $0.01
Dorex2007: posts big blind $0.02
*** HOLE CARDS ***
Dealt to Dorex2007 [8h Kc]
Vinicius P13: calls $0.02
Pokon: calls $0.02
Nicolai5115: folds
deehrulez: folds
tayde310: raises $0.07 to $0.09
dlolo30: folds
deileon: folds
perffect16: folds
Dorex2007: folds
Vinicius P13: calls $0.07
Pokon: calls $0.07
*** FLOP *** [6d 7d 7s]
Vinicius P13: checks
Pokon: checks
tayde310: bets $0.10
Vinicius P13: folds
Pokon: folds
Uncalled bet ($0.10) returned to tayde310
tayde310 collected $0.29 from pot
*** SUMMARY ***
Total pot $0.30 | Rake $0.01
Board [6d 7d 7s]
Seat 1: tayde310 collected ($0.29)
Seat 2: dlolo30 folded before Flop (didn't bet)
Seat 3: deileon (button) folded before Flop (didn't bet)
Seat 4: perffect16 (small blind) folded before Flop
Seat 5: Dorex2007 (big blind) folded before Flop
Seat 6: Vinicius P13 folded on the Flop
Seat 7: Pokon folded on the Flop
Seat 8: Nicolai5115 folded before Flop (didn't bet)
Seat 9: deehrulez folded before Flop (didn't bet)


*********** # 17 **************
PokerStars Hand #237088250826:  Hold'em No Limit ($0.01/$0.02 USD) - 2022/06/30 19:07:58 PT [2022/06/30 22:07:58 ET]
Table 'Muphrid' 9-max Seat #2 is the button
Seat 1: tayde310 ($3.79 in chips)
Seat 2: dlolo30 ($1.98 in chips)
Seat 3: deileon ($4.28 in chips)
Seat 4: perffect16 ($2 in chips)
Seat 5: Dorex2007 ($3.82 in chips)
Seat 6: Vinicius P13 ($0.86 in chips)
Seat 7: Pokon ($1.84 in chips)
Seat 8: Nicolai5115 ($1.12 in chips)
Seat 9: deehrulez ($1.83 in chips)
deileon: posts small blind $0.01
perffect16: posts big blind $0.02
*** HOLE CARDS ***
Dealt to Dorex2007 [5s Kd]
Dorex2007: folds
Vinicius P13: calls $0.02
Pokon: calls $0.02
Nicolai5115: folds
deehrulez: folds
tayde310: folds
dlolo30: folds
deileon: folds
perffect16: checks
*** FLOP *** [9s 7c 9c]
perffect16: checks
Vinicius P13: bets $0.02
Pokon: calls $0.02
perffect16 has timed out
perffect16: folds
*** TURN *** [9s 7c 9c] [6s]
Vinicius P13: checks
Pokon: checks
*** RIVER *** [9s 7c 9c 6s] [3c]
Vinicius P13: checks
Pokon: bets $0.20
Vinicius P13: folds
Uncalled bet ($0.20) returned to Pokon
Pokon collected $0.11 from pot
Pokon: doesn't show hand
*** SUMMARY ***
Total pot $0.11 | Rake $0
Board [9s 7c 9c 6s 3c]
Seat 1: tayde310 folded before Flop (didn't bet)
Seat 2: dlolo30 (button) folded before Flop (didn't bet)
Seat 3: deileon (small blind) folded before Flop
Seat 4: perffect16 (big blind) folded on the Flop
Seat 5: Dorex2007 folded before Flop (didn't bet)
Seat 6: Vinicius P13 folded on the River
Seat 7: Pokon collected ($0.11)
Seat 8: Nicolai5115 folded before Flop (didn't bet)
Seat 9: deehrulez folded before Flop (didn't bet)


*********** # 18 **************
PokerStars Hand #237088246460:  Hold'em No Limit ($0.01/$0.02 USD) - 2022/06/30 19:07:34 PT [2022/06/30 22:07:34 ET]
Table 'Muphrid' 9-max Seat #1 is the button
Seat 1: tayde310 ($3.79 in chips)
Seat 2: dlolo30 ($1.96 in chips)
Seat 3: deileon ($4.30 in chips)
Seat 5: Dorex2007 ($3.82 in chips)
Seat 6: Vinicius P13 ($0.86 in chips)
Seat 7: Pokon ($1.84 in chips)
Seat 8: Nicolai5115 ($1.12 in chips)
Seat 9: deehrulez ($1.83 in chips)
dlolo30: posts small blind $0.01
deileon: posts big blind $0.02
*** HOLE CARDS ***
Dealt to Dorex2007 [Qs 9s]
Dorex2007: folds
Vinicius P13: folds
Pokon: folds
Nicolai5115: folds
deehrulez: folds
tayde310: folds
dlolo30: raises $0.06 to $0.08
deileon: folds
Uncalled bet ($0.06) returned to dlolo30
dlolo30 collected $0.04 from pot
dlolo30: doesn't show hand
*** SUMMARY ***
Total pot $0.04 | Rake $0
Seat 1: tayde310 (button) folded before Flop (didn't bet)
Seat 2: dlolo30 (small blind) collected ($0.04)
Seat 3: deileon (big blind) folded before Flop
Seat 5: Dorex2007 folded before Flop (didn't bet)
Seat 6: Vinicius P13 folded before Flop (didn't bet)
Seat 7: Pokon folded before Flop (didn't bet)
Seat 8: Nicolai5115 folded before Flop (didn't bet)
Seat 9: deehrulez folded before Flop (didn't bet)


*********** # 19 **************
PokerStars Hand #237088239665:  Hold'em No Limit ($0.01/$0.02 USD) - 2022/06/30 19:06:58 PT [2022/06/30 22:06:58 ET]
Table 'Muphrid' 9-max Seat #9 is the button
Seat 1: tayde310 ($3.83 in chips)
Seat 2: dlolo30 ($2 in chips)
Seat 3: deileon ($4.30 in chips)
Seat 5: Dorex2007 ($3.82 in chips)
Seat 6: Vinicius P13 ($0.86 in chips)
Seat 7: Pokon ($1.84 in chips)
Seat 8: Nicolai5115 ($1.12 in chips)
Seat 9: deehrulez ($1.75 in chips)
tayde310: posts small blind $0.01
dlolo30: posts big blind $0.02
*** HOLE CARDS ***
Dealt to Dorex2007 [Ks 8c]
deileon: folds
Dorex2007: folds
Vinicius P13: folds
Pokon: folds
Nicolai5115: folds
deehrulez: raises $0.02 to $0.04
tayde310: calls $0.03
dlolo30: calls $0.02
*** FLOP *** [9h Qh 9d]
tayde310: checks
dlolo30: checks
deehrulez: bets $0.06
tayde310: folds
dlolo30: folds
Uncalled bet ($0.06) returned to deehrulez
deehrulez collected $0.12 from pot
*** SUMMARY ***
Total pot $0.12 | Rake $0
Board [9h Qh 9d]
Seat 1: tayde310 (small blind) folded on the Flop
Seat 2: dlolo30 (big blind) folded on the Flop
Seat 3: deileon folded before Flop (didn't bet)
Seat 5: Dorex2007 folded before Flop (didn't bet)
Seat 6: Vinicius P13 folded before Flop (didn't bet)
Seat 7: Pokon folded before Flop (didn't bet)
Seat 8: Nicolai5115 folded before Flop (didn't bet)
Seat 9: deehrulez (button) collected ($0.12)


*********** # 20 **************
PokerStars Hand #237088235101:  Hold'em No Limit ($0.01/$0.02 USD) - 2022/06/30 19:06:34 PT [2022/06/30 22:06:34 ET]
Table 'Muphrid' 9-max Seat #8 is the button
Seat 1: tayde310 ($3.85 in chips)
Seat 3: deileon ($4.30 in chips)
Seat 5: Dorex2007 ($3.79 in chips)
Seat 6: Vinicius P13 ($0.86 in chips)
Seat 7: Pokon ($1.84 in chips)
Seat 8: Nicolai5115 ($1.12 in chips)
Seat 9: deehrulez ($1.76 in chips)
deehrulez: posts small blind $0.01
tayde310: posts big blind $0.02
dlolo30: sits out
*** HOLE CARDS ***
Dealt to Dorex2007 [Ah Kh]
deileon: folds
Dorex2007: raises $0.12 to $0.14
Vinicius P13: folds
Pokon: folds
Nicolai5115: folds
deehrulez: folds
tayde310: folds
Uncalled bet ($0.12) returned to Dorex2007
Dorex2007 collected $0.05 from pot
Dorex2007: doesn't show hand
*** SUMMARY ***
Total pot $0.05 | Rake $0
Seat 1: tayde310 (big blind) folded before Flop
Seat 3: deileon folded before Flop (didn't bet)
Seat 5: Dorex2007 collected ($0.05)
Seat 6: Vinicius P13 folded before Flop (didn't bet)
Seat 7: Pokon folded before Flop (didn't bet)
Seat 8: Nicolai5115 (button) folded before Flop (didn't bet)
Seat 9: deehrulez (small blind) folded before Flop


*********** # 21 **************
PokerStars Hand #237088220223:  Hold'em No Limit ($0.01/$0.02 USD) - 2022/06/30 19:05:16 PT [2022/06/30 22:05:16 ET]
Table 'Muphrid' 9-max Seat #7 is the button
Seat 1: tayde310 ($3.85 in chips)
Seat 3: deileon ($4.30 in chips)
Seat 5: Dorex2007 ($3.79 in chips)
Seat 6: Vinicius P13 ($0.80 in chips)
Seat 7: Pokon ($1.84 in chips)
Seat 8: Nicolai5115 ($1.14 in chips)
Seat 9: deehrulez ($1.80 in chips)
Nicolai5115: posts small blind $0.01
deehrulez: posts big blind $0.02
dlolo30: sits out
*** HOLE CARDS ***
Dealt to Dorex2007 [3h Ks]
tayde310: folds
deileon: folds
Dorex2007: folds
Vinicius P13: calls $0.02
Pokon: folds
Nicolai5115: calls $0.01
deehrulez: checks
*** FLOP *** [Qd Td Th]
Nicolai5115: checks
deehrulez: checks
Vinicius P13: checks
*** TURN *** [Qd Td Th] [5d]
Nicolai5115: checks
deehrulez: checks
Vinicius P13: checks
*** RIVER *** [Qd Td Th 5d] [Qs]
Nicolai5115: checks
deehrulez: checks
Vinicius P13: bets $0.02
Nicolai5115: folds
deehrulez: calls $0.02
*** SHOW DOWN ***
Vinicius P13: shows [4s As] (two pair, Queens and Tens)
deehrulez: mucks hand
Vinicius P13 collected $0.10 from pot
*** SUMMARY ***
Total pot $0.10 | Rake $0
Board [Qd Td Th 5d Qs]
Seat 1: tayde310 folded before Flop (didn't bet)
Seat 3: deileon folded before Flop (didn't bet)
Seat 5: Dorex2007 folded before Flop (didn't bet)
Seat 6: Vinicius P13 showed [4s As] and won ($0.10) with two pair, Queens and Tens
Seat 7: Pokon (button) folded before Flop (didn't bet)
Seat 8: Nicolai5115 (small blind) folded on the River
Seat 9: deehrulez (big blind) mucked [6s 5s]


*********** # 22 **************
PokerStars Hand #237088205049:  Hold'em No Limit ($0.01/$0.02 USD) - 2022/06/30 19:04:42 PT [2022/06/30 22:04:42 ET]
Table 'Muphrid' 9-max Seat #6 is the button
Seat 1: tayde310 ($3.85 in chips)
Seat 3: deileon ($4.30 in chips)
Seat 5: Dorex2007 ($3.76 in chips)
Seat 6: Vinicius P13 ($0.80 in chips)
Seat 7: Pokon ($1.85 in chips)
Seat 8: Nicolai5115 ($1.16 in chips)
Seat 9: deehrulez ($1.80 in chips)
Pokon: posts small blind $0.01
Nicolai5115: posts big blind $0.02
dlolo30: sits out
*** HOLE CARDS ***
Dealt to Dorex2007 [4h Kh]
deehrulez has timed out
deehrulez: folds
tayde310: folds
deileon: folds
Dorex2007: raises $0.04 to $0.06
Vinicius P13: folds
Pokon: folds
Nicolai5115: folds
Uncalled bet ($0.04) returned to Dorex2007
Dorex2007 collected $0.05 from pot
Dorex2007: doesn't show hand
*** SUMMARY ***
Total pot $0.05 | Rake $0
Seat 1: tayde310 folded before Flop (didn't bet)
Seat 3: deileon folded before Flop (didn't bet)
Seat 5: Dorex2007 collected ($0.05)
Seat 6: Vinicius P13 (button) folded before Flop (didn't bet)
Seat 7: Pokon (small blind) folded before Flop
Seat 8: Nicolai5115 (big blind) folded before Flop
Seat 9: deehrulez folded before Flop (didn't bet)


*********** # 23 **************
PokerStars Hand #237088193179:  Hold'em No Limit ($0.01/$0.02 USD) - 2022/06/30 19:03:40 PT [2022/06/30 22:03:40 ET]
Table 'Muphrid' 9-max Seat #5 is the button
Seat 1: tayde310 ($3.74 in chips)
Seat 3: deileon ($4.30 in chips)
Seat 5: Dorex2007 ($3.76 in chips)
Seat 6: Vinicius P13 ($0.81 in chips)
Seat 7: Pokon ($1.96 in chips)
Seat 8: Nicolai5115 ($1.16 in chips)
Seat 9: deehrulez ($1.80 in chips)
Vinicius P13: posts small blind $0.01
Pokon: posts big blind $0.02
dlolo30: sits out
*** HOLE CARDS ***
Dealt to Dorex2007 [Tc 5h]
Nicolai5115: folds
deehrulez: folds
tayde310: raises $0.03 to $0.05
deileon: folds
Dorex2007: folds
Vinicius P13: folds
Pokon: calls $0.03
*** FLOP *** [Ts 7d Ks]
Pokon: checks
tayde310: bets $0.06
Pokon: calls $0.06
*** TURN *** [Ts 7d Ks] [6c]
Pokon: checks
tayde310: bets $0.32
Pokon: folds
Uncalled bet ($0.32) returned to tayde310
tayde310 collected $0.22 from pot
*** SUMMARY ***
Total pot $0.23 | Rake $0.01
Board [Ts 7d Ks 6c]
Seat 1: tayde310 collected ($0.22)
Seat 3: deileon folded before Flop (didn't bet)
Seat 5: Dorex2007 (button) folded before Flop (didn't bet)
Seat 6: Vinicius P13 (small blind) folded before Flop
Seat 7: Pokon (big blind) folded on the Turn
Seat 8: Nicolai5115 folded before Flop (didn't bet)
Seat 9: deehrulez folded before Flop (didn't bet)


*********** # 24 **************
PokerStars Hand #237088190735:  Hold'em No Limit ($0.01/$0.02 USD) - 2022/06/30 19:03:28 PT [2022/06/30 22:03:28 ET]
Table 'Muphrid' 9-max Seat #3 is the button
Seat 1: tayde310 ($3.74 in chips)
Seat 3: deileon ($4.30 in chips)
Seat 5: Dorex2007 ($3.77 in chips)
Seat 6: Vinicius P13 ($0.80 in chips)
Seat 7: Pokon ($1.96 in chips)
Seat 8: Nicolai5115 ($1.16 in chips)
Seat 9: deehrulez ($1.80 in chips)
Dorex2007: posts small blind $0.01
Vinicius P13: posts big blind $0.02
dlolo30: sits out
*** HOLE CARDS ***
Dealt to Dorex2007 [3s Kc]
Pokon: folds
Nicolai5115: folds
deehrulez: folds
tayde310: folds
deileon: folds
Dorex2007: folds
Uncalled bet ($0.01) returned to Vinicius P13
Vinicius P13 collected $0.02 from pot
Vinicius P13: doesn't show hand
*** SUMMARY ***
Total pot $0.02 | Rake $0
Seat 1: tayde310 folded before Flop (didn't bet)
Seat 3: deileon (button) folded before Flop (didn't bet)
Seat 5: Dorex2007 (small blind) folded before Flop
Seat 6: Vinicius P13 (big blind) collected ($0.02)
Seat 7: Pokon folded before Flop (didn't bet)
Seat 8: Nicolai5115 folded before Flop (didn't bet)
Seat 9: deehrulez folded before Flop (didn't bet)


*********** # 25 **************
PokerStars Hand #237088179741:  Hold'em No Limit ($0.01/$0.02 USD) - 2022/06/30 19:02:31 PT [2022/06/30 22:02:31 ET]
Table 'Muphrid' 9-max Seat #1 is the button
Seat 1: tayde310 ($3.68 in chips)
Seat 3: deileon ($4.31 in chips)
Seat 5: Dorex2007 ($3.82 in chips)
Seat 7: Pokon ($1.96 in chips)
Seat 8: Nicolai5115 ($1.16 in chips)
Seat 9: deehrulez ($1.80 in chips)
deileon: posts small blind $0.01
Dorex2007: posts big blind $0.02
Vinicius P13: sits out
*** HOLE CARDS ***
Dealt to Dorex2007 [8c 9c]
kamafeus leaves the table
Pokon: folds
Nicolai5115: folds
deehrulez: folds
dlolo30 joins the table at seat #2
tayde310 is connected
tayde310: raises $0.03 to $0.05
deileon: folds
Dorex2007: calls $0.03
*** FLOP *** [3c Kd 2s]
Dorex2007: checks
tayde310: bets $0.04
Dorex2007: folds
Uncalled bet ($0.04) returned to tayde310
tayde310 collected $0.11 from pot
*** SUMMARY ***
Total pot $0.11 | Rake $0
Board [3c Kd 2s]
Seat 1: tayde310 (button) collected ($0.11)
Seat 3: deileon (small blind) folded before Flop
Seat 5: Dorex2007 (big blind) folded on the Flop
Seat 7: Pokon folded before Flop (didn't bet)
Seat 8: Nicolai5115 folded before Flop (didn't bet)
Seat 9: deehrulez folded before Flop (didn't bet)


*********** # 26 **************
PokerStars Hand #237088171532:  Hold'em No Limit ($0.01/$0.02 USD) - 2022/06/30 19:01:48 PT [2022/06/30 22:01:48 ET]
Table 'Muphrid' 9-max Seat #9 is the button
Seat 1: tayde310 ($3.69 in chips)
Seat 3: deileon ($4.28 in chips)
Seat 5: Dorex2007 ($3.82 in chips)
Seat 7: Pokon ($1.96 in chips)
Seat 8: Nicolai5115 ($1.18 in chips)
Seat 9: deehrulez ($1.80 in chips)
tayde310: posts small blind $0.01
kamafeus: is sitting out
deileon: posts big blind $0.02
Vinicius P13: sits out
*** HOLE CARDS ***
Dealt to Dorex2007 [3s 6d]
Dorex2007: folds
Pokon: folds
Nicolai5115: calls $0.02
deehrulez: folds
tayde310: folds
deileon: checks
*** FLOP *** [Tc 5c Jh]
deileon: checks
Nicolai5115: checks
*** TURN *** [Tc 5c Jh] [Jd]
deileon: checks
tayde310 is disconnected
Nicolai5115: checks
*** RIVER *** [Tc 5c Jh Jd] [7s]
deileon: bets $0.02
Nicolai5115: folds
Uncalled bet ($0.02) returned to deileon
deileon collected $0.05 from pot
deileon: doesn't show hand
*** SUMMARY ***
Total pot $0.05 | Rake $0
Board [Tc 5c Jh Jd 7s]
Seat 1: tayde310 (small blind) folded before Flop
Seat 3: deileon (big blind) collected ($0.05)
Seat 5: Dorex2007 folded before Flop (didn't bet)
Seat 7: Pokon folded before Flop (didn't bet)
Seat 8: Nicolai5115 folded on the River
Seat 9: deehrulez (button) folded before Flop (didn't bet)


*********** # 27 **************
PokerStars Hand #237088155881:  Hold'em No Limit ($0.01/$0.02 USD) - 2022/06/30 19:00:46 PT [2022/06/30 22:00:46 ET]
Table 'Muphrid' 9-max Seat #8 is the button
Seat 1: tayde310 ($3.66 in chips)
Seat 2: kamafeus ($3.99 in chips)
Seat 3: deileon ($4.28 in chips)
Seat 5: Dorex2007 ($3.82 in chips)
Seat 7: Pokon ($1.96 in chips)
Seat 8: Nicolai5115 ($1.18 in chips)
Seat 9: deehrulez ($1.81 in chips)
deehrulez: posts small blind $0.01
tayde310: posts big blind $0.02
Vinicius P13: sits out
*** HOLE CARDS ***
Dealt to Dorex2007 [5s 4c]
kamafeus: calls $0.02
deileon: folds
Dorex2007: folds
Pokon: folds
Nicolai5115: folds
deehrulez: folds
tayde310: checks
*** FLOP *** [5c 3s As]
tayde310: checks
kamafeus: checks
*** TURN *** [5c 3s As] [Qs]
tayde310: checks
kamafeus: checks
*** RIVER *** [5c 3s As Qs] [8h]
tayde310: checks
kamafeus: checks
*** SHOW DOWN ***
tayde310: shows [Qd 2h] (a pair of Queens)
kamafeus: mucks hand
tayde310 collected $0.05 from pot
*** SUMMARY ***
Total pot $0.05 | Rake $0
Board [5c 3s As Qs 8h]
Seat 1: tayde310 (big blind) showed [Qd 2h] and won ($0.05) with a pair of Queens
Seat 2: kamafeus mucked [4h 4d]
Seat 3: deileon folded before Flop (didn't bet)
Seat 5: Dorex2007 folded before Flop (didn't bet)
Seat 7: Pokon folded before Flop (didn't bet)
Seat 8: Nicolai5115 (button) folded before Flop (didn't bet)
Seat 9: deehrulez (small blind) folded before Flop


*********** # 28 **************
PokerStars Hand #237088143644:  Hold'em No Limit ($0.01/$0.02 USD) - 2022/06/30 18:59:29 PT [2022/06/30 21:59:29 ET]
Table 'Muphrid' 9-max Seat #7 is the button
Seat 1: tayde310 ($3.66 in chips)
Seat 2: kamafeus ($3.99 in chips)
Seat 3: deileon ($4.28 in chips)
Seat 5: Dorex2007 ($3.63 in chips)
Seat 7: Pokon ($1.96 in chips)
Seat 8: Nicolai5115 ($1.19 in chips)
Seat 9: deehrulez ($2 in chips)
Nicolai5115: posts small blind $0.01
deehrulez: posts big blind $0.02
*** HOLE CARDS ***
Dealt to Dorex2007 [Kh Qc]
VillagranAllan joins the table at seat #6
tayde310: folds
kamafeus: folds
deileon: folds
Dorex2007: raises $0.04 to $0.06
Pokon: folds
Nicolai5115: folds
deehrulez: calls $0.04
*** FLOP *** [Qh 8c 5s]
deehrulez: checks
VillagranAllan leaves the table
Dorex2007: bets $0.13
Vinicius P13 joins the table at seat #6
deehrulez: calls $0.13
*** TURN *** [Qh 8c 5s] [Tc]
deehrulez: checks
Dorex2007: bets $0.38
deehrulez: folds
Uncalled bet ($0.38) returned to Dorex2007
Dorex2007 collected $0.38 from pot
Dorex2007: doesn't show hand
*** SUMMARY ***
Total pot $0.39 | Rake $0.01
Board [Qh 8c 5s Tc]
Seat 1: tayde310 folded before Flop (didn't bet)
Seat 2: kamafeus folded before Flop (didn't bet)
Seat 3: deileon folded before Flop (didn't bet)
Seat 5: Dorex2007 collected ($0.38)
Seat 7: Pokon (button) folded before Flop (didn't bet)
Seat 8: Nicolai5115 (small blind) folded before Flop
Seat 9: deehrulez (big blind) folded on the Turn


*********** # 29 **************
PokerStars Hand #237088137466:  Hold'em No Limit ($0.01/$0.02 USD) - 2022/06/30 18:58:49 PT [2022/06/30 21:58:49 ET]
Table 'Muphrid' 9-max Seat #5 is the button
Seat 1: tayde310 ($3.66 in chips)
Seat 2: kamafeus ($3.93 in chips)
Seat 3: deileon ($4.28 in chips)
Seat 5: Dorex2007 ($3.65 in chips)
Seat 7: Pokon ($1.98 in chips)
Seat 8: Nicolai5115 ($1.21 in chips)
Pokon: posts small blind $0.01
Nicolai5115: posts big blind $0.02
deehrulez: sits out
*** HOLE CARDS ***
Dealt to Dorex2007 [7d 7c]
tayde310: folds
kamafeus: calls $0.02
deileon: folds
Dorex2007: calls $0.02
Pokon: calls $0.01
Nicolai5115: checks
*** FLOP *** [9h 5s Ah]
Pokon: checks
Nicolai5115: checks
kamafeus: bets $3.91 and is all-in
Dorex2007: folds
o'travolta leaves the table
Pokon: folds
Nicolai5115: folds
Uncalled bet ($3.91) returned to kamafeus
kamafeus collected $0.08 from pot
kamafeus: doesn't show hand
*** SUMMARY ***
Total pot $0.08 | Rake $0
Board [9h 5s Ah]
Seat 1: tayde310 folded before Flop (didn't bet)
Seat 2: kamafeus collected ($0.08)
Seat 3: deileon folded before Flop (didn't bet)
Seat 5: Dorex2007 (button) folded on the Flop
Seat 7: Pokon (small blind) folded on the Flop
Seat 8: Nicolai5115 (big blind) folded on the Flop


*********** # 30 **************
PokerStars Hand #237088112118:  Hold'em No Limit ($0.01/$0.02 USD) - 2022/06/30 18:56:47 PT [2022/06/30 21:56:47 ET]
Table 'Muphrid' 9-max Seat #3 is the button
Seat 1: tayde310 ($3.66 in chips)
Seat 2: kamafeus ($3.93 in chips)
Seat 3: deileon ($2.40 in chips)
Seat 4: perffect16 ($2 in chips)
Seat 5: Dorex2007 ($3.67 in chips)
Seat 6: o'travolta ($1.96 in chips)
Seat 7: Pokon ($2 in chips)
Seat 8: Nicolai5115 ($1.21 in chips)
perffect16: posts small blind $0.01
Dorex2007: posts big blind $0.02
Pokon: posts big blind $0.02
deehrulez: sits out
*** HOLE CARDS ***
Dealt to Dorex2007 [9c 6h]
o'travolta: calls $0.02
Pokon: checks
Nicolai5115: folds
tayde310: folds
kamafeus: folds
deileon: calls $0.02
perffect16: calls $0.01
Dorex2007: checks
*** FLOP *** [2h Ac 4d]
perffect16: checks
Dorex2007: checks
o'travolta: checks
Pokon: checks
deileon: bets $0.05
perffect16 has timed out
perffect16: folds
Dorex2007: folds
o'travolta: calls $0.05
Pokon: folds
*** TURN *** [2h Ac 4d] [Kc]
o'travolta: checks
deileon: bets $0.09
o'travolta: raises $0.43 to $0.52
deileon: calls $0.43
*** RIVER *** [2h Ac 4d Kc] [7d]
o'travolta: bets $1.37 and is all-in
deileon: calls $1.37
*** SHOW DOWN ***
o'travolta: shows [2c Ks] (two pair, Kings and Deuces)
deileon: shows [4h 4s] (three of a kind, Fours)
deileon collected $3.84 from pot
*** SUMMARY ***
Total pot $3.98 | Rake $0.14
Board [2h Ac 4d Kc 7d]
Seat 1: tayde310 folded before Flop (didn't bet)
Seat 2: kamafeus folded before Flop (didn't bet)
Seat 3: deileon (button) showed [4h 4s] and won ($3.84) with three of a kind, Fours
Seat 4: perffect16 (small blind) folded on the Flop
Seat 5: Dorex2007 (big blind) folded on the Flop
Seat 6: o'travolta showed [2c Ks] and lost with two pair, Kings and Deuces
Seat 7: Pokon folded on the Flop (didn't bet)
Seat 8: Nicolai5115 folded before Flop (didn't bet)


*********** # 31 **************
PokerStars Hand #237088106983:  Hold'em No Limit ($0.01/$0.02 USD) - 2022/06/30 18:56:13 PT [2022/06/30 21:56:13 ET]
Table 'Muphrid' 9-max Seat #2 is the button
Seat 1: tayde310 ($3.66 in chips)
Seat 2: kamafeus ($3.90 in chips)
Seat 3: deileon ($2.41 in chips)
Seat 4: perffect16 ($2 in chips)
Seat 5: Dorex2007 ($3.67 in chips)
Seat 6: o'travolta ($1.96 in chips)
Seat 8: Nicolai5115 ($1.21 in chips)
deileon: posts small blind $0.01
perffect16: posts big blind $0.02
deehrulez: sits out
*** HOLE CARDS ***
Dealt to Dorex2007 [Js 3c]
Legent333 leaves the table
Dorex2007: folds
o'travolta: folds
Nicolai5115: folds
tayde310: folds
kamafeus: calls $0.02
deileon: folds
perffect16: checks
*** FLOP *** [3d Td 6d]
perffect16: checks
kamafeus: checks
*** TURN *** [3d Td 6d] [Kh]
Pokon joins the table at seat #7
perffect16: checks
kamafeus: checks
*** RIVER *** [3d Td 6d Kh] [7c]
perffect16: checks
kamafeus: checks
*** SHOW DOWN ***
perffect16: shows [9d 4h] (high card King)
kamafeus: shows [9s Ks] (a pair of Kings)
kamafeus collected $0.05 from pot
*** SUMMARY ***
Total pot $0.05 | Rake $0
Board [3d Td 6d Kh 7c]
Seat 1: tayde310 folded before Flop (didn't bet)
Seat 2: kamafeus (button) showed [9s Ks] and won ($0.05) with a pair of Kings
Seat 3: deileon (small blind) folded before Flop
Seat 4: perffect16 (big blind) showed [9d 4h] and lost with high card King
Seat 5: Dorex2007 folded before Flop (didn't bet)
Seat 6: o'travolta folded before Flop (didn't bet)
Seat 8: Nicolai5115 folded before Flop (didn't bet)


*********** # 32 **************
PokerStars Hand #237088097920:  Hold'em No Limit ($0.01/$0.02 USD) - 2022/06/30 18:55:14 PT [2022/06/30 21:55:14 ET]
Table 'Muphrid' 9-max Seat #1 is the button
Seat 1: tayde310 ($3.66 in chips)
Seat 2: kamafeus ($3.91 in chips)
Seat 3: deileon ($2.43 in chips)
Seat 4: perffect16 ($2 in chips)
Seat 5: Dorex2007 ($2.23 in chips)
Seat 6: o'travolta ($1.96 in chips)
Seat 7: Legent333 ($0.84 in chips)
Seat 8: Nicolai5115 ($1.21 in chips)
Seat 9: Roboto713 ($0.82 in chips)
kamafeus: posts small blind $0.01
deileon: posts big blind $0.02
*** HOLE CARDS ***
Dealt to Dorex2007 [Kd Ks]
perffect16: raises $0.08 to $0.10
Dorex2007: raises $0.14 to $0.24
o'travolta: folds
Legent333: raises $0.60 to $0.84 and is all-in
Nicolai5115: folds
Roboto713: folds
Roboto713 leaves the table
tayde310: folds
kamafeus: folds
deileon: folds
perffect16: calls $0.74
Dorex2007: raises $1.39 to $2.23 and is all-in
deehrulez joins the table at seat #9
perffect16: calls $1.16 and is all-in
Uncalled bet ($0.23) returned to Dorex2007
*** FLOP *** [9c 7c 5c]
*** TURN *** [9c 7c 5c] [Js]
*** RIVER *** [9c 7c 5c Js] [Tc]
*** SHOW DOWN ***
perffect16: shows [As Qd] (high card Ace)
Dorex2007: shows [Kd Ks] (a pair of Kings)
Legent333: shows [Jd Ad] (a pair of Jacks)
Dorex2007 cashed out the hand for $3.44 | Cash Out Fee $0.03
*** SUMMARY ***
Total pot $4.87 Main pot $2.46. Side pot $2.24. | Rake $0.17
Board [9c 7c 5c Js Tc]
Seat 1: tayde310 (button) folded before Flop (didn't bet)
Seat 2: kamafeus (small blind) folded before Flop
Seat 3: deileon (big blind) folded before Flop
Seat 4: perffect16 showed [As Qd] and lost with high card Ace
Seat 5: Dorex2007 showed [Kd Ks] and won ($4.70) with a pair of Kings (pot not awarded as player cashed out)
Seat 6: o'travolta folded before Flop (didn't bet)
Seat 7: Legent333 showed [Jd Ad] and lost with a pair of Jacks
Seat 8: Nicolai5115 folded before Flop (didn't bet)
Seat 9: Roboto713 folded before Flop (didn't bet)


*********** # 33 **************
PokerStars Hand #237088085641:  Hold'em No Limit ($0.01/$0.02 USD) - 2022/06/30 18:54:10 PT [2022/06/30 21:54:10 ET]
Table 'Muphrid' 9-max Seat #9 is the button
Seat 1: tayde310 ($3.67 in chips)
Seat 2: kamafeus ($3.93 in chips)
Seat 3: deileon ($2.43 in chips)
Seat 4: perffect16 ($2 in chips)
Seat 5: Dorex2007 ($1.98 in chips)
Seat 6: o'travolta ($2.18 in chips)
Seat 7: Legent333 ($0.84 in chips)
Seat 8: Nicolai5115 ($1.21 in chips)
Seat 9: Roboto713 ($0.82 in chips)
tayde310: posts small blind $0.01
kamafeus: posts big blind $0.02
*** HOLE CARDS ***
Dealt to Dorex2007 [Ks Tc]
deileon: folds
perffect16: calls $0.02
Dorex2007: raises $0.08 to $0.10
o'travolta: calls $0.10
Legent333: folds
Nicolai5115: folds
Roboto713: folds
tayde310: folds
kamafeus: folds
perffect16: folds
*** FLOP *** [4d 4s 9d]
Dorex2007: bets $0.12
o'travolta: calls $0.12
*** TURN *** [4d 4s 9d] [5h]
Dorex2007: checks
o'travolta: checks
*** RIVER *** [4d 4s 9d 5h] [9h]
Dorex2007: bets $0.47
o'travolta: folds
Uncalled bet ($0.47) returned to Dorex2007
Dorex2007 collected $0.47 from pot
Dorex2007: doesn't show hand
*** SUMMARY ***
Total pot $0.49 | Rake $0.02
Board [4d 4s 9d 5h 9h]
Seat 1: tayde310 (small blind) folded before Flop
Seat 2: kamafeus (big blind) folded before Flop
Seat 3: deileon folded before Flop (didn't bet)
Seat 4: perffect16 folded before Flop
Seat 5: Dorex2007 collected ($0.47)
Seat 6: o'travolta folded on the River
Seat 7: Legent333 folded before Flop (didn't bet)
Seat 8: Nicolai5115 folded before Flop (didn't bet)
Seat 9: Roboto713 (button) folded before Flop (didn't bet)


*********** # 34 **************
PokerStars Hand #237088074295:  Hold'em No Limit ($0.01/$0.02 USD) - 2022/06/30 18:53:12 PT [2022/06/30 21:53:12 ET]
Table 'Muphrid' 9-max Seat #8 is the button
Seat 1: tayde310 ($3.59 in chips)
Seat 2: kamafeus ($3.95 in chips)
Seat 3: deileon ($2.43 in chips)
Seat 4: perffect16 ($2 in chips)
Seat 5: Dorex2007 ($1.98 in chips)
Seat 6: o'travolta ($2.18 in chips)
Seat 7: Legent333 ($0.86 in chips)
Seat 8: Nicolai5115 ($1.21 in chips)
Seat 9: Roboto713 ($0.86 in chips)
Roboto713: posts small blind $0.01
tayde310: posts big blind $0.02
*** HOLE CARDS ***
Dealt to Dorex2007 [Tc 8h]
kamafeus: calls $0.02
deileon: folds
perffect16: folds
Dorex2007: folds
o'travolta: folds
Legent333: calls $0.02
Nicolai5115: folds
Roboto713: calls $0.01
tayde310: checks
*** FLOP *** [7s Ts Kd]
Roboto713: checks
tayde310: checks
kamafeus: checks
Legent333: checks
*** TURN *** [7s Ts Kd] [5s]
Roboto713: bets $0.02
tayde310: raises $0.07 to $0.09
kamafeus: folds
Legent333: folds
Roboto713: folds
Uncalled bet ($0.07) returned to tayde310
tayde310 collected $0.12 from pot
*** SUMMARY ***
Total pot $0.12 | Rake $0
Board [7s Ts Kd 5s]
Seat 1: tayde310 (big blind) collected ($0.12)
Seat 2: kamafeus folded on the Turn
Seat 3: deileon folded before Flop (didn't bet)
Seat 4: perffect16 folded before Flop (didn't bet)
Seat 5: Dorex2007 folded before Flop (didn't bet)
Seat 6: o'travolta folded before Flop (didn't bet)
Seat 7: Legent333 folded on the Turn
Seat 8: Nicolai5115 (button) folded before Flop (didn't bet)
Seat 9: Roboto713 (small blind) folded on the Turn


*********** # 35 **************
PokerStars Hand #237088060340:  Hold'em No Limit ($0.01/$0.02 USD) - 2022/06/30 18:51:59 PT [2022/06/30 21:51:59 ET]
Table 'Muphrid' 9-max Seat #7 is the button
Seat 1: tayde310 ($3.59 in chips)
Seat 2: kamafeus ($3.95 in chips)
Seat 3: deileon ($2.43 in chips)
Seat 4: perffect16 ($2 in chips)
Seat 5: Dorex2007 ($1.98 in chips)
Seat 6: o'travolta ($2.06 in chips)
Seat 7: Legent333 ($0.86 in chips)
Seat 8: Nicolai5115 ($1.22 in chips)
Seat 9: Roboto713 ($0.96 in chips)
Nicolai5115: posts small blind $0.01
Roboto713: posts big blind $0.02
*** HOLE CARDS ***
Dealt to Dorex2007 [3c Ts]
tayde310: folds
kamafeus: folds
deileon: folds
perffect16: calls $0.02
Dorex2007: folds
o'travolta: calls $0.02
Legent333: folds
Nicolai5115: folds
Roboto713: checks
*** FLOP *** [3h 2s 8c]
Roboto713: checks
perffect16: checks
o'travolta: checks
*** TURN *** [3h 2s 8c] [Qd]
Roboto713: checks
perffect16: checks
o'travolta: checks
*** RIVER *** [3h 2s 8c Qd] [3s]
Roboto713: bets $0.02
perffect16: folds
o'travolta: raises $0.06 to $0.08
Roboto713: calls $0.06
*** SHOW DOWN ***
o'travolta: shows [Jh Qh] (two pair, Queens and Threes)
Roboto713: mucks hand
o'travolta collected $0.22 from pot
*** SUMMARY ***
Total pot $0.23 | Rake $0.01
Board [3h 2s 8c Qd 3s]
Seat 1: tayde310 folded before Flop (didn't bet)
Seat 2: kamafeus folded before Flop (didn't bet)
Seat 3: deileon folded before Flop (didn't bet)
Seat 4: perffect16 folded on the River
Seat 5: Dorex2007 folded before Flop (didn't bet)
Seat 6: o'travolta showed [Jh Qh] and won ($0.22) with two pair, Queens and Threes
Seat 7: Legent333 (button) folded before Flop (didn't bet)
Seat 8: Nicolai5115 (small blind) folded before Flop
Seat 9: Roboto713 (big blind) mucked [2d As]


*********** # 36 **************
PokerStars Hand #237088043623:  Hold'em No Limit ($0.01/$0.02 USD) - 2022/06/30 18:50:44 PT [2022/06/30 21:50:44 ET]
Table 'Muphrid' 9-max Seat #6 is the button
Seat 1: tayde310 ($3.68 in chips)
Seat 2: kamafeus ($3.95 in chips)
Seat 3: deileon ($2.43 in chips)
Seat 4: perffect16 ($2 in chips)
Seat 5: Dorex2007 ($2 in chips)
Seat 6: o'travolta ($2.19 in chips)
Seat 7: Legent333 ($0.87 in chips)
Seat 8: Nicolai5115 ($0.96 in chips)
Seat 9: Roboto713 ($0.98 in chips)
Legent333: posts small blind $0.01
Nicolai5115: posts big blind $0.02
Roboto713: posts big blind $0.02
Dorex2007: posts big blind $0.02
*** HOLE CARDS ***
Dealt to Dorex2007 [6d 5c]
Roboto713: checks
tayde310: raises $0.07 to $0.09
kamafeus: folds
deileon: folds
perffect16: folds
Dorex2007: folds
o'travolta: calls $0.09
Legent333: folds
Nicolai5115: calls $0.07
Roboto713: folds
*** FLOP *** [9d Kd 8c]
Nicolai5115: checks
tayde310: checks
o'travolta: checks
*** TURN *** [9d Kd 8c] [5d]
Nicolai5115: bets $0.02
tayde310: folds
o'travolta: calls $0.02
*** RIVER *** [9d Kd 8c 5d] [2c]
Nicolai5115: bets $0.02
o'travolta: calls $0.02
*** SHOW DOWN ***
Nicolai5115: shows [Qs Ks] (a pair of Kings)
o'travolta: mucks hand
Nicolai5115 collected $0.39 from pot
*** SUMMARY ***
Total pot $0.40 | Rake $0.01
Board [9d Kd 8c 5d 2c]
Seat 1: tayde310 folded on the Turn
Seat 2: kamafeus folded before Flop (didn't bet)
Seat 3: deileon folded before Flop (didn't bet)
Seat 4: perffect16 folded before Flop (didn't bet)
Seat 5: Dorex2007 folded before Flop (didn't bet)
Seat 6: o'travolta (button) mucked [7h Kh]
Seat 7: Legent333 (small blind) folded before Flop
Seat 8: Nicolai5115 (big blind) showed [Qs Ks] and won ($0.39) with a pair of Kings
Seat 9: Roboto713 folded before Flop (didn't bet)


