PokerStars Hand #238736872142:  Hold'em No Limit ($0.02/$0.05 USD) - 2022/09/19 14:21:10 PT [2022/09/19 17:21:10 ET]
Table 'Janequeo III' 9-max Seat #6 is the button
Seat 1: Schneusel ($5.89 in chips) 
Seat 2: maxkxi ($4.52 in chips) 
Seat 3: Leandro0887 ($2.55 in chips) 
Seat 4: _Stells666 ($5.15 in chips) 
Seat 5: Dorex2007 ($5 in chips) 
Seat 6: ekinox07 ($7.85 in chips) 
Seat 7: yarra30 ($2.56 in chips) 
Seat 8: Joker AAA214 ($5.64 in chips) 
Seat 9: soldim327 ($5.11 in chips) 
yarra30: posts small blind $0.02
Joker AAA214: posts big blind $0.05
Dorex2007: posts big blind $0.05
*** HOLE CARDS ***
Dealt to Dorex2007 [Qd Jc]
soldim327: folds 
Schneusel: calls $0.05
maxkxi: calls $0.05
Leandro0887: folds 
_Stells666: folds 
Dorex2007: checks 
ekinox07: folds 
yarra30: raises $0.45 to $0.50
Joker AAA214: folds 
Schneusel: folds 
maxkxi: folds 
Dorex2007: folds 
Uncalled bet ($0.45) returned to yarra30
yarra30 collected $0.25 from pot
*** SUMMARY ***
Total pot $0.25 | Rake $0 
Seat 1: Schneusel folded before Flop
Seat 2: maxkxi folded before Flop
Seat 3: Leandro0887 folded before Flop (didn't bet)
Seat 4: _Stells666 folded before Flop (didn't bet)
Seat 5: Dorex2007 folded before Flop (didn't bet)
Seat 6: ekinox07 (button) folded before Flop (didn't bet)
Seat 7: yarra30 (small blind) collected ($0.25)
Seat 8: Joker AAA214 (big blind) folded before Flop
Seat 9: soldim327 folded before Flop (didn't bet)



PokerStars Hand #238736885933:  Hold'em No Limit ($0.02/$0.05 USD) - 2022/09/19 14:21:42 PT [2022/09/19 17:21:42 ET]
Table 'Janequeo III' 9-max Seat #7 is the button
Seat 2: maxkxi ($4.47 in chips) 
Seat 3: Leandro0887 ($2.55 in chips) 
Seat 4: _Stells666 ($5.15 in chips) 
Seat 5: Dorex2007 ($5 in chips) 
Seat 6: ekinox07 ($7.85 in chips) 
Seat 7: yarra30 ($2.76 in chips) 
Seat 8: Joker AAA214 ($5.59 in chips) 
Joker AAA214: posts small blind $0.02
soldim327: is sitting out 
Schneusel: is sitting out 
maxkxi: posts big blind $0.05
*** HOLE CARDS ***
Dealt to Dorex2007 [2h 8c]
Leandro0887: folds 
Schneusel leaves the table
_Stells666: raises $0.09 to $0.14
Dorex2007: folds 
ekinox07: folds 
yarra30: folds 
Joker AAA214: folds 
soldim327 leaves the table
88REAW joins the table at seat #1 
maxkxi: calls $0.09
*** FLOP *** [7d 4s Td]
maxkxi: checks 
_Stells666: bets $0.16
maxkxi: calls $0.16
*** TURN *** [7d 4s Td] [7c]
maxkxi: checks 
_Stells666: checks 
*** RIVER *** [7d 4s Td 7c] [Qs]
maxkxi: bets $0.35
_Stells666: folds 
Uncalled bet ($0.35) returned to maxkxi
maxkxi collected $0.59 from pot
*** SUMMARY ***
Total pot $0.62 | Rake $0.03 
Board [7d 4s Td 7c Qs]
Seat 2: maxkxi (big blind) collected ($0.59)
Seat 3: Leandro0887 folded before Flop (didn't bet)
Seat 4: _Stells666 folded on the River
Seat 5: Dorex2007 folded before Flop (didn't bet)
Seat 6: ekinox07 folded before Flop (didn't bet)
Seat 7: yarra30 (button) folded before Flop (didn't bet)
Seat 8: Joker AAA214 (small blind) folded before Flop



PokerStars Hand #238736907665:  Hold'em No Limit ($0.02/$0.05 USD) - 2022/09/19 14:22:33 PT [2022/09/19 17:22:33 ET]
Table 'Janequeo III' 9-max Seat #8 is the button
Seat 2: maxkxi ($4.76 in chips) 
Seat 3: Leandro0887 ($2.55 in chips) 
Seat 4: _Stells666 ($5 in chips) 
Seat 5: Dorex2007 ($5 in chips) 
Seat 6: ekinox07 ($7.85 in chips) 
Seat 7: yarra30 ($2.76 in chips) 
Seat 8: Joker AAA214 ($5.57 in chips) 
maxkxi: posts small blind $0.02
Leandro0887: posts big blind $0.05
*** HOLE CARDS ***
Dealt to Dorex2007 [Jd 8s]
_Stells666: folds 
Dorex2007: folds 
ekinox07: raises $0.05 to $0.10
yarra30: folds 
Joker AAA214: folds 
maxkxi: folds 
Leandro0887: folds 
Uncalled bet ($0.05) returned to ekinox07
ekinox07 collected $0.12 from pot
ekinox07: doesn't show hand 
*** SUMMARY ***
Total pot $0.12 | Rake $0 
Seat 2: maxkxi (small blind) folded before Flop
Seat 3: Leandro0887 (big blind) folded before Flop
Seat 4: _Stells666 folded before Flop (didn't bet)
Seat 5: Dorex2007 folded before Flop (didn't bet)
Seat 6: ekinox07 collected ($0.12)
Seat 7: yarra30 folded before Flop (didn't bet)
Seat 8: Joker AAA214 (button) folded before Flop (didn't bet)



PokerStars Hand #238736915862:  Hold'em No Limit ($0.02/$0.05 USD) - 2022/09/19 14:22:52 PT [2022/09/19 17:22:52 ET]
Table 'Janequeo III' 9-max Seat #2 is the button
Seat 1: 88REAW ($4 in chips) 
Seat 2: maxkxi ($4.74 in chips) 
Seat 3: Leandro0887 ($2.50 in chips) 
Seat 4: _Stells666 ($5 in chips) 
Seat 5: Dorex2007 ($5 in chips) 
Seat 6: ekinox07 ($7.92 in chips) 
Seat 7: yarra30 ($2.76 in chips) 
Seat 8: Joker AAA214 ($5.57 in chips) 
Leandro0887: posts small blind $0.02
_Stells666: posts big blind $0.05
88REAW: posts big blind $0.05
*** HOLE CARDS ***
Dealt to Dorex2007 [Jd 6h]
Dorex2007: folds 
ekinox07: folds 
yarra30: folds 
Joker AAA214: folds 
88REAW: raises $0.10 to $0.15
maxkxi: folds 
Leandro0887: folds 
_Stells666: folds 
Uncalled bet ($0.10) returned to 88REAW
88REAW collected $0.12 from pot
88REAW: doesn't show hand 
*** SUMMARY ***
Total pot $0.12 | Rake $0 
Seat 1: 88REAW collected ($0.12)
Seat 2: maxkxi (button) folded before Flop (didn't bet)
Seat 3: Leandro0887 (small blind) folded before Flop
Seat 4: _Stells666 (big blind) folded before Flop
Seat 5: Dorex2007 folded before Flop (didn't bet)
Seat 6: ekinox07 folded before Flop (didn't bet)
Seat 7: yarra30 folded before Flop (didn't bet)
Seat 8: Joker AAA214 folded before Flop (didn't bet)



PokerStars Hand #238736927927:  Hold'em No Limit ($0.02/$0.05 USD) - 2022/09/19 14:23:20 PT [2022/09/19 17:23:20 ET]
Table 'Janequeo III' 9-max Seat #3 is the button
Seat 1: 88REAW ($4.07 in chips) 
Seat 2: maxkxi ($4.74 in chips) 
Seat 3: Leandro0887 ($2.48 in chips) 
Seat 4: _Stells666 ($5 in chips) 
Seat 5: Dorex2007 ($5 in chips) 
Seat 6: ekinox07 ($7.92 in chips) 
Seat 7: yarra30 ($2.76 in chips) 
Seat 8: Joker AAA214 ($5.57 in chips) 
_Stells666: posts small blind $0.02
Dorex2007: posts big blind $0.05
*** HOLE CARDS ***
Dealt to Dorex2007 [Qh 3h]
ekinox07: folds 
yarra30: folds 
Joker AAA214: folds 
88REAW: folds 
maxkxi: raises $0.05 to $0.10
Leandro0887: folds 
_Stells666: folds 
Dorex2007: folds 
Uncalled bet ($0.05) returned to maxkxi
maxkxi collected $0.12 from pot
*** SUMMARY ***
Total pot $0.12 | Rake $0 
Seat 1: 88REAW folded before Flop (didn't bet)
Seat 2: maxkxi collected ($0.12)
Seat 3: Leandro0887 (button) folded before Flop (didn't bet)
Seat 4: _Stells666 (small blind) folded before Flop
Seat 5: Dorex2007 (big blind) folded before Flop
Seat 6: ekinox07 folded before Flop (didn't bet)
Seat 7: yarra30 folded before Flop (didn't bet)
Seat 8: Joker AAA214 folded before Flop (didn't bet)



PokerStars Hand #238736937340:  Hold'em No Limit ($0.02/$0.05 USD) - 2022/09/19 14:23:42 PT [2022/09/19 17:23:42 ET]
Table 'Janequeo III' 9-max Seat #4 is the button
Seat 1: 88REAW ($4.07 in chips) 
Seat 2: maxkxi ($4.81 in chips) 
Seat 3: Leandro0887 ($2.48 in chips) 
Seat 4: _Stells666 ($5 in chips) 
Seat 5: Dorex2007 ($5 in chips) 
Seat 6: ekinox07 ($7.92 in chips) 
Seat 7: yarra30 ($2.76 in chips) 
Seat 8: Joker AAA214 ($5.57 in chips) 
Dorex2007: posts small blind $0.02
ekinox07: posts big blind $0.05
*** HOLE CARDS ***
Dealt to Dorex2007 [Ad Kh]
yarra30: folds 
Joker AAA214: folds 
88REAW: raises $0.10 to $0.15
maxkxi: folds 
Leandro0887: folds 
_Stells666: folds 
Dorex2007: raises $0.35 to $0.50
ekinox07: folds 
88REAW: folds 
Uncalled bet ($0.35) returned to Dorex2007
Dorex2007 collected $0.35 from pot
Dorex2007: doesn't show hand 
*** SUMMARY ***
Total pot $0.35 | Rake $0 
Seat 1: 88REAW folded before Flop
Seat 2: maxkxi folded before Flop (didn't bet)
Seat 3: Leandro0887 folded before Flop (didn't bet)
Seat 4: _Stells666 (button) folded before Flop (didn't bet)
Seat 5: Dorex2007 (small blind) collected ($0.35)
Seat 6: ekinox07 (big blind) folded before Flop
Seat 7: yarra30 folded before Flop (didn't bet)
Seat 8: Joker AAA214 folded before Flop (didn't bet)



PokerStars Hand #238736957208:  Hold'em No Limit ($0.02/$0.05 USD) - 2022/09/19 14:24:28 PT [2022/09/19 17:24:28 ET]
Table 'Janequeo III' 9-max Seat #5 is the button
Seat 1: 88REAW ($3.92 in chips) 
Seat 2: maxkxi ($4.81 in chips) 
Seat 3: Leandro0887 ($2.48 in chips) 
Seat 4: _Stells666 ($5 in chips) 
Seat 5: Dorex2007 ($5.20 in chips) 
Seat 6: ekinox07 ($7.87 in chips) 
Seat 7: yarra30 ($2.76 in chips) 
Seat 8: Joker AAA214 ($5.57 in chips) 
ekinox07: posts small blind $0.02
yarra30: posts big blind $0.05
*** HOLE CARDS ***
Dealt to Dorex2007 [Td 7c]
Joker AAA214: raises $0.10 to $0.15
88REAW: folds 
maxkxi: folds 
Leandro0887: folds 
_Stells666: folds 
Dorex2007: folds 
ekinox07: folds 
yarra30: folds 
Uncalled bet ($0.10) returned to Joker AAA214
Joker AAA214 collected $0.12 from pot
*** SUMMARY ***
Total pot $0.12 | Rake $0 
Seat 1: 88REAW folded before Flop (didn't bet)
Seat 2: maxkxi folded before Flop (didn't bet)
Seat 3: Leandro0887 folded before Flop (didn't bet)
Seat 4: _Stells666 folded before Flop (didn't bet)
Seat 5: Dorex2007 (button) folded before Flop (didn't bet)
Seat 6: ekinox07 (small blind) folded before Flop
Seat 7: yarra30 (big blind) folded before Flop
Seat 8: Joker AAA214 collected ($0.12)



PokerStars Hand #238736966133:  Hold'em No Limit ($0.02/$0.05 USD) - 2022/09/19 14:24:49 PT [2022/09/19 17:24:49 ET]
Table 'Janequeo III' 9-max Seat #6 is the button
Seat 1: 88REAW ($3.92 in chips) 
Seat 2: maxkxi ($4.81 in chips) 
Seat 3: Leandro0887 ($2.48 in chips) 
Seat 4: _Stells666 ($5 in chips) 
Seat 5: Dorex2007 ($5.20 in chips) 
Seat 6: ekinox07 ($7.85 in chips) 
Seat 7: yarra30 ($2.71 in chips) 
Seat 8: Joker AAA214 ($5.64 in chips) 
yarra30: posts small blind $0.02
Joker AAA214: posts big blind $0.05
*** HOLE CARDS ***
Dealt to Dorex2007 [5d 9c]
88REAW: folds 
maxkxi: folds 
Leandro0887: folds 
_Stells666: raises $0.07 to $0.12
Dorex2007: folds 
ekinox07: folds 
yarra30: folds 
Joker AAA214: calls $0.07
*** FLOP *** [Kc Qs Ts]
Joker AAA214: checks 
_Stells666: bets $0.14
Joker AAA214: folds 
Uncalled bet ($0.14) returned to _Stells666
_Stells666 collected $0.25 from pot
_Stells666: doesn't show hand 
*** SUMMARY ***
Total pot $0.26 | Rake $0.01 
Board [Kc Qs Ts]
Seat 1: 88REAW folded before Flop (didn't bet)
Seat 2: maxkxi folded before Flop (didn't bet)
Seat 3: Leandro0887 folded before Flop (didn't bet)
Seat 4: _Stells666 collected ($0.25)
Seat 5: Dorex2007 folded before Flop (didn't bet)
Seat 6: ekinox07 (button) folded before Flop (didn't bet)
Seat 7: yarra30 (small blind) folded before Flop
Seat 8: Joker AAA214 (big blind) folded on the Flop



PokerStars Hand #238736980506:  Hold'em No Limit ($0.02/$0.05 USD) - 2022/09/19 14:25:23 PT [2022/09/19 17:25:23 ET]
Table 'Janequeo III' 9-max Seat #7 is the button
Seat 1: 88REAW ($3.92 in chips) 
Seat 2: maxkxi ($4.81 in chips) 
Seat 3: Leandro0887 ($2.48 in chips) 
Seat 4: _Stells666 ($5.13 in chips) 
Seat 5: Dorex2007 ($5.20 in chips) 
Seat 6: ekinox07 ($7.85 in chips) 
Seat 7: yarra30 ($2.69 in chips) 
Seat 8: Joker AAA214 ($5.52 in chips) 
Joker AAA214: posts small blind $0.02
88REAW: posts big blind $0.05
*** HOLE CARDS ***
Dealt to Dorex2007 [Qc 6s]
maxkxi: calls $0.05
Leandro0887: folds 
_Stells666: folds 
Dorex2007: folds 
ekinox07: folds 
yarra30: folds 
Joker AAA214: folds 
88REAW: checks 
*** FLOP *** [9h 7d 4c]
88REAW: bets $0.06
maxkxi: folds 
Uncalled bet ($0.06) returned to 88REAW
88REAW collected $0.12 from pot
88REAW: doesn't show hand 
*** SUMMARY ***
Total pot $0.12 | Rake $0 
Board [9h 7d 4c]
Seat 1: 88REAW (big blind) collected ($0.12)
Seat 2: maxkxi folded on the Flop
Seat 3: Leandro0887 folded before Flop (didn't bet)
Seat 4: _Stells666 folded before Flop (didn't bet)
Seat 5: Dorex2007 folded before Flop (didn't bet)
Seat 6: ekinox07 folded before Flop (didn't bet)
Seat 7: yarra30 (button) folded before Flop (didn't bet)
Seat 8: Joker AAA214 (small blind) folded before Flop



PokerStars Hand #238736991942:  Hold'em No Limit ($0.02/$0.05 USD) - 2022/09/19 14:25:50 PT [2022/09/19 17:25:50 ET]
Table 'Janequeo III' 9-max Seat #8 is the button
Seat 1: 88REAW ($3.99 in chips) 
Seat 2: maxkxi ($4.76 in chips) 
Seat 3: Leandro0887 ($2.48 in chips) 
Seat 4: _Stells666 ($5.13 in chips) 
Seat 5: Dorex2007 ($5.20 in chips) 
Seat 6: ekinox07 ($7.85 in chips) 
Seat 7: yarra30 ($2.69 in chips) 
Seat 8: Joker AAA214 ($5.50 in chips) 
88REAW: posts small blind $0.02
maxkxi: posts big blind $0.05
*** HOLE CARDS ***
Dealt to Dorex2007 [4c 6d]
Leandro0887: folds 
_Stells666: folds 
Dorex2007: folds 
ekinox07: folds 
yarra30: folds 
Joker AAA214: folds 
88REAW: folds 
Uncalled bet ($0.03) returned to maxkxi
maxkxi collected $0.04 from pot
*** SUMMARY ***
Total pot $0.04 | Rake $0 
Seat 1: 88REAW (small blind) folded before Flop
Seat 2: maxkxi (big blind) collected ($0.04)
Seat 3: Leandro0887 folded before Flop (didn't bet)
Seat 4: _Stells666 folded before Flop (didn't bet)
Seat 5: Dorex2007 folded before Flop (didn't bet)
Seat 6: ekinox07 folded before Flop (didn't bet)
Seat 7: yarra30 folded before Flop (didn't bet)
Seat 8: Joker AAA214 (button) folded before Flop (didn't bet)



PokerStars Hand #238736998042:  Hold'em No Limit ($0.02/$0.05 USD) - 2022/09/19 14:26:05 PT [2022/09/19 17:26:05 ET]
Table 'Janequeo III' 9-max Seat #1 is the button
Seat 1: 88REAW ($3.97 in chips) 
Seat 2: maxkxi ($4.78 in chips) 
Seat 3: Leandro0887 ($2.48 in chips) 
Seat 4: _Stells666 ($5.13 in chips) 
Seat 5: Dorex2007 ($5.20 in chips) 
Seat 6: ekinox07 ($7.85 in chips) 
Seat 7: yarra30 ($2.69 in chips) 
Seat 8: Joker AAA214 ($5.50 in chips) 
maxkxi: posts small blind $0.02
Leandro0887: posts big blind $0.05
*** HOLE CARDS ***
Dealt to Dorex2007 [2h 3h]
_Stells666: folds 
Dorex2007: folds 
ekinox07: folds 
yarra30: folds 
Joker AAA214: folds 
88REAW: folds 
maxkxi: calls $0.03
KAAS467 joins the table at seat #9 
Leandro0887: checks 
*** FLOP *** [Jd Qs 6c]
maxkxi: checks 
Leandro0887: bets $0.05
maxkxi: folds 
Uncalled bet ($0.05) returned to Leandro0887
Leandro0887 collected $0.10 from pot
Leandro0887: doesn't show hand 
*** SUMMARY ***
Total pot $0.10 | Rake $0 
Board [Jd Qs 6c]
Seat 1: 88REAW (button) folded before Flop (didn't bet)
Seat 2: maxkxi (small blind) folded on the Flop
Seat 3: Leandro0887 (big blind) collected ($0.10)
Seat 4: _Stells666 folded before Flop (didn't bet)
Seat 5: Dorex2007 folded before Flop (didn't bet)
Seat 6: ekinox07 folded before Flop (didn't bet)
Seat 7: yarra30 folded before Flop (didn't bet)
Seat 8: Joker AAA214 folded before Flop (didn't bet)



PokerStars Hand #238737010350:  Hold'em No Limit ($0.02/$0.05 USD) - 2022/09/19 14:26:33 PT [2022/09/19 17:26:33 ET]
Table 'Janequeo III' 9-max Seat #2 is the button
Seat 1: 88REAW ($3.97 in chips) 
Seat 2: maxkxi ($4.73 in chips) 
Seat 3: Leandro0887 ($2.53 in chips) 
Seat 5: Dorex2007 ($5.20 in chips) 
Seat 6: ekinox07 ($7.85 in chips) 
Seat 7: yarra30 ($2.69 in chips) 
Seat 8: Joker AAA214 ($5.50 in chips) 
Seat 9: KAAS467 ($5 in chips) 
Leandro0887: posts small blind $0.02
_Stells666: is sitting out 
Dorex2007: posts big blind $0.05
KAAS467: posts big blind $0.05
*** HOLE CARDS ***
Dealt to Dorex2007 [2s 9s]
_Stells666 leaves the table
ekinox07: folds 
yarra30: folds 
Joker AAA214: folds 
KAAS467: checks 
88REAW: raises $0.10 to $0.15
maxkxi: calls $0.15
Leandro0887: folds 
Dorex2007: folds 
KAAS467: folds 
*** FLOP *** [Qh 5c 8h]
88REAW: bets $0.10
maxkxi: calls $0.10
*** TURN *** [Qh 5c 8h] [3c]
88REAW: checks 
maxkxi: bets $0.20
88REAW: calls $0.20
*** RIVER *** [Qh 5c 8h 3c] [Kd]
88REAW: checks 
maxkxi: checks 
*** SHOW DOWN ***
88REAW: shows [Jc Jd] (a pair of Jacks)
maxkxi: shows [Ts Qs] (a pair of Queens)
maxkxi collected $0.98 from pot
*** SUMMARY ***
Total pot $1.02 | Rake $0.04 
Board [Qh 5c 8h 3c Kd]
Seat 1: 88REAW showed [Jc Jd] and lost with a pair of Jacks
Seat 2: maxkxi (button) showed [Ts Qs] and won ($0.98) with a pair of Queens
Seat 3: Leandro0887 (small blind) folded before Flop
Seat 5: Dorex2007 (big blind) folded before Flop
Seat 6: ekinox07 folded before Flop (didn't bet)
Seat 7: yarra30 folded before Flop (didn't bet)
Seat 8: Joker AAA214 folded before Flop (didn't bet)
Seat 9: KAAS467 folded before Flop (didn't bet)



PokerStars Hand #238737030373:  Hold'em No Limit ($0.02/$0.05 USD) - 2022/09/19 14:27:21 PT [2022/09/19 17:27:21 ET]
Table 'Janequeo III' 9-max Seat #3 is the button
Seat 1: 88REAW ($3.52 in chips) 
Seat 2: maxkxi ($5.26 in chips) 
Seat 3: Leandro0887 ($2.51 in chips) 
Seat 5: Dorex2007 ($5.15 in chips) 
Seat 6: ekinox07 ($7.85 in chips) 
Seat 7: yarra30 ($2.69 in chips) 
Seat 8: Joker AAA214 ($5.50 in chips) 
Seat 9: KAAS467 ($4.95 in chips) 
Dorex2007: posts small blind $0.02
ekinox07: posts big blind $0.05
*** HOLE CARDS ***
Dealt to Dorex2007 [Jd 3h]
yarra30: folds 
Joker AAA214: folds 
KAAS467: raises $0.10 to $0.15
88REAW: folds 
maxkxi: folds 
Leandro0887: folds 
Dorex2007: folds 
ekinox07: folds 
Uncalled bet ($0.10) returned to KAAS467
KAAS467 collected $0.12 from pot
KAAS467: doesn't show hand 
*** SUMMARY ***
Total pot $0.12 | Rake $0 
Seat 1: 88REAW folded before Flop (didn't bet)
Seat 2: maxkxi folded before Flop (didn't bet)
Seat 3: Leandro0887 (button) folded before Flop (didn't bet)
Seat 5: Dorex2007 (small blind) folded before Flop
Seat 6: ekinox07 (big blind) folded before Flop
Seat 7: yarra30 folded before Flop (didn't bet)
Seat 8: Joker AAA214 folded before Flop (didn't bet)
Seat 9: KAAS467 collected ($0.12)



PokerStars Hand #238737038305:  Hold'em No Limit ($0.02/$0.05 USD) - 2022/09/19 14:27:39 PT [2022/09/19 17:27:39 ET]
Table 'Janequeo III' 9-max Seat #5 is the button
Seat 1: 88REAW ($3.52 in chips) 
Seat 2: maxkxi ($5.26 in chips) 
Seat 3: Leandro0887 ($2.51 in chips) 
Seat 5: Dorex2007 ($5.13 in chips) 
Seat 6: ekinox07 ($7.80 in chips) 
Seat 7: yarra30 ($2.69 in chips) 
Seat 8: Joker AAA214 ($5.50 in chips) 
Seat 9: KAAS467 ($5.02 in chips) 
ekinox07: posts small blind $0.02
yarra30: posts big blind $0.05
*** HOLE CARDS ***
Dealt to Dorex2007 [Th 2d]
Joker AAA214: folds 
KAAS467: folds 
88REAW: raises $0.10 to $0.15
maxkxi: folds 
Leandro0887: calls $0.15
Dorex2007: folds 
ekinox07: calls $0.13
yarra30: folds 
*** FLOP *** [2s Td Qd]
maxkxi leaves the table
ekinox07: checks 
88REAW: checks 
Leandro0887: checks 
*** TURN *** [2s Td Qd] [9c]
ekinox07: bets $0.15
88REAW: folds 
Leandro0887: calls $0.15
*** RIVER *** [2s Td Qd 9c] [3s]
ekinox07: bets $0.20
Leandro0887: calls $0.20
*** SHOW DOWN ***
ekinox07: shows [Qh Kc] (a pair of Queens)
Leandro0887: mucks hand 
ekinox07 collected $1.15 from pot
*** SUMMARY ***
Total pot $1.20 | Rake $0.05 
Board [2s Td Qd 9c 3s]
Seat 1: 88REAW folded on the Turn
Seat 2: maxkxi folded before Flop (didn't bet)
Seat 3: Leandro0887 mucked [Tc Jc]
Seat 5: Dorex2007 (button) folded before Flop (didn't bet)
Seat 6: ekinox07 (small blind) showed [Qh Kc] and won ($1.15) with a pair of Queens
Seat 7: yarra30 (big blind) folded before Flop
Seat 8: Joker AAA214 folded before Flop (didn't bet)
Seat 9: KAAS467 folded before Flop (didn't bet)



PokerStars Hand #238737060587:  Hold'em No Limit ($0.02/$0.05 USD) - 2022/09/19 14:28:32 PT [2022/09/19 17:28:32 ET]
Table 'Janequeo III' 9-max Seat #6 is the button
Seat 1: 88REAW ($3.37 in chips) 
Seat 3: Leandro0887 ($2.01 in chips) 
Seat 5: Dorex2007 ($5.13 in chips) 
Seat 6: ekinox07 ($8.45 in chips) 
Seat 7: yarra30 ($2.64 in chips) 
Seat 8: Joker AAA214 ($5.50 in chips) 
Seat 9: KAAS467 ($5.02 in chips) 
yarra30: posts small blind $0.02
Joker AAA214: posts big blind $0.05
*** HOLE CARDS ***
Dealt to Dorex2007 [Qd Jd]
KAAS467: folds 
88REAW: folds 
Leandro0887: folds 
Dorex2007: raises $0.20 to $0.25
ekinox07: folds 
yarra30: calls $0.23
Joker AAA214: folds 
*** FLOP *** [Js 2d 7s]
yarra30: checks 
Dorex2007: bets $0.53
yarra30: raises $1.86 to $2.39 and is all-in
Dorex2007: calls $1.86
*** TURN *** [Js 2d 7s] [Ad]
*** RIVER *** [Js 2d 7s Ad] [4c]
*** SHOW DOWN ***
yarra30: shows [7c 7d] (three of a kind, Sevens)
Dorex2007: shows [Qd Jd] (a pair of Jacks)
yarra30 cashed out the hand for $4.80 | Cash Out Fee $0.05
*** SUMMARY ***
Total pot $5.33 | Rake $0.22 
Board [Js 2d 7s Ad 4c]
Seat 1: 88REAW folded before Flop (didn't bet)
Seat 3: Leandro0887 folded before Flop (didn't bet)
Seat 5: Dorex2007 showed [Qd Jd] and lost with a pair of Jacks
Seat 6: ekinox07 (button) folded before Flop (didn't bet)
Seat 7: yarra30 (small blind) showed [7c 7d] and won ($5.11) with three of a kind, Sevens (pot not awarded as player cashed out)
Seat 8: Joker AAA214 (big blind) folded before Flop
Seat 9: KAAS467 folded before Flop (didn't bet)



PokerStars Hand #238737076782:  Hold'em No Limit ($0.02/$0.05 USD) - 2022/09/19 14:29:11 PT [2022/09/19 17:29:11 ET]
Table 'Janequeo III' 9-max Seat #7 is the button
Seat 1: 88REAW ($3.37 in chips) 
Seat 3: Leandro0887 ($2.01 in chips) 
Seat 5: Dorex2007 ($5 in chips) 
Seat 6: ekinox07 ($8.45 in chips) 
Seat 7: yarra30 ($4.80 in chips) 
Seat 8: Joker AAA214 ($5.45 in chips) 
Seat 9: KAAS467 ($5.02 in chips) 
Joker AAA214: posts small blind $0.02
KAAS467: posts big blind $0.05
*** HOLE CARDS ***
Dealt to Dorex2007 [Jh 9s]
88REAW: folds 
Leandro0887: folds 
Dorex2007: folds 
ekinox07: folds 
yarra30: folds 
Joker AAA214: folds 
Uncalled bet ($0.03) returned to KAAS467
KAAS467 collected $0.04 from pot
KAAS467: doesn't show hand 
*** SUMMARY ***
Total pot $0.04 | Rake $0 
Seat 1: 88REAW folded before Flop (didn't bet)
Seat 3: Leandro0887 folded before Flop (didn't bet)
Seat 5: Dorex2007 folded before Flop (didn't bet)
Seat 6: ekinox07 folded before Flop (didn't bet)
Seat 7: yarra30 (button) folded before Flop (didn't bet)
Seat 8: Joker AAA214 (small blind) folded before Flop
Seat 9: KAAS467 (big blind) collected ($0.04)



PokerStars Hand #238737081774:  Hold'em No Limit ($0.02/$0.05 USD) - 2022/09/19 14:29:23 PT [2022/09/19 17:29:23 ET]
Table 'Janequeo III' 9-max Seat #8 is the button
Seat 1: 88REAW ($3.37 in chips) 
Seat 3: Leandro0887 ($2.01 in chips) 
Seat 5: Dorex2007 ($5 in chips) 
Seat 6: ekinox07 ($8.45 in chips) 
Seat 7: yarra30 ($4.80 in chips) 
Seat 8: Joker AAA214 ($5.43 in chips) 
Seat 9: KAAS467 ($5.04 in chips) 
KAAS467: posts small blind $0.02
88REAW: posts big blind $0.05
*** HOLE CARDS ***
Dealt to Dorex2007 [7c 7h]
Leandro0887: folds 
Dorex2007: raises $0.10 to $0.15
ekinox07: folds 
yarra30: folds 
Joker AAA214: folds 
KAAS467: folds 
88REAW: folds 
Uncalled bet ($0.10) returned to Dorex2007
Dorex2007 collected $0.12 from pot
Dorex2007: doesn't show hand 
*** SUMMARY ***
Total pot $0.12 | Rake $0 
Seat 1: 88REAW (big blind) folded before Flop
Seat 3: Leandro0887 folded before Flop (didn't bet)
Seat 5: Dorex2007 collected ($0.12)
Seat 6: ekinox07 folded before Flop (didn't bet)
Seat 7: yarra30 folded before Flop (didn't bet)
Seat 8: Joker AAA214 (button) folded before Flop (didn't bet)
Seat 9: KAAS467 (small blind) folded before Flop



PokerStars Hand #238737087619:  Hold'em No Limit ($0.02/$0.05 USD) - 2022/09/19 14:29:37 PT [2022/09/19 17:29:37 ET]
Table 'Janequeo III' 9-max Seat #9 is the button
Seat 1: 88REAW ($3.32 in chips) 
Seat 3: Leandro0887 ($2.01 in chips) 
Seat 5: Dorex2007 ($5.07 in chips) 
Seat 6: ekinox07 ($8.45 in chips) 
Seat 7: yarra30 ($4.80 in chips) 
Seat 8: Joker AAA214 ($5.43 in chips) 
Seat 9: KAAS467 ($5.02 in chips) 
88REAW: posts small blind $0.02
Leandro0887: posts big blind $0.05
*** HOLE CARDS ***
Dealt to Dorex2007 [6c Qd]
Dorex2007: folds 
ekinox07: folds 
yarra30: raises $0.10 to $0.15
Joker AAA214: calls $0.15
KAAS467: calls $0.15
88REAW: folds 
Leandro0887: calls $0.10
*** FLOP *** [5h 7d 3h]
Leandro0887: checks 
yarra30: checks 
Joker AAA214: bets $0.29
88REAW is disconnected 
KAAS467: folds 
Leandro0887: folds 
yarra30: calls $0.29
*** TURN *** [5h 7d 3h] [Js]
yarra30: checks 
Joker AAA214: bets $0.57
yarra30: calls $0.57
*** RIVER *** [5h 7d 3h Js] [Jh]
yarra30: bets $1.12
Joker AAA214: folds 
Uncalled bet ($1.12) returned to yarra30
yarra30 collected $2.24 from pot
*** SUMMARY ***
Total pot $2.34 | Rake $0.10 
Board [5h 7d 3h Js Jh]
Seat 1: 88REAW (small blind) folded before Flop
Seat 3: Leandro0887 (big blind) folded on the Flop
Seat 5: Dorex2007 folded before Flop (didn't bet)
Seat 6: ekinox07 folded before Flop (didn't bet)
Seat 7: yarra30 collected ($2.24)
Seat 8: Joker AAA214 folded on the River
Seat 9: KAAS467 (button) folded on the Flop



PokerStars Hand #238737111978:  Hold'em No Limit ($0.02/$0.05 USD) - 2022/09/19 14:30:34 PT [2022/09/19 17:30:34 ET]
Table 'Janequeo III' 9-max Seat #1 is the button
Seat 1: 88REAW ($3.30 in chips) 
Seat 3: Leandro0887 ($1.86 in chips) 
Seat 5: Dorex2007 ($5.07 in chips) 
Seat 6: ekinox07 ($8.45 in chips) 
Seat 7: yarra30 ($6.03 in chips) 
Seat 8: Joker AAA214 ($4.42 in chips) 
Seat 9: KAAS467 ($4.87 in chips) 
Leandro0887: posts small blind $0.02
Dorex2007: posts big blind $0.05
*** HOLE CARDS ***
Dealt to Dorex2007 [9h 7d]
ekinox07: raises $0.10 to $0.15
yarra30: folds 
Joker AAA214: folds 
KAAS467: folds 
88REAW: folds 
88REAW leaves the table
Leandro0887: folds 
Dorex2007: folds 
Uncalled bet ($0.10) returned to ekinox07
ekinox07 collected $0.12 from pot
ekinox07: doesn't show hand 
*** SUMMARY ***
Total pot $0.12 | Rake $0 
Seat 1: 88REAW (button) folded before Flop (didn't bet)
Seat 3: Leandro0887 (small blind) folded before Flop
Seat 5: Dorex2007 (big blind) folded before Flop
Seat 6: ekinox07 collected ($0.12)
Seat 7: yarra30 folded before Flop (didn't bet)
Seat 8: Joker AAA214 folded before Flop (didn't bet)
Seat 9: KAAS467 folded before Flop (didn't bet)



PokerStars Hand #238737117401:  Hold'em No Limit ($0.02/$0.05 USD) - 2022/09/19 14:30:47 PT [2022/09/19 17:30:47 ET]
Table 'Janequeo III' 9-max Seat #3 is the button
Seat 3: Leandro0887 ($1.84 in chips) 
Seat 5: Dorex2007 ($5.02 in chips) 
Seat 6: ekinox07 ($8.52 in chips) 
Seat 7: yarra30 ($6.03 in chips) 
Seat 8: Joker AAA214 ($5 in chips) 
Seat 9: KAAS467 ($4.87 in chips) 
Dorex2007: posts small blind $0.02
ekinox07: posts big blind $0.05
*** HOLE CARDS ***
Dealt to Dorex2007 [Js Ah]
yarra30: folds 
Joker AAA214: folds 
KAAS467: folds 
Leandro0887: folds 
Dorex2007: raises $0.10 to $0.15
ekinox07: calls $0.10
*** FLOP *** [7d 9h 3s]
Dorex2007: bets $0.19
ekinox07: folds 
Uncalled bet ($0.19) returned to Dorex2007
Dorex2007 collected $0.29 from pot
Dorex2007: doesn't show hand 
*** SUMMARY ***
Total pot $0.30 | Rake $0.01 
Board [7d 9h 3s]
Seat 3: Leandro0887 (button) folded before Flop (didn't bet)
Seat 5: Dorex2007 (small blind) collected ($0.29)
Seat 6: ekinox07 (big blind) folded on the Flop
Seat 7: yarra30 folded before Flop (didn't bet)
Seat 8: Joker AAA214 folded before Flop (didn't bet)
Seat 9: KAAS467 folded before Flop (didn't bet)



PokerStars Hand #238737127789:  Hold'em No Limit ($0.02/$0.05 USD) - 2022/09/19 14:31:11 PT [2022/09/19 17:31:11 ET]
Table 'Janequeo III' 9-max Seat #5 is the button
Seat 3: Leandro0887 ($1.84 in chips) 
Seat 5: Dorex2007 ($5.16 in chips) 
Seat 6: ekinox07 ($8.37 in chips) 
Seat 7: yarra30 ($6.03 in chips) 
Seat 8: Joker AAA214 ($5 in chips) 
Seat 9: KAAS467 ($4.87 in chips) 
ekinox07: posts small blind $0.02
yarra30: posts big blind $0.05
*** HOLE CARDS ***
Dealt to Dorex2007 [Kd Jd]
Joker AAA214: folds 
KAAS467: calls $0.05
Leandro0887: folds 
Dorex2007: raises $0.17 to $0.22
ekinox07: folds 
yarra30: folds 
KAAS467: folds 
Uncalled bet ($0.17) returned to Dorex2007
Dorex2007 collected $0.17 from pot
Dorex2007: doesn't show hand 
*** SUMMARY ***
Total pot $0.17 | Rake $0 
Seat 3: Leandro0887 folded before Flop (didn't bet)
Seat 5: Dorex2007 (button) collected ($0.17)
Seat 6: ekinox07 (small blind) folded before Flop
Seat 7: yarra30 (big blind) folded before Flop
Seat 8: Joker AAA214 folded before Flop (didn't bet)
Seat 9: KAAS467 folded before Flop



PokerStars Hand #238737138836:  Hold'em No Limit ($0.02/$0.05 USD) - 2022/09/19 14:31:37 PT [2022/09/19 17:31:37 ET]
Table 'Janequeo III' 9-max Seat #6 is the button
Seat 3: Leandro0887 ($1.84 in chips) 
Seat 5: Dorex2007 ($5.28 in chips) 
Seat 6: ekinox07 ($8.35 in chips) 
Seat 8: Joker AAA214 ($5 in chips) 
Seat 9: KAAS467 ($4.82 in chips) 
Joker AAA214: posts small blind $0.02
KAAS467: posts big blind $0.05
*** HOLE CARDS ***
Dealt to Dorex2007 [3s Ah]
Leandro0887: folds 
Dorex2007: folds 
ekinox07: raises $0.10 to $0.15
Leandro0887 leaves the table
Joker AAA214: folds 
KAAS467: folds 
Uncalled bet ($0.10) returned to ekinox07
ekinox07 collected $0.12 from pot
ekinox07: doesn't show hand 
*** SUMMARY ***
Total pot $0.12 | Rake $0 
Seat 3: Leandro0887 folded before Flop (didn't bet)
Seat 5: Dorex2007 folded before Flop (didn't bet)
Seat 6: ekinox07 (button) collected ($0.12)
Seat 8: Joker AAA214 (small blind) folded before Flop
Seat 9: KAAS467 (big blind) folded before Flop



PokerStars Hand #238737145058:  Hold'em No Limit ($0.02/$0.05 USD) - 2022/09/19 14:31:52 PT [2022/09/19 17:31:52 ET]
Table 'Janequeo III' 9-max Seat #8 is the button
Seat 5: Dorex2007 ($5.28 in chips) 
Seat 6: ekinox07 ($8.42 in chips) 
Seat 8: Joker AAA214 ($4.98 in chips) 
Seat 9: KAAS467 ($4.77 in chips) 
KAAS467: posts small blind $0.02
Dorex2007: posts big blind $0.05
*** HOLE CARDS ***
Dealt to Dorex2007 [Js Ts]
ekinox07: raises $0.10 to $0.15
Joker AAA214: folds 
KAAS467: folds 
Dorex2007: folds 
Uncalled bet ($0.10) returned to ekinox07
ekinox07 collected $0.12 from pot
ekinox07: doesn't show hand 
*** SUMMARY ***
Total pot $0.12 | Rake $0 
Seat 5: Dorex2007 (big blind) folded before Flop
Seat 6: ekinox07 collected ($0.12)
Seat 8: Joker AAA214 (button) folded before Flop (didn't bet)
Seat 9: KAAS467 (small blind) folded before Flop



PokerStars Hand #238737148666:  Hold'em No Limit ($0.02/$0.05 USD) - 2022/09/19 14:32:00 PT [2022/09/19 17:32:00 ET]
Table 'Janequeo III' 9-max Seat #9 is the button
Seat 5: Dorex2007 ($5.23 in chips) 
Seat 6: ekinox07 ($8.49 in chips) 
Seat 8: Joker AAA214 ($4.98 in chips) 
Seat 9: KAAS467 ($4.75 in chips) 
Dorex2007: posts small blind $0.02
ekinox07: posts big blind $0.05
*** HOLE CARDS ***
Dealt to Dorex2007 [Js Jh]
Joker AAA214: raises $0.10 to $0.15
KAAS467: folds 
Dorex2007: calls $0.13
KAAS467 leaves the table
ekinox07: folds 
*** FLOP *** [Th 5h Kd]
Dorex2007: checks 
Joker AAA214: checks 
*** TURN *** [Th 5h Kd] [9s]
Dorex2007: bets $0.23
Joker AAA214: folds 
Uncalled bet ($0.23) returned to Dorex2007
Dorex2007 collected $0.34 from pot
Dorex2007: doesn't show hand 
*** SUMMARY ***
Total pot $0.35 | Rake $0.01 
Board [Th 5h Kd 9s]
Seat 5: Dorex2007 (small blind) collected ($0.34)
Seat 6: ekinox07 (big blind) folded before Flop
Seat 8: Joker AAA214 folded on the Turn
Seat 9: KAAS467 (button) folded before Flop (didn't bet)



