PokerStars Hand #237586963390:  Hold'em No Limit ($0.02/$0.05 USD) - 2022/07/25 15:21:23 PT [2022/07/25 18:21:23 ET]
Table 'Stroobantia' 9-max Seat #1 is the button
Seat 1: JonSnow124 ($4.37 in chips) 
Seat 2: shtshot250 ($3.10 in chips) 
Seat 3: polly727 ($4.85 in chips) 
Seat 4: VascoSerg ($6.03 in chips) 
Seat 5: Zzzanderman ($7.99 in chips) 
Seat 6: SturmGaming ($3.82 in chips) 
Seat 7: GameleiraGyn ($2.21 in chips) 
Seat 8: onlyfoolsguy ($6.45 in chips) 
Seat 9: Dorex2007 ($5 in chips) 
shtshot250: posts small blind $0.02
polly727: posts big blind $0.05
Dorex2007: posts big blind $0.05
*** HOLE CARDS ***
Dealt to Dorex2007 [5c Qc]
VascoSerg: folds 
Zzzanderman: folds 
SturmGaming: folds 
GameleiraGyn: calls $0.05
onlyfoolsguy: raises $0.10 to $0.15
Dorex2007: folds 
JonSnow124: calls $0.15
shtshot250: calls $0.13
polly727: folds 
GameleiraGyn: calls $0.10
*** FLOP *** [4h 4c 7h]
shtshot250: checks 
GameleiraGyn: checks 
onlyfoolsguy: checks 
JonSnow124: bets $0.33
shtshot250: folds 
GameleiraGyn: folds 
onlyfoolsguy: folds 
Uncalled bet ($0.33) returned to JonSnow124
JonSnow124 collected $0.67 from pot
JonSnow124: doesn't show hand 
*** SUMMARY ***
Total pot $0.70 | Rake $0.03 
Board [4h 4c 7h]
Seat 1: JonSnow124 (button) collected ($0.67)
Seat 2: shtshot250 (small blind) folded on the Flop
Seat 3: polly727 (big blind) folded before Flop
Seat 4: VascoSerg folded before Flop (didn't bet)
Seat 5: Zzzanderman folded before Flop (didn't bet)
Seat 6: SturmGaming folded before Flop (didn't bet)
Seat 7: GameleiraGyn folded on the Flop
Seat 8: onlyfoolsguy folded on the Flop
Seat 9: Dorex2007 folded before Flop (didn't bet)



PokerStars Hand #237586979783:  Hold'em No Limit ($0.02/$0.05 USD) - 2022/07/25 15:22:10 PT [2022/07/25 18:22:10 ET]
Table 'Stroobantia' 9-max Seat #2 is the button
Seat 1: JonSnow124 ($4.89 in chips) 
Seat 2: shtshot250 ($2.95 in chips) 
Seat 3: polly727 ($4.80 in chips) 
Seat 4: VascoSerg ($6.03 in chips) 
Seat 5: Zzzanderman ($7.99 in chips) 
Seat 6: SturmGaming ($3.82 in chips) 
Seat 7: GameleiraGyn ($2.06 in chips) 
Seat 8: onlyfoolsguy ($6.30 in chips) 
Seat 9: Dorex2007 ($5 in chips) 
polly727: posts small blind $0.02
VascoSerg: posts big blind $0.05
*** HOLE CARDS ***
Dealt to Dorex2007 [6d Jd]
Zzzanderman: folds 
SturmGaming: raises $0.07 to $0.12
GameleiraGyn: calls $0.12
onlyfoolsguy: folds 
Dorex2007: folds 
JonSnow124: folds 
shtshot250: folds 
polly727: raises $0.48 to $0.60
VascoSerg: folds 
SturmGaming: folds 
GameleiraGyn: folds 
Uncalled bet ($0.48) returned to polly727
polly727 collected $0.41 from pot
polly727: doesn't show hand 
*** SUMMARY ***
Total pot $0.41 | Rake $0 
Seat 1: JonSnow124 folded before Flop (didn't bet)
Seat 2: shtshot250 (button) folded before Flop (didn't bet)
Seat 3: polly727 (small blind) collected ($0.41)
Seat 4: VascoSerg (big blind) folded before Flop
Seat 5: Zzzanderman folded before Flop (didn't bet)
Seat 6: SturmGaming folded before Flop
Seat 7: GameleiraGyn folded before Flop
Seat 8: onlyfoolsguy folded before Flop (didn't bet)
Seat 9: Dorex2007 folded before Flop (didn't bet)



PokerStars Hand #237586996328:  Hold'em No Limit ($0.02/$0.05 USD) - 2022/07/25 15:22:59 PT [2022/07/25 18:22:59 ET]
Table 'Stroobantia' 9-max Seat #3 is the button
Seat 1: JonSnow124 ($4.89 in chips) 
Seat 2: shtshot250 ($2.95 in chips) 
Seat 3: polly727 ($5.09 in chips) 
Seat 4: VascoSerg ($5.98 in chips) 
Seat 5: Zzzanderman ($7.99 in chips) 
Seat 6: SturmGaming ($3.70 in chips) 
Seat 7: GameleiraGyn ($1.94 in chips) 
Seat 8: onlyfoolsguy ($6.30 in chips) 
Seat 9: Dorex2007 ($5 in chips) 
VascoSerg: posts small blind $0.02
Zzzanderman: posts big blind $0.05
*** HOLE CARDS ***
Dealt to Dorex2007 [As 8c]
SturmGaming: folds 
GameleiraGyn: calls $0.05
onlyfoolsguy: folds 
Dorex2007: folds 
JonSnow124: folds 
shtshot250: raises $0.20 to $0.25
polly727: folds 
VascoSerg: folds 
Zzzanderman: folds 
GameleiraGyn: calls $0.20
*** FLOP *** [8s 5c 3h]
GameleiraGyn: checks 
shtshot250: bets $0.55
GameleiraGyn: folds 
Uncalled bet ($0.55) returned to shtshot250
shtshot250 collected $0.55 from pot
shtshot250: doesn't show hand 
*** SUMMARY ***
Total pot $0.57 | Rake $0.02 
Board [8s 5c 3h]
Seat 1: JonSnow124 folded before Flop (didn't bet)
Seat 2: shtshot250 collected ($0.55)
Seat 3: polly727 (button) folded before Flop (didn't bet)
Seat 4: VascoSerg (small blind) folded before Flop
Seat 5: Zzzanderman (big blind) folded before Flop
Seat 6: SturmGaming folded before Flop (didn't bet)
Seat 7: GameleiraGyn folded on the Flop
Seat 8: onlyfoolsguy folded before Flop (didn't bet)
Seat 9: Dorex2007 folded before Flop (didn't bet)



PokerStars Hand #237587007031:  Hold'em No Limit ($0.02/$0.05 USD) - 2022/07/25 15:23:30 PT [2022/07/25 18:23:30 ET]
Table 'Stroobantia' 9-max Seat #4 is the button
Seat 1: JonSnow124 ($4.89 in chips) 
Seat 2: shtshot250 ($3.25 in chips) 
Seat 3: polly727 ($5.09 in chips) 
Seat 4: VascoSerg ($5.96 in chips) 
Seat 5: Zzzanderman ($7.94 in chips) 
Seat 6: SturmGaming ($3.70 in chips) 
Seat 7: GameleiraGyn ($1.69 in chips) 
Seat 8: onlyfoolsguy ($6.30 in chips) 
Seat 9: Dorex2007 ($5 in chips) 
Zzzanderman: posts small blind $0.02
SturmGaming: posts big blind $0.05
*** HOLE CARDS ***
Dealt to Dorex2007 [9c 6h]
GameleiraGyn: calls $0.05
onlyfoolsguy: folds 
Dorex2007: folds 
JonSnow124: folds 
shtshot250: folds 
polly727: folds 
VascoSerg: raises $0.15 to $0.20
Zzzanderman: folds 
SturmGaming: folds 
GameleiraGyn: folds 
Uncalled bet ($0.15) returned to VascoSerg
VascoSerg collected $0.17 from pot
VascoSerg: doesn't show hand 
*** SUMMARY ***
Total pot $0.17 | Rake $0 
Seat 1: JonSnow124 folded before Flop (didn't bet)
Seat 2: shtshot250 folded before Flop (didn't bet)
Seat 3: polly727 folded before Flop (didn't bet)
Seat 4: VascoSerg (button) collected ($0.17)
Seat 5: Zzzanderman (small blind) folded before Flop
Seat 6: SturmGaming (big blind) folded before Flop
Seat 7: GameleiraGyn folded before Flop
Seat 8: onlyfoolsguy folded before Flop (didn't bet)
Seat 9: Dorex2007 folded before Flop (didn't bet)



PokerStars Hand #237587016052:  Hold'em No Limit ($0.02/$0.05 USD) - 2022/07/25 15:23:57 PT [2022/07/25 18:23:57 ET]
Table 'Stroobantia' 9-max Seat #5 is the button
Seat 1: JonSnow124 ($4.89 in chips) 
Seat 2: shtshot250 ($3.25 in chips) 
Seat 3: polly727 ($5.09 in chips) 
Seat 4: VascoSerg ($6.08 in chips) 
Seat 5: Zzzanderman ($7.92 in chips) 
Seat 6: SturmGaming ($3.65 in chips) 
Seat 7: GameleiraGyn ($1.64 in chips) 
Seat 9: Dorex2007 ($5 in chips) 
SturmGaming: posts small blind $0.02
GameleiraGyn: posts big blind $0.05
*** HOLE CARDS ***
Dealt to Dorex2007 [8h Ah]
Dorex2007: raises $0.05 to $0.10
JonSnow124: calls $0.10
shtshot250: folds 
polly727: folds 
VascoSerg: folds 
Zzzanderman: folds 
SturmGaming: folds 
GameleiraGyn: calls $0.05
*** FLOP *** [6c 5d Js]
GameleiraGyn: checks 
Dorex2007: checks 
JonSnow124: checks 
*** TURN *** [6c 5d Js] [7c]
GameleiraGyn: checks 
Dorex2007: checks 
JonSnow124: checks 
*** RIVER *** [6c 5d Js 7c] [6h]
GameleiraGyn: checks 
Dorex2007: bets $0.15
JonSnow124: folds 
GameleiraGyn: folds 
Uncalled bet ($0.15) returned to Dorex2007
Dorex2007 collected $0.31 from pot
Dorex2007: doesn't show hand 
*** SUMMARY ***
Total pot $0.32 | Rake $0.01 
Board [6c 5d Js 7c 6h]
Seat 1: JonSnow124 folded on the River
Seat 2: shtshot250 folded before Flop (didn't bet)
Seat 3: polly727 folded before Flop (didn't bet)
Seat 4: VascoSerg folded before Flop (didn't bet)
Seat 5: Zzzanderman (button) folded before Flop (didn't bet)
Seat 6: SturmGaming (small blind) folded before Flop
Seat 7: GameleiraGyn (big blind) folded on the River
Seat 9: Dorex2007 collected ($0.31)



PokerStars Hand #237587038454:  Hold'em No Limit ($0.02/$0.05 USD) - 2022/07/25 15:25:03 PT [2022/07/25 18:25:03 ET]
Table 'Stroobantia' 9-max Seat #6 is the button
Seat 1: JonSnow124 ($4.79 in chips) 
Seat 2: shtshot250 ($3.25 in chips) 
Seat 3: polly727 ($5.09 in chips) 
Seat 4: VascoSerg ($6.08 in chips) 
Seat 5: Zzzanderman ($7.92 in chips) 
Seat 6: SturmGaming ($3.63 in chips) 
Seat 7: GameleiraGyn ($1.54 in chips) 
Seat 9: Dorex2007 ($5.21 in chips) 
GameleiraGyn: posts small blind $0.02
Dorex2007: posts big blind $0.05
*** HOLE CARDS ***
Dealt to Dorex2007 [Tc 5d]
JonSnow124: folds 
shtshot250: folds 
polly727: folds 
VascoSerg: folds 
Zzzanderman: folds 
SturmGaming: folds 
GameleiraGyn: calls $0.03
Dorex2007: checks 
*** FLOP *** [3c 3h 7d]
GameleiraGyn: checks 
Dorex2007: checks 
*** TURN *** [3c 3h 7d] [2d]
GameleiraGyn: bets $0.10
Dorex2007: folds 
Uncalled bet ($0.10) returned to GameleiraGyn
GameleiraGyn collected $0.10 from pot
GameleiraGyn: doesn't show hand 
*** SUMMARY ***
Total pot $0.10 | Rake $0 
Board [3c 3h 7d 2d]
Seat 1: JonSnow124 folded before Flop (didn't bet)
Seat 2: shtshot250 folded before Flop (didn't bet)
Seat 3: polly727 folded before Flop (didn't bet)
Seat 4: VascoSerg folded before Flop (didn't bet)
Seat 5: Zzzanderman folded before Flop (didn't bet)
Seat 6: SturmGaming (button) folded before Flop (didn't bet)
Seat 7: GameleiraGyn (small blind) collected ($0.10)
Seat 9: Dorex2007 (big blind) folded on the Turn



PokerStars Hand #237587050245:  Hold'em No Limit ($0.02/$0.05 USD) - 2022/07/25 15:25:37 PT [2022/07/25 18:25:37 ET]
Table 'Stroobantia' 9-max Seat #7 is the button
Seat 1: JonSnow124 ($4.79 in chips) 
Seat 2: shtshot250 ($3.25 in chips) 
Seat 3: polly727 ($5.09 in chips) 
Seat 4: VascoSerg ($6.08 in chips) 
Seat 5: Zzzanderman ($7.92 in chips) 
Seat 6: SturmGaming ($3.63 in chips) 
Seat 7: GameleiraGyn ($1.59 in chips) 
Seat 9: Dorex2007 ($5.16 in chips) 
Dorex2007: posts small blind $0.02
JonSnow124: posts big blind $0.05
*** HOLE CARDS ***
Dealt to Dorex2007 [As Ts]
shtshot250: folds 
polly727: folds 
VascoSerg: folds 
Zzzanderman: folds 
SturmGaming: raises $0.07 to $0.12
GameleiraGyn: calls $0.12
Dorex2007: calls $0.10
JonSnow124: folds 
*** FLOP *** [4s Th Js]
Dorex2007: checks 
SturmGaming: checks 
GameleiraGyn: checks 
*** TURN *** [4s Th Js] [5d]
Dorex2007: checks 
SturmGaming: bets $0.12
GameleiraGyn: folds 
Dorex2007: calls $0.12
*** RIVER *** [4s Th Js 5d] [Tc]
Dorex2007: bets $0.31
SturmGaming: folds 
Uncalled bet ($0.31) returned to Dorex2007
Dorex2007 collected $0.62 from pot
Dorex2007: doesn't show hand 
*** SUMMARY ***
Total pot $0.65 | Rake $0.03 
Board [4s Th Js 5d Tc]
Seat 1: JonSnow124 (big blind) folded before Flop
Seat 2: shtshot250 folded before Flop (didn't bet)
Seat 3: polly727 folded before Flop (didn't bet)
Seat 4: VascoSerg folded before Flop (didn't bet)
Seat 5: Zzzanderman folded before Flop (didn't bet)
Seat 6: SturmGaming folded on the River
Seat 7: GameleiraGyn (button) folded on the Turn
Seat 9: Dorex2007 (small blind) collected ($0.62)



PokerStars Hand #237587082451:  Hold'em No Limit ($0.02/$0.05 USD) - 2022/07/25 15:27:13 PT [2022/07/25 18:27:13 ET]
Table 'Stroobantia' 9-max Seat #9 is the button
Seat 1: JonSnow124 ($4.74 in chips) 
Seat 2: shtshot250 ($3.25 in chips) 
Seat 3: polly727 ($5.09 in chips) 
Seat 4: VascoSerg ($6.08 in chips) 
Seat 5: Zzzanderman ($7.92 in chips) 
Seat 6: SturmGaming ($3.39 in chips) 
Seat 7: GameleiraGyn ($1.47 in chips) 
Seat 9: Dorex2007 ($5.54 in chips) 
JonSnow124: posts small blind $0.02
shtshot250: posts big blind $0.05
*** HOLE CARDS ***
Dealt to Dorex2007 [5c Qd]
polly727: folds 
VascoSerg: folds 
Zzzanderman: folds 
SturmGaming: raises $0.07 to $0.12
GameleiraGyn: folds 
Dorex2007: folds 
JonSnow124: folds 
shtshot250: folds 
Uncalled bet ($0.07) returned to SturmGaming
SturmGaming collected $0.12 from pot
SturmGaming: doesn't show hand 
*** SUMMARY ***
Total pot $0.12 | Rake $0 
Seat 1: JonSnow124 (small blind) folded before Flop
Seat 2: shtshot250 (big blind) folded before Flop
Seat 3: polly727 folded before Flop (didn't bet)
Seat 4: VascoSerg folded before Flop (didn't bet)
Seat 5: Zzzanderman folded before Flop (didn't bet)
Seat 6: SturmGaming collected ($0.12)
Seat 7: GameleiraGyn folded before Flop (didn't bet)
Seat 9: Dorex2007 (button) folded before Flop (didn't bet)



PokerStars Hand #237587093143:  Hold'em No Limit ($0.02/$0.05 USD) - 2022/07/25 15:27:38 PT [2022/07/25 18:27:38 ET]
Table 'Stroobantia' 9-max Seat #1 is the button
Seat 1: JonSnow124 ($4.72 in chips) 
Seat 2: shtshot250 ($3.20 in chips) 
Seat 3: polly727 ($5.09 in chips) 
Seat 4: VascoSerg ($6.08 in chips) 
Seat 5: Zzzanderman ($7.92 in chips) 
Seat 6: SturmGaming ($5 in chips) 
Seat 7: GameleiraGyn ($1.47 in chips) 
Seat 9: Dorex2007 ($5.54 in chips) 
shtshot250: posts small blind $0.02
polly727: posts big blind $0.05
*** HOLE CARDS ***
Dealt to Dorex2007 [9h Jc]
VascoSerg: folds 
Zzzanderman: folds 
SturmGaming: raises $0.07 to $0.12
GameleiraGyn is disconnected 
GameleiraGyn has timed out while disconnected
GameleiraGyn: folds 
Dorex2007: folds 
JonSnow124: folds 
shtshot250: folds 
polly727: folds 
Uncalled bet ($0.07) returned to SturmGaming
SturmGaming collected $0.12 from pot
SturmGaming: doesn't show hand 
*** SUMMARY ***
Total pot $0.12 | Rake $0 
Seat 1: JonSnow124 (button) folded before Flop (didn't bet)
Seat 2: shtshot250 (small blind) folded before Flop
Seat 3: polly727 (big blind) folded before Flop
Seat 4: VascoSerg folded before Flop (didn't bet)
Seat 5: Zzzanderman folded before Flop (didn't bet)
Seat 6: SturmGaming collected ($0.12)
Seat 7: GameleiraGyn folded before Flop (didn't bet)
Seat 9: Dorex2007 folded before Flop (didn't bet)



PokerStars Hand #237587101344:  Hold'em No Limit ($0.02/$0.05 USD) - 2022/07/25 15:28:03 PT [2022/07/25 18:28:03 ET]
Table 'Stroobantia' 9-max Seat #2 is the button
Seat 1: JonSnow124 ($4.72 in chips) 
Seat 2: shtshot250 ($3.18 in chips) 
Seat 3: polly727 ($5.04 in chips) 
Seat 4: VascoSerg ($6.08 in chips) 
Seat 5: Zzzanderman ($7.92 in chips) 
Seat 6: SturmGaming ($5.07 in chips) 
Seat 9: Dorex2007 ($5.54 in chips) 
polly727: posts small blind $0.02
VascoSerg: posts big blind $0.05
*** HOLE CARDS ***
Dealt to Dorex2007 [Js 2c]
Zzzanderman: raises $0.10 to $0.15
SturmGaming: folds 
Dorex2007: folds 
JonSnow124: folds 
shtshot250: calls $0.15
polly727: folds 
VascoSerg: folds 
*** FLOP *** [Th 2s Jc]
Zzzanderman: bets $0.15
shtshot250: folds 
Uncalled bet ($0.15) returned to Zzzanderman
Zzzanderman collected $0.35 from pot
Zzzanderman: doesn't show hand 
*** SUMMARY ***
Total pot $0.37 | Rake $0.02 
Board [Th 2s Jc]
Seat 1: JonSnow124 folded before Flop (didn't bet)
Seat 2: shtshot250 (button) folded on the Flop
Seat 3: polly727 (small blind) folded before Flop
Seat 4: VascoSerg (big blind) folded before Flop
Seat 5: Zzzanderman collected ($0.35)
Seat 6: SturmGaming folded before Flop (didn't bet)
Seat 9: Dorex2007 folded before Flop (didn't bet)



PokerStars Hand #237587113403:  Hold'em No Limit ($0.02/$0.05 USD) - 2022/07/25 15:28:40 PT [2022/07/25 18:28:40 ET]
Table 'Stroobantia' 9-max Seat #3 is the button
Seat 1: JonSnow124 ($4.72 in chips) 
Seat 2: shtshot250 ($3.03 in chips) 
Seat 3: polly727 ($5.02 in chips) 
Seat 4: VascoSerg ($6.03 in chips) 
Seat 5: Zzzanderman ($8.12 in chips) 
Seat 6: SturmGaming ($5.07 in chips) 
Seat 9: Dorex2007 ($5.54 in chips) 
VascoSerg: posts small blind $0.02
Zzzanderman: posts big blind $0.05
*** HOLE CARDS ***
Dealt to Dorex2007 [3h 8c]
SturmGaming: folds 
Dorex2007: folds 
JonSnow124: folds 
shtshot250: folds 
polly727: folds 
VascoSerg: folds 
Uncalled bet ($0.03) returned to Zzzanderman
Zzzanderman collected $0.04 from pot
Zzzanderman: doesn't show hand 
*** SUMMARY ***
Total pot $0.04 | Rake $0 
Seat 1: JonSnow124 folded before Flop (didn't bet)
Seat 2: shtshot250 folded before Flop (didn't bet)
Seat 3: polly727 (button) folded before Flop (didn't bet)
Seat 4: VascoSerg (small blind) folded before Flop
Seat 5: Zzzanderman (big blind) collected ($0.04)
Seat 6: SturmGaming folded before Flop (didn't bet)
Seat 9: Dorex2007 folded before Flop (didn't bet)



PokerStars Hand #237587117644:  Hold'em No Limit ($0.02/$0.05 USD) - 2022/07/25 15:28:53 PT [2022/07/25 18:28:53 ET]
Table 'Stroobantia' 9-max Seat #4 is the button
Seat 1: JonSnow124 ($4.72 in chips) 
Seat 2: shtshot250 ($3.03 in chips) 
Seat 3: polly727 ($5.02 in chips) 
Seat 4: VascoSerg ($6.01 in chips) 
Seat 5: Zzzanderman ($8.14 in chips) 
Seat 6: SturmGaming ($5.07 in chips) 
Seat 9: Dorex2007 ($5.54 in chips) 
Zzzanderman: posts small blind $0.02
SturmGaming: posts big blind $0.05
*** HOLE CARDS ***
Dealt to Dorex2007 [7d 3d]
Dorex2007: folds 
JonSnow124: folds 
shtshot250: folds 
polly727: folds 
VascoSerg has timed out
VascoSerg: folds 
Zzzanderman: folds 
Uncalled bet ($0.03) returned to SturmGaming
SturmGaming collected $0.04 from pot
SturmGaming: doesn't show hand 
*** SUMMARY ***
Total pot $0.04 | Rake $0 
Seat 1: JonSnow124 folded before Flop (didn't bet)
Seat 2: shtshot250 folded before Flop (didn't bet)
Seat 3: polly727 folded before Flop (didn't bet)
Seat 4: VascoSerg (button) folded before Flop (didn't bet)
Seat 5: Zzzanderman (small blind) folded before Flop
Seat 6: SturmGaming (big blind) collected ($0.04)
Seat 9: Dorex2007 folded before Flop (didn't bet)



PokerStars Hand #237587124539:  Hold'em No Limit ($0.02/$0.05 USD) - 2022/07/25 15:29:13 PT [2022/07/25 18:29:13 ET]
Table 'Stroobantia' 9-max Seat #5 is the button
Seat 1: JonSnow124 ($4.72 in chips) 
Seat 2: shtshot250 ($3.03 in chips) 
Seat 3: polly727 ($5.02 in chips) 
Seat 5: Zzzanderman ($8.12 in chips) 
Seat 6: SturmGaming ($5.09 in chips) 
Seat 9: Dorex2007 ($5.54 in chips) 
SturmGaming: posts small blind $0.02
Dorex2007: posts big blind $0.05
*** HOLE CARDS ***
Dealt to Dorex2007 [Jd 9c]
JonSnow124: folds 
shtshot250: folds 
polly727: folds 
Zzzanderman has timed out
Zzzanderman: folds 
SturmGaming: folds 
Uncalled bet ($0.03) returned to Dorex2007
Dorex2007 collected $0.04 from pot
Dorex2007: doesn't show hand 
*** SUMMARY ***
Total pot $0.04 | Rake $0 
Seat 1: JonSnow124 folded before Flop (didn't bet)
Seat 2: shtshot250 folded before Flop (didn't bet)
Seat 3: polly727 folded before Flop (didn't bet)
Seat 5: Zzzanderman (button) folded before Flop (didn't bet)
Seat 6: SturmGaming (small blind) folded before Flop
Seat 9: Dorex2007 (big blind) collected ($0.04)



PokerStars Hand #237587130618:  Hold'em No Limit ($0.02/$0.05 USD) - 2022/07/25 15:29:32 PT [2022/07/25 18:29:32 ET]
Table 'Stroobantia' 9-max Seat #6 is the button
Seat 1: JonSnow124 ($4.72 in chips) 
Seat 2: shtshot250 ($3.03 in chips) 
Seat 3: polly727 ($5.02 in chips) 
Seat 4: VascoSerg ($6.01 in chips) 
Seat 6: SturmGaming ($5.07 in chips) 
Seat 9: Dorex2007 ($5.56 in chips) 
Dorex2007: posts small blind $0.02
JonSnow124: posts big blind $0.05
*** HOLE CARDS ***
Dealt to Dorex2007 [6d Jc]
shtshot250: folds 
polly727: folds 
VascoSerg: raises $0.10 to $0.15
SturmGaming: folds 
Dorex2007: folds 
JonSnow124: folds 
Uncalled bet ($0.10) returned to VascoSerg
VascoSerg collected $0.12 from pot
VascoSerg: doesn't show hand 
*** SUMMARY ***
Total pot $0.12 | Rake $0 
Seat 1: JonSnow124 (big blind) folded before Flop
Seat 2: shtshot250 folded before Flop (didn't bet)
Seat 3: polly727 folded before Flop (didn't bet)
Seat 4: VascoSerg collected ($0.12)
Seat 6: SturmGaming (button) folded before Flop (didn't bet)
Seat 9: Dorex2007 (small blind) folded before Flop



PokerStars Hand #237587137404:  Hold'em No Limit ($0.02/$0.05 USD) - 2022/07/25 15:29:52 PT [2022/07/25 18:29:52 ET]
Table 'Stroobantia' 9-max Seat #9 is the button
Seat 1: JonSnow124 ($4.67 in chips) 
Seat 2: shtshot250 ($3.03 in chips) 
Seat 3: polly727 ($5.02 in chips) 
Seat 4: VascoSerg ($6.08 in chips) 
Seat 5: Zzzanderman ($8.12 in chips) 
Seat 6: SturmGaming ($5.07 in chips) 
Seat 9: Dorex2007 ($5.54 in chips) 
JonSnow124: posts small blind $0.02
shtshot250: posts big blind $0.05
*** HOLE CARDS ***
Dealt to Dorex2007 [Td As]
polly727: folds 
VascoSerg: folds 
Zzzanderman has timed out
Zzzanderman: folds 
SturmGaming: folds 
Dorex2007: raises $0.05 to $0.10
JonSnow124: folds 
shtshot250: calls $0.05
*** FLOP *** [6c Ts 5c]
shtshot250: checks 
Dorex2007: bets $0.14
shtshot250: calls $0.14
*** TURN *** [6c Ts 5c] [Ks]
shtshot250: checks 
Dorex2007: bets $0.15
shtshot250: calls $0.15
*** RIVER *** [6c Ts 5c Ks] [Ad]
shtshot250: bets $2.64 and is all-in
Dorex2007: calls $2.64
*** SHOW DOWN ***
shtshot250: shows [Qc Jh] (a straight, Ten to Ace)
Dorex2007: shows [Td As] (two pair, Aces and Tens)
shtshot250 collected $5.83 from pot
*** SUMMARY ***
Total pot $6.08 | Rake $0.25 
Board [6c Ts 5c Ks Ad]
Seat 1: JonSnow124 (small blind) folded before Flop
Seat 2: shtshot250 (big blind) showed [Qc Jh] and won ($5.83) with a straight, Ten to Ace
Seat 3: polly727 folded before Flop (didn't bet)
Seat 4: VascoSerg folded before Flop (didn't bet)
Seat 5: Zzzanderman folded before Flop (didn't bet)
Seat 6: SturmGaming folded before Flop (didn't bet)
Seat 9: Dorex2007 (button) showed [Td As] and lost with two pair, Aces and Tens



PokerStars Hand #237587165489:  Hold'em No Limit ($0.02/$0.05 USD) - 2022/07/25 15:31:17 PT [2022/07/25 18:31:17 ET]
Table 'Stroobantia' 9-max Seat #1 is the button
Seat 1: JonSnow124 ($4.65 in chips) 
Seat 2: shtshot250 ($5.83 in chips) 
Seat 3: polly727 ($5.02 in chips) 
Seat 4: VascoSerg ($6.08 in chips) 
Seat 5: Zzzanderman ($8.12 in chips) 
Seat 6: SturmGaming ($5.07 in chips) 
Seat 9: Dorex2007 ($5 in chips) 
shtshot250: posts small blind $0.02
polly727: posts big blind $0.05
*** HOLE CARDS ***
Dealt to Dorex2007 [2d Tc]
VascoSerg: folds 
Zzzanderman: calls $0.05
SturmGaming: folds 
Dorex2007: folds 
JonSnow124: folds 
shtshot250: folds 
polly727: raises $0.12 to $0.17
Zzzanderman: calls $0.12
*** FLOP *** [6c 4s Js]
polly727: bets $0.26
Zzzanderman: folds 
Uncalled bet ($0.26) returned to polly727
polly727 collected $0.35 from pot
polly727: doesn't show hand 
*** SUMMARY ***
Total pot $0.36 | Rake $0.01 
Board [6c 4s Js]
Seat 1: JonSnow124 (button) folded before Flop (didn't bet)
Seat 2: shtshot250 (small blind) folded before Flop
Seat 3: polly727 (big blind) collected ($0.35)
Seat 4: VascoSerg folded before Flop (didn't bet)
Seat 5: Zzzanderman folded on the Flop
Seat 6: SturmGaming folded before Flop (didn't bet)
Seat 9: Dorex2007 folded before Flop (didn't bet)



PokerStars Hand #237587177256:  Hold'em No Limit ($0.02/$0.05 USD) - 2022/07/25 15:31:52 PT [2022/07/25 18:31:52 ET]
Table 'Stroobantia' 9-max Seat #2 is the button
Seat 1: JonSnow124 ($4.65 in chips) 
Seat 2: shtshot250 ($5.81 in chips) 
Seat 3: polly727 ($5.20 in chips) 
Seat 4: VascoSerg ($6.08 in chips) 
Seat 5: Zzzanderman ($7.95 in chips) 
Seat 6: SturmGaming ($5.07 in chips) 
Seat 9: Dorex2007 ($5 in chips) 
polly727: posts small blind $0.02
VascoSerg: posts big blind $0.05
*** HOLE CARDS ***
Dealt to Dorex2007 [Ks 8s]
Zzzanderman: folds 
SturmGaming: raises $0.07 to $0.12
Dorex2007: folds 
JonSnow124: folds 
shtshot250: folds 
polly727: folds 
VascoSerg: folds 
Uncalled bet ($0.07) returned to SturmGaming
SturmGaming collected $0.12 from pot
SturmGaming: doesn't show hand 
*** SUMMARY ***
Total pot $0.12 | Rake $0 
Seat 1: JonSnow124 folded before Flop (didn't bet)
Seat 2: shtshot250 (button) folded before Flop (didn't bet)
Seat 3: polly727 (small blind) folded before Flop
Seat 4: VascoSerg (big blind) folded before Flop
Seat 5: Zzzanderman folded before Flop (didn't bet)
Seat 6: SturmGaming collected ($0.12)
Seat 9: Dorex2007 folded before Flop (didn't bet)



PokerStars Hand #237587185272:  Hold'em No Limit ($0.02/$0.05 USD) - 2022/07/25 15:32:16 PT [2022/07/25 18:32:16 ET]
Table 'Stroobantia' 9-max Seat #3 is the button
Seat 1: JonSnow124 ($4.65 in chips) 
Seat 2: shtshot250 ($5.81 in chips) 
Seat 3: polly727 ($5.18 in chips) 
Seat 4: VascoSerg ($6.03 in chips) 
Seat 5: Zzzanderman ($7.95 in chips) 
Seat 6: SturmGaming ($5.14 in chips) 
Seat 9: Dorex2007 ($5 in chips) 
VascoSerg: posts small blind $0.02
Zzzanderman: posts big blind $0.05
*** HOLE CARDS ***
Dealt to Dorex2007 [Js 9c]
SturmGaming: folds 
Dorex2007: folds 
JonSnow124: raises $0.10 to $0.15
shtshot250: folds 
polly727: folds 
VascoSerg: folds 
Zzzanderman: folds 
Uncalled bet ($0.10) returned to JonSnow124
JonSnow124 collected $0.12 from pot
JonSnow124: doesn't show hand 
*** SUMMARY ***
Total pot $0.12 | Rake $0 
Seat 1: JonSnow124 collected ($0.12)
Seat 2: shtshot250 folded before Flop (didn't bet)
Seat 3: polly727 (button) folded before Flop (didn't bet)
Seat 4: VascoSerg (small blind) folded before Flop
Seat 5: Zzzanderman (big blind) folded before Flop
Seat 6: SturmGaming folded before Flop (didn't bet)
Seat 9: Dorex2007 folded before Flop (didn't bet)



PokerStars Hand #237587192043:  Hold'em No Limit ($0.02/$0.05 USD) - 2022/07/25 15:32:36 PT [2022/07/25 18:32:36 ET]
Table 'Stroobantia' 9-max Seat #4 is the button
Seat 1: JonSnow124 ($4.72 in chips) 
Seat 2: shtshot250 ($5.81 in chips) 
Seat 3: polly727 ($5.18 in chips) 
Seat 4: VascoSerg ($6.01 in chips) 
Seat 5: Zzzanderman ($7.90 in chips) 
Seat 6: SturmGaming ($5.14 in chips) 
Seat 9: Dorex2007 ($5 in chips) 
Zzzanderman: posts small blind $0.02
SturmGaming: posts big blind $0.05
*** HOLE CARDS ***
Dealt to Dorex2007 [Th 7c]
Dorex2007 has timed out
Dorex2007: folds 
JonSnow124: folds 
shtshot250: calls $0.05
polly727: folds 
VascoSerg: folds 
Zzzanderman: folds 
SturmGaming: checks 
*** FLOP *** [Kd 3h Ks]
SturmGaming: checks 
shtshot250: bets $0.12
SturmGaming: folds 
Uncalled bet ($0.12) returned to shtshot250
shtshot250 collected $0.12 from pot
shtshot250: doesn't show hand 
*** SUMMARY ***
Total pot $0.12 | Rake $0 
Board [Kd 3h Ks]
Seat 1: JonSnow124 folded before Flop (didn't bet)
Seat 2: shtshot250 collected ($0.12)
Seat 3: polly727 folded before Flop (didn't bet)
Seat 4: VascoSerg (button) folded before Flop (didn't bet)
Seat 5: Zzzanderman (small blind) folded before Flop
Seat 6: SturmGaming (big blind) folded on the Flop
Seat 9: Dorex2007 folded before Flop (didn't bet)



PokerStars Hand #237587205755:  Hold'em No Limit ($0.02/$0.05 USD) - 2022/07/25 15:33:18 PT [2022/07/25 18:33:18 ET]
Table 'Stroobantia' 9-max Seat #5 is the button
Seat 1: JonSnow124 ($4.72 in chips) 
Seat 2: shtshot250 ($5.88 in chips) 
Seat 3: polly727 ($5.18 in chips) 
Seat 4: VascoSerg ($6.01 in chips) 
Seat 5: Zzzanderman ($7.88 in chips) 
Seat 6: SturmGaming ($5.09 in chips) 
Seat 9: Dorex2007 ($5 in chips) 
SturmGaming: posts small blind $0.02
Dorex2007: posts big blind $0.05
*** HOLE CARDS ***
Dealt to Dorex2007 [Qc 8h]
JonSnow124: folds 
shtshot250: raises $0.12 to $0.17
polly727: folds 
VascoSerg: calls $0.17
Zzzanderman: folds 
SturmGaming: calls $0.15
Dorex2007: folds 
*** FLOP *** [6h Ac 4d]
SturmGaming: checks 
shtshot250: bets $0.54
VascoSerg: folds 
SturmGaming: folds 
Uncalled bet ($0.54) returned to shtshot250
shtshot250 collected $0.54 from pot
shtshot250: doesn't show hand 
*** SUMMARY ***
Total pot $0.56 | Rake $0.02 
Board [6h Ac 4d]
Seat 1: JonSnow124 folded before Flop (didn't bet)
Seat 2: shtshot250 collected ($0.54)
Seat 3: polly727 folded before Flop (didn't bet)
Seat 4: VascoSerg folded on the Flop
Seat 5: Zzzanderman (button) folded before Flop (didn't bet)
Seat 6: SturmGaming (small blind) folded on the Flop
Seat 9: Dorex2007 (big blind) folded before Flop



PokerStars Hand #237587216568:  Hold'em No Limit ($0.02/$0.05 USD) - 2022/07/25 15:33:50 PT [2022/07/25 18:33:50 ET]
Table 'Stroobantia' 9-max Seat #6 is the button
Seat 1: JonSnow124 ($4.72 in chips) 
Seat 2: shtshot250 ($6.25 in chips) 
Seat 3: polly727 ($5.18 in chips) 
Seat 4: VascoSerg ($5.84 in chips) 
Seat 5: Zzzanderman ($7.88 in chips) 
Seat 6: SturmGaming ($4.92 in chips) 
Seat 9: Dorex2007 ($5 in chips) 
Dorex2007: posts small blind $0.02
JonSnow124: posts big blind $0.05
*** HOLE CARDS ***
Dealt to Dorex2007 [Ac 4d]
shtshot250: calls $0.05
polly727: raises $0.17 to $0.22
VascoSerg: folds 
Zzzanderman: folds 
SturmGaming: folds 
Dorex2007: folds 
JonSnow124: folds 
shtshot250: calls $0.17
*** FLOP *** [Ks Qh Qs]
shtshot250: checks 
polly727: bets $0.15
shtshot250: calls $0.15
*** TURN *** [Ks Qh Qs] [8d]
shtshot250: checks 
polly727: checks 
*** RIVER *** [Ks Qh Qs 8d] [9d]
shtshot250: checks 
polly727: bets $0.23
shtshot250: folds 
Uncalled bet ($0.23) returned to polly727
polly727 collected $0.78 from pot
polly727: doesn't show hand 
*** SUMMARY ***
Total pot $0.81 | Rake $0.03 
Board [Ks Qh Qs 8d 9d]
Seat 1: JonSnow124 (big blind) folded before Flop
Seat 2: shtshot250 folded on the River
Seat 3: polly727 collected ($0.78)
Seat 4: VascoSerg folded before Flop (didn't bet)
Seat 5: Zzzanderman folded before Flop (didn't bet)
Seat 6: SturmGaming (button) folded before Flop (didn't bet)
Seat 9: Dorex2007 (small blind) folded before Flop



PokerStars Hand #237587231870:  Hold'em No Limit ($0.02/$0.05 USD) - 2022/07/25 15:34:36 PT [2022/07/25 18:34:36 ET]
Table 'Stroobantia' 9-max Seat #9 is the button
Seat 1: JonSnow124 ($4.67 in chips) 
Seat 2: shtshot250 ($5.88 in chips) 
Seat 3: polly727 ($5.59 in chips) 
Seat 4: VascoSerg ($5.84 in chips) 
Seat 5: Zzzanderman ($7.88 in chips) 
Seat 6: SturmGaming ($4.92 in chips) 
Seat 9: Dorex2007 ($5 in chips) 
JonSnow124: posts small blind $0.02
shtshot250: posts big blind $0.05
*** HOLE CARDS ***
Dealt to Dorex2007 [2c 7h]
polly727: folds 
VascoSerg: folds 
Zzzanderman: folds 
SturmGaming: folds 
Dorex2007: folds 
JonSnow124: folds 
Uncalled bet ($0.03) returned to shtshot250
shtshot250 collected $0.04 from pot
shtshot250: doesn't show hand 
*** SUMMARY ***
Total pot $0.04 | Rake $0 
Seat 1: JonSnow124 (small blind) folded before Flop
Seat 2: shtshot250 (big blind) collected ($0.04)
Seat 3: polly727 folded before Flop (didn't bet)
Seat 4: VascoSerg folded before Flop (didn't bet)
Seat 5: Zzzanderman folded before Flop (didn't bet)
Seat 6: SturmGaming folded before Flop (didn't bet)
Seat 9: Dorex2007 (button) folded before Flop (didn't bet)



PokerStars Hand #237587240777:  Hold'em No Limit ($0.02/$0.05 USD) - 2022/07/25 15:34:49 PT [2022/07/25 18:34:49 ET]
Table 'Stroobantia' 9-max Seat #1 is the button
Seat 1: JonSnow124 ($4.65 in chips) 
Seat 2: shtshot250 ($5.90 in chips) 
Seat 3: polly727 ($5.59 in chips) 
Seat 4: VascoSerg ($5.84 in chips) 
Seat 5: Zzzanderman ($7.88 in chips) 
Seat 6: SturmGaming ($4.92 in chips) 
Seat 9: Dorex2007 ($5 in chips) 
shtshot250: posts small blind $0.02
polly727: posts big blind $0.05
*** HOLE CARDS ***
Dealt to Dorex2007 [5s 6s]
VascoSerg: folds 
Zzzanderman: folds 
SturmGaming: folds 
Dorex2007: raises $0.15 to $0.20
JonSnow124: folds 
shtshot250: folds 
polly727: folds 
Uncalled bet ($0.15) returned to Dorex2007
Dorex2007 collected $0.12 from pot
Dorex2007: doesn't show hand 
*** SUMMARY ***
Total pot $0.12 | Rake $0 
Seat 1: JonSnow124 (button) folded before Flop (didn't bet)
Seat 2: shtshot250 (small blind) folded before Flop
Seat 3: polly727 (big blind) folded before Flop
Seat 4: VascoSerg folded before Flop (didn't bet)
Seat 5: Zzzanderman folded before Flop (didn't bet)
Seat 6: SturmGaming folded before Flop (didn't bet)
Seat 9: Dorex2007 collected ($0.12)



PokerStars Hand #237587248086:  Hold'em No Limit ($0.02/$0.05 USD) - 2022/07/25 15:35:10 PT [2022/07/25 18:35:10 ET]
Table 'Stroobantia' 9-max Seat #2 is the button
Seat 1: JonSnow124 ($4.65 in chips) 
Seat 2: shtshot250 ($5.88 in chips) 
Seat 3: polly727 ($5.54 in chips) 
Seat 4: VascoSerg ($5.84 in chips) 
Seat 5: Zzzanderman ($7.88 in chips) 
Seat 6: SturmGaming ($4.92 in chips) 
Seat 9: Dorex2007 ($5.07 in chips) 
polly727: posts small blind $0.02
VascoSerg: posts big blind $0.05
*** HOLE CARDS ***
Dealt to Dorex2007 [Jh 3c]
Zzzanderman: folds 
SturmGaming: folds 
Dorex2007: folds 
JonSnow124: raises $0.10 to $0.15
shtshot250: calls $0.15
polly727: folds 
VascoSerg: folds 
*** FLOP *** [3h Jc Qd]
JonSnow124: bets $0.17
shtshot250: calls $0.17
*** TURN *** [3h Jc Qd] [Tc]
JonSnow124: bets $0.34
shtshot250: folds 
Uncalled bet ($0.34) returned to JonSnow124
JonSnow124 collected $0.68 from pot
JonSnow124: doesn't show hand 
*** SUMMARY ***
Total pot $0.71 | Rake $0.03 
Board [3h Jc Qd Tc]
Seat 1: JonSnow124 collected ($0.68)
Seat 2: shtshot250 (button) folded on the Turn
Seat 3: polly727 (small blind) folded before Flop
Seat 4: VascoSerg (big blind) folded before Flop
Seat 5: Zzzanderman folded before Flop (didn't bet)
Seat 6: SturmGaming folded before Flop (didn't bet)
Seat 9: Dorex2007 folded before Flop (didn't bet)



PokerStars Hand #237587256959:  Hold'em No Limit ($0.02/$0.05 USD) - 2022/07/25 15:35:37 PT [2022/07/25 18:35:37 ET]
Table 'Stroobantia' 9-max Seat #3 is the button
Seat 1: JonSnow124 ($5.01 in chips) 
Seat 2: shtshot250 ($5.56 in chips) 
Seat 3: polly727 ($5.52 in chips) 
Seat 4: VascoSerg ($5.79 in chips) 
Seat 5: Zzzanderman ($7.88 in chips) 
Seat 6: SturmGaming ($4.92 in chips) 
Seat 9: Dorex2007 ($5.07 in chips) 
VascoSerg: posts small blind $0.02
Zzzanderman: posts big blind $0.05
*** HOLE CARDS ***
Dealt to Dorex2007 [Jh 9c]
SturmGaming: folds 
Dorex2007: folds 
JonSnow124: folds 
shtshot250: folds 
polly727: folds 
VascoSerg: folds 
Uncalled bet ($0.03) returned to Zzzanderman
Zzzanderman collected $0.04 from pot
Zzzanderman: doesn't show hand 
*** SUMMARY ***
Total pot $0.04 | Rake $0 
Seat 1: JonSnow124 folded before Flop (didn't bet)
Seat 2: shtshot250 folded before Flop (didn't bet)
Seat 3: polly727 (button) folded before Flop (didn't bet)
Seat 4: VascoSerg (small blind) folded before Flop
Seat 5: Zzzanderman (big blind) collected ($0.04)
Seat 6: SturmGaming folded before Flop (didn't bet)
Seat 9: Dorex2007 folded before Flop (didn't bet)



PokerStars Hand #237587260648:  Hold'em No Limit ($0.02/$0.05 USD) - 2022/07/25 15:35:48 PT [2022/07/25 18:35:48 ET]
Table 'Stroobantia' 9-max Seat #4 is the button
Seat 1: JonSnow124 ($5.01 in chips) 
Seat 3: polly727 ($5.52 in chips) 
Seat 4: VascoSerg ($5.77 in chips) 
Seat 5: Zzzanderman ($7.90 in chips) 
Seat 6: SturmGaming ($4.92 in chips) 
Seat 9: Dorex2007 ($5.07 in chips) 
Zzzanderman: posts small blind $0.02
SturmGaming: posts big blind $0.05
*** HOLE CARDS ***
Dealt to Dorex2007 [4s 3d]
Dorex2007: folds 
JonSnow124: folds 
polly727: raises $0.10 to $0.15
VascoSerg: folds 
Zzzanderman: folds 
SturmGaming: folds 
Uncalled bet ($0.10) returned to polly727
polly727 collected $0.12 from pot
polly727: doesn't show hand 
*** SUMMARY ***
Total pot $0.12 | Rake $0 
Seat 1: JonSnow124 folded before Flop (didn't bet)
Seat 3: polly727 collected ($0.12)
Seat 4: VascoSerg (button) folded before Flop (didn't bet)
Seat 5: Zzzanderman (small blind) folded before Flop
Seat 6: SturmGaming (big blind) folded before Flop
Seat 9: Dorex2007 folded before Flop (didn't bet)



PokerStars Hand #237587267752:  Hold'em No Limit ($0.02/$0.05 USD) - 2022/07/25 15:36:10 PT [2022/07/25 18:36:10 ET]
Table 'Stroobantia' 9-max Seat #5 is the button
Seat 1: JonSnow124 ($5.01 in chips) 
Seat 3: polly727 ($5.59 in chips) 
Seat 4: VascoSerg ($5.77 in chips) 
Seat 5: Zzzanderman ($7.88 in chips) 
Seat 6: SturmGaming ($4.87 in chips) 
Seat 9: Dorex2007 ($5.07 in chips) 
SturmGaming: posts small blind $0.02
Dorex2007: posts big blind $0.05
*** HOLE CARDS ***
Dealt to Dorex2007 [7s 8h]
JonSnow124: folds 
polly727: folds 
VascoSerg: folds 
Zzzanderman: folds 
SturmGaming: folds 
Uncalled bet ($0.03) returned to Dorex2007
Dorex2007 collected $0.04 from pot
onlyfoolsguy leaves the table
Dorex2007: doesn't show hand 
*** SUMMARY ***
Total pot $0.04 | Rake $0 
Seat 1: JonSnow124 folded before Flop (didn't bet)
Seat 3: polly727 folded before Flop (didn't bet)
Seat 4: VascoSerg folded before Flop (didn't bet)
Seat 5: Zzzanderman (button) folded before Flop (didn't bet)
Seat 6: SturmGaming (small blind) folded before Flop
Seat 9: Dorex2007 (big blind) collected ($0.04)



PokerStars Hand #237587273155:  Hold'em No Limit ($0.02/$0.05 USD) - 2022/07/25 15:36:26 PT [2022/07/25 18:36:26 ET]
Table 'Stroobantia' 9-max Seat #6 is the button
Seat 1: JonSnow124 ($5.01 in chips) 
Seat 3: polly727 ($5.59 in chips) 
Seat 4: VascoSerg ($5.77 in chips) 
Seat 5: Zzzanderman ($7.88 in chips) 
Seat 6: SturmGaming ($4.85 in chips) 
Seat 9: Dorex2007 ($5.09 in chips) 
Dorex2007: posts small blind $0.02
JonSnow124: posts big blind $0.05
*** HOLE CARDS ***
Dealt to Dorex2007 [2d 2s]
polly727: folds 
lillyboi joins the table at seat #8 
VascoSerg: raises $0.10 to $0.15
Zzzanderman: folds 
SturmGaming: folds 
Dorex2007: folds 
JonSnow124: folds 
Uncalled bet ($0.10) returned to VascoSerg
VascoSerg collected $0.12 from pot
VascoSerg: doesn't show hand 
*** SUMMARY ***
Total pot $0.12 | Rake $0 
Seat 1: JonSnow124 (big blind) folded before Flop
Seat 3: polly727 folded before Flop (didn't bet)
Seat 4: VascoSerg collected ($0.12)
Seat 5: Zzzanderman folded before Flop (didn't bet)
Seat 6: SturmGaming (button) folded before Flop (didn't bet)
Seat 9: Dorex2007 (small blind) folded before Flop



PokerStars Hand #237587278837:  Hold'em No Limit ($0.02/$0.05 USD) - 2022/07/25 15:36:43 PT [2022/07/25 18:36:43 ET]
Table 'Stroobantia' 9-max Seat #9 is the button
Seat 1: JonSnow124 ($4.96 in chips) 
Seat 3: polly727 ($5.59 in chips) 
Seat 4: VascoSerg ($5.84 in chips) 
Seat 5: Zzzanderman ($7.88 in chips) 
Seat 6: SturmGaming ($4.85 in chips) 
Seat 8: lillyboi ($5 in chips) 
Seat 9: Dorex2007 ($5.07 in chips) 
JonSnow124: posts small blind $0.02
polly727: posts big blind $0.05
lillyboi: posts big blind $0.05
*** HOLE CARDS ***
Dealt to Dorex2007 [Jc 3d]
VascoSerg: folds 
Zzzanderman: folds 
SturmGaming: folds 
lillyboi: raises $0.05 to $0.10
Dorex2007: folds 
JonSnow124: folds 
polly727: calls $0.05
*** FLOP *** [3c 6c 7s]
polly727: checks 
lillyboi: bets $0.10
polly727: calls $0.10
*** TURN *** [3c 6c 7s] [4c]
polly727: checks 
lillyboi: bets $0.20
polly727: folds 
Uncalled bet ($0.20) returned to lillyboi
lillyboi collected $0.40 from pot
lillyboi: doesn't show hand 
*** SUMMARY ***
Total pot $0.42 | Rake $0.02 
Board [3c 6c 7s 4c]
Seat 1: JonSnow124 (small blind) folded before Flop
Seat 3: polly727 (big blind) folded on the Turn
Seat 4: VascoSerg folded before Flop (didn't bet)
Seat 5: Zzzanderman folded before Flop (didn't bet)
Seat 6: SturmGaming folded before Flop (didn't bet)
Seat 8: lillyboi collected ($0.40)
Seat 9: Dorex2007 (button) folded before Flop (didn't bet)



PokerStars Hand #237587292479:  Hold'em No Limit ($0.02/$0.05 USD) - 2022/07/25 15:37:25 PT [2022/07/25 18:37:25 ET]
Table 'Stroobantia' 9-max Seat #1 is the button
Seat 1: JonSnow124 ($4.94 in chips) 
Seat 3: polly727 ($5.39 in chips) 
Seat 4: VascoSerg ($5.84 in chips) 
Seat 5: Zzzanderman ($7.88 in chips) 
Seat 6: SturmGaming ($4.85 in chips) 
Seat 8: lillyboi ($5.20 in chips) 
Seat 9: Dorex2007 ($5.07 in chips) 
polly727: posts small blind $0.02
VascoSerg: posts big blind $0.05
*** HOLE CARDS ***
Dealt to Dorex2007 [7h Kd]
Zzzanderman: folds 
SturmGaming: folds 
lillyboi: folds 
Dorex2007: folds 
JonSnow124: folds 
polly727: folds 
Uncalled bet ($0.03) returned to VascoSerg
VascoSerg collected $0.04 from pot
VascoSerg: doesn't show hand 
*** SUMMARY ***
Total pot $0.04 | Rake $0 
Seat 1: JonSnow124 (button) folded before Flop (didn't bet)
Seat 3: polly727 (small blind) folded before Flop
Seat 4: VascoSerg (big blind) collected ($0.04)
Seat 5: Zzzanderman folded before Flop (didn't bet)
Seat 6: SturmGaming folded before Flop (didn't bet)
Seat 8: lillyboi folded before Flop (didn't bet)
Seat 9: Dorex2007 folded before Flop (didn't bet)



PokerStars Hand #237587297175:  Hold'em No Limit ($0.02/$0.05 USD) - 2022/07/25 15:37:39 PT [2022/07/25 18:37:39 ET]
Table 'Stroobantia' 9-max Seat #3 is the button
Seat 1: JonSnow124 ($4.94 in chips) 
Seat 3: polly727 ($5.37 in chips) 
Seat 4: VascoSerg ($5.86 in chips) 
Seat 5: Zzzanderman ($7.88 in chips) 
Seat 6: SturmGaming ($4.85 in chips) 
Seat 8: lillyboi ($5.20 in chips) 
Seat 9: Dorex2007 ($5.07 in chips) 
VascoSerg: posts small blind $0.02
Zzzanderman: posts big blind $0.05
*** HOLE CARDS ***
Dealt to Dorex2007 [Kc 5s]
SturmGaming: raises $0.07 to $0.12
lillyboi: folds 
Dorex2007: folds 
JonSnow124: folds 
polly727: folds 
VascoSerg: folds 
Zzzanderman: folds 
Uncalled bet ($0.07) returned to SturmGaming
SturmGaming collected $0.12 from pot
SturmGaming: doesn't show hand 
*** SUMMARY ***
Total pot $0.12 | Rake $0 
Seat 1: JonSnow124 folded before Flop (didn't bet)
Seat 3: polly727 (button) folded before Flop (didn't bet)
Seat 4: VascoSerg (small blind) folded before Flop
Seat 5: Zzzanderman (big blind) folded before Flop
Seat 6: SturmGaming collected ($0.12)
Seat 8: lillyboi folded before Flop (didn't bet)
Seat 9: Dorex2007 folded before Flop (didn't bet)



PokerStars Hand #237587301993:  Hold'em No Limit ($0.02/$0.05 USD) - 2022/07/25 15:37:54 PT [2022/07/25 18:37:54 ET]
Table 'Stroobantia' 9-max Seat #4 is the button
Seat 1: JonSnow124 ($4.94 in chips) 
Seat 3: polly727 ($5.37 in chips) 
Seat 4: VascoSerg ($5.84 in chips) 
Seat 5: Zzzanderman ($7.83 in chips) 
Seat 6: SturmGaming ($4.92 in chips) 
Seat 8: lillyboi ($5.20 in chips) 
Seat 9: Dorex2007 ($5.07 in chips) 
Zzzanderman: posts small blind $0.02
SturmGaming: posts big blind $0.05
*** HOLE CARDS ***
Dealt to Dorex2007 [4h As]
lillyboi: folds 
Dorex2007: folds 
GameleiraGyn leaves the table
JonSnow124: folds 
polly727: raises $0.10 to $0.15
VascoSerg: raises $0.30 to $0.45
Zzzanderman: folds 
SturmGaming: folds 
polly727: calls $0.30
*** FLOP *** [Ah 7h Th]
Jones.OM joins the table at seat #7 
polly727: checks 
VascoSerg: bets $0.62
polly727: folds 
Uncalled bet ($0.62) returned to VascoSerg
VascoSerg collected $0.93 from pot
VascoSerg: doesn't show hand 
*** SUMMARY ***
Total pot $0.97 | Rake $0.04 
Board [Ah 7h Th]
Seat 1: JonSnow124 folded before Flop (didn't bet)
Seat 3: polly727 folded on the Flop
Seat 4: VascoSerg (button) collected ($0.93)
Seat 5: Zzzanderman (small blind) folded before Flop
Seat 6: SturmGaming (big blind) folded before Flop
Seat 8: lillyboi folded before Flop (didn't bet)
Seat 9: Dorex2007 folded before Flop (didn't bet)



PokerStars Hand #237587313215:  Hold'em No Limit ($0.02/$0.05 USD) - 2022/07/25 15:38:28 PT [2022/07/25 18:38:28 ET]
Table 'Stroobantia' 9-max Seat #5 is the button
Seat 1: JonSnow124 ($4.94 in chips) 
Seat 3: polly727 ($4.92 in chips) 
Seat 4: VascoSerg ($6.32 in chips) 
Seat 5: Zzzanderman ($7.81 in chips) 
Seat 6: SturmGaming ($4.87 in chips) 
Seat 7: Jones.OM ($4 in chips) 
Seat 8: lillyboi ($5.20 in chips) 
Seat 9: Dorex2007 ($5.07 in chips) 
SturmGaming: posts small blind $0.02
Jones.OM: posts big blind $0.05
*** HOLE CARDS ***
Dealt to Dorex2007 [As 5h]
lillyboi: folds 
Dorex2007: folds 
JonSnow124: folds 
polly727: folds 
VascoSerg: folds 
Zzzanderman: folds 
SturmGaming: folds 
Uncalled bet ($0.03) returned to Jones.OM
Jones.OM collected $0.04 from pot
Jones.OM: doesn't show hand 
*** SUMMARY ***
Total pot $0.04 | Rake $0 
Seat 1: JonSnow124 folded before Flop (didn't bet)
Seat 3: polly727 folded before Flop (didn't bet)
Seat 4: VascoSerg folded before Flop (didn't bet)
Seat 5: Zzzanderman (button) folded before Flop (didn't bet)
Seat 6: SturmGaming (small blind) folded before Flop
Seat 7: Jones.OM (big blind) collected ($0.04)
Seat 8: lillyboi folded before Flop (didn't bet)
Seat 9: Dorex2007 folded before Flop (didn't bet)



PokerStars Hand #237587318800:  Hold'em No Limit ($0.02/$0.05 USD) - 2022/07/25 15:38:45 PT [2022/07/25 18:38:45 ET]
Table 'Stroobantia' 9-max Seat #6 is the button
Seat 1: JonSnow124 ($4.94 in chips) 
Seat 3: polly727 ($4.92 in chips) 
Seat 4: VascoSerg ($6.32 in chips) 
Seat 5: Zzzanderman ($7.81 in chips) 
Seat 6: SturmGaming ($4.85 in chips) 
Seat 7: Jones.OM ($4.02 in chips) 
Seat 8: lillyboi ($5.20 in chips) 
Seat 9: Dorex2007 ($5.07 in chips) 
Jones.OM: posts small blind $0.02
lillyboi: posts big blind $0.05
*** HOLE CARDS ***
Dealt to Dorex2007 [Jh Ac]
Dorex2007: folds 
JonSnow124: folds 
polly727: raises $0.12 to $0.17
VascoSerg: folds 
Zzzanderman: folds 
SturmGaming: folds 
Jones.OM: folds 
lillyboi: calls $0.12
*** FLOP *** [3h 2s Ks]
lillyboi: checks 
polly727: bets $0.11
lillyboi: calls $0.11
*** TURN *** [3h 2s Ks] [Ts]
lillyboi: checks 
polly727: bets $0.42
lillyboi: folds 
Uncalled bet ($0.42) returned to polly727
polly727 collected $0.56 from pot
polly727: doesn't show hand 
*** SUMMARY ***
Total pot $0.58 | Rake $0.02 
Board [3h 2s Ks Ts]
Seat 1: JonSnow124 folded before Flop (didn't bet)
Seat 3: polly727 collected ($0.56)
Seat 4: VascoSerg folded before Flop (didn't bet)
Seat 5: Zzzanderman folded before Flop (didn't bet)
Seat 6: SturmGaming (button) folded before Flop (didn't bet)
Seat 7: Jones.OM (small blind) folded before Flop
Seat 8: lillyboi (big blind) folded on the Turn
Seat 9: Dorex2007 folded before Flop (didn't bet)



PokerStars Hand #237587336463:  Hold'em No Limit ($0.02/$0.05 USD) - 2022/07/25 15:39:39 PT [2022/07/25 18:39:39 ET]
Table 'Stroobantia' 9-max Seat #7 is the button
Seat 1: JonSnow124 ($4.94 in chips) 
Seat 3: polly727 ($5.20 in chips) 
Seat 4: VascoSerg ($6.32 in chips) 
Seat 5: Zzzanderman ($7.81 in chips) 
Seat 6: SturmGaming ($4.85 in chips) 
Seat 7: Jones.OM ($4 in chips) 
Seat 8: lillyboi ($4.92 in chips) 
Seat 9: Dorex2007 ($5.07 in chips) 
lillyboi: posts small blind $0.02
Dorex2007: posts big blind $0.05
*** HOLE CARDS ***
Dealt to Dorex2007 [As 9c]
JonSnow124: folds 
polly727: folds 
VascoSerg: folds 
Zzzanderman: calls $0.05
SturmGaming: folds 
Jones.OM: folds 
lillyboi: calls $0.03
Dorex2007: checks 
*** FLOP *** [8h 8d Kc]
lillyboi: checks 
Dorex2007: checks 
Zzzanderman: checks 
*** TURN *** [8h 8d Kc] [2c]
lillyboi: bets $0.05
Dorex2007: folds 
Zzzanderman: calls $0.05
*** RIVER *** [8h 8d Kc 2c] [7h]
lillyboi: checks 
Zzzanderman: bets $0.15
lillyboi: folds 
Uncalled bet ($0.15) returned to Zzzanderman
Zzzanderman collected $0.24 from pot
Zzzanderman: doesn't show hand 
*** SUMMARY ***
Total pot $0.25 | Rake $0.01 
Board [8h 8d Kc 2c 7h]
Seat 1: JonSnow124 folded before Flop (didn't bet)
Seat 3: polly727 folded before Flop (didn't bet)
Seat 4: VascoSerg folded before Flop (didn't bet)
Seat 5: Zzzanderman collected ($0.24)
Seat 6: SturmGaming folded before Flop (didn't bet)
Seat 7: Jones.OM (button) folded before Flop (didn't bet)
Seat 8: lillyboi (small blind) folded on the River
Seat 9: Dorex2007 (big blind) folded on the Turn



PokerStars Hand #237587352459:  Hold'em No Limit ($0.02/$0.05 USD) - 2022/07/25 15:40:28 PT [2022/07/25 18:40:28 ET]
Table 'Stroobantia' 9-max Seat #8 is the button
Seat 1: JonSnow124 ($4.94 in chips) 
Seat 3: polly727 ($5.20 in chips) 
Seat 4: VascoSerg ($6.32 in chips) 
Seat 5: Zzzanderman ($7.95 in chips) 
Seat 6: SturmGaming ($4.85 in chips) 
Seat 7: Jones.OM ($4 in chips) 
Seat 8: lillyboi ($4.82 in chips) 
Seat 9: Dorex2007 ($5.02 in chips) 
Dorex2007: posts small blind $0.02
JonSnow124: posts big blind $0.05
*** HOLE CARDS ***
Dealt to Dorex2007 [Qh 8d]
polly727: folds 
VascoSerg: folds 
Zzzanderman: folds 
SturmGaming: folds 
Jones.OM: raises $0.10 to $0.15
lillyboi: folds 
Dorex2007: folds 
JonSnow124: folds 
Uncalled bet ($0.10) returned to Jones.OM
Jones.OM collected $0.12 from pot
Jones.OM: doesn't show hand 
*** SUMMARY ***
Total pot $0.12 | Rake $0 
Seat 1: JonSnow124 (big blind) folded before Flop
Seat 3: polly727 folded before Flop (didn't bet)
Seat 4: VascoSerg folded before Flop (didn't bet)
Seat 5: Zzzanderman folded before Flop (didn't bet)
Seat 6: SturmGaming folded before Flop (didn't bet)
Seat 7: Jones.OM collected ($0.12)
Seat 8: lillyboi (button) folded before Flop (didn't bet)
Seat 9: Dorex2007 (small blind) folded before Flop



PokerStars Hand #237587359555:  Hold'em No Limit ($0.02/$0.05 USD) - 2022/07/25 15:40:50 PT [2022/07/25 18:40:50 ET]
Table 'Stroobantia' 9-max Seat #9 is the button
Seat 1: JonSnow124 ($4.89 in chips) 
Seat 3: polly727 ($5.20 in chips) 
Seat 4: VascoSerg ($6.32 in chips) 
Seat 5: Zzzanderman ($7.95 in chips) 
Seat 6: SturmGaming ($4.85 in chips) 
Seat 7: Jones.OM ($4.07 in chips) 
Seat 8: lillyboi ($4.82 in chips) 
Seat 9: Dorex2007 ($5 in chips) 
JonSnow124: posts small blind $0.02
polly727: posts big blind $0.05
*** HOLE CARDS ***
Dealt to Dorex2007 [9c 3c]
VascoSerg: folds 
Zzzanderman: folds 
SturmGaming: raises $0.07 to $0.12
Jones.OM: calls $0.12
lillyboi: folds 
Dorex2007: folds 
JonSnow124: folds 
polly727: folds 
*** FLOP *** [4d Jh Kc]
SturmGaming: checks 
Jones.OM: checks 
*** TURN *** [4d Jh Kc] [Qd]
SturmGaming: bets $0.19
Jones.OM: calls $0.19
*** RIVER *** [4d Jh Kc Qd] [9h]
SturmGaming: bets $0.21
Jones.OM: folds 
Uncalled bet ($0.21) returned to SturmGaming
SturmGaming collected $0.66 from pot
SturmGaming: doesn't show hand 
*** SUMMARY ***
Total pot $0.69 | Rake $0.03 
Board [4d Jh Kc Qd 9h]
Seat 1: JonSnow124 (small blind) folded before Flop
Seat 3: polly727 (big blind) folded before Flop
Seat 4: VascoSerg folded before Flop (didn't bet)
Seat 5: Zzzanderman folded before Flop (didn't bet)
Seat 6: SturmGaming collected ($0.66)
Seat 7: Jones.OM folded on the River
Seat 8: lillyboi folded before Flop (didn't bet)
Seat 9: Dorex2007 (button) folded before Flop (didn't bet)



PokerStars Hand #237587371494:  Hold'em No Limit ($0.02/$0.05 USD) - 2022/07/25 15:41:26 PT [2022/07/25 18:41:26 ET]
Table 'Stroobantia' 9-max Seat #1 is the button
Seat 1: JonSnow124 ($4.87 in chips) 
Seat 3: polly727 ($5.15 in chips) 
Seat 4: VascoSerg ($6.32 in chips) 
Seat 5: Zzzanderman ($7.95 in chips) 
Seat 6: SturmGaming ($5.20 in chips) 
Seat 7: Jones.OM ($5 in chips) 
Seat 8: lillyboi ($4.82 in chips) 
Seat 9: Dorex2007 ($5 in chips) 
polly727: posts small blind $0.02
VascoSerg: posts big blind $0.05
*** HOLE CARDS ***
Dealt to Dorex2007 [Qh Tc]
Zzzanderman: folds 
SturmGaming: folds 
Jones.OM: folds 
lillyboi: folds 
Dorex2007: raises $0.15 to $0.20
JonSnow124: folds 
polly727: folds 
VascoSerg: folds 
Uncalled bet ($0.15) returned to Dorex2007
Dorex2007 collected $0.12 from pot
Dorex2007: doesn't show hand 
*** SUMMARY ***
Total pot $0.12 | Rake $0 
Seat 1: JonSnow124 (button) folded before Flop (didn't bet)
Seat 3: polly727 (small blind) folded before Flop
Seat 4: VascoSerg (big blind) folded before Flop
Seat 5: Zzzanderman folded before Flop (didn't bet)
Seat 6: SturmGaming folded before Flop (didn't bet)
Seat 7: Jones.OM folded before Flop (didn't bet)
Seat 8: lillyboi folded before Flop (didn't bet)
Seat 9: Dorex2007 collected ($0.12)



PokerStars Hand #237587377529:  Hold'em No Limit ($0.02/$0.05 USD) - 2022/07/25 15:41:45 PT [2022/07/25 18:41:45 ET]
Table 'Stroobantia' 9-max Seat #3 is the button
Seat 1: JonSnow124 ($4.87 in chips) 
Seat 3: polly727 ($5.13 in chips) 
Seat 4: VascoSerg ($6.27 in chips) 
Seat 5: Zzzanderman ($7.95 in chips) 
Seat 6: SturmGaming ($5.20 in chips) 
Seat 7: Jones.OM ($5 in chips) 
Seat 8: lillyboi ($4.82 in chips) 
Seat 9: Dorex2007 ($5.07 in chips) 
VascoSerg: posts small blind $0.02
Zzzanderman: posts big blind $0.05
*** HOLE CARDS ***
Dealt to Dorex2007 [8s 7c]
SturmGaming: folds 
Jones.OM: folds 
lillyboi: folds 
Dorex2007: folds 
JonSnow124: folds 
polly727: folds 
VascoSerg: folds 
Uncalled bet ($0.03) returned to Zzzanderman
Zzzanderman collected $0.04 from pot
Zzzanderman: doesn't show hand 
*** SUMMARY ***
Total pot $0.04 | Rake $0 
Seat 1: JonSnow124 folded before Flop (didn't bet)
Seat 3: polly727 (button) folded before Flop (didn't bet)
Seat 4: VascoSerg (small blind) folded before Flop
Seat 5: Zzzanderman (big blind) collected ($0.04)
Seat 6: SturmGaming folded before Flop (didn't bet)
Seat 7: Jones.OM folded before Flop (didn't bet)
Seat 8: lillyboi folded before Flop (didn't bet)
Seat 9: Dorex2007 folded before Flop (didn't bet)



PokerStars Hand #237587383484:  Hold'em No Limit ($0.02/$0.05 USD) - 2022/07/25 15:42:03 PT [2022/07/25 18:42:03 ET]
Table 'Stroobantia' 9-max Seat #4 is the button
Seat 1: JonSnow124 ($4.87 in chips) 
Seat 3: polly727 ($5.13 in chips) 
Seat 4: VascoSerg ($6.25 in chips) 
Seat 5: Zzzanderman ($7.97 in chips) 
Seat 6: SturmGaming ($5.20 in chips) 
Seat 7: Jones.OM ($5 in chips) 
Seat 8: lillyboi ($4.82 in chips) 
Seat 9: Dorex2007 ($5.07 in chips) 
Zzzanderman: posts small blind $0.02
SturmGaming: posts big blind $0.05
*** HOLE CARDS ***
Dealt to Dorex2007 [Jh 5d]
Jones.OM: raises $0.15 to $0.20
lillyboi: folds 
Dorex2007: folds 
JonSnow124: calls $0.20
polly727: folds 
VascoSerg: folds 
Zzzanderman: folds 
SturmGaming: folds 
*** FLOP *** [Jd 2h 8h]
Jones.OM: checks 
JonSnow124: checks 
*** TURN *** [Jd 2h 8h] [7d]
Jones.OM: checks 
JonSnow124: checks 
*** RIVER *** [Jd 2h 8h 7d] [Ks]
Jones.OM: checks 
JonSnow124: bets $0.22
Jones.OM: folds 
Uncalled bet ($0.22) returned to JonSnow124
JonSnow124 collected $0.45 from pot
JonSnow124: doesn't show hand 
*** SUMMARY ***
Total pot $0.47 | Rake $0.02 
Board [Jd 2h 8h 7d Ks]
Seat 1: JonSnow124 collected ($0.45)
Seat 3: polly727 folded before Flop (didn't bet)
Seat 4: VascoSerg (button) folded before Flop (didn't bet)
Seat 5: Zzzanderman (small blind) folded before Flop
Seat 6: SturmGaming (big blind) folded before Flop
Seat 7: Jones.OM folded on the River
Seat 8: lillyboi folded before Flop (didn't bet)
Seat 9: Dorex2007 folded before Flop (didn't bet)



PokerStars Hand #237587396515:  Hold'em No Limit ($0.02/$0.05 USD) - 2022/07/25 15:42:44 PT [2022/07/25 18:42:44 ET]
Table 'Stroobantia' 9-max Seat #5 is the button
Seat 1: JonSnow124 ($5.12 in chips) 
Seat 3: polly727 ($5.13 in chips) 
Seat 4: VascoSerg ($6.25 in chips) 
Seat 5: Zzzanderman ($7.95 in chips) 
Seat 6: SturmGaming ($5.15 in chips) 
Seat 7: Jones.OM ($4.80 in chips) 
Seat 8: lillyboi ($4.82 in chips) 
Seat 9: Dorex2007 ($5.07 in chips) 
SturmGaming: posts small blind $0.02
Jones.OM: posts big blind $0.05
*** HOLE CARDS ***
Dealt to Dorex2007 [Td Kh]
lillyboi: folds 
Dorex2007: folds 
JonSnow124: calls $0.05
polly727: calls $0.05
VascoSerg: folds 
Zzzanderman: folds 
SturmGaming: folds 
Jones.OM: checks 
*** FLOP *** [Qc 4s 2d]
Jones.OM: checks 
JonSnow124: checks 
polly727: checks 
*** TURN *** [Qc 4s 2d] [4c]
Jones.OM: checks 
JonSnow124: checks 
polly727: checks 
*** RIVER *** [Qc 4s 2d 4c] [As]
Jones.OM: checks 
JonSnow124: bets $0.08
polly727: folds 
Jones.OM: folds 
Uncalled bet ($0.08) returned to JonSnow124
JonSnow124 collected $0.16 from pot
JonSnow124: doesn't show hand 
*** SUMMARY ***
Total pot $0.17 | Rake $0.01 
Board [Qc 4s 2d 4c As]
Seat 1: JonSnow124 collected ($0.16)
Seat 3: polly727 folded on the River
Seat 4: VascoSerg folded before Flop (didn't bet)
Seat 5: Zzzanderman (button) folded before Flop (didn't bet)
Seat 6: SturmGaming (small blind) folded before Flop
Seat 7: Jones.OM (big blind) folded on the River
Seat 8: lillyboi folded before Flop (didn't bet)
Seat 9: Dorex2007 folded before Flop (didn't bet)



PokerStars Hand #237587416017:  Hold'em No Limit ($0.02/$0.05 USD) - 2022/07/25 15:43:44 PT [2022/07/25 18:43:44 ET]
Table 'Stroobantia' 9-max Seat #6 is the button
Seat 1: JonSnow124 ($5.23 in chips) 
Seat 3: polly727 ($5.08 in chips) 
Seat 4: VascoSerg ($6.25 in chips) 
Seat 5: Zzzanderman ($7.95 in chips) 
Seat 6: SturmGaming ($5.13 in chips) 
Seat 7: Jones.OM ($4.75 in chips) 
Seat 8: lillyboi ($4.82 in chips) 
Seat 9: Dorex2007 ($5.07 in chips) 
Jones.OM: posts small blind $0.02
lillyboi: posts big blind $0.05
*** HOLE CARDS ***
Dealt to Dorex2007 [Tc Ad]
Dorex2007: folds 
JonSnow124: folds 
polly727: folds 
VascoSerg has timed out
VascoSerg: folds 
Zzzanderman: folds 
SturmGaming: folds 
Jones.OM: raises $0.10 to $0.15
lillyboi: folds 
Uncalled bet ($0.10) returned to Jones.OM
Jones.OM collected $0.10 from pot
Jones.OM: doesn't show hand 
*** SUMMARY ***
Total pot $0.10 | Rake $0 
Seat 1: JonSnow124 folded before Flop (didn't bet)
Seat 3: polly727 folded before Flop (didn't bet)
Seat 4: VascoSerg folded before Flop (didn't bet)
Seat 5: Zzzanderman folded before Flop (didn't bet)
Seat 6: SturmGaming (button) folded before Flop (didn't bet)
Seat 7: Jones.OM (small blind) collected ($0.10)
Seat 8: lillyboi (big blind) folded before Flop
Seat 9: Dorex2007 folded before Flop (didn't bet)



PokerStars Hand #237587429291:  Hold'em No Limit ($0.02/$0.05 USD) - 2022/07/25 15:44:25 PT [2022/07/25 18:44:25 ET]
Table 'Stroobantia' 9-max Seat #7 is the button
Seat 1: JonSnow124 ($5.23 in chips) 
Seat 3: polly727 ($5.08 in chips) 
Seat 4: VascoSerg ($6.25 in chips) 
Seat 5: Zzzanderman ($7.95 in chips) 
Seat 6: SturmGaming ($5.13 in chips) 
Seat 7: Jones.OM ($4.80 in chips) 
Seat 8: lillyboi ($4.77 in chips) 
Seat 9: Dorex2007 ($5.07 in chips) 
lillyboi: posts small blind $0.02
Dorex2007: posts big blind $0.05
*** HOLE CARDS ***
Dealt to Dorex2007 [Jd 7c]
JonSnow124: folds 
polly727: folds 
VascoSerg: folds 
Zzzanderman: folds 
SturmGaming: folds 
Jones.OM: folds 
lillyboi: calls $0.03
Dorex2007: checks 
*** FLOP *** [6s 2s Td]
lillyboi: checks 
Dorex2007: checks 
*** TURN *** [6s 2s Td] [Th]
lillyboi: checks 
Dorex2007: bets $0.10
lillyboi: folds 
Uncalled bet ($0.10) returned to Dorex2007
Dorex2007 collected $0.10 from pot
Dorex2007: doesn't show hand 
*** SUMMARY ***
Total pot $0.10 | Rake $0 
Board [6s 2s Td Th]
Seat 1: JonSnow124 folded before Flop (didn't bet)
Seat 3: polly727 folded before Flop (didn't bet)
Seat 4: VascoSerg folded before Flop (didn't bet)
Seat 5: Zzzanderman folded before Flop (didn't bet)
Seat 6: SturmGaming folded before Flop (didn't bet)
Seat 7: Jones.OM (button) folded before Flop (didn't bet)
Seat 8: lillyboi (small blind) folded on the Turn
Seat 9: Dorex2007 (big blind) collected ($0.10)



PokerStars Hand #237587447469:  Hold'em No Limit ($0.02/$0.05 USD) - 2022/07/25 15:45:22 PT [2022/07/25 18:45:22 ET]
Table 'Stroobantia' 9-max Seat #8 is the button
Seat 1: JonSnow124 ($5.23 in chips) 
Seat 3: polly727 ($5.08 in chips) 
Seat 4: VascoSerg ($6.25 in chips) 
Seat 5: Zzzanderman ($7.95 in chips) 
Seat 6: SturmGaming ($5.13 in chips) 
Seat 7: Jones.OM ($4.80 in chips) 
Seat 8: lillyboi ($4.72 in chips) 
Seat 9: Dorex2007 ($5.12 in chips) 
Dorex2007: posts small blind $0.02
JonSnow124: posts big blind $0.05
*** HOLE CARDS ***
Dealt to Dorex2007 [9s Kh]
polly727: folds 
VascoSerg: folds 
Zzzanderman: folds 
SturmGaming: raises $0.07 to $0.12
Jones.OM: folds 
lillyboi: folds 
Dorex2007: folds 
JonSnow124: folds 
Uncalled bet ($0.07) returned to SturmGaming
SturmGaming collected $0.12 from pot
SturmGaming: doesn't show hand 
*** SUMMARY ***
Total pot $0.12 | Rake $0 
Seat 1: JonSnow124 (big blind) folded before Flop
Seat 3: polly727 folded before Flop (didn't bet)
Seat 4: VascoSerg folded before Flop (didn't bet)
Seat 5: Zzzanderman folded before Flop (didn't bet)
Seat 6: SturmGaming collected ($0.12)
Seat 7: Jones.OM folded before Flop (didn't bet)
Seat 8: lillyboi (button) folded before Flop (didn't bet)
Seat 9: Dorex2007 (small blind) folded before Flop



PokerStars Hand #237587454260:  Hold'em No Limit ($0.02/$0.05 USD) - 2022/07/25 15:45:43 PT [2022/07/25 18:45:43 ET]
Table 'Stroobantia' 9-max Seat #9 is the button
Seat 1: JonSnow124 ($5.18 in chips) 
Seat 3: polly727 ($5.08 in chips) 
Seat 4: VascoSerg ($6.25 in chips) 
Seat 5: Zzzanderman ($7.95 in chips) 
Seat 6: SturmGaming ($5.20 in chips) 
Seat 7: Jones.OM ($4.80 in chips) 
Seat 8: lillyboi ($4.72 in chips) 
Seat 9: Dorex2007 ($5.10 in chips) 
JonSnow124: posts small blind $0.02
polly727: posts big blind $0.05
*** HOLE CARDS ***
Dealt to Dorex2007 [Kh 4h]
VascoSerg: folds 
Zzzanderman: folds 
SturmGaming: raises $0.07 to $0.12
Jones.OM: folds 
lillyboi: folds 
Dorex2007: folds 
JonSnow124: folds 
polly727: folds 
Uncalled bet ($0.07) returned to SturmGaming
SturmGaming collected $0.12 from pot
SturmGaming: doesn't show hand 
*** SUMMARY ***
Total pot $0.12 | Rake $0 
Seat 1: JonSnow124 (small blind) folded before Flop
Seat 3: polly727 (big blind) folded before Flop
Seat 4: VascoSerg folded before Flop (didn't bet)
Seat 5: Zzzanderman folded before Flop (didn't bet)
Seat 6: SturmGaming collected ($0.12)
Seat 7: Jones.OM folded before Flop (didn't bet)
Seat 8: lillyboi folded before Flop (didn't bet)
Seat 9: Dorex2007 (button) folded before Flop (didn't bet)



PokerStars Hand #237587462373:  Hold'em No Limit ($0.02/$0.05 USD) - 2022/07/25 15:46:09 PT [2022/07/25 18:46:09 ET]
Table 'Stroobantia' 9-max Seat #1 is the button
Seat 1: JonSnow124 ($5.16 in chips) 
Seat 3: polly727 ($5.03 in chips) 
Seat 4: VascoSerg ($6.25 in chips) 
Seat 5: Zzzanderman ($7.95 in chips) 
Seat 6: SturmGaming ($5.27 in chips) 
Seat 7: Jones.OM ($4.80 in chips) 
Seat 8: lillyboi ($4.72 in chips) 
Seat 9: Dorex2007 ($5.10 in chips) 
polly727: posts small blind $0.02
VascoSerg: posts big blind $0.05
*** HOLE CARDS ***
Dealt to Dorex2007 [2s 6h]
Zzzanderman: folds 
SturmGaming: folds 
Jones.OM: raises $0.10 to $0.15
lillyboi: folds 
Dorex2007: folds 
JonSnow124: folds 
polly727: folds 
VascoSerg: folds 
Uncalled bet ($0.10) returned to Jones.OM
Jones.OM collected $0.12 from pot
Jones.OM: doesn't show hand 
*** SUMMARY ***
Total pot $0.12 | Rake $0 
Seat 1: JonSnow124 (button) folded before Flop (didn't bet)
Seat 3: polly727 (small blind) folded before Flop
Seat 4: VascoSerg (big blind) folded before Flop
Seat 5: Zzzanderman folded before Flop (didn't bet)
Seat 6: SturmGaming folded before Flop (didn't bet)
Seat 7: Jones.OM collected ($0.12)
Seat 8: lillyboi folded before Flop (didn't bet)
Seat 9: Dorex2007 folded before Flop (didn't bet)



PokerStars Hand #237587467054:  Hold'em No Limit ($0.02/$0.05 USD) - 2022/07/25 15:46:23 PT [2022/07/25 18:46:23 ET]
Table 'Stroobantia' 9-max Seat #3 is the button
Seat 1: JonSnow124 ($5.16 in chips) 
Seat 3: polly727 ($5.01 in chips) 
Seat 4: VascoSerg ($6.20 in chips) 
Seat 5: Zzzanderman ($7.95 in chips) 
Seat 6: SturmGaming ($5.27 in chips) 
Seat 7: Jones.OM ($4.87 in chips) 
Seat 8: lillyboi ($4.72 in chips) 
Seat 9: Dorex2007 ($5.10 in chips) 
VascoSerg: posts small blind $0.02
Zzzanderman: posts big blind $0.05
*** HOLE CARDS ***
Dealt to Dorex2007 [9d 6h]
SturmGaming: folds 
Jones.OM: folds 
lillyboi: folds 
Dorex2007: folds 
JonSnow124: folds 
polly727: folds 
VascoSerg: folds 
Uncalled bet ($0.03) returned to Zzzanderman
Zzzanderman collected $0.04 from pot
Zzzanderman: doesn't show hand 
*** SUMMARY ***
Total pot $0.04 | Rake $0 
Seat 1: JonSnow124 folded before Flop (didn't bet)
Seat 3: polly727 (button) folded before Flop (didn't bet)
Seat 4: VascoSerg (small blind) folded before Flop
Seat 5: Zzzanderman (big blind) collected ($0.04)
Seat 6: SturmGaming folded before Flop (didn't bet)
Seat 7: Jones.OM folded before Flop (didn't bet)
Seat 8: lillyboi folded before Flop (didn't bet)
Seat 9: Dorex2007 folded before Flop (didn't bet)



PokerStars Hand #237587469448:  Hold'em No Limit ($0.02/$0.05 USD) - 2022/07/25 15:46:31 PT [2022/07/25 18:46:31 ET]
Table 'Stroobantia' 9-max Seat #4 is the button
Seat 1: JonSnow124 ($5.16 in chips) 
Seat 3: polly727 ($5.01 in chips) 
Seat 4: VascoSerg ($6.18 in chips) 
Seat 5: Zzzanderman ($7.97 in chips) 
Seat 6: SturmGaming ($5.27 in chips) 
Seat 7: Jones.OM ($4.87 in chips) 
Seat 8: lillyboi ($4.72 in chips) 
Seat 9: Dorex2007 ($5.10 in chips) 
Zzzanderman: posts small blind $0.02
SturmGaming: posts big blind $0.05
*** HOLE CARDS ***
Dealt to Dorex2007 [3s Td]
Jones.OM: folds 
lillyboi: folds 
Dorex2007: folds 
JonSnow124: folds 
polly727: folds 
VascoSerg: raises $0.10 to $0.15
Zzzanderman: folds 
SturmGaming: folds 
Uncalled bet ($0.10) returned to VascoSerg
VascoSerg collected $0.12 from pot
VascoSerg: doesn't show hand 
*** SUMMARY ***
Total pot $0.12 | Rake $0 
Seat 1: JonSnow124 folded before Flop (didn't bet)
Seat 3: polly727 folded before Flop (didn't bet)
Seat 4: VascoSerg (button) collected ($0.12)
Seat 5: Zzzanderman (small blind) folded before Flop
Seat 6: SturmGaming (big blind) folded before Flop
Seat 7: Jones.OM folded before Flop (didn't bet)
Seat 8: lillyboi folded before Flop (didn't bet)
Seat 9: Dorex2007 folded before Flop (didn't bet)



PokerStars Hand #237587476334:  Hold'em No Limit ($0.02/$0.05 USD) - 2022/07/25 15:46:52 PT [2022/07/25 18:46:52 ET]
Table 'Stroobantia' 9-max Seat #5 is the button
Seat 1: JonSnow124 ($5.16 in chips) 
Seat 3: polly727 ($5.01 in chips) 
Seat 4: VascoSerg ($6.25 in chips) 
Seat 5: Zzzanderman ($7.95 in chips) 
Seat 6: SturmGaming ($5.22 in chips) 
Seat 7: Jones.OM ($4.87 in chips) 
Seat 8: lillyboi ($4.72 in chips) 
Seat 9: Dorex2007 ($5.10 in chips) 
SturmGaming: posts small blind $0.02
Jones.OM: posts big blind $0.05
*** HOLE CARDS ***
Dealt to Dorex2007 [5h 3c]
lillyboi: folds 
Dorex2007: folds 
JonSnow124: folds 
polly727: raises $0.10 to $0.15
VascoSerg: folds 
Zzzanderman: folds 
Zzzanderman leaves the table
SturmGaming: folds 
Jones.OM: folds 
Uncalled bet ($0.10) returned to polly727
polly727 collected $0.12 from pot
polly727: doesn't show hand 
*** SUMMARY ***
Total pot $0.12 | Rake $0 
Seat 1: JonSnow124 folded before Flop (didn't bet)
Seat 3: polly727 collected ($0.12)
Seat 4: VascoSerg folded before Flop (didn't bet)
Seat 5: Zzzanderman (button) folded before Flop (didn't bet)
Seat 6: SturmGaming (small blind) folded before Flop
Seat 7: Jones.OM (big blind) folded before Flop
Seat 8: lillyboi folded before Flop (didn't bet)
Seat 9: Dorex2007 folded before Flop (didn't bet)



PokerStars Hand #237587482339:  Hold'em No Limit ($0.02/$0.05 USD) - 2022/07/25 15:47:12 PT [2022/07/25 18:47:12 ET]
Table 'Stroobantia' 9-max Seat #6 is the button
Seat 1: JonSnow124 ($5.16 in chips) 
Seat 3: polly727 ($5.08 in chips) 
Seat 4: VascoSerg ($6.25 in chips) 
Seat 6: SturmGaming ($5.20 in chips) 
Seat 7: Jones.OM ($4.82 in chips) 
Seat 8: lillyboi ($4.72 in chips) 
Seat 9: Dorex2007 ($5.10 in chips) 
Jones.OM: posts small blind $0.02
lillyboi: posts big blind $0.05
*** HOLE CARDS ***
Dealt to Dorex2007 [4s Ks]
Dorex2007: folds 
JonSnow124: folds 
polly727: raises $0.12 to $0.17
VascoSerg: folds 
SturmGaming: folds 
Jones.OM: folds 
lillyboi: folds 
Uncalled bet ($0.12) returned to polly727
lillyboi leaves the table
polly727 collected $0.12 from pot
polly727: doesn't show hand 
*** SUMMARY ***
Total pot $0.12 | Rake $0 
Seat 1: JonSnow124 folded before Flop (didn't bet)
Seat 3: polly727 collected ($0.12)
Seat 4: VascoSerg folded before Flop (didn't bet)
Seat 6: SturmGaming (button) folded before Flop (didn't bet)
Seat 7: Jones.OM (small blind) folded before Flop
Seat 8: lillyboi (big blind) folded before Flop
Seat 9: Dorex2007 folded before Flop (didn't bet)



PokerStars Hand #237587486819:  Hold'em No Limit ($0.02/$0.05 USD) - 2022/07/25 15:47:26 PT [2022/07/25 18:47:26 ET]
Table 'Stroobantia' 9-max Seat #7 is the button
Seat 1: JonSnow124 ($5.16 in chips) 
Seat 3: polly727 ($5.15 in chips) 
Seat 4: VascoSerg ($6.25 in chips) 
Seat 6: SturmGaming ($5.20 in chips) 
Seat 7: Jones.OM ($4.80 in chips) 
Seat 9: Dorex2007 ($5.10 in chips) 
Dorex2007: posts small blind $0.02
JonSnow124: posts big blind $0.05
shtshot250: sits out 
*** HOLE CARDS ***
Dealt to Dorex2007 [2h 8c]
polly727: folds 
VascoSerg: folds 
SturmGaming: raises $0.07 to $0.12
Jones.OM: calls $0.12
Dorex2007: folds 
JonSnow124: folds 
*** FLOP *** [5c 2d 7d]
SturmGaming: checks 
Jones.OM: checks 
*** TURN *** [5c 2d 7d] [2c]
Cezari0 joins the table at seat #8 
musqui joins the table at seat #5 
SturmGaming: bets $0.09
Jones.OM: calls $0.09
*** RIVER *** [5c 2d 7d 2c] [6s]
SturmGaming: checks 
Jones.OM: checks 
*** SHOW DOWN ***
SturmGaming: shows [As Jd] (a pair of Deuces)
Jones.OM: shows [9h 5h] (two pair, Fives and Deuces)
Jones.OM collected $0.47 from pot
*** SUMMARY ***
Total pot $0.49 | Rake $0.02 
Board [5c 2d 7d 2c 6s]
Seat 1: JonSnow124 (big blind) folded before Flop
Seat 3: polly727 folded before Flop (didn't bet)
Seat 4: VascoSerg folded before Flop (didn't bet)
Seat 6: SturmGaming showed [As Jd] and lost with a pair of Deuces
Seat 7: Jones.OM (button) showed [9h 5h] and won ($0.47) with two pair, Fives and Deuces
Seat 9: Dorex2007 (small blind) folded before Flop



PokerStars Hand #237587505264:  Hold'em No Limit ($0.02/$0.05 USD) - 2022/07/25 15:48:24 PT [2022/07/25 18:48:24 ET]
Table 'Stroobantia' 9-max Seat #9 is the button
Seat 1: JonSnow124 ($5.11 in chips) 
Seat 2: shtshot250 ($5.56 in chips) 
Seat 3: polly727 ($5.15 in chips) 
Seat 4: VascoSerg ($6.25 in chips) 
Seat 5: musqui ($2 in chips) 
Seat 6: SturmGaming ($4.99 in chips) 
Seat 7: Jones.OM ($5.06 in chips) 
Seat 9: Dorex2007 ($5.08 in chips) 
JonSnow124: posts small blind $0.02
shtshot250: posts big blind $0.05
musqui: posts big blind $0.05
Cezari0: sits out 
*** HOLE CARDS ***
Dealt to Dorex2007 [Qd 3d]
polly727: raises $0.17 to $0.22
VascoSerg: folds 
musqui: folds 
SturmGaming: folds 
Jones.OM: calls $0.22
Dorex2007: folds 
JonSnow124: folds 
shtshot250: calls $0.17
*** FLOP *** [4c 5s Jc]
shtshot250: checks 
polly727: bets $0.21
Jones.OM: folds 
shtshot250: folds 
Uncalled bet ($0.21) returned to polly727
polly727 collected $0.70 from pot
polly727: doesn't show hand 
*** SUMMARY ***
Total pot $0.73 | Rake $0.03 
Board [4c 5s Jc]
Seat 1: JonSnow124 (small blind) folded before Flop
Seat 2: shtshot250 (big blind) folded on the Flop
Seat 3: polly727 collected ($0.70)
Seat 4: VascoSerg folded before Flop (didn't bet)
Seat 5: musqui folded before Flop (didn't bet)
Seat 6: SturmGaming folded before Flop (didn't bet)
Seat 7: Jones.OM folded on the Flop
Seat 9: Dorex2007 (button) folded before Flop (didn't bet)



PokerStars Hand #237587525343:  Hold'em No Limit ($0.02/$0.05 USD) - 2022/07/25 15:48:58 PT [2022/07/25 18:48:58 ET]
Table 'Stroobantia' 9-max Seat #1 is the button
Seat 1: JonSnow124 ($5.09 in chips) 
Seat 2: shtshot250 ($5.34 in chips) 
Seat 3: polly727 ($5.63 in chips) 
Seat 4: VascoSerg ($6.25 in chips) 
Seat 5: musqui ($1.95 in chips) 
Seat 6: SturmGaming ($4.99 in chips) 
Seat 7: Jones.OM ($4.84 in chips) 
Seat 8: Cezari0 ($2.59 in chips) 
Seat 9: Dorex2007 ($5.08 in chips) 
shtshot250: posts small blind $0.02
polly727: posts big blind $0.05
Cezari0: posts big blind $0.05
*** HOLE CARDS ***
Dealt to Dorex2007 [Qc 7s]
VascoSerg: folds 
musqui: raises $0.05 to $0.10
SturmGaming: folds 
Jones.OM: folds 
Cezari0: raises $0.25 to $0.35
Dorex2007: folds 
JonSnow124: folds 
shtshot250: folds 
polly727: folds 
musqui: folds 
Uncalled bet ($0.25) returned to Cezari0
Cezari0 collected $0.27 from pot
*** SUMMARY ***
Total pot $0.27 | Rake $0 
Seat 1: JonSnow124 (button) folded before Flop (didn't bet)
Seat 2: shtshot250 (small blind) folded before Flop
Seat 3: polly727 (big blind) folded before Flop
Seat 4: VascoSerg folded before Flop (didn't bet)
Seat 5: musqui folded before Flop
Seat 6: SturmGaming folded before Flop (didn't bet)
Seat 7: Jones.OM folded before Flop (didn't bet)
Seat 8: Cezari0 collected ($0.27)
Seat 9: Dorex2007 folded before Flop (didn't bet)



PokerStars Hand #237587531756:  Hold'em No Limit ($0.02/$0.05 USD) - 2022/07/25 15:49:19 PT [2022/07/25 18:49:19 ET]
Table 'Stroobantia' 9-max Seat #2 is the button
Seat 1: JonSnow124 ($5.09 in chips) 
Seat 2: shtshot250 ($5.32 in chips) 
Seat 3: polly727 ($5.58 in chips) 
Seat 4: VascoSerg ($6.25 in chips) 
Seat 5: musqui ($1.85 in chips) 
Seat 6: SturmGaming ($4.99 in chips) 
Seat 7: Jones.OM ($4.84 in chips) 
Seat 8: Cezari0 ($2.76 in chips) 
Seat 9: Dorex2007 ($5.08 in chips) 
polly727: posts small blind $0.02
VascoSerg: posts big blind $0.05
*** HOLE CARDS ***
Dealt to Dorex2007 [6c 8h]
musqui: folds 
SturmGaming: folds 
Jones.OM: folds 
Cezari0: raises $0.10 to $0.15
Dorex2007: folds 
JonSnow124: folds 
shtshot250: calls $0.15
polly727: folds 
VascoSerg: folds 
*** FLOP *** [9s Qs 4h]
Cezari0: checks 
shtshot250: checks 
*** TURN *** [9s Qs 4h] [5s]
Cezari0: checks 
shtshot250: checks 
*** RIVER *** [9s Qs 4h 5s] [6h]
Cezari0: checks 
shtshot250: checks 
*** SHOW DOWN ***
Cezari0: shows [5d Ac] (a pair of Fives)
shtshot250: mucks hand 
Cezari0 collected $0.35 from pot
*** SUMMARY ***
Total pot $0.37 | Rake $0.02 
Board [9s Qs 4h 5s 6h]
Seat 1: JonSnow124 folded before Flop (didn't bet)
Seat 2: shtshot250 (button) mucked [3d Jd]
Seat 3: polly727 (small blind) folded before Flop
Seat 4: VascoSerg (big blind) folded before Flop
Seat 5: musqui folded before Flop (didn't bet)
Seat 6: SturmGaming folded before Flop (didn't bet)
Seat 7: Jones.OM folded before Flop (didn't bet)
Seat 8: Cezari0 showed [5d Ac] and won ($0.35) with a pair of Fives
Seat 9: Dorex2007 folded before Flop (didn't bet)



PokerStars Hand #237587544693:  Hold'em No Limit ($0.02/$0.05 USD) - 2022/07/25 15:50:00 PT [2022/07/25 18:50:00 ET]
Table 'Stroobantia' 9-max Seat #3 is the button
Seat 1: JonSnow124 ($5.09 in chips) 
Seat 2: shtshot250 ($5.17 in chips) 
Seat 3: polly727 ($5.56 in chips) 
Seat 4: VascoSerg ($6.20 in chips) 
Seat 5: musqui ($1.85 in chips) 
Seat 6: SturmGaming ($4.99 in chips) 
Seat 7: Jones.OM ($4.84 in chips) 
Seat 8: Cezari0 ($2.96 in chips) 
Seat 9: Dorex2007 ($5.08 in chips) 
VascoSerg: posts small blind $0.02
musqui: posts big blind $0.05
*** HOLE CARDS ***
Dealt to Dorex2007 [Tc 2d]
SturmGaming: folds 
Jones.OM: folds 
Cezari0: raises $0.10 to $0.15
Dorex2007: folds 
JonSnow124: folds 
shtshot250: folds 
polly727: folds 
VascoSerg: folds 
musqui: folds 
Uncalled bet ($0.10) returned to Cezari0
Cezari0 collected $0.12 from pot
*** SUMMARY ***
Total pot $0.12 | Rake $0 
Seat 1: JonSnow124 folded before Flop (didn't bet)
Seat 2: shtshot250 folded before Flop (didn't bet)
Seat 3: polly727 (button) folded before Flop (didn't bet)
Seat 4: VascoSerg (small blind) folded before Flop
Seat 5: musqui (big blind) folded before Flop
Seat 6: SturmGaming folded before Flop (didn't bet)
Seat 7: Jones.OM folded before Flop (didn't bet)
Seat 8: Cezari0 collected ($0.12)
Seat 9: Dorex2007 folded before Flop (didn't bet)



PokerStars Hand #237587552887:  Hold'em No Limit ($0.02/$0.05 USD) - 2022/07/25 15:50:26 PT [2022/07/25 18:50:26 ET]
Table 'Stroobantia' 9-max Seat #4 is the button
Seat 1: JonSnow124 ($5.09 in chips) 
Seat 2: shtshot250 ($5.17 in chips) 
Seat 3: polly727 ($5.56 in chips) 
Seat 4: VascoSerg ($6.18 in chips) 
Seat 5: musqui ($1.80 in chips) 
Seat 6: SturmGaming ($4.99 in chips) 
Seat 7: Jones.OM ($4.84 in chips) 
Seat 8: Cezari0 ($3.03 in chips) 
Seat 9: Dorex2007 ($5.08 in chips) 
musqui: posts small blind $0.02
SturmGaming: posts big blind $0.05
*** HOLE CARDS ***
Dealt to Dorex2007 [6c Ac]
Jones.OM: folds 
Cezari0: folds 
Dorex2007: calls $0.05
JonSnow124: raises $0.15 to $0.20
shtshot250: folds 
polly727: folds 
VascoSerg: folds 
musqui: folds 
SturmGaming: folds 
Dorex2007: folds 
Uncalled bet ($0.15) returned to JonSnow124
JonSnow124 collected $0.17 from pot
JonSnow124: doesn't show hand 
*** SUMMARY ***
Total pot $0.17 | Rake $0 
Seat 1: JonSnow124 collected ($0.17)
Seat 2: shtshot250 folded before Flop (didn't bet)
Seat 3: polly727 folded before Flop (didn't bet)
Seat 4: VascoSerg (button) folded before Flop (didn't bet)
Seat 5: musqui (small blind) folded before Flop
Seat 6: SturmGaming (big blind) folded before Flop
Seat 7: Jones.OM folded before Flop (didn't bet)
Seat 8: Cezari0 folded before Flop (didn't bet)
Seat 9: Dorex2007 folded before Flop



PokerStars Hand #237587560444:  Hold'em No Limit ($0.02/$0.05 USD) - 2022/07/25 15:50:51 PT [2022/07/25 18:50:51 ET]
Table 'Stroobantia' 9-max Seat #5 is the button
Seat 1: JonSnow124 ($5.21 in chips) 
Seat 2: shtshot250 ($5.17 in chips) 
Seat 3: polly727 ($5.56 in chips) 
Seat 4: VascoSerg ($6.18 in chips) 
Seat 5: musqui ($1.78 in chips) 
Seat 6: SturmGaming ($4.94 in chips) 
Seat 7: Jones.OM ($4.84 in chips) 
Seat 8: Cezari0 ($3.03 in chips) 
Seat 9: Dorex2007 ($5.03 in chips) 
SturmGaming: posts small blind $0.02
Jones.OM: posts big blind $0.05
*** HOLE CARDS ***
Dealt to Dorex2007 [9s 3h]
Cezari0: folds 
Dorex2007: folds 
JonSnow124: folds 
shtshot250: calls $0.05
polly727: folds 
VascoSerg: folds 
musqui: calls $0.05
SturmGaming: calls $0.03
Jones.OM: checks 
*** FLOP *** [Ks 4h 7s]
SturmGaming: checks 
Jones.OM: checks 
shtshot250: checks 
musqui: checks 
*** TURN *** [Ks 4h 7s] [8c]
SturmGaming: bets $0.06
Jones.OM: folds 
shtshot250: calls $0.06
musqui: folds 
*** RIVER *** [Ks 4h 7s 8c] [Jd]
SturmGaming: bets $0.10
shtshot250: calls $0.10
*** SHOW DOWN ***
SturmGaming: shows [Qc Kd] (a pair of Kings)
shtshot250: mucks hand 
SturmGaming collected $0.50 from pot
*** SUMMARY ***
Total pot $0.52 | Rake $0.02 
Board [Ks 4h 7s 8c Jd]
Seat 1: JonSnow124 folded before Flop (didn't bet)
Seat 2: shtshot250 mucked [9d 7d]
Seat 3: polly727 folded before Flop (didn't bet)
Seat 4: VascoSerg folded before Flop (didn't bet)
Seat 5: musqui (button) folded on the Turn
Seat 6: SturmGaming (small blind) showed [Qc Kd] and won ($0.50) with a pair of Kings
Seat 7: Jones.OM (big blind) folded on the Turn
Seat 8: Cezari0 folded before Flop (didn't bet)
Seat 9: Dorex2007 folded before Flop (didn't bet)



PokerStars Hand #237587581218:  Hold'em No Limit ($0.02/$0.05 USD) - 2022/07/25 15:51:30 PT [2022/07/25 18:51:30 ET]
Table 'Stroobantia' 9-max Seat #6 is the button
Seat 1: JonSnow124 ($5.21 in chips) 
Seat 2: shtshot250 ($4.96 in chips) 
Seat 3: polly727 ($5.56 in chips) 
Seat 4: VascoSerg ($6.18 in chips) 
Seat 5: musqui ($1.73 in chips) 
Seat 6: SturmGaming ($5.23 in chips) 
Seat 7: Jones.OM ($4.79 in chips) 
Seat 8: Cezari0 ($3.03 in chips) 
Seat 9: Dorex2007 ($5.03 in chips) 
Jones.OM: posts small blind $0.02
Cezari0: posts big blind $0.05
*** HOLE CARDS ***
Dealt to Dorex2007 [Jd Td]
Dorex2007: raises $0.05 to $0.10
JonSnow124: folds 
shtshot250: folds 
polly727: folds 
VascoSerg: folds 
musqui: folds 
SturmGaming: calls $0.10
Jones.OM: calls $0.08
Cezari0: folds 
*** FLOP *** [Th Ks Ts]
Jones.OM: checks 
Dorex2007: bets $0.17
SturmGaming: folds 
Jones.OM: raises $0.33 to $0.50
Dorex2007: raises $0.45 to $0.95
Jones.OM: raises $1.05 to $2
Dorex2007: raises $2.93 to $4.93 and is all-in
Jones.OM: calls $2.69 and is all-in
Uncalled bet ($0.24) returned to Dorex2007
*** TURN *** [Th Ks Ts] [Kc]
*** RIVER *** [Th Ks Ts Kc] [Ad]
*** SHOW DOWN ***
Jones.OM: shows [Tc 7c] (a full house, Tens full of Kings)
Dorex2007: shows [Jd Td] (a full house, Tens full of Kings)
Jones.OM collected $4.67 from pot
Dorex2007 cashed out the hand for $6.39 | Cash Out Fee $0.06
*** SUMMARY ***
Total pot $9.73 | Rake $0.40 
Board [Th Ks Ts Kc Ad]
Seat 1: JonSnow124 folded before Flop (didn't bet)
Seat 2: shtshot250 folded before Flop (didn't bet)
Seat 3: polly727 folded before Flop (didn't bet)
Seat 4: VascoSerg folded before Flop (didn't bet)
Seat 5: musqui folded before Flop (didn't bet)
Seat 6: SturmGaming (button) folded on the Flop
Seat 7: Jones.OM (small blind) showed [Tc 7c] and won ($4.67) with a full house, Tens full of Kings
Seat 8: Cezari0 (big blind) folded before Flop
Seat 9: Dorex2007 showed [Jd Td] and won ($4.66) with a full house, Tens full of Kings (pot not awarded as player cashed out)



PokerStars Hand #237587615080:  Hold'em No Limit ($0.02/$0.05 USD) - 2022/07/25 15:53:19 PT [2022/07/25 18:53:19 ET]
Table 'Stroobantia' 9-max Seat #7 is the button
Seat 1: JonSnow124 ($5.21 in chips) 
Seat 2: shtshot250 ($4.96 in chips) 
Seat 3: polly727 ($5.56 in chips) 
Seat 4: VascoSerg ($6.18 in chips) 
Seat 5: musqui ($1.73 in chips) 
Seat 6: SturmGaming ($5.13 in chips) 
Seat 7: Jones.OM ($4.67 in chips) 
Seat 8: Cezari0 ($2.98 in chips) 
Seat 9: Dorex2007 ($6.63 in chips) 
Cezari0: posts small blind $0.02
Dorex2007: posts big blind $0.05
*** HOLE CARDS ***
Dealt to Dorex2007 [4c 6d]
JonSnow124: calls $0.05
shtshot250: folds 
polly727: raises $0.10 to $0.15
VascoSerg: folds 
musqui: folds 
SturmGaming: folds 
Jones.OM: folds 
Cezari0: folds 
Dorex2007: folds 
JonSnow124: calls $0.10
*** FLOP *** [8c 7d 2c]
JonSnow124: checks 
polly727: checks 
*** TURN *** [8c 7d 2c] [8d]
JonSnow124: checks 
polly727: checks 
*** RIVER *** [8c 7d 2c 8d] [9h]
JonSnow124: checks 
polly727: checks 
*** SHOW DOWN ***
JonSnow124: shows [5s 5d] (two pair, Eights and Fives)
polly727: mucks hand 
JonSnow124 collected $0.35 from pot
*** SUMMARY ***
Total pot $0.37 | Rake $0.02 
Board [8c 7d 2c 8d 9h]
Seat 1: JonSnow124 showed [5s 5d] and won ($0.35) with two pair, Eights and Fives
Seat 2: shtshot250 folded before Flop (didn't bet)
Seat 3: polly727 mucked [Jh Qs]
Seat 4: VascoSerg folded before Flop (didn't bet)
Seat 5: musqui folded before Flop (didn't bet)
Seat 6: SturmGaming folded before Flop (didn't bet)
Seat 7: Jones.OM (button) folded before Flop (didn't bet)
Seat 8: Cezari0 (small blind) folded before Flop
Seat 9: Dorex2007 (big blind) folded before Flop



PokerStars Hand #237587633848:  Hold'em No Limit ($0.02/$0.05 USD) - 2022/07/25 15:54:20 PT [2022/07/25 18:54:20 ET]
Table 'Stroobantia' 9-max Seat #8 is the button
Seat 1: JonSnow124 ($5.41 in chips) 
Seat 2: shtshot250 ($4.96 in chips) 
Seat 3: polly727 ($5.41 in chips) 
Seat 4: VascoSerg ($6.18 in chips) 
Seat 5: musqui ($1.73 in chips) 
Seat 6: SturmGaming ($5.13 in chips) 
Seat 7: Jones.OM ($4.67 in chips) 
Seat 8: Cezari0 ($2.96 in chips) 
Seat 9: Dorex2007 ($6.58 in chips) 
Dorex2007: posts small blind $0.02
JonSnow124: posts big blind $0.05
*** HOLE CARDS ***
Dealt to Dorex2007 [2s Ac]
shtshot250: calls $0.05
polly727: folds 
VascoSerg: folds 
musqui: folds 
SturmGaming: folds 
Jones.OM: folds 
Cezari0: folds 
Dorex2007: calls $0.03
JonSnow124: checks 
*** FLOP *** [5c 6h Ks]
Dorex2007: checks 
JonSnow124: checks 
shtshot250: checks 
*** TURN *** [5c 6h Ks] [Qc]
Dorex2007: checks 
JonSnow124: checks 
shtshot250: bets $0.14
Dorex2007: folds 
JonSnow124: calls $0.14
*** RIVER *** [5c 6h Ks Qc] [7c]
JonSnow124: checks 
shtshot250: bets $0.41
JonSnow124: calls $0.41
*** SHOW DOWN ***
shtshot250: shows [9c 8c] (a flush, Queen high)
JonSnow124: mucks hand 
shtshot250 collected $1.20 from pot
*** SUMMARY ***
Total pot $1.25 | Rake $0.05 
Board [5c 6h Ks Qc 7c]
Seat 1: JonSnow124 (big blind) mucked [Qh 5h]
Seat 2: shtshot250 showed [9c 8c] and won ($1.20) with a flush, Queen high
Seat 3: polly727 folded before Flop (didn't bet)
Seat 4: VascoSerg folded before Flop (didn't bet)
Seat 5: musqui folded before Flop (didn't bet)
Seat 6: SturmGaming folded before Flop (didn't bet)
Seat 7: Jones.OM folded before Flop (didn't bet)
Seat 8: Cezari0 (button) folded before Flop (didn't bet)
Seat 9: Dorex2007 (small blind) folded on the Turn



PokerStars Hand #237587653395:  Hold'em No Limit ($0.02/$0.05 USD) - 2022/07/25 15:55:30 PT [2022/07/25 18:55:30 ET]
Table 'Stroobantia' 9-max Seat #9 is the button
Seat 1: JonSnow124 ($4.81 in chips) 
Seat 2: shtshot250 ($5.56 in chips) 
Seat 3: polly727 ($5.41 in chips) 
Seat 4: VascoSerg ($6.18 in chips) 
Seat 5: musqui ($1.73 in chips) 
Seat 6: SturmGaming ($5.13 in chips) 
Seat 7: Jones.OM ($4.67 in chips) 
Seat 8: Cezari0 ($2.96 in chips) 
Seat 9: Dorex2007 ($6.53 in chips) 
JonSnow124: posts small blind $0.02
shtshot250: posts big blind $0.05
*** HOLE CARDS ***
Dealt to Dorex2007 [6c Jh]
polly727: folds 
VascoSerg: folds 
musqui: calls $0.05
SturmGaming: folds 
Jones.OM: folds 
Cezari0: folds 
Dorex2007: folds 
JonSnow124: folds 
shtshot250: checks 
*** FLOP *** [Kc Jc 3d]
shtshot250: checks 
musqui: bets $0.05
shtshot250: calls $0.05
*** TURN *** [Kc Jc 3d] [8c]
shtshot250: checks 
musqui: checks 
*** RIVER *** [Kc Jc 3d 8c] [4d]
shtshot250: checks 
musqui: checks 
*** SHOW DOWN ***
shtshot250: shows [5h 5c] (a pair of Fives)
musqui: mucks hand 
shtshot250 collected $0.21 from pot
*** SUMMARY ***
Total pot $0.22 | Rake $0.01 
Board [Kc Jc 3d 8c 4d]
Seat 1: JonSnow124 (small blind) folded before Flop
Seat 2: shtshot250 (big blind) showed [5h 5c] and won ($0.21) with a pair of Fives
Seat 3: polly727 folded before Flop (didn't bet)
Seat 4: VascoSerg folded before Flop (didn't bet)
Seat 5: musqui mucked [7s As]
Seat 6: SturmGaming folded before Flop (didn't bet)
Seat 7: Jones.OM folded before Flop (didn't bet)
Seat 8: Cezari0 folded before Flop (didn't bet)
Seat 9: Dorex2007 (button) folded before Flop (didn't bet)



PokerStars Hand #237587663008:  Hold'em No Limit ($0.02/$0.05 USD) - 2022/07/25 15:56:09 PT [2022/07/25 18:56:09 ET]
Table 'Stroobantia' 9-max Seat #1 is the button
Seat 1: JonSnow124 ($4.79 in chips) 
Seat 2: shtshot250 ($5.67 in chips) 
Seat 3: polly727 ($5.41 in chips) 
Seat 4: VascoSerg ($6.18 in chips) 
Seat 5: musqui ($1.63 in chips) 
Seat 6: SturmGaming ($5.13 in chips) 
Seat 7: Jones.OM ($4.67 in chips) 
Seat 8: Cezari0 ($2.96 in chips) 
Seat 9: Dorex2007 ($6.53 in chips) 
shtshot250: posts small blind $0.02
polly727: posts big blind $0.05
*** HOLE CARDS ***
Dealt to Dorex2007 [2h 7c]
VascoSerg: folds 
musqui: folds 
SturmGaming: folds 
Jones.OM: folds 
Cezari0: folds 
Dorex2007: folds 
JonSnow124: folds 
shtshot250: calls $0.03
polly727: raises $0.10 to $0.15
shtshot250: calls $0.10
*** FLOP *** [Ah 7h 9s]
shtshot250: checks 
polly727: bets $0.09
shtshot250: calls $0.09
*** TURN *** [Ah 7h 9s] [Td]
shtshot250: checks 
polly727: bets $0.35
shtshot250: calls $0.35
*** RIVER *** [Ah 7h 9s Td] [Qh]
shtshot250: bets $1.13
polly727: calls $1.13
*** SHOW DOWN ***
shtshot250: shows [Th 6h] (a flush, Ace high)
polly727: mucks hand 
shtshot250 collected $3.30 from pot
*** SUMMARY ***
Total pot $3.44 | Rake $0.14 
Board [Ah 7h 9s Td Qh]
Seat 1: JonSnow124 (button) folded before Flop (didn't bet)
Seat 2: shtshot250 (small blind) showed [Th 6h] and won ($3.30) with a flush, Ace high
Seat 3: polly727 (big blind) mucked [Ac Qc]
Seat 4: VascoSerg folded before Flop (didn't bet)
Seat 5: musqui folded before Flop (didn't bet)
Seat 6: SturmGaming folded before Flop (didn't bet)
Seat 7: Jones.OM folded before Flop (didn't bet)
Seat 8: Cezari0 folded before Flop (didn't bet)
Seat 9: Dorex2007 folded before Flop (didn't bet)



PokerStars Hand #237587674935:  Hold'em No Limit ($0.02/$0.05 USD) - 2022/07/25 15:56:57 PT [2022/07/25 18:56:57 ET]
Table 'Stroobantia' 9-max Seat #2 is the button
Seat 1: JonSnow124 ($4.79 in chips) 
Seat 2: shtshot250 ($7.25 in chips) 
Seat 3: polly727 ($3.69 in chips) 
Seat 4: VascoSerg ($6.18 in chips) 
Seat 5: musqui ($1.63 in chips) 
Seat 6: SturmGaming ($5.13 in chips) 
Seat 7: Jones.OM ($4.67 in chips) 
Seat 8: Cezari0 ($2.96 in chips) 
Seat 9: Dorex2007 ($6.53 in chips) 
polly727: posts small blind $0.02
VascoSerg: posts big blind $0.05
*** HOLE CARDS ***
Dealt to Dorex2007 [7d 3d]
musqui: folds 
SturmGaming: folds 
Jones.OM: folds 
Cezari0: folds 
Dorex2007: folds 
JonSnow124: folds 
shtshot250: calls $0.05
polly727: raises $0.20 to $0.25
VascoSerg: folds 
shtshot250: calls $0.20
*** FLOP *** [9c 5s 8h]
polly727: bets $0.16
shtshot250: calls $0.16
*** TURN *** [9c 5s 8h] [9s]
polly727: bets $0.83
shtshot250: folds 
Uncalled bet ($0.83) returned to polly727
polly727 collected $0.83 from pot
polly727: doesn't show hand 
*** SUMMARY ***
Total pot $0.87 | Rake $0.04 
Board [9c 5s 8h 9s]
Seat 1: JonSnow124 folded before Flop (didn't bet)
Seat 2: shtshot250 (button) folded on the Turn
Seat 3: polly727 (small blind) collected ($0.83)
Seat 4: VascoSerg (big blind) folded before Flop
Seat 5: musqui folded before Flop (didn't bet)
Seat 6: SturmGaming folded before Flop (didn't bet)
Seat 7: Jones.OM folded before Flop (didn't bet)
Seat 8: Cezari0 folded before Flop (didn't bet)
Seat 9: Dorex2007 folded before Flop (didn't bet)



PokerStars Hand #237587683599:  Hold'em No Limit ($0.02/$0.05 USD) - 2022/07/25 15:57:33 PT [2022/07/25 18:57:33 ET]
Table 'Stroobantia' 9-max Seat #3 is the button
Seat 1: JonSnow124 ($4.79 in chips) 
Seat 2: shtshot250 ($6.84 in chips) 
Seat 3: polly727 ($4.11 in chips) 
Seat 4: VascoSerg ($6.13 in chips) 
Seat 5: musqui ($1.63 in chips) 
Seat 6: SturmGaming ($5.13 in chips) 
Seat 7: Jones.OM ($4.67 in chips) 
Seat 8: Cezari0 ($2.96 in chips) 
Seat 9: Dorex2007 ($6.53 in chips) 
VascoSerg: posts small blind $0.02
musqui: posts big blind $0.05
*** HOLE CARDS ***
Dealt to Dorex2007 [4c 5c]
SturmGaming: folds 
Jones.OM: folds 
Cezari0: folds 
Dorex2007: folds 
JonSnow124: folds 
shtshot250: calls $0.05
polly727: folds 
VascoSerg: folds 
musqui: checks 
*** FLOP *** [Jc 5s Qd]
musqui: bets $0.05
shtshot250: calls $0.05
*** TURN *** [Jc 5s Qd] [6s]
musqui: bets $0.05
shtshot250: calls $0.05
*** RIVER *** [Jc 5s Qd 6s] [As]
musqui: bets $0.05
shtshot250: raises $0.30 to $0.35
musqui: folds 
Uncalled bet ($0.30) returned to shtshot250
shtshot250 collected $0.40 from pot
shtshot250: doesn't show hand 
*** SUMMARY ***
Total pot $0.42 | Rake $0.02 
Board [Jc 5s Qd 6s As]
Seat 1: JonSnow124 folded before Flop (didn't bet)
Seat 2: shtshot250 collected ($0.40)
Seat 3: polly727 (button) folded before Flop (didn't bet)
Seat 4: VascoSerg (small blind) folded before Flop
Seat 5: musqui (big blind) folded on the River
Seat 6: SturmGaming folded before Flop (didn't bet)
Seat 7: Jones.OM folded before Flop (didn't bet)
Seat 8: Cezari0 folded before Flop (didn't bet)
Seat 9: Dorex2007 folded before Flop (didn't bet)



PokerStars Hand #237587691222:  Hold'em No Limit ($0.02/$0.05 USD) - 2022/07/25 15:58:04 PT [2022/07/25 18:58:04 ET]
Table 'Stroobantia' 9-max Seat #4 is the button
Seat 1: JonSnow124 ($4.79 in chips) 
Seat 2: shtshot250 ($7.04 in chips) 
Seat 3: polly727 ($4.11 in chips) 
Seat 4: VascoSerg ($6.11 in chips) 
Seat 5: musqui ($1.43 in chips) 
Seat 6: SturmGaming ($5.13 in chips) 
Seat 7: Jones.OM ($4.67 in chips) 
Seat 8: Cezari0 ($2.96 in chips) 
Seat 9: Dorex2007 ($6.53 in chips) 
musqui: posts small blind $0.02
SturmGaming: posts big blind $0.05
*** HOLE CARDS ***
Dealt to Dorex2007 [8s Ad]
Jones.OM: folds 
Cezari0: raises $0.05 to $0.10
Dorex2007: folds 
JonSnow124: folds 
shtshot250: raises $0.27 to $0.37
polly727: folds 
VascoSerg: calls $0.37
musqui: folds 
SturmGaming: folds 
Cezari0: folds 
*** FLOP *** [Th 2s Td]
shtshot250: checks 
VascoSerg: checks 
*** TURN *** [Th 2s Td] [9c]
shtshot250: checks 
VascoSerg: checks 
*** RIVER *** [Th 2s Td 9c] [6h]
shtshot250: checks 
VascoSerg: checks 
*** SHOW DOWN ***
shtshot250: shows [Ac Qd] (a pair of Tens)
VascoSerg: mucks hand 
shtshot250 collected $0.87 from pot
*** SUMMARY ***
Total pot $0.91 | Rake $0.04 
Board [Th 2s Td 9c 6h]
Seat 1: JonSnow124 folded before Flop (didn't bet)
Seat 2: shtshot250 showed [Ac Qd] and won ($0.87) with a pair of Tens
Seat 3: polly727 folded before Flop (didn't bet)
Seat 4: VascoSerg (button) mucked [Kh Qs]
Seat 5: musqui (small blind) folded before Flop
Seat 6: SturmGaming (big blind) folded before Flop
Seat 7: Jones.OM folded before Flop (didn't bet)
Seat 8: Cezari0 folded before Flop
Seat 9: Dorex2007 folded before Flop (didn't bet)



