PokerStars Hand #237570811725:  Hold'em No Limit ($0.01/$0.02 USD) - 2022/07/24 21:18:51 PT [2022/07/25 0:18:51 ET]
Table 'Segin' 9-max Seat #8 is the button
Seat 2: perffect16 ($2.26 in chips) 
Seat 3: denzzoull ($1.19 in chips) 
Seat 4: READTHENWEEP ($2.88 in chips) 
Seat 5: jhonsoto83 ($0.88 in chips) 
Seat 6: maggiebrasil ($1.89 in chips) 
Seat 7: Dorex2007 ($2 in chips) 
Seat 8: Guico ($0.73 in chips) 
Seat 9: Tweedy620 ($1.97 in chips) 
Tweedy620: posts small blind $0.01
perffect16: posts big blind $0.02
Dorex2007: posts big blind $0.02
*** HOLE CARDS ***
Dealt to Dorex2007 [Kd Jc]
denzzoull: calls $0.02
READTHENWEEP: raises $0.02 to $0.04
jhonsoto83: folds 
maggiebrasil: folds 
Dorex2007: calls $0.02
Guico: calls $0.04
Tweedy620: folds 
perffect16: folds 
denzzoull: calls $0.02
*** FLOP *** [7d Td Ts]
denzzoull: checks 
READTHENWEEP: checks 
Dorex2007: bets $0.12
Guico: folds 
denzzoull: calls $0.12
READTHENWEEP: folds 
*** TURN *** [7d Td Ts] [6d]
denzzoull: checks 
Dorex2007: bets $0.20
denzzoull: calls $0.20
*** RIVER *** [7d Td Ts 6d] [3s]
denzzoull: checks 
Dorex2007: bets $0.40
denzzoull: calls $0.40
*** SHOW DOWN ***
Dorex2007: shows [Kd Jc] (a pair of Tens)
denzzoull: shows [Ad 5s] (a pair of Tens - Ace kicker)
denzzoull collected $1.57 from pot
*** SUMMARY ***
Total pot $1.63 | Rake $0.06 
Board [7d Td Ts 6d 3s]
Seat 2: perffect16 (big blind) folded before Flop
Seat 3: denzzoull showed [Ad 5s] and won ($1.57) with a pair of Tens
Seat 4: READTHENWEEP folded on the Flop
Seat 5: jhonsoto83 folded before Flop (didn't bet)
Seat 6: maggiebrasil folded before Flop (didn't bet)
Seat 7: Dorex2007 showed [Kd Jc] and lost with a pair of Tens
Seat 8: Guico (button) folded on the Flop
Seat 9: Tweedy620 (small blind) folded before Flop



PokerStars Hand #237570819459:  Hold'em No Limit ($0.01/$0.02 USD) - 2022/07/24 21:19:55 PT [2022/07/25 0:19:55 ET]
Table 'Segin' 9-max Seat #9 is the button
Seat 2: perffect16 ($2.24 in chips) 
Seat 3: denzzoull ($2 in chips) 
Seat 4: READTHENWEEP ($2.84 in chips) 
Seat 5: jhonsoto83 ($0.88 in chips) 
Seat 6: maggiebrasil ($1.89 in chips) 
Seat 7: Dorex2007 ($2 in chips) 
Seat 8: Guico ($0.69 in chips) 
Seat 9: Tweedy620 ($1.96 in chips) 
perffect16: posts small blind $0.01
denzzoull: posts big blind $0.02
*** HOLE CARDS ***
Dealt to Dorex2007 [Ts 2c]
READTHENWEEP: folds 
jhonsoto83: folds 
maggiebrasil: raises $0.05 to $0.07
Dorex2007: folds 
Guico: folds 
Tweedy620: folds 
perffect16: folds 
denzzoull: calls $0.05
*** FLOP *** [Ks 8d 4d]
denzzoull: checks 
maggiebrasil: bets $0.14
denzzoull: folds 
Uncalled bet ($0.14) returned to maggiebrasil
maggiebrasil collected $0.14 from pot
*** SUMMARY ***
Total pot $0.15 | Rake $0.01 
Board [Ks 8d 4d]
Seat 2: perffect16 (small blind) folded before Flop
Seat 3: denzzoull (big blind) folded on the Flop
Seat 4: READTHENWEEP folded before Flop (didn't bet)
Seat 5: jhonsoto83 folded before Flop (didn't bet)
Seat 6: maggiebrasil collected ($0.14)
Seat 7: Dorex2007 folded before Flop (didn't bet)
Seat 8: Guico folded before Flop (didn't bet)
Seat 9: Tweedy620 (button) folded before Flop (didn't bet)



PokerStars Hand #237570824647:  Hold'em No Limit ($0.01/$0.02 USD) - 2022/07/24 21:20:39 PT [2022/07/25 0:20:39 ET]
Table 'Segin' 9-max Seat #2 is the button
Seat 2: perffect16 ($2.23 in chips) 
Seat 3: denzzoull ($1.93 in chips) 
Seat 4: READTHENWEEP ($2.84 in chips) 
Seat 5: jhonsoto83 ($0.88 in chips) 
Seat 6: maggiebrasil ($1.96 in chips) 
Seat 7: Dorex2007 ($2 in chips) 
Seat 8: Guico ($0.69 in chips) 
Seat 9: Tweedy620 ($1.96 in chips) 
denzzoull: posts small blind $0.01
READTHENWEEP: posts big blind $0.02
*** HOLE CARDS ***
Dealt to Dorex2007 [2c 9h]
jhonsoto83: folds 
maggiebrasil has timed out
maggiebrasil: folds 
Dorex2007: folds 
Guico: folds 
Tweedy620: calls $0.02
perffect16: calls $0.02
denzzoull: calls $0.01
READTHENWEEP: checks 
*** FLOP *** [Js Qd 3c]
denzzoull: checks 
READTHENWEEP: checks 
Tweedy620: checks 
perffect16: checks 
*** TURN *** [Js Qd 3c] [5c]
denzzoull: bets $0.38
READTHENWEEP: folds 
Tweedy620: folds 
perffect16: folds 
Uncalled bet ($0.38) returned to denzzoull
denzzoull collected $0.08 from pot
*** SUMMARY ***
Total pot $0.08 | Rake $0 
Board [Js Qd 3c 5c]
Seat 2: perffect16 (button) folded on the Turn
Seat 3: denzzoull (small blind) collected ($0.08)
Seat 4: READTHENWEEP (big blind) folded on the Turn
Seat 5: jhonsoto83 folded before Flop (didn't bet)
Seat 6: maggiebrasil folded before Flop (didn't bet)
Seat 7: Dorex2007 folded before Flop (didn't bet)
Seat 8: Guico folded before Flop (didn't bet)
Seat 9: Tweedy620 folded on the Turn



PokerStars Hand #237570833013:  Hold'em No Limit ($0.01/$0.02 USD) - 2022/07/24 21:21:49 PT [2022/07/25 0:21:49 ET]
Table 'Segin' 9-max Seat #3 is the button
Seat 2: perffect16 ($2.21 in chips) 
Seat 3: denzzoull ($1.99 in chips) 
Seat 4: READTHENWEEP ($2.82 in chips) 
Seat 5: jhonsoto83 ($0.88 in chips) 
Seat 6: maggiebrasil ($1.96 in chips) 
Seat 7: Dorex2007 ($2 in chips) 
Seat 8: Guico ($0.69 in chips) 
Seat 9: Tweedy620 ($1.94 in chips) 
READTHENWEEP: posts small blind $0.01
jhonsoto83: posts big blind $0.02
*** HOLE CARDS ***
Dealt to Dorex2007 [4h Kd]
maggiebrasil: folds 
Dorex2007: folds 
Guico: folds 
Tweedy620: folds 
perffect16: folds 
denzzoull: calls $0.02
READTHENWEEP: calls $0.01
jhonsoto83: raises $0.08 to $0.10
denzzoull: calls $0.08
READTHENWEEP: folds 
*** FLOP *** [Kc 8d 3h]
jhonsoto83: checks 
denzzoull: checks 
*** TURN *** [Kc 8d 3h] [5c]
jhonsoto83: bets $0.10
denzzoull: folds 
Uncalled bet ($0.10) returned to jhonsoto83
jhonsoto83 collected $0.21 from pot
*** SUMMARY ***
Total pot $0.22 | Rake $0.01 
Board [Kc 8d 3h 5c]
Seat 2: perffect16 folded before Flop (didn't bet)
Seat 3: denzzoull (button) folded on the Turn
Seat 4: READTHENWEEP (small blind) folded before Flop
Seat 5: jhonsoto83 (big blind) collected ($0.21)
Seat 6: maggiebrasil folded before Flop (didn't bet)
Seat 7: Dorex2007 folded before Flop (didn't bet)
Seat 8: Guico folded before Flop (didn't bet)
Seat 9: Tweedy620 folded before Flop (didn't bet)



PokerStars Hand #237570838637:  Hold'em No Limit ($0.01/$0.02 USD) - 2022/07/24 21:22:36 PT [2022/07/25 0:22:36 ET]
Table 'Segin' 9-max Seat #4 is the button
Seat 2: perffect16 ($2.21 in chips) 
Seat 3: denzzoull ($1.89 in chips) 
Seat 4: READTHENWEEP ($2.80 in chips) 
Seat 5: jhonsoto83 ($0.99 in chips) 
Seat 6: maggiebrasil ($1.96 in chips) 
Seat 7: Dorex2007 ($2 in chips) 
Seat 8: Guico ($0.69 in chips) 
Seat 9: Tweedy620 ($1.94 in chips) 
jhonsoto83: posts small blind $0.01
maggiebrasil: posts big blind $0.02
*** HOLE CARDS ***
Dealt to Dorex2007 [Qh As]
Dorex2007: raises $0.08 to $0.10
Guico: folds 
Tweedy620: folds 
perffect16: folds 
denzzoull: folds 
denzzoull leaves the table
READTHENWEEP: folds 
jhonsoto83: calls $0.09
maggiebrasil: folds 
*** FLOP *** [Jd 5h 7h]
jhonsoto83: checks 
Dorex2007: bets $0.21
jhonsoto83: folds 
Uncalled bet ($0.21) returned to Dorex2007
Dorex2007 collected $0.21 from pot
*** SUMMARY ***
Total pot $0.22 | Rake $0.01 
Board [Jd 5h 7h]
Seat 2: perffect16 folded before Flop (didn't bet)
Seat 3: denzzoull folded before Flop (didn't bet)
Seat 4: READTHENWEEP (button) folded before Flop (didn't bet)
Seat 5: jhonsoto83 (small blind) folded on the Flop
Seat 6: maggiebrasil (big blind) folded before Flop
Seat 7: Dorex2007 collected ($0.21)
Seat 8: Guico folded before Flop (didn't bet)
Seat 9: Tweedy620 folded before Flop (didn't bet)



PokerStars Hand #237570841885:  Hold'em No Limit ($0.01/$0.02 USD) - 2022/07/24 21:23:04 PT [2022/07/25 0:23:04 ET]
Table 'Segin' 9-max Seat #5 is the button
Seat 2: perffect16 ($2.21 in chips) 
Seat 4: READTHENWEEP ($2.80 in chips) 
Seat 5: jhonsoto83 ($0.89 in chips) 
Seat 6: maggiebrasil ($1.94 in chips) 
Seat 7: Dorex2007 ($2.11 in chips) 
Seat 8: Guico ($0.69 in chips) 
Seat 9: Tweedy620 ($1.94 in chips) 
maggiebrasil: posts small blind $0.01
Dorex2007: posts big blind $0.02
*** HOLE CARDS ***
Dealt to Dorex2007 [6h Qh]
Guico: raises $0.02 to $0.04
Tweedy620: folds 
perffect16: folds 
READTHENWEEP: folds 
jhonsoto83: folds 
maggiebrasil: folds 
Dorex2007: folds 
Uncalled bet ($0.02) returned to Guico
Guico collected $0.05 from pot
*** SUMMARY ***
Total pot $0.05 | Rake $0 
Seat 2: perffect16 folded before Flop (didn't bet)
Seat 4: READTHENWEEP folded before Flop (didn't bet)
Seat 5: jhonsoto83 (button) folded before Flop (didn't bet)
Seat 6: maggiebrasil (small blind) folded before Flop
Seat 7: Dorex2007 (big blind) folded before Flop
Seat 8: Guico collected ($0.05)
Seat 9: Tweedy620 folded before Flop (didn't bet)



PokerStars Hand #237570844232:  Hold'em No Limit ($0.01/$0.02 USD) - 2022/07/24 21:23:23 PT [2022/07/25 0:23:23 ET]
Table 'Segin' 9-max Seat #6 is the button
Seat 2: perffect16 ($2.21 in chips) 
Seat 4: READTHENWEEP ($2.80 in chips) 
Seat 5: jhonsoto83 ($0.89 in chips) 
Seat 6: maggiebrasil ($1.93 in chips) 
Seat 7: Dorex2007 ($2.09 in chips) 
Seat 8: Guico ($0.72 in chips) 
Seat 9: Tweedy620 ($1.94 in chips) 
Dorex2007: posts small blind $0.01
Guico: posts big blind $0.02
*** HOLE CARDS ***
Dealt to Dorex2007 [9s 6d]
Tweedy620: folds 
perffect16: folds 
READTHENWEEP: raises $0.04 to $0.06
bepjho joins the table at seat #3 
jhonsoto83: raises $0.15 to $0.21
maggiebrasil: folds 
Dorex2007: folds 
Guico: folds 
READTHENWEEP: folds 
Uncalled bet ($0.15) returned to jhonsoto83
jhonsoto83 collected $0.15 from pot
*** SUMMARY ***
Total pot $0.15 | Rake $0 
Seat 2: perffect16 folded before Flop (didn't bet)
Seat 4: READTHENWEEP folded before Flop
Seat 5: jhonsoto83 collected ($0.15)
Seat 6: maggiebrasil (button) folded before Flop (didn't bet)
Seat 7: Dorex2007 (small blind) folded before Flop
Seat 8: Guico (big blind) folded before Flop
Seat 9: Tweedy620 folded before Flop (didn't bet)



PokerStars Hand #237570848100:  Hold'em No Limit ($0.01/$0.02 USD) - 2022/07/24 21:23:56 PT [2022/07/25 0:23:56 ET]
Table 'Segin' 9-max Seat #7 is the button
Seat 2: perffect16 ($2.21 in chips) 
Seat 4: READTHENWEEP ($2.74 in chips) 
Seat 5: jhonsoto83 ($0.98 in chips) 
Seat 6: maggiebrasil ($1.93 in chips) 
Seat 7: Dorex2007 ($2.08 in chips) 
Seat 8: Guico ($0.70 in chips) 
Guico: posts small blind $0.01
Tweedy620: is sitting out 
perffect16: posts big blind $0.02
bepjho: sits out 
*** HOLE CARDS ***
Dealt to Dorex2007 [4d Kc]
READTHENWEEP: folds 
jhonsoto83: folds 
maggiebrasil: folds 
Dorex2007: folds 
Guico: calls $0.01
perffect16: checks 
*** FLOP *** [Qs 4s 8h]
Guico: bets $0.02
perffect16: folds 
Uncalled bet ($0.02) returned to Guico
Guico collected $0.04 from pot
*** SUMMARY ***
Total pot $0.04 | Rake $0 
Board [Qs 4s 8h]
Seat 2: perffect16 (big blind) folded on the Flop
Seat 4: READTHENWEEP folded before Flop (didn't bet)
Seat 5: jhonsoto83 folded before Flop (didn't bet)
Seat 6: maggiebrasil folded before Flop (didn't bet)
Seat 7: Dorex2007 (button) folded before Flop (didn't bet)
Seat 8: Guico (small blind) collected ($0.04)



PokerStars Hand #237570852126:  Hold'em No Limit ($0.01/$0.02 USD) - 2022/07/24 21:24:29 PT [2022/07/25 0:24:29 ET]
Table 'Segin' 9-max Seat #8 is the button
Seat 2: perffect16 ($2.19 in chips) 
Seat 3: bepjho ($2 in chips) 
Seat 4: READTHENWEEP ($2.74 in chips) 
Seat 5: jhonsoto83 ($0.98 in chips) 
Seat 6: maggiebrasil ($1.93 in chips) 
Seat 7: Dorex2007 ($2.08 in chips) 
Seat 8: Guico ($0.72 in chips) 
perffect16: posts small blind $0.01
bepjho: posts big blind $0.02
*** HOLE CARDS ***
Dealt to Dorex2007 [9c Kd]
READTHENWEEP: folds 
jhonsoto83 has timed out
jhonsoto83: folds 
maggiebrasil: folds 
Dorex2007: folds 
Guico: raises $0.02 to $0.04
perffect16: folds 
bepjho: folds 
Uncalled bet ($0.02) returned to Guico
Guico collected $0.05 from pot
*** SUMMARY ***
Total pot $0.05 | Rake $0 
Seat 2: perffect16 (small blind) folded before Flop
Seat 3: bepjho (big blind) folded before Flop
Seat 4: READTHENWEEP folded before Flop (didn't bet)
Seat 5: jhonsoto83 folded before Flop (didn't bet)
Seat 6: maggiebrasil folded before Flop (didn't bet)
Seat 7: Dorex2007 folded before Flop (didn't bet)
Seat 8: Guico (button) collected ($0.05)



PokerStars Hand #237570855737:  Hold'em No Limit ($0.01/$0.02 USD) - 2022/07/24 21:24:59 PT [2022/07/25 0:24:59 ET]
Table 'Segin' 9-max Seat #2 is the button
Seat 2: perffect16 ($2.18 in chips) 
Seat 3: bepjho ($1.98 in chips) 
Seat 4: READTHENWEEP ($2.74 in chips) 
Seat 5: jhonsoto83 ($0.98 in chips) 
Seat 6: maggiebrasil ($1.93 in chips) 
Seat 7: Dorex2007 ($2.08 in chips) 
Seat 8: Guico ($0.75 in chips) 
bepjho: posts small blind $0.01
READTHENWEEP: posts big blind $0.02
*** HOLE CARDS ***
Dealt to Dorex2007 [2c Js]
jhonsoto83: folds 
maggiebrasil: folds 
Dorex2007: folds 
Guico: calls $0.02
perffect16: folds 
bepjho: folds 
READTHENWEEP: checks 
*** FLOP *** [Ts 9c 8c]
READTHENWEEP: bets $0.04
Guico: folds 
Uncalled bet ($0.04) returned to READTHENWEEP
READTHENWEEP collected $0.05 from pot
*** SUMMARY ***
Total pot $0.05 | Rake $0 
Board [Ts 9c 8c]
Seat 2: perffect16 (button) folded before Flop (didn't bet)
Seat 3: bepjho (small blind) folded before Flop
Seat 4: READTHENWEEP (big blind) collected ($0.05)
Seat 5: jhonsoto83 folded before Flop (didn't bet)
Seat 6: maggiebrasil folded before Flop (didn't bet)
Seat 7: Dorex2007 folded before Flop (didn't bet)
Seat 8: Guico folded on the Flop



PokerStars Hand #237570859949:  Hold'em No Limit ($0.01/$0.02 USD) - 2022/07/24 21:25:35 PT [2022/07/25 0:25:35 ET]
Table 'Segin' 9-max Seat #3 is the button
Seat 2: perffect16 ($2.18 in chips) 
Seat 3: bepjho ($1.97 in chips) 
Seat 4: READTHENWEEP ($2.77 in chips) 
Seat 5: jhonsoto83 ($0.98 in chips) 
Seat 6: maggiebrasil ($1.93 in chips) 
Seat 7: Dorex2007 ($2.08 in chips) 
Seat 8: Guico ($0.73 in chips) 
READTHENWEEP: posts small blind $0.01
jhonsoto83: posts big blind $0.02
*** HOLE CARDS ***
Dealt to Dorex2007 [Kh Ad]
maggiebrasil: folds 
Dorex2007: raises $0.04 to $0.06
Guico: calls $0.06
perffect16: folds 
bepjho: calls $0.06
READTHENWEEP: folds 
jhonsoto83: calls $0.04
*** FLOP *** [9d 2d 5c]
jhonsoto83: checks 
Dorex2007: checks 
Guico: checks 
bepjho: checks 
*** TURN *** [9d 2d 5c] [Qd]
jhonsoto83: checks 
Dorex2007: bets $0.16
Guico: calls $0.16
bepjho: folds 
jhonsoto83: folds 
*** RIVER *** [9d 2d 5c Qd] [Jh]
Dorex2007: bets $0.27
Guico: folds 
Uncalled bet ($0.27) returned to Dorex2007
Dorex2007 collected $0.55 from pot
*** SUMMARY ***
Total pot $0.57 | Rake $0.02 
Board [9d 2d 5c Qd Jh]
Seat 2: perffect16 folded before Flop (didn't bet)
Seat 3: bepjho (button) folded on the Turn
Seat 4: READTHENWEEP (small blind) folded before Flop
Seat 5: jhonsoto83 (big blind) folded on the Turn
Seat 6: maggiebrasil folded before Flop (didn't bet)
Seat 7: Dorex2007 collected ($0.55)
Seat 8: Guico folded on the River



PokerStars Hand #237570867405:  Hold'em No Limit ($0.01/$0.02 USD) - 2022/07/24 21:26:37 PT [2022/07/25 0:26:37 ET]
Table 'Segin' 9-max Seat #4 is the button
Seat 2: perffect16 ($2.18 in chips) 
Seat 3: bepjho ($1.91 in chips) 
Seat 4: READTHENWEEP ($2.76 in chips) 
Seat 5: jhonsoto83 ($0.92 in chips) 
Seat 6: maggiebrasil ($1.93 in chips) 
Seat 7: Dorex2007 ($2.41 in chips) 
Seat 8: Guico ($0.51 in chips) 
jhonsoto83: posts small blind $0.01
maggiebrasil: posts big blind $0.02
*** HOLE CARDS ***
Dealt to Dorex2007 [7c Ad]
Dorex2007: folds 
Guico: folds 
perffect16: calls $0.02
bepjho: folds 
READTHENWEEP: calls $0.02
jhonsoto83: folds 
maggiebrasil: checks 
*** FLOP *** [3d 5h 6h]
maggiebrasil: bets $0.02
perffect16: raises $0.02 to $0.04
READTHENWEEP: folds 
maggiebrasil: calls $0.02
*** TURN *** [3d 5h 6h] [Js]
maggiebrasil: checks 
perffect16: bets $0.07
maggiebrasil: folds 
Uncalled bet ($0.07) returned to perffect16
perffect16 collected $0.14 from pot
*** SUMMARY ***
Total pot $0.15 | Rake $0.01 
Board [3d 5h 6h Js]
Seat 2: perffect16 collected ($0.14)
Seat 3: bepjho folded before Flop (didn't bet)
Seat 4: READTHENWEEP (button) folded on the Flop
Seat 5: jhonsoto83 (small blind) folded before Flop
Seat 6: maggiebrasil (big blind) folded on the Turn
Seat 7: Dorex2007 folded before Flop (didn't bet)
Seat 8: Guico folded before Flop (didn't bet)



PokerStars Hand #237570873590:  Hold'em No Limit ($0.01/$0.02 USD) - 2022/07/24 21:27:30 PT [2022/07/25 0:27:30 ET]
Table 'Segin' 9-max Seat #5 is the button
Seat 2: perffect16 ($2.26 in chips) 
Seat 3: bepjho ($1.91 in chips) 
Seat 4: READTHENWEEP ($2.74 in chips) 
Seat 5: jhonsoto83 ($0.91 in chips) 
Seat 6: maggiebrasil ($1.87 in chips) 
Seat 7: Dorex2007 ($2.41 in chips) 
Seat 8: Guico ($0.51 in chips) 
maggiebrasil: posts small blind $0.01
Dorex2007: posts big blind $0.02
*** HOLE CARDS ***
Dealt to Dorex2007 [Ac Tc]
Guico: raises $0.04 to $0.06
perffect16: folds 
bepjho: folds 
READTHENWEEP: folds 
jhonsoto83: calls $0.06
maggiebrasil: folds 
Dorex2007: calls $0.04
*** FLOP *** [7s Jc 9h]
Dorex2007: checks 
Guico: bets $0.45 and is all-in
jhonsoto83: calls $0.45
Dorex2007: folds 
*** TURN *** [7s Jc 9h] [6d]
*** RIVER *** [7s Jc 9h 6d] [5d]
*** SHOW DOWN ***
Guico: shows [7h Kh] (a pair of Sevens)
jhonsoto83: shows [Ks Js] (a pair of Jacks)
jhonsoto83 collected $1.05 from pot
Guico cashed out the hand for $0.16
*** SUMMARY ***
Total pot $1.09 | Rake $0.04 
Board [7s Jc 9h 6d 5d]
Seat 2: perffect16 folded before Flop (didn't bet)
Seat 3: bepjho folded before Flop (didn't bet)
Seat 4: READTHENWEEP folded before Flop (didn't bet)
Seat 5: jhonsoto83 (button) showed [Ks Js] and won ($1.05) with a pair of Jacks
Seat 6: maggiebrasil (small blind) folded before Flop
Seat 7: Dorex2007 (big blind) folded on the Flop
Seat 8: Guico showed [7h Kh] and lost with a pair of Sevens (cashed out).



PokerStars Hand #237570878783:  Hold'em No Limit ($0.01/$0.02 USD) - 2022/07/24 21:28:14 PT [2022/07/25 0:28:14 ET]
Table 'Segin' 9-max Seat #6 is the button
Seat 2: perffect16 ($2.26 in chips) 
Seat 3: bepjho ($1.91 in chips) 
Seat 4: READTHENWEEP ($2.74 in chips) 
Seat 5: jhonsoto83 ($1.45 in chips) 
Seat 6: maggiebrasil ($1.86 in chips) 
Seat 7: Dorex2007 ($2.35 in chips) 
Seat 8: Guico ($0.16 in chips) 
Dorex2007: posts small blind $0.01
Guico: posts big blind $0.02
*** HOLE CARDS ***
Dealt to Dorex2007 [5c 6h]
perffect16: folds 
bepjho: folds 
READTHENWEEP: folds 
jhonsoto83: folds 
maggiebrasil: raises $0.02 to $0.04
Dorex2007: folds 
Guico: raises $0.12 to $0.16 and is all-in
maggiebrasil: calls $0.12
*** FLOP *** [4d 9s 9h]
*** TURN *** [4d 9s 9h] [Tc]
*** RIVER *** [4d 9s 9h Tc] [9c]
*** SHOW DOWN ***
Guico: shows [3d Kc] (three of a kind, Nines)
maggiebrasil: shows [Ac 9d] (four of a kind, Nines)
maggiebrasil collected $0.32 from pot
*** SUMMARY ***
Total pot $0.33 | Rake $0.01 
Board [4d 9s 9h Tc 9c]
Seat 2: perffect16 folded before Flop (didn't bet)
Seat 3: bepjho folded before Flop (didn't bet)
Seat 4: READTHENWEEP folded before Flop (didn't bet)
Seat 5: jhonsoto83 folded before Flop (didn't bet)
Seat 6: maggiebrasil (button) showed [Ac 9d] and won ($0.32) with four of a kind, Nines
Seat 7: Dorex2007 (small blind) folded before Flop
Seat 8: Guico (big blind) showed [3d Kc] and lost with three of a kind, Nines



PokerStars Hand #237570884470:  Hold'em No Limit ($0.01/$0.02 USD) - 2022/07/24 21:28:57 PT [2022/07/25 0:28:57 ET]
Table 'Segin' 9-max Seat #7 is the button
Seat 2: perffect16 ($2.26 in chips) 
Seat 3: bepjho ($1.91 in chips) 
Seat 4: READTHENWEEP ($2.74 in chips) 
Seat 5: jhonsoto83 ($1.45 in chips) 
Seat 6: maggiebrasil ($2.02 in chips) 
Seat 7: Dorex2007 ($2.34 in chips) 
perffect16: posts small blind $0.01
bepjho: posts big blind $0.02
*** HOLE CARDS ***
Dealt to Dorex2007 [7d 9c]
Guico leaves the table
READTHENWEEP: folds 
jhonsoto83: folds 
maggiebrasil: folds 
Dorex2007: folds 
perffect16: calls $0.01
bepjho: raises $0.04 to $0.06
perffect16: folds 
Uncalled bet ($0.04) returned to bepjho
bepjho collected $0.04 from pot
*** SUMMARY ***
Total pot $0.04 | Rake $0 
Seat 2: perffect16 (small blind) folded before Flop
Seat 3: bepjho (big blind) collected ($0.04)
Seat 4: READTHENWEEP folded before Flop (didn't bet)
Seat 5: jhonsoto83 folded before Flop (didn't bet)
Seat 6: maggiebrasil folded before Flop (didn't bet)
Seat 7: Dorex2007 (button) folded before Flop (didn't bet)



PokerStars Hand #237570887450:  Hold'em No Limit ($0.01/$0.02 USD) - 2022/07/24 21:29:22 PT [2022/07/25 0:29:22 ET]
Table 'Segin' 9-max Seat #2 is the button
Seat 2: perffect16 ($2.24 in chips) 
Seat 3: bepjho ($1.93 in chips) 
Seat 4: READTHENWEEP ($2.74 in chips) 
Seat 5: jhonsoto83 ($1.45 in chips) 
Seat 6: maggiebrasil ($2.02 in chips) 
Seat 7: Dorex2007 ($2.34 in chips) 
bepjho: posts small blind $0.01
READTHENWEEP: posts big blind $0.02
*** HOLE CARDS ***
Dealt to Dorex2007 [Td Kh]
jhonsoto83: folds 
drive107 joins the table at seat #8 
maggiebrasil: folds 
Dorex2007: folds 
perffect16: calls $0.02
bepjho: folds 
READTHENWEEP: checks 
*** FLOP *** [3h Qh 7s]
READTHENWEEP: checks 
perffect16: checks 
*** TURN *** [3h Qh 7s] [Ad]
READTHENWEEP: checks 
perffect16: checks 
*** RIVER *** [3h Qh 7s Ad] [8s]
READTHENWEEP: checks 
perffect16: checks 
*** SHOW DOWN ***
READTHENWEEP: shows [4s 2d] (high card Ace)
perffect16: shows [4c 7c] (a pair of Sevens)
perffect16 collected $0.05 from pot
*** SUMMARY ***
Total pot $0.05 | Rake $0 
Board [3h Qh 7s Ad 8s]
Seat 2: perffect16 (button) showed [4c 7c] and won ($0.05) with a pair of Sevens
Seat 3: bepjho (small blind) folded before Flop
Seat 4: READTHENWEEP (big blind) showed [4s 2d] and lost with high card Ace
Seat 5: jhonsoto83 folded before Flop (didn't bet)
Seat 6: maggiebrasil folded before Flop (didn't bet)
Seat 7: Dorex2007 folded before Flop (didn't bet)



PokerStars Hand #237570894777:  Hold'em No Limit ($0.01/$0.02 USD) - 2022/07/24 21:30:26 PT [2022/07/25 0:30:26 ET]
Table 'Segin' 9-max Seat #3 is the button
Seat 2: perffect16 ($2.27 in chips) 
Seat 3: bepjho ($1.92 in chips) 
Seat 4: READTHENWEEP ($2.72 in chips) 
Seat 5: jhonsoto83 ($1.45 in chips) 
Seat 6: maggiebrasil ($2.02 in chips) 
Seat 7: Dorex2007 ($2.34 in chips) 
READTHENWEEP: posts small blind $0.01
jhonsoto83: posts big blind $0.02
drive107: sits out 
*** HOLE CARDS ***
Dealt to Dorex2007 [9h Qs]
maggiebrasil: folds 
Dorex2007: folds 
perffect16: folds 
bepjho: folds 
READTHENWEEP: calls $0.01
jhonsoto83: checks 
*** FLOP *** [Kd As Kh]
READTHENWEEP: checks 
jhonsoto83: checks 
*** TURN *** [Kd As Kh] [4c]
READTHENWEEP: checks 
jhonsoto83: checks 
*** RIVER *** [Kd As Kh 4c] [Td]
READTHENWEEP: checks 
jhonsoto83: checks 
*** SHOW DOWN ***
READTHENWEEP: shows [5s 9d] (a pair of Kings)
jhonsoto83: mucks hand 
READTHENWEEP collected $0.04 from pot
*** SUMMARY ***
Total pot $0.04 | Rake $0 
Board [Kd As Kh 4c Td]
Seat 2: perffect16 folded before Flop (didn't bet)
Seat 3: bepjho (button) folded before Flop (didn't bet)
Seat 4: READTHENWEEP (small blind) showed [5s 9d] and won ($0.04) with a pair of Kings
Seat 5: jhonsoto83 (big blind) mucked [2s 7s]
Seat 6: maggiebrasil folded before Flop (didn't bet)
Seat 7: Dorex2007 folded before Flop (didn't bet)



PokerStars Hand #237570900687:  Hold'em No Limit ($0.01/$0.02 USD) - 2022/07/24 21:31:17 PT [2022/07/25 0:31:17 ET]
Table 'Segin' 9-max Seat #4 is the button
Seat 2: perffect16 ($2.27 in chips) 
Seat 3: bepjho ($1.92 in chips) 
Seat 4: READTHENWEEP ($2.74 in chips) 
Seat 5: jhonsoto83 ($1.43 in chips) 
Seat 6: maggiebrasil ($2.02 in chips) 
Seat 7: Dorex2007 ($2.34 in chips) 
jhonsoto83: posts small blind $0.01
maggiebrasil: posts big blind $0.02
drive107: sits out 
*** HOLE CARDS ***
Dealt to Dorex2007 [4s 2s]
Dorex2007: folds 
perffect16: folds 
bepjho: folds 
READTHENWEEP: calls $0.02
jhonsoto83: folds 
maggiebrasil: checks 
*** FLOP *** [Qh As 3d]
maggiebrasil: checks 
READTHENWEEP: bets $0.02
maggiebrasil: calls $0.02
*** TURN *** [Qh As 3d] [4h]
maggiebrasil: checks 
READTHENWEEP: bets $0.04
maggiebrasil: calls $0.04
*** RIVER *** [Qh As 3d 4h] [2d]
maggiebrasil: checks 
READTHENWEEP is disconnected 
READTHENWEEP has timed out while disconnected
READTHENWEEP: checks 
*** SHOW DOWN ***
maggiebrasil: shows [7c Qs] (a pair of Queens)
READTHENWEEP: shows [Ks Kc] (a pair of Kings)
READTHENWEEP collected $0.16 from pot
*** SUMMARY ***
Total pot $0.17 | Rake $0.01 
Board [Qh As 3d 4h 2d]
Seat 2: perffect16 folded before Flop (didn't bet)
Seat 3: bepjho folded before Flop (didn't bet)
Seat 4: READTHENWEEP (button) showed [Ks Kc] and won ($0.16) with a pair of Kings
Seat 5: jhonsoto83 (small blind) folded before Flop
Seat 6: maggiebrasil (big blind) showed [7c Qs] and lost with a pair of Queens
Seat 7: Dorex2007 folded before Flop (didn't bet)



PokerStars Hand #237570928995:  Hold'em No Limit ($0.01/$0.02 USD) - 2022/07/24 21:33:41 PT [2022/07/25 0:33:41 ET]
Table 'Segin' 9-max Seat #5 is the button
Seat 2: perffect16 ($2.27 in chips) 
Seat 3: bepjho ($1.92 in chips) 
Seat 4: READTHENWEEP ($2.82 in chips) 
Seat 5: jhonsoto83 ($1.42 in chips) 
Seat 6: maggiebrasil ($1.94 in chips) 
Seat 7: Dorex2007 ($2.34 in chips) 
maggiebrasil: posts small blind $0.01
Dorex2007: posts big blind $0.02
drive107: sits out 
Tweedy620: sits out 
*** HOLE CARDS ***
Dealt to Dorex2007 [9c 4s]
perffect16: folds 
bepjho: folds 
READTHENWEEP has timed out while disconnected
READTHENWEEP: folds 
jhonsoto83: folds 
maggiebrasil: folds 
Uncalled bet ($0.01) returned to Dorex2007
Dorex2007 collected $0.02 from pot
*** SUMMARY ***
Total pot $0.02 | Rake $0 
Seat 2: perffect16 folded before Flop (didn't bet)
Seat 3: bepjho folded before Flop (didn't bet)
Seat 4: READTHENWEEP folded before Flop (didn't bet)
Seat 5: jhonsoto83 (button) folded before Flop (didn't bet)
Seat 6: maggiebrasil (small blind) folded before Flop
Seat 7: Dorex2007 (big blind) collected ($0.02)



PokerStars Hand #237570932233:  Hold'em No Limit ($0.01/$0.02 USD) - 2022/07/24 21:34:10 PT [2022/07/25 0:34:10 ET]
Table 'Segin' 9-max Seat #6 is the button
Seat 2: perffect16 ($2.27 in chips) 
Seat 3: bepjho ($1.92 in chips) 
Seat 5: jhonsoto83 ($1.42 in chips) 
Seat 6: maggiebrasil ($1.93 in chips) 
Seat 7: Dorex2007 ($2.35 in chips) 
Seat 8: drive107 ($2 in chips) 
Dorex2007: posts small blind $0.01
drive107: posts big blind $0.02
Tweedy620: sits out 
*** HOLE CARDS ***
Dealt to Dorex2007 [8d Ac]
perffect16: folds 
bepjho: raises $0.04 to $0.06
jhonsoto83 has timed out
jhonsoto83: folds 
maggiebrasil: calls $0.06
Dorex2007: folds 
drive107: folds 
*** FLOP *** [Jc 2s 8c]
bepjho: checks 
maggiebrasil: bets $0.04
bepjho: folds 
Uncalled bet ($0.04) returned to maggiebrasil
maggiebrasil collected $0.14 from pot
*** SUMMARY ***
Total pot $0.15 | Rake $0.01 
Board [Jc 2s 8c]
Seat 2: perffect16 folded before Flop (didn't bet)
Seat 3: bepjho folded on the Flop
Seat 5: jhonsoto83 folded before Flop (didn't bet)
Seat 6: maggiebrasil (button) collected ($0.14)
Seat 7: Dorex2007 (small blind) folded before Flop
Seat 8: drive107 (big blind) folded before Flop



PokerStars Hand #237570940646:  Hold'em No Limit ($0.01/$0.02 USD) - 2022/07/24 21:35:23 PT [2022/07/25 0:35:23 ET]
Table 'Segin' 9-max Seat #7 is the button
Seat 2: perffect16 ($2.27 in chips) 
Seat 3: bepjho ($1.86 in chips) 
Seat 5: jhonsoto83 ($1.42 in chips) 
Seat 6: maggiebrasil ($2.01 in chips) 
Seat 7: Dorex2007 ($2.34 in chips) 
Seat 8: drive107 ($1.98 in chips) 
Seat 9: Tweedy620 ($1.94 in chips) 
drive107: posts small blind $0.01
Tweedy620: posts big blind $0.02
*** HOLE CARDS ***
Dealt to Dorex2007 [6s 9s]
perffect16: folds 
bepjho: folds 
jhonsoto83: folds 
maggiebrasil: folds 
Dorex2007: folds 
drive107: folds 
Uncalled bet ($0.01) returned to Tweedy620
Tweedy620 collected $0.02 from pot
*** SUMMARY ***
Total pot $0.02 | Rake $0 
Seat 2: perffect16 folded before Flop (didn't bet)
Seat 3: bepjho folded before Flop (didn't bet)
Seat 5: jhonsoto83 folded before Flop (didn't bet)
Seat 6: maggiebrasil folded before Flop (didn't bet)
Seat 7: Dorex2007 (button) folded before Flop (didn't bet)
Seat 8: drive107 (small blind) folded before Flop
Seat 9: Tweedy620 (big blind) collected ($0.02)



PokerStars Hand #237570942286:  Hold'em No Limit ($0.01/$0.02 USD) - 2022/07/24 21:35:38 PT [2022/07/25 0:35:38 ET]
Table 'Segin' 9-max Seat #8 is the button
Seat 2: perffect16 ($2.27 in chips) 
Seat 3: bepjho ($1.86 in chips) 
Seat 5: jhonsoto83 ($1.42 in chips) 
Seat 6: maggiebrasil ($2.01 in chips) 
Seat 7: Dorex2007 ($2.34 in chips) 
Seat 8: drive107 ($1.97 in chips) 
Seat 9: Tweedy620 ($1.95 in chips) 
Tweedy620: posts small blind $0.01
perffect16: posts big blind $0.02
*** HOLE CARDS ***
Dealt to Dorex2007 [As Kh]
bepjho: raises $0.04 to $0.06
jhonsoto83: calls $0.06
maggiebrasil: folds 
Dorex2007: raises $0.12 to $0.18
drive107: folds 
Tweedy620: folds 
perffect16: folds 
bepjho: folds 
jhonsoto83: calls $0.12
*** FLOP *** [8h 9h 5d]
jhonsoto83: checks 
Dorex2007: bets $0.21
jhonsoto83: folds 
Uncalled bet ($0.21) returned to Dorex2007
Dorex2007 collected $0.43 from pot
Player2969 leaves the table
*** SUMMARY ***
Total pot $0.45 | Rake $0.02 
Board [8h 9h 5d]
Seat 2: perffect16 (big blind) folded before Flop
Seat 3: bepjho folded before Flop
Seat 5: jhonsoto83 folded on the Flop
Seat 6: maggiebrasil folded before Flop (didn't bet)
Seat 7: Dorex2007 collected ($0.43)
Seat 8: drive107 (button) folded before Flop (didn't bet)
Seat 9: Tweedy620 (small blind) folded before Flop



PokerStars Hand #237570947123:  Hold'em No Limit ($0.01/$0.02 USD) - 2022/07/24 21:36:19 PT [2022/07/25 0:36:19 ET]
Table 'Segin' 9-max Seat #9 is the button
Seat 2: perffect16 ($2.25 in chips) 
Seat 3: bepjho ($1.80 in chips) 
Seat 5: jhonsoto83 ($1.24 in chips) 
Seat 6: maggiebrasil ($2.01 in chips) 
Seat 7: Dorex2007 ($2.59 in chips) 
Seat 8: drive107 ($1.97 in chips) 
Seat 9: Tweedy620 ($1.94 in chips) 
perffect16: posts small blind $0.01
bepjho: posts big blind $0.02
*** HOLE CARDS ***
Dealt to Dorex2007 [Ah Qc]
SwiftieCat joins the table at seat #1 
jhonsoto83: raises $0.02 to $0.04
maggiebrasil: folds 
Dorex2007: raises $0.06 to $0.10
drive107: folds 
Tweedy620: folds 
perffect16: folds 
bepjho: folds 
jhonsoto83: calls $0.06
*** FLOP *** [Ad 6d 4c]
jhonsoto83: checks 
Dorex2007: bets $0.15
jhonsoto83: folds 
Uncalled bet ($0.15) returned to Dorex2007
Dorex2007 collected $0.22 from pot
*** SUMMARY ***
Total pot $0.23 | Rake $0.01 
Board [Ad 6d 4c]
Seat 2: perffect16 (small blind) folded before Flop
Seat 3: bepjho (big blind) folded before Flop
Seat 5: jhonsoto83 folded on the Flop
Seat 6: maggiebrasil folded before Flop (didn't bet)
Seat 7: Dorex2007 collected ($0.22)
Seat 8: drive107 folded before Flop (didn't bet)
Seat 9: Tweedy620 (button) folded before Flop (didn't bet)



PokerStars Hand #237570951186:  Hold'em No Limit ($0.01/$0.02 USD) - 2022/07/24 21:36:55 PT [2022/07/25 0:36:55 ET]
Table 'Segin' 9-max Seat #2 is the button
Seat 1: SwiftieCat ($0.90 in chips) 
Seat 2: perffect16 ($2.24 in chips) 
Seat 3: bepjho ($1.78 in chips) 
Seat 5: jhonsoto83 ($1.14 in chips) 
Seat 6: maggiebrasil ($2.01 in chips) 
Seat 7: Dorex2007 ($2.71 in chips) 
Seat 8: drive107 ($1.97 in chips) 
Seat 9: Tweedy620 ($1.94 in chips) 
bepjho: posts small blind $0.01
jhonsoto83: posts big blind $0.02
SwiftieCat: posts big blind $0.02
*** HOLE CARDS ***
Dealt to Dorex2007 [9d Js]
maggiebrasil: raises $0.14 to $0.16
Dorex2007: folds 
drive107: folds 
Tweedy620: folds 
SwiftieCat: folds 
perffect16: calls $0.16
bepjho: folds 
jhonsoto83: folds 
*** FLOP *** [8h 4s Qh]
maggiebrasil: bets $0.18
perffect16: calls $0.18
*** TURN *** [8h 4s Qh] [6c]
maggiebrasil: checks 
perffect16: checks 
*** RIVER *** [8h 4s Qh 6c] [8d]
maggiebrasil: checks 
perffect16: bets $0.70
maggiebrasil: folds 
Uncalled bet ($0.70) returned to perffect16
perffect16 collected $0.70 from pot
*** SUMMARY ***
Total pot $0.73 | Rake $0.03 
Board [8h 4s Qh 6c 8d]
Seat 1: SwiftieCat folded before Flop (didn't bet)
Seat 2: perffect16 (button) collected ($0.70)
Seat 3: bepjho (small blind) folded before Flop
Seat 5: jhonsoto83 (big blind) folded before Flop
Seat 6: maggiebrasil folded on the River
Seat 7: Dorex2007 folded before Flop (didn't bet)
Seat 8: drive107 folded before Flop (didn't bet)
Seat 9: Tweedy620 folded before Flop (didn't bet)



PokerStars Hand #237570959872:  Hold'em No Limit ($0.01/$0.02 USD) - 2022/07/24 21:38:10 PT [2022/07/25 0:38:10 ET]
Table 'Segin' 9-max Seat #3 is the button
Seat 1: SwiftieCat ($0.88 in chips) 
Seat 2: perffect16 ($2.60 in chips) 
Seat 3: bepjho ($1.77 in chips) 
Seat 5: jhonsoto83 ($1.12 in chips) 
Seat 7: Dorex2007 ($2.71 in chips) 
Seat 8: drive107 ($1.97 in chips) 
Seat 9: Tweedy620 ($1.94 in chips) 
jhonsoto83: posts small blind $0.01
maggiebrasil: is sitting out 
Dorex2007: posts big blind $0.02
*** HOLE CARDS ***
Dealt to Dorex2007 [2h Td]
drive107: folds 
Tweedy620: calls $0.02
SwiftieCat: calls $0.02
maggiebrasil leaves the table
perffect16: calls $0.02
bepjho: folds 
jhonsoto83: folds 
Dorex2007: checks 
*** FLOP *** [3s 5s 7c]
Boechat97 joins the table at seat #6 
Dorex2007: checks 
Tweedy620: checks 
SwiftieCat: checks 
perffect16 has timed out
perffect16: checks 
*** TURN *** [3s 5s 7c] [Qh]
Dorex2007: checks 
Tweedy620: checks 
SwiftieCat: checks 
perffect16 has timed out
perffect16: checks 
*** RIVER *** [3s 5s 7c Qh] [9d]
Dorex2007: checks 
Tweedy620: checks 
SwiftieCat: checks 
perffect16 has timed out
perffect16: checks 
*** SHOW DOWN ***
Dorex2007: shows [2h Td] (high card Queen)
Tweedy620: shows [Kd Jh] (high card King)
SwiftieCat: mucks hand 
perffect16: shows [Ts Qc] (a pair of Queens)
perffect16 collected $0.09 from pot
*** SUMMARY ***
Total pot $0.09 | Rake $0 
Board [3s 5s 7c Qh 9d]
Seat 1: SwiftieCat mucked [2d Kh]
Seat 2: perffect16 showed [Ts Qc] and won ($0.09) with a pair of Queens
Seat 3: bepjho (button) folded before Flop (didn't bet)
Seat 5: jhonsoto83 (small blind) folded before Flop
Seat 7: Dorex2007 (big blind) showed [2h Td] and lost with high card Queen
Seat 8: drive107 folded before Flop (didn't bet)
Seat 9: Tweedy620 showed [Kd Jh] and lost with high card King



PokerStars Hand #237570976918:  Hold'em No Limit ($0.01/$0.02 USD) - 2022/07/24 21:40:39 PT [2022/07/25 0:40:39 ET]
Table 'Segin' 9-max Seat #5 is the button
Seat 1: SwiftieCat ($0.86 in chips) 
Seat 3: bepjho ($1.77 in chips) 
Seat 5: jhonsoto83 ($1.11 in chips) 
Seat 7: Dorex2007 ($2.69 in chips) 
Seat 8: drive107 ($1.97 in chips) 
Seat 9: Tweedy620 ($1.92 in chips) 
Dorex2007: posts small blind $0.01
drive107: posts big blind $0.02
*** HOLE CARDS ***
Dealt to Dorex2007 [Td 8c]
Tweedy620: folds 
SwiftieCat: folds 
bepjho: folds 
jhonsoto83: folds 
Dorex2007: folds 
Uncalled bet ($0.01) returned to drive107
drive107 collected $0.02 from pot
*** SUMMARY ***
Total pot $0.02 | Rake $0 
Seat 1: SwiftieCat folded before Flop (didn't bet)
Seat 3: bepjho folded before Flop (didn't bet)
Seat 5: jhonsoto83 (button) folded before Flop (didn't bet)
Seat 7: Dorex2007 (small blind) folded before Flop
Seat 8: drive107 (big blind) collected ($0.02)
Seat 9: Tweedy620 folded before Flop (didn't bet)



PokerStars Hand #237570978387:  Hold'em No Limit ($0.01/$0.02 USD) - 2022/07/24 21:40:52 PT [2022/07/25 0:40:52 ET]
Table 'Segin' 9-max Seat #7 is the button
Seat 1: SwiftieCat ($0.86 in chips) 
Seat 3: bepjho ($1.77 in chips) 
Seat 5: jhonsoto83 ($1.11 in chips) 
Seat 6: Boechat97 ($0.80 in chips) 
Seat 7: Dorex2007 ($2.68 in chips) 
Seat 8: drive107 ($1.98 in chips) 
Seat 9: Tweedy620 ($1.92 in chips) 
drive107: posts small blind $0.01
Tweedy620: posts big blind $0.02
Boechat97: posts big blind $0.02
*** HOLE CARDS ***
Dealt to Dorex2007 [7c 5d]
SwiftieCat: raises $0.04 to $0.06
bepjho: folds 
jhonsoto83: folds 
Boechat97: folds 
Dorex2007: folds 
drive107: folds 
Tweedy620: folds 
Uncalled bet ($0.04) returned to SwiftieCat
SwiftieCat collected $0.07 from pot
*** SUMMARY ***
Total pot $0.07 | Rake $0 
Seat 1: SwiftieCat collected ($0.07)
Seat 3: bepjho folded before Flop (didn't bet)
Seat 5: jhonsoto83 folded before Flop (didn't bet)
Seat 6: Boechat97 folded before Flop (didn't bet)
Seat 7: Dorex2007 (button) folded before Flop (didn't bet)
Seat 8: drive107 (small blind) folded before Flop
Seat 9: Tweedy620 (big blind) folded before Flop



PokerStars Hand #237570980581:  Hold'em No Limit ($0.01/$0.02 USD) - 2022/07/24 21:41:11 PT [2022/07/25 0:41:11 ET]
Table 'Segin' 9-max Seat #8 is the button
Seat 1: SwiftieCat ($0.91 in chips) 
Seat 3: bepjho ($1.77 in chips) 
Seat 5: jhonsoto83 ($1.11 in chips) 
Seat 6: Boechat97 ($0.78 in chips) 
Seat 7: Dorex2007 ($2.68 in chips) 
Seat 8: drive107 ($1.97 in chips) 
Seat 9: Tweedy620 ($1.90 in chips) 
Tweedy620: posts small blind $0.01
SwiftieCat: posts big blind $0.02
*** HOLE CARDS ***
Dealt to Dorex2007 [5d Js]
bepjho: folds 
jhonsoto83: folds 
Boechat97: folds 
Dorex2007: folds 
drive107: folds 
Tweedy620: folds 
Uncalled bet ($0.01) returned to SwiftieCat
SwiftieCat collected $0.02 from pot
*** SUMMARY ***
Total pot $0.02 | Rake $0 
Seat 1: SwiftieCat (big blind) collected ($0.02)
Seat 3: bepjho folded before Flop (didn't bet)
Seat 5: jhonsoto83 folded before Flop (didn't bet)
Seat 6: Boechat97 folded before Flop (didn't bet)
Seat 7: Dorex2007 folded before Flop (didn't bet)
Seat 8: drive107 (button) folded before Flop (didn't bet)
Seat 9: Tweedy620 (small blind) folded before Flop



PokerStars Hand #237570981964:  Hold'em No Limit ($0.01/$0.02 USD) - 2022/07/24 21:41:23 PT [2022/07/25 0:41:23 ET]
Table 'Segin' 9-max Seat #9 is the button
Seat 1: SwiftieCat ($0.92 in chips) 
Seat 3: bepjho ($1.77 in chips) 
Seat 5: jhonsoto83 ($1.11 in chips) 
Seat 6: Boechat97 ($0.78 in chips) 
Seat 7: Dorex2007 ($2.68 in chips) 
Seat 8: drive107 ($1.97 in chips) 
Seat 9: Tweedy620 ($1.89 in chips) 
SwiftieCat: posts small blind $0.01
bepjho: posts big blind $0.02
*** HOLE CARDS ***
Dealt to Dorex2007 [3c Jc]
jhonsoto83: raises $0.04 to $0.06
Boechat97 has timed out
Boechat97: folds 
Dorex2007: folds 
drive107: folds 
Tweedy620: folds 
SwiftieCat: folds 
bepjho: calls $0.04
*** FLOP *** [8s 4d 6s]
bepjho: checks 
jhonsoto83: bets $0.06
bepjho: calls $0.06
*** TURN *** [8s 4d 6s] [5c]
bepjho: checks 
jhonsoto83: checks 
*** RIVER *** [8s 4d 6s 5c] [6h]
bepjho: bets $0.12
jhonsoto83: calls $0.12
*** SHOW DOWN ***
bepjho: shows [Ad 7s] (a straight, Four to Eight)
jhonsoto83: mucks hand 
bepjho collected $0.47 from pot
*** SUMMARY ***
Total pot $0.49 | Rake $0.02 
Board [8s 4d 6s 5c 6h]
Seat 1: SwiftieCat (small blind) folded before Flop
Seat 3: bepjho (big blind) showed [Ad 7s] and won ($0.47) with a straight, Four to Eight
Seat 5: jhonsoto83 mucked [Ac Kd]
Seat 6: Boechat97 folded before Flop (didn't bet)
Seat 7: Dorex2007 folded before Flop (didn't bet)
Seat 8: drive107 folded before Flop (didn't bet)
Seat 9: Tweedy620 (button) folded before Flop (didn't bet)



PokerStars Hand #237570987590:  Hold'em No Limit ($0.01/$0.02 USD) - 2022/07/24 21:42:12 PT [2022/07/25 0:42:12 ET]
Table 'Segin' 9-max Seat #1 is the button
Seat 1: SwiftieCat ($0.91 in chips) 
Seat 3: bepjho ($2 in chips) 
Seat 5: jhonsoto83 ($0.87 in chips) 
Seat 6: Boechat97 ($0.78 in chips) 
Seat 7: Dorex2007 ($2.68 in chips) 
Seat 8: drive107 ($1.97 in chips) 
Seat 9: Tweedy620 ($1.89 in chips) 
bepjho: posts small blind $0.01
jhonsoto83: posts big blind $0.02
*** HOLE CARDS ***
Dealt to Dorex2007 [6s 8s]
Boechat97: calls $0.02
Dorex2007: folds 
drive107: folds 
Tweedy620: folds 
SwiftieCat: calls $0.02
bepjho: folds 
jhonsoto83: checks 
*** FLOP *** [7c 9s 5h]
jhonsoto83: bets $0.03
Boechat97: folds 
SwiftieCat: raises $0.13 to $0.16
jhonsoto83: calls $0.13
*** TURN *** [7c 9s 5h] [5c]
jhonsoto83: checks 
SwiftieCat: bets $0.38
jhonsoto83: folds 
Uncalled bet ($0.38) returned to SwiftieCat
SwiftieCat collected $0.38 from pot
*** SUMMARY ***
Total pot $0.39 | Rake $0.01 
Board [7c 9s 5h 5c]
Seat 1: SwiftieCat (button) collected ($0.38)
Seat 3: bepjho (small blind) folded before Flop
Seat 5: jhonsoto83 (big blind) folded on the Turn
Seat 6: Boechat97 folded on the Flop
Seat 7: Dorex2007 folded before Flop (didn't bet)
Seat 8: drive107 folded before Flop (didn't bet)
Seat 9: Tweedy620 folded before Flop (didn't bet)



PokerStars Hand #237570992414:  Hold'em No Limit ($0.01/$0.02 USD) - 2022/07/24 21:42:54 PT [2022/07/25 0:42:54 ET]
Table 'Segin' 9-max Seat #3 is the button
Seat 1: SwiftieCat ($1.11 in chips) 
Seat 3: bepjho ($1.99 in chips) 
Seat 5: jhonsoto83 ($0.69 in chips) 
Seat 6: Boechat97 ($0.76 in chips) 
Seat 7: Dorex2007 ($2.68 in chips) 
Seat 8: drive107 ($1.97 in chips) 
Seat 9: Tweedy620 ($1.89 in chips) 
jhonsoto83: posts small blind $0.01
Boechat97: posts big blind $0.02
*** HOLE CARDS ***
Dealt to Dorex2007 [8s Td]
Dorex2007: folds 
drive107: folds 
Tweedy620: calls $0.02
SwiftieCat: calls $0.02
bepjho: raises $0.06 to $0.08
jhonsoto83: calls $0.07
Boechat97: folds 
Tweedy620: calls $0.06
SwiftieCat: folds 
*** FLOP *** [Tc 2s Th]
jhonsoto83: checks 
Tweedy620: checks 
bepjho: bets $0.13
jhonsoto83: folds 
Tweedy620: folds 
Uncalled bet ($0.13) returned to bepjho
bepjho collected $0.27 from pot
*** SUMMARY ***
Total pot $0.28 | Rake $0.01 
Board [Tc 2s Th]
Seat 1: SwiftieCat folded before Flop
Seat 3: bepjho (button) collected ($0.27)
Seat 5: jhonsoto83 (small blind) folded on the Flop
Seat 6: Boechat97 (big blind) folded before Flop
Seat 7: Dorex2007 folded before Flop (didn't bet)
Seat 8: drive107 folded before Flop (didn't bet)
Seat 9: Tweedy620 folded on the Flop



PokerStars Hand #237570997610:  Hold'em No Limit ($0.01/$0.02 USD) - 2022/07/24 21:43:39 PT [2022/07/25 0:43:39 ET]
Table 'Segin' 9-max Seat #5 is the button
Seat 1: SwiftieCat ($1.09 in chips) 
Seat 3: bepjho ($2.18 in chips) 
Seat 5: jhonsoto83 ($0.61 in chips) 
Seat 6: Boechat97 ($0.74 in chips) 
Seat 7: Dorex2007 ($2.68 in chips) 
Seat 8: drive107 ($1.97 in chips) 
Seat 9: Tweedy620 ($1.81 in chips) 
Boechat97: posts small blind $0.01
Dorex2007: posts big blind $0.02
*** HOLE CARDS ***
Dealt to Dorex2007 [Ah 3c]
READTHENWEEP leaves the table
drive107: raises $0.05 to $0.07
Tweedy620: folds 
SwiftieCat: folds 
bepjho: folds 
jhonsoto83: raises $0.54 to $0.61 and is all-in
Boechat97: folds 
Dorex2007: folds 
drive107: folds 
Uncalled bet ($0.54) returned to jhonsoto83
jhonsoto83 collected $0.17 from pot
*** SUMMARY ***
Total pot $0.17 | Rake $0 
Seat 1: SwiftieCat folded before Flop (didn't bet)
Seat 3: bepjho folded before Flop (didn't bet)
Seat 5: jhonsoto83 (button) collected ($0.17)
Seat 6: Boechat97 (small blind) folded before Flop
Seat 7: Dorex2007 (big blind) folded before Flop
Seat 8: drive107 folded before Flop
Seat 9: Tweedy620 folded before Flop (didn't bet)



PokerStars Hand #237571000429:  Hold'em No Limit ($0.01/$0.02 USD) - 2022/07/24 21:44:03 PT [2022/07/25 0:44:03 ET]
Table 'Segin' 9-max Seat #6 is the button
Seat 1: SwiftieCat ($1.09 in chips) 
Seat 3: bepjho ($2.18 in chips) 
Seat 5: jhonsoto83 ($0.71 in chips) 
Seat 6: Boechat97 ($0.73 in chips) 
Seat 7: Dorex2007 ($2.66 in chips) 
Seat 8: drive107 ($1.90 in chips) 
Seat 9: Tweedy620 ($1.81 in chips) 
Dorex2007: posts small blind $0.01
drive107: posts big blind $0.02
*** HOLE CARDS ***
Dealt to Dorex2007 [4c Kd]
Tweedy620: folds 
SwiftieCat: folds 
bepjho: folds 
jhonsoto83: folds 
Boechat97: raises $0.02 to $0.04
Dorex2007: folds 
o'travolta joins the table at seat #4 
drive107: folds 
Uncalled bet ($0.02) returned to Boechat97
Boechat97 collected $0.05 from pot
*** SUMMARY ***
Total pot $0.05 | Rake $0 
Seat 1: SwiftieCat folded before Flop (didn't bet)
Seat 3: bepjho folded before Flop (didn't bet)
Seat 5: jhonsoto83 folded before Flop (didn't bet)
Seat 6: Boechat97 (button) collected ($0.05)
Seat 7: Dorex2007 (small blind) folded before Flop
Seat 8: drive107 (big blind) folded before Flop
Seat 9: Tweedy620 folded before Flop (didn't bet)



PokerStars Hand #237571003105:  Hold'em No Limit ($0.01/$0.02 USD) - 2022/07/24 21:44:27 PT [2022/07/25 0:44:27 ET]
Table 'Segin' 9-max Seat #7 is the button
Seat 1: SwiftieCat ($1.09 in chips) 
Seat 3: bepjho ($2.18 in chips) 
Seat 5: jhonsoto83 ($0.71 in chips) 
Seat 6: Boechat97 ($0.76 in chips) 
Seat 7: Dorex2007 ($2.65 in chips) 
Seat 8: drive107 ($1.88 in chips) 
Seat 9: Tweedy620 ($1.81 in chips) 
drive107: posts small blind $0.01
Tweedy620: posts big blind $0.02
o'travolta: sits out 
*** HOLE CARDS ***
Dealt to Dorex2007 [7c 3c]
SwiftieCat: folds 
bepjho: folds 
jhonsoto83: folds 
Boechat97: raises $0.02 to $0.04
Dorex2007: folds 
drive107: folds 
Tweedy620: calls $0.02
*** FLOP *** [5s 7s Ks]
Tweedy620: checks 
Boechat97: checks 
*** TURN *** [5s 7s Ks] [8s]
Tweedy620: bets $0.06
Boechat97: calls $0.06
*** RIVER *** [5s 7s Ks 8s] [8c]
Tweedy620: bets $0.06
Boechat97: raises $0.60 to $0.66 and is all-in
Tweedy620: folds 
Uncalled bet ($0.60) returned to Boechat97
Boechat97 collected $0.32 from pot
*** SUMMARY ***
Total pot $0.33 | Rake $0.01 
Board [5s 7s Ks 8s 8c]
Seat 1: SwiftieCat folded before Flop (didn't bet)
Seat 3: bepjho folded before Flop (didn't bet)
Seat 5: jhonsoto83 folded before Flop (didn't bet)
Seat 6: Boechat97 collected ($0.32)
Seat 7: Dorex2007 (button) folded before Flop (didn't bet)
Seat 8: drive107 (small blind) folded before Flop
Seat 9: Tweedy620 (big blind) folded on the River



PokerStars Hand #237571008705:  Hold'em No Limit ($0.01/$0.02 USD) - 2022/07/24 21:45:16 PT [2022/07/25 0:45:16 ET]
Table 'Segin' 9-max Seat #8 is the button
Seat 1: SwiftieCat ($1.09 in chips) 
Seat 3: bepjho ($2.18 in chips) 
Seat 4: o'travolta ($1 in chips) 
Seat 5: jhonsoto83 ($0.71 in chips) 
Seat 6: Boechat97 ($0.92 in chips) 
Seat 7: Dorex2007 ($2.65 in chips) 
Seat 8: drive107 ($1.87 in chips) 
Seat 9: Tweedy620 ($1.65 in chips) 
Tweedy620: posts small blind $0.01
SwiftieCat: posts big blind $0.02
perffect16: sits out 
o'travolta: posts big blind $0.02
*** HOLE CARDS ***
Dealt to Dorex2007 [Js Ad]
bepjho: folds 
o'travolta: checks 
jhonsoto83: calls $0.02
Boechat97: calls $0.02
Dorex2007 has timed out
Dorex2007: folds 
drive107: calls $0.02
Tweedy620: calls $0.01
SwiftieCat: checks 
*** FLOP *** [Ks 5h Kd]
Tweedy620: checks 
SwiftieCat: checks 
o'travolta: checks 
jhonsoto83: checks 
Boechat97: checks 
drive107: checks 
*** TURN *** [Ks 5h Kd] [Ac]
Tweedy620: bets $0.12
SwiftieCat: raises $0.18 to $0.30
o'travolta: folds 
jhonsoto83: folds 
Boechat97: folds 
drive107: folds 
Tweedy620: raises $1.33 to $1.63 and is all-in
SwiftieCat: calls $0.77 and is all-in
Uncalled bet ($0.56) returned to Tweedy620
*** RIVER *** [Ks 5h Kd Ac] [3d]
*** SHOW DOWN ***
Tweedy620: shows [Kh 5s] (a full house, Kings full of Fives)
SwiftieCat: shows [Ah 3h] (two pair, Aces and Kings)
Tweedy620 cashed out the hand for $2.07 | Cash Out Fee $0.02
*** SUMMARY ***
Total pot $2.26 | Rake $0.08 
Board [Ks 5h Kd Ac 3d]
Seat 1: SwiftieCat (big blind) showed [Ah 3h] and lost with two pair, Aces and Kings
Seat 3: bepjho folded before Flop (didn't bet)
Seat 4: o'travolta folded on the Turn (didn't bet)
Seat 5: jhonsoto83 folded on the Turn
Seat 6: Boechat97 folded on the Turn
Seat 7: Dorex2007 folded before Flop (didn't bet)
Seat 8: drive107 (button) folded on the Turn
Seat 9: Tweedy620 (small blind) showed [Kh 5s] and won ($2.18) with a full house, Kings full of Fives (pot not awarded as player cashed out)



PokerStars Hand #237571019285:  Hold'em No Limit ($0.01/$0.02 USD) - 2022/07/24 21:46:49 PT [2022/07/25 0:46:49 ET]
Table 'Segin' 9-max Seat #9 is the button
Seat 3: bepjho ($2.18 in chips) 
Seat 4: o'travolta ($0.98 in chips) 
Seat 5: jhonsoto83 ($0.69 in chips) 
Seat 6: Boechat97 ($0.90 in chips) 
Seat 7: Dorex2007 ($2.65 in chips) 
Seat 8: drive107 ($1.85 in chips) 
Seat 9: Tweedy620 ($2.63 in chips) 
bepjho: posts small blind $0.01
o'travolta: posts big blind $0.02
*** HOLE CARDS ***
Dealt to Dorex2007 [As 5s]
SwiftieCat is disconnected 
jhonsoto83: folds 
Boechat97: calls $0.02
Dorex2007: folds 
drive107: folds 
Tweedy620: folds 
bepjho: calls $0.01
o'travolta: checks 
*** FLOP *** [Jh 6c 9d]
bepjho: checks 
o'travolta: checks 
Boechat97: checks 
*** TURN *** [Jh 6c 9d] [Kh]
bepjho: checks 
o'travolta: checks 
Boechat97: checks 
*** RIVER *** [Jh 6c 9d Kh] [6h]
bepjho: checks 
o'travolta: checks 
Boechat97: checks 
*** SHOW DOWN ***
bepjho: shows [Ah 3s] (a pair of Sixes)
o'travolta: mucks hand 
Boechat97: shows [Tc Th] (two pair, Tens and Sixes)
Boechat97 collected $0.06 from pot
*** SUMMARY ***
Total pot $0.06 | Rake $0 
Board [Jh 6c 9d Kh 6h]
Seat 3: bepjho (small blind) showed [Ah 3s] and lost with a pair of Sixes
Seat 4: o'travolta (big blind) mucked [4c 5c]
Seat 5: jhonsoto83 folded before Flop (didn't bet)
Seat 6: Boechat97 showed [Tc Th] and won ($0.06) with two pair, Tens and Sixes
Seat 7: Dorex2007 folded before Flop (didn't bet)
Seat 8: drive107 folded before Flop (didn't bet)
Seat 9: Tweedy620 (button) folded before Flop (didn't bet)



PokerStars Hand #237571024015:  Hold'em No Limit ($0.01/$0.02 USD) - 2022/07/24 21:47:31 PT [2022/07/25 0:47:31 ET]
Table 'Segin' 9-max Seat #3 is the button
Seat 3: bepjho ($2.16 in chips) 
Seat 4: o'travolta ($0.96 in chips) 
Seat 5: jhonsoto83 ($0.69 in chips) 
Seat 6: Boechat97 ($0.94 in chips) 
Seat 7: Dorex2007 ($2.65 in chips) 
Seat 8: drive107 ($1.85 in chips) 
Seat 9: Tweedy620 ($2.63 in chips) 
o'travolta: posts small blind $0.01
jhonsoto83: posts big blind $0.02
perffect16: sits out 
*** HOLE CARDS ***
Dealt to Dorex2007 [Td Ts]
Boechat97: calls $0.02
Dorex2007: raises $0.06 to $0.08
drive107: calls $0.08
Tweedy620: folds 
bepjho: calls $0.08
o'travolta: folds 
jhonsoto83: folds 
Boechat97: calls $0.06
*** FLOP *** [6h 7s 4c]
Boechat97: checks 
Dorex2007: checks 
drive107: checks 
bepjho: bets $0.10
Boechat97: folds 
Dorex2007: raises $0.14 to $0.24
drive107: folds 
bepjho: calls $0.14
*** TURN *** [6h 7s 4c] [Jh]
o'travolta is disconnected 
Dorex2007: bets $0.40
bepjho: folds 
Uncalled bet ($0.40) returned to Dorex2007
Dorex2007 collected $0.80 from pot
*** SUMMARY ***
Total pot $0.83 | Rake $0.03 
Board [6h 7s 4c Jh]
Seat 3: bepjho (button) folded on the Turn
Seat 4: o'travolta (small blind) folded before Flop
Seat 5: jhonsoto83 (big blind) folded before Flop
Seat 6: Boechat97 folded on the Flop
Seat 7: Dorex2007 collected ($0.80)
Seat 8: drive107 folded on the Flop
Seat 9: Tweedy620 folded before Flop (didn't bet)



PokerStars Hand #237571031284:  Hold'em No Limit ($0.01/$0.02 USD) - 2022/07/24 21:48:37 PT [2022/07/25 0:48:37 ET]
Table 'Segin' 9-max Seat #4 is the button
Seat 2: perffect16 ($2.67 in chips) 
Seat 3: bepjho ($1.84 in chips) 
Seat 4: o'travolta ($0.95 in chips) 
Seat 5: jhonsoto83 ($0.67 in chips) 
Seat 6: Boechat97 ($0.86 in chips) 
Seat 7: Dorex2007 ($3.13 in chips) 
Seat 8: drive107 ($2 in chips) 
Seat 9: Tweedy620 ($2.63 in chips) 
jhonsoto83: posts small blind $0.01
Boechat97: posts big blind $0.02
perffect16: posts small & big blinds $0.03
*** HOLE CARDS ***
Dealt to Dorex2007 [7s Jc]
Dorex2007: folds 
drive107: folds 
Tweedy620: folds 
perffect16: checks 
bepjho: folds 
o'travolta: calls $0.02
jhonsoto83: folds 
Boechat97: checks 
*** FLOP *** [Ac Ah 4d]
Boechat97: checks 
perffect16: checks 
o'travolta: checks 
*** TURN *** [Ac Ah 4d] [As]
Boechat97: bets $0.08
perffect16: folds 
o'travolta: calls $0.08
*** RIVER *** [Ac Ah 4d As] [2h]
Boechat97: checks 
o'travolta: checks 
*** SHOW DOWN ***
Boechat97: shows [Qd 6s] (three of a kind, Aces)
o'travolta: mucks hand 
Boechat97 collected $0.23 from pot
*** SUMMARY ***
Total pot $0.24 | Rake $0.01 
Board [Ac Ah 4d As 2h]
Seat 2: perffect16 folded on the Turn (didn't bet)
Seat 3: bepjho folded before Flop (didn't bet)
Seat 4: o'travolta (button) mucked [Th Jh]
Seat 5: jhonsoto83 (small blind) folded before Flop
Seat 6: Boechat97 (big blind) showed [Qd 6s] and won ($0.23) with three of a kind, Aces
Seat 7: Dorex2007 folded before Flop (didn't bet)
Seat 8: drive107 folded before Flop (didn't bet)
Seat 9: Tweedy620 folded before Flop (didn't bet)



PokerStars Hand #237571038145:  Hold'em No Limit ($0.01/$0.02 USD) - 2022/07/24 21:49:40 PT [2022/07/25 0:49:40 ET]
Table 'Segin' 9-max Seat #5 is the button
Seat 2: perffect16 ($2.64 in chips) 
Seat 3: bepjho ($1.84 in chips) 
Seat 4: o'travolta ($0.85 in chips) 
Seat 5: jhonsoto83 ($0.66 in chips) 
Seat 6: Boechat97 ($0.99 in chips) 
Seat 7: Dorex2007 ($3.13 in chips) 
Seat 8: drive107 ($2 in chips) 
Seat 9: Tweedy620 ($2.63 in chips) 
Boechat97: posts small blind $0.01
Dorex2007: posts big blind $0.02
*** HOLE CARDS ***
Dealt to Dorex2007 [7c Th]
drive107: folds 
Tweedy620: folds 
perffect16: folds 
bepjho: folds 
o'travolta: calls $0.02
jhonsoto83: raises $0.07 to $0.09
Boechat97: calls $0.08
Dorex2007: folds 
o'travolta: calls $0.07
*** FLOP *** [3h 7h 4d]
Boechat97: bets $0.28
o'travolta: folds 
jhonsoto83: folds 
Uncalled bet ($0.28) returned to Boechat97
Boechat97 collected $0.28 from pot
*** SUMMARY ***
Total pot $0.29 | Rake $0.01 
Board [3h 7h 4d]
Seat 2: perffect16 folded before Flop (didn't bet)
Seat 3: bepjho folded before Flop (didn't bet)
Seat 4: o'travolta folded on the Flop
Seat 5: jhonsoto83 (button) folded on the Flop
Seat 6: Boechat97 (small blind) collected ($0.28)
Seat 7: Dorex2007 (big blind) folded before Flop
Seat 8: drive107 folded before Flop (didn't bet)
Seat 9: Tweedy620 folded before Flop (didn't bet)



PokerStars Hand #237571042488:  Hold'em No Limit ($0.01/$0.02 USD) - 2022/07/24 21:50:19 PT [2022/07/25 0:50:19 ET]
Table 'Segin' 9-max Seat #6 is the button
Seat 2: perffect16 ($2.64 in chips) 
Seat 3: bepjho ($1.84 in chips) 
Seat 4: o'travolta ($0.76 in chips) 
Seat 5: jhonsoto83 ($0.57 in chips) 
Seat 6: Boechat97 ($1.18 in chips) 
Seat 7: Dorex2007 ($3.11 in chips) 
Seat 8: drive107 ($2 in chips) 
Dorex2007: posts small blind $0.01
drive107: posts big blind $0.02
*** HOLE CARDS ***
Dealt to Dorex2007 [Th 2h]
perffect16 has timed out
perffect16: folds 
bepjho: folds 
bepjho leaves the table
o'travolta: folds 
jhonsoto83: folds 
Boechat97: calls $0.02
Dorex2007: folds 
drive107: checks 
*** FLOP *** [6s 3s 9h]
drive107: checks 
Boechat97: checks 
*** TURN *** [6s 3s 9h] [8c]
drive107: checks 
Boechat97: checks 
*** RIVER *** [6s 3s 9h 8c] [9c]
drive107: bets $0.05
Boechat97: calls $0.05
*** SHOW DOWN ***
drive107: shows [Kh 7s] (a pair of Nines)
Boechat97: mucks hand 
drive107 collected $0.14 from pot
*** SUMMARY ***
Total pot $0.15 | Rake $0.01 
Board [6s 3s 9h 8c 9c]
Seat 2: perffect16 folded before Flop (didn't bet)
Seat 3: bepjho folded before Flop (didn't bet)
Seat 4: o'travolta folded before Flop (didn't bet)
Seat 5: jhonsoto83 folded before Flop (didn't bet)
Seat 6: Boechat97 (button) mucked [Td Qs]
Seat 7: Dorex2007 (small blind) folded before Flop
Seat 8: drive107 (big blind) showed [Kh 7s] and won ($0.14) with a pair of Nines



PokerStars Hand #237571046937:  Hold'em No Limit ($0.01/$0.02 USD) - 2022/07/24 21:51:00 PT [2022/07/25 0:51:00 ET]
Table 'Segin' 9-max Seat #7 is the button
Seat 2: perffect16 ($2.64 in chips) 
Seat 4: o'travolta ($0.76 in chips) 
Seat 5: jhonsoto83 ($0.57 in chips) 
Seat 6: Boechat97 ($1.11 in chips) 
Seat 7: Dorex2007 ($3.10 in chips) 
Seat 8: drive107 ($2.07 in chips) 
drive107: posts small blind $0.01
perffect16: posts big blind $0.02
*** HOLE CARDS ***
Dealt to Dorex2007 [Kc Js]
o'travolta: folds 
jhonsoto83: folds 
Boechat97: calls $0.02
Dorex2007: raises $0.04 to $0.06
drive107: folds 
perffect16: folds 
Boechat97: calls $0.04
*** FLOP *** [4c 9h 5h]
Boechat97: checks 
Dorex2007: checks 
*** TURN *** [4c 9h 5h] [Jh]
Boechat97: checks 
Dorex2007: bets $0.14
Boechat97: folds 
Uncalled bet ($0.14) returned to Dorex2007
Dorex2007 collected $0.14 from pot
*** SUMMARY ***
Total pot $0.15 | Rake $0.01 
Board [4c 9h 5h Jh]
Seat 2: perffect16 (big blind) folded before Flop
Seat 4: o'travolta folded before Flop (didn't bet)
Seat 5: jhonsoto83 folded before Flop (didn't bet)
Seat 6: Boechat97 folded on the Turn
Seat 7: Dorex2007 (button) collected ($0.14)
Seat 8: drive107 (small blind) folded before Flop



PokerStars Hand #237571050131:  Hold'em No Limit ($0.01/$0.02 USD) - 2022/07/24 21:51:30 PT [2022/07/25 0:51:30 ET]
Table 'Segin' 9-max Seat #8 is the button
Seat 2: perffect16 ($2.62 in chips) 
Seat 4: o'travolta ($0.76 in chips) 
Seat 5: jhonsoto83 ($0.57 in chips) 
Seat 6: Boechat97 ($1.05 in chips) 
Seat 7: Dorex2007 ($3.18 in chips) 
Seat 8: drive107 ($2.06 in chips) 
perffect16: posts small blind $0.01
o'travolta: posts big blind $0.02
*** HOLE CARDS ***
Dealt to Dorex2007 [8d Jc]
jhonsoto83: raises $0.04 to $0.06
Boechat97: calls $0.06
Dorex2007: folds 
drive107: folds 
perffect16: folds 
o'travolta: calls $0.04
*** FLOP *** [Ts 7s Kd]
o'travolta: checks 
jhonsoto83: checks 
Boechat97: checks 
*** TURN *** [Ts 7s Kd] [4s]
o'travolta: checks 
jhonsoto83: checks 
Boechat97: checks 
*** RIVER *** [Ts 7s Kd 4s] [8s]
o'travolta: checks 
jhonsoto83: checks 
Boechat97: checks 
*** SHOW DOWN ***
o'travolta: shows [5s Ks] (a flush, King high)
jhonsoto83: mucks hand 
Boechat97: mucks hand 
o'travolta collected $0.18 from pot
*** SUMMARY ***
Total pot $0.19 | Rake $0.01 
Board [Ts 7s Kd 4s 8s]
Seat 2: perffect16 (small blind) folded before Flop
Seat 4: o'travolta (big blind) showed [5s Ks] and won ($0.18) with a flush, King high
Seat 5: jhonsoto83 mucked [Jh Qh]
Seat 6: Boechat97 mucked [7d Jd]
Seat 7: Dorex2007 folded before Flop (didn't bet)
Seat 8: drive107 (button) folded before Flop (didn't bet)



PokerStars Hand #237571054878:  Hold'em No Limit ($0.01/$0.02 USD) - 2022/07/24 21:52:13 PT [2022/07/25 0:52:13 ET]
Table 'Segin' 9-max Seat #2 is the button
Seat 2: perffect16 ($2.61 in chips) 
Seat 4: o'travolta ($0.88 in chips) 
Seat 5: jhonsoto83 ($0.51 in chips) 
Seat 6: Boechat97 ($0.99 in chips) 
Seat 7: Dorex2007 ($3.18 in chips) 
Seat 8: drive107 ($2.06 in chips) 
o'travolta: posts small blind $0.01
jhonsoto83: posts big blind $0.02
*** HOLE CARDS ***
Dealt to Dorex2007 [7s 9s]
Boechat97: calls $0.02
Dorex2007: folds 
drive107: folds 
perffect16: folds 
o'travolta: calls $0.01
jhonsoto83: raises $0.49 to $0.51 and is all-in
Boechat97: calls $0.49
o'travolta: folds 
*** FLOP *** [Th Jc Ad]
*** TURN *** [Th Jc Ad] [7d]
*** RIVER *** [Th Jc Ad 7d] [6c]
*** SHOW DOWN ***
jhonsoto83: shows [Ah Qs] (a pair of Aces)
Boechat97: shows [8s Kh] (high card Ace)
jhonsoto83 collected $1 from pot
*** SUMMARY ***
Total pot $1.04 | Rake $0.04 
Board [Th Jc Ad 7d 6c]
Seat 2: perffect16 (button) folded before Flop (didn't bet)
Seat 4: o'travolta (small blind) folded before Flop
Seat 5: jhonsoto83 (big blind) showed [Ah Qs] and won ($1) with a pair of Aces
Seat 6: Boechat97 showed [8s Kh] and lost with high card Ace
Seat 7: Dorex2007 folded before Flop (didn't bet)
Seat 8: drive107 folded before Flop (didn't bet)



PokerStars Hand #237571057857:  Hold'em No Limit ($0.01/$0.02 USD) - 2022/07/24 21:52:40 PT [2022/07/25 0:52:40 ET]
Table 'Segin' 9-max Seat #4 is the button
Seat 2: perffect16 ($2.61 in chips) 
Seat 4: o'travolta ($0.86 in chips) 
Seat 5: jhonsoto83 ($1 in chips) 
Seat 6: Boechat97 ($0.48 in chips) 
Seat 7: Dorex2007 ($3.18 in chips) 
Seat 8: drive107 ($2.06 in chips) 
jhonsoto83: posts small blind $0.01
Boechat97: posts big blind $0.02
*** HOLE CARDS ***
Dealt to Dorex2007 [6d Th]
Dorex2007: folds 
drive107: folds 
perffect16: folds 
o'travolta: folds 
jhonsoto83: raises $0.02 to $0.04
Boechat97: folds 
Uncalled bet ($0.02) returned to jhonsoto83
jhonsoto83 collected $0.04 from pot
*** SUMMARY ***
Total pot $0.04 | Rake $0 
Seat 2: perffect16 folded before Flop (didn't bet)
Seat 4: o'travolta (button) folded before Flop (didn't bet)
Seat 5: jhonsoto83 (small blind) collected ($0.04)
Seat 6: Boechat97 (big blind) folded before Flop
Seat 7: Dorex2007 folded before Flop (didn't bet)
Seat 8: drive107 folded before Flop (didn't bet)



PokerStars Hand #237571059451:  Hold'em No Limit ($0.01/$0.02 USD) - 2022/07/24 21:52:56 PT [2022/07/25 0:52:56 ET]
Table 'Segin' 9-max Seat #5 is the button
Seat 2: perffect16 ($2.61 in chips) 
Seat 4: o'travolta ($0.86 in chips) 
Seat 5: jhonsoto83 ($1.02 in chips) 
Seat 6: Boechat97 ($0.46 in chips) 
Seat 7: Dorex2007 ($3.18 in chips) 
Seat 8: drive107 ($2.06 in chips) 
Boechat97: posts small blind $0.01
Dorex2007: posts big blind $0.02
*** HOLE CARDS ***
Dealt to Dorex2007 [4c 4d]
drive107: folds 
perffect16: folds 
o'travolta: folds 
jhonsoto83: folds 
Boechat97: raises $0.44 to $0.46 and is all-in
Dorex2007: folds 
Uncalled bet ($0.44) returned to Boechat97
Boechat97 collected $0.04 from pot
*** SUMMARY ***
Total pot $0.04 | Rake $0 
Seat 2: perffect16 folded before Flop (didn't bet)
Seat 4: o'travolta folded before Flop (didn't bet)
Seat 5: jhonsoto83 (button) folded before Flop (didn't bet)
Seat 6: Boechat97 (small blind) collected ($0.04)
Seat 7: Dorex2007 (big blind) folded before Flop
Seat 8: drive107 folded before Flop (didn't bet)



PokerStars Hand #237571062800:  Hold'em No Limit ($0.01/$0.02 USD) - 2022/07/24 21:53:26 PT [2022/07/25 0:53:26 ET]
Table 'Segin' 9-max Seat #6 is the button
Seat 2: perffect16 ($2.61 in chips) 
Seat 4: o'travolta ($0.86 in chips) 
Seat 5: jhonsoto83 ($1.02 in chips) 
Seat 6: Boechat97 ($0.48 in chips) 
Seat 7: Dorex2007 ($3.16 in chips) 
Seat 8: drive107 ($2.06 in chips) 
Dorex2007: posts small blind $0.01
drive107: posts big blind $0.02
*** HOLE CARDS ***
Dealt to Dorex2007 [8c 9c]
perffect16: folds 
o'travolta: folds 
jhonsoto83: raises $0.02 to $0.04
Boechat97: raises $0.44 to $0.48 and is all-in
Dorex2007: folds 
drive107: folds 
jhonsoto83: folds 
Uncalled bet ($0.44) returned to Boechat97
Boechat97 collected $0.11 from pot
*** SUMMARY ***
Total pot $0.11 | Rake $0 
Seat 2: perffect16 folded before Flop (didn't bet)
Seat 4: o'travolta folded before Flop (didn't bet)
Seat 5: jhonsoto83 folded before Flop
Seat 6: Boechat97 (button) collected ($0.11)
Seat 7: Dorex2007 (small blind) folded before Flop
Seat 8: drive107 (big blind) folded before Flop



PokerStars Hand #237571064998:  Hold'em No Limit ($0.01/$0.02 USD) - 2022/07/24 21:53:46 PT [2022/07/25 0:53:46 ET]
Table 'Segin' 9-max Seat #7 is the button
Seat 2: perffect16 ($2.61 in chips) 
Seat 4: o'travolta ($0.86 in chips) 
Seat 5: jhonsoto83 ($0.98 in chips) 
Seat 6: Boechat97 ($0.55 in chips) 
Seat 7: Dorex2007 ($3.15 in chips) 
Seat 8: drive107 ($2.04 in chips) 
drive107: posts small blind $0.01
perffect16: posts big blind $0.02
*** HOLE CARDS ***
Dealt to Dorex2007 [9h Ks]
o'travolta: calls $0.02
jhonsoto83: folds 
Boechat97: calls $0.02
Dorex2007: folds 
drive107: calls $0.01
perffect16: checks 
*** FLOP *** [Qc 9s 5h]
drive107: checks 
perffect16: checks 
o'travolta: checks 
Boechat97: checks 
*** TURN *** [Qc 9s 5h] [9d]
drive107: checks 
perffect16: checks 
o'travolta: bets $0.06
Boechat97: calls $0.06
drive107: folds 
perffect16: folds 
*** RIVER *** [Qc 9s 5h 9d] [3d]
o'travolta: checks 
Boechat97: checks 
*** SHOW DOWN ***
o'travolta: shows [5d Jd] (two pair, Nines and Fives)
Boechat97: shows [5c 6c] (two pair, Nines and Fives)
o'travolta collected $0.10 from pot
Boechat97 collected $0.09 from pot
*** SUMMARY ***
Total pot $0.20 | Rake $0.01 
Board [Qc 9s 5h 9d 3d]
Seat 2: perffect16 (big blind) folded on the Turn
Seat 4: o'travolta showed [5d Jd] and won ($0.10) with two pair, Nines and Fives
Seat 5: jhonsoto83 folded before Flop (didn't bet)
Seat 6: Boechat97 showed [5c 6c] and won ($0.09) with two pair, Nines and Fives
Seat 7: Dorex2007 (button) folded before Flop (didn't bet)
Seat 8: drive107 (small blind) folded on the Turn



PokerStars Hand #237571075689:  Hold'em No Limit ($0.01/$0.02 USD) - 2022/07/24 21:55:28 PT [2022/07/25 0:55:28 ET]
Table 'Segin' 9-max Seat #8 is the button
Seat 2: perffect16 ($2.59 in chips) 
Seat 4: o'travolta ($0.88 in chips) 
Seat 5: jhonsoto83 ($0.98 in chips) 
Seat 6: Boechat97 ($0.56 in chips) 
Seat 7: Dorex2007 ($3.15 in chips) 
Seat 8: drive107 ($2.02 in chips) 
perffect16: posts small blind $0.01
o'travolta: posts big blind $0.02
*** HOLE CARDS ***
Dealt to Dorex2007 [3h 6h]
jhonsoto83: folds 
Boechat97: calls $0.02
Dorex2007: folds 
drive107: raises $0.07 to $0.09
perffect16: folds 
wALEXSANDRw joins the table at seat #3 
o'travolta: folds 
Boechat97: calls $0.07
*** FLOP *** [5d 9h Qh]
Boechat97: checks 
drive107: bets $0.10
Boechat97: calls $0.10
*** TURN *** [5d 9h Qh] [5c]
Boechat97: checks 
drive107: bets $0.40
Boechat97: folds 
Uncalled bet ($0.40) returned to drive107
drive107 collected $0.40 from pot
*** SUMMARY ***
Total pot $0.41 | Rake $0.01 
Board [5d 9h Qh 5c]
Seat 2: perffect16 (small blind) folded before Flop
Seat 4: o'travolta (big blind) folded before Flop
Seat 5: jhonsoto83 folded before Flop (didn't bet)
Seat 6: Boechat97 folded on the Turn
Seat 7: Dorex2007 folded before Flop (didn't bet)
Seat 8: drive107 (button) collected ($0.40)



PokerStars Hand #237571079711:  Hold'em No Limit ($0.01/$0.02 USD) - 2022/07/24 21:56:09 PT [2022/07/25 0:56:09 ET]
Table 'Segin' 9-max Seat #2 is the button
Seat 2: perffect16 ($2.58 in chips) 
Seat 4: o'travolta ($0.86 in chips) 
Seat 5: jhonsoto83 ($0.98 in chips) 
Seat 6: Boechat97 ($0.37 in chips) 
Seat 7: Dorex2007 ($3.15 in chips) 
Seat 8: drive107 ($2.23 in chips) 
o'travolta: posts small blind $0.01
jhonsoto83: posts big blind $0.02
*** HOLE CARDS ***
Dealt to Dorex2007 [Td Ad]
Boechat97: calls $0.02
Dorex2007 has timed out
Dorex2007: folds 
drive107: folds 
perffect16: folds 
o'travolta: calls $0.01
jhonsoto83: checks 
*** FLOP *** [3d 6s 4c]
o'travolta: checks 
jhonsoto83: checks 
Boechat97: checks 
*** TURN *** [3d 6s 4c] [Qh]
o'travolta: bets $0.22
jhonsoto83: folds 
Boechat97: folds 
Uncalled bet ($0.22) returned to o'travolta
o'travolta collected $0.06 from pot
*** SUMMARY ***
Total pot $0.06 | Rake $0 
Board [3d 6s 4c Qh]
Seat 2: perffect16 (button) folded before Flop (didn't bet)
Seat 4: o'travolta (small blind) collected ($0.06)
Seat 5: jhonsoto83 (big blind) folded on the Turn
Seat 6: Boechat97 folded on the Turn
Seat 7: Dorex2007 folded before Flop (didn't bet)
Seat 8: drive107 folded before Flop (didn't bet)



PokerStars Hand #237571084078:  Hold'em No Limit ($0.01/$0.02 USD) - 2022/07/24 21:56:54 PT [2022/07/25 0:56:54 ET]
Table 'Segin' 9-max Seat #4 is the button
Seat 2: perffect16 ($2.58 in chips) 
Seat 4: o'travolta ($0.90 in chips) 
Seat 5: jhonsoto83 ($0.96 in chips) 
Seat 6: Boechat97 ($0.35 in chips) 
Seat 7: Dorex2007 ($3.15 in chips) 
Seat 8: drive107 ($2.23 in chips) 
jhonsoto83: posts small blind $0.01
Boechat97: posts big blind $0.02
wALEXSANDRw: sits out 
*** HOLE CARDS ***
Dealt to Dorex2007 [2s Ts]
Dorex2007: folds 
drive107: folds 
perffect16: calls $0.02
o'travolta: calls $0.02
jhonsoto83: calls $0.01
Boechat97: checks 
*** FLOP *** [Ad 9h Qs]
jhonsoto83: bets $0.04
Boechat97: folds 
perffect16: folds 
o'travolta: calls $0.04
*** TURN *** [Ad 9h Qs] [5h]
jhonsoto83: bets $0.15
o'travolta: folds 
Uncalled bet ($0.15) returned to jhonsoto83
jhonsoto83 collected $0.15 from pot
*** SUMMARY ***
Total pot $0.16 | Rake $0.01 
Board [Ad 9h Qs 5h]
Seat 2: perffect16 folded on the Flop
Seat 4: o'travolta (button) folded on the Turn
Seat 5: jhonsoto83 (small blind) collected ($0.15)
Seat 6: Boechat97 (big blind) folded on the Flop
Seat 7: Dorex2007 folded before Flop (didn't bet)
Seat 8: drive107 folded before Flop (didn't bet)



PokerStars Hand #237571087901:  Hold'em No Limit ($0.01/$0.02 USD) - 2022/07/24 21:57:32 PT [2022/07/25 0:57:32 ET]
Table 'Segin' 9-max Seat #5 is the button
Seat 2: perffect16 ($2.56 in chips) 
Seat 4: o'travolta ($0.84 in chips) 
Seat 5: jhonsoto83 ($1.05 in chips) 
Seat 6: Boechat97 ($0.33 in chips) 
Seat 7: Dorex2007 ($3.15 in chips) 
Seat 8: drive107 ($2.23 in chips) 
Boechat97: posts small blind $0.01
Dorex2007: posts big blind $0.02
wALEXSANDRw: sits out 
*** HOLE CARDS ***
Dealt to Dorex2007 [Ks 9s]
drive107: folds 
perffect16: folds 
o'travolta: folds 
jhonsoto83: raises $0.02 to $0.04
Boechat97: calls $0.03
Dorex2007: calls $0.02
*** FLOP *** [As 5c Qs]
Boechat97: checks 
Dorex2007: bets $0.12
jhonsoto83: folds 
Boechat97: raises $0.17 to $0.29 and is all-in
Dorex2007: calls $0.17
*** TURN *** [As 5c Qs] [3h]
*** RIVER *** [As 5c Qs 3h] [5d]
*** SHOW DOWN ***
Boechat97: shows [Kc Js] (a pair of Fives)
Dorex2007: shows [Ks 9s] (a pair of Fives)
Boechat97 collected $0.34 from pot
Dorex2007 collected $0.34 from pot
*** SUMMARY ***
Total pot $0.70 | Rake $0.02 
Board [As 5c Qs 3h 5d]
Seat 2: perffect16 folded before Flop (didn't bet)
Seat 4: o'travolta folded before Flop (didn't bet)
Seat 5: jhonsoto83 (button) folded on the Flop
Seat 6: Boechat97 (small blind) showed [Kc Js] and won ($0.34) with a pair of Fives
Seat 7: Dorex2007 (big blind) showed [Ks 9s] and won ($0.34) with a pair of Fives
Seat 8: drive107 folded before Flop (didn't bet)



PokerStars Hand #237571092011:  Hold'em No Limit ($0.01/$0.02 USD) - 2022/07/24 21:58:14 PT [2022/07/25 0:58:14 ET]
Table 'Segin' 9-max Seat #6 is the button
Seat 2: perffect16 ($2.56 in chips) 
Seat 4: o'travolta ($0.84 in chips) 
Seat 5: jhonsoto83 ($1.01 in chips) 
Seat 6: Boechat97 ($0.34 in chips) 
Seat 7: Dorex2007 ($3.16 in chips) 
Seat 8: drive107 ($2.23 in chips) 
Dorex2007: posts small blind $0.01
drive107: posts big blind $0.02
wALEXSANDRw: sits out 
*** HOLE CARDS ***
Dealt to Dorex2007 [4s Ah]
perffect16: calls $0.02
o'travolta: calls $0.02
jhonsoto83: folds 
Boechat97: calls $0.02
Dorex2007: folds 
drive107: checks 
*** FLOP *** [7c 7h 6c]
drive107: checks 
perffect16: bets $0.09
o'travolta: folds 
Boechat97: calls $0.09
drive107: folds 
*** TURN *** [7c 7h 6c] [4h]
perffect16: bets $0.13
Boechat97: raises $0.10 to $0.23 and is all-in
perffect16: calls $0.10
*** RIVER *** [7c 7h 6c 4h] [6s]
*** SHOW DOWN ***
perffect16: shows [As 7s] (a full house, Sevens full of Sixes)
Boechat97: shows [5c Jc] (two pair, Sevens and Sixes)
perffect16 collected $0.70 from pot
*** SUMMARY ***
Total pot $0.73 | Rake $0.03 
Board [7c 7h 6c 4h 6s]
Seat 2: perffect16 showed [As 7s] and won ($0.70) with a full house, Sevens full of Sixes
Seat 4: o'travolta folded on the Flop
Seat 5: jhonsoto83 folded before Flop (didn't bet)
Seat 6: Boechat97 (button) showed [5c Jc] and lost with two pair, Sevens and Sixes
Seat 7: Dorex2007 (small blind) folded before Flop
Seat 8: drive107 (big blind) folded on the Flop



PokerStars Hand #237571095990:  Hold'em No Limit ($0.01/$0.02 USD) - 2022/07/24 21:58:55 PT [2022/07/25 0:58:55 ET]
Table 'Segin' 9-max Seat #7 is the button
Seat 2: perffect16 ($2.92 in chips) 
Seat 4: o'travolta ($0.82 in chips) 
Seat 5: jhonsoto83 ($1.01 in chips) 
Seat 7: Dorex2007 ($3.15 in chips) 
Seat 8: drive107 ($2.21 in chips) 
drive107: posts small blind $0.01
perffect16: posts big blind $0.02
wALEXSANDRw: sits out 
*** HOLE CARDS ***
Dealt to Dorex2007 [8h 6d]
o'travolta: calls $0.02
jhonsoto83: folds 
Dorex2007: folds 
drive107: raises $0.10 to $0.12
Nightraven54 joins the table at seat #1 
perffect16: folds 
o'travolta: calls $0.10
*** FLOP *** [2s Qs Kc]
drive107: bets $0.18
o'travolta: calls $0.18
*** TURN *** [2s Qs Kc] [3d]
drive107: bets $0.60
o'travolta: calls $0.52 and is all-in
Uncalled bet ($0.08) returned to drive107
*** RIVER *** [2s Qs Kc 3d] [8s]
*** SHOW DOWN ***
drive107: shows [Td Tc] (a pair of Tens)
o'travolta: shows [Ts Qc] (a pair of Queens)
o'travolta cashed out the hand for $1.54 | Cash Out Fee $0.02
*** SUMMARY ***
Total pot $1.66 | Rake $0.06 
Board [2s Qs Kc 3d 8s]
Seat 2: perffect16 (big blind) folded before Flop
Seat 4: o'travolta showed [Ts Qc] and won ($1.60) with a pair of Queens (pot not awarded as player cashed out)
Seat 5: jhonsoto83 folded before Flop (didn't bet)
Seat 7: Dorex2007 (button) folded before Flop (didn't bet)
Seat 8: drive107 (small blind) showed [Td Tc] and lost with a pair of Tens



PokerStars Hand #237571100960:  Hold'em No Limit ($0.01/$0.02 USD) - 2022/07/24 21:59:47 PT [2022/07/25 0:59:47 ET]
Table 'Segin' 9-max Seat #8 is the button
Seat 2: perffect16 ($2.90 in chips) 
Seat 3: wALEXSANDRw ($3.13 in chips) 
Seat 4: o'travolta ($1.54 in chips) 
Seat 5: jhonsoto83 ($1.01 in chips) 
Seat 6: Boechat97 ($0.80 in chips) 
Seat 7: Dorex2007 ($3.15 in chips) 
Seat 8: drive107 ($1.39 in chips) 
perffect16: posts small blind $0.01
wALEXSANDRw: posts big blind $0.02
*** HOLE CARDS ***
Dealt to Dorex2007 [5d 3d]
o'travolta: folds 
jhonsoto83: raises $0.02 to $0.04
Boechat97: calls $0.04
Dorex2007: folds 
drive107: calls $0.04
perffect16: folds 
wALEXSANDRw: folds 
*** FLOP *** [Ah 3h 8s]
jhonsoto83: checks 
Boechat97: checks 
drive107: bets $0.07
jhonsoto83: folds 
Boechat97: calls $0.07
*** TURN *** [Ah 3h 8s] [5s]
Boechat97: checks 
drive107: checks 
*** RIVER *** [Ah 3h 8s 5s] [9c]
Boechat97: checks 
drive107: checks 
*** SHOW DOWN ***
Boechat97: shows [Qs Kc] (high card Ace)
drive107: mucks hand 
Boechat97 collected $0.28 from pot
*** SUMMARY ***
Total pot $0.29 | Rake $0.01 
Board [Ah 3h 8s 5s 9c]
Seat 2: perffect16 (small blind) folded before Flop
Seat 3: wALEXSANDRw (big blind) folded before Flop
Seat 4: o'travolta folded before Flop (didn't bet)
Seat 5: jhonsoto83 folded on the Flop
Seat 6: Boechat97 showed [Qs Kc] and won ($0.28) with high card Ace
Seat 7: Dorex2007 folded before Flop (didn't bet)
Seat 8: drive107 (button) mucked [Tc Jd]



PokerStars Hand #237571107728:  Hold'em No Limit ($0.01/$0.02 USD) - 2022/07/24 22:00:56 PT [2022/07/25 1:00:56 ET]
Table 'Segin' 9-max Seat #2 is the button
Seat 2: perffect16 ($2.89 in chips) 
Seat 3: wALEXSANDRw ($3.11 in chips) 
Seat 4: o'travolta ($1.54 in chips) 
Seat 5: jhonsoto83 ($0.97 in chips) 
Seat 6: Boechat97 ($0.97 in chips) 
Seat 7: Dorex2007 ($3.15 in chips) 
Seat 8: drive107 ($1.28 in chips) 
Seat 9: Tweedy620 ($2.63 in chips) 
wALEXSANDRw: posts small blind $0.01
o'travolta: posts big blind $0.02
Tweedy620: posts small & big blinds $0.03
Nightraven54: sits out 
*** HOLE CARDS ***
Dealt to Dorex2007 [4c 7s]
jhonsoto83: raises $0.02 to $0.04
Boechat97: calls $0.04
Dorex2007: folds 
drive107: calls $0.04
Tweedy620: calls $0.02
perffect16: folds 
wALEXSANDRw: calls $0.03
o'travolta: calls $0.02
*** FLOP *** [Kh 4h 8c]
wALEXSANDRw: checks 
o'travolta: checks 
jhonsoto83: bets $0.12
Boechat97: folds 
drive107: folds 
Tweedy620: calls $0.12
wALEXSANDRw: folds 
o'travolta: folds 
*** TURN *** [Kh 4h 8c] [2c]
jhonsoto83: bets $0.23
Tweedy620: calls $0.23
*** RIVER *** [Kh 4h 8c 2c] [Ts]
jhonsoto83: bets $0.58 and is all-in
Tweedy620: calls $0.58
*** SHOW DOWN ***
jhonsoto83: shows [Kd Jd] (a pair of Kings)
Tweedy620: shows [9c Kc] (a pair of Kings - lower kicker)
jhonsoto83 collected $2.04 from pot
*** SUMMARY ***
Total pot $2.11 | Rake $0.07 
Board [Kh 4h 8c 2c Ts]
Seat 2: perffect16 (button) folded before Flop (didn't bet)
Seat 3: wALEXSANDRw (small blind) folded on the Flop
Seat 4: o'travolta (big blind) folded on the Flop
Seat 5: jhonsoto83 showed [Kd Jd] and won ($2.04) with a pair of Kings
Seat 6: Boechat97 folded on the Flop
Seat 7: Dorex2007 folded before Flop (didn't bet)
Seat 8: drive107 folded on the Flop
Seat 9: Tweedy620 showed [9c Kc] and lost with a pair of Kings



PokerStars Hand #237571113118:  Hold'em No Limit ($0.01/$0.02 USD) - 2022/07/24 22:01:48 PT [2022/07/25 1:01:48 ET]
Table 'Segin' 9-max Seat #3 is the button
Seat 2: perffect16 ($2.89 in chips) 
Seat 3: wALEXSANDRw ($3.07 in chips) 
Seat 4: o'travolta ($1.50 in chips) 
Seat 5: jhonsoto83 ($2.04 in chips) 
Seat 6: Boechat97 ($0.93 in chips) 
Seat 7: Dorex2007 ($3.15 in chips) 
Seat 8: drive107 ($1.96 in chips) 
Seat 9: Tweedy620 ($1.65 in chips) 
o'travolta: posts small blind $0.01
jhonsoto83: posts big blind $0.02
Nightraven54: sits out 
*** HOLE CARDS ***
Dealt to Dorex2007 [2d 2h]
Boechat97: calls $0.02
Dorex2007: folds 
drive107: folds 
Tweedy620: calls $0.02
perffect16: folds 
wALEXSANDRw: calls $0.02
o'travolta: calls $0.01
jhonsoto83: checks 
*** FLOP *** [9d Tc 8s]
o'travolta: checks 
jhonsoto83: checks 
Boechat97: checks 
Tweedy620: checks 
wALEXSANDRw: checks 
*** TURN *** [9d Tc 8s] [Ts]
o'travolta: checks 
jhonsoto83: checks 
Boechat97: checks 
Tweedy620: checks 
wALEXSANDRw: checks 
*** RIVER *** [9d Tc 8s Ts] [3h]
o'travolta: bets $0.06
jhonsoto83: calls $0.06
Boechat97: folds 
Tweedy620: folds 
wALEXSANDRw: folds 
*** SHOW DOWN ***
o'travolta: shows [3s 6h] (two pair, Tens and Threes)
jhonsoto83: shows [7h 8h] (two pair, Tens and Eights)
jhonsoto83 collected $0.21 from pot
*** SUMMARY ***
Total pot $0.22 | Rake $0.01 
Board [9d Tc 8s Ts 3h]
Seat 2: perffect16 folded before Flop (didn't bet)
Seat 3: wALEXSANDRw (button) folded on the River
Seat 4: o'travolta (small blind) showed [3s 6h] and lost with two pair, Tens and Threes
Seat 5: jhonsoto83 (big blind) showed [7h 8h] and won ($0.21) with two pair, Tens and Eights
Seat 6: Boechat97 folded on the River
Seat 7: Dorex2007 folded before Flop (didn't bet)
Seat 8: drive107 folded before Flop (didn't bet)
Seat 9: Tweedy620 folded on the River



PokerStars Hand #237571120793:  Hold'em No Limit ($0.01/$0.02 USD) - 2022/07/24 22:03:01 PT [2022/07/25 1:03:01 ET]
Table 'Segin' 9-max Seat #4 is the button
Seat 2: perffect16 ($2.89 in chips) 
Seat 3: wALEXSANDRw ($3.05 in chips) 
Seat 4: o'travolta ($1.42 in chips) 
Seat 5: jhonsoto83 ($2.17 in chips) 
Seat 6: Boechat97 ($0.91 in chips) 
Seat 7: Dorex2007 ($3.15 in chips) 
Seat 9: Tweedy620 ($1.63 in chips) 
jhonsoto83: posts small blind $0.01
Boechat97: posts big blind $0.02
Nightraven54: sits out 
*** HOLE CARDS ***
Dealt to Dorex2007 [7d Js]
Dorex2007: folds 
Tweedy620: folds 
perffect16: folds 
wALEXSANDRw: folds 
o'travolta: calls $0.02
jhonsoto83: raises $0.02 to $0.04
Boechat97: calls $0.02
o'travolta: calls $0.02
*** FLOP *** [6c Jc 7s]
jhonsoto83: checks 
Boechat97: checks 
o'travolta: bets $0.04
jhonsoto83: folds 
Boechat97: calls $0.04
*** TURN *** [6c Jc 7s] [9s]
jhonsoto83 leaves the table
Boechat97: checks 
o'travolta: bets $0.08
Boechat97: raises $0.08 to $0.16
o'travolta: calls $0.08
*** RIVER *** [6c Jc 7s 9s] [Tc]
Szendi58 joins the table at seat #5 
Boechat97: bets $0.67 and is all-in
o'travolta: folds 
Uncalled bet ($0.67) returned to Boechat97
Boechat97 collected $0.50 from pot
*** SUMMARY ***
Total pot $0.52 | Rake $0.02 
Board [6c Jc 7s 9s Tc]
Seat 2: perffect16 folded before Flop (didn't bet)
Seat 3: wALEXSANDRw folded before Flop (didn't bet)
Seat 4: o'travolta (button) folded on the River
Seat 5: jhonsoto83 (small blind) folded on the Flop
Seat 6: Boechat97 (big blind) collected ($0.50)
Seat 7: Dorex2007 folded before Flop (didn't bet)
Seat 9: Tweedy620 folded before Flop (didn't bet)



PokerStars Hand #237571127336:  Hold'em No Limit ($0.01/$0.02 USD) - 2022/07/24 22:04:02 PT [2022/07/25 1:04:02 ET]
Table 'Segin' 9-max Seat #6 is the button
Seat 2: perffect16 ($2.89 in chips) 
Seat 3: wALEXSANDRw ($3.05 in chips) 
Seat 4: o'travolta ($1.18 in chips) 
Seat 5: Szendi58 ($2 in chips) 
Seat 6: Boechat97 ($1.17 in chips) 
Seat 7: Dorex2007 ($3.15 in chips) 
Seat 9: Tweedy620 ($1.63 in chips) 
Dorex2007: posts small blind $0.01
Tweedy620: posts big blind $0.02
Nightraven54: sits out 
Szendi58: posts big blind $0.02
*** HOLE CARDS ***
Dealt to Dorex2007 [Ah 8h]
perffect16: folds 
wALEXSANDRw: folds 
o'travolta: calls $0.02
Szendi58: raises $0.02 to $0.04
Boechat97: raises $0.02 to $0.06
Dorex2007: folds 
Tweedy620: folds 
o'travolta: calls $0.04
Szendi58: calls $0.02
*** FLOP *** [3h 9s 5c]
o'travolta: checks 
Szendi58: checks 
Boechat97: checks 
*** TURN *** [3h 9s 5c] [Js]
o'travolta: checks 
Szendi58: bets $0.10
Boechat97: folds 
o'travolta: calls $0.10
*** RIVER *** [3h 9s 5c Js] [4c]
o'travolta: checks 
Szendi58: bets $0.20
o'travolta: calls $0.20
*** SHOW DOWN ***
Szendi58: shows [Td Qd] (high card Queen)
o'travolta: shows [Jh Ts] (a pair of Jacks)
o'travolta collected $0.78 from pot
*** SUMMARY ***
Total pot $0.81 | Rake $0.03 
Board [3h 9s 5c Js 4c]
Seat 2: perffect16 folded before Flop (didn't bet)
Seat 3: wALEXSANDRw folded before Flop (didn't bet)
Seat 4: o'travolta showed [Jh Ts] and won ($0.78) with a pair of Jacks
Seat 5: Szendi58 showed [Td Qd] and lost with high card Queen
Seat 6: Boechat97 (button) folded on the Turn
Seat 7: Dorex2007 (small blind) folded before Flop
Seat 9: Tweedy620 (big blind) folded before Flop



PokerStars Hand #237571151321:  Hold'em No Limit ($0.01/$0.02 USD) - 2022/07/24 22:05:41 PT [2022/07/25 1:05:41 ET]
Table 'Segin' 9-max Seat #7 is the button
Seat 1: Nightraven54 ($2 in chips) 
Seat 2: perffect16 ($2.89 in chips) 
Seat 3: wALEXSANDRw ($3.05 in chips) 
Seat 4: o'travolta ($1.60 in chips) 
Seat 5: Szendi58 ($1.64 in chips) 
Seat 6: Boechat97 ($1.11 in chips) 
Seat 7: Dorex2007 ($3.14 in chips) 
Seat 9: Tweedy620 ($1.61 in chips) 
Tweedy620: posts small blind $0.01
Nightraven54: posts big blind $0.02
*** HOLE CARDS ***
Dealt to Dorex2007 [7d 7s]
perffect16: folds 
wALEXSANDRw: folds 
o'travolta: folds 
Szendi58: folds 
Boechat97: calls $0.02
Dorex2007 has timed out
Dorex2007: folds 
Tweedy620: calls $0.01
Nightraven54: checks 
*** FLOP *** [Kc 4d As]
Tweedy620: checks 
Nightraven54: checks 
Boechat97: bets $0.02
Tweedy620: calls $0.02
Nightraven54: folds 
*** TURN *** [Kc 4d As] [8s]
Tweedy620: checks 
Boechat97: bets $0.02
Tweedy620: calls $0.02
*** RIVER *** [Kc 4d As 8s] [Tc]
Tweedy620: checks 
Boechat97: bets $0.02
Tweedy620: calls $0.02
*** SHOW DOWN ***
Boechat97: shows [5c Ad] (a pair of Aces)
Tweedy620: mucks hand 
Boechat97 collected $0.17 from pot
*** SUMMARY ***
Total pot $0.18 | Rake $0.01 
Board [Kc 4d As 8s Tc]
Seat 1: Nightraven54 (big blind) folded on the Flop
Seat 2: perffect16 folded before Flop (didn't bet)
Seat 3: wALEXSANDRw folded before Flop (didn't bet)
Seat 4: o'travolta folded before Flop (didn't bet)
Seat 5: Szendi58 folded before Flop (didn't bet)
Seat 6: Boechat97 showed [5c Ad] and won ($0.17) with a pair of Aces
Seat 7: Dorex2007 (button) folded before Flop (didn't bet)
Seat 9: Tweedy620 (small blind) mucked [Kd Jd]



PokerStars Hand #237571157573:  Hold'em No Limit ($0.01/$0.02 USD) - 2022/07/24 22:06:40 PT [2022/07/25 1:06:40 ET]
Table 'Segin' 9-max Seat #9 is the button
Seat 1: Nightraven54 ($1.98 in chips) 
Seat 2: perffect16 ($2.89 in chips) 
Seat 3: wALEXSANDRw ($3.05 in chips) 
Seat 4: o'travolta ($1.60 in chips) 
Seat 5: Szendi58 ($2 in chips) 
Seat 6: Boechat97 ($1.20 in chips) 
Seat 7: Dorex2007 ($3.14 in chips) 
Seat 8: drive107 ($1.96 in chips) 
Seat 9: Tweedy620 ($1.53 in chips) 
Nightraven54: posts small blind $0.01
perffect16: posts big blind $0.02
drive107: posts small & big blinds $0.03
*** HOLE CARDS ***
Dealt to Dorex2007 [8d 4c]
wALEXSANDRw: folds 
o'travolta: calls $0.02
Szendi58: raises $0.02 to $0.04
Boechat97: calls $0.04
Dorex2007: folds 
drive107: calls $0.02
Tweedy620: calls $0.04
Nightraven54: folds 
perffect16: calls $0.02
o'travolta: calls $0.02
*** FLOP *** [4h 7h 6h]
perffect16: bets $0.12
o'travolta: calls $0.12
Szendi58: folds 
Boechat97: raises $1.04 to $1.16 and is all-in
drive107: folds 
Tweedy620: folds 
perffect16: raises $1.69 to $2.85 and is all-in
o'travolta: folds 
Uncalled bet ($1.69) returned to perffect16
*** TURN *** [4h 7h 6h] [3d]
*** RIVER *** [4h 7h 6h 3d] [Ad]
*** SHOW DOWN ***
perffect16: shows [Jh 8h] (a flush, Jack high)
Boechat97: shows [5c 3c] (a straight, Three to Seven)
perffect16 collected $2.61 from pot
*** SUMMARY ***
Total pot $2.70 | Rake $0.09 
Board [4h 7h 6h 3d Ad]
Seat 1: Nightraven54 (small blind) folded before Flop
Seat 2: perffect16 (big blind) showed [Jh 8h] and won ($2.61) with a flush, Jack high
Seat 3: wALEXSANDRw folded before Flop (didn't bet)
Seat 4: o'travolta folded on the Flop
Seat 5: Szendi58 folded on the Flop
Seat 6: Boechat97 showed [5c 3c] and lost with a straight, Three to Seven
Seat 7: Dorex2007 folded before Flop (didn't bet)
Seat 8: drive107 folded on the Flop
Seat 9: Tweedy620 (button) folded on the Flop



PokerStars Hand #237571163440:  Hold'em No Limit ($0.01/$0.02 USD) - 2022/07/24 22:07:35 PT [2022/07/25 1:07:35 ET]
Table 'Segin' 9-max Seat #1 is the button
Seat 1: Nightraven54 ($1.97 in chips) 
Seat 2: perffect16 ($4.30 in chips) 
Seat 3: wALEXSANDRw ($3.05 in chips) 
Seat 4: o'travolta ($1.44 in chips) 
Seat 5: Szendi58 ($1.96 in chips) 
Seat 7: Dorex2007 ($3.14 in chips) 
Seat 8: drive107 ($1.91 in chips) 
Seat 9: Tweedy620 ($1.49 in chips) 
perffect16: posts small blind $0.01
wALEXSANDRw: posts big blind $0.02
*** HOLE CARDS ***
Dealt to Dorex2007 [2h 5s]
o'travolta: calls $0.02
Boechat97 leaves the table
Szendi58: folds 
Dorex2007: folds 
drive107: folds 
Tweedy620: calls $0.02
Nightraven54: raises $0.04 to $0.06
perffect16: calls $0.05
wALEXSANDRw: calls $0.04
o'travolta: calls $0.04
Tweedy620: calls $0.04
*** FLOP *** [9d 8d Kc]
losmerca joins the table at seat #6 
perffect16: checks 
wALEXSANDRw: checks 
o'travolta: checks 
Tweedy620: checks 
Nightraven54: checks 
*** TURN *** [9d 8d Kc] [9s]
perffect16: checks 
wALEXSANDRw: checks 
o'travolta: checks 
Tweedy620: checks 
Nightraven54: bets $0.14
perffect16: folds 
wALEXSANDRw: folds 
o'travolta: calls $0.14
Tweedy620: folds 
*** RIVER *** [9d 8d Kc 9s] [Ks]
o'travolta: checks 
Nightraven54: checks 
*** SHOW DOWN ***
o'travolta: shows [7d 6d] (two pair, Kings and Nines)
Nightraven54: shows [6c 6s] (two pair, Kings and Nines)
o'travolta collected $0.28 from pot
Nightraven54 collected $0.28 from pot
*** SUMMARY ***
Total pot $0.58 | Rake $0.02 
Board [9d 8d Kc 9s Ks]
Seat 1: Nightraven54 (button) showed [6c 6s] and won ($0.28) with two pair, Kings and Nines
Seat 2: perffect16 (small blind) folded on the Turn
Seat 3: wALEXSANDRw (big blind) folded on the Turn
Seat 4: o'travolta showed [7d 6d] and won ($0.28) with two pair, Kings and Nines
Seat 5: Szendi58 folded before Flop (didn't bet)
Seat 7: Dorex2007 folded before Flop (didn't bet)
Seat 8: drive107 folded before Flop (didn't bet)
Seat 9: Tweedy620 folded on the Turn



PokerStars Hand #237571171622:  Hold'em No Limit ($0.01/$0.02 USD) - 2022/07/24 22:08:52 PT [2022/07/25 1:08:52 ET]
Table 'Segin' 9-max Seat #2 is the button
Seat 1: Nightraven54 ($2.05 in chips) 
Seat 2: perffect16 ($4.24 in chips) 
Seat 3: wALEXSANDRw ($2.99 in chips) 
Seat 4: o'travolta ($1.52 in chips) 
Seat 5: Szendi58 ($1.96 in chips) 
Seat 6: losmerca ($0.89 in chips) 
Seat 7: Dorex2007 ($3.14 in chips) 
Seat 8: drive107 ($1.91 in chips) 
Seat 9: Tweedy620 ($1.43 in chips) 
wALEXSANDRw: posts small blind $0.01
o'travolta: posts big blind $0.02
losmerca: posts big blind $0.02
*** HOLE CARDS ***
Dealt to Dorex2007 [Ad 4c]
Szendi58: folds 
losmerca: checks 
Dorex2007: folds 
drive107: folds 
Tweedy620: folds 
Nightraven54: folds 
perffect16: calls $0.02
wALEXSANDRw: folds 
o'travolta: checks 
*** FLOP *** [Td 7c 5c]
o'travolta: checks 
losmerca: checks 
perffect16: bets $0.07
o'travolta: calls $0.07
losmerca: folds 
*** TURN *** [Td 7c 5c] [Qc]
o'travolta: checks 
perffect16: checks 
*** RIVER *** [Td 7c 5c Qc] [6h]
o'travolta: bets $0.10
perffect16: calls $0.10
*** SHOW DOWN ***
o'travolta: shows [8d 9c] (a straight, Six to Ten)
perffect16: mucks hand 
o'travolta collected $0.40 from pot
*** SUMMARY ***
Total pot $0.41 | Rake $0.01 
Board [Td 7c 5c Qc 6h]
Seat 1: Nightraven54 folded before Flop (didn't bet)
Seat 2: perffect16 (button) mucked [6d 6c]
Seat 3: wALEXSANDRw (small blind) folded before Flop
Seat 4: o'travolta (big blind) showed [8d 9c] and won ($0.40) with a straight, Six to Ten
Seat 5: Szendi58 folded before Flop (didn't bet)
Seat 6: losmerca folded on the Flop (didn't bet)
Seat 7: Dorex2007 folded before Flop (didn't bet)
Seat 8: drive107 folded before Flop (didn't bet)
Seat 9: Tweedy620 folded before Flop (didn't bet)



PokerStars Hand #237571179103:  Hold'em No Limit ($0.01/$0.02 USD) - 2022/07/24 22:10:02 PT [2022/07/25 1:10:02 ET]
Table 'Segin' 9-max Seat #3 is the button
Seat 1: Nightraven54 ($2.05 in chips) 
Seat 2: perffect16 ($4.05 in chips) 
Seat 3: wALEXSANDRw ($2.98 in chips) 
Seat 4: o'travolta ($1.73 in chips) 
Seat 5: Szendi58 ($1.96 in chips) 
Seat 6: losmerca ($0.87 in chips) 
Seat 7: Dorex2007 ($3.14 in chips) 
Seat 8: drive107 ($1.91 in chips) 
Seat 9: Tweedy620 ($1.43 in chips) 
o'travolta: posts small blind $0.01
Szendi58: posts big blind $0.02
*** HOLE CARDS ***
Dealt to Dorex2007 [Qc Ah]
losmerca: folds 
Dorex2007: raises $0.08 to $0.10
drive107: folds 
Tweedy620: folds 
Nightraven54: folds 
perffect16 has timed out
perffect16: folds 
wALEXSANDRw: folds 
o'travolta: folds 
Szendi58: folds 
Uncalled bet ($0.08) returned to Dorex2007
Dorex2007 collected $0.05 from pot
*** SUMMARY ***
Total pot $0.05 | Rake $0 
Seat 1: Nightraven54 folded before Flop (didn't bet)
Seat 2: perffect16 folded before Flop (didn't bet)
Seat 3: wALEXSANDRw (button) folded before Flop (didn't bet)
Seat 4: o'travolta (small blind) folded before Flop
Seat 5: Szendi58 (big blind) folded before Flop
Seat 6: losmerca folded before Flop (didn't bet)
Seat 7: Dorex2007 collected ($0.05)
Seat 8: drive107 folded before Flop (didn't bet)
Seat 9: Tweedy620 folded before Flop (didn't bet)



PokerStars Hand #237571182428:  Hold'em No Limit ($0.01/$0.02 USD) - 2022/07/24 22:10:34 PT [2022/07/25 1:10:34 ET]
Table 'Segin' 9-max Seat #4 is the button
Seat 1: Nightraven54 ($2.05 in chips) 
Seat 3: wALEXSANDRw ($2.98 in chips) 
Seat 4: o'travolta ($1.72 in chips) 
Seat 5: Szendi58 ($1.94 in chips) 
Seat 6: losmerca ($0.87 in chips) 
Seat 7: Dorex2007 ($3.17 in chips) 
Seat 8: drive107 ($1.91 in chips) 
Seat 9: Tweedy620 ($1.43 in chips) 
Szendi58: posts small blind $0.01
losmerca: posts big blind $0.02
*** HOLE CARDS ***
Dealt to Dorex2007 [Js 4h]
Dorex2007: folds 
drive107: folds 
Tweedy620: calls $0.02
Nightraven54: folds 
wALEXSANDRw: folds 
o'travolta: folds 
Szendi58: calls $0.01
losmerca: checks 
*** FLOP *** [4d 3s 5c]
Szendi58: checks 
losmerca: checks 
Tweedy620: bets $0.10
Szendi58: folds 
losmerca: raises $0.75 to $0.85 and is all-in
Tweedy620: calls $0.75
*** TURN *** [4d 3s 5c] [Kc]
*** RIVER *** [4d 3s 5c Kc] [3c]
*** SHOW DOWN ***
losmerca: shows [7d 5d] (two pair, Fives and Threes)
Tweedy620: shows [Ks Kd] (a full house, Kings full of Threes)
Tweedy620 cashed out the hand for $1.06 | Cash Out Fee $0.01
*** SUMMARY ***
Total pot $1.76 | Rake $0.06 
Board [4d 3s 5c Kc 3c]
Seat 1: Nightraven54 folded before Flop (didn't bet)
Seat 3: wALEXSANDRw folded before Flop (didn't bet)
Seat 4: o'travolta (button) folded before Flop (didn't bet)
Seat 5: Szendi58 (small blind) folded on the Flop
Seat 6: losmerca (big blind) showed [7d 5d] and lost with two pair, Fives and Threes
Seat 7: Dorex2007 folded before Flop (didn't bet)
Seat 8: drive107 folded before Flop (didn't bet)
Seat 9: Tweedy620 showed [Ks Kd] and won ($1.70) with a full house, Kings full of Threes (pot not awarded as player cashed out)



PokerStars Hand #237571188727:  Hold'em No Limit ($0.01/$0.02 USD) - 2022/07/24 22:11:33 PT [2022/07/25 1:11:33 ET]
Table 'Segin' 9-max Seat #5 is the button
Seat 1: Nightraven54 ($2.05 in chips) 
Seat 2: perffect16 ($4.05 in chips) 
Seat 3: wALEXSANDRw ($2.98 in chips) 
Seat 4: o'travolta ($1.72 in chips) 
Seat 5: Szendi58 ($1.92 in chips) 
Seat 7: Dorex2007 ($3.17 in chips) 
Seat 8: drive107 ($1.91 in chips) 
Seat 9: Tweedy620 ($1.62 in chips) 
Dorex2007: posts small blind $0.01
drive107: posts big blind $0.02
*** HOLE CARDS ***
Dealt to Dorex2007 [2c 5d]
Tweedy620: calls $0.02
Nightraven54: folds 
perffect16: folds 
wALEXSANDRw: raises $0.02 to $0.04
o'travolta: calls $0.04
Szendi58: folds 
Dorex2007: folds 
drive107: folds 
Tweedy620: calls $0.02
*** FLOP *** [Jh Qd 7s]
Tweedy620: bets $0.08
wALEXSANDRw: folds 
o'travolta: calls $0.08
*** TURN *** [Jh Qd 7s] [8c]
Tweedy620: bets $0.08
o'travolta: calls $0.08
*** RIVER *** [Jh Qd 7s 8c] [9s]
Tweedy620: bets $0.08
o'travolta: calls $0.08
*** SHOW DOWN ***
Tweedy620: shows [Td Qs] (a straight, Eight to Queen)
o'travolta: mucks hand 
Tweedy620 collected $0.61 from pot
*** SUMMARY ***
Total pot $0.63 | Rake $0.02 
Board [Jh Qd 7s 8c 9s]
Seat 1: Nightraven54 folded before Flop (didn't bet)
Seat 2: perffect16 folded before Flop (didn't bet)
Seat 3: wALEXSANDRw folded on the Flop
Seat 4: o'travolta mucked [9h 8h]
Seat 5: Szendi58 (button) folded before Flop (didn't bet)
Seat 7: Dorex2007 (small blind) folded before Flop
Seat 8: drive107 (big blind) folded before Flop
Seat 9: Tweedy620 showed [Td Qs] and won ($0.61) with a straight, Eight to Queen



PokerStars Hand #237571193497:  Hold'em No Limit ($0.01/$0.02 USD) - 2022/07/24 22:12:19 PT [2022/07/25 1:12:19 ET]
Table 'Segin' 9-max Seat #7 is the button
Seat 1: Nightraven54 ($2.05 in chips) 
Seat 2: perffect16 ($4.05 in chips) 
Seat 3: wALEXSANDRw ($2.94 in chips) 
Seat 4: o'travolta ($1.44 in chips) 
Seat 5: Szendi58 ($1.92 in chips) 
Seat 6: losmerca ($0.90 in chips) 
Seat 7: Dorex2007 ($3.16 in chips) 
Seat 8: drive107 ($1.89 in chips) 
drive107: posts small blind $0.01
Tweedy620: is sitting out 
Nightraven54: posts big blind $0.02
losmerca: posts small blind $0.01
*** HOLE CARDS ***
Dealt to Dorex2007 [2c 5h]
perffect16: folds 
wALEXSANDRw: folds 
o'travolta: calls $0.02
Szendi58: raises $0.08 to $0.10
losmerca: folds 
Dorex2007: folds 
drive107: folds 
Nightraven54: folds 
o'travolta: folds 
Uncalled bet ($0.08) returned to Szendi58
Szendi58 collected $0.08 from pot
*** SUMMARY ***
Total pot $0.08 | Rake $0 
Seat 1: Nightraven54 (big blind) folded before Flop
Seat 2: perffect16 folded before Flop (didn't bet)
Seat 3: wALEXSANDRw folded before Flop (didn't bet)
Seat 4: o'travolta folded before Flop
Seat 5: Szendi58 collected ($0.08)
Seat 6: losmerca folded before Flop (didn't bet)
Seat 7: Dorex2007 (button) folded before Flop (didn't bet)
Seat 8: drive107 (small blind) folded before Flop



PokerStars Hand #237571195484:  Hold'em No Limit ($0.01/$0.02 USD) - 2022/07/24 22:12:39 PT [2022/07/25 1:12:39 ET]
Table 'Segin' 9-max Seat #8 is the button
Seat 1: Nightraven54 ($2.03 in chips) 
Seat 2: perffect16 ($4.05 in chips) 
Seat 3: wALEXSANDRw ($2.94 in chips) 
Seat 4: o'travolta ($1.42 in chips) 
Seat 5: Szendi58 ($1.98 in chips) 
Seat 6: losmerca ($0.89 in chips) 
Seat 7: Dorex2007 ($3.16 in chips) 
Seat 8: drive107 ($1.88 in chips) 
Nightraven54: posts small blind $0.01
perffect16: posts big blind $0.02
*** HOLE CARDS ***
Dealt to Dorex2007 [Jc Kh]
wALEXSANDRw: raises $0.02 to $0.04
o'travolta: calls $0.04
Szendi58: folds 
losmerca: folds 
Dorex2007: calls $0.04
drive107: calls $0.04
Nightraven54: folds 
perffect16: folds 
*** FLOP *** [6c 5s Kd]
wALEXSANDRw: checks 
o'travolta: bets $0.04
Dorex2007: raises $0.13 to $0.17
drive107: folds 
wALEXSANDRw: folds 
o'travolta: calls $0.13
*** TURN *** [6c 5s Kd] [5h]
o'travolta: checks 
Dorex2007: bets $0.34
o'travolta: folds 
Uncalled bet ($0.34) returned to Dorex2007
Dorex2007 collected $0.51 from pot
*** SUMMARY ***
Total pot $0.53 | Rake $0.02 
Board [6c 5s Kd 5h]
Seat 1: Nightraven54 (small blind) folded before Flop
Seat 2: perffect16 (big blind) folded before Flop
Seat 3: wALEXSANDRw folded on the Flop
Seat 4: o'travolta folded on the Turn
Seat 5: Szendi58 folded before Flop (didn't bet)
Seat 6: losmerca folded before Flop (didn't bet)
Seat 7: Dorex2007 collected ($0.51)
Seat 8: drive107 (button) folded on the Flop



PokerStars Hand #237571203897:  Hold'em No Limit ($0.01/$0.02 USD) - 2022/07/24 22:14:01 PT [2022/07/25 1:14:01 ET]
Table 'Segin' 9-max Seat #1 is the button
Seat 1: Nightraven54 ($2.02 in chips) 
Seat 2: perffect16 ($4.03 in chips) 
Seat 3: wALEXSANDRw ($2.90 in chips) 
Seat 4: o'travolta ($1.21 in chips) 
Seat 5: Szendi58 ($1.98 in chips) 
Seat 6: losmerca ($0.89 in chips) 
Seat 7: Dorex2007 ($3.46 in chips) 
Seat 8: drive107 ($1.84 in chips) 
perffect16: posts small blind $0.01
wALEXSANDRw: posts big blind $0.02
*** HOLE CARDS ***
Dealt to Dorex2007 [6h 4h]
o'travolta: folds 
Szendi58: raises $0.02 to $0.04
losmerca: folds 
Dorex2007: folds 
drive107: folds 
Nightraven54: folds 
perffect16: folds 
wALEXSANDRw: calls $0.02
*** FLOP *** [Kh 7h Ad]
wALEXSANDRw: checks 
Szendi58: checks 
*** TURN *** [Kh 7h Ad] [Th]
wALEXSANDRw: checks 
Szendi58: bets $0.02
wALEXSANDRw: folds 
Uncalled bet ($0.02) returned to Szendi58
Szendi58 collected $0.09 from pot
*** SUMMARY ***
Total pot $0.09 | Rake $0 
Board [Kh 7h Ad Th]
Seat 1: Nightraven54 (button) folded before Flop (didn't bet)
Seat 2: perffect16 (small blind) folded before Flop
Seat 3: wALEXSANDRw (big blind) folded on the Turn
Seat 4: o'travolta folded before Flop (didn't bet)
Seat 5: Szendi58 collected ($0.09)
Seat 6: losmerca folded before Flop (didn't bet)
Seat 7: Dorex2007 folded before Flop (didn't bet)
Seat 8: drive107 folded before Flop (didn't bet)



PokerStars Hand #237571206739:  Hold'em No Limit ($0.01/$0.02 USD) - 2022/07/24 22:14:28 PT [2022/07/25 1:14:28 ET]
Table 'Segin' 9-max Seat #2 is the button
Seat 1: Nightraven54 ($2.02 in chips) 
Seat 2: perffect16 ($4.02 in chips) 
Seat 3: wALEXSANDRw ($2.86 in chips) 
Seat 4: o'travolta ($1.21 in chips) 
Seat 5: Szendi58 ($2.03 in chips) 
Seat 6: losmerca ($0.89 in chips) 
Seat 7: Dorex2007 ($3.46 in chips) 
Seat 8: drive107 ($1.84 in chips) 
wALEXSANDRw: posts small blind $0.01
o'travolta: posts big blind $0.02
*** HOLE CARDS ***
Dealt to Dorex2007 [6d Ac]
Szendi58: folds 
losmerca: raises $0.02 to $0.04
Dorex2007: folds 
drive107: folds 
Nightraven54: folds 
perffect16: calls $0.04
wALEXSANDRw: calls $0.03
o'travolta: calls $0.02
*** FLOP *** [5s 9h Qs]
wALEXSANDRw: checks 
o'travolta: checks 
losmerca: checks 
perffect16: checks 
*** TURN *** [5s 9h Qs] [Tc]
wALEXSANDRw: checks 
o'travolta is disconnected 
o'travolta has timed out while disconnected
o'travolta: checks 
losmerca: bets $0.10
perffect16: calls $0.10
wALEXSANDRw: folds 
wALEXSANDRw is disconnected 
o'travolta has timed out while disconnected
o'travolta: folds 
*** RIVER *** [5s 9h Qs Tc] [2s]
losmerca: checks 
perffect16: checks 
*** SHOW DOWN ***
losmerca: shows [7c 8c] (high card Queen)
perffect16: shows [Th As] (a pair of Tens)
perffect16 collected $0.35 from pot
*** SUMMARY ***
Total pot $0.36 | Rake $0.01 
Board [5s 9h Qs Tc 2s]
Seat 1: Nightraven54 folded before Flop (didn't bet)
Seat 2: perffect16 (button) showed [Th As] and won ($0.35) with a pair of Tens
Seat 3: wALEXSANDRw (small blind) folded on the Turn
Seat 4: o'travolta (big blind) folded on the Turn
Seat 5: Szendi58 folded before Flop (didn't bet)
Seat 6: losmerca showed [7c 8c] and lost with high card Queen
Seat 7: Dorex2007 folded before Flop (didn't bet)
Seat 8: drive107 folded before Flop (didn't bet)



PokerStars Hand #237571225582:  Hold'em No Limit ($0.01/$0.02 USD) - 2022/07/24 22:17:29 PT [2022/07/25 1:17:29 ET]
Table 'Segin' 9-max Seat #3 is the button
Seat 1: Nightraven54 ($2.02 in chips) 
Seat 2: perffect16 ($4.23 in chips) 
Seat 3: wALEXSANDRw ($2.82 in chips) 
Seat 5: Szendi58 ($2.03 in chips) 
Seat 6: losmerca ($0.75 in chips) 
Seat 7: Dorex2007 ($3.46 in chips) 
Seat 8: drive107 ($1.84 in chips) 
Szendi58: posts small blind $0.01
losmerca: posts big blind $0.02
*** HOLE CARDS ***
Dealt to Dorex2007 [6h 8d]
Dorex2007: folds 
drive107: folds 
Nightraven54: folds 
perffect16: calls $0.02
wALEXSANDRw has timed out while disconnected
wALEXSANDRw: folds 
Szendi58: raises $0.02 to $0.04
losmerca: folds 
perffect16: calls $0.02
*** FLOP *** [8h Qc 7d]
Szendi58: checks 
perffect16: bets $0.10
Szendi58: calls $0.10
*** TURN *** [8h Qc 7d] [3c]
Szendi58: checks 
perffect16: bets $0.29
Szendi58: calls $0.29
*** RIVER *** [8h Qc 7d 3c] [5s]
Szendi58: bets $0.85
perffect16: calls $0.85
*** SHOW DOWN ***
Szendi58: shows [7c 7h] (three of a kind, Sevens)
perffect16: mucks hand 
Szendi58 collected $2.49 from pot
*** SUMMARY ***
Total pot $2.58 | Rake $0.09 
Board [8h Qc 7d 3c 5s]
Seat 1: Nightraven54 folded before Flop (didn't bet)
Seat 2: perffect16 mucked [Qs 7s]
Seat 3: wALEXSANDRw (button) folded before Flop (didn't bet)
Seat 5: Szendi58 (small blind) showed [7c 7h] and won ($2.49) with three of a kind, Sevens
Seat 6: losmerca (big blind) folded before Flop
Seat 7: Dorex2007 folded before Flop (didn't bet)
Seat 8: drive107 folded before Flop (didn't bet)



PokerStars Hand #237571233952:  Hold'em No Limit ($0.01/$0.02 USD) - 2022/07/24 22:18:46 PT [2022/07/25 1:18:46 ET]
Table 'Segin' 9-max Seat #5 is the button
Seat 1: Nightraven54 ($2.02 in chips) 
Seat 2: perffect16 ($2.95 in chips) 
Seat 5: Szendi58 ($3.24 in chips) 
Seat 6: losmerca ($0.73 in chips) 
Seat 7: Dorex2007 ($3.46 in chips) 
Seat 8: drive107 ($1.84 in chips) 
losmerca: posts small blind $0.01
Dorex2007: posts big blind $0.02
*** HOLE CARDS ***
Dealt to Dorex2007 [9s 5h]
drive107: folds 
Nightraven54: raises $0.04 to $0.06
perffect16: folds 
Szendi58 has timed out
Szendi58: folds 
losmerca: calls $0.05
Dorex2007: folds 
*** FLOP *** [Ac Jd 2h]
losmerca: checks 
Nightraven54: checks 
*** TURN *** [Ac Jd 2h] [7c]
losmerca: checks 
Nightraven54: checks 
*** RIVER *** [Ac Jd 2h 7c] [As]
losmerca: bets $0.05
Nightraven54: folds 
Uncalled bet ($0.05) returned to losmerca
losmerca collected $0.14 from pot
*** SUMMARY ***
Total pot $0.14 | Rake $0 
Board [Ac Jd 2h 7c As]
Seat 1: Nightraven54 folded on the River
Seat 2: perffect16 folded before Flop (didn't bet)
Seat 5: Szendi58 (button) folded before Flop (didn't bet)
Seat 6: losmerca (small blind) collected ($0.14)
Seat 7: Dorex2007 (big blind) folded before Flop
Seat 8: drive107 folded before Flop (didn't bet)



PokerStars Hand #237571238663:  Hold'em No Limit ($0.01/$0.02 USD) - 2022/07/24 22:19:31 PT [2022/07/25 1:19:31 ET]
Table 'Segin' 9-max Seat #6 is the button
Seat 1: Nightraven54 ($1.96 in chips) 
Seat 2: perffect16 ($2.95 in chips) 
Seat 5: Szendi58 ($3.24 in chips) 
Seat 6: losmerca ($0.81 in chips) 
Seat 7: Dorex2007 ($3.44 in chips) 
Seat 8: drive107 ($1.84 in chips) 
Dorex2007: posts small blind $0.01
drive107: posts big blind $0.02
Tweedy620: sits out 
*** HOLE CARDS ***
Dealt to Dorex2007 [Kd Ac]
Nightraven54: folds 
perffect16: folds 
Szendi58: raises $0.02 to $0.04
losmerca: folds 
Dorex2007: raises $0.08 to $0.12
drive107: folds 
Szendi58: calls $0.08
*** FLOP *** [4s 7s Ad]
Dorex2007: bets $0.25
Szendi58: folds 
Uncalled bet ($0.25) returned to Dorex2007
Dorex2007 collected $0.25 from pot
*** SUMMARY ***
Total pot $0.26 | Rake $0.01 
Board [4s 7s Ad]
Seat 1: Nightraven54 folded before Flop (didn't bet)
Seat 2: perffect16 folded before Flop (didn't bet)
Seat 5: Szendi58 folded on the Flop
Seat 6: losmerca (button) folded before Flop (didn't bet)
Seat 7: Dorex2007 (small blind) collected ($0.25)
Seat 8: drive107 (big blind) folded before Flop



PokerStars Hand #237571243662:  Hold'em No Limit ($0.01/$0.02 USD) - 2022/07/24 22:20:19 PT [2022/07/25 1:20:19 ET]
Table 'Segin' 9-max Seat #7 is the button
Seat 1: Nightraven54 ($1.96 in chips) 
Seat 2: perffect16 ($2.95 in chips) 
Seat 5: Szendi58 ($3.12 in chips) 
Seat 6: losmerca ($0.81 in chips) 
Seat 7: Dorex2007 ($3.57 in chips) 
Seat 8: drive107 ($2 in chips) 
Seat 9: Tweedy620 ($1.95 in chips) 
drive107: posts small blind $0.01
Tweedy620: posts big blind $0.02
*** HOLE CARDS ***
Dealt to Dorex2007 [Qs 4h]
Nightraven54: folds 
perffect16 has timed out
perffect16: folds 
Szendi58: folds 
losmerca: folds 
Dorex2007: folds 
drive107: folds 
Uncalled bet ($0.01) returned to Tweedy620
Tweedy620 collected $0.02 from pot
*** SUMMARY ***
Total pot $0.02 | Rake $0 
Seat 1: Nightraven54 folded before Flop (didn't bet)
Seat 2: perffect16 folded before Flop (didn't bet)
Seat 5: Szendi58 folded before Flop (didn't bet)
Seat 6: losmerca folded before Flop (didn't bet)
Seat 7: Dorex2007 (button) folded before Flop (didn't bet)
Seat 8: drive107 (small blind) folded before Flop
Seat 9: Tweedy620 (big blind) collected ($0.02)



PokerStars Hand #237571246459:  Hold'em No Limit ($0.01/$0.02 USD) - 2022/07/24 22:20:47 PT [2022/07/25 1:20:47 ET]
Table 'Segin' 9-max Seat #8 is the button
Seat 1: Nightraven54 ($1.96 in chips) 
Seat 5: Szendi58 ($3.12 in chips) 
Seat 6: losmerca ($0.81 in chips) 
Seat 7: Dorex2007 ($3.57 in chips) 
Seat 8: drive107 ($1.99 in chips) 
Seat 9: Tweedy620 ($1.96 in chips) 
Tweedy620: posts small blind $0.01
Nightraven54: posts big blind $0.02
*** HOLE CARDS ***
Dealt to Dorex2007 [7h 7c]
Szendi58: folds 
losmerca: raises $0.02 to $0.04
Dorex2007: raises $0.06 to $0.10
drive107: folds 
Tweedy620: folds 
Nightraven54: folds 
losmerca: calls $0.06
*** FLOP *** [4c Qc 6c]
losmerca: checks 
Dorex2007: bets $0.11
losmerca: folds 
Uncalled bet ($0.11) returned to Dorex2007
Dorex2007 collected $0.22 from pot
*** SUMMARY ***
Total pot $0.23 | Rake $0.01 
Board [4c Qc 6c]
Seat 1: Nightraven54 (big blind) folded before Flop
Seat 5: Szendi58 folded before Flop (didn't bet)
Seat 6: losmerca folded on the Flop
Seat 7: Dorex2007 collected ($0.22)
Seat 8: drive107 (button) folded before Flop (didn't bet)
Seat 9: Tweedy620 (small blind) folded before Flop



PokerStars Hand #237571250045:  Hold'em No Limit ($0.01/$0.02 USD) - 2022/07/24 22:21:22 PT [2022/07/25 1:21:22 ET]
Table 'Segin' 9-max Seat #9 is the button
Seat 1: Nightraven54 ($1.94 in chips) 
Seat 4: o'travolta ($1.17 in chips) 
Seat 5: Szendi58 ($3.12 in chips) 
Seat 6: losmerca ($0.71 in chips) 
Seat 7: Dorex2007 ($3.69 in chips) 
Seat 8: drive107 ($1.99 in chips) 
Seat 9: Tweedy620 ($1.95 in chips) 
Nightraven54: posts small blind $0.01
o'travolta: posts big blind $0.02
*** HOLE CARDS ***
Dealt to Dorex2007 [8c 2c]
Szendi58: raises $0.02 to $0.04
losmerca: folds 
Dorex2007: folds 
drive107: folds 
Tweedy620: folds 
Nightraven54: folds 
o'travolta: folds 
Uncalled bet ($0.02) returned to Szendi58
Szendi58 collected $0.05 from pot
*** SUMMARY ***
Total pot $0.05 | Rake $0 
Seat 1: Nightraven54 (small blind) folded before Flop
Seat 4: o'travolta (big blind) folded before Flop
Seat 5: Szendi58 collected ($0.05)
Seat 6: losmerca folded before Flop (didn't bet)
Seat 7: Dorex2007 folded before Flop (didn't bet)
Seat 8: drive107 folded before Flop (didn't bet)
Seat 9: Tweedy620 (button) folded before Flop (didn't bet)



PokerStars Hand #237571252025:  Hold'em No Limit ($0.01/$0.02 USD) - 2022/07/24 22:21:41 PT [2022/07/25 1:21:41 ET]
Table 'Segin' 9-max Seat #1 is the button
Seat 1: Nightraven54 ($1.93 in chips) 
Seat 4: o'travolta ($1.15 in chips) 
Seat 5: Szendi58 ($3.15 in chips) 
Seat 6: losmerca ($0.71 in chips) 
Seat 7: Dorex2007 ($3.69 in chips) 
Seat 8: drive107 ($1.99 in chips) 
Seat 9: Tweedy620 ($1.95 in chips) 
o'travolta: posts small blind $0.01
Szendi58: posts big blind $0.02
*** HOLE CARDS ***
Dealt to Dorex2007 [Qc 9c]
losmerca: folds 
Dorex2007: folds 
drive107: folds 
Tweedy620: folds 
Nightraven54: folds 
o'travolta: calls $0.01
Szendi58: checks 
*** FLOP *** [Td 2d Tc]
o'travolta: checks 
Szendi58: bets $0.02
o'travolta: calls $0.02
*** TURN *** [Td 2d Tc] [3s]
o'travolta: checks 
Szendi58: bets $0.08
perffect16 leaves the table
o'travolta: calls $0.08
*** RIVER *** [Td 2d Tc 3s] [7s]
o'travolta: bets $0.04
Szendi58: calls $0.04
*** SHOW DOWN ***
o'travolta: shows [3c 8s] (two pair, Tens and Threes)
Szendi58: mucks hand 
o'travolta collected $0.31 from pot
*** SUMMARY ***
Total pot $0.32 | Rake $0.01 
Board [Td 2d Tc 3s 7s]
Seat 1: Nightraven54 (button) folded before Flop (didn't bet)
Seat 4: o'travolta (small blind) showed [3c 8s] and won ($0.31) with two pair, Tens and Threes
Seat 5: Szendi58 (big blind) mucked [Ah 2s]
Seat 6: losmerca folded before Flop (didn't bet)
Seat 7: Dorex2007 folded before Flop (didn't bet)
Seat 8: drive107 folded before Flop (didn't bet)
Seat 9: Tweedy620 folded before Flop (didn't bet)



PokerStars Hand #237571258304:  Hold'em No Limit ($0.01/$0.02 USD) - 2022/07/24 22:22:42 PT [2022/07/25 1:22:42 ET]
Table 'Segin' 9-max Seat #4 is the button
Seat 1: Nightraven54 ($1.93 in chips) 
Seat 4: o'travolta ($1.30 in chips) 
Seat 5: Szendi58 ($2.99 in chips) 
Seat 6: losmerca ($0.71 in chips) 
Seat 7: Dorex2007 ($3.69 in chips) 
Seat 8: drive107 ($1.99 in chips) 
Seat 9: Tweedy620 ($1.95 in chips) 
Szendi58: posts small blind $0.01
losmerca: posts big blind $0.02
*** HOLE CARDS ***
Dealt to Dorex2007 [Js 7h]
Dorex2007: folds 
drive107: folds 
Tweedy620: folds 
Nightraven54: folds 
o'travolta: calls $0.02
Szendi58: raises $0.02 to $0.04
losmerca: calls $0.02
o'travolta: calls $0.02
*** FLOP *** [Ks 2h Ts]
Szendi58: bets $0.02
losmerca: folds 
o'travolta: calls $0.02
*** TURN *** [Ks 2h Ts] [Kc]
Amaro197 joins the table at seat #2 
Szendi58: bets $0.02
o'travolta: calls $0.02
*** RIVER *** [Ks 2h Ts Kc] [3d]
Szendi58: checks 
o'travolta: checks 
*** SHOW DOWN ***
Szendi58: shows [Tc Qc] (two pair, Kings and Tens)
o'travolta: mucks hand 
Szendi58 collected $0.19 from pot
*** SUMMARY ***
Total pot $0.20 | Rake $0.01 
Board [Ks 2h Ts Kc 3d]
Seat 1: Nightraven54 folded before Flop (didn't bet)
Seat 4: o'travolta (button) mucked [5s 5d]
Seat 5: Szendi58 (small blind) showed [Tc Qc] and won ($0.19) with two pair, Kings and Tens
Seat 6: losmerca (big blind) folded on the Flop
Seat 7: Dorex2007 folded before Flop (didn't bet)
Seat 8: drive107 folded before Flop (didn't bet)
Seat 9: Tweedy620 folded before Flop (didn't bet)



PokerStars Hand #237571264922:  Hold'em No Limit ($0.01/$0.02 USD) - 2022/07/24 22:23:46 PT [2022/07/25 1:23:46 ET]
Table 'Segin' 9-max Seat #5 is the button
Seat 1: Nightraven54 ($1.93 in chips) 
Seat 4: o'travolta ($1.22 in chips) 
Seat 5: Szendi58 ($3.10 in chips) 
Seat 6: losmerca ($0.67 in chips) 
Seat 7: Dorex2007 ($3.69 in chips) 
Seat 8: drive107 ($1.99 in chips) 
Seat 9: Tweedy620 ($1.95 in chips) 
losmerca: posts small blind $0.01
Dorex2007: posts big blind $0.02
Amaro197: sits out 
*** HOLE CARDS ***
Dealt to Dorex2007 [3h 4d]
drive107: folds 
Tweedy620: folds 
Nightraven54: folds 
o'travolta: folds 
Szendi58: folds 
losmerca: calls $0.01
Dorex2007: checks 
*** FLOP *** [7s 2c 7c]
losmerca: checks 
Dorex2007: checks 
*** TURN *** [7s 2c 7c] [Jd]
losmerca: bets $0.02
Dorex2007: folds 
Uncalled bet ($0.02) returned to losmerca
losmerca collected $0.04 from pot
*** SUMMARY ***
Total pot $0.04 | Rake $0 
Board [7s 2c 7c Jd]
Seat 1: Nightraven54 folded before Flop (didn't bet)
Seat 4: o'travolta folded before Flop (didn't bet)
Seat 5: Szendi58 (button) folded before Flop (didn't bet)
Seat 6: losmerca (small blind) collected ($0.04)
Seat 7: Dorex2007 (big blind) folded on the Turn
Seat 8: drive107 folded before Flop (didn't bet)
Seat 9: Tweedy620 folded before Flop (didn't bet)



PokerStars Hand #237571269091:  Hold'em No Limit ($0.01/$0.02 USD) - 2022/07/24 22:24:27 PT [2022/07/25 1:24:27 ET]
Table 'Segin' 9-max Seat #6 is the button
Seat 1: Nightraven54 ($1.93 in chips) 
Seat 4: o'travolta ($1.22 in chips) 
Seat 5: Szendi58 ($3.10 in chips) 
Seat 6: losmerca ($0.89 in chips) 
Seat 7: Dorex2007 ($3.67 in chips) 
Seat 8: drive107 ($1.99 in chips) 
Seat 9: Tweedy620 ($1.95 in chips) 
Dorex2007: posts small blind $0.01
drive107: posts big blind $0.02
Amaro197: sits out 
*** HOLE CARDS ***
Dealt to Dorex2007 [8s Kd]
Tweedy620: folds 
Nightraven54: folds 
o'travolta: calls $0.02
Szendi58: calls $0.02
losmerca: folds 
Dorex2007: folds 
drive107: checks 
*** FLOP *** [9c 5s As]
drive107: checks 
o'travolta: checks 
Szendi58: bets $0.02
drive107: folds 
o'travolta: folds 
Uncalled bet ($0.02) returned to Szendi58
Szendi58 collected $0.07 from pot
*** SUMMARY ***
Total pot $0.07 | Rake $0 
Board [9c 5s As]
Seat 1: Nightraven54 folded before Flop (didn't bet)
Seat 4: o'travolta folded on the Flop
Seat 5: Szendi58 collected ($0.07)
Seat 6: losmerca (button) folded before Flop (didn't bet)
Seat 7: Dorex2007 (small blind) folded before Flop
Seat 8: drive107 (big blind) folded on the Flop
Seat 9: Tweedy620 folded before Flop (didn't bet)



PokerStars Hand #237571273298:  Hold'em No Limit ($0.01/$0.02 USD) - 2022/07/24 22:25:09 PT [2022/07/25 1:25:09 ET]
Table 'Segin' 9-max Seat #7 is the button
Seat 1: Nightraven54 ($1.93 in chips) 
Seat 4: o'travolta ($1.20 in chips) 
Seat 5: Szendi58 ($3.15 in chips) 
Seat 6: losmerca ($0.89 in chips) 
Seat 7: Dorex2007 ($3.66 in chips) 
Seat 8: drive107 ($1.97 in chips) 
Seat 9: Tweedy620 ($1.95 in chips) 
drive107: posts small blind $0.01
Tweedy620: posts big blind $0.02
Amaro197: sits out 
*** HOLE CARDS ***
Dealt to Dorex2007 [2c 9s]
Nightraven54: folds 
o'travolta: folds 
Nightraven54 leaves the table
Babs102789 joins the table at seat #1 
Szendi58: raises $0.02 to $0.04
losmerca: calls $0.04
Dorex2007: folds 
drive107: folds 
Tweedy620: folds 
*** FLOP *** [2s Qs 6c]
Szendi58: checks 
losmerca: checks 
*** TURN *** [2s Qs 6c] [Tc]
drive107 leaves the table
Szendi58: bets $0.11
losmerca: calls $0.11
*** RIVER *** [2s Qs 6c Tc] [5h]
Szendi58: bets $0.16
losmerca: calls $0.16
*** SHOW DOWN ***
Szendi58: shows [Ks Qh] (a pair of Queens)
losmerca: mucks hand 
Szendi58 collected $0.63 from pot
*** SUMMARY ***
Total pot $0.65 | Rake $0.02 
Board [2s Qs 6c Tc 5h]
Seat 1: Nightraven54 folded before Flop (didn't bet)
Seat 4: o'travolta folded before Flop (didn't bet)
Seat 5: Szendi58 showed [Ks Qh] and won ($0.63) with a pair of Queens
Seat 6: losmerca mucked [As Th]
Seat 7: Dorex2007 (button) folded before Flop (didn't bet)
Seat 8: drive107 (small blind) folded before Flop
Seat 9: Tweedy620 (big blind) folded before Flop



PokerStars Hand #237571277035:  Hold'em No Limit ($0.01/$0.02 USD) - 2022/07/24 22:25:46 PT [2022/07/25 1:25:46 ET]
Table 'Segin' 9-max Seat #9 is the button
Seat 4: o'travolta ($1.20 in chips) 
Seat 5: Szendi58 ($3.47 in chips) 
Seat 6: losmerca ($0.58 in chips) 
Seat 7: Dorex2007 ($3.66 in chips) 
Seat 9: Tweedy620 ($1.93 in chips) 
o'travolta: posts small blind $0.01
Szendi58: posts big blind $0.02
*** HOLE CARDS ***
Dealt to Dorex2007 [7s Kd]
losmerca: raises $0.02 to $0.04
Dorex2007: folds 
Tweedy620: folds 
o'travolta: calls $0.03
Szendi58: raises $0.02 to $0.06
losmerca: calls $0.02
o'travolta: calls $0.02
*** FLOP *** [6h Jh 7h]
dealembub joins the table at seat #8 
o'travolta: checks 
Szendi58: checks 
losmerca: bets $0.52 and is all-in
o'travolta: calls $0.52
Szendi58: folds 
o'travolta has timed out
*** TURN *** [6h Jh 7h] [2c]
*** RIVER *** [6h Jh 7h 2c] [6c]
*** SHOW DOWN ***
o'travolta: shows [9c Th] (a pair of Sixes)
losmerca: shows [2d Kh] (two pair, Sixes and Deuces)
losmerca collected $1.18 from pot
*** SUMMARY ***
Total pot $1.22 | Rake $0.04 
Board [6h Jh 7h 2c 6c]
Seat 4: o'travolta (small blind) showed [9c Th] and lost with a pair of Sixes
Seat 5: Szendi58 (big blind) folded on the Flop
Seat 6: losmerca showed [2d Kh] and won ($1.18) with two pair, Sixes and Deuces
Seat 7: Dorex2007 folded before Flop (didn't bet)
Seat 9: Tweedy620 (button) folded before Flop (didn't bet)



PokerStars Hand #237571285150:  Hold'em No Limit ($0.01/$0.02 USD) - 2022/07/24 22:27:06 PT [2022/07/25 1:27:06 ET]
Table 'Segin' 9-max Seat #4 is the button
Seat 4: o'travolta ($0.62 in chips) 
Seat 5: Szendi58 ($3.41 in chips) 
Seat 6: losmerca ($1.48 in chips) 
Seat 7: Dorex2007 ($3.66 in chips) 
Seat 8: dealembub ($1.60 in chips) 
Seat 9: Tweedy620 ($1.93 in chips) 
Szendi58: posts small blind $0.01
losmerca: posts big blind $0.02
dealembub: posts big blind $0.02
Babs102789: sits out 
Amaro197: sits out 
*** HOLE CARDS ***
Dealt to Dorex2007 [Jd 5c]
wALEXSANDRw leaves the table
Dorex2007 has timed out
Dorex2007: folds 
dealembub: checks 
Tweedy620: folds 
o'travolta: calls $0.02
Szendi58: raises $0.08 to $0.10
losmerca: folds 
dealembub: calls $0.08
o'travolta: calls $0.08
*** FLOP *** [5s 4s 7s]
Szendi58: bets $0.15
dealembub: folds 
o'travolta: folds 
Uncalled bet ($0.15) returned to Szendi58
Szendi58 collected $0.31 from pot
*** SUMMARY ***
Total pot $0.32 | Rake $0.01 
Board [5s 4s 7s]
Seat 4: o'travolta (button) folded on the Flop
Seat 5: Szendi58 (small blind) collected ($0.31)
Seat 6: losmerca (big blind) folded before Flop
Seat 7: Dorex2007 folded before Flop (didn't bet)
Seat 8: dealembub folded on the Flop
Seat 9: Tweedy620 folded before Flop (didn't bet)



PokerStars Hand #237571293834:  Hold'em No Limit ($0.01/$0.02 USD) - 2022/07/24 22:27:46 PT [2022/07/25 1:27:46 ET]
Table 'Segin' 9-max Seat #5 is the button
Seat 4: o'travolta ($0.52 in chips) 
Seat 5: Szendi58 ($3.62 in chips) 
Seat 6: losmerca ($1.46 in chips) 
Seat 7: Dorex2007 ($3.66 in chips) 
Seat 8: dealembub ($1.50 in chips) 
Seat 9: Tweedy620 ($1.93 in chips) 
losmerca: posts small blind $0.01
Dorex2007: posts big blind $0.02
Babs102789: sits out 
Amaro197: sits out 
*** HOLE CARDS ***
Dealt to Dorex2007 [6h 9h]
dealembub: folds 
Tweedy620: calls $0.02
o'travolta: folds 
Szendi58: raises $0.07 to $0.09
losmerca: raises $1.37 to $1.46 and is all-in
Dorex2007: folds 
Tweedy620: folds 
Szendi58: folds 
Uncalled bet ($1.37) returned to losmerca
losmerca collected $0.22 from pot
*** SUMMARY ***
Total pot $0.22 | Rake $0 
Seat 4: o'travolta folded before Flop (didn't bet)
Seat 5: Szendi58 (button) folded before Flop
Seat 6: losmerca (small blind) collected ($0.22)
Seat 7: Dorex2007 (big blind) folded before Flop
Seat 8: dealembub folded before Flop (didn't bet)
Seat 9: Tweedy620 folded before Flop



PokerStars Hand #237571296876:  Hold'em No Limit ($0.01/$0.02 USD) - 2022/07/24 22:28:15 PT [2022/07/25 1:28:15 ET]
Table 'Segin' 9-max Seat #6 is the button
Seat 4: o'travolta ($0.52 in chips) 
Seat 5: Szendi58 ($3.53 in chips) 
Seat 6: losmerca ($1.59 in chips) 
Seat 7: Dorex2007 ($3.64 in chips) 
Seat 8: dealembub ($1.50 in chips) 
Seat 9: Tweedy620 ($1.91 in chips) 
Dorex2007: posts small blind $0.01
dealembub: posts big blind $0.02
santibaron joins the table at seat #3 
Babs102789: sits out 
Amaro197: sits out 
*** HOLE CARDS ***
Dealt to Dorex2007 [7h 5d]
Tweedy620: calls $0.02
o'travolta: folds 
Szendi58: raises $0.02 to $0.04
losmerca: folds 
Dorex2007: folds 
dealembub: raises $0.02 to $0.06
Tweedy620: folds 
Szendi58: raises $0.02 to $0.08
dealembub: raises $0.02 to $0.10
Szendi58: calls $0.02
*** FLOP *** [Qh 3c 4s]
dealembub: bets $0.22
Szendi58: folds 
Uncalled bet ($0.22) returned to dealembub
dealembub collected $0.22 from pot
*** SUMMARY ***
Total pot $0.23 | Rake $0.01 
Board [Qh 3c 4s]
Seat 4: o'travolta folded before Flop (didn't bet)
Seat 5: Szendi58 folded on the Flop
Seat 6: losmerca (button) folded before Flop (didn't bet)
Seat 7: Dorex2007 (small blind) folded before Flop
Seat 8: dealembub (big blind) collected ($0.22)
Seat 9: Tweedy620 folded before Flop



PokerStars Hand #237571300762:  Hold'em No Limit ($0.01/$0.02 USD) - 2022/07/24 22:28:54 PT [2022/07/25 1:28:54 ET]
Table 'Segin' 9-max Seat #7 is the button
Seat 4: o'travolta ($0.52 in chips) 
Seat 5: Szendi58 ($3.43 in chips) 
Seat 6: losmerca ($1.59 in chips) 
Seat 7: Dorex2007 ($3.63 in chips) 
Seat 8: dealembub ($1.62 in chips) 
Seat 9: Tweedy620 ($1.89 in chips) 
dealembub: posts small blind $0.01
Tweedy620: posts big blind $0.02
Babs102789: sits out 
Amaro197 has timed out
Amaro197: is sitting out 
santibaron: sits out 
*** HOLE CARDS ***
Dealt to Dorex2007 [Qd As]
o'travolta: folds 
Szendi58: raises $0.02 to $0.04
losmerca: folds 
Dorex2007: raises $0.06 to $0.10
dealembub: calls $0.09
Tweedy620: folds 
Szendi58: calls $0.06
*** FLOP *** [5h Th 2d]
dealembub: checks 
Amaro197 is disconnected 
Szendi58: checks 
Dorex2007: checks 
*** TURN *** [5h Th 2d] [3h]
dealembub: bets $0.15
Szendi58: calls $0.15
Dorex2007: folds 
*** RIVER *** [5h Th 2d 3h] [2s]
dealembub: checks 
Szendi58: bets $0.30
dealembub: folds 
Uncalled bet ($0.30) returned to Szendi58
Szendi58 collected $0.60 from pot
*** SUMMARY ***
Total pot $0.62 | Rake $0.02 
Board [5h Th 2d 3h 2s]
Seat 4: o'travolta folded before Flop (didn't bet)
Seat 5: Szendi58 collected ($0.60)
Seat 6: losmerca folded before Flop (didn't bet)
Seat 7: Dorex2007 (button) folded on the Turn
Seat 8: dealembub (small blind) folded on the River
Seat 9: Tweedy620 (big blind) folded before Flop



PokerStars Hand #237571307782:  Hold'em No Limit ($0.01/$0.02 USD) - 2022/07/24 22:30:03 PT [2022/07/25 1:30:03 ET]
Table 'Segin' 9-max Seat #8 is the button
Seat 1: Babs102789 ($1.10 in chips) 
Seat 4: o'travolta ($0.52 in chips) 
Seat 5: Szendi58 ($3.78 in chips) 
Seat 6: losmerca ($1.59 in chips) 
Seat 7: Dorex2007 ($3.53 in chips) 
Seat 8: dealembub ($1.37 in chips) 
Seat 9: Tweedy620 ($1.87 in chips) 
Tweedy620: posts small blind $0.01
Babs102789: posts big blind $0.02
santibaron: sits out 
*** HOLE CARDS ***
Dealt to Dorex2007 [2d 8h]
o'travolta: folds 
Szendi58: raises $0.02 to $0.04
losmerca: calls $0.04
Dorex2007: folds 
dealembub: folds 
Tweedy620: folds 
Babs102789: raises $1.06 to $1.10 and is all-in
Szendi58: folds 
losmerca: calls $1.06
*** FLOP *** [Ks Js 5d]
*** TURN *** [Ks Js 5d] [Qs]
*** RIVER *** [Ks Js 5d Qs] [6c]
*** SHOW DOWN ***
Babs102789: shows [9h As] (high card Ace)
losmerca: shows [Qc Kd] (two pair, Kings and Queens)
losmerca collected $2.17 from pot
*** SUMMARY ***
Total pot $2.25 | Rake $0.08 
Board [Ks Js 5d Qs 6c]
Seat 1: Babs102789 (big blind) showed [9h As] and lost with high card Ace
Seat 4: o'travolta folded before Flop (didn't bet)
Seat 5: Szendi58 folded before Flop
Seat 6: losmerca showed [Qc Kd] and won ($2.17) with two pair, Kings and Queens
Seat 7: Dorex2007 folded before Flop (didn't bet)
Seat 8: dealembub (button) folded before Flop (didn't bet)
Seat 9: Tweedy620 (small blind) folded before Flop



PokerStars Hand #237571312360:  Hold'em No Limit ($0.01/$0.02 USD) - 2022/07/24 22:30:48 PT [2022/07/25 1:30:48 ET]
Table 'Segin' 9-max Seat #9 is the button
Seat 4: o'travolta ($0.52 in chips) 
Seat 5: Szendi58 ($3.74 in chips) 
Seat 6: losmerca ($2.66 in chips) 
Seat 7: Dorex2007 ($3.53 in chips) 
Seat 8: dealembub ($1.37 in chips) 
Seat 9: Tweedy620 ($1.86 in chips) 
o'travolta: posts small blind $0.01
Szendi58: posts big blind $0.02
*** HOLE CARDS ***
Dealt to Dorex2007 [Ks 3d]
losmerca: folds 
Babs102789 is disconnected 
Dorex2007: folds 
dealembub: folds 
Tweedy620: folds 
o'travolta: calls $0.01
Szendi58: checks 
*** FLOP *** [Ts 9h Kd]
o'travolta: checks 
Szendi58: bets $0.12
o'travolta: folds 
Uncalled bet ($0.12) returned to Szendi58
Szendi58 collected $0.04 from pot
*** SUMMARY ***
Total pot $0.04 | Rake $0 
Board [Ts 9h Kd]
Seat 4: o'travolta (small blind) folded on the Flop
Seat 5: Szendi58 (big blind) collected ($0.04)
Seat 6: losmerca folded before Flop (didn't bet)
Seat 7: Dorex2007 folded before Flop (didn't bet)
Seat 8: dealembub folded before Flop (didn't bet)
Seat 9: Tweedy620 (button) folded before Flop (didn't bet)



PokerStars Hand #237571316142:  Hold'em No Limit ($0.01/$0.02 USD) - 2022/07/24 22:31:24 PT [2022/07/25 1:31:24 ET]
Table 'Segin' 9-max Seat #4 is the button
Seat 4: o'travolta ($0.50 in chips) 
Seat 5: Szendi58 ($3.76 in chips) 
Seat 6: losmerca ($2.66 in chips) 
Seat 7: Dorex2007 ($3.53 in chips) 
Seat 9: Tweedy620 ($1.86 in chips) 
Szendi58: posts small blind $0.01
losmerca: posts big blind $0.02
santibaron: sits out 
*** HOLE CARDS ***
Dealt to Dorex2007 [2c Ts]
Dorex2007 has timed out
Dorex2007: folds 
Tweedy620: folds 
o'travolta: calls $0.02
Szendi58: calls $0.01
losmerca: checks 
*** FLOP *** [Qs 3h Kc]
Szendi58: checks 
losmerca: checks 
o'travolta: checks 
*** TURN *** [Qs 3h Kc] [As]
Szendi58: checks 
losmerca: checks 
o'travolta: checks 
*** RIVER *** [Qs 3h Kc As] [8d]
Szendi58: checks 
losmerca: bets $0.06
o'travolta: folds 
Szendi58: folds 
Uncalled bet ($0.06) returned to losmerca
losmerca collected $0.06 from pot
*** SUMMARY ***
Total pot $0.06 | Rake $0 
Board [Qs 3h Kc As 8d]
Seat 4: o'travolta (button) folded on the River
Seat 5: Szendi58 (small blind) folded on the River
Seat 6: losmerca (big blind) collected ($0.06)
Seat 7: Dorex2007 folded before Flop (didn't bet)
Seat 9: Tweedy620 folded before Flop (didn't bet)



PokerStars Hand #237571322126:  Hold'em No Limit ($0.01/$0.02 USD) - 2022/07/24 22:32:23 PT [2022/07/25 1:32:23 ET]
Table 'Segin' 9-max Seat #5 is the button
Seat 4: o'travolta ($0.48 in chips) 
Seat 5: Szendi58 ($3.74 in chips) 
Seat 6: losmerca ($2.70 in chips) 
Seat 7: Dorex2007 ($3.53 in chips) 
Seat 9: Tweedy620 ($1.86 in chips) 
losmerca: posts small blind $0.01
Dorex2007: posts big blind $0.02
santibaron: sits out 
*** HOLE CARDS ***
Dealt to Dorex2007 [2h Ad]
Tweedy620: folds 
o'travolta: folds 
Szendi58: raises $0.02 to $0.04
losmerca: calls $0.03
Dorex2007: folds 
*** FLOP *** [4c Kc 9s]
losmerca: checks 
Szendi58: bets $0.02
losmerca: raises $0.10 to $0.12
Szendi58: calls $0.10
*** TURN *** [4c Kc 9s] [2d]
losmerca: bets $0.51
Szendi58: folds 
Uncalled bet ($0.51) returned to losmerca
losmerca collected $0.33 from pot
*** SUMMARY ***
Total pot $0.34 | Rake $0.01 
Board [4c Kc 9s 2d]
Seat 4: o'travolta folded before Flop (didn't bet)
Seat 5: Szendi58 (button) folded on the Turn
Seat 6: losmerca (small blind) collected ($0.33)
Seat 7: Dorex2007 (big blind) folded before Flop
Seat 9: Tweedy620 folded before Flop (didn't bet)



PokerStars Hand #237571327667:  Hold'em No Limit ($0.01/$0.02 USD) - 2022/07/24 22:33:16 PT [2022/07/25 1:33:16 ET]
Table 'Segin' 9-max Seat #6 is the button
Seat 4: o'travolta ($0.48 in chips) 
Seat 5: Szendi58 ($3.58 in chips) 
Seat 6: losmerca ($2.87 in chips) 
Seat 7: Dorex2007 ($3.51 in chips) 
Seat 9: Tweedy620 ($1.86 in chips) 
Dorex2007: posts small blind $0.01
Tweedy620: posts big blind $0.02
santibaron: sits out 
*** HOLE CARDS ***
Dealt to Dorex2007 [Kd 2s]
o'travolta: calls $0.02
Szendi58: folds 
losmerca: folds 
Dorex2007: folds 
Tweedy620: checks 
*** FLOP *** [2h As 9s]
Tweedy620: checks 
o'travolta: checks 
*** TURN *** [2h As 9s] [5s]
Tweedy620: checks 
o'travolta: checks 
*** RIVER *** [2h As 9s 5s] [Ac]
Tweedy620: checks 
o'travolta: bets $0.06
Tweedy620: folds 
Uncalled bet ($0.06) returned to o'travolta
o'travolta collected $0.05 from pot
*** SUMMARY ***
Total pot $0.05 | Rake $0 
Board [2h As 9s 5s Ac]
Seat 4: o'travolta collected ($0.05)
Seat 5: Szendi58 folded before Flop (didn't bet)
Seat 6: losmerca (button) folded before Flop (didn't bet)
Seat 7: Dorex2007 (small blind) folded before Flop
Seat 9: Tweedy620 (big blind) folded on the River



PokerStars Hand #237571332139:  Hold'em No Limit ($0.01/$0.02 USD) - 2022/07/24 22:33:59 PT [2022/07/25 1:33:59 ET]
Table 'Segin' 9-max Seat #7 is the button
Seat 3: santibaron ($1.60 in chips) 
Seat 4: o'travolta ($0.51 in chips) 
Seat 5: Szendi58 ($3.58 in chips) 
Seat 6: losmerca ($2.87 in chips) 
Seat 7: Dorex2007 ($3.50 in chips) 
Seat 9: Tweedy620 ($1.84 in chips) 
Tweedy620: posts small blind $0.01
santibaron: posts big blind $0.02
*** HOLE CARDS ***
Dealt to Dorex2007 [2c Ts]
o'travolta: folds 
Szendi58: raises $0.02 to $0.04
losmerca: calls $0.04
Dorex2007: folds 
Tweedy620: folds 
santibaron: calls $0.02
*** FLOP *** [Tc 4d 5h]
santibaron: bets $0.08
Szendi58: calls $0.08
losmerca: calls $0.08
*** TURN *** [Tc 4d 5h] [2h]
santibaron: bets $0.18
Szendi58: calls $0.18
losmerca: raises $1.22 to $1.40
santibaron: folds 
Szendi58: folds 
Uncalled bet ($1.22) returned to losmerca
Szendi58 leaves the table
losmerca collected $0.88 from pot
*** SUMMARY ***
Total pot $0.91 | Rake $0.03 
Board [Tc 4d 5h 2h]
Seat 3: santibaron (big blind) folded on the Turn
Seat 4: o'travolta folded before Flop (didn't bet)
Seat 5: Szendi58 folded on the Turn
Seat 6: losmerca collected ($0.88)
Seat 7: Dorex2007 (button) folded before Flop (didn't bet)
Seat 9: Tweedy620 (small blind) folded before Flop



PokerStars Hand #237571340020:  Hold'em No Limit ($0.01/$0.02 USD) - 2022/07/24 22:35:15 PT [2022/07/25 1:35:15 ET]
Table 'Segin' 9-max Seat #9 is the button
Seat 3: santibaron ($1.30 in chips) 
Seat 4: o'travolta ($0.51 in chips) 
Seat 6: losmerca ($3.45 in chips) 
Seat 7: Dorex2007 ($3.50 in chips) 
Seat 8: dealembub ($1.37 in chips) 
Seat 9: Tweedy620 ($1.83 in chips) 
santibaron: posts small blind $0.01
o'travolta: posts big blind $0.02
dealembub: posts small & big blinds $0.03
*** HOLE CARDS ***
Dealt to Dorex2007 [6c Tc]
deileon joins the table at seat #5 
losmerca: folds 
Dorex2007: folds 
dealembub: checks 
Tweedy620: folds 
santibaron: calls $0.01
o'travolta: checks 
*** FLOP *** [Qc 9d 7s]
santibaron: checks 
o'travolta: checks 
dealembub: checks 
*** TURN *** [Qc 9d 7s] [Qs]
santibaron: checks 
o'travolta: checks 
dealembub: checks 
*** RIVER *** [Qc 9d 7s Qs] [6s]
santibaron: bets $0.05
o'travolta: folds 
dealembub: folds 
Uncalled bet ($0.05) returned to santibaron
santibaron collected $0.07 from pot
*** SUMMARY ***
Total pot $0.07 | Rake $0 
Board [Qc 9d 7s Qs 6s]
Seat 3: santibaron (small blind) collected ($0.07)
Seat 4: o'travolta (big blind) folded on the River
Seat 6: losmerca folded before Flop (didn't bet)
Seat 7: Dorex2007 folded before Flop (didn't bet)
Seat 8: dealembub folded on the River (didn't bet)
Seat 9: Tweedy620 (button) folded before Flop (didn't bet)



PokerStars Hand #237571345406:  Hold'em No Limit ($0.01/$0.02 USD) - 2022/07/24 22:36:06 PT [2022/07/25 1:36:06 ET]
Table 'Segin' 9-max Seat #3 is the button
Seat 3: santibaron ($1.35 in chips) 
Seat 4: o'travolta ($0.49 in chips) 
Seat 5: deileon ($1.60 in chips) 
Seat 6: losmerca ($3.45 in chips) 
Seat 7: Dorex2007 ($3.50 in chips) 
Seat 8: dealembub ($1.34 in chips) 
Seat 9: Tweedy620 ($1.83 in chips) 
o'travolta: posts small blind $0.01
deileon: posts big blind $0.02
*** HOLE CARDS ***
Dealt to Dorex2007 [Qh Jc]
losmerca: raises $0.02 to $0.04
Dorex2007: folds 
dealembub: raises $0.11 to $0.15
Tweedy620: folds 
santibaron: folds 
o'travolta: folds 
deileon: folds 
losmerca: raises $3.30 to $3.45 and is all-in
dealembub: calls $1.19 and is all-in
Uncalled bet ($2.11) returned to losmerca
*** FLOP *** [3c Kh 5d]
*** TURN *** [3c Kh 5d] [2c]
*** RIVER *** [3c Kh 5d 2c] [9h]
*** SHOW DOWN ***
losmerca: shows [Kc Ah] (a pair of Kings)
dealembub: shows [8h 8c] (a pair of Eights)
losmerca collected $2.62 from pot
*** SUMMARY ***
Total pot $2.71 | Rake $0.09 
Board [3c Kh 5d 2c 9h]
Seat 3: santibaron (button) folded before Flop (didn't bet)
Seat 4: o'travolta (small blind) folded before Flop
Seat 5: deileon (big blind) folded before Flop
Seat 6: losmerca showed [Kc Ah] and won ($2.62) with a pair of Kings
Seat 7: Dorex2007 folded before Flop (didn't bet)
Seat 8: dealembub showed [8h 8c] and lost with a pair of Eights
Seat 9: Tweedy620 folded before Flop (didn't bet)



PokerStars Hand #237571348667:  Hold'em No Limit ($0.01/$0.02 USD) - 2022/07/24 22:36:38 PT [2022/07/25 1:36:38 ET]
Table 'Segin' 9-max Seat #4 is the button
Seat 4: o'travolta ($0.48 in chips) 
Seat 5: deileon ($1.58 in chips) 
Seat 6: losmerca ($4.73 in chips) 
Seat 7: Dorex2007 ($3.50 in chips) 
Seat 9: Tweedy620 ($1.83 in chips) 
deileon: posts small blind $0.01
losmerca: posts big blind $0.02
*** HOLE CARDS ***
Dealt to Dorex2007 [9s Kd]
dealembub leaves the table
Dorex2007 has timed out
Dorex2007: folds 
Tweedy620: folds 
o'travolta: calls $0.02
deileon: folds 
losmerca: checks 
*** FLOP *** [9h 8h 2s]
losmerca: checks 
acostota joins the table at seat #8 
o'travolta: checks 
*** TURN *** [9h 8h 2s] [5d]
losmerca: checks 
santibaron leaves the table
Greg Pak joins the table at seat #3 
o'travolta: checks 
*** RIVER *** [9h 8h 2s 5d] [6d]
losmerca: checks 
o'travolta: bets $0.08
losmerca: folds 
Uncalled bet ($0.08) returned to o'travolta
o'travolta collected $0.05 from pot
*** SUMMARY ***
Total pot $0.05 | Rake $0 
Board [9h 8h 2s 5d 6d]
Seat 4: o'travolta (button) collected ($0.05)
Seat 5: deileon (small blind) folded before Flop
Seat 6: losmerca (big blind) folded on the River
Seat 7: Dorex2007 folded before Flop (didn't bet)
Seat 9: Tweedy620 folded before Flop (didn't bet)



PokerStars Hand #237571356413:  Hold'em No Limit ($0.01/$0.02 USD) - 2022/07/24 22:37:54 PT [2022/07/25 1:37:54 ET]
Table 'Segin' 9-max Seat #5 is the button
Seat 4: o'travolta ($0.51 in chips) 
Seat 5: deileon ($1.57 in chips) 
Seat 6: losmerca ($4.71 in chips) 
Seat 7: Dorex2007 ($3.50 in chips) 
Seat 9: Tweedy620 ($1.83 in chips) 
losmerca: posts small blind $0.01
Dorex2007: posts big blind $0.02
acostota: sits out 
Greg Pak: sits out 
*** HOLE CARDS ***
Dealt to Dorex2007 [Qh 4s]
Tweedy620: folds 
o'travolta: folds 
deileon: folds 
losmerca: folds 
Uncalled bet ($0.01) returned to Dorex2007
Dorex2007 collected $0.02 from pot
*** SUMMARY ***
Total pot $0.02 | Rake $0 
Seat 4: o'travolta folded before Flop (didn't bet)
Seat 5: deileon (button) folded before Flop (didn't bet)
Seat 6: losmerca (small blind) folded before Flop
Seat 7: Dorex2007 (big blind) collected ($0.02)
Seat 9: Tweedy620 folded before Flop (didn't bet)



PokerStars Hand #237571358567:  Hold'em No Limit ($0.01/$0.02 USD) - 2022/07/24 22:38:14 PT [2022/07/25 1:38:14 ET]
Table 'Segin' 9-max Seat #6 is the button
Seat 4: o'travolta ($0.51 in chips) 
Seat 5: deileon ($1.57 in chips) 
Seat 6: losmerca ($4.70 in chips) 
Seat 7: Dorex2007 ($3.51 in chips) 
Seat 8: acostota ($1.60 in chips) 
Seat 9: Tweedy620 ($1.83 in chips) 
Dorex2007: posts small blind $0.01
acostota: posts big blind $0.02
Greg Pak: sits out 
*** HOLE CARDS ***
Dealt to Dorex2007 [Kd Qc]
Tweedy620: calls $0.02
o'travolta: calls $0.02
deileon: folds 
losmerca: folds 
Dorex2007: raises $0.02 to $0.04
acostota: calls $0.02
Tweedy620: calls $0.02
o'travolta: calls $0.02
*** FLOP *** [9c 6s 6h]
Dorex2007: bets $0.07
acostota: folds 
Tweedy620: calls $0.07
o'travolta: calls $0.07
*** TURN *** [9c 6s 6h] [4h]
Dorex2007: checks 
Tweedy620: bets $0.18
o'travolta: folds 
Dorex2007: folds 
Uncalled bet ($0.18) returned to Tweedy620
Tweedy620 collected $0.36 from pot
*** SUMMARY ***
Total pot $0.37 | Rake $0.01 
Board [9c 6s 6h 4h]
Seat 4: o'travolta folded on the Turn
Seat 5: deileon folded before Flop (didn't bet)
Seat 6: losmerca (button) folded before Flop (didn't bet)
Seat 7: Dorex2007 (small blind) folded on the Turn
Seat 8: acostota (big blind) folded on the Flop
Seat 9: Tweedy620 collected ($0.36)



PokerStars Hand #237571370524:  Hold'em No Limit ($0.01/$0.02 USD) - 2022/07/24 22:38:57 PT [2022/07/25 1:38:57 ET]
Table 'Segin' 9-max Seat #7 is the button
Seat 3: Greg Pak ($2 in chips) 
Seat 4: o'travolta ($0.40 in chips) 
Seat 5: deileon ($1.57 in chips) 
Seat 6: losmerca ($4.70 in chips) 
Seat 7: Dorex2007 ($3.40 in chips) 
Seat 8: acostota ($1.56 in chips) 
acostota: posts small blind $0.01
Tweedy620: is sitting out 
Greg Pak: posts big blind $0.02
*** HOLE CARDS ***
Dealt to Dorex2007 [Qs Ac]
o'travolta: folds 
deileon has timed out
deileon: folds 
losmerca: folds 
Dorex2007: raises $0.06 to $0.08
acostota: folds 
Amaro197 leaves the table
santibaron joins the table at seat #2 
Greg Pak: folds 
Uncalled bet ($0.06) returned to Dorex2007
Dorex2007 collected $0.05 from pot
*** SUMMARY ***
Total pot $0.05 | Rake $0 
Seat 3: Greg Pak (big blind) folded before Flop
Seat 4: o'travolta folded before Flop (didn't bet)
Seat 5: deileon folded before Flop (didn't bet)
Seat 6: losmerca folded before Flop (didn't bet)
Seat 7: Dorex2007 (button) collected ($0.05)
Seat 8: acostota (small blind) folded before Flop



PokerStars Hand #237571375967:  Hold'em No Limit ($0.01/$0.02 USD) - 2022/07/24 22:39:49 PT [2022/07/25 1:39:49 ET]
Table 'Segin' 9-max Seat #8 is the button
Seat 3: Greg Pak ($1.98 in chips) 
Seat 4: o'travolta ($1 in chips) 
Seat 5: deileon ($1.57 in chips) 
Seat 6: losmerca ($4.70 in chips) 
Seat 7: Dorex2007 ($3.43 in chips) 
Seat 8: acostota ($1.55 in chips) 
Greg Pak: posts small blind $0.01
o'travolta: posts big blind $0.02
*** HOLE CARDS ***
Dealt to Dorex2007 [7h 8s]
deileon: folds 
losmerca: raises $0.02 to $0.04
Dorex2007: folds 
acostota: calls $0.04
Greg Pak: folds 
o'travolta: calls $0.02
*** FLOP *** [7s Ts 2d]
o'travolta: checks 
losmerca: checks 
acostota: checks 
*** TURN *** [7s Ts 2d] [Qc]
o'travolta: checks 
losmerca: bets $0.09
acostota: folds 
o'travolta: calls $0.09
*** RIVER *** [7s Ts 2d Qc] [Th]
o'travolta: checks 
losmerca: checks 
*** SHOW DOWN ***
o'travolta: shows [2h 2c] (a full house, Deuces full of Tens)
losmerca: mucks hand 
o'travolta collected $0.30 from pot
*** SUMMARY ***
Total pot $0.31 | Rake $0.01 
Board [7s Ts 2d Qc Th]
Seat 3: Greg Pak (small blind) folded before Flop
Seat 4: o'travolta (big blind) showed [2h 2c] and won ($0.30) with a full house, Deuces full of Tens
Seat 5: deileon folded before Flop (didn't bet)
Seat 6: losmerca mucked [Ks Qh]
Seat 7: Dorex2007 folded before Flop (didn't bet)
Seat 8: acostota (button) folded on the Turn



PokerStars Hand #237571381259:  Hold'em No Limit ($0.01/$0.02 USD) - 2022/07/24 22:40:39 PT [2022/07/25 1:40:39 ET]
Table 'Segin' 9-max Seat #3 is the button
Seat 3: Greg Pak ($1.97 in chips) 
Seat 4: o'travolta ($1.17 in chips) 
Seat 5: deileon ($1.57 in chips) 
Seat 6: losmerca ($4.57 in chips) 
Seat 7: Dorex2007 ($3.43 in chips) 
Seat 8: acostota ($1.51 in chips) 
o'travolta: posts small blind $0.01
deileon: posts big blind $0.02
santibaron: sits out 
*** HOLE CARDS ***
Dealt to Dorex2007 [Qh Js]
losmerca: folds 
Dorex2007: folds 
acostota: folds 
Babs102789 leaves the table
Greg Pak: folds 
o'travolta: calls $0.01
deileon: checks 
*** FLOP *** [Qd 2h 6c]
o'travolta: checks 
deileon: bets $0.02
o'travolta: calls $0.02
*** TURN *** [Qd 2h 6c] [6s]
o'travolta: checks 
deileon: bets $0.04
o'travolta: calls $0.04
*** RIVER *** [Qd 2h 6c 6s] [8s]
o'travolta: checks 
deileon: bets $0.07
o'travolta: calls $0.07
*** SHOW DOWN ***
deileon: shows [Jd 6d] (three of a kind, Sixes)
o'travolta: mucks hand 
deileon collected $0.29 from pot
*** SUMMARY ***
Total pot $0.30 | Rake $0.01 
Board [Qd 2h 6c 6s 8s]
Seat 3: Greg Pak (button) folded before Flop (didn't bet)
Seat 4: o'travolta (small blind) mucked [3h 2d]
Seat 5: deileon (big blind) showed [Jd 6d] and won ($0.29) with three of a kind, Sixes
Seat 6: losmerca folded before Flop (didn't bet)
Seat 7: Dorex2007 folded before Flop (didn't bet)
Seat 8: acostota folded before Flop (didn't bet)



