PokerStars Hand #237936228222:  Hold'em No Limit ($0.02/$0.05 USD) - 2022/08/11 17:47:15 PT [2022/08/11 20:47:15 ET]
Table 'Irenaea III' 9-max Seat #9 is the button
Seat 1: Shevcuk ($9.78 in chips) 
Seat 2: AceSpadeSurfer ($6.39 in chips) 
Seat 3: fossil2010 ($5 in chips) 
Seat 4: buburik ($5.99 in chips) 
Seat 5: tripleplay72 ($5 in chips) 
Seat 6: CC7A ($5.71 in chips) 
Seat 7: Keption ($5.77 in chips) 
Seat 8: Dorex2007 ($5 in chips) 
Seat 9: AssosManiki ($6.90 in chips) 
Shevcuk: posts small blind $0.02
AceSpadeSurfer: posts big blind $0.05
Dorex2007: posts big blind $0.05
*** HOLE CARDS ***
Dealt to Dorex2007 [Jc 8s]
fossil2010: folds 
buburik: folds 
tripleplay72: calls $0.05
CC7A: calls $0.05
Keption: raises $0.20 to $0.25
Dorex2007: folds 
AssosManiki: calls $0.25
Shevcuk: calls $0.23
AceSpadeSurfer: folds 
tripleplay72: calls $0.20
CC7A: calls $0.20
*** FLOP *** [7c Ac 3c]
Shevcuk: checks 
tripleplay72: checks 
CC7A: checks 
Keption: checks 
AssosManiki: bets $0.57
Shevcuk: folds 
tripleplay72: folds 
CC7A: folds 
Keption: folds 
Uncalled bet ($0.57) returned to AssosManiki
AssosManiki collected $1.29 from pot
AssosManiki: doesn't show hand 
*** SUMMARY ***
Total pot $1.35 | Rake $0.06 
Board [7c Ac 3c]
Seat 1: Shevcuk (small blind) folded on the Flop
Seat 2: AceSpadeSurfer (big blind) folded before Flop
Seat 3: fossil2010 folded before Flop (didn't bet)
Seat 4: buburik folded before Flop (didn't bet)
Seat 5: tripleplay72 folded on the Flop
Seat 6: CC7A folded on the Flop
Seat 7: Keption folded on the Flop
Seat 8: Dorex2007 folded before Flop (didn't bet)
Seat 9: AssosManiki (button) collected ($1.29)



PokerStars Hand #237936245962:  Hold'em No Limit ($0.02/$0.05 USD) - 2022/08/11 17:48:36 PT [2022/08/11 20:48:36 ET]
Table 'Irenaea III' 9-max Seat #1 is the button
Seat 1: Shevcuk ($9.53 in chips) 
Seat 2: AceSpadeSurfer ($6.34 in chips) 
Seat 3: fossil2010 ($5 in chips) 
Seat 4: buburik ($5.99 in chips) 
Seat 5: tripleplay72 ($5 in chips) 
Seat 6: CC7A ($5.46 in chips) 
Seat 7: Keption ($5.52 in chips) 
Seat 8: Dorex2007 ($5 in chips) 
Seat 9: AssosManiki ($7.94 in chips) 
AceSpadeSurfer: posts small blind $0.02
fossil2010: posts big blind $0.05
*** HOLE CARDS ***
Dealt to Dorex2007 [4s 4d]
buburik: raises $0.10 to $0.15
tripleplay72: folds 
CC7A: calls $0.15
Keption: folds 
Dorex2007: calls $0.15
AssosManiki: folds 
Shevcuk: folds 
AceSpadeSurfer: folds 
fossil2010: folds 
*** FLOP *** [2d 2h 2s]
buburik: bets $0.17
CC7A: calls $0.17
Dorex2007: calls $0.17
*** TURN *** [2d 2h 2s] [2c]
buburik: bets $0.49
CC7A: folds 
Dorex2007: folds 
Uncalled bet ($0.49) returned to buburik
buburik collected $0.99 from pot
buburik: doesn't show hand 
*** SUMMARY ***
Total pot $1.03 | Rake $0.04 
Board [2d 2h 2s 2c]
Seat 1: Shevcuk (button) folded before Flop (didn't bet)
Seat 2: AceSpadeSurfer (small blind) folded before Flop
Seat 3: fossil2010 (big blind) folded before Flop
Seat 4: buburik collected ($0.99)
Seat 5: tripleplay72 folded before Flop (didn't bet)
Seat 6: CC7A folded on the Turn
Seat 7: Keption folded before Flop (didn't bet)
Seat 8: Dorex2007 folded on the Turn
Seat 9: AssosManiki folded before Flop (didn't bet)



PokerStars Hand #237936254336:  Hold'em No Limit ($0.02/$0.05 USD) - 2022/08/11 17:49:15 PT [2022/08/11 20:49:15 ET]
Table 'Irenaea III' 9-max Seat #2 is the button
Seat 1: Shevcuk ($9.53 in chips) 
Seat 2: AceSpadeSurfer ($6.32 in chips) 
Seat 3: fossil2010 ($5 in chips) 
Seat 5: tripleplay72 ($5 in chips) 
Seat 6: CC7A ($5.14 in chips) 
Seat 7: Keption ($5.52 in chips) 
Seat 8: Dorex2007 ($5 in chips) 
Seat 9: AssosManiki ($7.94 in chips) 
fossil2010: posts small blind $0.02
buburik: is sitting out 
tripleplay72: posts big blind $0.05
*** HOLE CARDS ***
Dealt to Dorex2007 [9c 8h]
buburik leaves the table
CC7A: raises $0.10 to $0.15
Keption: folds 
Dorex2007: folds 
AssosManiki: folds 
Shevcuk: folds 
AceSpadeSurfer: folds 
fossil2010: folds 
tripleplay72: folds 
Uncalled bet ($0.10) returned to CC7A
CC7A collected $0.12 from pot
*** SUMMARY ***
Total pot $0.12 | Rake $0 
Seat 1: Shevcuk folded before Flop (didn't bet)
Seat 2: AceSpadeSurfer (button) folded before Flop (didn't bet)
Seat 3: fossil2010 (small blind) folded before Flop
Seat 5: tripleplay72 (big blind) folded before Flop
Seat 6: CC7A collected ($0.12)
Seat 7: Keption folded before Flop (didn't bet)
Seat 8: Dorex2007 folded before Flop (didn't bet)
Seat 9: AssosManiki folded before Flop (didn't bet)



PokerStars Hand #237936258886:  Hold'em No Limit ($0.02/$0.05 USD) - 2022/08/11 17:49:36 PT [2022/08/11 20:49:36 ET]
Table 'Irenaea III' 9-max Seat #3 is the button
Seat 1: Shevcuk ($9.53 in chips) 
Seat 2: AceSpadeSurfer ($6.32 in chips) 
Seat 3: fossil2010 ($5 in chips) 
Seat 5: tripleplay72 ($5 in chips) 
Seat 6: CC7A ($5.21 in chips) 
Seat 7: Keption ($5.52 in chips) 
Seat 8: Dorex2007 ($5 in chips) 
Seat 9: AssosManiki ($7.94 in chips) 
tripleplay72: posts small blind $0.02
CC7A: posts big blind $0.05
*** HOLE CARDS ***
Dealt to Dorex2007 [5d 7d]
Keption: folds 
Dorex2007: folds 
AssosManiki: folds 
Shevcuk: folds 
AceSpadeSurfer: folds 
fossil2010: raises $0.10 to $0.15
tripleplay72: folds 
CC7A: folds 
Uncalled bet ($0.10) returned to fossil2010
fossil2010 collected $0.12 from pot
fossil2010: doesn't show hand 
*** SUMMARY ***
Total pot $0.12 | Rake $0 
Seat 1: Shevcuk folded before Flop (didn't bet)
Seat 2: AceSpadeSurfer folded before Flop (didn't bet)
Seat 3: fossil2010 (button) collected ($0.12)
Seat 5: tripleplay72 (small blind) folded before Flop
Seat 6: CC7A (big blind) folded before Flop
Seat 7: Keption folded before Flop (didn't bet)
Seat 8: Dorex2007 folded before Flop (didn't bet)
Seat 9: AssosManiki folded before Flop (didn't bet)



PokerStars Hand #237936264643:  Hold'em No Limit ($0.02/$0.05 USD) - 2022/08/11 17:50:02 PT [2022/08/11 20:50:02 ET]
Table 'Irenaea III' 9-max Seat #5 is the button
Seat 1: Shevcuk ($9.53 in chips) 
Seat 2: AceSpadeSurfer ($6.32 in chips) 
Seat 3: fossil2010 ($5.07 in chips) 
Seat 5: tripleplay72 ($5 in chips) 
Seat 6: CC7A ($5.16 in chips) 
Seat 7: Keption ($5.52 in chips) 
Seat 8: Dorex2007 ($5 in chips) 
Seat 9: AssosManiki ($7.94 in chips) 
CC7A: posts small blind $0.02
Keption: posts big blind $0.05
*** HOLE CARDS ***
Dealt to Dorex2007 [Kc 8c]
Dorex2007: folds 
AssosManiki: folds 
Shevcuk: folds 
AceSpadeSurfer: folds 
fossil2010: folds 
tripleplay72 has timed out
tripleplay72: folds 
CC7A: calls $0.03
Keption: raises $0.12 to $0.17
CC7A: calls $0.12
*** FLOP *** [8d 8s 4s]
CC7A: checks 
Keption: checks 
*** TURN *** [8d 8s 4s] [Ts]
CC7A: bets $0.16
Keption: calls $0.16
*** RIVER *** [8d 8s 4s Ts] [Td]
CC7A: checks 
Keption: bets $0.86
CC7A: folds 
Uncalled bet ($0.86) returned to Keption
Keption collected $0.62 from pot
Keption: doesn't show hand 
*** SUMMARY ***
Total pot $0.66 | Rake $0.04 
Board [8d 8s 4s Ts Td]
Seat 1: Shevcuk folded before Flop (didn't bet)
Seat 2: AceSpadeSurfer folded before Flop (didn't bet)
Seat 3: fossil2010 folded before Flop (didn't bet)
Seat 5: tripleplay72 (button) folded before Flop (didn't bet)
Seat 6: CC7A (small blind) folded on the River
Seat 7: Keption (big blind) collected ($0.62)
Seat 8: Dorex2007 folded before Flop (didn't bet)
Seat 9: AssosManiki folded before Flop (didn't bet)



PokerStars Hand #237936278737:  Hold'em No Limit ($0.02/$0.05 USD) - 2022/08/11 17:51:07 PT [2022/08/11 20:51:07 ET]
Table 'Irenaea III' 9-max Seat #6 is the button
Seat 1: Shevcuk ($9.53 in chips) 
Seat 2: AceSpadeSurfer ($6.32 in chips) 
Seat 3: fossil2010 ($5.07 in chips) 
Seat 5: tripleplay72 ($5 in chips) 
Seat 6: CC7A ($4.83 in chips) 
Seat 7: Keption ($5.81 in chips) 
Seat 8: Dorex2007 ($5 in chips) 
Seat 9: AssosManiki ($7.94 in chips) 
Keption: posts small blind $0.02
Dorex2007: posts big blind $0.05
*** HOLE CARDS ***
Dealt to Dorex2007 [Ts 3c]
AssosManiki: folds 
Shevcuk: folds 
AceSpadeSurfer: raises $0.05 to $0.10
fossil2010: raises $0.05 to $0.15
tripleplay72: folds 
CC7A: folds 
Keption: folds 
Dorex2007: folds 
AceSpadeSurfer: calls $0.05
*** FLOP *** [6d 7h Kh]
AceSpadeSurfer: checks 
fossil2010: bets $0.25
AceSpadeSurfer: calls $0.25
*** TURN *** [6d 7h Kh] [2d]
AceSpadeSurfer: checks 
fossil2010: bets $0.50
AceSpadeSurfer: calls $0.50
*** RIVER *** [6d 7h Kh 2d] [Tc]
AceSpadeSurfer: checks 
fossil2010: checks 
*** SHOW DOWN ***
AceSpadeSurfer: shows [8d Td] (a pair of Tens)
fossil2010: shows [Th Qh] (a pair of Tens - King+Queen kicker)
fossil2010 collected $1.79 from pot
*** SUMMARY ***
Total pot $1.87 | Rake $0.08 
Board [6d 7h Kh 2d Tc]
Seat 1: Shevcuk folded before Flop (didn't bet)
Seat 2: AceSpadeSurfer showed [8d Td] and lost with a pair of Tens
Seat 3: fossil2010 showed [Th Qh] and won ($1.79) with a pair of Tens
Seat 5: tripleplay72 folded before Flop (didn't bet)
Seat 6: CC7A (button) folded before Flop (didn't bet)
Seat 7: Keption (small blind) folded before Flop
Seat 8: Dorex2007 (big blind) folded before Flop
Seat 9: AssosManiki folded before Flop (didn't bet)



PokerStars Hand #237936295040:  Hold'em No Limit ($0.02/$0.05 USD) - 2022/08/11 17:52:23 PT [2022/08/11 20:52:23 ET]
Table 'Irenaea III' 9-max Seat #7 is the button
Seat 1: Shevcuk ($9.53 in chips) 
Seat 2: AceSpadeSurfer ($5.42 in chips) 
Seat 3: fossil2010 ($5.96 in chips) 
Seat 5: tripleplay72 ($5 in chips) 
Seat 6: CC7A ($4.83 in chips) 
Seat 7: Keption ($5.79 in chips) 
Seat 8: Dorex2007 ($5 in chips) 
Seat 9: AssosManiki ($7.94 in chips) 
Dorex2007: posts small blind $0.02
AssosManiki: posts big blind $0.05
*** HOLE CARDS ***
Dealt to Dorex2007 [Kc 7h]
Shevcuk: folds 
AceSpadeSurfer: folds 
fossil2010: raises $0.10 to $0.15
tripleplay72: folds 
CC7A: folds 
Keption: folds 
Dorex2007: folds 
SVBayer26 joins the table at seat #4 
AssosManiki: folds 
Uncalled bet ($0.10) returned to fossil2010
fossil2010 collected $0.12 from pot
fossil2010: doesn't show hand 
*** SUMMARY ***
Total pot $0.12 | Rake $0 
Seat 1: Shevcuk folded before Flop (didn't bet)
Seat 2: AceSpadeSurfer folded before Flop (didn't bet)
Seat 3: fossil2010 collected ($0.12)
Seat 5: tripleplay72 folded before Flop (didn't bet)
Seat 6: CC7A folded before Flop (didn't bet)
Seat 7: Keption (button) folded before Flop (didn't bet)
Seat 8: Dorex2007 (small blind) folded before Flop
Seat 9: AssosManiki (big blind) folded before Flop



PokerStars Hand #237936300315:  Hold'em No Limit ($0.02/$0.05 USD) - 2022/08/11 17:52:47 PT [2022/08/11 20:52:47 ET]
Table 'Irenaea III' 9-max Seat #8 is the button
Seat 1: Shevcuk ($9.53 in chips) 
Seat 2: AceSpadeSurfer ($5.42 in chips) 
Seat 3: fossil2010 ($6.03 in chips) 
Seat 4: SVBayer26 ($4.08 in chips) 
Seat 5: tripleplay72 ($5 in chips) 
Seat 6: CC7A ($4.83 in chips) 
Seat 7: Keption ($5.79 in chips) 
Seat 8: Dorex2007 ($5 in chips) 
Seat 9: AssosManiki ($7.89 in chips) 
AssosManiki: posts small blind $0.02
Shevcuk: posts big blind $0.05
SVBayer26: posts big blind $0.05
*** HOLE CARDS ***
Dealt to Dorex2007 [Kd Qc]
AceSpadeSurfer: calls $0.05
fossil2010: folds 
SVBayer26: checks 
tripleplay72: folds 
CC7A: folds 
Keption: folds 
Dorex2007 has timed out
Dorex2007: folds 
AssosManiki: calls $0.03
Shevcuk: checks 
*** FLOP *** [2c 2h 9s]
AssosManiki: checks 
Shevcuk: bets $0.13
AceSpadeSurfer: calls $0.13
SVBayer26: folds 
AssosManiki: folds 
*** TURN *** [2c 2h 9s] [3s]
Shevcuk: bets $0.29
AceSpadeSurfer: calls $0.29
*** RIVER *** [2c 2h 9s 3s] [4s]
Shevcuk: checks 
AceSpadeSurfer: bets $1
Shevcuk: folds 
Uncalled bet ($1) returned to AceSpadeSurfer
AceSpadeSurfer collected $1 from pot
AceSpadeSurfer: doesn't show hand 
*** SUMMARY ***
Total pot $1.04 | Rake $0.04 
Board [2c 2h 9s 3s 4s]
Seat 1: Shevcuk (big blind) folded on the River
Seat 2: AceSpadeSurfer collected ($1)
Seat 3: fossil2010 folded before Flop (didn't bet)
Seat 4: SVBayer26 folded on the Flop (didn't bet)
Seat 5: tripleplay72 folded before Flop (didn't bet)
Seat 6: CC7A folded before Flop (didn't bet)
Seat 7: Keption folded before Flop (didn't bet)
Seat 8: Dorex2007 (button) folded before Flop (didn't bet)
Seat 9: AssosManiki (small blind) folded on the Flop



PokerStars Hand #237936316864:  Hold'em No Limit ($0.02/$0.05 USD) - 2022/08/11 17:54:04 PT [2022/08/11 20:54:04 ET]
Table 'Irenaea III' 9-max Seat #9 is the button
Seat 1: Shevcuk ($9.06 in chips) 
Seat 2: AceSpadeSurfer ($5.95 in chips) 
Seat 3: fossil2010 ($6.03 in chips) 
Seat 4: SVBayer26 ($4.03 in chips) 
Seat 5: tripleplay72 ($5 in chips) 
Seat 6: CC7A ($4.83 in chips) 
Seat 7: Keption ($5.79 in chips) 
Seat 8: Dorex2007 ($5 in chips) 
Seat 9: AssosManiki ($7.84 in chips) 
Shevcuk: posts small blind $0.02
AceSpadeSurfer: posts big blind $0.05
*** HOLE CARDS ***
Dealt to Dorex2007 [8h 6c]
fossil2010: folds 
SVBayer26: folds 
tripleplay72: folds 
CC7A: folds 
Keption: raises $0.07 to $0.12
Dorex2007: folds 
AssosManiki: folds 
Shevcuk: folds 
AceSpadeSurfer: folds 
Uncalled bet ($0.07) returned to Keption
Keption collected $0.12 from pot
Keption: doesn't show hand 
*** SUMMARY ***
Total pot $0.12 | Rake $0 
Seat 1: Shevcuk (small blind) folded before Flop
Seat 2: AceSpadeSurfer (big blind) folded before Flop
Seat 3: fossil2010 folded before Flop (didn't bet)
Seat 4: SVBayer26 folded before Flop (didn't bet)
Seat 5: tripleplay72 folded before Flop (didn't bet)
Seat 6: CC7A folded before Flop (didn't bet)
Seat 7: Keption collected ($0.12)
Seat 8: Dorex2007 folded before Flop (didn't bet)
Seat 9: AssosManiki (button) folded before Flop (didn't bet)



PokerStars Hand #237936321814:  Hold'em No Limit ($0.02/$0.05 USD) - 2022/08/11 17:54:26 PT [2022/08/11 20:54:26 ET]
Table 'Irenaea III' 9-max Seat #1 is the button
Seat 1: Shevcuk ($9.04 in chips) 
Seat 2: AceSpadeSurfer ($5.90 in chips) 
Seat 3: fossil2010 ($6.03 in chips) 
Seat 4: SVBayer26 ($4.03 in chips) 
Seat 5: tripleplay72 ($5 in chips) 
Seat 6: CC7A ($4.83 in chips) 
Seat 7: Keption ($5.86 in chips) 
Seat 8: Dorex2007 ($5 in chips) 
Seat 9: AssosManiki ($7.84 in chips) 
AceSpadeSurfer: posts small blind $0.02
fossil2010: posts big blind $0.05
*** HOLE CARDS ***
Dealt to Dorex2007 [As 6h]
SVBayer26: calls $0.05
tripleplay72: folds 
CC7A: raises $0.10 to $0.15
Keption: folds 
Dorex2007: folds 
AssosManiki: folds 
Shevcuk: folds 
AceSpadeSurfer: folds 
fossil2010: folds 
SVBayer26: calls $0.10
*** FLOP *** [Ts 4c 3s]
SVBayer26: bets $0.15
CC7A: folds 
Uncalled bet ($0.15) returned to SVBayer26
SVBayer26 collected $0.35 from pot
*** SUMMARY ***
Total pot $0.37 | Rake $0.02 
Board [Ts 4c 3s]
Seat 1: Shevcuk (button) folded before Flop (didn't bet)
Seat 2: AceSpadeSurfer (small blind) folded before Flop
Seat 3: fossil2010 (big blind) folded before Flop
Seat 4: SVBayer26 collected ($0.35)
Seat 5: tripleplay72 folded before Flop (didn't bet)
Seat 6: CC7A folded on the Flop
Seat 7: Keption folded before Flop (didn't bet)
Seat 8: Dorex2007 folded before Flop (didn't bet)
Seat 9: AssosManiki folded before Flop (didn't bet)



PokerStars Hand #237936331094:  Hold'em No Limit ($0.02/$0.05 USD) - 2022/08/11 17:55:10 PT [2022/08/11 20:55:10 ET]
Table 'Irenaea III' 9-max Seat #2 is the button
Seat 1: Shevcuk ($9.04 in chips) 
Seat 2: AceSpadeSurfer ($5.88 in chips) 
Seat 3: fossil2010 ($5.98 in chips) 
Seat 4: SVBayer26 ($4.23 in chips) 
Seat 5: tripleplay72 ($5 in chips) 
Seat 6: CC7A ($4.68 in chips) 
Seat 7: Keption ($5.86 in chips) 
Seat 8: Dorex2007 ($5 in chips) 
Seat 9: AssosManiki ($7.84 in chips) 
fossil2010: posts small blind $0.02
SVBayer26: posts big blind $0.05
*** HOLE CARDS ***
Dealt to Dorex2007 [8d 7s]
tripleplay72: folds 
CC7A: calls $0.05
Keption: folds 
Dorex2007: folds 
AssosManiki: folds 
Shevcuk: folds 
AceSpadeSurfer: folds 
fossil2010: folds 
SVBayer26: checks 
*** FLOP *** [Tc As 2h]
SVBayer26: checks 
CC7A: checks 
*** TURN *** [Tc As 2h] [Kd]
SVBayer26: checks 
CC7A: checks 
*** RIVER *** [Tc As 2h Kd] [Ks]
SVBayer26: checks 
CC7A: checks 
*** SHOW DOWN ***
SVBayer26: shows [4h Qh] (a pair of Kings)
CC7A: shows [Qs Qd] (two pair, Kings and Queens)
CC7A collected $0.12 from pot
*** SUMMARY ***
Total pot $0.12 | Rake $0 
Board [Tc As 2h Kd Ks]
Seat 1: Shevcuk folded before Flop (didn't bet)
Seat 2: AceSpadeSurfer (button) folded before Flop (didn't bet)
Seat 3: fossil2010 (small blind) folded before Flop
Seat 4: SVBayer26 (big blind) showed [4h Qh] and lost with a pair of Kings
Seat 5: tripleplay72 folded before Flop (didn't bet)
Seat 6: CC7A showed [Qs Qd] and won ($0.12) with two pair, Kings and Queens
Seat 7: Keption folded before Flop (didn't bet)
Seat 8: Dorex2007 folded before Flop (didn't bet)
Seat 9: AssosManiki folded before Flop (didn't bet)



PokerStars Hand #237936339322:  Hold'em No Limit ($0.02/$0.05 USD) - 2022/08/11 17:55:57 PT [2022/08/11 20:55:57 ET]
Table 'Irenaea III' 9-max Seat #3 is the button
Seat 1: Shevcuk ($9.04 in chips) 
Seat 2: AceSpadeSurfer ($5.88 in chips) 
Seat 3: fossil2010 ($5.96 in chips) 
Seat 4: SVBayer26 ($4.18 in chips) 
Seat 5: tripleplay72 ($5 in chips) 
Seat 6: CC7A ($4.75 in chips) 
Seat 7: Keption ($5.86 in chips) 
Seat 8: Dorex2007 ($5 in chips) 
Seat 9: AssosManiki ($7.84 in chips) 
SVBayer26: posts small blind $0.02
tripleplay72: posts big blind $0.05
*** HOLE CARDS ***
Dealt to Dorex2007 [Qd 8d]
CC7A: folds 
Keption: folds 
Dorex2007: folds 
AssosManiki: folds 
Shevcuk: folds 
AceSpadeSurfer: folds 
fossil2010: raises $0.10 to $0.15
SVBayer26: folds 
tripleplay72: folds 
Uncalled bet ($0.10) returned to fossil2010
fossil2010 collected $0.12 from pot
fossil2010: doesn't show hand 
*** SUMMARY ***
Total pot $0.12 | Rake $0 
Seat 1: Shevcuk folded before Flop (didn't bet)
Seat 2: AceSpadeSurfer folded before Flop (didn't bet)
Seat 3: fossil2010 (button) collected ($0.12)
Seat 4: SVBayer26 (small blind) folded before Flop
Seat 5: tripleplay72 (big blind) folded before Flop
Seat 6: CC7A folded before Flop (didn't bet)
Seat 7: Keption folded before Flop (didn't bet)
Seat 8: Dorex2007 folded before Flop (didn't bet)
Seat 9: AssosManiki folded before Flop (didn't bet)



PokerStars Hand #237936342683:  Hold'em No Limit ($0.02/$0.05 USD) - 2022/08/11 17:56:15 PT [2022/08/11 20:56:15 ET]
Table 'Irenaea III' 9-max Seat #4 is the button
Seat 1: Shevcuk ($9.04 in chips) 
Seat 2: AceSpadeSurfer ($5.88 in chips) 
Seat 3: fossil2010 ($6.03 in chips) 
Seat 4: SVBayer26 ($4.16 in chips) 
Seat 5: tripleplay72 ($5 in chips) 
Seat 6: CC7A ($4.75 in chips) 
Seat 7: Keption ($5.86 in chips) 
Seat 8: Dorex2007 ($5 in chips) 
Seat 9: AssosManiki ($7.84 in chips) 
tripleplay72: posts small blind $0.02
CC7A: posts big blind $0.05
*** HOLE CARDS ***
Dealt to Dorex2007 [2d Jh]
Keption: folds 
Dorex2007: folds 
AssosManiki: folds 
Shevcuk: folds 
AceSpadeSurfer: folds 
fossil2010: folds 
SVBayer26: raises $0.10 to $0.15
tripleplay72: folds 
CC7A: calls $0.10
*** FLOP *** [Kh As Kd]
CC7A: checks 
SVBayer26: bets $0.15
CC7A: calls $0.15
*** TURN *** [Kh As Kd] [Kc]
CC7A: checks 
SVBayer26: checks 
*** RIVER *** [Kh As Kd Kc] [5s]
CC7A: checks 
SVBayer26: checks 
*** SHOW DOWN ***
CC7A: shows [5c Ad] (a full house, Kings full of Aces)
SVBayer26: mucks hand 
CC7A collected $0.59 from pot
*** SUMMARY ***
Total pot $0.62 | Rake $0.03 
Board [Kh As Kd Kc 5s]
Seat 1: Shevcuk folded before Flop (didn't bet)
Seat 2: AceSpadeSurfer folded before Flop (didn't bet)
Seat 3: fossil2010 folded before Flop (didn't bet)
Seat 4: SVBayer26 (button) mucked [5d 2s]
Seat 5: tripleplay72 (small blind) folded before Flop
Seat 6: CC7A (big blind) showed [5c Ad] and won ($0.59) with a full house, Kings full of Aces
Seat 7: Keption folded before Flop (didn't bet)
Seat 8: Dorex2007 folded before Flop (didn't bet)
Seat 9: AssosManiki folded before Flop (didn't bet)



PokerStars Hand #237936352016:  Hold'em No Limit ($0.02/$0.05 USD) - 2022/08/11 17:57:07 PT [2022/08/11 20:57:07 ET]
Table 'Irenaea III' 9-max Seat #5 is the button
Seat 1: Shevcuk ($9.04 in chips) 
Seat 2: AceSpadeSurfer ($5.88 in chips) 
Seat 3: fossil2010 ($6.03 in chips) 
Seat 4: SVBayer26 ($3.86 in chips) 
Seat 5: tripleplay72 ($5 in chips) 
Seat 6: CC7A ($5.04 in chips) 
Seat 7: Keption ($5.86 in chips) 
Seat 8: Dorex2007 ($5 in chips) 
Seat 9: AssosManiki ($7.84 in chips) 
CC7A: posts small blind $0.02
Keption: posts big blind $0.05
*** HOLE CARDS ***
Dealt to Dorex2007 [Qs Ks]
Dorex2007: raises $0.05 to $0.10
AssosManiki: folds 
Shevcuk: folds 
AceSpadeSurfer: calls $0.10
fossil2010: folds 
SVBayer26: calls $0.10
tripleplay72: folds 
CC7A: calls $0.08
Keption: folds 
*** FLOP *** [5s 6d Ah]
CC7A: checks 
Dorex2007: checks 
AceSpadeSurfer: checks 
SVBayer26: checks 
*** TURN *** [5s 6d Ah] [8s]
CC7A: bets $0.21
Dorex2007: folds 
AceSpadeSurfer: calls $0.21
SVBayer26: folds 
*** RIVER *** [5s 6d Ah 8s] [Kc]
CC7A: checks 
AceSpadeSurfer: bets $0.80
CC7A: folds 
Uncalled bet ($0.80) returned to AceSpadeSurfer
AceSpadeSurfer collected $0.83 from pot
AceSpadeSurfer: doesn't show hand 
*** SUMMARY ***
Total pot $0.87 | Rake $0.04 
Board [5s 6d Ah 8s Kc]
Seat 1: Shevcuk folded before Flop (didn't bet)
Seat 2: AceSpadeSurfer collected ($0.83)
Seat 3: fossil2010 folded before Flop (didn't bet)
Seat 4: SVBayer26 folded on the Turn
Seat 5: tripleplay72 (button) folded before Flop (didn't bet)
Seat 6: CC7A (small blind) folded on the River
Seat 7: Keption (big blind) folded before Flop
Seat 8: Dorex2007 folded on the Turn
Seat 9: AssosManiki folded before Flop (didn't bet)



PokerStars Hand #237936371466:  Hold'em No Limit ($0.02/$0.05 USD) - 2022/08/11 17:58:01 PT [2022/08/11 20:58:01 ET]
Table 'Irenaea III' 9-max Seat #6 is the button
Seat 1: Shevcuk ($9.04 in chips) 
Seat 2: AceSpadeSurfer ($6.40 in chips) 
Seat 3: fossil2010 ($6.03 in chips) 
Seat 4: SVBayer26 ($3.76 in chips) 
Seat 5: tripleplay72 ($5 in chips) 
Seat 6: CC7A ($4.73 in chips) 
Seat 7: Keption ($5.81 in chips) 
Seat 8: Dorex2007 ($5 in chips) 
Seat 9: AssosManiki ($7.84 in chips) 
Keption: posts small blind $0.02
Dorex2007: posts big blind $0.05
*** HOLE CARDS ***
Dealt to Dorex2007 [7d 4s]
AssosManiki: folds 
Shevcuk: folds 
AceSpadeSurfer: folds 
fossil2010: raises $0.10 to $0.15
SVBayer26: calls $0.15
tripleplay72: folds 
CC7A: raises $0.30 to $0.45
Keption: folds 
Dorex2007: folds 
fossil2010: calls $0.30
SVBayer26: calls $0.30
*** FLOP *** [6d 8d 9h]
fossil2010: checks 
SVBayer26: checks 
CC7A: bets $4.28 and is all-in
fossil2010: folds 
SVBayer26: folds 
Uncalled bet ($4.28) returned to CC7A
CC7A collected $1.36 from pot
*** SUMMARY ***
Total pot $1.42 | Rake $0.06 
Board [6d 8d 9h]
Seat 1: Shevcuk folded before Flop (didn't bet)
Seat 2: AceSpadeSurfer folded before Flop (didn't bet)
Seat 3: fossil2010 folded on the Flop
Seat 4: SVBayer26 folded on the Flop
Seat 5: tripleplay72 folded before Flop (didn't bet)
Seat 6: CC7A (button) collected ($1.36)
Seat 7: Keption (small blind) folded before Flop
Seat 8: Dorex2007 (big blind) folded before Flop
Seat 9: AssosManiki folded before Flop (didn't bet)



PokerStars Hand #237936384162:  Hold'em No Limit ($0.02/$0.05 USD) - 2022/08/11 17:59:12 PT [2022/08/11 20:59:12 ET]
Table 'Irenaea III' 9-max Seat #7 is the button
Seat 1: Shevcuk ($9.04 in chips) 
Seat 2: AceSpadeSurfer ($6.40 in chips) 
Seat 3: fossil2010 ($5.58 in chips) 
Seat 4: SVBayer26 ($3.31 in chips) 
Seat 5: tripleplay72 ($5 in chips) 
Seat 6: CC7A ($5.64 in chips) 
Seat 7: Keption ($5.79 in chips) 
Seat 8: Dorex2007 ($5 in chips) 
Seat 9: AssosManiki ($7.84 in chips) 
Dorex2007: posts small blind $0.02
AssosManiki: posts big blind $0.05
*** HOLE CARDS ***
Dealt to Dorex2007 [Js 7c]
Shevcuk: folds 
AceSpadeSurfer: raises $0.10 to $0.15
fossil2010: folds 
SVBayer26: calls $0.15
tripleplay72: folds 
CC7A: folds 
Keption: calls $0.15
Dorex2007: folds 
AssosManiki: calls $0.10
*** FLOP *** [3s 3c Td]
AssosManiki: checks 
AceSpadeSurfer: checks 
SVBayer26: bets $0.20
Keption: folds 
AssosManiki: folds 
AceSpadeSurfer: calls $0.20
*** TURN *** [3s 3c Td] [7h]
AceSpadeSurfer: checks 
SVBayer26: bets $0.35
AceSpadeSurfer: calls $0.35
*** RIVER *** [3s 3c Td 7h] [4s]
AceSpadeSurfer: bets $1.60
SVBayer26: folds 
Uncalled bet ($1.60) returned to AceSpadeSurfer
AceSpadeSurfer collected $1.65 from pot
AceSpadeSurfer: doesn't show hand 
*** SUMMARY ***
Total pot $1.72 | Rake $0.07 
Board [3s 3c Td 7h 4s]
Seat 1: Shevcuk folded before Flop (didn't bet)
Seat 2: AceSpadeSurfer collected ($1.65)
Seat 3: fossil2010 folded before Flop (didn't bet)
Seat 4: SVBayer26 folded on the River
Seat 5: tripleplay72 folded before Flop (didn't bet)
Seat 6: CC7A folded before Flop (didn't bet)
Seat 7: Keption (button) folded on the Flop
Seat 8: Dorex2007 (small blind) folded before Flop
Seat 9: AssosManiki (big blind) folded on the Flop



PokerStars Hand #237936396740:  Hold'em No Limit ($0.02/$0.05 USD) - 2022/08/11 18:00:20 PT [2022/08/11 21:00:20 ET]
Table 'Irenaea III' 9-max Seat #8 is the button
Seat 1: Shevcuk ($9.04 in chips) 
Seat 2: AceSpadeSurfer ($7.35 in chips) 
Seat 3: fossil2010 ($5.58 in chips) 
Seat 4: SVBayer26 ($2.61 in chips) 
Seat 5: tripleplay72 ($5 in chips) 
Seat 6: CC7A ($5.64 in chips) 
Seat 7: Keption ($5.64 in chips) 
Seat 8: Dorex2007 ($5 in chips) 
Seat 9: AssosManiki ($7.69 in chips) 
AssosManiki: posts small blind $0.02
Shevcuk: posts big blind $0.05
*** HOLE CARDS ***
Dealt to Dorex2007 [Ah 6h]
AceSpadeSurfer: folds 
fossil2010: folds 
SVBayer26: raises $0.05 to $0.10
tripleplay72: folds 
CC7A: raises $0.25 to $0.35
Keption: folds 
Dorex2007: folds 
AssosManiki: folds 
Shevcuk: folds 
SVBayer26: calls $0.25
*** FLOP *** [9s Qc 4d]
SVBayer26: checks 
CC7A: bets $0.37
SVBayer26: folds 
Uncalled bet ($0.37) returned to CC7A
CC7A collected $0.74 from pot
*** SUMMARY ***
Total pot $0.77 | Rake $0.03 
Board [9s Qc 4d]
Seat 1: Shevcuk (big blind) folded before Flop
Seat 2: AceSpadeSurfer folded before Flop (didn't bet)
Seat 3: fossil2010 folded before Flop (didn't bet)
Seat 4: SVBayer26 folded on the Flop
Seat 5: tripleplay72 folded before Flop (didn't bet)
Seat 6: CC7A collected ($0.74)
Seat 7: Keption folded before Flop (didn't bet)
Seat 8: Dorex2007 (button) folded before Flop (didn't bet)
Seat 9: AssosManiki (small blind) folded before Flop



PokerStars Hand #237936404091:  Hold'em No Limit ($0.02/$0.05 USD) - 2022/08/11 18:00:57 PT [2022/08/11 21:00:57 ET]
Table 'Irenaea III' 9-max Seat #9 is the button
Seat 1: Shevcuk ($8.99 in chips) 
Seat 2: AceSpadeSurfer ($7.35 in chips) 
Seat 3: fossil2010 ($5.58 in chips) 
Seat 4: SVBayer26 ($2.26 in chips) 
Seat 5: tripleplay72 ($5 in chips) 
Seat 6: CC7A ($6.03 in chips) 
Seat 7: Keption ($5.64 in chips) 
Seat 8: Dorex2007 ($5 in chips) 
Seat 9: AssosManiki ($7.67 in chips) 
Shevcuk: posts small blind $0.02
AceSpadeSurfer: posts big blind $0.05
*** HOLE CARDS ***
Dealt to Dorex2007 [6h 2c]
fossil2010: folds 
SVBayer26: folds 
tripleplay72: raises $0.10 to $0.15
CC7A: folds 
Keption: folds 
Dorex2007: folds 
AssosManiki: folds 
Shevcuk: folds 
AceSpadeSurfer: folds 
Uncalled bet ($0.10) returned to tripleplay72
tripleplay72 collected $0.12 from pot
*** SUMMARY ***
Total pot $0.12 | Rake $0 
Seat 1: Shevcuk (small blind) folded before Flop
Seat 2: AceSpadeSurfer (big blind) folded before Flop
Seat 3: fossil2010 folded before Flop (didn't bet)
Seat 4: SVBayer26 folded before Flop (didn't bet)
Seat 5: tripleplay72 collected ($0.12)
Seat 6: CC7A folded before Flop (didn't bet)
Seat 7: Keption folded before Flop (didn't bet)
Seat 8: Dorex2007 folded before Flop (didn't bet)
Seat 9: AssosManiki (button) folded before Flop (didn't bet)



PokerStars Hand #237936409767:  Hold'em No Limit ($0.02/$0.05 USD) - 2022/08/11 18:01:24 PT [2022/08/11 21:01:24 ET]
Table 'Irenaea III' 9-max Seat #1 is the button
Seat 1: Shevcuk ($8.97 in chips) 
Seat 2: AceSpadeSurfer ($7.30 in chips) 
Seat 3: fossil2010 ($5.58 in chips) 
Seat 4: SVBayer26 ($2.26 in chips) 
Seat 5: tripleplay72 ($5.07 in chips) 
Seat 6: CC7A ($6.03 in chips) 
Seat 7: Keption ($5.64 in chips) 
Seat 8: Dorex2007 ($5 in chips) 
Seat 9: AssosManiki ($7.67 in chips) 
AceSpadeSurfer: posts small blind $0.02
fossil2010: posts big blind $0.05
*** HOLE CARDS ***
Dealt to Dorex2007 [Qs 6s]
SVBayer26: calls $0.05
tripleplay72: folds 
CC7A: calls $0.05
Keption: folds 
Dorex2007: folds 
AssosManiki: raises $0.22 to $0.27
Shevcuk: folds 
AceSpadeSurfer: folds 
fossil2010: raises $0.23 to $0.50
SVBayer26: folds 
CC7A: folds 
AssosManiki: calls $0.23
*** FLOP *** [2s Js Th]
fossil2010: bets $0.60
AssosManiki: raises $1.93 to $2.53
fossil2010: calls $1.93
*** TURN *** [2s Js Th] [Jh]
fossil2010: checks 
AssosManiki: bets $4.64 and is all-in
fossil2010: calls $2.55 and is all-in
Uncalled bet ($2.09) returned to AssosManiki
*** RIVER *** [2s Js Th Jh] [Ad]
*** SHOW DOWN ***
fossil2010: shows [Ac As] (a full house, Aces full of Jacks)
AssosManiki: shows [Jc Jd] (four of a kind, Jacks)
AssosManiki collected $10.81 from pot
*** SUMMARY ***
Total pot $11.28 | Rake $0.47 
Board [2s Js Th Jh Ad]
Seat 1: Shevcuk (button) folded before Flop (didn't bet)
Seat 2: AceSpadeSurfer (small blind) folded before Flop
Seat 3: fossil2010 (big blind) showed [Ac As] and lost with a full house, Aces full of Jacks
Seat 4: SVBayer26 folded before Flop
Seat 5: tripleplay72 folded before Flop (didn't bet)
Seat 6: CC7A folded before Flop
Seat 7: Keption folded before Flop (didn't bet)
Seat 8: Dorex2007 folded before Flop (didn't bet)
Seat 9: AssosManiki showed [Jc Jd] and won ($10.81) with four of a kind, Jacks



PokerStars Hand #237936427230:  Hold'em No Limit ($0.02/$0.05 USD) - 2022/08/11 18:02:48 PT [2022/08/11 21:02:48 ET]
Table 'Irenaea III' 9-max Seat #2 is the button
Seat 1: Shevcuk ($8.97 in chips) 
Seat 2: AceSpadeSurfer ($7.28 in chips) 
Seat 3: fossil2010 ($5 in chips) 
Seat 4: SVBayer26 ($2.21 in chips) 
Seat 5: tripleplay72 ($5.07 in chips) 
Seat 6: CC7A ($5.98 in chips) 
Seat 7: Keption ($5.64 in chips) 
Seat 8: Dorex2007 ($5 in chips) 
Seat 9: AssosManiki ($12.90 in chips) 
fossil2010: posts small blind $0.02
SVBayer26: posts big blind $0.05
*** HOLE CARDS ***
Dealt to Dorex2007 [3h 2s]
tripleplay72: folds 
CC7A: folds 
Keption: folds 
Dorex2007: folds 
AssosManiki: folds 
Shevcuk: raises $0.07 to $0.12
AceSpadeSurfer: folds 
fossil2010: folds 
SVBayer26: folds 
Uncalled bet ($0.07) returned to Shevcuk
Shevcuk collected $0.12 from pot
Shevcuk: doesn't show hand 
*** SUMMARY ***
Total pot $0.12 | Rake $0 
Seat 1: Shevcuk collected ($0.12)
Seat 2: AceSpadeSurfer (button) folded before Flop (didn't bet)
Seat 3: fossil2010 (small blind) folded before Flop
Seat 4: SVBayer26 (big blind) folded before Flop
Seat 5: tripleplay72 folded before Flop (didn't bet)
Seat 6: CC7A folded before Flop (didn't bet)
Seat 7: Keption folded before Flop (didn't bet)
Seat 8: Dorex2007 folded before Flop (didn't bet)
Seat 9: AssosManiki folded before Flop (didn't bet)



PokerStars Hand #237936432924:  Hold'em No Limit ($0.02/$0.05 USD) - 2022/08/11 18:03:15 PT [2022/08/11 21:03:15 ET]
Table 'Irenaea III' 9-max Seat #3 is the button
Seat 1: Shevcuk ($9.04 in chips) 
Seat 2: AceSpadeSurfer ($7.28 in chips) 
Seat 3: fossil2010 ($5 in chips) 
Seat 4: SVBayer26 ($2.16 in chips) 
Seat 5: tripleplay72 ($5.07 in chips) 
Seat 6: CC7A ($5.98 in chips) 
Seat 7: Keption ($5.64 in chips) 
Seat 8: Dorex2007 ($5 in chips) 
Seat 9: AssosManiki ($12.90 in chips) 
SVBayer26: posts small blind $0.02
tripleplay72: posts big blind $0.05
*** HOLE CARDS ***
Dealt to Dorex2007 [Jd Kd]
CC7A: folds 
Keption: folds 
Dorex2007: raises $0.10 to $0.15
AssosManiki: folds 
Shevcuk: folds 
AceSpadeSurfer: folds 
fossil2010: folds 
SVBayer26: folds 
tripleplay72: folds 
Uncalled bet ($0.10) returned to Dorex2007
Dorex2007 collected $0.12 from pot
Dorex2007: doesn't show hand 
*** SUMMARY ***
Total pot $0.12 | Rake $0 
Seat 1: Shevcuk folded before Flop (didn't bet)
Seat 2: AceSpadeSurfer folded before Flop (didn't bet)
Seat 3: fossil2010 (button) folded before Flop (didn't bet)
Seat 4: SVBayer26 (small blind) folded before Flop
Seat 5: tripleplay72 (big blind) folded before Flop
Seat 6: CC7A folded before Flop (didn't bet)
Seat 7: Keption folded before Flop (didn't bet)
Seat 8: Dorex2007 collected ($0.12)
Seat 9: AssosManiki folded before Flop (didn't bet)



PokerStars Hand #237936437695:  Hold'em No Limit ($0.02/$0.05 USD) - 2022/08/11 18:03:37 PT [2022/08/11 21:03:37 ET]
Table 'Irenaea III' 9-max Seat #4 is the button
Seat 1: Shevcuk ($9.04 in chips) 
Seat 2: AceSpadeSurfer ($7.28 in chips) 
Seat 3: fossil2010 ($5 in chips) 
Seat 4: SVBayer26 ($2.14 in chips) 
Seat 5: tripleplay72 ($5.02 in chips) 
Seat 6: CC7A ($5.98 in chips) 
Seat 7: Keption ($5.64 in chips) 
Seat 8: Dorex2007 ($5.07 in chips) 
Seat 9: AssosManiki ($12.90 in chips) 
tripleplay72: posts small blind $0.02
CC7A: posts big blind $0.05
*** HOLE CARDS ***
Dealt to Dorex2007 [Ad 3s]
Keption has timed out
Keption: folds 
Dorex2007: folds 
AssosManiki: folds 
Shevcuk: folds 
AceSpadeSurfer: folds 
fossil2010: raises $0.10 to $0.15
SVBayer26: calls $0.15
tripleplay72: folds 
CC7A: calls $0.10
*** FLOP *** [4h Js 8d]
CC7A: checks 
fossil2010: checks 
SVBayer26: bets $0.20
CC7A: calls $0.20
fossil2010: folds 
*** TURN *** [4h Js 8d] [9d]
CC7A: checks 
SVBayer26: bets $0.55
CC7A: raises $1.40 to $1.95
SVBayer26: calls $1.24 and is all-in
Uncalled bet ($0.16) returned to CC7A
*** RIVER *** [4h Js 8d 9d] [Jh]
*** SHOW DOWN ***
CC7A: shows [Ts 7d] (a straight, Seven to Jack)
SVBayer26: shows [4d Qd] (two pair, Jacks and Fours)
CC7A collected $4.27 from pot
*** SUMMARY ***
Total pot $4.45 | Rake $0.18 
Board [4h Js 8d 9d Jh]
Seat 1: Shevcuk folded before Flop (didn't bet)
Seat 2: AceSpadeSurfer folded before Flop (didn't bet)
Seat 3: fossil2010 folded on the Flop
Seat 4: SVBayer26 (button) showed [4d Qd] and lost with two pair, Jacks and Fours
Seat 5: tripleplay72 (small blind) folded before Flop
Seat 6: CC7A (big blind) showed [Ts 7d] and won ($4.27) with a straight, Seven to Jack
Seat 7: Keption folded before Flop (didn't bet)
Seat 8: Dorex2007 folded before Flop (didn't bet)
Seat 9: AssosManiki folded before Flop (didn't bet)



PokerStars Hand #237936454256:  Hold'em No Limit ($0.02/$0.05 USD) - 2022/08/11 18:04:55 PT [2022/08/11 21:04:55 ET]
Table 'Irenaea III' 9-max Seat #5 is the button
Seat 1: Shevcuk ($9.04 in chips) 
Seat 2: AceSpadeSurfer ($7.28 in chips) 
Seat 3: fossil2010 ($5 in chips) 
Seat 5: tripleplay72 ($5 in chips) 
Seat 6: CC7A ($8.11 in chips) 
Seat 7: Keption ($5.64 in chips) 
Seat 8: Dorex2007 ($5.07 in chips) 
Seat 9: AssosManiki ($12.90 in chips) 
CC7A: posts small blind $0.02
Keption: posts big blind $0.05
*** HOLE CARDS ***
Dealt to Dorex2007 [Tc Jc]
Dorex2007: folds 
AssosManiki: folds 
Shevcuk: folds 
SVBayer26 leaves the table
AceSpadeSurfer: raises $0.10 to $0.15
fossil2010: folds 
tripleplay72: raises $0.37 to $0.52
CC7A: folds 
CHSB10 joins the table at seat #4 
Keption: folds 
AceSpadeSurfer: calls $0.37
*** FLOP *** [Qc 5d Ks]
AceSpadeSurfer: checks 
tripleplay72: checks 
*** TURN *** [Qc 5d Ks] [9c]
AceSpadeSurfer: bets $0.60
tripleplay72: calls $0.60
*** RIVER *** [Qc 5d Ks 9c] [9d]
AceSpadeSurfer: bets $1.40
tripleplay72: calls $1.40
*** SHOW DOWN ***
AceSpadeSurfer: shows [Jd Kh] (two pair, Kings and Nines)
tripleplay72: shows [Ah Kc] (two pair, Kings and Nines - Ace kicker)
tripleplay72 collected $4.90 from pot
*** SUMMARY ***
Total pot $5.11 | Rake $0.21 
Board [Qc 5d Ks 9c 9d]
Seat 1: Shevcuk folded before Flop (didn't bet)
Seat 2: AceSpadeSurfer showed [Jd Kh] and lost with two pair, Kings and Nines
Seat 3: fossil2010 folded before Flop (didn't bet)
Seat 5: tripleplay72 (button) showed [Ah Kc] and won ($4.90) with two pair, Kings and Nines
Seat 6: CC7A (small blind) folded before Flop
Seat 7: Keption (big blind) folded before Flop
Seat 8: Dorex2007 folded before Flop (didn't bet)
Seat 9: AssosManiki folded before Flop (didn't bet)



PokerStars Hand #237936472547:  Hold'em No Limit ($0.02/$0.05 USD) - 2022/08/11 18:06:15 PT [2022/08/11 21:06:15 ET]
Table 'Irenaea III' 9-max Seat #6 is the button
Seat 1: Shevcuk ($9.04 in chips) 
Seat 2: AceSpadeSurfer ($4.76 in chips) 
Seat 3: fossil2010 ($5 in chips) 
Seat 5: tripleplay72 ($7.38 in chips) 
Seat 6: CC7A ($8.09 in chips) 
Seat 7: Keption ($5.59 in chips) 
Seat 8: Dorex2007 ($5.07 in chips) 
Seat 9: AssosManiki ($12.90 in chips) 
Keption: posts small blind $0.02
Dorex2007: posts big blind $0.05
CHSB10: sits out 
*** HOLE CARDS ***
Dealt to Dorex2007 [7d Qc]
AssosManiki: folds 
Shevcuk: folds 
AceSpadeSurfer: folds 
fossil2010: folds 
tripleplay72: folds 
CC7A: folds 
Keption: folds 
Uncalled bet ($0.03) returned to Dorex2007
Dorex2007 collected $0.04 from pot
Dorex2007: doesn't show hand 
*** SUMMARY ***
Total pot $0.04 | Rake $0 
Seat 1: Shevcuk folded before Flop (didn't bet)
Seat 2: AceSpadeSurfer folded before Flop (didn't bet)
Seat 3: fossil2010 folded before Flop (didn't bet)
Seat 5: tripleplay72 folded before Flop (didn't bet)
Seat 6: CC7A (button) folded before Flop (didn't bet)
Seat 7: Keption (small blind) folded before Flop
Seat 8: Dorex2007 (big blind) collected ($0.04)
Seat 9: AssosManiki folded before Flop (didn't bet)



PokerStars Hand #237936477728:  Hold'em No Limit ($0.02/$0.05 USD) - 2022/08/11 18:06:40 PT [2022/08/11 21:06:40 ET]
Table 'Irenaea III' 9-max Seat #7 is the button
Seat 1: Shevcuk ($9.04 in chips) 
Seat 2: AceSpadeSurfer ($4.76 in chips) 
Seat 3: fossil2010 ($5 in chips) 
Seat 5: tripleplay72 ($7.38 in chips) 
Seat 6: CC7A ($8.09 in chips) 
Seat 7: Keption ($5.57 in chips) 
Seat 8: Dorex2007 ($5.09 in chips) 
Seat 9: AssosManiki ($12.90 in chips) 
Dorex2007: posts small blind $0.02
AssosManiki: posts big blind $0.05
CHSB10: sits out 
*** HOLE CARDS ***
Dealt to Dorex2007 [Ah Td]
Shevcuk: folds 
AceSpadeSurfer: calls $0.05
fossil2010: folds 
tripleplay72: folds 
CC7A: calls $0.05
Keption: folds 
Dorex2007: calls $0.03
AssosManiki: checks 
*** FLOP *** [9d 9c Qc]
Dorex2007: checks 
AssosManiki: checks 
AceSpadeSurfer: bets $0.10
CC7A: folds 
Dorex2007: folds 
AssosManiki: raises $0.23 to $0.33
AceSpadeSurfer: calls $0.23
*** TURN *** [9d 9c Qc] [Js]
AssosManiki: bets $12.52 and is all-in
AceSpadeSurfer: folds 
Uncalled bet ($12.52) returned to AssosManiki
AssosManiki collected $0.82 from pot
AssosManiki: doesn't show hand 
*** SUMMARY ***
Total pot $0.86 | Rake $0.04 
Board [9d 9c Qc Js]
Seat 1: Shevcuk folded before Flop (didn't bet)
Seat 2: AceSpadeSurfer folded on the Turn
Seat 3: fossil2010 folded before Flop (didn't bet)
Seat 5: tripleplay72 folded before Flop (didn't bet)
Seat 6: CC7A folded on the Flop
Seat 7: Keption (button) folded before Flop (didn't bet)
Seat 8: Dorex2007 (small blind) folded on the Flop
Seat 9: AssosManiki (big blind) collected ($0.82)



PokerStars Hand #237936493859:  Hold'em No Limit ($0.02/$0.05 USD) - 2022/08/11 18:07:56 PT [2022/08/11 21:07:56 ET]
Table 'Irenaea III' 9-max Seat #8 is the button
Seat 1: Shevcuk ($9.04 in chips) 
Seat 2: AceSpadeSurfer ($4.38 in chips) 
Seat 3: fossil2010 ($5 in chips) 
Seat 5: tripleplay72 ($7.38 in chips) 
Seat 6: CC7A ($8.04 in chips) 
Seat 7: Keption ($5.57 in chips) 
Seat 8: Dorex2007 ($5.04 in chips) 
Seat 9: AssosManiki ($13.34 in chips) 
AssosManiki: posts small blind $0.02
Shevcuk: posts big blind $0.05
CHSB10: sits out 
*** HOLE CARDS ***
Dealt to Dorex2007 [Jh Kd]
AceSpadeSurfer: folds 
fossil2010: raises $0.10 to $0.15
tripleplay72: calls $0.15
CC7A: calls $0.15
Keption: calls $0.15
Dorex2007: folds 
AssosManiki: folds 
Shevcuk: folds 
*** FLOP *** [Jc 6s 5h]
fossil2010: checks 
tripleplay72: checks 
CC7A: checks 
Keption: checks 
*** TURN *** [Jc 6s 5h] [Kc]
fossil2010: checks 
tripleplay72: checks 
CC7A: checks 
Keption: checks 
*** RIVER *** [Jc 6s 5h Kc] [3h]
fossil2010: checks 
tripleplay72: checks 
CC7A: checks 
Keption: bets $0.53
fossil2010: folds 
tripleplay72: folds 
CC7A: folds 
Uncalled bet ($0.53) returned to Keption
Keption collected $0.63 from pot
Keption: doesn't show hand 
*** SUMMARY ***
Total pot $0.67 | Rake $0.04 
Board [Jc 6s 5h Kc 3h]
Seat 1: Shevcuk (big blind) folded before Flop
Seat 2: AceSpadeSurfer folded before Flop (didn't bet)
Seat 3: fossil2010 folded on the River
Seat 5: tripleplay72 folded on the River
Seat 6: CC7A folded on the River
Seat 7: Keption collected ($0.63)
Seat 8: Dorex2007 (button) folded before Flop (didn't bet)
Seat 9: AssosManiki (small blind) folded before Flop



PokerStars Hand #237936515878:  Hold'em No Limit ($0.02/$0.05 USD) - 2022/08/11 18:09:35 PT [2022/08/11 21:09:35 ET]
Table 'Irenaea III' 9-max Seat #9 is the button
Seat 1: Shevcuk ($8.99 in chips) 
Seat 2: AceSpadeSurfer ($4.38 in chips) 
Seat 3: fossil2010 ($5 in chips) 
Seat 5: tripleplay72 ($7.23 in chips) 
Seat 6: CC7A ($7.89 in chips) 
Seat 7: Keption ($6.05 in chips) 
Seat 8: Dorex2007 ($5.04 in chips) 
Seat 9: AssosManiki ($13.32 in chips) 
Shevcuk: posts small blind $0.02
AceSpadeSurfer: posts big blind $0.05
CHSB10: sits out 
*** HOLE CARDS ***
Dealt to Dorex2007 [8s 9s]
fossil2010: folds 
tripleplay72: folds 
CC7A: raises $0.10 to $0.15
Keption: folds 
Dorex2007: folds 
AssosManiki: folds 
Shevcuk: folds 
AceSpadeSurfer: calls $0.10
*** FLOP *** [As 3d 4c]
AceSpadeSurfer: checks 
CC7A: bets $0.25
AceSpadeSurfer: folds 
Uncalled bet ($0.25) returned to CC7A
CC7A collected $0.31 from pot
*** SUMMARY ***
Total pot $0.32 | Rake $0.01 
Board [As 3d 4c]
Seat 1: Shevcuk (small blind) folded before Flop
Seat 2: AceSpadeSurfer (big blind) folded on the Flop
Seat 3: fossil2010 folded before Flop (didn't bet)
Seat 5: tripleplay72 folded before Flop (didn't bet)
Seat 6: CC7A collected ($0.31)
Seat 7: Keption folded before Flop (didn't bet)
Seat 8: Dorex2007 folded before Flop (didn't bet)
Seat 9: AssosManiki (button) folded before Flop (didn't bet)



PokerStars Hand #237936523894:  Hold'em No Limit ($0.02/$0.05 USD) - 2022/08/11 18:10:12 PT [2022/08/11 21:10:12 ET]
Table 'Irenaea III' 9-max Seat #1 is the button
Seat 1: Shevcuk ($8.97 in chips) 
Seat 2: AceSpadeSurfer ($4.23 in chips) 
Seat 3: fossil2010 ($5 in chips) 
Seat 5: tripleplay72 ($7.23 in chips) 
Seat 6: CC7A ($8.05 in chips) 
Seat 7: Keption ($6.05 in chips) 
Seat 8: Dorex2007 ($5.04 in chips) 
Seat 9: AssosManiki ($13.32 in chips) 
AceSpadeSurfer: posts small blind $0.02
fossil2010: posts big blind $0.05
CHSB10: sits out 
*** HOLE CARDS ***
Dealt to Dorex2007 [7s Kh]
tripleplay72: folds 
CC7A: folds 
Keption: folds 
Dorex2007: folds 
AssosManiki: folds 
Shevcuk: raises $0.06 to $0.11
AceSpadeSurfer: folds 
fossil2010: folds 
Uncalled bet ($0.06) returned to Shevcuk
Shevcuk collected $0.12 from pot
Shevcuk: doesn't show hand 
*** SUMMARY ***
Total pot $0.12 | Rake $0 
Seat 1: Shevcuk (button) collected ($0.12)
Seat 2: AceSpadeSurfer (small blind) folded before Flop
Seat 3: fossil2010 (big blind) folded before Flop
Seat 5: tripleplay72 folded before Flop (didn't bet)
Seat 6: CC7A folded before Flop (didn't bet)
Seat 7: Keption folded before Flop (didn't bet)
Seat 8: Dorex2007 folded before Flop (didn't bet)
Seat 9: AssosManiki folded before Flop (didn't bet)



PokerStars Hand #237936529044:  Hold'em No Limit ($0.02/$0.05 USD) - 2022/08/11 18:10:37 PT [2022/08/11 21:10:37 ET]
Table 'Irenaea III' 9-max Seat #2 is the button
Seat 1: Shevcuk ($9.04 in chips) 
Seat 2: AceSpadeSurfer ($4.21 in chips) 
Seat 3: fossil2010 ($5 in chips) 
Seat 4: CHSB10 ($4 in chips) 
Seat 5: tripleplay72 ($7.23 in chips) 
Seat 6: CC7A ($8.05 in chips) 
Seat 7: Keption ($6.05 in chips) 
Seat 8: Dorex2007 ($5.04 in chips) 
Seat 9: AssosManiki ($13.32 in chips) 
fossil2010: posts small blind $0.02
CHSB10: posts big blind $0.05
*** HOLE CARDS ***
Dealt to Dorex2007 [3c 5d]
tripleplay72: folds 
CC7A: calls $0.05
Keption: raises $0.12 to $0.17
Dorex2007: folds 
AssosManiki: calls $0.17
Shevcuk: calls $0.17
AceSpadeSurfer: folds 
fossil2010: folds 
CHSB10: folds 
CC7A: raises $0.77 to $0.94
Keption: folds 
AssosManiki: folds 
Shevcuk: folds 
Uncalled bet ($0.77) returned to CC7A
CC7A collected $0.75 from pot
*** SUMMARY ***
Total pot $0.75 | Rake $0 
Seat 1: Shevcuk folded before Flop
Seat 2: AceSpadeSurfer (button) folded before Flop (didn't bet)
Seat 3: fossil2010 (small blind) folded before Flop
Seat 4: CHSB10 (big blind) folded before Flop
Seat 5: tripleplay72 folded before Flop (didn't bet)
Seat 6: CC7A collected ($0.75)
Seat 7: Keption folded before Flop
Seat 8: Dorex2007 folded before Flop (didn't bet)
Seat 9: AssosManiki folded before Flop



PokerStars Hand #237936551474:  Hold'em No Limit ($0.02/$0.05 USD) - 2022/08/11 18:11:42 PT [2022/08/11 21:11:42 ET]
Table 'Irenaea III' 9-max Seat #3 is the button
Seat 1: Shevcuk ($8.87 in chips) 
Seat 2: AceSpadeSurfer ($4.21 in chips) 
Seat 3: fossil2010 ($5 in chips) 
Seat 4: CHSB10 ($3.95 in chips) 
Seat 5: tripleplay72 ($7.23 in chips) 
Seat 6: CC7A ($8.63 in chips) 
Seat 7: Keption ($5.88 in chips) 
Seat 8: Dorex2007 ($5.04 in chips) 
Seat 9: AssosManiki ($13.15 in chips) 
CHSB10: posts small blind $0.02
tripleplay72: posts big blind $0.05
*** HOLE CARDS ***
Dealt to Dorex2007 [7c 7s]
CC7A: raises $0.05 to $0.10
Keption: calls $0.10
Dorex2007: calls $0.10
AssosManiki: folds 
Shevcuk: calls $0.10
AceSpadeSurfer: folds 
fossil2010: folds 
CHSB10: folds 
tripleplay72: folds 
*** FLOP *** [9s Jc 2c]
CC7A: checks 
Keption: bets $0.25
Dorex2007: folds 
Shevcuk: calls $0.25
CC7A: calls $0.25
*** TURN *** [9s Jc 2c] [Ac]
CC7A: checks 
Keption: checks 
Shevcuk: checks 
*** RIVER *** [9s Jc 2c Ac] [Ad]
CC7A: checks 
Keption: checks 
Shevcuk: checks 
*** SHOW DOWN ***
CC7A: shows [Kd Qc] (a pair of Aces)
Keption: shows [Jd Qh] (two pair, Aces and Jacks)
Shevcuk: shows [Jh Kc] (two pair, Aces and Jacks - King kicker)
Shevcuk collected $1.17 from pot
*** SUMMARY ***
Total pot $1.22 | Rake $0.05 
Board [9s Jc 2c Ac Ad]
Seat 1: Shevcuk showed [Jh Kc] and won ($1.17) with two pair, Aces and Jacks
Seat 2: AceSpadeSurfer folded before Flop (didn't bet)
Seat 3: fossil2010 (button) folded before Flop (didn't bet)
Seat 4: CHSB10 (small blind) folded before Flop
Seat 5: tripleplay72 (big blind) folded before Flop
Seat 6: CC7A showed [Kd Qc] and lost with a pair of Aces
Seat 7: Keption showed [Jd Qh] and lost with two pair, Aces and Jacks
Seat 8: Dorex2007 folded on the Flop
Seat 9: AssosManiki folded before Flop (didn't bet)



PokerStars Hand #237936572439:  Hold'em No Limit ($0.02/$0.05 USD) - 2022/08/11 18:12:49 PT [2022/08/11 21:12:49 ET]
Table 'Irenaea III' 9-max Seat #4 is the button
Seat 1: Shevcuk ($9.69 in chips) 
Seat 2: AceSpadeSurfer ($4.21 in chips) 
Seat 3: fossil2010 ($5 in chips) 
Seat 4: CHSB10 ($3.93 in chips) 
Seat 5: tripleplay72 ($7.18 in chips) 
Seat 6: CC7A ($8.28 in chips) 
Seat 7: Keption ($5.53 in chips) 
Seat 8: Dorex2007 ($5 in chips) 
Seat 9: AssosManiki ($13.15 in chips) 
tripleplay72: posts small blind $0.02
CC7A: posts big blind $0.05
*** HOLE CARDS ***
Dealt to Dorex2007 [Jh 8h]
Keption: folds 
Dorex2007: folds 
AssosManiki: folds 
Shevcuk: folds 
AceSpadeSurfer: raises $0.10 to $0.15
fossil2010: folds 
CHSB10: folds 
tripleplay72: folds 
CC7A: calls $0.10
*** FLOP *** [Th 9c 9h]
CC7A: checks 
AceSpadeSurfer: checks 
*** TURN *** [Th 9c 9h] [Qc]
CC7A: bets $0.15
AceSpadeSurfer: calls $0.15
*** RIVER *** [Th 9c 9h Qc] [9d]
CC7A: bets $0.59
AceSpadeSurfer: raises $3.32 to $3.91 and is all-in
CC7A: calls $3.32
*** SHOW DOWN ***
AceSpadeSurfer: shows [Qh Ks] (a full house, Nines full of Queens)
CC7A: shows [6s 9s] (four of a kind, Nines)
CC7A collected $8.09 from pot
*** SUMMARY ***
Total pot $8.44 | Rake $0.35 
Board [Th 9c 9h Qc 9d]
Seat 1: Shevcuk folded before Flop (didn't bet)
Seat 2: AceSpadeSurfer showed [Qh Ks] and lost with a full house, Nines full of Queens
Seat 3: fossil2010 folded before Flop (didn't bet)
Seat 4: CHSB10 (button) folded before Flop (didn't bet)
Seat 5: tripleplay72 (small blind) folded before Flop
Seat 6: CC7A (big blind) showed [6s 9s] and won ($8.09) with four of a kind, Nines
Seat 7: Keption folded before Flop (didn't bet)
Seat 8: Dorex2007 folded before Flop (didn't bet)
Seat 9: AssosManiki folded before Flop (didn't bet)



PokerStars Hand #237936593910:  Hold'em No Limit ($0.02/$0.05 USD) - 2022/08/11 18:14:31 PT [2022/08/11 21:14:31 ET]
Table 'Irenaea III' 9-max Seat #5 is the button
Seat 1: Shevcuk ($9.69 in chips) 
Seat 3: fossil2010 ($5 in chips) 
Seat 4: CHSB10 ($3.93 in chips) 
Seat 5: tripleplay72 ($7.16 in chips) 
Seat 6: CC7A ($12.16 in chips) 
Seat 7: Keption ($5.53 in chips) 
Seat 8: Dorex2007 ($5 in chips) 
Seat 9: AssosManiki ($13.15 in chips) 
CC7A: posts small blind $0.02
Keption: posts big blind $0.05
*** HOLE CARDS ***
Dealt to Dorex2007 [2h Td]
Dorex2007: folds 
AssosManiki: folds 
Shevcuk: folds 
fossil2010: folds 
CHSB10: raises $0.05 to $0.10
tripleplay72: folds 
CC7A: folds 
Keption: folds 
Uncalled bet ($0.05) returned to CHSB10
CHSB10 collected $0.12 from pot
CHSB10: doesn't show hand 
*** SUMMARY ***
Total pot $0.12 | Rake $0 
Seat 1: Shevcuk folded before Flop (didn't bet)
Seat 3: fossil2010 folded before Flop (didn't bet)
Seat 4: CHSB10 collected ($0.12)
Seat 5: tripleplay72 (button) folded before Flop (didn't bet)
Seat 6: CC7A (small blind) folded before Flop
Seat 7: Keption (big blind) folded before Flop
Seat 8: Dorex2007 folded before Flop (didn't bet)
Seat 9: AssosManiki folded before Flop (didn't bet)



PokerStars Hand #237936602031:  Hold'em No Limit ($0.02/$0.05 USD) - 2022/08/11 18:14:56 PT [2022/08/11 21:14:56 ET]
Table 'Irenaea III' 9-max Seat #6 is the button
Seat 1: Shevcuk ($9.69 in chips) 
Seat 3: fossil2010 ($5 in chips) 
Seat 4: CHSB10 ($4 in chips) 
Seat 5: tripleplay72 ($7.16 in chips) 
Seat 6: CC7A ($12.14 in chips) 
Seat 7: Keption ($5.48 in chips) 
Seat 8: Dorex2007 ($5 in chips) 
Seat 9: AssosManiki ($13.15 in chips) 
Keption: posts small blind $0.02
Dorex2007: posts big blind $0.05
*** HOLE CARDS ***
Dealt to Dorex2007 [As 6s]
AssosManiki: folds 
Shevcuk: folds 
fossil2010: folds 
CHSB10: folds 
tripleplay72: folds 
CC7A: calls $0.05
Keption: folds 
Dorex2007: checks 
*** FLOP *** [5h Ts 8c]
Dorex2007: checks 
CC7A: checks 
*** TURN *** [5h Ts 8c] [Qs]
Dorex2007: checks 
CC7A: bets $0.11
AceSpadeSurfer leaves the table
Dorex2007: calls $0.11
*** RIVER *** [5h Ts 8c Qs] [Td]
Dorex2007: bets $0.33
CC7A: folds 
Uncalled bet ($0.33) returned to Dorex2007
Dorex2007 collected $0.33 from pot
Dorex2007: doesn't show hand 
*** SUMMARY ***
Total pot $0.34 | Rake $0.01 
Board [5h Ts 8c Qs Td]
Seat 1: Shevcuk folded before Flop (didn't bet)
Seat 3: fossil2010 folded before Flop (didn't bet)
Seat 4: CHSB10 folded before Flop (didn't bet)
Seat 5: tripleplay72 folded before Flop (didn't bet)
Seat 6: CC7A (button) folded on the River
Seat 7: Keption (small blind) folded before Flop
Seat 8: Dorex2007 (big blind) collected ($0.33)
Seat 9: AssosManiki folded before Flop (didn't bet)



PokerStars Hand #237936612951:  Hold'em No Limit ($0.02/$0.05 USD) - 2022/08/11 18:15:47 PT [2022/08/11 21:15:47 ET]
Table 'Irenaea III' 9-max Seat #7 is the button
Seat 1: Shevcuk ($9.69 in chips) 
Seat 3: fossil2010 ($5 in chips) 
Seat 4: CHSB10 ($4 in chips) 
Seat 5: tripleplay72 ($7.16 in chips) 
Seat 6: CC7A ($11.98 in chips) 
Seat 7: Keption ($5.46 in chips) 
Seat 8: Dorex2007 ($5.17 in chips) 
Seat 9: AssosManiki ($13.15 in chips) 
Dorex2007: posts small blind $0.02
AssosManiki: posts big blind $0.05
*** HOLE CARDS ***
Dealt to Dorex2007 [Ad 8c]
Shevcuk: folds 
fossil2010: folds 
CHSB10: folds 
tripleplay72: folds 
CC7A: raises $0.05 to $0.10
Keption: folds 
Dorex2007: folds 
AssosManiki: calls $0.05
*** FLOP *** [2s Kc 9d]
AssosManiki: checks 
CC7A: checks 
*** TURN *** [2s Kc 9d] [4c]
AssosManiki: bets $0.14
CC7A: calls $0.14
*** RIVER *** [2s Kc 9d 4c] [9c]
AssosManiki: checks 
CC7A: checks 
*** SHOW DOWN ***
AssosManiki: shows [Qs Qc] (two pair, Queens and Nines)
CC7A: mucks hand 
AssosManiki collected $0.48 from pot
*** SUMMARY ***
Total pot $0.50 | Rake $0.02 
Board [2s Kc 9d 4c 9c]
Seat 1: Shevcuk folded before Flop (didn't bet)
Seat 3: fossil2010 folded before Flop (didn't bet)
Seat 4: CHSB10 folded before Flop (didn't bet)
Seat 5: tripleplay72 folded before Flop (didn't bet)
Seat 6: CC7A mucked [6c 6d]
Seat 7: Keption (button) folded before Flop (didn't bet)
Seat 8: Dorex2007 (small blind) folded before Flop
Seat 9: AssosManiki (big blind) showed [Qs Qc] and won ($0.48) with two pair, Queens and Nines



PokerStars Hand #237936621121:  Hold'em No Limit ($0.02/$0.05 USD) - 2022/08/11 18:16:26 PT [2022/08/11 21:16:26 ET]
Table 'Irenaea III' 9-max Seat #8 is the button
Seat 1: Shevcuk ($9.69 in chips) 
Seat 3: fossil2010 ($5 in chips) 
Seat 4: CHSB10 ($4 in chips) 
Seat 5: tripleplay72 ($7.16 in chips) 
Seat 6: CC7A ($11.74 in chips) 
Seat 7: Keption ($5.46 in chips) 
Seat 8: Dorex2007 ($5.15 in chips) 
Seat 9: AssosManiki ($13.39 in chips) 
AssosManiki: posts small blind $0.02
Shevcuk: posts big blind $0.05
*** HOLE CARDS ***
Dealt to Dorex2007 [8c 4d]
fossil2010: folds 
CHSB10: raises $0.05 to $0.10
tripleplay72: folds 
CC7A: calls $0.10
Keption: folds 
Dorex2007: folds 
AssosManiki: calls $0.08
Shevcuk: calls $0.05
*** FLOP *** [5c 5s 8d]
AssosManiki: checks 
Shevcuk: checks 
CHSB10: bets $0.38
CC7A: folds 
AssosManiki: folds 
Shevcuk: calls $0.38
*** TURN *** [5c 5s 8d] [Ks]
Shevcuk: checks 
CHSB10: bets $0.55
Shevcuk: folds 
Uncalled bet ($0.55) returned to CHSB10
CHSB10 collected $1.11 from pot
CHSB10: doesn't show hand 
*** SUMMARY ***
Total pot $1.16 | Rake $0.05 
Board [5c 5s 8d Ks]
Seat 1: Shevcuk (big blind) folded on the Turn
Seat 3: fossil2010 folded before Flop (didn't bet)
Seat 4: CHSB10 collected ($1.11)
Seat 5: tripleplay72 folded before Flop (didn't bet)
Seat 6: CC7A folded on the Flop
Seat 7: Keption folded before Flop (didn't bet)
Seat 8: Dorex2007 (button) folded before Flop (didn't bet)
Seat 9: AssosManiki (small blind) folded on the Flop



PokerStars Hand #237936637844:  Hold'em No Limit ($0.02/$0.05 USD) - 2022/08/11 18:17:46 PT [2022/08/11 21:17:46 ET]
Table 'Irenaea III' 9-max Seat #9 is the button
Seat 1: Shevcuk ($9.21 in chips) 
Seat 3: fossil2010 ($5 in chips) 
Seat 4: CHSB10 ($4.63 in chips) 
Seat 5: tripleplay72 ($7.16 in chips) 
Seat 6: CC7A ($11.64 in chips) 
Seat 7: Keption ($5.46 in chips) 
Seat 8: Dorex2007 ($5.15 in chips) 
Seat 9: AssosManiki ($13.29 in chips) 
Shevcuk: posts small blind $0.02
fossil2010: posts big blind $0.05
*** HOLE CARDS ***
Dealt to Dorex2007 [4c Kd]
CHSB10: raises $0.05 to $0.10
tripleplay72: folds 
CC7A: calls $0.10
Keption: folds 
Dorex2007: folds 
AssosManiki: folds 
Shevcuk: folds 
fossil2010: folds 
*** FLOP *** [5c Ac 9s]
CHSB10: checks 
CC7A: checks 
*** TURN *** [5c Ac 9s] [5s]
CHSB10: bets $0.10
CC7A: folds 
Uncalled bet ($0.10) returned to CHSB10
CHSB10 collected $0.26 from pot
CHSB10: doesn't show hand 
*** SUMMARY ***
Total pot $0.27 | Rake $0.01 
Board [5c Ac 9s 5s]
Seat 1: Shevcuk (small blind) folded before Flop
Seat 3: fossil2010 (big blind) folded before Flop
Seat 4: CHSB10 collected ($0.26)
Seat 5: tripleplay72 folded before Flop (didn't bet)
Seat 6: CC7A folded on the Turn
Seat 7: Keption folded before Flop (didn't bet)
Seat 8: Dorex2007 folded before Flop (didn't bet)
Seat 9: AssosManiki (button) folded before Flop (didn't bet)



PokerStars Hand #237936647749:  Hold'em No Limit ($0.02/$0.05 USD) - 2022/08/11 18:18:33 PT [2022/08/11 21:18:33 ET]
Table 'Irenaea III' 9-max Seat #1 is the button
Seat 1: Shevcuk ($9.19 in chips) 
Seat 3: fossil2010 ($5 in chips) 
Seat 4: CHSB10 ($4.79 in chips) 
Seat 5: tripleplay72 ($7.16 in chips) 
Seat 6: CC7A ($11.54 in chips) 
Seat 7: Keption ($5.46 in chips) 
Seat 8: Dorex2007 ($5.15 in chips) 
Seat 9: AssosManiki ($13.29 in chips) 
fossil2010: posts small blind $0.02
CHSB10: posts big blind $0.05
*** HOLE CARDS ***
Dealt to Dorex2007 [Tc 9c]
tripleplay72: folds 
CC7A: calls $0.05
Keption: folds 
Dorex2007: folds 
AssosManiki: folds 
Shevcuk: folds 
fossil2010: folds 
CHSB10: checks 
*** FLOP *** [5h 4s 8s]
CHSB10: bets $0.10
CC7A: calls $0.10
*** TURN *** [5h 4s 8s] [Ah]
CHSB10: bets $0.25
CC7A: calls $0.25
*** RIVER *** [5h 4s 8s Ah] [6d]
CHSB10: bets $0.25
CC7A: calls $0.25
*** SHOW DOWN ***
CHSB10: shows [4h Ac] (two pair, Aces and Fours)
CC7A: shows [6h 6c] (three of a kind, Sixes)
CC7A collected $1.27 from pot
*** SUMMARY ***
Total pot $1.32 | Rake $0.05 
Board [5h 4s 8s Ah 6d]
Seat 1: Shevcuk (button) folded before Flop (didn't bet)
Seat 3: fossil2010 (small blind) folded before Flop
Seat 4: CHSB10 (big blind) showed [4h Ac] and lost with two pair, Aces and Fours
Seat 5: tripleplay72 folded before Flop (didn't bet)
Seat 6: CC7A showed [6h 6c] and won ($1.27) with three of a kind, Sixes
Seat 7: Keption folded before Flop (didn't bet)
Seat 8: Dorex2007 folded before Flop (didn't bet)
Seat 9: AssosManiki folded before Flop (didn't bet)



PokerStars Hand #237936660332:  Hold'em No Limit ($0.02/$0.05 USD) - 2022/08/11 18:19:33 PT [2022/08/11 21:19:33 ET]
Table 'Irenaea III' 9-max Seat #3 is the button
Seat 1: Shevcuk ($9.19 in chips) 
Seat 3: fossil2010 ($5 in chips) 
Seat 4: CHSB10 ($4.14 in chips) 
Seat 5: tripleplay72 ($7.16 in chips) 
Seat 6: CC7A ($12.16 in chips) 
Seat 7: Keption ($5.46 in chips) 
Seat 8: Dorex2007 ($5.15 in chips) 
Seat 9: AssosManiki ($13.29 in chips) 
CHSB10: posts small blind $0.02
tripleplay72: posts big blind $0.05
*** HOLE CARDS ***
Dealt to Dorex2007 [4h Qd]
CC7A has timed out
CC7A: folds 
Keption: folds 
Dorex2007: folds 
AssosManiki: raises $0.08 to $0.13
Shevcuk: folds 
fossil2010: calls $0.13
CHSB10: calls $0.11
tripleplay72: folds 
*** FLOP *** [5d 3c 6d]
OSO-456 joins the table at seat #2 
CHSB10: checks 
AssosManiki: checks 
fossil2010: checks 
*** TURN *** [5d 3c 6d] [Jh]
CHSB10: bets $0.15
AssosManiki: folds 
fossil2010: calls $0.15
*** RIVER *** [5d 3c 6d Jh] [Ts]
CHSB10: checks 
fossil2010: bets $0.40
CHSB10: raises $0.40 to $0.80
fossil2010: calls $0.40
*** SHOW DOWN ***
CHSB10: shows [Js 9d] (a pair of Jacks)
fossil2010: shows [Jc Qc] (a pair of Jacks - Queen kicker)
fossil2010 collected $2.24 from pot
*** SUMMARY ***
Total pot $2.34 | Rake $0.10 
Board [5d 3c 6d Jh Ts]
Seat 1: Shevcuk folded before Flop (didn't bet)
Seat 3: fossil2010 (button) showed [Jc Qc] and won ($2.24) with a pair of Jacks
Seat 4: CHSB10 (small blind) showed [Js 9d] and lost with a pair of Jacks
Seat 5: tripleplay72 (big blind) folded before Flop
Seat 6: CC7A folded before Flop (didn't bet)
Seat 7: Keption folded before Flop (didn't bet)
Seat 8: Dorex2007 folded before Flop (didn't bet)
Seat 9: AssosManiki folded on the Turn



PokerStars Hand #237936673446:  Hold'em No Limit ($0.02/$0.05 USD) - 2022/08/11 18:20:35 PT [2022/08/11 21:20:35 ET]
Table 'Irenaea III' 9-max Seat #4 is the button
Seat 1: Shevcuk ($9.19 in chips) 
Seat 3: fossil2010 ($6.16 in chips) 
Seat 4: CHSB10 ($3.06 in chips) 
Seat 5: tripleplay72 ($7.11 in chips) 
Seat 6: CC7A ($12.16 in chips) 
Seat 7: Keption ($5.46 in chips) 
Seat 8: Dorex2007 ($5.15 in chips) 
Seat 9: AssosManiki ($13.16 in chips) 
tripleplay72: posts small blind $0.02
CC7A: posts big blind $0.05
OSO-456: sits out 
*** HOLE CARDS ***
Dealt to Dorex2007 [3s 9s]
Keption: folds 
Dorex2007: folds 
AssosManiki: folds 
Shevcuk: folds 
fossil2010: raises $0.10 to $0.15
CHSB10: calls $0.15
tripleplay72: folds 
CC7A: calls $0.10
*** FLOP *** [Js Jh 3c]
CC7A: checks 
fossil2010: checks 
CHSB10: checks 
*** TURN *** [Js Jh 3c] [5d]
CC7A: checks 
fossil2010: checks 
CHSB10: checks 
*** RIVER *** [Js Jh 3c 5d] [7c]
CC7A: checks 
fossil2010: checks 
CHSB10: checks 
*** SHOW DOWN ***
CC7A: shows [2c Ac] (a pair of Jacks)
fossil2010: mucks hand 
CHSB10: mucks hand 
CC7A collected $0.45 from pot
*** SUMMARY ***
Total pot $0.47 | Rake $0.02 
Board [Js Jh 3c 5d 7c]
Seat 1: Shevcuk folded before Flop (didn't bet)
Seat 3: fossil2010 mucked [2s Kh]
Seat 4: CHSB10 (button) mucked [6c Qh]
Seat 5: tripleplay72 (small blind) folded before Flop
Seat 6: CC7A (big blind) showed [2c Ac] and won ($0.45) with a pair of Jacks
Seat 7: Keption folded before Flop (didn't bet)
Seat 8: Dorex2007 folded before Flop (didn't bet)
Seat 9: AssosManiki folded before Flop (didn't bet)



PokerStars Hand #237936681273:  Hold'em No Limit ($0.02/$0.05 USD) - 2022/08/11 18:21:13 PT [2022/08/11 21:21:13 ET]
Table 'Irenaea III' 9-max Seat #5 is the button
Seat 1: Shevcuk ($9.19 in chips) 
Seat 3: fossil2010 ($6.01 in chips) 
Seat 4: CHSB10 ($2.91 in chips) 
Seat 5: tripleplay72 ($7.09 in chips) 
Seat 6: CC7A ($12.46 in chips) 
Seat 7: Keption ($5.46 in chips) 
Seat 8: Dorex2007 ($5.15 in chips) 
Seat 9: AssosManiki ($13.16 in chips) 
CC7A: posts small blind $0.02
Keption: posts big blind $0.05
OSO-456: sits out 
*** HOLE CARDS ***
Dealt to Dorex2007 [4s 5d]
Dorex2007: folds 
AssosManiki: folds 
Shevcuk: folds 
fossil2010: folds 
CHSB10: raises $0.05 to $0.10
tripleplay72: folds 
CC7A: calls $0.08
Keption: folds 
*** FLOP *** [6h 5h 9c]
CC7A: checks 
CHSB10: bets $0.10
CC7A: calls $0.10
*** TURN *** [6h 5h 9c] [2d]
CC7A: checks 
CHSB10: bets $0.10
CC7A: calls $0.10
*** RIVER *** [6h 5h 9c 2d] [9h]
CC7A: checks 
CHSB10: bets $0.62
CC7A: folds 
Uncalled bet ($0.62) returned to CHSB10
CHSB10 collected $0.62 from pot
CHSB10: doesn't show hand 
*** SUMMARY ***
Total pot $0.65 | Rake $0.03 
Board [6h 5h 9c 2d 9h]
Seat 1: Shevcuk folded before Flop (didn't bet)
Seat 3: fossil2010 folded before Flop (didn't bet)
Seat 4: CHSB10 collected ($0.62)
Seat 5: tripleplay72 (button) folded before Flop (didn't bet)
Seat 6: CC7A (small blind) folded on the River
Seat 7: Keption (big blind) folded before Flop
Seat 8: Dorex2007 folded before Flop (didn't bet)
Seat 9: AssosManiki folded before Flop (didn't bet)



PokerStars Hand #237936691809:  Hold'em No Limit ($0.02/$0.05 USD) - 2022/08/11 18:22:04 PT [2022/08/11 21:22:04 ET]
Table 'Irenaea III' 9-max Seat #6 is the button
Seat 1: Shevcuk ($9.19 in chips) 
Seat 3: fossil2010 ($6.01 in chips) 
Seat 4: CHSB10 ($3.23 in chips) 
Seat 5: tripleplay72 ($7.09 in chips) 
Seat 6: CC7A ($12.16 in chips) 
Seat 7: Keption ($5.41 in chips) 
Seat 8: Dorex2007 ($5.15 in chips) 
Seat 9: AssosManiki ($13.16 in chips) 
Keption: posts small blind $0.02
Dorex2007: posts big blind $0.05
OSO-456: sits out 
*** HOLE CARDS ***
Dealt to Dorex2007 [5d 9h]
AssosManiki: folds 
Shevcuk: folds 
fossil2010: folds 
CHSB10: folds 
tripleplay72: folds 
CC7A: folds 
Keption: folds 
Uncalled bet ($0.03) returned to Dorex2007
Dorex2007 collected $0.04 from pot
Dorex2007: doesn't show hand 
*** SUMMARY ***
Total pot $0.04 | Rake $0 
Seat 1: Shevcuk folded before Flop (didn't bet)
Seat 3: fossil2010 folded before Flop (didn't bet)
Seat 4: CHSB10 folded before Flop (didn't bet)
Seat 5: tripleplay72 folded before Flop (didn't bet)
Seat 6: CC7A (button) folded before Flop (didn't bet)
Seat 7: Keption (small blind) folded before Flop
Seat 8: Dorex2007 (big blind) collected ($0.04)
Seat 9: AssosManiki folded before Flop (didn't bet)



PokerStars Hand #237936694501:  Hold'em No Limit ($0.02/$0.05 USD) - 2022/08/11 18:22:16 PT [2022/08/11 21:22:16 ET]
Table 'Irenaea III' 9-max Seat #7 is the button
Seat 1: Shevcuk ($9.19 in chips) 
Seat 3: fossil2010 ($6.01 in chips) 
Seat 4: CHSB10 ($3.23 in chips) 
Seat 5: tripleplay72 ($7.09 in chips) 
Seat 6: CC7A ($12.16 in chips) 
Seat 7: Keption ($5.39 in chips) 
Seat 8: Dorex2007 ($5.17 in chips) 
Seat 9: AssosManiki ($13.16 in chips) 
Dorex2007: posts small blind $0.02
AssosManiki: posts big blind $0.05
OSO-456: sits out 
*** HOLE CARDS ***
Dealt to Dorex2007 [Jh 7c]
Shevcuk: folds 
fossil2010: folds 
CHSB10: folds 
tripleplay72: folds 
CC7A: folds 
Keption: raises $0.05 to $0.10
Dorex2007: folds 
AssosManiki: calls $0.05
*** FLOP *** [Qs Ac 9h]
AssosManiki: checks 
Keption: bets $0.12
AssosManiki: calls $0.12
*** TURN *** [Qs Ac 9h] [7d]
AssosManiki: checks 
Keption: checks 
*** RIVER *** [Qs Ac 9h 7d] [6c]
AssosManiki: checks 
Keption: bets $0.45
AssosManiki: folds 
Uncalled bet ($0.45) returned to Keption
Keption collected $0.44 from pot
Keption: doesn't show hand 
*** SUMMARY ***
Total pot $0.46 | Rake $0.02 
Board [Qs Ac 9h 7d 6c]
Seat 1: Shevcuk folded before Flop (didn't bet)
Seat 3: fossil2010 folded before Flop (didn't bet)
Seat 4: CHSB10 folded before Flop (didn't bet)
Seat 5: tripleplay72 folded before Flop (didn't bet)
Seat 6: CC7A folded before Flop (didn't bet)
Seat 7: Keption (button) collected ($0.44)
Seat 8: Dorex2007 (small blind) folded before Flop
Seat 9: AssosManiki (big blind) folded on the River



PokerStars Hand #237936708811:  Hold'em No Limit ($0.02/$0.05 USD) - 2022/08/11 18:23:25 PT [2022/08/11 21:23:25 ET]
Table 'Irenaea III' 9-max Seat #8 is the button
Seat 1: Shevcuk ($9.19 in chips) 
Seat 3: fossil2010 ($6.01 in chips) 
Seat 4: CHSB10 ($3.23 in chips) 
Seat 5: tripleplay72 ($7.09 in chips) 
Seat 6: CC7A ($12.16 in chips) 
Seat 7: Keption ($5.61 in chips) 
Seat 8: Dorex2007 ($5.15 in chips) 
Seat 9: AssosManiki ($12.94 in chips) 
AssosManiki: posts small blind $0.02
Shevcuk: posts big blind $0.05
OSO-456: sits out 
*** HOLE CARDS ***
Dealt to Dorex2007 [Ad 6d]
fossil2010: folds 
CHSB10: folds 
tripleplay72: raises $0.10 to $0.15
CC7A: folds 
Keption: folds 
Dorex2007: folds 
AssosManiki: calls $0.13
Shevcuk: calls $0.10
*** FLOP *** [8h As 9s]
AssosManiki: checks 
Shevcuk: checks 
tripleplay72: checks 
*** TURN *** [8h As 9s] [Ks]
AssosManiki: checks 
Shevcuk: bets $0.21
tripleplay72: folds 
AssosManiki: folds 
Uncalled bet ($0.21) returned to Shevcuk
Shevcuk collected $0.43 from pot
Shevcuk: doesn't show hand 
*** SUMMARY ***
Total pot $0.45 | Rake $0.02 
Board [8h As 9s Ks]
Seat 1: Shevcuk (big blind) collected ($0.43)
Seat 3: fossil2010 folded before Flop (didn't bet)
Seat 4: CHSB10 folded before Flop (didn't bet)
Seat 5: tripleplay72 folded on the Turn
Seat 6: CC7A folded before Flop (didn't bet)
Seat 7: Keption folded before Flop (didn't bet)
Seat 8: Dorex2007 (button) folded before Flop (didn't bet)
Seat 9: AssosManiki (small blind) folded on the Turn



PokerStars Hand #237936717277:  Hold'em No Limit ($0.02/$0.05 USD) - 2022/08/11 18:24:06 PT [2022/08/11 21:24:06 ET]
Table 'Irenaea III' 9-max Seat #9 is the button
Seat 1: Shevcuk ($9.47 in chips) 
Seat 2: OSO-456 ($5 in chips) 
Seat 3: fossil2010 ($6.01 in chips) 
Seat 4: CHSB10 ($3.23 in chips) 
Seat 5: tripleplay72 ($6.94 in chips) 
Seat 6: CC7A ($12.16 in chips) 
Seat 7: Keption ($5.61 in chips) 
Seat 8: Dorex2007 ($5.15 in chips) 
Seat 9: AssosManiki ($12.79 in chips) 
Shevcuk: posts small blind $0.02
OSO-456: posts big blind $0.05
*** HOLE CARDS ***
Dealt to Dorex2007 [7d 8c]
fossil2010: folds 
CHSB10: raises $0.05 to $0.10
tripleplay72: folds 
CC7A: raises $0.35 to $0.45
Keption: folds 
Dorex2007: folds 
AssosManiki: folds 
Shevcuk: folds 
OSO-456: folds 
CHSB10: calls $0.35
*** FLOP *** [4d 2d 8h]
CHSB10: checks 
CC7A: checks 
*** TURN *** [4d 2d 8h] [5s]
CHSB10: bets $0.15
CC7A: raises $0.62 to $0.77
CHSB10: raises $2.01 to $2.78 and is all-in
CC7A: folds 
Uncalled bet ($2.01) returned to CHSB10
CHSB10 collected $2.41 from pot
CHSB10: doesn't show hand 
*** SUMMARY ***
Total pot $2.51 | Rake $0.10 
Board [4d 2d 8h 5s]
Seat 1: Shevcuk (small blind) folded before Flop
Seat 2: OSO-456 (big blind) folded before Flop
Seat 3: fossil2010 folded before Flop (didn't bet)
Seat 4: CHSB10 collected ($2.41)
Seat 5: tripleplay72 folded before Flop (didn't bet)
Seat 6: CC7A folded on the Turn
Seat 7: Keption folded before Flop (didn't bet)
Seat 8: Dorex2007 folded before Flop (didn't bet)
Seat 9: AssosManiki (button) folded before Flop (didn't bet)



PokerStars Hand #237936733392:  Hold'em No Limit ($0.02/$0.05 USD) - 2022/08/11 18:25:25 PT [2022/08/11 21:25:25 ET]
Table 'Irenaea III' 9-max Seat #1 is the button
Seat 1: Shevcuk ($9.45 in chips) 
Seat 2: OSO-456 ($5 in chips) 
Seat 3: fossil2010 ($6.01 in chips) 
Seat 4: CHSB10 ($4.42 in chips) 
Seat 5: tripleplay72 ($6.94 in chips) 
Seat 6: CC7A ($10.94 in chips) 
Seat 7: Keption ($5.61 in chips) 
Seat 8: Dorex2007 ($5.15 in chips) 
Seat 9: AssosManiki ($12.79 in chips) 
OSO-456: posts small blind $0.02
fossil2010: posts big blind $0.05
*** HOLE CARDS ***
Dealt to Dorex2007 [4d 3s]
CHSB10: raises $0.05 to $0.10
tripleplay72: folds 
CC7A: calls $0.10
Keption: raises $0.40 to $0.50
Dorex2007: folds 
AssosManiki: folds 
Shevcuk: folds 
OSO-456: folds 
fossil2010: folds 
CHSB10: calls $0.40
CC7A: folds 
*** FLOP *** [4h 6d 2s]
CHSB10: checks 
Keption: bets $0.36
CHSB10: calls $0.36
*** TURN *** [4h 6d 2s] [5d]
CHSB10: checks 
Keption: checks 
*** RIVER *** [4h 6d 2s 5d] [6h]
CHSB10: checks 
Keption: checks 
*** SHOW DOWN ***
CHSB10: shows [Ad Jd] (a pair of Sixes)
Keption: shows [Ac Qc] (a pair of Sixes - Ace+Queen kicker)
Keption collected $1.79 from pot
*** SUMMARY ***
Total pot $1.89 | Rake $0.10 
Board [4h 6d 2s 5d 6h]
Seat 1: Shevcuk (button) folded before Flop (didn't bet)
Seat 2: OSO-456 (small blind) folded before Flop
Seat 3: fossil2010 (big blind) folded before Flop
Seat 4: CHSB10 showed [Ad Jd] and lost with a pair of Sixes
Seat 5: tripleplay72 folded before Flop (didn't bet)
Seat 6: CC7A folded before Flop
Seat 7: Keption showed [Ac Qc] and won ($1.79) with a pair of Sixes
Seat 8: Dorex2007 folded before Flop (didn't bet)
Seat 9: AssosManiki folded before Flop (didn't bet)



PokerStars Hand #237936752879:  Hold'em No Limit ($0.02/$0.05 USD) - 2022/08/11 18:26:45 PT [2022/08/11 21:26:45 ET]
Table 'Irenaea III' 9-max Seat #2 is the button
Seat 1: Shevcuk ($9.45 in chips) 
Seat 2: OSO-456 ($5 in chips) 
Seat 3: fossil2010 ($5.96 in chips) 
Seat 4: CHSB10 ($3.56 in chips) 
Seat 5: tripleplay72 ($6.94 in chips) 
Seat 6: CC7A ($10.84 in chips) 
Seat 7: Keption ($6.54 in chips) 
Seat 8: Dorex2007 ($5.15 in chips) 
Seat 9: AssosManiki ($12.79 in chips) 
fossil2010: posts small blind $0.02
CHSB10: posts big blind $0.05
*** HOLE CARDS ***
Dealt to Dorex2007 [3h 2s]
tripleplay72: folds 
CC7A: folds 
Keption: folds 
Dorex2007: folds 
AssosManiki: folds 
Shevcuk: folds 
OSO-456: raises $0.10 to $0.15
fossil2010: folds 
CHSB10: folds 
Uncalled bet ($0.10) returned to OSO-456
OSO-456 collected $0.12 from pot
OSO-456: doesn't show hand 
*** SUMMARY ***
Total pot $0.12 | Rake $0 
Seat 1: Shevcuk folded before Flop (didn't bet)
Seat 2: OSO-456 (button) collected ($0.12)
Seat 3: fossil2010 (small blind) folded before Flop
Seat 4: CHSB10 (big blind) folded before Flop
Seat 5: tripleplay72 folded before Flop (didn't bet)
Seat 6: CC7A folded before Flop (didn't bet)
Seat 7: Keption folded before Flop (didn't bet)
Seat 8: Dorex2007 folded before Flop (didn't bet)
Seat 9: AssosManiki folded before Flop (didn't bet)



PokerStars Hand #237936756169:  Hold'em No Limit ($0.02/$0.05 USD) - 2022/08/11 18:27:01 PT [2022/08/11 21:27:01 ET]
Table 'Irenaea III' 9-max Seat #3 is the button
Seat 1: Shevcuk ($9.45 in chips) 
Seat 2: OSO-456 ($5.07 in chips) 
Seat 3: fossil2010 ($5.94 in chips) 
Seat 4: CHSB10 ($3.51 in chips) 
Seat 5: tripleplay72 ($6.94 in chips) 
Seat 6: CC7A ($10.84 in chips) 
Seat 7: Keption ($6.54 in chips) 
Seat 8: Dorex2007 ($5.15 in chips) 
Seat 9: AssosManiki ($12.79 in chips) 
CHSB10: posts small blind $0.02
tripleplay72: posts big blind $0.05
*** HOLE CARDS ***
Dealt to Dorex2007 [4h Tc]
CC7A: folds 
Keption: folds 
Dorex2007: folds 
AssosManiki: raises $0.08 to $0.13
Shevcuk: calls $0.13
OSO-456: folds 
fossil2010: folds 
CHSB10: calls $0.11
tripleplay72: calls $0.08
*** FLOP *** [Js 7h 2c]
CHSB10: checks 
tripleplay72: checks 
AssosManiki: checks 
Shevcuk: bets $0.33
CHSB10: calls $0.33
tripleplay72: folds 
AssosManiki: folds 
*** TURN *** [Js 7h 2c] [6s]
CHSB10: bets $0.56
Shevcuk: folds 
Uncalled bet ($0.56) returned to CHSB10
CHSB10 collected $1.13 from pot
CHSB10: doesn't show hand 
*** SUMMARY ***
Total pot $1.18 | Rake $0.05 
Board [Js 7h 2c 6s]
Seat 1: Shevcuk folded on the Turn
Seat 2: OSO-456 folded before Flop (didn't bet)
Seat 3: fossil2010 (button) folded before Flop (didn't bet)
Seat 4: CHSB10 (small blind) collected ($1.13)
Seat 5: tripleplay72 (big blind) folded on the Flop
Seat 6: CC7A folded before Flop (didn't bet)
Seat 7: Keption folded before Flop (didn't bet)
Seat 8: Dorex2007 folded before Flop (didn't bet)
Seat 9: AssosManiki folded on the Flop



PokerStars Hand #237936773756:  Hold'em No Limit ($0.02/$0.05 USD) - 2022/08/11 18:28:28 PT [2022/08/11 21:28:28 ET]
Table 'Irenaea III' 9-max Seat #4 is the button
Seat 1: Shevcuk ($8.99 in chips) 
Seat 2: OSO-456 ($5.07 in chips) 
Seat 3: fossil2010 ($5.94 in chips) 
Seat 4: CHSB10 ($4.18 in chips) 
Seat 5: tripleplay72 ($6.81 in chips) 
Seat 6: CC7A ($10.84 in chips) 
Seat 7: Keption ($6.54 in chips) 
Seat 8: Dorex2007 ($5.15 in chips) 
Seat 9: AssosManiki ($12.66 in chips) 
tripleplay72: posts small blind $0.02
CC7A: posts big blind $0.05
*** HOLE CARDS ***
Dealt to Dorex2007 [7d 5h]
Keption: folds 
Dorex2007: folds 
AssosManiki: raises $0.08 to $0.13
Shevcuk: folds 
OSO-456: folds 
fossil2010: folds 
CHSB10: calls $0.13
tripleplay72: folds 
CC7A: calls $0.08
*** FLOP *** [2s 2d Kh]
CC7A: checks 
AssosManiki: checks 
CHSB10: checks 
*** TURN *** [2s 2d Kh] [7c]
CC7A: checks 
AssosManiki: checks 
CHSB10: bets $0.15
CC7A: folds 
AssosManiki: calls $0.15
*** RIVER *** [2s 2d Kh 7c] [7h]
AssosManiki: checks 
CHSB10: bets $0.20
AssosManiki: calls $0.20
*** SHOW DOWN ***
CHSB10: shows [Ac Td] (two pair, Sevens and Deuces)
AssosManiki: shows [As Jh] (two pair, Sevens and Deuces)
AssosManiki collected $0.53 from pot
CHSB10 collected $0.53 from pot
*** SUMMARY ***
Total pot $1.11 | Rake $0.05 
Board [2s 2d Kh 7c 7h]
Seat 1: Shevcuk folded before Flop (didn't bet)
Seat 2: OSO-456 folded before Flop (didn't bet)
Seat 3: fossil2010 folded before Flop (didn't bet)
Seat 4: CHSB10 (button) showed [Ac Td] and won ($0.53) with two pair, Sevens and Deuces
Seat 5: tripleplay72 (small blind) folded before Flop
Seat 6: CC7A (big blind) folded on the Turn
Seat 7: Keption folded before Flop (didn't bet)
Seat 8: Dorex2007 folded before Flop (didn't bet)
Seat 9: AssosManiki showed [As Jh] and won ($0.53) with two pair, Sevens and Deuces



PokerStars Hand #237936787715:  Hold'em No Limit ($0.02/$0.05 USD) - 2022/08/11 18:29:37 PT [2022/08/11 21:29:37 ET]
Table 'Irenaea III' 9-max Seat #5 is the button
Seat 1: Shevcuk ($8.99 in chips) 
Seat 2: OSO-456 ($5.07 in chips) 
Seat 3: fossil2010 ($5.94 in chips) 
Seat 4: CHSB10 ($4.23 in chips) 
Seat 5: tripleplay72 ($6.79 in chips) 
Seat 6: CC7A ($10.71 in chips) 
Seat 7: Keption ($6.54 in chips) 
Seat 8: Dorex2007 ($5.15 in chips) 
Seat 9: AssosManiki ($12.71 in chips) 
CC7A: posts small blind $0.02
Keption: posts big blind $0.05
*** HOLE CARDS ***
Dealt to Dorex2007 [Kh 5d]
Dorex2007 has timed out
Dorex2007: folds 
AssosManiki: folds 
Shevcuk: folds 
OSO-456: folds 
fossil2010: folds 
CHSB10: folds 
tripleplay72: folds 
CC7A: calls $0.03
Keption: checks 
*** FLOP *** [Ts Th Jh]
CC7A: checks 
Keption: checks 
*** TURN *** [Ts Th Jh] [Js]
CC7A: checks 
Keption: checks 
*** RIVER *** [Ts Th Jh Js] [Jd]
CC7A: checks 
Keption: checks 
*** SHOW DOWN ***
CC7A: shows [3d 3s] (a full house, Jacks full of Tens)
Keption: shows [8s 4c] (a full house, Jacks full of Tens)
CC7A collected $0.05 from pot
Keption collected $0.05 from pot
*** SUMMARY ***
Total pot $0.10 | Rake $0 
Board [Ts Th Jh Js Jd]
Seat 1: Shevcuk folded before Flop (didn't bet)
Seat 2: OSO-456 folded before Flop (didn't bet)
Seat 3: fossil2010 folded before Flop (didn't bet)
Seat 4: CHSB10 folded before Flop (didn't bet)
Seat 5: tripleplay72 (button) folded before Flop (didn't bet)
Seat 6: CC7A (small blind) showed [3d 3s] and won ($0.05) with a full house, Jacks full of Tens
Seat 7: Keption (big blind) showed [8s 4c] and won ($0.05) with a full house, Jacks full of Tens
Seat 8: Dorex2007 folded before Flop (didn't bet)
Seat 9: AssosManiki folded before Flop (didn't bet)



