PokerStars Hand #237948476618:  Hold'em No Limit ($0.01/$0.02 USD) - 2022/08/12 11:18:33 PT [2022/08/12 14:18:33 ET]
Table 'Adonis III' 9-max Seat #6 is the button
Seat 1: hayjose ($1.97 in chips) 
Seat 2: RosemontTony ($2.60 in chips) 
Seat 5: Dorex2007 ($2 in chips) 
Seat 6: SSRxAK89 ($2.22 in chips) 
Seat 7: perygorso ($0.56 in chips) 
Seat 8: VeRy_N1ce323 ($1.55 in chips) 
Seat 9: Svetik.Gurbo ($2.30 in chips) 
perygorso: posts small blind $0.01
VeRy_N1ce323: posts big blind $0.02
Dorex2007: posts big blind $0.02
*** HOLE CARDS ***
Dealt to Dorex2007 [Tc 7h]
Svetik.Gurbo: folds 
hayjose: folds 
RosemontTony: raises $0.07 to $0.09
Dorex2007: folds 
SSRxAK89: folds 
perygorso: calls $0.08
VeRy_N1ce323: calls $0.07
*** FLOP *** [Qs Jd 8d]
perygorso: checks 
VeRy_N1ce323: checks 
RosemontTony: bets $0.14
perygorso: calls $0.14
VeRy_N1ce323: calls $0.14
*** TURN *** [Qs Jd 8d] [6c]
losmerca joins the table at seat #4 
perygorso: checks 
VeRy_N1ce323: checks 
RosemontTony: bets $0.44
perygorso: folds 
VeRy_N1ce323: calls $0.44
*** RIVER *** [Qs Jd 8d 6c] [Jh]
VeRy_N1ce323: bets $0.88 and is all-in
RosemontTony: folds 
Uncalled bet ($0.88) returned to VeRy_N1ce323
VeRy_N1ce323 collected $1.53 from pot
*** SUMMARY ***
Total pot $1.59 | Rake $0.06 
Board [Qs Jd 8d 6c Jh]
Seat 1: hayjose folded before Flop (didn't bet)
Seat 2: RosemontTony folded on the River
Seat 5: Dorex2007 folded before Flop (didn't bet)
Seat 6: SSRxAK89 (button) folded before Flop (didn't bet)
Seat 7: perygorso (small blind) folded on the Turn
Seat 8: VeRy_N1ce323 (big blind) collected ($1.53)
Seat 9: Svetik.Gurbo folded before Flop (didn't bet)



PokerStars Hand #237948513119:  Hold'em No Limit ($0.01/$0.02 USD) - 2022/08/12 11:20:32 PT [2022/08/12 14:20:32 ET]
Table 'Adonis III' 9-max Seat #7 is the button
Seat 1: hayjose ($1.97 in chips) 
Seat 2: RosemontTony ($1.93 in chips) 
Seat 4: losmerca ($0.80 in chips) 
Seat 5: Dorex2007 ($2 in chips) 
Seat 6: SSRxAK89 ($2.22 in chips) 
Seat 7: perygorso ($0.33 in chips) 
Seat 8: VeRy_N1ce323 ($2.41 in chips) 
Seat 9: Svetik.Gurbo ($2.30 in chips) 
VeRy_N1ce323: posts small blind $0.01
Svetik.Gurbo: posts big blind $0.02
losmerca: posts big blind $0.02
*** HOLE CARDS ***
Dealt to Dorex2007 [Th Qd]
hayjose: folds 
RosemontTony: folds 
losmerca: checks 
Dorex2007: folds 
SSRxAK89: folds 
perygorso: raises $0.02 to $0.04
VeRy_N1ce323: calls $0.03
Svetik.Gurbo: folds 
losmerca: calls $0.02
*** FLOP *** [Kh Jd Qc]
VeRy_N1ce323: checks 
losmerca: checks 
perygorso: checks 
*** TURN *** [Kh Jd Qc] [Jc]
VeRy_N1ce323: checks 
losmerca: checks 
perygorso: checks 
*** RIVER *** [Kh Jd Qc Jc] [7c]
VeRy_N1ce323: checks 
losmerca: bets $0.05
perygorso: folds 
VeRy_N1ce323: folds 
Uncalled bet ($0.05) returned to losmerca
losmerca collected $0.14 from pot
losmerca: doesn't show hand 
*** SUMMARY ***
Total pot $0.14 | Rake $0 
Board [Kh Jd Qc Jc 7c]
Seat 1: hayjose folded before Flop (didn't bet)
Seat 2: RosemontTony folded before Flop (didn't bet)
Seat 4: losmerca collected ($0.14)
Seat 5: Dorex2007 folded before Flop (didn't bet)
Seat 6: SSRxAK89 folded before Flop (didn't bet)
Seat 7: perygorso (button) folded on the River
Seat 8: VeRy_N1ce323 (small blind) folded on the River
Seat 9: Svetik.Gurbo (big blind) folded before Flop



PokerStars Hand #237948536722:  Hold'em No Limit ($0.01/$0.02 USD) - 2022/08/12 11:21:49 PT [2022/08/12 14:21:49 ET]
Table 'Adonis III' 9-max Seat #9 is the button
Seat 1: hayjose ($1.97 in chips) 
Seat 2: RosemontTony ($1.93 in chips) 
Seat 4: losmerca ($0.90 in chips) 
Seat 5: Dorex2007 ($2 in chips) 
Seat 6: SSRxAK89 ($2.22 in chips) 
Seat 7: perygorso ($0.29 in chips) 
Seat 9: Svetik.Gurbo ($2.28 in chips) 
hayjose: posts small blind $0.01
RosemontTony: posts big blind $0.02
*** HOLE CARDS ***
Dealt to Dorex2007 [Jc As]
losmerca: folds 
Dorex2007: raises $0.04 to $0.06
SSRxAK89: folds 
VeRy_N1ce323 leaves the table
perygorso: folds 
Svetik.Gurbo: folds 
hayjose: folds 
RosemontTony: folds 
Uncalled bet ($0.04) returned to Dorex2007
Dorex2007 collected $0.05 from pot
Dorex2007: doesn't show hand 
*** SUMMARY ***
Total pot $0.05 | Rake $0 
Seat 1: hayjose (small blind) folded before Flop
Seat 2: RosemontTony (big blind) folded before Flop
Seat 4: losmerca folded before Flop (didn't bet)
Seat 5: Dorex2007 collected ($0.05)
Seat 6: SSRxAK89 folded before Flop (didn't bet)
Seat 7: perygorso folded before Flop (didn't bet)
Seat 9: Svetik.Gurbo (button) folded before Flop (didn't bet)



PokerStars Hand #237948542964:  Hold'em No Limit ($0.01/$0.02 USD) - 2022/08/12 11:22:09 PT [2022/08/12 14:22:09 ET]
Table 'Adonis III' 9-max Seat #1 is the button
Seat 1: hayjose ($1.96 in chips) 
Seat 2: RosemontTony ($1.91 in chips) 
Seat 4: losmerca ($0.90 in chips) 
Seat 5: Dorex2007 ($2.03 in chips) 
Seat 6: SSRxAK89 ($2.22 in chips) 
Seat 7: perygorso ($0.29 in chips) 
Seat 9: Svetik.Gurbo ($2.28 in chips) 
RosemontTony: posts small blind $0.01
losmerca: posts big blind $0.02
*** HOLE CARDS ***
Dealt to Dorex2007 [6c 5h]
Dorex2007: folds 
SSRxAK89: folds 
perygorso: calls $0.02
Svetik.Gurbo: folds 
hayjose: raises $0.07 to $0.09
RosemontTony: folds 
losmerca: folds 
perygorso: calls $0.07
*** FLOP *** [2h 6d 5d]
perygorso: checks 
leomax100 joins the table at seat #8 
hayjose: bets $0.20
perygorso: folds 
Uncalled bet ($0.20) returned to hayjose
hayjose collected $0.20 from pot
hayjose: doesn't show hand 
*** SUMMARY ***
Total pot $0.21 | Rake $0.01 
Board [2h 6d 5d]
Seat 1: hayjose (button) collected ($0.20)
Seat 2: RosemontTony (small blind) folded before Flop
Seat 4: losmerca (big blind) folded before Flop
Seat 5: Dorex2007 folded before Flop (didn't bet)
Seat 6: SSRxAK89 folded before Flop (didn't bet)
Seat 7: perygorso folded on the Flop
Seat 9: Svetik.Gurbo folded before Flop (didn't bet)



PokerStars Hand #237948559444:  Hold'em No Limit ($0.01/$0.02 USD) - 2022/08/12 11:23:03 PT [2022/08/12 14:23:03 ET]
Table 'Adonis III' 9-max Seat #2 is the button
Seat 1: hayjose ($2.07 in chips) 
Seat 2: RosemontTony ($1.90 in chips) 
Seat 4: losmerca ($0.88 in chips) 
Seat 5: Dorex2007 ($2.03 in chips) 
Seat 6: SSRxAK89 ($2.22 in chips) 
Seat 7: perygorso ($0.20 in chips) 
Seat 9: Svetik.Gurbo ($2.28 in chips) 
losmerca: posts small blind $0.01
Dorex2007: posts big blind $0.02
leomax100: sits out 
*** HOLE CARDS ***
Dealt to Dorex2007 [6h Kh]
SSRxAK89: folds 
perygorso: folds 
Svetik.Gurbo: calls $0.02
hayjose: folds 
RosemontTony has timed out
RosemontTony: folds 
losmerca: folds 
Dorex2007: checks 
*** FLOP *** [6s 5s Qs]
Dorex2007: checks 
Svetik.Gurbo: checks 
*** TURN *** [6s 5s Qs] [5h]
Dorex2007: checks 
Svetik.Gurbo: checks 
*** RIVER *** [6s 5s Qs 5h] [Tc]
Dorex2007: checks 
Svetik.Gurbo: bets $0.05
Dorex2007: folds 
Uncalled bet ($0.05) returned to Svetik.Gurbo
Svetik.Gurbo collected $0.05 from pot
*** SUMMARY ***
Total pot $0.05 | Rake $0 
Board [6s 5s Qs 5h Tc]
Seat 1: hayjose folded before Flop (didn't bet)
Seat 2: RosemontTony (button) folded before Flop (didn't bet)
Seat 4: losmerca (small blind) folded before Flop
Seat 5: Dorex2007 (big blind) folded on the River
Seat 6: SSRxAK89 folded before Flop (didn't bet)
Seat 7: perygorso folded before Flop (didn't bet)
Seat 9: Svetik.Gurbo collected ($0.05)



PokerStars Hand #237948573448:  Hold'em No Limit ($0.01/$0.02 USD) - 2022/08/12 11:23:49 PT [2022/08/12 14:23:49 ET]
Table 'Adonis III' 9-max Seat #4 is the button
Seat 1: hayjose ($2.07 in chips) 
Seat 4: losmerca ($0.87 in chips) 
Seat 5: Dorex2007 ($2.01 in chips) 
Seat 6: SSRxAK89 ($2.22 in chips) 
Seat 7: perygorso ($0.20 in chips) 
Seat 9: Svetik.Gurbo ($2.31 in chips) 
Dorex2007: posts small blind $0.01
SSRxAK89: posts big blind $0.02
leomax100: sits out 
*** HOLE CARDS ***
Dealt to Dorex2007 [8s 6h]
perygorso: folds 
Svetik.Gurbo: folds 
hayjose: folds 
losmerca: folds 
Dorex2007: folds 
Uncalled bet ($0.01) returned to SSRxAK89
SSRxAK89 collected $0.02 from pot
SSRxAK89: doesn't show hand 
*** SUMMARY ***
Total pot $0.02 | Rake $0 
Seat 1: hayjose folded before Flop (didn't bet)
Seat 4: losmerca (button) folded before Flop (didn't bet)
Seat 5: Dorex2007 (small blind) folded before Flop
Seat 6: SSRxAK89 (big blind) collected ($0.02)
Seat 7: perygorso folded before Flop (didn't bet)
Seat 9: Svetik.Gurbo folded before Flop (didn't bet)



PokerStars Hand #237948578771:  Hold'em No Limit ($0.01/$0.02 USD) - 2022/08/12 11:24:06 PT [2022/08/12 14:24:06 ET]
Table 'Adonis III' 9-max Seat #5 is the button
Seat 1: hayjose ($2.07 in chips) 
Seat 4: losmerca ($0.87 in chips) 
Seat 5: Dorex2007 ($2 in chips) 
Seat 6: SSRxAK89 ($2.23 in chips) 
Seat 7: perygorso ($0.20 in chips) 
Seat 9: Svetik.Gurbo ($2.31 in chips) 
SSRxAK89: posts small blind $0.01
perygorso: posts big blind $0.02
leomax100: sits out 
*** HOLE CARDS ***
Dealt to Dorex2007 [6h 8h]
Svetik.Gurbo: folds 
hayjose: raises $0.04 to $0.06
losmerca: calls $0.06
Dorex2007: folds 
SSRxAK89: folds 
perygorso: raises $0.14 to $0.20 and is all-in
hayjose: calls $0.14
losmerca: folds 
*** FLOP *** [Ts Kd 3c]
*** TURN *** [Ts Kd 3c] [Qs]
*** RIVER *** [Ts Kd 3c Qs] [9c]
*** SHOW DOWN ***
perygorso: shows [8c Qd] (a pair of Queens)
hayjose: shows [4s 4h] (a pair of Fours)
perygorso cashed out the hand for $0.21
*** SUMMARY ***
Total pot $0.47 | Rake $0.02 
Board [Ts Kd 3c Qs 9c]
Seat 1: hayjose showed [4s 4h] and lost with a pair of Fours
Seat 4: losmerca folded before Flop
Seat 5: Dorex2007 (button) folded before Flop (didn't bet)
Seat 6: SSRxAK89 (small blind) folded before Flop
Seat 7: perygorso (big blind) showed [8c Qd] and won ($0.45) with a pair of Queens (pot not awarded as player cashed out)
Seat 9: Svetik.Gurbo folded before Flop (didn't bet)



PokerStars Hand #237948594292:  Hold'em No Limit ($0.01/$0.02 USD) - 2022/08/12 11:24:47 PT [2022/08/12 14:24:47 ET]
Table 'Adonis III' 9-max Seat #6 is the button
Seat 1: hayjose ($1.87 in chips) 
Seat 4: losmerca ($0.81 in chips) 
Seat 5: Dorex2007 ($2 in chips) 
Seat 6: SSRxAK89 ($2.22 in chips) 
Seat 7: perygorso ($0.21 in chips) 
Seat 8: leomax100 ($2 in chips) 
Seat 9: Svetik.Gurbo ($2.31 in chips) 
perygorso: posts small blind $0.01
leomax100: posts big blind $0.02
*** HOLE CARDS ***
Dealt to Dorex2007 [4s 9d]
Svetik.Gurbo: folds 
hayjose: folds 
losmerca: folds 
Dorex2007: folds 
SSRxAK89: folds 
perygorso: calls $0.01
leomax100: checks 
*** FLOP *** [6h 3c 4c]
perygorso: checks 
leomax100: checks 
*** TURN *** [6h 3c 4c] [Ts]
perygorso: checks 
leomax100: checks 
*** RIVER *** [6h 3c 4c Ts] [9h]
perygorso: bets $0.04
leomax100: folds 
Uncalled bet ($0.04) returned to perygorso
perygorso collected $0.04 from pot
perygorso: doesn't show hand 
*** SUMMARY ***
Total pot $0.04 | Rake $0 
Board [6h 3c 4c Ts 9h]
Seat 1: hayjose folded before Flop (didn't bet)
Seat 4: losmerca folded before Flop (didn't bet)
Seat 5: Dorex2007 folded before Flop (didn't bet)
Seat 6: SSRxAK89 (button) folded before Flop (didn't bet)
Seat 7: perygorso (small blind) collected ($0.04)
Seat 8: leomax100 (big blind) folded on the River
Seat 9: Svetik.Gurbo folded before Flop (didn't bet)



PokerStars Hand #237948602585:  Hold'em No Limit ($0.01/$0.02 USD) - 2022/08/12 11:25:14 PT [2022/08/12 14:25:14 ET]
Table 'Adonis III' 9-max Seat #7 is the button
Seat 1: hayjose ($1.87 in chips) 
Seat 4: losmerca ($0.81 in chips) 
Seat 5: Dorex2007 ($2 in chips) 
Seat 6: SSRxAK89 ($2.22 in chips) 
Seat 7: perygorso ($0.23 in chips) 
Seat 8: leomax100 ($2 in chips) 
Seat 9: Svetik.Gurbo ($2.31 in chips) 
leomax100: posts small blind $0.01
Svetik.Gurbo: posts big blind $0.02
*** HOLE CARDS ***
Dealt to Dorex2007 [9s Td]
hayjose: raises $0.04 to $0.06
losmerca: folds 
Dorex2007: folds 
SSRxAK89: folds 
perygorso: calls $0.06
leomax100: folds 
Svetik.Gurbo: folds 
*** FLOP *** [Js 3h 9h]
hayjose: bets $0.10
perygorso: folds 
Uncalled bet ($0.10) returned to hayjose
hayjose collected $0.14 from pot
hayjose: doesn't show hand 
*** SUMMARY ***
Total pot $0.15 | Rake $0.01 
Board [Js 3h 9h]
Seat 1: hayjose collected ($0.14)
Seat 4: losmerca folded before Flop (didn't bet)
Seat 5: Dorex2007 folded before Flop (didn't bet)
Seat 6: SSRxAK89 folded before Flop (didn't bet)
Seat 7: perygorso (button) folded on the Flop
Seat 8: leomax100 (small blind) folded before Flop
Seat 9: Svetik.Gurbo (big blind) folded before Flop



PokerStars Hand #237948611040:  Hold'em No Limit ($0.01/$0.02 USD) - 2022/08/12 11:25:41 PT [2022/08/12 14:25:41 ET]
Table 'Adonis III' 9-max Seat #8 is the button
Seat 1: hayjose ($1.95 in chips) 
Seat 4: losmerca ($0.81 in chips) 
Seat 5: Dorex2007 ($2 in chips) 
Seat 6: SSRxAK89 ($2.22 in chips) 
Seat 7: perygorso ($0.17 in chips) 
Seat 8: leomax100 ($2 in chips) 
Seat 9: Svetik.Gurbo ($2.29 in chips) 
Svetik.Gurbo: posts small blind $0.01
hayjose: posts big blind $0.02
*** HOLE CARDS ***
Dealt to Dorex2007 [8d 3s]
losmerca: folds 
Dorex2007: folds 
SSRxAK89: raises $0.04 to $0.06
perygorso: folds 
leomax100: folds 
Svetik.Gurbo: folds 
hayjose: folds 
Uncalled bet ($0.04) returned to SSRxAK89
SSRxAK89 collected $0.05 from pot
SSRxAK89: doesn't show hand 
*** SUMMARY ***
Total pot $0.05 | Rake $0 
Seat 1: hayjose (big blind) folded before Flop
Seat 4: losmerca folded before Flop (didn't bet)
Seat 5: Dorex2007 folded before Flop (didn't bet)
Seat 6: SSRxAK89 collected ($0.05)
Seat 7: perygorso folded before Flop (didn't bet)
Seat 8: leomax100 (button) folded before Flop (didn't bet)
Seat 9: Svetik.Gurbo (small blind) folded before Flop



PokerStars Hand #237948616029:  Hold'em No Limit ($0.01/$0.02 USD) - 2022/08/12 11:25:58 PT [2022/08/12 14:25:58 ET]
Table 'Adonis III' 9-max Seat #9 is the button
Seat 1: hayjose ($1.93 in chips) 
Seat 2: RosemontTony ($1.90 in chips) 
Seat 4: losmerca ($0.81 in chips) 
Seat 5: Dorex2007 ($2 in chips) 
Seat 6: SSRxAK89 ($2.25 in chips) 
Seat 7: perygorso ($0.17 in chips) 
Seat 8: leomax100 ($2 in chips) 
Seat 9: Svetik.Gurbo ($2.28 in chips) 
hayjose: posts small blind $0.01
RosemontTony: posts big blind $0.02
*** HOLE CARDS ***
Dealt to Dorex2007 [4h Qd]
losmerca: folds 
Dorex2007: folds 
SSRxAK89: folds 
perygorso: calls $0.02
leomax100: folds 
Svetik.Gurbo: folds 
hayjose: raises $0.04 to $0.06
RosemontTony: folds 
perygorso: calls $0.04
*** FLOP *** [Th Tc Qs]
hayjose: bets $0.14
perygorso: calls $0.11 and is all-in
Uncalled bet ($0.03) returned to hayjose
*** TURN *** [Th Tc Qs] [Jd]
*** RIVER *** [Th Tc Qs Jd] [5d]
*** SHOW DOWN ***
hayjose: shows [Ks Jh] (two pair, Jacks and Tens)
perygorso: shows [Kc Kd] (two pair, Kings and Tens)
perygorso collected $0.35 from pot
*** SUMMARY ***
Total pot $0.36 | Rake $0.01 
Board [Th Tc Qs Jd 5d]
Seat 1: hayjose (small blind) showed [Ks Jh] and lost with two pair, Jacks and Tens
Seat 2: RosemontTony (big blind) folded before Flop
Seat 4: losmerca folded before Flop (didn't bet)
Seat 5: Dorex2007 folded before Flop (didn't bet)
Seat 6: SSRxAK89 folded before Flop (didn't bet)
Seat 7: perygorso showed [Kc Kd] and won ($0.35) with two pair, Kings and Tens
Seat 8: leomax100 folded before Flop (didn't bet)
Seat 9: Svetik.Gurbo (button) folded before Flop (didn't bet)



PokerStars Hand #237948629468:  Hold'em No Limit ($0.01/$0.02 USD) - 2022/08/12 11:26:42 PT [2022/08/12 14:26:42 ET]
Table 'Adonis III' 9-max Seat #1 is the button
Seat 1: hayjose ($1.76 in chips) 
Seat 2: RosemontTony ($1.88 in chips) 
Seat 4: losmerca ($0.81 in chips) 
Seat 5: Dorex2007 ($2 in chips) 
Seat 6: SSRxAK89 ($2.25 in chips) 
Seat 7: perygorso ($0.35 in chips) 
Seat 8: leomax100 ($2 in chips) 
Seat 9: Svetik.Gurbo ($2.28 in chips) 
RosemontTony: posts small blind $0.01
losmerca: posts big blind $0.02
*** HOLE CARDS ***
Dealt to Dorex2007 [9c 3c]
Dorex2007: folds 
SSRxAK89: folds 
perygorso: folds 
leomax100: folds 
Svetik.Gurbo: folds 
hayjose: raises $0.04 to $0.06
RosemontTony: folds 
losmerca: folds 
Uncalled bet ($0.04) returned to hayjose
hayjose collected $0.05 from pot
hayjose: doesn't show hand 
*** SUMMARY ***
Total pot $0.05 | Rake $0 
Seat 1: hayjose (button) collected ($0.05)
Seat 2: RosemontTony (small blind) folded before Flop
Seat 4: losmerca (big blind) folded before Flop
Seat 5: Dorex2007 folded before Flop (didn't bet)
Seat 6: SSRxAK89 folded before Flop (didn't bet)
Seat 7: perygorso folded before Flop (didn't bet)
Seat 8: leomax100 folded before Flop (didn't bet)
Seat 9: Svetik.Gurbo folded before Flop (didn't bet)



PokerStars Hand #237948646105:  Hold'em No Limit ($0.01/$0.02 USD) - 2022/08/12 11:27:08 PT [2022/08/12 14:27:08 ET]
Table 'Adonis III' 9-max Seat #2 is the button
Seat 1: hayjose ($1.79 in chips) 
Seat 2: RosemontTony ($1.87 in chips) 
Seat 4: losmerca ($0.80 in chips) 
Seat 5: Dorex2007 ($2 in chips) 
Seat 6: SSRxAK89 ($2.25 in chips) 
Seat 7: perygorso ($0.35 in chips) 
Seat 8: leomax100 ($2 in chips) 
Seat 9: Svetik.Gurbo ($2.28 in chips) 
losmerca: posts small blind $0.01
Dorex2007: posts big blind $0.02
*** HOLE CARDS ***
Dealt to Dorex2007 [9c 4c]
SSRxAK89: folds 
perygorso: calls $0.02
leomax100: calls $0.02
Svetik.Gurbo: calls $0.02
hayjose: calls $0.02
RosemontTony: calls $0.02
losmerca: folds 
Dorex2007: checks 
*** FLOP *** [8s 9s 8d]
Dorex2007: checks 
perygorso: checks 
leomax100: checks 
Svetik.Gurbo: checks 
hayjose: checks 
RosemontTony: bets $0.10
Dorex2007: folds 
perygorso: folds 
leomax100: folds 
Svetik.Gurbo: folds 
hayjose: calls $0.10
*** TURN *** [8s 9s 8d] [3s]
hayjose: checks 
RosemontTony: bets $0.21
hayjose: calls $0.21
*** RIVER *** [8s 9s 8d 3s] [8h]
hayjose: checks 
RosemontTony: bets $0.18
hayjose: folds 
Uncalled bet ($0.18) returned to RosemontTony
RosemontTony collected $0.72 from pot
RosemontTony: doesn't show hand 
*** SUMMARY ***
Total pot $0.75 | Rake $0.03 
Board [8s 9s 8d 3s 8h]
Seat 1: hayjose folded on the River
Seat 2: RosemontTony (button) collected ($0.72)
Seat 4: losmerca (small blind) folded before Flop
Seat 5: Dorex2007 (big blind) folded on the Flop
Seat 6: SSRxAK89 folded before Flop (didn't bet)
Seat 7: perygorso folded on the Flop
Seat 8: leomax100 folded on the Flop
Seat 9: Svetik.Gurbo folded on the Flop



PokerStars Hand #237948684353:  Hold'em No Limit ($0.01/$0.02 USD) - 2022/08/12 11:29:08 PT [2022/08/12 14:29:08 ET]
Table 'Adonis III' 9-max Seat #4 is the button
Seat 1: hayjose ($1.46 in chips) 
Seat 2: RosemontTony ($2.26 in chips) 
Seat 4: losmerca ($0.80 in chips) 
Seat 5: Dorex2007 ($2 in chips) 
Seat 6: SSRxAK89 ($2.25 in chips) 
Seat 7: perygorso ($0.33 in chips) 
Seat 8: leomax100 ($2 in chips) 
Seat 9: Svetik.Gurbo ($2.26 in chips) 
Dorex2007: posts small blind $0.01
SSRxAK89: posts big blind $0.02
*** HOLE CARDS ***
Dealt to Dorex2007 [3s 2h]
perygorso: calls $0.02
leomax100: raises $0.03 to $0.05
Svetik.Gurbo: folds 
hayjose: folds 
RosemontTony: folds 
losmerca: folds 
Dorex2007: folds 
SSRxAK89: folds 
perygorso: calls $0.03
*** FLOP *** [8s 8c 7d]
perygorso: checks 
leomax100: checks 
*** TURN *** [8s 8c 7d] [Qs]
perygorso: checks 
leomax100: bets $1.95 and is all-in
perygorso: calls $0.28 and is all-in
Uncalled bet ($1.67) returned to leomax100
*** RIVER *** [8s 8c 7d Qs] [Kd]
*** SHOW DOWN ***
perygorso: shows [Qh Ad] (two pair, Queens and Eights)
leomax100: shows [Ac Qd] (two pair, Queens and Eights)
perygorso collected $0.34 from pot
leomax100 collected $0.33 from pot
*** SUMMARY ***
Total pot $0.69 | Rake $0.02 
Board [8s 8c 7d Qs Kd]
Seat 1: hayjose folded before Flop (didn't bet)
Seat 2: RosemontTony folded before Flop (didn't bet)
Seat 4: losmerca (button) folded before Flop (didn't bet)
Seat 5: Dorex2007 (small blind) folded before Flop
Seat 6: SSRxAK89 (big blind) folded before Flop
Seat 7: perygorso showed [Qh Ad] and won ($0.34) with two pair, Queens and Eights
Seat 8: leomax100 showed [Ac Qd] and won ($0.33) with two pair, Queens and Eights
Seat 9: Svetik.Gurbo folded before Flop (didn't bet)



PokerStars Hand #237948697339:  Hold'em No Limit ($0.01/$0.02 USD) - 2022/08/12 11:29:50 PT [2022/08/12 14:29:50 ET]
Table 'Adonis III' 9-max Seat #5 is the button
Seat 1: hayjose ($1.46 in chips) 
Seat 2: RosemontTony ($2.26 in chips) 
Seat 4: losmerca ($0.80 in chips) 
Seat 5: Dorex2007 ($2 in chips) 
Seat 6: SSRxAK89 ($2.23 in chips) 
Seat 7: perygorso ($0.34 in chips) 
Seat 8: leomax100 ($2 in chips) 
Seat 9: Svetik.Gurbo ($2.26 in chips) 
SSRxAK89: posts small blind $0.01
perygorso: posts big blind $0.02
*** HOLE CARDS ***
Dealt to Dorex2007 [3d Js]
leomax100: folds 
Svetik.Gurbo: folds 
hayjose: folds 
RosemontTony has timed out
RosemontTony: folds 
losmerca: folds 
Dorex2007: folds 
SSRxAK89: folds 
Uncalled bet ($0.01) returned to perygorso
perygorso collected $0.02 from pot
perygorso: doesn't show hand 
*** SUMMARY ***
Total pot $0.02 | Rake $0 
Seat 1: hayjose folded before Flop (didn't bet)
Seat 2: RosemontTony folded before Flop (didn't bet)
Seat 4: losmerca folded before Flop (didn't bet)
Seat 5: Dorex2007 (button) folded before Flop (didn't bet)
Seat 6: SSRxAK89 (small blind) folded before Flop
Seat 7: perygorso (big blind) collected ($0.02)
Seat 8: leomax100 folded before Flop (didn't bet)
Seat 9: Svetik.Gurbo folded before Flop (didn't bet)



PokerStars Hand #237948704052:  Hold'em No Limit ($0.01/$0.02 USD) - 2022/08/12 11:30:11 PT [2022/08/12 14:30:11 ET]
Table 'Adonis III' 9-max Seat #6 is the button
Seat 1: hayjose ($1.46 in chips) 
Seat 4: losmerca ($0.80 in chips) 
Seat 5: Dorex2007 ($2 in chips) 
Seat 6: SSRxAK89 ($2.22 in chips) 
Seat 7: perygorso ($0.35 in chips) 
Seat 8: leomax100 ($2 in chips) 
Seat 9: Svetik.Gurbo ($2.26 in chips) 
perygorso: posts small blind $0.01
leomax100: posts big blind $0.02
*** HOLE CARDS ***
Dealt to Dorex2007 [5h 6d]
Svetik.Gurbo: folds 
hayjose: folds 
losmerca: folds 
Dorex2007: folds 
SSRxAK89: raises $0.03 to $0.05
perygorso: folds 
leomax100: calls $0.03
*** FLOP *** [Qh Jd 9s]
leomax100: checks 
SSRxAK89: checks 
*** TURN *** [Qh Jd 9s] [4c]
leomax100: checks 
SSRxAK89: checks 
*** RIVER *** [Qh Jd 9s 4c] [9h]
leomax100: checks 
SSRxAK89: checks 
*** SHOW DOWN ***
leomax100: shows [8s 7d] (a pair of Nines)
SSRxAK89: shows [2s 2d] (two pair, Nines and Deuces)
SSRxAK89 collected $0.11 from pot
*** SUMMARY ***
Total pot $0.11 | Rake $0 
Board [Qh Jd 9s 4c 9h]
Seat 1: hayjose folded before Flop (didn't bet)
Seat 4: losmerca folded before Flop (didn't bet)
Seat 5: Dorex2007 folded before Flop (didn't bet)
Seat 6: SSRxAK89 (button) showed [2s 2d] and won ($0.11) with two pair, Nines and Deuces
Seat 7: perygorso (small blind) folded before Flop
Seat 8: leomax100 (big blind) showed [8s 7d] and lost with a pair of Nines
Seat 9: Svetik.Gurbo folded before Flop (didn't bet)



PokerStars Hand #237948719326:  Hold'em No Limit ($0.01/$0.02 USD) - 2022/08/12 11:31:01 PT [2022/08/12 14:31:01 ET]
Table 'Adonis III' 9-max Seat #7 is the button
Seat 1: hayjose ($1.46 in chips) 
Seat 2: RosemontTony ($2.26 in chips) 
Seat 4: losmerca ($0.80 in chips) 
Seat 5: Dorex2007 ($2 in chips) 
Seat 6: SSRxAK89 ($2.28 in chips) 
Seat 7: perygorso ($0.34 in chips) 
Seat 8: leomax100 ($2 in chips) 
Seat 9: Svetik.Gurbo ($2.26 in chips) 
leomax100: posts small blind $0.01
Svetik.Gurbo: posts big blind $0.02
*** HOLE CARDS ***
Dealt to Dorex2007 [9h Kh]
hayjose: raises $0.04 to $0.06
RosemontTony: folds 
losmerca: folds 
Dorex2007: folds 
SSRxAK89: folds 
perygorso: folds 
leomax100: calls $0.05
Svetik.Gurbo: calls $0.04
*** FLOP *** [Jd Td 9s]
leomax100: checks 
Svetik.Gurbo: checks 
hayjose: checks 
*** TURN *** [Jd Td 9s] [6d]
leomax100: checks 
Svetik.Gurbo: bets $0.08
hayjose: folds 
leomax100: folds 
Uncalled bet ($0.08) returned to Svetik.Gurbo
Svetik.Gurbo collected $0.17 from pot
*** SUMMARY ***
Total pot $0.18 | Rake $0.01 
Board [Jd Td 9s 6d]
Seat 1: hayjose folded on the Turn
Seat 2: RosemontTony folded before Flop (didn't bet)
Seat 4: losmerca folded before Flop (didn't bet)
Seat 5: Dorex2007 folded before Flop (didn't bet)
Seat 6: SSRxAK89 folded before Flop (didn't bet)
Seat 7: perygorso (button) folded before Flop (didn't bet)
Seat 8: leomax100 (small blind) folded on the Turn
Seat 9: Svetik.Gurbo (big blind) collected ($0.17)



PokerStars Hand #237948733256:  Hold'em No Limit ($0.01/$0.02 USD) - 2022/08/12 11:31:45 PT [2022/08/12 14:31:45 ET]
Table 'Adonis III' 9-max Seat #8 is the button
Seat 1: hayjose ($1.40 in chips) 
Seat 2: RosemontTony ($2.26 in chips) 
Seat 4: losmerca ($0.80 in chips) 
Seat 5: Dorex2007 ($2 in chips) 
Seat 6: SSRxAK89 ($2.28 in chips) 
Seat 7: perygorso ($0.34 in chips) 
Seat 8: leomax100 ($2 in chips) 
Seat 9: Svetik.Gurbo ($2.37 in chips) 
Svetik.Gurbo: posts small blind $0.01
hayjose: posts big blind $0.02
*** HOLE CARDS ***
Dealt to Dorex2007 [7s 9d]
RosemontTony: raises $0.04 to $0.06
losmerca: calls $0.06
Dorex2007: folds 
SSRxAK89: folds 
perygorso: raises $0.28 to $0.34 and is all-in
leomax100: folds 
Svetik.Gurbo: folds 
hayjose: folds 
RosemontTony: raises $1.08 to $1.42
losmerca: calls $0.74 and is all-in
Uncalled bet ($0.62) returned to RosemontTony
*** FLOP *** [8h 5d Qd]
*** TURN *** [8h 5d Qd] [9c]
*** RIVER *** [8h 5d Qd 9c] [Ks]
*** SHOW DOWN ***
RosemontTony: shows [Ts Td] (a pair of Tens)
losmerca: shows [Ac Ah] (a pair of Aces)
losmerca collected $0.89 from side pot
perygorso: shows [Kc 8c] (two pair, Kings and Eights)
RosemontTony cashed out the hand for $0.39
perygorso cashed out the hand for $0.13
*** SUMMARY ***
Total pot $1.97 Main pot $1.01. Side pot $0.89. | Rake $0.07 
Board [8h 5d Qd 9c Ks]
Seat 1: hayjose (big blind) folded before Flop
Seat 2: RosemontTony showed [Ts Td] and lost with a pair of Tens (cashed out).
Seat 4: losmerca showed [Ac Ah] and won ($0.89) with a pair of Aces
Seat 5: Dorex2007 folded before Flop (didn't bet)
Seat 6: SSRxAK89 folded before Flop (didn't bet)
Seat 7: perygorso showed [Kc 8c] and won ($1.01) with two pair, Kings and Eights (pot not awarded as player cashed out)
Seat 8: leomax100 (button) folded before Flop (didn't bet)
Seat 9: Svetik.Gurbo (small blind) folded before Flop



PokerStars Hand #237948755203:  Hold'em No Limit ($0.01/$0.02 USD) - 2022/08/12 11:32:55 PT [2022/08/12 14:32:55 ET]
Table 'Adonis III' 9-max Seat #9 is the button
Seat 1: hayjose ($1.38 in chips) 
Seat 2: RosemontTony ($1.85 in chips) 
Seat 4: losmerca ($0.89 in chips) 
Seat 5: Dorex2007 ($2 in chips) 
Seat 6: SSRxAK89 ($2.28 in chips) 
Seat 7: perygorso ($0.13 in chips) 
Seat 8: leomax100 ($2 in chips) 
Seat 9: Svetik.Gurbo ($2.36 in chips) 
hayjose: posts small blind $0.01
RosemontTony: posts big blind $0.02
*** HOLE CARDS ***
Dealt to Dorex2007 [3d Kc]
losmerca: folds 
Dorex2007: folds 
SSRxAK89: folds 
perygorso: calls $0.02
leomax100: folds 
Svetik.Gurbo: folds 
hayjose: folds 
RosemontTony: checks 
*** FLOP *** [As 9d Ad]
RosemontTony: checks 
perygorso: bets $0.05
RosemontTony: folds 
Uncalled bet ($0.05) returned to perygorso
perygorso collected $0.05 from pot
perygorso: doesn't show hand 
*** SUMMARY ***
Total pot $0.05 | Rake $0 
Board [As 9d Ad]
Seat 1: hayjose (small blind) folded before Flop
Seat 2: RosemontTony (big blind) folded on the Flop
Seat 4: losmerca folded before Flop (didn't bet)
Seat 5: Dorex2007 folded before Flop (didn't bet)
Seat 6: SSRxAK89 folded before Flop (didn't bet)
Seat 7: perygorso collected ($0.05)
Seat 8: leomax100 folded before Flop (didn't bet)
Seat 9: Svetik.Gurbo (button) folded before Flop (didn't bet)



PokerStars Hand #237948765348:  Hold'em No Limit ($0.01/$0.02 USD) - 2022/08/12 11:33:27 PT [2022/08/12 14:33:27 ET]
Table 'Adonis III' 9-max Seat #1 is the button
Seat 1: hayjose ($1.37 in chips) 
Seat 2: RosemontTony ($1.83 in chips) 
Seat 4: losmerca ($0.89 in chips) 
Seat 5: Dorex2007 ($2 in chips) 
Seat 6: SSRxAK89 ($2.28 in chips) 
Seat 7: perygorso ($0.16 in chips) 
Seat 8: leomax100 ($2 in chips) 
Seat 9: Svetik.Gurbo ($2.36 in chips) 
RosemontTony: posts small blind $0.01
losmerca: posts big blind $0.02
*** HOLE CARDS ***
Dealt to Dorex2007 [8d Js]
Dorex2007: folds 
SSRxAK89: raises $0.03 to $0.05
perygorso: calls $0.05
leomax100: folds 
Svetik.Gurbo: folds 
hayjose: folds 
RosemontTony: calls $0.04
losmerca: folds 
*** FLOP *** [As 5c Qc]
RosemontTony: checks 
SSRxAK89: checks 
perygorso: bets $0.11 and is all-in
RosemontTony: folds 
SSRxAK89: folds 
Uncalled bet ($0.11) returned to perygorso
perygorso collected $0.16 from pot
EazyA030 leaves the table
perygorso: doesn't show hand 
*** SUMMARY ***
Total pot $0.17 | Rake $0.01 
Board [As 5c Qc]
Seat 1: hayjose (button) folded before Flop (didn't bet)
Seat 2: RosemontTony (small blind) folded on the Flop
Seat 4: losmerca (big blind) folded before Flop
Seat 5: Dorex2007 folded before Flop (didn't bet)
Seat 6: SSRxAK89 folded on the Flop
Seat 7: perygorso collected ($0.16)
Seat 8: leomax100 folded before Flop (didn't bet)
Seat 9: Svetik.Gurbo folded before Flop (didn't bet)



PokerStars Hand #237948784128:  Hold'em No Limit ($0.01/$0.02 USD) - 2022/08/12 11:34:27 PT [2022/08/12 14:34:27 ET]
Table 'Adonis III' 9-max Seat #2 is the button
Seat 1: hayjose ($1.37 in chips) 
Seat 2: RosemontTony ($1.78 in chips) 
Seat 4: losmerca ($0.87 in chips) 
Seat 5: Dorex2007 ($2 in chips) 
Seat 6: SSRxAK89 ($2.23 in chips) 
Seat 7: perygorso ($0.27 in chips) 
Seat 8: leomax100 ($2 in chips) 
Seat 9: Svetik.Gurbo ($2.36 in chips) 
losmerca: posts small blind $0.01
Dorex2007: posts big blind $0.02
*** HOLE CARDS ***
Dealt to Dorex2007 [3s Qc]
SSRxAK89: folds 
perygorso: folds 
leomax100: folds 
Svetik.Gurbo: folds 
hayjose: raises $0.04 to $0.06
RosemontTony: calls $0.06
losmerca: calls $0.05
Dorex2007: folds 
*** FLOP *** [2s 6s Jh]
losmerca: checks 
hayjose: bets $0.09
RosemontTony: raises $0.15 to $0.24
losmerca: folds 
hayjose: calls $0.15
*** TURN *** [2s 6s Jh] [2d]
hayjose: checks 
arianagray joins the table at seat #3 
RosemontTony: checks 
*** RIVER *** [2s 6s Jh 2d] [Th]
hayjose: checks 
RosemontTony: checks 
*** SHOW DOWN ***
hayjose: shows [Qs As] (a pair of Deuces)
RosemontTony: shows [8s Jc] (two pair, Jacks and Deuces)
RosemontTony collected $0.66 from pot
*** SUMMARY ***
Total pot $0.68 | Rake $0.02 
Board [2s 6s Jh 2d Th]
Seat 1: hayjose showed [Qs As] and lost with a pair of Deuces
Seat 2: RosemontTony (button) showed [8s Jc] and won ($0.66) with two pair, Jacks and Deuces
Seat 4: losmerca (small blind) folded on the Flop
Seat 5: Dorex2007 (big blind) folded before Flop
Seat 6: SSRxAK89 folded before Flop (didn't bet)
Seat 7: perygorso folded before Flop (didn't bet)
Seat 8: leomax100 folded before Flop (didn't bet)
Seat 9: Svetik.Gurbo folded before Flop (didn't bet)



PokerStars Hand #237948803375:  Hold'em No Limit ($0.01/$0.02 USD) - 2022/08/12 11:35:29 PT [2022/08/12 14:35:29 ET]
Table 'Adonis III' 9-max Seat #4 is the button
Seat 1: hayjose ($1.07 in chips) 
Seat 2: RosemontTony ($2.14 in chips) 
Seat 4: losmerca ($0.81 in chips) 
Seat 5: Dorex2007 ($2 in chips) 
Seat 6: SSRxAK89 ($2.23 in chips) 
Seat 7: perygorso ($0.27 in chips) 
Seat 8: leomax100 ($2 in chips) 
Seat 9: Svetik.Gurbo ($2.36 in chips) 
Dorex2007: posts small blind $0.01
SSRxAK89: posts big blind $0.02
arianagray: sits out 
*** HOLE CARDS ***
Dealt to Dorex2007 [3s Tc]
perygorso: calls $0.02
leomax100: folds 
Svetik.Gurbo: calls $0.02
hayjose: folds 
RosemontTony: folds 
losmerca: folds 
Dorex2007: folds 
SSRxAK89: checks 
*** FLOP *** [6h Jd 8s]
SSRxAK89: checks 
perygorso: checks 
Svetik.Gurbo: bets $0.03
SSRxAK89: raises $0.09 to $0.12
perygorso: folds 
Svetik.Gurbo: calls $0.09
*** TURN *** [6h Jd 8s] [7d]
SSRxAK89: bets $0.33
Svetik.Gurbo: folds 
Uncalled bet ($0.33) returned to SSRxAK89
SSRxAK89 collected $0.30 from pot
SSRxAK89: doesn't show hand 
*** SUMMARY ***
Total pot $0.31 | Rake $0.01 
Board [6h Jd 8s 7d]
Seat 1: hayjose folded before Flop (didn't bet)
Seat 2: RosemontTony folded before Flop (didn't bet)
Seat 4: losmerca (button) folded before Flop (didn't bet)
Seat 5: Dorex2007 (small blind) folded before Flop
Seat 6: SSRxAK89 (big blind) collected ($0.30)
Seat 7: perygorso folded on the Flop
Seat 8: leomax100 folded before Flop (didn't bet)
Seat 9: Svetik.Gurbo folded on the Turn



PokerStars Hand #237948828333:  Hold'em No Limit ($0.01/$0.02 USD) - 2022/08/12 11:36:30 PT [2022/08/12 14:36:30 ET]
Table 'Adonis III' 9-max Seat #5 is the button
Seat 1: hayjose ($1.07 in chips) 
Seat 2: RosemontTony ($2.14 in chips) 
Seat 4: losmerca ($0.94 in chips) 
Seat 5: Dorex2007 ($2 in chips) 
Seat 6: SSRxAK89 ($2.39 in chips) 
Seat 7: perygorso ($0.25 in chips) 
Seat 8: leomax100 ($2 in chips) 
Seat 9: Svetik.Gurbo ($2.22 in chips) 
SSRxAK89: posts small blind $0.01
perygorso: posts big blind $0.02
arianagray: sits out 
*** HOLE CARDS ***
Dealt to Dorex2007 [Kc 6h]
leomax100: folds 
Svetik.Gurbo: folds 
hayjose: folds 
RosemontTony: raises $0.04 to $0.06
losmerca: folds 
Dorex2007: folds 
SSRxAK89: calls $0.05
perygorso: folds 
*** FLOP *** [3h 2d Jc]
SSRxAK89: checks 
RosemontTony: bets $0.07
SSRxAK89: folds 
Uncalled bet ($0.07) returned to RosemontTony
SSRxAK89 leaves the table
RosemontTony collected $0.14 from pot
RosemontTony: doesn't show hand 
*** SUMMARY ***
Total pot $0.14 | Rake $0 
Board [3h 2d Jc]
Seat 1: hayjose folded before Flop (didn't bet)
Seat 2: RosemontTony collected ($0.14)
Seat 4: losmerca folded before Flop (didn't bet)
Seat 5: Dorex2007 (button) folded before Flop (didn't bet)
Seat 6: SSRxAK89 (small blind) folded on the Flop
Seat 7: perygorso (big blind) folded before Flop
Seat 8: leomax100 folded before Flop (didn't bet)
Seat 9: Svetik.Gurbo folded before Flop (didn't bet)



PokerStars Hand #237948848101:  Hold'em No Limit ($0.01/$0.02 USD) - 2022/08/12 11:37:32 PT [2022/08/12 14:37:32 ET]
Table 'Adonis III' 9-max Seat #7 is the button
Seat 1: hayjose ($1.07 in chips) 
Seat 2: RosemontTony ($2.22 in chips) 
Seat 3: arianagray ($2 in chips) 
Seat 4: losmerca ($1.24 in chips) 
Seat 5: Dorex2007 ($2 in chips) 
Seat 7: perygorso ($0.23 in chips) 
Seat 8: leomax100 ($2 in chips) 
Seat 9: Svetik.Gurbo ($2.22 in chips) 
leomax100: posts small blind $0.01
Svetik.Gurbo: posts big blind $0.02
arianagray: posts big blind $0.02
*** HOLE CARDS ***
Dealt to Dorex2007 [2d 7d]
hayjose: raises $0.04 to $0.06
RosemontTony: folds 
vas.fegaris joins the table at seat #6 
arianagray: calls $0.04
losmerca: folds 
Dorex2007: folds 
perygorso: folds 
leomax100: folds 
Svetik.Gurbo: folds 
*** FLOP *** [Kd Th 2c]
hayjose: checks 
arianagray: checks 
*** TURN *** [Kd Th 2c] [5c]
hayjose: checks 
arianagray: checks 
*** RIVER *** [Kd Th 2c 5c] [8d]
hayjose: checks 
arianagray: checks 
*** SHOW DOWN ***
hayjose: shows [7h 7s] (a pair of Sevens)
arianagray: mucks hand 
hayjose collected $0.14 from pot
*** SUMMARY ***
Total pot $0.15 | Rake $0.01 
Board [Kd Th 2c 5c 8d]
Seat 1: hayjose showed [7h 7s] and won ($0.14) with a pair of Sevens
Seat 2: RosemontTony folded before Flop (didn't bet)
Seat 3: arianagray mucked [Qc Js]
Seat 4: losmerca folded before Flop (didn't bet)
Seat 5: Dorex2007 folded before Flop (didn't bet)
Seat 7: perygorso (button) folded before Flop (didn't bet)
Seat 8: leomax100 (small blind) folded before Flop
Seat 9: Svetik.Gurbo (big blind) folded before Flop



PokerStars Hand #237948870044:  Hold'em No Limit ($0.01/$0.02 USD) - 2022/08/12 11:38:42 PT [2022/08/12 14:38:42 ET]
Table 'Adonis III' 9-max Seat #8 is the button
Seat 1: hayjose ($1.15 in chips) 
Seat 2: RosemontTony ($2.22 in chips) 
Seat 3: arianagray ($2 in chips) 
Seat 4: losmerca ($1.24 in chips) 
Seat 5: Dorex2007 ($2 in chips) 
Seat 7: perygorso ($0.23 in chips) 
Seat 8: leomax100 ($2 in chips) 
Seat 9: Svetik.Gurbo ($2.20 in chips) 
Svetik.Gurbo: posts small blind $0.01
hayjose: posts big blind $0.02
vas.fegaris: sits out 
*** HOLE CARDS ***
Dealt to Dorex2007 [Th 6h]
RosemontTony: folds 
arianagray: folds 
losmerca: folds 
Dorex2007: folds 
perygorso: folds 
leomax100: folds 
Svetik.Gurbo: calls $0.01
hayjose: checks 
*** FLOP *** [5c Tc Qc]
Svetik.Gurbo: checks 
hayjose: checks 
*** TURN *** [5c Tc Qc] [6s]
Svetik.Gurbo: checks 
hayjose: bets $0.02
Svetik.Gurbo: calls $0.02
*** RIVER *** [5c Tc Qc 6s] [2c]
Svetik.Gurbo: bets $0.08
hayjose: calls $0.08
*** SHOW DOWN ***
Svetik.Gurbo: shows [Ts Ac] (a flush, Ace high)
hayjose: mucks hand 
Svetik.Gurbo collected $0.23 from pot
*** SUMMARY ***
Total pot $0.24 | Rake $0.01 
Board [5c Tc Qc 6s 2c]
Seat 1: hayjose (big blind) mucked [Qh Ks]
Seat 2: RosemontTony folded before Flop (didn't bet)
Seat 3: arianagray folded before Flop (didn't bet)
Seat 4: losmerca folded before Flop (didn't bet)
Seat 5: Dorex2007 folded before Flop (didn't bet)
Seat 7: perygorso folded before Flop (didn't bet)
Seat 8: leomax100 (button) folded before Flop (didn't bet)
Seat 9: Svetik.Gurbo (small blind) showed [Ts Ac] and won ($0.23) with a flush, Ace high



PokerStars Hand #237948885194:  Hold'em No Limit ($0.01/$0.02 USD) - 2022/08/12 11:39:26 PT [2022/08/12 14:39:26 ET]
Table 'Adonis III' 9-max Seat #9 is the button
Seat 1: hayjose ($1.03 in chips) 
Seat 2: RosemontTony ($2.22 in chips) 
Seat 3: arianagray ($2 in chips) 
Seat 4: losmerca ($1.24 in chips) 
Seat 5: Dorex2007 ($2 in chips) 
Seat 7: perygorso ($0.23 in chips) 
Seat 8: leomax100 ($2 in chips) 
Seat 9: Svetik.Gurbo ($2.31 in chips) 
hayjose: posts small blind $0.01
RosemontTony: posts big blind $0.02
vas.fegaris: sits out 
*** HOLE CARDS ***
Dealt to Dorex2007 [5h 4d]
arianagray: folds 
losmerca: folds 
Dorex2007: folds 
perygorso: folds 
leomax100: folds 
Svetik.Gurbo: folds 
hayjose: folds 
Uncalled bet ($0.01) returned to RosemontTony
RosemontTony collected $0.02 from pot
RosemontTony: doesn't show hand 
*** SUMMARY ***
Total pot $0.02 | Rake $0 
Seat 1: hayjose (small blind) folded before Flop
Seat 2: RosemontTony (big blind) collected ($0.02)
Seat 3: arianagray folded before Flop (didn't bet)
Seat 4: losmerca folded before Flop (didn't bet)
Seat 5: Dorex2007 folded before Flop (didn't bet)
Seat 7: perygorso folded before Flop (didn't bet)
Seat 8: leomax100 folded before Flop (didn't bet)
Seat 9: Svetik.Gurbo (button) folded before Flop (didn't bet)



PokerStars Hand #237948889344:  Hold'em No Limit ($0.01/$0.02 USD) - 2022/08/12 11:39:39 PT [2022/08/12 14:39:39 ET]
Table 'Adonis III' 9-max Seat #1 is the button
Seat 1: hayjose ($1.02 in chips) 
Seat 2: RosemontTony ($2.23 in chips) 
Seat 3: arianagray ($2 in chips) 
Seat 4: losmerca ($1.24 in chips) 
Seat 5: Dorex2007 ($2 in chips) 
Seat 7: perygorso ($0.23 in chips) 
Seat 8: leomax100 ($2 in chips) 
Seat 9: Svetik.Gurbo ($2.31 in chips) 
RosemontTony: posts small blind $0.01
arianagray: posts big blind $0.02
vas.fegaris: sits out 
*** HOLE CARDS ***
Dealt to Dorex2007 [9c 7h]
losmerca: folds 
Dorex2007: folds 
perygorso: folds 
leomax100: folds 
Svetik.Gurbo: folds 
hayjose: folds 
RosemontTony: raises $0.04 to $0.06
arianagray: folds 
Uncalled bet ($0.04) returned to RosemontTony
RosemontTony collected $0.04 from pot
RosemontTony: doesn't show hand 
*** SUMMARY ***
Total pot $0.04 | Rake $0 
Seat 1: hayjose (button) folded before Flop (didn't bet)
Seat 2: RosemontTony (small blind) collected ($0.04)
Seat 3: arianagray (big blind) folded before Flop
Seat 4: losmerca folded before Flop (didn't bet)
Seat 5: Dorex2007 folded before Flop (didn't bet)
Seat 7: perygorso folded before Flop (didn't bet)
Seat 8: leomax100 folded before Flop (didn't bet)
Seat 9: Svetik.Gurbo folded before Flop (didn't bet)



PokerStars Hand #237948894987:  Hold'em No Limit ($0.01/$0.02 USD) - 2022/08/12 11:39:57 PT [2022/08/12 14:39:57 ET]
Table 'Adonis III' 9-max Seat #2 is the button
Seat 1: hayjose ($1.02 in chips) 
Seat 2: RosemontTony ($2.25 in chips) 
Seat 3: arianagray ($2 in chips) 
Seat 4: losmerca ($1.24 in chips) 
Seat 5: Dorex2007 ($2 in chips) 
Seat 7: perygorso ($0.23 in chips) 
Seat 8: leomax100 ($2 in chips) 
Seat 9: Svetik.Gurbo ($2.31 in chips) 
arianagray: posts small blind $0.01
losmerca: posts big blind $0.02
vas.fegaris: sits out 
*** HOLE CARDS ***
Dealt to Dorex2007 [7c 6d]
Dorex2007: folds 
perygorso: folds 
leomax100: raises $1.98 to $2 and is all-in
Svetik.Gurbo: folds 
hayjose: folds 
RosemontTony: folds 
arianagray: folds 
losmerca: folds 
Uncalled bet ($1.98) returned to leomax100
leomax100 collected $0.05 from pot
leomax100: doesn't show hand 
*** SUMMARY ***
Total pot $0.05 | Rake $0 
Seat 1: hayjose folded before Flop (didn't bet)
Seat 2: RosemontTony (button) folded before Flop (didn't bet)
Seat 3: arianagray (small blind) folded before Flop
Seat 4: losmerca (big blind) folded before Flop
Seat 5: Dorex2007 folded before Flop (didn't bet)
Seat 7: perygorso folded before Flop (didn't bet)
Seat 8: leomax100 collected ($0.05)
Seat 9: Svetik.Gurbo folded before Flop (didn't bet)



PokerStars Hand #237948902089:  Hold'em No Limit ($0.01/$0.02 USD) - 2022/08/12 11:40:19 PT [2022/08/12 14:40:19 ET]
Table 'Adonis III' 9-max Seat #3 is the button
Seat 1: hayjose ($1.02 in chips) 
Seat 2: RosemontTony ($2.25 in chips) 
Seat 3: arianagray ($2 in chips) 
Seat 4: losmerca ($1.22 in chips) 
Seat 5: Dorex2007 ($2 in chips) 
Seat 7: perygorso ($0.23 in chips) 
Seat 8: leomax100 ($2.03 in chips) 
Seat 9: Svetik.Gurbo ($2.31 in chips) 
losmerca: posts small blind $0.01
Dorex2007: posts big blind $0.02
vas.fegaris: sits out 
*** HOLE CARDS ***
Dealt to Dorex2007 [2h Kc]
perygorso: folds 
leomax100: folds 
Svetik.Gurbo: calls $0.02
hayjose: raises $0.04 to $0.06
RosemontTony: raises $0.17 to $0.23
arianagray: folds 
losmerca: folds 
Dorex2007: folds 
Svetik.Gurbo: folds 
hayjose: calls $0.17
*** FLOP *** [Jd 9c 6c]
hayjose: checks 
RosemontTony: bets $0.24
hayjose: calls $0.24
*** TURN *** [Jd 9c 6c] [2s]
hayjose: checks 
RosemontTony: checks 
*** RIVER *** [Jd 9c 6c 2s] [6d]
hayjose: checks 
RosemontTony: checks 
*** SHOW DOWN ***
hayjose: shows [7d 8d] (a pair of Sixes)
RosemontTony: shows [Ah Qd] (a pair of Sixes - Ace kicker)
RosemontTony collected $0.96 from pot
*** SUMMARY ***
Total pot $0.99 | Rake $0.03 
Board [Jd 9c 6c 2s 6d]
Seat 1: hayjose showed [7d 8d] and lost with a pair of Sixes
Seat 2: RosemontTony showed [Ah Qd] and won ($0.96) with a pair of Sixes
Seat 3: arianagray (button) folded before Flop (didn't bet)
Seat 4: losmerca (small blind) folded before Flop
Seat 5: Dorex2007 (big blind) folded before Flop
Seat 7: perygorso folded before Flop (didn't bet)
Seat 8: leomax100 folded before Flop (didn't bet)
Seat 9: Svetik.Gurbo folded before Flop



PokerStars Hand #237948922350:  Hold'em No Limit ($0.01/$0.02 USD) - 2022/08/12 11:41:24 PT [2022/08/12 14:41:24 ET]
Table 'Adonis III' 9-max Seat #4 is the button
Seat 1: hayjose ($0.55 in chips) 
Seat 2: RosemontTony ($2.74 in chips) 
Seat 3: arianagray ($2 in chips) 
Seat 4: losmerca ($1.21 in chips) 
Seat 5: Dorex2007 ($2 in chips) 
Seat 6: vas.fegaris ($0.80 in chips) 
Seat 7: perygorso ($0.23 in chips) 
Seat 8: leomax100 ($2.03 in chips) 
Seat 9: Svetik.Gurbo ($2.29 in chips) 
Dorex2007: posts small blind $0.01
vas.fegaris: posts big blind $0.02
*** HOLE CARDS ***
Dealt to Dorex2007 [2c 7s]
perygorso: folds 
leomax100: folds 
Svetik.Gurbo: calls $0.02
hayjose: folds 
RosemontTony: folds 
arianagray: folds 
losmerca: folds 
Dorex2007: folds 
vas.fegaris: checks 
*** FLOP *** [Jd Kd Ts]
vas.fegaris: checks 
Svetik.Gurbo: bets $0.02
vas.fegaris: folds 
Uncalled bet ($0.02) returned to Svetik.Gurbo
Svetik.Gurbo collected $0.05 from pot
*** SUMMARY ***
Total pot $0.05 | Rake $0 
Board [Jd Kd Ts]
Seat 1: hayjose folded before Flop (didn't bet)
Seat 2: RosemontTony folded before Flop (didn't bet)
Seat 3: arianagray folded before Flop (didn't bet)
Seat 4: losmerca (button) folded before Flop (didn't bet)
Seat 5: Dorex2007 (small blind) folded before Flop
Seat 6: vas.fegaris (big blind) folded on the Flop
Seat 7: perygorso folded before Flop (didn't bet)
Seat 8: leomax100 folded before Flop (didn't bet)
Seat 9: Svetik.Gurbo collected ($0.05)



PokerStars Hand #237948932022:  Hold'em No Limit ($0.01/$0.02 USD) - 2022/08/12 11:41:54 PT [2022/08/12 14:41:54 ET]
Table 'Adonis III' 9-max Seat #5 is the button
Seat 1: hayjose ($0.55 in chips) 
Seat 2: RosemontTony ($2.74 in chips) 
Seat 3: arianagray ($2 in chips) 
Seat 4: losmerca ($1.21 in chips) 
Seat 5: Dorex2007 ($2 in chips) 
Seat 6: vas.fegaris ($0.78 in chips) 
Seat 7: perygorso ($0.23 in chips) 
Seat 8: leomax100 ($2.03 in chips) 
Seat 9: Svetik.Gurbo ($2.32 in chips) 
vas.fegaris: posts small blind $0.01
perygorso: posts big blind $0.02
*** HOLE CARDS ***
Dealt to Dorex2007 [Ah Ks]
leomax100: raises $0.03 to $0.05
Svetik.Gurbo: folds 
hayjose: folds 
RosemontTony: folds 
arianagray: folds 
losmerca: calls $0.05
Dorex2007: raises $0.09 to $0.14
vas.fegaris: folds 
perygorso: folds 
leomax100: raises $1.89 to $2.03 and is all-in
losmerca: folds 
Dorex2007: folds 
Uncalled bet ($1.89) returned to leomax100
leomax100 collected $0.36 from pot
leomax100: doesn't show hand 
*** SUMMARY ***
Total pot $0.36 | Rake $0 
Seat 1: hayjose folded before Flop (didn't bet)
Seat 2: RosemontTony folded before Flop (didn't bet)
Seat 3: arianagray folded before Flop (didn't bet)
Seat 4: losmerca folded before Flop
Seat 5: Dorex2007 (button) folded before Flop
Seat 6: vas.fegaris (small blind) folded before Flop
Seat 7: perygorso (big blind) folded before Flop
Seat 8: leomax100 collected ($0.36)
Seat 9: Svetik.Gurbo folded before Flop (didn't bet)



