PokerStars Hand #237285537221:  Hold'em No Limit ($0.01/$0.02 USD) - 2022/07/10 16:33:41 PT [2022/07/10 19:33:41 ET]
Table 'Tarka III' 9-max Seat #8 is the button
Seat 4: Dudusever ($2.03 in chips) 
Seat 5: Dorex2007 ($2 in chips) 
Seat 6: Monster Pony ($4.89 in chips) 
Seat 7: RosemontTony ($0.43 in chips) 
Seat 8: Al_pkr_plyr ($2.94 in chips) 
Seat 9: The Monst11 ($0.70 in chips) 
The Monst11: posts small blind $0.01
gastong88: is sitting out 
LuckyGranpa: is sitting out 
Dudusever: posts big blind $0.02
Dorex2007: posts big blind $0.02
*** HOLE CARDS ***
Dealt to Dorex2007 [5s 8s]
gastong88 leaves the table
Dorex2007: checks 
Monster Pony: folds 
RosemontTony: folds 
Al_pkr_plyr: folds 
The Monst11: raises $0.06 to $0.08
Dudusever: folds 
Dorex2007: folds 
Uncalled bet ($0.06) returned to The Monst11
The Monst11 collected $0.06 from pot
*** SUMMARY ***
Total pot $0.06 | Rake $0 
Seat 4: Dudusever (big blind) folded before Flop
Seat 5: Dorex2007 folded before Flop (didn't bet)
Seat 6: Monster Pony folded before Flop (didn't bet)
Seat 7: RosemontTony folded before Flop (didn't bet)
Seat 8: Al_pkr_plyr (button) folded before Flop (didn't bet)
Seat 9: The Monst11 (small blind) collected ($0.06)



PokerStars Hand #237285563549:  Hold'em No Limit ($0.01/$0.02 USD) - 2022/07/10 16:35:21 PT [2022/07/10 19:35:21 ET]
Table 'Tarka III' 9-max Seat #6 is the button
Seat 4: Dudusever ($2.14 in chips) 
Seat 5: Dorex2007 ($2 in chips) 
Seat 6: Monster Pony ($4.77 in chips) 
Seat 7: RosemontTony ($0.41 in chips) 
Seat 8: Al_pkr_plyr ($2.94 in chips) 
Seat 9: The Monst11 ($0.74 in chips) 
RosemontTony: posts small blind $0.01
Al_pkr_plyr: posts big blind $0.02
XSarks: sits out 
Dorex2007: posts small & big blinds $0.03
*** HOLE CARDS ***
Dealt to Dorex2007 [Td 2c]
The Monst11 has timed out
The Monst11: folds 
Dudusever: folds 
Dorex2007: checks 
Monster Pony: folds 
RosemontTony: raises $0.07 to $0.09
SkyDutra joins the table at seat #2 
Al_pkr_plyr: calls $0.07
Dorex2007: folds 
*** FLOP *** [8d 9h 9c]
RosemontTony: bets $0.32 and is all-in
Al_pkr_plyr: folds 
Uncalled bet ($0.32) returned to RosemontTony
RosemontTony collected $0.20 from pot
*** SUMMARY ***
Total pot $0.21 | Rake $0.01 
Board [8d 9h 9c]
Seat 4: Dudusever folded before Flop (didn't bet)
Seat 5: Dorex2007 folded before Flop (didn't bet)
Seat 6: Monster Pony (button) folded before Flop (didn't bet)
Seat 7: RosemontTony (small blind) collected ($0.20)
Seat 8: Al_pkr_plyr (big blind) folded on the Flop
Seat 9: The Monst11 folded before Flop (didn't bet)



PokerStars Hand #237285579435:  Hold'em No Limit ($0.01/$0.02 USD) - 2022/07/10 16:36:23 PT [2022/07/10 19:36:23 ET]
Table 'Tarka III' 9-max Seat #7 is the button
Seat 4: Dudusever ($2.14 in chips) 
Seat 5: Dorex2007 ($2 in chips) 
Seat 6: Monster Pony ($4.77 in chips) 
Seat 7: RosemontTony ($0.52 in chips) 
Seat 8: Al_pkr_plyr ($2.85 in chips) 
Seat 9: The Monst11 ($0.74 in chips) 
Al_pkr_plyr: posts small blind $0.01
The Monst11: posts big blind $0.02
XSarks: sits out 
SkyDutra: sits out 
LeandroAku: sits out 
*** HOLE CARDS ***
Dealt to Dorex2007 [4h 3h]
Dudusever: raises $0.04 to $0.06
Dorex2007: folds 
Monster Pony: folds 
RosemontTony: folds 
Al_pkr_plyr: folds 
The Monst11: raises $0.68 to $0.74 and is all-in
Dudusever: folds 
Uncalled bet ($0.68) returned to The Monst11
The Monst11 collected $0.13 from pot
*** SUMMARY ***
Total pot $0.13 | Rake $0 
Seat 4: Dudusever folded before Flop
Seat 5: Dorex2007 folded before Flop (didn't bet)
Seat 6: Monster Pony folded before Flop (didn't bet)
Seat 7: RosemontTony (button) folded before Flop (didn't bet)
Seat 8: Al_pkr_plyr (small blind) folded before Flop
Seat 9: The Monst11 (big blind) collected ($0.13)



PokerStars Hand #237285588323:  Hold'em No Limit ($0.01/$0.02 USD) - 2022/07/10 16:36:56 PT [2022/07/10 19:36:56 ET]
Table 'Tarka III' 9-max Seat #8 is the button
Seat 1: XSarks ($0.80 in chips) 
Seat 4: Dudusever ($2.08 in chips) 
Seat 5: Dorex2007 ($2 in chips) 
Seat 6: Monster Pony ($4.77 in chips) 
Seat 7: RosemontTony ($0.52 in chips) 
Seat 8: Al_pkr_plyr ($2.84 in chips) 
Seat 9: The Monst11 ($0.81 in chips) 
The Monst11: posts small blind $0.01
XSarks: posts big blind $0.02
SkyDutra: sits out 
LeandroAku: sits out 
*** HOLE CARDS ***
Dealt to Dorex2007 [9d As]
Dudusever: raises $0.04 to $0.06
Dorex2007: folds 
Monster Pony: folds 
RosemontTony: folds 
Al_pkr_plyr: folds 
The Monst11: folds 
XSarks: calls $0.04
*** FLOP *** [4d 9c Jd]
XSarks: checks 
Dudusever: checks 
*** TURN *** [4d 9c Jd] [Ac]
XSarks: checks 
Dudusever: checks 
*** RIVER *** [4d 9c Jd Ac] [7c]
XSarks: checks 
Dudusever: checks 
*** SHOW DOWN ***
XSarks: shows [5h 2h] (high card Ace)
Dudusever: shows [2c 2s] (a pair of Deuces)
Dudusever collected $0.13 from pot
*** SUMMARY ***
Total pot $0.13 | Rake $0 
Board [4d 9c Jd Ac 7c]
Seat 1: XSarks (big blind) showed [5h 2h] and lost with high card Ace
Seat 4: Dudusever showed [2c 2s] and won ($0.13) with a pair of Deuces
Seat 5: Dorex2007 folded before Flop (didn't bet)
Seat 6: Monster Pony folded before Flop (didn't bet)
Seat 7: RosemontTony folded before Flop (didn't bet)
Seat 8: Al_pkr_plyr (button) folded before Flop (didn't bet)
Seat 9: The Monst11 (small blind) folded before Flop



PokerStars Hand #237285596853:  Hold'em No Limit ($0.01/$0.02 USD) - 2022/07/10 16:37:29 PT [2022/07/10 19:37:29 ET]
Table 'Tarka III' 9-max Seat #9 is the button
Seat 1: XSarks ($0.74 in chips) 
Seat 2: SkyDutra ($3.10 in chips) 
Seat 4: Dudusever ($2.15 in chips) 
Seat 5: Dorex2007 ($2 in chips) 
Seat 6: Monster Pony ($4.77 in chips) 
Seat 7: RosemontTony ($0.52 in chips) 
Seat 8: Al_pkr_plyr ($2.84 in chips) 
Seat 9: The Monst11 ($0.80 in chips) 
XSarks: posts small blind $0.01
SkyDutra: posts big blind $0.02
LeandroAku: sits out 
*** HOLE CARDS ***
Dealt to Dorex2007 [6c Kc]
Dudusever: folds 
Dorex2007: folds 
Monster Pony: folds 
RosemontTony: folds 
Al_pkr_plyr: folds 
The Monst11: raises $0.02 to $0.04
XSarks: calls $0.03
SkyDutra: calls $0.02
*** FLOP *** [Ac 8d 6d]
XSarks: checks 
SkyDutra: checks 
The Monst11: bets $0.04
XSarks: calls $0.04
SkyDutra: calls $0.04
*** TURN *** [Ac 8d 6d] [9s]
XSarks: bets $0.02
SkyDutra: calls $0.02
The Monst11: raises $0.10 to $0.12
XSarks: calls $0.10
SkyDutra: calls $0.10
*** RIVER *** [Ac 8d 6d 9s] [7s]
XSarks: checks 
SkyDutra: checks 
The Monst11: checks 
*** SHOW DOWN ***
XSarks: shows [8s Js] (a pair of Eights)
SkyDutra: shows [7h 5d] (a straight, Five to Nine)
The Monst11: mucks hand 
SkyDutra collected $0.58 from pot
*** SUMMARY ***
Total pot $0.60 | Rake $0.02 
Board [Ac 8d 6d 9s 7s]
Seat 1: XSarks (small blind) showed [8s Js] and lost with a pair of Eights
Seat 2: SkyDutra (big blind) showed [7h 5d] and won ($0.58) with a straight, Five to Nine
Seat 4: Dudusever folded before Flop (didn't bet)
Seat 5: Dorex2007 folded before Flop (didn't bet)
Seat 6: Monster Pony folded before Flop (didn't bet)
Seat 7: RosemontTony folded before Flop (didn't bet)
Seat 8: Al_pkr_plyr folded before Flop (didn't bet)
Seat 9: The Monst11 (button) mucked [Jd 7d]



PokerStars Hand #237285613072:  Hold'em No Limit ($0.01/$0.02 USD) - 2022/07/10 16:38:31 PT [2022/07/10 19:38:31 ET]
Table 'Tarka III' 9-max Seat #1 is the button
Seat 1: XSarks ($0.54 in chips) 
Seat 2: SkyDutra ($3.48 in chips) 
Seat 3: LeandroAku ($2 in chips) 
Seat 4: Dudusever ($2.15 in chips) 
Seat 5: Dorex2007 ($2 in chips) 
Seat 6: Monster Pony ($4.77 in chips) 
Seat 7: RosemontTony ($0.52 in chips) 
Seat 8: Al_pkr_plyr ($2.84 in chips) 
Seat 9: The Monst11 ($0.60 in chips) 
SkyDutra: posts small blind $0.01
LeandroAku: posts big blind $0.02
*** HOLE CARDS ***
Dealt to Dorex2007 [5c Kd]
Dudusever: folds 
Dorex2007: folds 
Monster Pony: folds 
RosemontTony: folds 
Al_pkr_plyr: folds 
The Monst11: folds 
XSarks: folds 
SkyDutra: raises $0.04 to $0.06
LeandroAku: folds 
Uncalled bet ($0.04) returned to SkyDutra
SkyDutra collected $0.04 from pot
*** SUMMARY ***
Total pot $0.04 | Rake $0 
Seat 1: XSarks (button) folded before Flop (didn't bet)
Seat 2: SkyDutra (small blind) collected ($0.04)
Seat 3: LeandroAku (big blind) folded before Flop
Seat 4: Dudusever folded before Flop (didn't bet)
Seat 5: Dorex2007 folded before Flop (didn't bet)
Seat 6: Monster Pony folded before Flop (didn't bet)
Seat 7: RosemontTony folded before Flop (didn't bet)
Seat 8: Al_pkr_plyr folded before Flop (didn't bet)
Seat 9: The Monst11 folded before Flop (didn't bet)



PokerStars Hand #237285621683:  Hold'em No Limit ($0.01/$0.02 USD) - 2022/07/10 16:39:05 PT [2022/07/10 19:39:05 ET]
Table 'Tarka III' 9-max Seat #2 is the button
Seat 1: XSarks ($0.54 in chips) 
Seat 2: SkyDutra ($3.50 in chips) 
Seat 3: LeandroAku ($1.98 in chips) 
Seat 4: Dudusever ($2.15 in chips) 
Seat 5: Dorex2007 ($2 in chips) 
Seat 6: Monster Pony ($4.77 in chips) 
Seat 7: RosemontTony ($0.52 in chips) 
Seat 8: Al_pkr_plyr ($2.84 in chips) 
Seat 9: The Monst11 ($0.60 in chips) 
LeandroAku: posts small blind $0.01
Dudusever: posts big blind $0.02
*** HOLE CARDS ***
Dealt to Dorex2007 [4s 9h]
Dorex2007: folds 
Monster Pony: folds 
RosemontTony: folds 
Al_pkr_plyr: folds 
The Monst11: folds 
XSarks: folds 
SkyDutra: folds 
LeandroAku: folds 
Uncalled bet ($0.01) returned to Dudusever
Dudusever collected $0.02 from pot
*** SUMMARY ***
Total pot $0.02 | Rake $0 
Seat 1: XSarks folded before Flop (didn't bet)
Seat 2: SkyDutra (button) folded before Flop (didn't bet)
Seat 3: LeandroAku (small blind) folded before Flop
Seat 4: Dudusever (big blind) collected ($0.02)
Seat 5: Dorex2007 folded before Flop (didn't bet)
Seat 6: Monster Pony folded before Flop (didn't bet)
Seat 7: RosemontTony folded before Flop (didn't bet)
Seat 8: Al_pkr_plyr folded before Flop (didn't bet)
Seat 9: The Monst11 folded before Flop (didn't bet)



PokerStars Hand #237285627393:  Hold'em No Limit ($0.01/$0.02 USD) - 2022/07/10 16:39:27 PT [2022/07/10 19:39:27 ET]
Table 'Tarka III' 9-max Seat #3 is the button
Seat 1: XSarks ($0.54 in chips) 
Seat 2: SkyDutra ($3.50 in chips) 
Seat 3: LeandroAku ($1.97 in chips) 
Seat 4: Dudusever ($2.16 in chips) 
Seat 5: Dorex2007 ($2 in chips) 
Seat 6: Monster Pony ($4.77 in chips) 
Seat 7: RosemontTony ($0.52 in chips) 
Seat 8: Al_pkr_plyr ($2.84 in chips) 
Seat 9: The Monst11 ($0.60 in chips) 
Dudusever: posts small blind $0.01
Dorex2007: posts big blind $0.02
*** HOLE CARDS ***
Dealt to Dorex2007 [7c 8h]
Monster Pony: folds 
RosemontTony: folds 
Al_pkr_plyr: folds 
The Monst11: folds 
XSarks: folds 
SkyDutra: raises $0.02 to $0.04
LeandroAku: folds 
Dudusever: folds 
Dorex2007: folds 
Uncalled bet ($0.02) returned to SkyDutra
SkyDutra collected $0.05 from pot
*** SUMMARY ***
Total pot $0.05 | Rake $0 
Seat 1: XSarks folded before Flop (didn't bet)
Seat 2: SkyDutra collected ($0.05)
Seat 3: LeandroAku (button) folded before Flop (didn't bet)
Seat 4: Dudusever (small blind) folded before Flop
Seat 5: Dorex2007 (big blind) folded before Flop
Seat 6: Monster Pony folded before Flop (didn't bet)
Seat 7: RosemontTony folded before Flop (didn't bet)
Seat 8: Al_pkr_plyr folded before Flop (didn't bet)
Seat 9: The Monst11 folded before Flop (didn't bet)



PokerStars Hand #237285636643:  Hold'em No Limit ($0.01/$0.02 USD) - 2022/07/10 16:40:03 PT [2022/07/10 19:40:03 ET]
Table 'Tarka III' 9-max Seat #4 is the button
Seat 1: XSarks ($0.54 in chips) 
Seat 2: SkyDutra ($3.53 in chips) 
Seat 3: LeandroAku ($1.97 in chips) 
Seat 4: Dudusever ($2.15 in chips) 
Seat 5: Dorex2007 ($2 in chips) 
Seat 6: Monster Pony ($4.77 in chips) 
Seat 7: RosemontTony ($0.52 in chips) 
Seat 8: Al_pkr_plyr ($2.84 in chips) 
Seat 9: The Monst11 ($0.60 in chips) 
Dorex2007: posts small blind $0.01
Monster Pony: posts big blind $0.02
*** HOLE CARDS ***
Dealt to Dorex2007 [2s 5h]
RosemontTony: folds 
Al_pkr_plyr: folds 
The Monst11: folds 
XSarks: folds 
SkyDutra: raises $0.02 to $0.04
LeandroAku: folds 
Dudusever: folds 
Dorex2007: folds 
Monster Pony: folds 
Uncalled bet ($0.02) returned to SkyDutra
SkyDutra collected $0.05 from pot
*** SUMMARY ***
Total pot $0.05 | Rake $0 
Seat 1: XSarks folded before Flop (didn't bet)
Seat 2: SkyDutra collected ($0.05)
Seat 3: LeandroAku folded before Flop (didn't bet)
Seat 4: Dudusever (button) folded before Flop (didn't bet)
Seat 5: Dorex2007 (small blind) folded before Flop
Seat 6: Monster Pony (big blind) folded before Flop
Seat 7: RosemontTony folded before Flop (didn't bet)
Seat 8: Al_pkr_plyr folded before Flop (didn't bet)
Seat 9: The Monst11 folded before Flop (didn't bet)



PokerStars Hand #237285643733:  Hold'em No Limit ($0.01/$0.02 USD) - 2022/07/10 16:40:30 PT [2022/07/10 19:40:30 ET]
Table 'Tarka III' 9-max Seat #5 is the button
Seat 1: XSarks ($0.54 in chips) 
Seat 2: SkyDutra ($3.56 in chips) 
Seat 3: LeandroAku ($1.97 in chips) 
Seat 4: Dudusever ($2.15 in chips) 
Seat 5: Dorex2007 ($2 in chips) 
Seat 6: Monster Pony ($4.75 in chips) 
Seat 7: RosemontTony ($0.52 in chips) 
Seat 8: Al_pkr_plyr ($2.84 in chips) 
Monster Pony: posts small blind $0.01
RosemontTony: posts big blind $0.02
*** HOLE CARDS ***
Dealt to Dorex2007 [4c 7h]
Al_pkr_plyr: folds 
XSarks: folds 
SkyDutra: raises $0.02 to $0.04
LeandroAku: folds 
Dudusever: raises $0.12 to $0.16
Dorex2007: folds 
Monster Pony: folds 
RosemontTony: folds 
SkyDutra: folds 
Uncalled bet ($0.12) returned to Dudusever
Dudusever collected $0.11 from pot
*** SUMMARY ***
Total pot $0.11 | Rake $0 
Seat 1: XSarks folded before Flop (didn't bet)
Seat 2: SkyDutra folded before Flop
Seat 3: LeandroAku folded before Flop (didn't bet)
Seat 4: Dudusever collected ($0.11)
Seat 5: Dorex2007 (button) folded before Flop (didn't bet)
Seat 6: Monster Pony (small blind) folded before Flop
Seat 7: RosemontTony (big blind) folded before Flop
Seat 8: Al_pkr_plyr folded before Flop (didn't bet)



PokerStars Hand #237285660866:  Hold'em No Limit ($0.01/$0.02 USD) - 2022/07/10 16:41:00 PT [2022/07/10 19:41:00 ET]
Table 'Tarka III' 9-max Seat #6 is the button
Seat 1: XSarks ($0.54 in chips) 
Seat 2: SkyDutra ($3.52 in chips) 
Seat 3: LeandroAku ($1.97 in chips) 
Seat 4: Dudusever ($2.22 in chips) 
Seat 5: Dorex2007 ($2 in chips) 
Seat 6: Monster Pony ($4.74 in chips) 
Seat 7: RosemontTony ($0.50 in chips) 
Seat 8: Al_pkr_plyr ($2.84 in chips) 
RosemontTony: posts small blind $0.01
Al_pkr_plyr: posts big blind $0.02
*** HOLE CARDS ***
Dealt to Dorex2007 [Qs 4d]
XSarks: calls $0.02
SkyDutra: raises $0.02 to $0.04
LeandroAku: folds 
Dudusever: folds 
Dorex2007: folds 
Monster Pony: folds 
RosemontTony: raises $0.12 to $0.16
Al_pkr_plyr: folds 
XSarks: folds 
SkyDutra: folds 
Uncalled bet ($0.12) returned to RosemontTony
RosemontTony collected $0.12 from pot
*** SUMMARY ***
Total pot $0.12 | Rake $0 
Seat 1: XSarks folded before Flop
Seat 2: SkyDutra folded before Flop
Seat 3: LeandroAku folded before Flop (didn't bet)
Seat 4: Dudusever folded before Flop (didn't bet)
Seat 5: Dorex2007 folded before Flop (didn't bet)
Seat 6: Monster Pony (button) folded before Flop (didn't bet)
Seat 7: RosemontTony (small blind) collected ($0.12)
Seat 8: Al_pkr_plyr (big blind) folded before Flop



PokerStars Hand #237285671107:  Hold'em No Limit ($0.01/$0.02 USD) - 2022/07/10 16:41:41 PT [2022/07/10 19:41:41 ET]
Table 'Tarka III' 9-max Seat #7 is the button
Seat 1: XSarks ($0.52 in chips) 
Seat 2: SkyDutra ($3.48 in chips) 
Seat 3: LeandroAku ($1.97 in chips) 
Seat 4: Dudusever ($2.22 in chips) 
Seat 5: Dorex2007 ($2 in chips) 
Seat 6: Monster Pony ($4.74 in chips) 
Seat 7: RosemontTony ($0.58 in chips) 
Seat 8: Al_pkr_plyr ($2.82 in chips) 
Al_pkr_plyr: posts small blind $0.01
XSarks: posts big blind $0.02
*** HOLE CARDS ***
Dealt to Dorex2007 [3h Th]
SkyDutra: folds 
LeandroAku: folds 
Dudusever: folds 
Dorex2007: folds 
Monster Pony: folds 
RosemontTony has timed out
RosemontTony: folds 
Al_pkr_plyr: raises $0.04 to $0.06
XSarks: calls $0.04
*** FLOP *** [Ac 4d Ad]
Al_pkr_plyr: bets $0.04
XSarks: calls $0.04
*** TURN *** [Ac 4d Ad] [3d]
Al_pkr_plyr: checks 
XSarks: checks 
*** RIVER *** [Ac 4d Ad 3d] [Js]
Al_pkr_plyr: checks 
XSarks: checks 
*** SHOW DOWN ***
Al_pkr_plyr: shows [9h Ts] (a pair of Aces)
XSarks: shows [Qh 9c] (a pair of Aces - Queen kicker)
XSarks collected $0.19 from pot
*** SUMMARY ***
Total pot $0.20 | Rake $0.01 
Board [Ac 4d Ad 3d Js]
Seat 1: XSarks (big blind) showed [Qh 9c] and won ($0.19) with a pair of Aces
Seat 2: SkyDutra folded before Flop (didn't bet)
Seat 3: LeandroAku folded before Flop (didn't bet)
Seat 4: Dudusever folded before Flop (didn't bet)
Seat 5: Dorex2007 folded before Flop (didn't bet)
Seat 6: Monster Pony folded before Flop (didn't bet)
Seat 7: RosemontTony (button) folded before Flop (didn't bet)
Seat 8: Al_pkr_plyr (small blind) showed [9h Ts] and lost with a pair of Aces



PokerStars Hand #237285691872:  Hold'em No Limit ($0.01/$0.02 USD) - 2022/07/10 16:43:03 PT [2022/07/10 19:43:03 ET]
Table 'Tarka III' 9-max Seat #8 is the button
Seat 1: XSarks ($0.61 in chips) 
Seat 2: SkyDutra ($3.48 in chips) 
Seat 3: LeandroAku ($1.97 in chips) 
Seat 4: Dudusever ($2.22 in chips) 
Seat 5: Dorex2007 ($2 in chips) 
Seat 6: Monster Pony ($4.74 in chips) 
Seat 7: RosemontTony ($0.58 in chips) 
Seat 8: Al_pkr_plyr ($2.72 in chips) 
XSarks: posts small blind $0.01
SkyDutra: posts big blind $0.02
*** HOLE CARDS ***
Dealt to Dorex2007 [3c 2d]
LeandroAku: folds 
Dudusever: raises $0.04 to $0.06
Dorex2007: folds 
Monster Pony: folds 
RosemontTony: folds 
Al_pkr_plyr: folds 
XSarks: folds 
SkyDutra: folds 
Uncalled bet ($0.04) returned to Dudusever
Dudusever collected $0.05 from pot
*** SUMMARY ***
Total pot $0.05 | Rake $0 
Seat 1: XSarks (small blind) folded before Flop
Seat 2: SkyDutra (big blind) folded before Flop
Seat 3: LeandroAku folded before Flop (didn't bet)
Seat 4: Dudusever collected ($0.05)
Seat 5: Dorex2007 folded before Flop (didn't bet)
Seat 6: Monster Pony folded before Flop (didn't bet)
Seat 7: RosemontTony folded before Flop (didn't bet)
Seat 8: Al_pkr_plyr (button) folded before Flop (didn't bet)



PokerStars Hand #237285694755:  Hold'em No Limit ($0.01/$0.02 USD) - 2022/07/10 16:43:14 PT [2022/07/10 19:43:14 ET]
Table 'Tarka III' 9-max Seat #1 is the button
Seat 1: XSarks ($0.60 in chips) 
Seat 2: SkyDutra ($3.46 in chips) 
Seat 3: LeandroAku ($1.97 in chips) 
Seat 4: Dudusever ($2.25 in chips) 
Seat 5: Dorex2007 ($2 in chips) 
Seat 6: Monster Pony ($4.74 in chips) 
Seat 7: RosemontTony ($0.58 in chips) 
Seat 8: Al_pkr_plyr ($2.72 in chips) 
SkyDutra: posts small blind $0.01
LeandroAku: posts big blind $0.02
*** HOLE CARDS ***
Dealt to Dorex2007 [3d Qh]
Dudusever: folds 
Dorex2007: folds 
Monster Pony: folds 
RosemontTony: folds 
Al_pkr_plyr: raises $0.04 to $0.06
XSarks: folds 
SkyDutra: calls $0.05
LeandroAku: folds 
*** FLOP *** [4d 5c 5h]
SkyDutra: checks 
Al_pkr_plyr: checks 
*** TURN *** [4d 5c 5h] [7h]
SkyDutra: bets $0.08
Al_pkr_plyr: calls $0.08
*** RIVER *** [4d 5c 5h 7h] [3s]
SkyDutra: bets $0.20
Al_pkr_plyr: folds 
Uncalled bet ($0.20) returned to SkyDutra
SkyDutra collected $0.29 from pot
*** SUMMARY ***
Total pot $0.30 | Rake $0.01 
Board [4d 5c 5h 7h 3s]
Seat 1: XSarks (button) folded before Flop (didn't bet)
Seat 2: SkyDutra (small blind) collected ($0.29)
Seat 3: LeandroAku (big blind) folded before Flop
Seat 4: Dudusever folded before Flop (didn't bet)
Seat 5: Dorex2007 folded before Flop (didn't bet)
Seat 6: Monster Pony folded before Flop (didn't bet)
Seat 7: RosemontTony folded before Flop (didn't bet)
Seat 8: Al_pkr_plyr folded on the River



PokerStars Hand #237285709914:  Hold'em No Limit ($0.01/$0.02 USD) - 2022/07/10 16:44:14 PT [2022/07/10 19:44:14 ET]
Table 'Tarka III' 9-max Seat #2 is the button
Seat 1: XSarks ($0.60 in chips) 
Seat 2: SkyDutra ($3.61 in chips) 
Seat 3: LeandroAku ($1.95 in chips) 
Seat 4: Dudusever ($2.25 in chips) 
Seat 5: Dorex2007 ($2 in chips) 
Seat 6: Monster Pony ($4.74 in chips) 
Seat 7: RosemontTony ($0.58 in chips) 
Seat 8: Al_pkr_plyr ($2.58 in chips) 
Seat 9: The Monst11 ($0.60 in chips) 
LeandroAku: posts small blind $0.01
Dudusever: posts big blind $0.02
The Monst11: posts small & big blinds $0.03
*** HOLE CARDS ***
Dealt to Dorex2007 [4s 9d]
Dorex2007: folds 
Monster Pony: folds 
RosemontTony: raises $0.08 to $0.10
Al_pkr_plyr: folds 
The Monst11: folds 
XSarks: folds 
SkyDutra: folds 
LeandroAku: folds 
Dudusever: folds 
Uncalled bet ($0.08) returned to RosemontTony
RosemontTony collected $0.08 from pot
*** SUMMARY ***
Total pot $0.08 | Rake $0 
Seat 1: XSarks folded before Flop (didn't bet)
Seat 2: SkyDutra (button) folded before Flop (didn't bet)
Seat 3: LeandroAku (small blind) folded before Flop
Seat 4: Dudusever (big blind) folded before Flop
Seat 5: Dorex2007 folded before Flop (didn't bet)
Seat 6: Monster Pony folded before Flop (didn't bet)
Seat 7: RosemontTony collected ($0.08)
Seat 8: Al_pkr_plyr folded before Flop (didn't bet)
Seat 9: The Monst11 folded before Flop (didn't bet)



PokerStars Hand #237285720605:  Hold'em No Limit ($0.01/$0.02 USD) - 2022/07/10 16:44:58 PT [2022/07/10 19:44:58 ET]
Table 'Tarka III' 9-max Seat #3 is the button
Seat 1: XSarks ($0.60 in chips) 
Seat 2: SkyDutra ($3.61 in chips) 
Seat 3: LeandroAku ($1.94 in chips) 
Seat 4: Dudusever ($2.23 in chips) 
Seat 5: Dorex2007 ($2 in chips) 
Seat 6: Monster Pony ($4.74 in chips) 
Seat 7: RosemontTony ($0.64 in chips) 
Seat 8: Al_pkr_plyr ($2.58 in chips) 
Seat 9: The Monst11 ($0.57 in chips) 
Dudusever: posts small blind $0.01
Dorex2007: posts big blind $0.02
*** HOLE CARDS ***
Dealt to Dorex2007 [Ah 8h]
Monster Pony: folds 
RosemontTony: folds 
Al_pkr_plyr: folds 
The Monst11: folds 
XSarks has timed out
XSarks: folds 
SkyDutra: folds 
LeandroAku: folds 
Dudusever: raises $0.04 to $0.06
Dorex2007: calls $0.04
*** FLOP *** [Kh 4d Td]
Dudusever: checks 
Dorex2007: checks 
*** TURN *** [Kh 4d Td] [Jh]
Dudusever: checks 
Dorex2007: checks 
*** RIVER *** [Kh 4d Td Jh] [4s]
Dudusever: checks 
Dorex2007: checks 
*** SHOW DOWN ***
Dudusever: shows [Ac 2s] (a pair of Fours)
Dorex2007: shows [Ah 8h] (a pair of Fours)
Dudusever collected $0.06 from pot
Dorex2007 collected $0.06 from pot
*** SUMMARY ***
Total pot $0.12 | Rake $0 
Board [Kh 4d Td Jh 4s]
Seat 1: XSarks folded before Flop (didn't bet)
Seat 2: SkyDutra folded before Flop (didn't bet)
Seat 3: LeandroAku (button) folded before Flop (didn't bet)
Seat 4: Dudusever (small blind) showed [Ac 2s] and won ($0.06) with a pair of Fours
Seat 5: Dorex2007 (big blind) showed [Ah 8h] and won ($0.06) with a pair of Fours
Seat 6: Monster Pony folded before Flop (didn't bet)
Seat 7: RosemontTony folded before Flop (didn't bet)
Seat 8: Al_pkr_plyr folded before Flop (didn't bet)
Seat 9: The Monst11 folded before Flop (didn't bet)



PokerStars Hand #237285732379:  Hold'em No Limit ($0.01/$0.02 USD) - 2022/07/10 16:45:45 PT [2022/07/10 19:45:45 ET]
Table 'Tarka III' 9-max Seat #4 is the button
Seat 1: XSarks ($0.60 in chips) 
Seat 2: SkyDutra ($3.61 in chips) 
Seat 3: LeandroAku ($1.94 in chips) 
Seat 4: Dudusever ($2.23 in chips) 
Seat 5: Dorex2007 ($2 in chips) 
Seat 6: Monster Pony ($4.74 in chips) 
Seat 7: RosemontTony ($0.64 in chips) 
Seat 8: Al_pkr_plyr ($2.58 in chips) 
Seat 9: The Monst11 ($0.57 in chips) 
Dorex2007: posts small blind $0.01
Monster Pony: posts big blind $0.02
*** HOLE CARDS ***
Dealt to Dorex2007 [6c 2h]
RosemontTony: folds 
Al_pkr_plyr: folds 
The Monst11: folds 
XSarks: folds 
SkyDutra: folds 
LeandroAku: folds 
Dudusever: raises $0.04 to $0.06
Dorex2007: folds 
Monster Pony: calls $0.04
*** FLOP *** [7c Th 5s]
Monster Pony: checks 
Dudusever: checks 
*** TURN *** [7c Th 5s] [Jh]
Monster Pony: checks 
Dudusever: checks 
*** RIVER *** [7c Th 5s Jh] [6d]
Monster Pony: bets $0.06
Dudusever: raises $0.22 to $0.28
Monster Pony: calls $0.22
*** SHOW DOWN ***
Dudusever: shows [3h 4h] (a straight, Three to Seven)
Monster Pony: mucks hand 
Dudusever collected $0.67 from pot
*** SUMMARY ***
Total pot $0.69 | Rake $0.02 
Board [7c Th 5s Jh 6d]
Seat 1: XSarks folded before Flop (didn't bet)
Seat 2: SkyDutra folded before Flop (didn't bet)
Seat 3: LeandroAku folded before Flop (didn't bet)
Seat 4: Dudusever (button) showed [3h 4h] and won ($0.67) with a straight, Three to Seven
Seat 5: Dorex2007 (small blind) folded before Flop
Seat 6: Monster Pony (big blind) mucked [Jc Ac]
Seat 7: RosemontTony folded before Flop (didn't bet)
Seat 8: Al_pkr_plyr folded before Flop (didn't bet)
Seat 9: The Monst11 folded before Flop (didn't bet)



PokerStars Hand #237285745173:  Hold'em No Limit ($0.01/$0.02 USD) - 2022/07/10 16:46:37 PT [2022/07/10 19:46:37 ET]
Table 'Tarka III' 9-max Seat #5 is the button
Seat 1: XSarks ($0.60 in chips) 
Seat 2: SkyDutra ($3.61 in chips) 
Seat 3: LeandroAku ($1.94 in chips) 
Seat 4: Dudusever ($2.56 in chips) 
Seat 5: Dorex2007 ($2 in chips) 
Seat 6: Monster Pony ($4.40 in chips) 
Seat 7: RosemontTony ($0.64 in chips) 
Seat 8: Al_pkr_plyr ($2.58 in chips) 
Seat 9: The Monst11 ($0.57 in chips) 
Monster Pony: posts small blind $0.01
RosemontTony: posts big blind $0.02
*** HOLE CARDS ***
Dealt to Dorex2007 [3c Jd]
Al_pkr_plyr: folds 
The Monst11: folds 
XSarks: folds 
SkyDutra: folds 
LeandroAku: folds 
Dudusever: folds 
Dorex2007: folds 
Monster Pony: folds 
Uncalled bet ($0.01) returned to RosemontTony
RosemontTony collected $0.02 from pot
*** SUMMARY ***
Total pot $0.02 | Rake $0 
Seat 1: XSarks folded before Flop (didn't bet)
Seat 2: SkyDutra folded before Flop (didn't bet)
Seat 3: LeandroAku folded before Flop (didn't bet)
Seat 4: Dudusever folded before Flop (didn't bet)
Seat 5: Dorex2007 (button) folded before Flop (didn't bet)
Seat 6: Monster Pony (small blind) folded before Flop
Seat 7: RosemontTony (big blind) collected ($0.02)
Seat 8: Al_pkr_plyr folded before Flop (didn't bet)
Seat 9: The Monst11 folded before Flop (didn't bet)



PokerStars Hand #237285748032:  Hold'em No Limit ($0.01/$0.02 USD) - 2022/07/10 16:46:48 PT [2022/07/10 19:46:48 ET]
Table 'Tarka III' 9-max Seat #6 is the button
Seat 1: XSarks ($0.60 in chips) 
Seat 2: SkyDutra ($3.61 in chips) 
Seat 3: LeandroAku ($1.94 in chips) 
Seat 4: Dudusever ($2.56 in chips) 
Seat 5: Dorex2007 ($2 in chips) 
Seat 6: Monster Pony ($4.39 in chips) 
Seat 7: RosemontTony ($0.65 in chips) 
Seat 8: Al_pkr_plyr ($2.58 in chips) 
Seat 9: The Monst11 ($0.57 in chips) 
RosemontTony: posts small blind $0.01
Al_pkr_plyr: posts big blind $0.02
*** HOLE CARDS ***
Dealt to Dorex2007 [Jd 8h]
The Monst11: folds 
XSarks: calls $0.02
SkyDutra: folds 
LeandroAku: folds 
Dudusever: folds 
Dorex2007: folds 
Monster Pony: folds 
RosemontTony: folds 
Al_pkr_plyr: raises $0.08 to $0.10
XSarks: raises $0.50 to $0.60 and is all-in
Al_pkr_plyr: calls $0.50
*** FLOP *** [5c 6d 6h]
*** TURN *** [5c 6d 6h] [Qc]
*** RIVER *** [5c 6d 6h Qc] [Js]
*** SHOW DOWN ***
Al_pkr_plyr: shows [Qs Ac] (two pair, Queens and Sixes)
XSarks: shows [Jh As] (two pair, Jacks and Sixes)
Al_pkr_plyr collected $1.17 from pot
*** SUMMARY ***
Total pot $1.21 | Rake $0.04 
Board [5c 6d 6h Qc Js]
Seat 1: XSarks showed [Jh As] and lost with two pair, Jacks and Sixes
Seat 2: SkyDutra folded before Flop (didn't bet)
Seat 3: LeandroAku folded before Flop (didn't bet)
Seat 4: Dudusever folded before Flop (didn't bet)
Seat 5: Dorex2007 folded before Flop (didn't bet)
Seat 6: Monster Pony (button) folded before Flop (didn't bet)
Seat 7: RosemontTony (small blind) folded before Flop
Seat 8: Al_pkr_plyr (big blind) showed [Qs Ac] and won ($1.17) with two pair, Queens and Sixes
Seat 9: The Monst11 folded before Flop (didn't bet)



PokerStars Hand #237285758689:  Hold'em No Limit ($0.01/$0.02 USD) - 2022/07/10 16:47:32 PT [2022/07/10 19:47:32 ET]
Table 'Tarka III' 9-max Seat #7 is the button
Seat 2: SkyDutra ($3.61 in chips) 
Seat 3: LeandroAku ($1.94 in chips) 
Seat 4: Dudusever ($2.56 in chips) 
Seat 5: Dorex2007 ($2 in chips) 
Seat 6: Monster Pony ($4.39 in chips) 
Seat 7: RosemontTony ($0.64 in chips) 
Seat 8: Al_pkr_plyr ($3.15 in chips) 
Seat 9: The Monst11 ($0.57 in chips) 
Al_pkr_plyr: posts small blind $0.01
The Monst11: posts big blind $0.02
*** HOLE CARDS ***
Dealt to Dorex2007 [Qs 4d]
SkyDutra: raises $0.02 to $0.04
LeandroAku: folds 
Dudusever: folds 
Dorex2007: folds 
Monster Pony: folds 
RosemontTony: folds 
Al_pkr_plyr: folds 
The Monst11: raises $0.10 to $0.14
SkyDutra: folds 
Uncalled bet ($0.10) returned to The Monst11
The Monst11 collected $0.09 from pot
*** SUMMARY ***
Total pot $0.09 | Rake $0 
Seat 2: SkyDutra folded before Flop
Seat 3: LeandroAku folded before Flop (didn't bet)
Seat 4: Dudusever folded before Flop (didn't bet)
Seat 5: Dorex2007 folded before Flop (didn't bet)
Seat 6: Monster Pony folded before Flop (didn't bet)
Seat 7: RosemontTony (button) folded before Flop (didn't bet)
Seat 8: Al_pkr_plyr (small blind) folded before Flop
Seat 9: The Monst11 (big blind) collected ($0.09)



PokerStars Hand #237285765727:  Hold'em No Limit ($0.01/$0.02 USD) - 2022/07/10 16:48:01 PT [2022/07/10 19:48:01 ET]
Table 'Tarka III' 9-max Seat #8 is the button
Seat 1: XSarks ($2 in chips) 
Seat 2: SkyDutra ($3.57 in chips) 
Seat 3: LeandroAku ($1.94 in chips) 
Seat 4: Dudusever ($2.56 in chips) 
Seat 5: Dorex2007 ($2 in chips) 
Seat 6: Monster Pony ($4.39 in chips) 
Seat 7: RosemontTony ($0.64 in chips) 
Seat 8: Al_pkr_plyr ($3.14 in chips) 
Seat 9: The Monst11 ($0.62 in chips) 
The Monst11: posts small blind $0.01
XSarks: posts big blind $0.02
*** HOLE CARDS ***
Dealt to Dorex2007 [Ac Jc]
SkyDutra: folds 
LeandroAku: folds 
Dudusever: folds 
Dorex2007: raises $0.04 to $0.06
Monster Pony: folds 
RosemontTony: folds 
Al_pkr_plyr: folds 
The Monst11: folds 
XSarks: calls $0.04
*** FLOP *** [Kh 9d 7s]
XSarks: bets $0.06
Dorex2007: folds 
Uncalled bet ($0.06) returned to XSarks
XSarks collected $0.13 from pot
*** SUMMARY ***
Total pot $0.13 | Rake $0 
Board [Kh 9d 7s]
Seat 1: XSarks (big blind) collected ($0.13)
Seat 2: SkyDutra folded before Flop (didn't bet)
Seat 3: LeandroAku folded before Flop (didn't bet)
Seat 4: Dudusever folded before Flop (didn't bet)
Seat 5: Dorex2007 folded on the Flop
Seat 6: Monster Pony folded before Flop (didn't bet)
Seat 7: RosemontTony folded before Flop (didn't bet)
Seat 8: Al_pkr_plyr (button) folded before Flop (didn't bet)
Seat 9: The Monst11 (small blind) folded before Flop



PokerStars Hand #237285773197:  Hold'em No Limit ($0.01/$0.02 USD) - 2022/07/10 16:48:32 PT [2022/07/10 19:48:32 ET]
Table 'Tarka III' 9-max Seat #9 is the button
Seat 1: XSarks ($2.07 in chips) 
Seat 2: SkyDutra ($3.57 in chips) 
Seat 3: LeandroAku ($1.94 in chips) 
Seat 4: Dudusever ($2.56 in chips) 
Seat 5: Dorex2007 ($2 in chips) 
Seat 6: Monster Pony ($4.39 in chips) 
Seat 7: RosemontTony ($0.64 in chips) 
Seat 8: Al_pkr_plyr ($3.14 in chips) 
Seat 9: The Monst11 ($0.61 in chips) 
XSarks: posts small blind $0.01
SkyDutra: posts big blind $0.02
*** HOLE CARDS ***
Dealt to Dorex2007 [Th 7s]
LeandroAku: folds 
Dudusever: folds 
Dorex2007: folds 
Monster Pony: calls $0.02
RosemontTony has timed out
RosemontTony: folds 
Al_pkr_plyr: folds 
The Monst11: folds 
XSarks: raises $0.04 to $0.06
SkyDutra: folds 
Monster Pony: calls $0.04
*** FLOP *** [9d 7h Tc]
XSarks: bets $0.10
Monster Pony: calls $0.10
*** TURN *** [9d 7h Tc] [Jh]
XSarks: bets $0.10
Monster Pony: calls $0.10
*** RIVER *** [9d 7h Tc Jh] [8h]
XSarks: bets $0.10
Monster Pony: calls $0.10
*** SHOW DOWN ***
XSarks: shows [Ah Jc] (a straight, Seven to Jack)
Monster Pony: shows [9c As] (a straight, Seven to Jack)
XSarks collected $0.36 from pot
Monster Pony collected $0.35 from pot
*** SUMMARY ***
Total pot $0.74 | Rake $0.03 
Board [9d 7h Tc Jh 8h]
Seat 1: XSarks (small blind) showed [Ah Jc] and won ($0.36) with a straight, Seven to Jack
Seat 2: SkyDutra (big blind) folded before Flop
Seat 3: LeandroAku folded before Flop (didn't bet)
Seat 4: Dudusever folded before Flop (didn't bet)
Seat 5: Dorex2007 folded before Flop (didn't bet)
Seat 6: Monster Pony showed [9c As] and won ($0.35) with a straight, Seven to Jack
Seat 7: RosemontTony folded before Flop (didn't bet)
Seat 8: Al_pkr_plyr folded before Flop (didn't bet)
Seat 9: The Monst11 (button) folded before Flop (didn't bet)



PokerStars Hand #237285787384:  Hold'em No Limit ($0.01/$0.02 USD) - 2022/07/10 16:49:30 PT [2022/07/10 19:49:30 ET]
Table 'Tarka III' 9-max Seat #1 is the button
Seat 1: XSarks ($2.07 in chips) 
Seat 2: SkyDutra ($3.55 in chips) 
Seat 3: LeandroAku ($1.94 in chips) 
Seat 4: Dudusever ($2.56 in chips) 
Seat 5: Dorex2007 ($2 in chips) 
Seat 6: Monster Pony ($4.38 in chips) 
Seat 7: RosemontTony ($0.64 in chips) 
Seat 8: Al_pkr_plyr ($3.14 in chips) 
Seat 9: The Monst11 ($0.61 in chips) 
SkyDutra: posts small blind $0.01
LeandroAku: posts big blind $0.02
*** HOLE CARDS ***
Dealt to Dorex2007 [Qh 3c]
Dudusever: folds 
Dorex2007 has timed out
Dorex2007: folds 
Monster Pony: calls $0.02
RosemontTony: folds 
Al_pkr_plyr: folds 
The Monst11: folds 
XSarks: folds 
SkyDutra: raises $0.02 to $0.04
LeandroAku: folds 
Monster Pony: calls $0.02
*** FLOP *** [8d 5h 8h]
SkyDutra: bets $0.06
Monster Pony: calls $0.06
*** TURN *** [8d 5h 8h] [Kh]
SkyDutra: bets $0.12
Monster Pony: folds 
Uncalled bet ($0.12) returned to SkyDutra
SkyDutra collected $0.21 from pot
*** SUMMARY ***
Total pot $0.22 | Rake $0.01 
Board [8d 5h 8h Kh]
Seat 1: XSarks (button) folded before Flop (didn't bet)
Seat 2: SkyDutra (small blind) collected ($0.21)
Seat 3: LeandroAku (big blind) folded before Flop
Seat 4: Dudusever folded before Flop (didn't bet)
Seat 5: Dorex2007 folded before Flop (didn't bet)
Seat 6: Monster Pony folded on the Turn
Seat 7: RosemontTony folded before Flop (didn't bet)
Seat 8: Al_pkr_plyr folded before Flop (didn't bet)
Seat 9: The Monst11 folded before Flop (didn't bet)



PokerStars Hand #237285799791:  Hold'em No Limit ($0.01/$0.02 USD) - 2022/07/10 16:50:22 PT [2022/07/10 19:50:22 ET]
Table 'Tarka III' 9-max Seat #2 is the button
Seat 1: XSarks ($2.07 in chips) 
Seat 2: SkyDutra ($3.66 in chips) 
Seat 3: LeandroAku ($1.92 in chips) 
Seat 4: Dudusever ($2.56 in chips) 
Seat 5: Dorex2007 ($2 in chips) 
Seat 6: Monster Pony ($4.28 in chips) 
Seat 7: RosemontTony ($0.64 in chips) 
Seat 8: Al_pkr_plyr ($3.14 in chips) 
Seat 9: The Monst11 ($0.61 in chips) 
LeandroAku: posts small blind $0.01
Dudusever: posts big blind $0.02
*** HOLE CARDS ***
Dealt to Dorex2007 [Ad 2h]
Dorex2007 has timed out
Dorex2007: folds 
Monster Pony: folds 
RosemontTony: folds 
Al_pkr_plyr: raises $0.04 to $0.06
The Monst11: folds 
XSarks: folds 
SkyDutra: folds 
LeandroAku: folds 
Dudusever: calls $0.04
*** FLOP *** [4s 5c 5s]
Dudusever: checks 
Al_pkr_plyr: bets $0.06
Dudusever: calls $0.06
*** TURN *** [4s 5c 5s] [Qh]
Dudusever: checks 
Al_pkr_plyr: bets $0.12
Dudusever: folds 
Uncalled bet ($0.12) returned to Al_pkr_plyr
Al_pkr_plyr collected $0.24 from pot
*** SUMMARY ***
Total pot $0.25 | Rake $0.01 
Board [4s 5c 5s Qh]
Seat 1: XSarks folded before Flop (didn't bet)
Seat 2: SkyDutra (button) folded before Flop (didn't bet)
Seat 3: LeandroAku (small blind) folded before Flop
Seat 4: Dudusever (big blind) folded on the Turn
Seat 5: Dorex2007 folded before Flop (didn't bet)
Seat 6: Monster Pony folded before Flop (didn't bet)
Seat 7: RosemontTony folded before Flop (didn't bet)
Seat 8: Al_pkr_plyr collected ($0.24)
Seat 9: The Monst11 folded before Flop (didn't bet)



PokerStars Hand #237285811733:  Hold'em No Limit ($0.01/$0.02 USD) - 2022/07/10 16:51:11 PT [2022/07/10 19:51:11 ET]
Table 'Tarka III' 9-max Seat #3 is the button
Seat 1: XSarks ($2.07 in chips) 
Seat 2: SkyDutra ($3.66 in chips) 
Seat 3: LeandroAku ($1.91 in chips) 
Seat 4: Dudusever ($2.44 in chips) 
Seat 5: Dorex2007 ($2 in chips) 
Seat 6: Monster Pony ($4.28 in chips) 
Seat 7: RosemontTony ($0.64 in chips) 
Seat 8: Al_pkr_plyr ($3.26 in chips) 
Seat 9: The Monst11 ($0.61 in chips) 
Dudusever: posts small blind $0.01
Dorex2007: posts big blind $0.02
*** HOLE CARDS ***
Dealt to Dorex2007 [6d Kd]
Monster Pony: folds 
RosemontTony: folds 
Al_pkr_plyr: raises $0.04 to $0.06
The Monst11: folds 
XSarks: folds 
SkyDutra: folds 
LeandroAku: folds 
Dudusever: folds 
Dorex2007: calls $0.04
*** FLOP *** [8d Tc Ad]
Dorex2007: bets $0.09
Al_pkr_plyr: folds 
Uncalled bet ($0.09) returned to Dorex2007
Dorex2007 collected $0.13 from pot
*** SUMMARY ***
Total pot $0.13 | Rake $0 
Board [8d Tc Ad]
Seat 1: XSarks folded before Flop (didn't bet)
Seat 2: SkyDutra folded before Flop (didn't bet)
Seat 3: LeandroAku (button) folded before Flop (didn't bet)
Seat 4: Dudusever (small blind) folded before Flop
Seat 5: Dorex2007 (big blind) collected ($0.13)
Seat 6: Monster Pony folded before Flop (didn't bet)
Seat 7: RosemontTony folded before Flop (didn't bet)
Seat 8: Al_pkr_plyr folded on the Flop
Seat 9: The Monst11 folded before Flop (didn't bet)



PokerStars Hand #237285821742:  Hold'em No Limit ($0.01/$0.02 USD) - 2022/07/10 16:51:52 PT [2022/07/10 19:51:52 ET]
Table 'Tarka III' 9-max Seat #4 is the button
Seat 1: XSarks ($2.07 in chips) 
Seat 2: SkyDutra ($3.66 in chips) 
Seat 3: LeandroAku ($1.91 in chips) 
Seat 4: Dudusever ($2.43 in chips) 
Seat 5: Dorex2007 ($2.07 in chips) 
Seat 6: Monster Pony ($4.28 in chips) 
Seat 7: RosemontTony ($0.64 in chips) 
Seat 8: Al_pkr_plyr ($3.20 in chips) 
Seat 9: The Monst11 ($0.61 in chips) 
Dorex2007: posts small blind $0.01
Monster Pony: posts big blind $0.02
*** HOLE CARDS ***
Dealt to Dorex2007 [6d 2d]
RosemontTony: raises $0.04 to $0.06
Al_pkr_plyr: folds 
The Monst11: folds 
XSarks: folds 
SkyDutra: folds 
LeandroAku: folds 
Dudusever: calls $0.06
Dorex2007: folds 
Monster Pony: calls $0.04
*** FLOP *** [Ah 5c 2c]
Monster Pony: checks 
RosemontTony: bets $0.12
Dudusever: calls $0.12
Monster Pony: raises $0.12 to $0.24
RosemontTony: folds 
Dudusever: folds 
Uncalled bet ($0.12) returned to Monster Pony
Monster Pony collected $0.53 from pot
*** SUMMARY ***
Total pot $0.55 | Rake $0.02 
Board [Ah 5c 2c]
Seat 1: XSarks folded before Flop (didn't bet)
Seat 2: SkyDutra folded before Flop (didn't bet)
Seat 3: LeandroAku folded before Flop (didn't bet)
Seat 4: Dudusever (button) folded on the Flop
Seat 5: Dorex2007 (small blind) folded before Flop
Seat 6: Monster Pony (big blind) collected ($0.53)
Seat 7: RosemontTony folded on the Flop
Seat 8: Al_pkr_plyr folded before Flop (didn't bet)
Seat 9: The Monst11 folded before Flop (didn't bet)



PokerStars Hand #237285839110:  Hold'em No Limit ($0.01/$0.02 USD) - 2022/07/10 16:53:04 PT [2022/07/10 19:53:04 ET]
Table 'Tarka III' 9-max Seat #5 is the button
Seat 1: XSarks ($2.07 in chips) 
Seat 2: SkyDutra ($3.66 in chips) 
Seat 3: LeandroAku ($1.91 in chips) 
Seat 4: Dudusever ($2.25 in chips) 
Seat 5: Dorex2007 ($2.06 in chips) 
Seat 6: Monster Pony ($4.63 in chips) 
Seat 7: RosemontTony ($0.46 in chips) 
Seat 8: Al_pkr_plyr ($3.20 in chips) 
Seat 9: The Monst11 ($0.61 in chips) 
Monster Pony: posts small blind $0.01
RosemontTony: posts big blind $0.02
*** HOLE CARDS ***
Dealt to Dorex2007 [4h Ad]
Al_pkr_plyr: folds 
The Monst11: folds 
XSarks: folds 
SkyDutra: raises $0.02 to $0.04
LeandroAku: folds 
Dudusever: folds 
Dorex2007: folds 
Monster Pony: folds 
RosemontTony: calls $0.02
*** FLOP *** [As Ah Kh]
RosemontTony: bets $0.09
SkyDutra: folds 
Uncalled bet ($0.09) returned to RosemontTony
RosemontTony collected $0.09 from pot
*** SUMMARY ***
Total pot $0.09 | Rake $0 
Board [As Ah Kh]
Seat 1: XSarks folded before Flop (didn't bet)
Seat 2: SkyDutra folded on the Flop
Seat 3: LeandroAku folded before Flop (didn't bet)
Seat 4: Dudusever folded before Flop (didn't bet)
Seat 5: Dorex2007 (button) folded before Flop (didn't bet)
Seat 6: Monster Pony (small blind) folded before Flop
Seat 7: RosemontTony (big blind) collected ($0.09)
Seat 8: Al_pkr_plyr folded before Flop (didn't bet)
Seat 9: The Monst11 folded before Flop (didn't bet)



PokerStars Hand #237285845892:  Hold'em No Limit ($0.01/$0.02 USD) - 2022/07/10 16:53:32 PT [2022/07/10 19:53:32 ET]
Table 'Tarka III' 9-max Seat #6 is the button
Seat 1: XSarks ($2.07 in chips) 
Seat 2: SkyDutra ($3.62 in chips) 
Seat 3: LeandroAku ($1.91 in chips) 
Seat 4: Dudusever ($2.25 in chips) 
Seat 5: Dorex2007 ($2.06 in chips) 
Seat 6: Monster Pony ($4.62 in chips) 
Seat 7: RosemontTony ($0.51 in chips) 
Seat 8: Al_pkr_plyr ($3.20 in chips) 
Seat 9: The Monst11 ($0.61 in chips) 
RosemontTony: posts small blind $0.01
Al_pkr_plyr: posts big blind $0.02
*** HOLE CARDS ***
Dealt to Dorex2007 [Jd 8h]
The Monst11: folds 
XSarks: calls $0.02
SkyDutra: folds 
LeandroAku: folds 
Dudusever: folds 
Dorex2007: folds 
Monster Pony: folds 
RosemontTony: folds 
Al_pkr_plyr: checks 
*** FLOP *** [9c Qh 3h]
Al_pkr_plyr: checks 
XSarks: checks 
*** TURN *** [9c Qh 3h] [3c]
Al_pkr_plyr: checks 
XSarks: bets $0.06
Al_pkr_plyr: calls $0.06
*** RIVER *** [9c Qh 3h 3c] [3d]
Al_pkr_plyr: bets $0.12
XSarks: calls $0.12
*** SHOW DOWN ***
Al_pkr_plyr: shows [Kc 7c] (three of a kind, Threes)
XSarks: shows [As Kd] (three of a kind, Threes - Ace kicker)
XSarks collected $0.40 from pot
*** SUMMARY ***
Total pot $0.41 | Rake $0.01 
Board [9c Qh 3h 3c 3d]
Seat 1: XSarks showed [As Kd] and won ($0.40) with three of a kind, Threes
Seat 2: SkyDutra folded before Flop (didn't bet)
Seat 3: LeandroAku folded before Flop (didn't bet)
Seat 4: Dudusever folded before Flop (didn't bet)
Seat 5: Dorex2007 folded before Flop (didn't bet)
Seat 6: Monster Pony (button) folded before Flop (didn't bet)
Seat 7: RosemontTony (small blind) folded before Flop
Seat 8: Al_pkr_plyr (big blind) showed [Kc 7c] and lost with three of a kind, Threes
Seat 9: The Monst11 folded before Flop (didn't bet)



PokerStars Hand #237285859876:  Hold'em No Limit ($0.01/$0.02 USD) - 2022/07/10 16:54:30 PT [2022/07/10 19:54:30 ET]
Table 'Tarka III' 9-max Seat #7 is the button
Seat 1: XSarks ($2.27 in chips) 
Seat 2: SkyDutra ($3.62 in chips) 
Seat 3: LeandroAku ($1.91 in chips) 
Seat 4: Dudusever ($2.25 in chips) 
Seat 5: Dorex2007 ($2.06 in chips) 
Seat 6: Monster Pony ($4.62 in chips) 
Seat 7: RosemontTony ($0.50 in chips) 
Seat 8: Al_pkr_plyr ($3 in chips) 
Seat 9: The Monst11 ($0.61 in chips) 
Al_pkr_plyr: posts small blind $0.01
The Monst11: posts big blind $0.02
*** HOLE CARDS ***
Dealt to Dorex2007 [Qd 5s]
XSarks: folds 
SkyDutra: raises $0.02 to $0.04
LeandroAku: folds 
Dudusever: folds 
Dorex2007: folds 
Monster Pony: folds 
RosemontTony: folds 
Al_pkr_plyr: raises $0.12 to $0.16
The Monst11: folds 
SkyDutra: folds 
Uncalled bet ($0.12) returned to Al_pkr_plyr
Al_pkr_plyr collected $0.10 from pot
*** SUMMARY ***
Total pot $0.10 | Rake $0 
Seat 1: XSarks folded before Flop (didn't bet)
Seat 2: SkyDutra folded before Flop
Seat 3: LeandroAku folded before Flop (didn't bet)
Seat 4: Dudusever folded before Flop (didn't bet)
Seat 5: Dorex2007 folded before Flop (didn't bet)
Seat 6: Monster Pony folded before Flop (didn't bet)
Seat 7: RosemontTony (button) folded before Flop (didn't bet)
Seat 8: Al_pkr_plyr (small blind) collected ($0.10)
Seat 9: The Monst11 (big blind) folded before Flop



PokerStars Hand #237285868748:  Hold'em No Limit ($0.01/$0.02 USD) - 2022/07/10 16:55:07 PT [2022/07/10 19:55:07 ET]
Table 'Tarka III' 9-max Seat #8 is the button
Seat 1: XSarks ($2.27 in chips) 
Seat 2: SkyDutra ($3.58 in chips) 
Seat 3: LeandroAku ($1.91 in chips) 
Seat 4: Dudusever ($2.25 in chips) 
Seat 5: Dorex2007 ($2.06 in chips) 
Seat 6: Monster Pony ($4.62 in chips) 
Seat 7: RosemontTony ($0.50 in chips) 
Seat 8: Al_pkr_plyr ($3.06 in chips) 
Seat 9: The Monst11 ($0.59 in chips) 
The Monst11: posts small blind $0.01
XSarks: posts big blind $0.02
*** HOLE CARDS ***
Dealt to Dorex2007 [Jd 4c]
SkyDutra: folds 
LeandroAku: folds 
Dudusever: raises $0.04 to $0.06
Dorex2007: folds 
Monster Pony: folds 
RosemontTony: folds 
Al_pkr_plyr: folds 
The Monst11: calls $0.05
XSarks: calls $0.04
*** FLOP *** [5c 7s 2s]
The Monst11: checks 
XSarks: checks 
Dudusever: bets $0.08
The Monst11: raises $0.08 to $0.16
XSarks: folds 
Dudusever: calls $0.08
*** TURN *** [5c 7s 2s] [4h]
The Monst11: bets $0.37 and is all-in
Dudusever: calls $0.37
*** RIVER *** [5c 7s 2s 4h] [2h]
*** SHOW DOWN ***
The Monst11: shows [4s Qs] (two pair, Fours and Deuces)
Dudusever: shows [Kd Ah] (a pair of Deuces)
The Monst11 cashed out the hand for $1 | Cash Out Fee $0.01
*** SUMMARY ***
Total pot $1.24 | Rake $0.04 
Board [5c 7s 2s 4h 2h]
Seat 1: XSarks (big blind) folded on the Flop
Seat 2: SkyDutra folded before Flop (didn't bet)
Seat 3: LeandroAku folded before Flop (didn't bet)
Seat 4: Dudusever showed [Kd Ah] and lost with a pair of Deuces
Seat 5: Dorex2007 folded before Flop (didn't bet)
Seat 6: Monster Pony folded before Flop (didn't bet)
Seat 7: RosemontTony folded before Flop (didn't bet)
Seat 8: Al_pkr_plyr (button) folded before Flop (didn't bet)
Seat 9: The Monst11 (small blind) showed [4s Qs] and won ($1.20) with two pair, Fours and Deuces (pot not awarded as player cashed out)



PokerStars Hand #237285879576:  Hold'em No Limit ($0.01/$0.02 USD) - 2022/07/10 16:56:03 PT [2022/07/10 19:56:03 ET]
Table 'Tarka III' 9-max Seat #9 is the button
Seat 1: XSarks ($2.21 in chips) 
Seat 2: SkyDutra ($3.58 in chips) 
Seat 3: LeandroAku ($1.91 in chips) 
Seat 4: Dudusever ($1.66 in chips) 
Seat 5: Dorex2007 ($2.06 in chips) 
Seat 6: Monster Pony ($4.62 in chips) 
Seat 7: RosemontTony ($0.50 in chips) 
Seat 8: Al_pkr_plyr ($3.06 in chips) 
Seat 9: The Monst11 ($1 in chips) 
XSarks: posts small blind $0.01
SkyDutra: posts big blind $0.02
*** HOLE CARDS ***
Dealt to Dorex2007 [Ks Qc]
LeandroAku: folds 
Dudusever: folds 
Dorex2007: raises $0.02 to $0.04
Monster Pony: folds 
RosemontTony has timed out
RosemontTony: folds 
Al_pkr_plyr: folds 
The Monst11: calls $0.04
XSarks: calls $0.03
SkyDutra: folds 
*** FLOP *** [Qs As Qh]
XSarks: checks 
Dorex2007: checks 
The Monst11: checks 
*** TURN *** [Qs As Qh] [4c]
XSarks: bets $0.08
Dorex2007: calls $0.08
The Monst11: calls $0.08
*** RIVER *** [Qs As Qh 4c] [Th]
XSarks: bets $0.08
Dorex2007: calls $0.08
The Monst11: folds 
*** SHOW DOWN ***
XSarks: shows [4h 6d] (two pair, Queens and Fours)
Dorex2007: shows [Ks Qc] (three of a kind, Queens)
Dorex2007 collected $0.52 from pot
*** SUMMARY ***
Total pot $0.54 | Rake $0.02 
Board [Qs As Qh 4c Th]
Seat 1: XSarks (small blind) showed [4h 6d] and lost with two pair, Queens and Fours
Seat 2: SkyDutra (big blind) folded before Flop
Seat 3: LeandroAku folded before Flop (didn't bet)
Seat 4: Dudusever folded before Flop (didn't bet)
Seat 5: Dorex2007 showed [Ks Qc] and won ($0.52) with three of a kind, Queens
Seat 6: Monster Pony folded before Flop (didn't bet)
Seat 7: RosemontTony folded before Flop (didn't bet)
Seat 8: Al_pkr_plyr folded before Flop (didn't bet)
Seat 9: The Monst11 (button) folded on the River



PokerStars Hand #237285893686:  Hold'em No Limit ($0.01/$0.02 USD) - 2022/07/10 16:57:16 PT [2022/07/10 19:57:16 ET]
Table 'Tarka III' 9-max Seat #1 is the button
Seat 1: XSarks ($2.01 in chips) 
Seat 2: SkyDutra ($3.56 in chips) 
Seat 3: LeandroAku ($1.91 in chips) 
Seat 4: Dudusever ($2 in chips) 
Seat 5: Dorex2007 ($2.38 in chips) 
Seat 6: Monster Pony ($4.62 in chips) 
Seat 8: Al_pkr_plyr ($3.06 in chips) 
Seat 9: The Monst11 ($0.88 in chips) 
SkyDutra: posts small blind $0.01
LeandroAku: posts big blind $0.02
*** HOLE CARDS ***
Dealt to Dorex2007 [Qd 8h]
Dudusever: folds 
Dorex2007: folds 
Monster Pony: calls $0.02
Al_pkr_plyr: folds 
The Monst11: folds 
XSarks: folds 
SkyDutra: raises $0.04 to $0.06
LeandroAku: folds 
Monster Pony: calls $0.04
*** FLOP *** [Ad As 5h]
SkyDutra: bets $0.06
Monster Pony: folds 
Uncalled bet ($0.06) returned to SkyDutra
SkyDutra collected $0.14 from pot
*** SUMMARY ***
Total pot $0.14 | Rake $0 
Board [Ad As 5h]
Seat 1: XSarks (button) folded before Flop (didn't bet)
Seat 2: SkyDutra (small blind) collected ($0.14)
Seat 3: LeandroAku (big blind) folded before Flop
Seat 4: Dudusever folded before Flop (didn't bet)
Seat 5: Dorex2007 folded before Flop (didn't bet)
Seat 6: Monster Pony folded on the Flop
Seat 8: Al_pkr_plyr folded before Flop (didn't bet)
Seat 9: The Monst11 folded before Flop (didn't bet)



PokerStars Hand #237285902170:  Hold'em No Limit ($0.01/$0.02 USD) - 2022/07/10 16:58:00 PT [2022/07/10 19:58:00 ET]
Table 'Tarka III' 9-max Seat #2 is the button
Seat 1: XSarks ($2.01 in chips) 
Seat 2: SkyDutra ($3.64 in chips) 
Seat 3: LeandroAku ($1.89 in chips) 
Seat 4: Dudusever ($2 in chips) 
Seat 5: Dorex2007 ($2.38 in chips) 
Seat 6: Monster Pony ($4.56 in chips) 
Seat 7: RosemontTony ($0.50 in chips) 
Seat 8: Al_pkr_plyr ($3.06 in chips) 
Seat 9: The Monst11 ($0.88 in chips) 
LeandroAku: posts small blind $0.01
Dudusever: posts big blind $0.02
*** HOLE CARDS ***
Dealt to Dorex2007 [8s Kh]
Dorex2007: folds 
Monster Pony: calls $0.02
RosemontTony: folds 
Al_pkr_plyr: raises $0.06 to $0.08
The Monst11: folds 
XSarks: folds 
SkyDutra: folds 
LeandroAku: folds 
Dudusever: folds 
Monster Pony: calls $0.06
*** FLOP *** [8c Kc Ac]
Monster Pony: checks 
Al_pkr_plyr: bets $0.09
Monster Pony: folds 
Uncalled bet ($0.09) returned to Al_pkr_plyr
Al_pkr_plyr collected $0.18 from pot
*** SUMMARY ***
Total pot $0.19 | Rake $0.01 
Board [8c Kc Ac]
Seat 1: XSarks folded before Flop (didn't bet)
Seat 2: SkyDutra (button) folded before Flop (didn't bet)
Seat 3: LeandroAku (small blind) folded before Flop
Seat 4: Dudusever (big blind) folded before Flop
Seat 5: Dorex2007 folded before Flop (didn't bet)
Seat 6: Monster Pony folded on the Flop
Seat 7: RosemontTony folded before Flop (didn't bet)
Seat 8: Al_pkr_plyr collected ($0.18)
Seat 9: The Monst11 folded before Flop (didn't bet)



PokerStars Hand #237285911408:  Hold'em No Limit ($0.01/$0.02 USD) - 2022/07/10 16:58:49 PT [2022/07/10 19:58:49 ET]
Table 'Tarka III' 9-max Seat #3 is the button
Seat 1: XSarks ($2.01 in chips) 
Seat 2: SkyDutra ($3.64 in chips) 
Seat 3: LeandroAku ($1.88 in chips) 
Seat 4: Dudusever ($1.98 in chips) 
Seat 5: Dorex2007 ($2.38 in chips) 
Seat 6: Monster Pony ($4.48 in chips) 
Seat 7: RosemontTony ($0.50 in chips) 
Seat 8: Al_pkr_plyr ($3.16 in chips) 
Seat 9: The Monst11 ($0.88 in chips) 
Dudusever: posts small blind $0.01
Dorex2007: posts big blind $0.02
*** HOLE CARDS ***
Dealt to Dorex2007 [4s 8h]
Monster Pony: folds 
RosemontTony: folds 
Al_pkr_plyr: folds 
The Monst11: folds 
XSarks: folds 
SkyDutra: raises $0.02 to $0.04
LeandroAku: folds 
Dudusever: calls $0.03
Dorex2007: folds 
*** FLOP *** [As 3c 9h]
Dudusever: checks 
SkyDutra: checks 
*** TURN *** [As 3c 9h] [Jh]
Dudusever: checks 
SkyDutra: checks 
*** RIVER *** [As 3c 9h Jh] [Qc]
Dudusever: bets $0.08
SkyDutra: calls $0.08
*** SHOW DOWN ***
Dudusever: shows [Qh Ts] (a pair of Queens)
SkyDutra: mucks hand 
Dudusever collected $0.25 from pot
*** SUMMARY ***
Total pot $0.26 | Rake $0.01 
Board [As 3c 9h Jh Qc]
Seat 1: XSarks folded before Flop (didn't bet)
Seat 2: SkyDutra mucked [Qs 8d]
Seat 3: LeandroAku (button) folded before Flop (didn't bet)
Seat 4: Dudusever (small blind) showed [Qh Ts] and won ($0.25) with a pair of Queens
Seat 5: Dorex2007 (big blind) folded before Flop
Seat 6: Monster Pony folded before Flop (didn't bet)
Seat 7: RosemontTony folded before Flop (didn't bet)
Seat 8: Al_pkr_plyr folded before Flop (didn't bet)
Seat 9: The Monst11 folded before Flop (didn't bet)



PokerStars Hand #237285918368:  Hold'em No Limit ($0.01/$0.02 USD) - 2022/07/10 16:59:25 PT [2022/07/10 19:59:25 ET]
Table 'Tarka III' 9-max Seat #4 is the button
Seat 1: XSarks ($2.01 in chips) 
Seat 2: SkyDutra ($3.52 in chips) 
Seat 3: LeandroAku ($1.88 in chips) 
Seat 4: Dudusever ($2.11 in chips) 
Seat 5: Dorex2007 ($2.36 in chips) 
Seat 6: Monster Pony ($4.48 in chips) 
Seat 7: RosemontTony ($0.50 in chips) 
Seat 8: Al_pkr_plyr ($3.16 in chips) 
Seat 9: The Monst11 ($0.88 in chips) 
Dorex2007: posts small blind $0.01
Monster Pony: posts big blind $0.02
*** HOLE CARDS ***
Dealt to Dorex2007 [4d 3h]
RosemontTony: folds 
Al_pkr_plyr: folds 
The Monst11: folds 
XSarks: folds 
RosemontTony leaves the table
SkyDutra: raises $0.02 to $0.04
LeandroAku: folds 
Dudusever: raises $0.12 to $0.16
Dorex2007: folds 
Monster Pony: folds 
SkyDutra: folds 
Uncalled bet ($0.12) returned to Dudusever
Dudusever collected $0.11 from pot
*** SUMMARY ***
Total pot $0.11 | Rake $0 
Seat 1: XSarks folded before Flop (didn't bet)
Seat 2: SkyDutra folded before Flop
Seat 3: LeandroAku folded before Flop (didn't bet)
Seat 4: Dudusever (button) collected ($0.11)
Seat 5: Dorex2007 (small blind) folded before Flop
Seat 6: Monster Pony (big blind) folded before Flop
Seat 7: RosemontTony folded before Flop (didn't bet)
Seat 8: Al_pkr_plyr folded before Flop (didn't bet)
Seat 9: The Monst11 folded before Flop (didn't bet)



PokerStars Hand #237285925027:  Hold'em No Limit ($0.01/$0.02 USD) - 2022/07/10 16:59:59 PT [2022/07/10 19:59:59 ET]
Table 'Tarka III' 9-max Seat #5 is the button
Seat 1: XSarks ($2.01 in chips) 
Seat 2: SkyDutra ($3.48 in chips) 
Seat 3: LeandroAku ($1.88 in chips) 
Seat 4: Dudusever ($2.18 in chips) 
Seat 5: Dorex2007 ($2.35 in chips) 
Seat 6: Monster Pony ($4.46 in chips) 
Seat 8: Al_pkr_plyr ($3.16 in chips) 
Seat 9: The Monst11 ($0.88 in chips) 
Monster Pony: posts small blind $0.01
Al_pkr_plyr: posts big blind $0.02
*** HOLE CARDS ***
Dealt to Dorex2007 [9h 9c]
The Monst11: folds 
XSarks: folds 
SkyDutra: raises $0.02 to $0.04
greybishop99 joins the table at seat #7 
LeandroAku: raises $0.08 to $0.12
Dudusever: calls $0.12
Dorex2007: folds 
Monster Pony: folds 
Al_pkr_plyr: folds 
SkyDutra: calls $0.08
*** FLOP *** [8s 5d 4d]
SkyDutra: checks 
LeandroAku: bets $0.19
Dudusever: folds 
SkyDutra: calls $0.19
*** TURN *** [8s 5d 4d] [6h]
SkyDutra: checks 
LeandroAku: bets $0.37
SkyDutra: raises $1.99 to $2.36
LeandroAku: folds 
Uncalled bet ($1.99) returned to SkyDutra
SkyDutra collected $1.46 from pot
*** SUMMARY ***
Total pot $1.51 | Rake $0.05 
Board [8s 5d 4d 6h]
Seat 1: XSarks folded before Flop (didn't bet)
Seat 2: SkyDutra collected ($1.46)
Seat 3: LeandroAku folded on the Turn
Seat 4: Dudusever folded on the Flop
Seat 5: Dorex2007 (button) folded before Flop (didn't bet)
Seat 6: Monster Pony (small blind) folded before Flop
Seat 8: Al_pkr_plyr (big blind) folded before Flop
Seat 9: The Monst11 folded before Flop (didn't bet)



PokerStars Hand #237285943108:  Hold'em No Limit ($0.01/$0.02 USD) - 2022/07/10 17:01:21 PT [2022/07/10 20:01:21 ET]
Table 'Tarka III' 9-max Seat #6 is the button
Seat 1: XSarks ($2.01 in chips) 
Seat 2: SkyDutra ($4.26 in chips) 
Seat 3: LeandroAku ($1.20 in chips) 
Seat 4: Dudusever ($2.06 in chips) 
Seat 5: Dorex2007 ($2.35 in chips) 
Seat 6: Monster Pony ($4.45 in chips) 
Seat 8: Al_pkr_plyr ($3.14 in chips) 
Seat 9: The Monst11 ($0.88 in chips) 
Al_pkr_plyr: posts small blind $0.01
The Monst11: posts big blind $0.02
*** HOLE CARDS ***
Dealt to Dorex2007 [2h 9s]
XSarks: folds 
SkyDutra: folds 
LeandroAku: calls $0.02
Dudusever: folds 
Dorex2007: folds 
Monster Pony: calls $0.02
Al_pkr_plyr: folds 
The Monst11: checks 
*** FLOP *** [5d 3h 2d]
The Monst11: checks 
LeandroAku: checks 
Monster Pony: checks 
*** TURN *** [5d 3h 2d] [Jd]
The Monst11: checks 
LeandroAku: checks 
Monster Pony: bets $0.07
The Monst11: folds 
LeandroAku: folds 
Uncalled bet ($0.07) returned to Monster Pony
Monster Pony collected $0.07 from pot
*** SUMMARY ***
Total pot $0.07 | Rake $0 
Board [5d 3h 2d Jd]
Seat 1: XSarks folded before Flop (didn't bet)
Seat 2: SkyDutra folded before Flop (didn't bet)
Seat 3: LeandroAku folded on the Turn
Seat 4: Dudusever folded before Flop (didn't bet)
Seat 5: Dorex2007 folded before Flop (didn't bet)
Seat 6: Monster Pony (button) collected ($0.07)
Seat 8: Al_pkr_plyr (small blind) folded before Flop
Seat 9: The Monst11 (big blind) folded on the Turn



PokerStars Hand #237285954889:  Hold'em No Limit ($0.01/$0.02 USD) - 2022/07/10 17:02:12 PT [2022/07/10 20:02:12 ET]
Table 'Tarka III' 9-max Seat #8 is the button
Seat 1: XSarks ($2.01 in chips) 
Seat 2: SkyDutra ($4.26 in chips) 
Seat 3: LeandroAku ($1.18 in chips) 
Seat 4: Dudusever ($2.06 in chips) 
Seat 5: Dorex2007 ($2.35 in chips) 
Seat 6: Monster Pony ($4.50 in chips) 
Seat 7: greybishop99 ($2 in chips) 
Seat 8: Al_pkr_plyr ($3.13 in chips) 
Seat 9: The Monst11 ($0.86 in chips) 
The Monst11: posts small blind $0.01
XSarks: posts big blind $0.02
greybishop99: posts big blind $0.02
*** HOLE CARDS ***
Dealt to Dorex2007 [2c Kd]
SkyDutra: folds 
LeandroAku: folds 
Dudusever: folds 
Dorex2007: folds 
Monster Pony: folds 
greybishop99: checks 
Al_pkr_plyr: folds 
The Monst11: folds 
XSarks: checks 
*** FLOP *** [4s As 5d]
XSarks: checks 
greybishop99: checks 
*** TURN *** [4s As 5d] [Js]
XSarks: bets $0.02
greybishop99: calls $0.02
*** RIVER *** [4s As 5d Js] [Ts]
XSarks: bets $0.02
greybishop99: calls $0.02
*** SHOW DOWN ***
XSarks: shows [5s Qc] (a flush, Ace high)
greybishop99: mucks hand 
XSarks collected $0.13 from pot
*** SUMMARY ***
Total pot $0.13 | Rake $0 
Board [4s As 5d Js Ts]
Seat 1: XSarks (big blind) showed [5s Qc] and won ($0.13) with a flush, Ace high
Seat 2: SkyDutra folded before Flop (didn't bet)
Seat 3: LeandroAku folded before Flop (didn't bet)
Seat 4: Dudusever folded before Flop (didn't bet)
Seat 5: Dorex2007 folded before Flop (didn't bet)
Seat 6: Monster Pony folded before Flop (didn't bet)
Seat 7: greybishop99 mucked [2s Qd]
Seat 8: Al_pkr_plyr (button) folded before Flop (didn't bet)
Seat 9: The Monst11 (small blind) folded before Flop



PokerStars Hand #237285963731:  Hold'em No Limit ($0.01/$0.02 USD) - 2022/07/10 17:02:50 PT [2022/07/10 20:02:50 ET]
Table 'Tarka III' 9-max Seat #9 is the button
Seat 1: XSarks ($2.08 in chips) 
Seat 2: SkyDutra ($4.26 in chips) 
Seat 3: LeandroAku ($1.18 in chips) 
Seat 4: Dudusever ($2.06 in chips) 
Seat 5: Dorex2007 ($2.35 in chips) 
Seat 6: Monster Pony ($4.50 in chips) 
Seat 7: greybishop99 ($1.94 in chips) 
Seat 8: Al_pkr_plyr ($3.13 in chips) 
Seat 9: The Monst11 ($0.85 in chips) 
XSarks: posts small blind $0.01
SkyDutra: posts big blind $0.02
*** HOLE CARDS ***
Dealt to Dorex2007 [Kh 8s]
LeandroAku: folds 
Dudusever: folds 
Dorex2007: folds 
Monster Pony: calls $0.02
greybishop99: folds 
Al_pkr_plyr: folds 
The Monst11: raises $0.06 to $0.08
XSarks: calls $0.07
SkyDutra: folds 
Monster Pony: calls $0.06
*** FLOP *** [7d Kc 4d]
XSarks: bets $0.20
Monster Pony: folds 
The Monst11: folds 
Uncalled bet ($0.20) returned to XSarks
XSarks collected $0.25 from pot
*** SUMMARY ***
Total pot $0.26 | Rake $0.01 
Board [7d Kc 4d]
Seat 1: XSarks (small blind) collected ($0.25)
Seat 2: SkyDutra (big blind) folded before Flop
Seat 3: LeandroAku folded before Flop (didn't bet)
Seat 4: Dudusever folded before Flop (didn't bet)
Seat 5: Dorex2007 folded before Flop (didn't bet)
Seat 6: Monster Pony folded on the Flop
Seat 7: greybishop99 folded before Flop (didn't bet)
Seat 8: Al_pkr_plyr folded before Flop (didn't bet)
Seat 9: The Monst11 (button) folded on the Flop



PokerStars Hand #237285976225:  Hold'em No Limit ($0.01/$0.02 USD) - 2022/07/10 17:03:42 PT [2022/07/10 20:03:42 ET]
Table 'Tarka III' 9-max Seat #1 is the button
Seat 1: XSarks ($2.25 in chips) 
Seat 2: SkyDutra ($4.24 in chips) 
Seat 3: LeandroAku ($1.18 in chips) 
Seat 4: Dudusever ($2.06 in chips) 
Seat 5: Dorex2007 ($2.35 in chips) 
Seat 6: Monster Pony ($4.42 in chips) 
Seat 7: greybishop99 ($1.94 in chips) 
Seat 8: Al_pkr_plyr ($3.13 in chips) 
Seat 9: The Monst11 ($0.77 in chips) 
SkyDutra: posts small blind $0.01
LeandroAku: posts big blind $0.02
*** HOLE CARDS ***
Dealt to Dorex2007 [Qh 3c]
Dudusever: folds 
Dorex2007: folds 
Monster Pony: folds 
greybishop99: folds 
Al_pkr_plyr: folds 
The Monst11: folds 
XSarks: folds 
SkyDutra: raises $0.04 to $0.06
LeandroAku: folds 
Uncalled bet ($0.04) returned to SkyDutra
SkyDutra collected $0.04 from pot
*** SUMMARY ***
Total pot $0.04 | Rake $0 
Seat 1: XSarks (button) folded before Flop (didn't bet)
Seat 2: SkyDutra (small blind) collected ($0.04)
Seat 3: LeandroAku (big blind) folded before Flop
Seat 4: Dudusever folded before Flop (didn't bet)
Seat 5: Dorex2007 folded before Flop (didn't bet)
Seat 6: Monster Pony folded before Flop (didn't bet)
Seat 7: greybishop99 folded before Flop (didn't bet)
Seat 8: Al_pkr_plyr folded before Flop (didn't bet)
Seat 9: The Monst11 folded before Flop (didn't bet)



PokerStars Hand #237285983896:  Hold'em No Limit ($0.01/$0.02 USD) - 2022/07/10 17:04:05 PT [2022/07/10 20:04:05 ET]
Table 'Tarka III' 9-max Seat #2 is the button
Seat 1: XSarks ($2.25 in chips) 
Seat 2: SkyDutra ($4.26 in chips) 
Seat 3: LeandroAku ($1.16 in chips) 
Seat 5: Dorex2007 ($2.35 in chips) 
Seat 6: Monster Pony ($4.42 in chips) 
Seat 7: greybishop99 ($1.94 in chips) 
Seat 8: Al_pkr_plyr ($3.13 in chips) 
Seat 9: The Monst11 ($0.77 in chips) 
LeandroAku: posts small blind $0.01
Dudusever: is sitting out 
Dorex2007: posts big blind $0.02
*** HOLE CARDS ***
Dealt to Dorex2007 [Jd 8h]
Monster Pony: folds 
greybishop99: raises $0.05 to $0.07
Al_pkr_plyr: calls $0.07
The Monst11: calls $0.07
XSarks: folds 
SkyDutra: folds 
LeandroAku: folds 
Dorex2007: folds 
*** FLOP *** [Qd 5c 2h]
greybishop99: checks 
Al_pkr_plyr: checks 
The Monst11: checks 
*** TURN *** [Qd 5c 2h] [Qs]
greybishop99: checks 
Al_pkr_plyr: bets $0.11
The Monst11: calls $0.11
greybishop99: folds 
*** RIVER *** [Qd 5c 2h Qs] [Th]
Al_pkr_plyr: checks 
The Monst11: checks 
*** SHOW DOWN ***
Al_pkr_plyr: shows [8c 8d] (two pair, Queens and Eights)
The Monst11: mucks hand 
Al_pkr_plyr collected $0.44 from pot
*** SUMMARY ***
Total pot $0.46 | Rake $0.02 
Board [Qd 5c 2h Qs Th]
Seat 1: XSarks folded before Flop (didn't bet)
Seat 2: SkyDutra (button) folded before Flop (didn't bet)
Seat 3: LeandroAku (small blind) folded before Flop
Seat 5: Dorex2007 (big blind) folded before Flop
Seat 6: Monster Pony folded before Flop (didn't bet)
Seat 7: greybishop99 folded on the Turn
Seat 8: Al_pkr_plyr showed [8c 8d] and won ($0.44) with two pair, Queens and Eights
Seat 9: The Monst11 mucked [4c 4s]



PokerStars Hand #237286001290:  Hold'em No Limit ($0.01/$0.02 USD) - 2022/07/10 17:05:18 PT [2022/07/10 20:05:18 ET]
Table 'Tarka III' 9-max Seat #3 is the button
Seat 1: XSarks ($2.25 in chips) 
Seat 2: SkyDutra ($4.26 in chips) 
Seat 3: LeandroAku ($1.15 in chips) 
Seat 5: Dorex2007 ($2.33 in chips) 
Seat 6: Monster Pony ($4.42 in chips) 
Seat 7: greybishop99 ($1.87 in chips) 
Seat 8: Al_pkr_plyr ($3.39 in chips) 
Seat 9: The Monst11 ($0.59 in chips) 
Dorex2007: posts small blind $0.01
Monster Pony: posts big blind $0.02
*** HOLE CARDS ***
Dealt to Dorex2007 [9d 9h]
greybishop99: calls $0.02
Al_pkr_plyr: folds 
The Monst11: folds 
XSarks: raises $0.18 to $0.20
SkyDutra: folds 
LeandroAku: folds 
Dorex2007: folds 
Monster Pony: folds 
greybishop99: folds 
Uncalled bet ($0.18) returned to XSarks
XSarks collected $0.07 from pot
*** SUMMARY ***
Total pot $0.07 | Rake $0 
Seat 1: XSarks collected ($0.07)
Seat 2: SkyDutra folded before Flop (didn't bet)
Seat 3: LeandroAku (button) folded before Flop (didn't bet)
Seat 5: Dorex2007 (small blind) folded before Flop
Seat 6: Monster Pony (big blind) folded before Flop
Seat 7: greybishop99 folded before Flop
Seat 8: Al_pkr_plyr folded before Flop (didn't bet)
Seat 9: The Monst11 folded before Flop (didn't bet)



PokerStars Hand #237286008250:  Hold'em No Limit ($0.01/$0.02 USD) - 2022/07/10 17:05:47 PT [2022/07/10 20:05:47 ET]
Table 'Tarka III' 9-max Seat #5 is the button
Seat 1: XSarks ($2.30 in chips) 
Seat 2: SkyDutra ($4.26 in chips) 
Seat 3: LeandroAku ($1.15 in chips) 
Seat 4: Dudusever ($2.06 in chips) 
Seat 5: Dorex2007 ($2.32 in chips) 
Seat 6: Monster Pony ($4.40 in chips) 
Seat 7: greybishop99 ($1.85 in chips) 
Seat 8: Al_pkr_plyr ($3.39 in chips) 
Seat 9: The Monst11 ($0.59 in chips) 
Monster Pony: posts small blind $0.01
greybishop99: posts big blind $0.02
Dudusever: posts small & big blinds $0.03
*** HOLE CARDS ***
Dealt to Dorex2007 [Tc As]
Al_pkr_plyr: folds 
The Monst11: folds 
XSarks: calls $0.02
SkyDutra: raises $0.02 to $0.04
LeandroAku: folds 
Dudusever: calls $0.02
Dorex2007: folds 
Monster Pony: calls $0.03
greybishop99: calls $0.02
XSarks: calls $0.02
*** FLOP *** [7c 6s 3d]
Monster Pony: checks 
greybishop99: checks 
XSarks: checks 
SkyDutra: checks 
Dudusever: checks 
*** TURN *** [7c 6s 3d] [2h]
Monster Pony: checks 
greybishop99: checks 
XSarks: checks 
SkyDutra: checks 
Dudusever: checks 
*** RIVER *** [7c 6s 3d 2h] [2s]
Monster Pony: bets $0.14
greybishop99: folds 
XSarks: folds 
SkyDutra: folds 
Dudusever: calls $0.14
*** SHOW DOWN ***
Monster Pony: shows [3c 3h] (a full house, Threes full of Deuces)
Dudusever: mucks hand 
Monster Pony collected $0.47 from pot
*** SUMMARY ***
Total pot $0.49 | Rake $0.02 
Board [7c 6s 3d 2h 2s]
Seat 1: XSarks folded on the River
Seat 2: SkyDutra folded on the River
Seat 3: LeandroAku folded before Flop (didn't bet)
Seat 4: Dudusever mucked [Ah 6h]
Seat 5: Dorex2007 (button) folded before Flop (didn't bet)
Seat 6: Monster Pony (small blind) showed [3c 3h] and won ($0.47) with a full house, Threes full of Deuces
Seat 7: greybishop99 (big blind) folded on the River
Seat 8: Al_pkr_plyr folded before Flop (didn't bet)
Seat 9: The Monst11 folded before Flop (didn't bet)



PokerStars Hand #237286040018:  Hold'em No Limit ($0.01/$0.02 USD) - 2022/07/10 17:07:49 PT [2022/07/10 20:07:49 ET]
Table 'Tarka III' 9-max Seat #6 is the button
Seat 1: XSarks ($2.26 in chips) 
Seat 2: SkyDutra ($4.22 in chips) 
Seat 3: LeandroAku ($2 in chips) 
Seat 4: Dudusever ($1.87 in chips) 
Seat 5: Dorex2007 ($2.32 in chips) 
Seat 6: Monster Pony ($4.69 in chips) 
Seat 7: greybishop99 ($1.81 in chips) 
Seat 8: Al_pkr_plyr ($3.39 in chips) 
Seat 9: The Monst11 ($0.59 in chips) 
greybishop99: posts small blind $0.01
Al_pkr_plyr: posts big blind $0.02
*** HOLE CARDS ***
Dealt to Dorex2007 [9c Ad]
The Monst11: calls $0.02
XSarks: folds 
SkyDutra: folds 
LeandroAku: folds 
Dudusever: raises $0.04 to $0.06
Dorex2007: folds 
Monster Pony: folds 
greybishop99: folds 
Al_pkr_plyr: folds 
The Monst11: calls $0.04
*** FLOP *** [4s Ks 8d]
The Monst11: checks 
Dudusever: checks 
*** TURN *** [4s Ks 8d] [Th]
The Monst11: bets $0.04
Dudusever: calls $0.04
*** RIVER *** [4s Ks 8d Th] [2d]
The Monst11: checks 
Dudusever: bets $0.17
The Monst11: calls $0.17
*** SHOW DOWN ***
Dudusever: shows [9s Td] (a pair of Tens)
The Monst11: mucks hand 
Dudusever collected $0.55 from pot
*** SUMMARY ***
Total pot $0.57 | Rake $0.02 
Board [4s Ks 8d Th 2d]
Seat 1: XSarks folded before Flop (didn't bet)
Seat 2: SkyDutra folded before Flop (didn't bet)
Seat 3: LeandroAku folded before Flop (didn't bet)
Seat 4: Dudusever showed [9s Td] and won ($0.55) with a pair of Tens
Seat 5: Dorex2007 folded before Flop (didn't bet)
Seat 6: Monster Pony (button) folded before Flop (didn't bet)
Seat 7: greybishop99 (small blind) folded before Flop
Seat 8: Al_pkr_plyr (big blind) folded before Flop
Seat 9: The Monst11 mucked [7c Tc]



PokerStars Hand #237286061350:  Hold'em No Limit ($0.01/$0.02 USD) - 2022/07/10 17:08:43 PT [2022/07/10 20:08:43 ET]
Table 'Tarka III' 9-max Seat #7 is the button
Seat 1: XSarks ($2.26 in chips) 
Seat 2: SkyDutra ($4.22 in chips) 
Seat 3: LeandroAku ($2 in chips) 
Seat 4: Dudusever ($2.15 in chips) 
Seat 5: Dorex2007 ($2.32 in chips) 
Seat 6: Monster Pony ($4.69 in chips) 
Seat 7: greybishop99 ($1.80 in chips) 
Seat 8: Al_pkr_plyr ($3.37 in chips) 
Seat 9: The Monst11 ($0.32 in chips) 
Al_pkr_plyr: posts small blind $0.01
The Monst11: posts big blind $0.02
*** HOLE CARDS ***
Dealt to Dorex2007 [9d Qd]
XSarks: calls $0.02
SkyDutra: folds 
LeandroAku: folds 
Dudusever: folds 
Dorex2007: folds 
Monster Pony: folds 
greybishop99: calls $0.02
Al_pkr_plyr: folds 
The Monst11: checks 
*** FLOP *** [4h 4s 5h]
The Monst11: checks 
XSarks: bets $0.04
greybishop99: folds 
The Monst11: calls $0.04
*** TURN *** [4h 4s 5h] [8d]
The Monst11: checks 
XSarks: checks 
*** RIVER *** [4h 4s 5h 8d] [Qc]
The Monst11: checks 
XSarks: checks 
*** SHOW DOWN ***
The Monst11: shows [2h 3d] (a pair of Fours)
XSarks: shows [Ah 2c] (a pair of Fours - Ace kicker)
XSarks collected $0.14 from pot
*** SUMMARY ***
Total pot $0.15 | Rake $0.01 
Board [4h 4s 5h 8d Qc]
Seat 1: XSarks showed [Ah 2c] and won ($0.14) with a pair of Fours
Seat 2: SkyDutra folded before Flop (didn't bet)
Seat 3: LeandroAku folded before Flop (didn't bet)
Seat 4: Dudusever folded before Flop (didn't bet)
Seat 5: Dorex2007 folded before Flop (didn't bet)
Seat 6: Monster Pony folded before Flop (didn't bet)
Seat 7: greybishop99 (button) folded on the Flop
Seat 8: Al_pkr_plyr (small blind) folded before Flop
Seat 9: The Monst11 (big blind) showed [2h 3d] and lost with a pair of Fours



PokerStars Hand #237286071330:  Hold'em No Limit ($0.01/$0.02 USD) - 2022/07/10 17:09:25 PT [2022/07/10 20:09:25 ET]
Table 'Tarka III' 9-max Seat #8 is the button
Seat 1: XSarks ($2.34 in chips) 
Seat 2: SkyDutra ($4.22 in chips) 
Seat 3: LeandroAku ($2 in chips) 
Seat 4: Dudusever ($2.15 in chips) 
Seat 5: Dorex2007 ($2.32 in chips) 
Seat 6: Monster Pony ($4.69 in chips) 
Seat 7: greybishop99 ($1.78 in chips) 
Seat 8: Al_pkr_plyr ($3.36 in chips) 
Seat 9: The Monst11 ($0.26 in chips) 
The Monst11: posts small blind $0.01
XSarks: posts big blind $0.02
*** HOLE CARDS ***
Dealt to Dorex2007 [9s 8c]
SkyDutra: folds 
SkyDutra leaves the table
LeandroAku: raises $0.04 to $0.06
Dudusever: folds 
Dorex2007: folds 
Monster Pony: folds 
greybishop99: folds 
Al_pkr_plyr: folds 
The Monst11: folds 
XSarks: calls $0.04
*** FLOP *** [Kd Qd 2s]
XSarks: checks 
LeandroAku: checks 
*** TURN *** [Kd Qd 2s] [Kc]
XSarks: checks 
mohaka 22 joins the table at seat #2 
LeandroAku: bets $0.07
XSarks: calls $0.07
*** RIVER *** [Kd Qd 2s Kc] [9h]
XSarks: checks 
LeandroAku: bets $0.07
XSarks: raises $0.11 to $0.18
LeandroAku: calls $0.11
*** SHOW DOWN ***
XSarks: shows [4d Ks] (three of a kind, Kings)
LeandroAku: mucks hand 
XSarks collected $0.61 from pot
*** SUMMARY ***
Total pot $0.63 | Rake $0.02 
Board [Kd Qd 2s Kc 9h]
Seat 1: XSarks (big blind) showed [4d Ks] and won ($0.61) with three of a kind, Kings
Seat 2: SkyDutra folded before Flop (didn't bet)
Seat 3: LeandroAku mucked [Jh Js]
Seat 4: Dudusever folded before Flop (didn't bet)
Seat 5: Dorex2007 folded before Flop (didn't bet)
Seat 6: Monster Pony folded before Flop (didn't bet)
Seat 7: greybishop99 folded before Flop (didn't bet)
Seat 8: Al_pkr_plyr (button) folded before Flop (didn't bet)
Seat 9: The Monst11 (small blind) folded before Flop



PokerStars Hand #237286082977:  Hold'em No Limit ($0.01/$0.02 USD) - 2022/07/10 17:10:16 PT [2022/07/10 20:10:16 ET]
Table 'Tarka III' 9-max Seat #9 is the button
Seat 1: XSarks ($2.64 in chips) 
Seat 2: mohaka 22 ($2 in chips) 
Seat 3: LeandroAku ($1.69 in chips) 
Seat 4: Dudusever ($2.15 in chips) 
Seat 5: Dorex2007 ($2.32 in chips) 
Seat 6: Monster Pony ($4.69 in chips) 
Seat 7: greybishop99 ($1.78 in chips) 
Seat 8: Al_pkr_plyr ($3.36 in chips) 
Seat 9: The Monst11 ($0.25 in chips) 
XSarks: posts small blind $0.01
mohaka 22: posts big blind $0.02
*** HOLE CARDS ***
Dealt to Dorex2007 [4d Jc]
LeandroAku: folds 
Dudusever: folds 
Dorex2007: folds 
Monster Pony: calls $0.02
greybishop99: folds 
Al_pkr_plyr: folds 
The Monst11: folds 
XSarks: calls $0.01
mohaka 22: checks 
*** FLOP *** [7h Ks Jd]
XSarks: bets $0.10
mohaka 22: folds 
Monster Pony: folds 
Uncalled bet ($0.10) returned to XSarks
XSarks collected $0.06 from pot
*** SUMMARY ***
Total pot $0.06 | Rake $0 
Board [7h Ks Jd]
Seat 1: XSarks (small blind) collected ($0.06)
Seat 2: mohaka 22 (big blind) folded on the Flop
Seat 3: LeandroAku folded before Flop (didn't bet)
Seat 4: Dudusever folded before Flop (didn't bet)
Seat 5: Dorex2007 folded before Flop (didn't bet)
Seat 6: Monster Pony folded on the Flop
Seat 7: greybishop99 folded before Flop (didn't bet)
Seat 8: Al_pkr_plyr folded before Flop (didn't bet)
Seat 9: The Monst11 (button) folded before Flop (didn't bet)



PokerStars Hand #237286091322:  Hold'em No Limit ($0.01/$0.02 USD) - 2022/07/10 17:10:51 PT [2022/07/10 20:10:51 ET]
Table 'Tarka III' 9-max Seat #1 is the button
Seat 1: XSarks ($2.68 in chips) 
Seat 2: mohaka 22 ($1.98 in chips) 
Seat 3: LeandroAku ($2 in chips) 
Seat 4: Dudusever ($2.15 in chips) 
Seat 5: Dorex2007 ($2.32 in chips) 
Seat 6: Monster Pony ($4.67 in chips) 
Seat 7: greybishop99 ($1.78 in chips) 
Seat 8: Al_pkr_plyr ($3.36 in chips) 
Seat 9: The Monst11 ($0.25 in chips) 
mohaka 22: posts small blind $0.01
LeandroAku: posts big blind $0.02
*** HOLE CARDS ***
Dealt to Dorex2007 [7h 2h]
Dudusever: folds 
Dorex2007: folds 
Monster Pony: calls $0.02
greybishop99: calls $0.02
Al_pkr_plyr: raises $0.08 to $0.10
The Monst11: folds 
XSarks: folds 
mohaka 22: calls $0.09
LeandroAku: folds 
Monster Pony: calls $0.08
greybishop99: calls $0.08
*** FLOP *** [Tc Jh 8d]
mohaka 22: checks 
Monster Pony: checks 
greybishop99: bets $0.20
Al_pkr_plyr: folds 
mohaka 22: folds 
Monster Pony: calls $0.20
*** TURN *** [Tc Jh 8d] [Ks]
Monster Pony: checks 
greybishop99: bets $0.39
Monster Pony: raises $1.57 to $1.96
greybishop99: calls $1.09 and is all-in
Uncalled bet ($0.48) returned to Monster Pony
*** RIVER *** [Tc Jh 8d Ks] [Ad]
*** SHOW DOWN ***
Monster Pony: shows [Kc Jc] (two pair, Kings and Jacks)
greybishop99: shows [Qh 9c] (a straight, Ten to Ace)
greybishop99 collected $3.65 from pot
*** SUMMARY ***
Total pot $3.78 | Rake $0.13 
Board [Tc Jh 8d Ks Ad]
Seat 1: XSarks (button) folded before Flop (didn't bet)
Seat 2: mohaka 22 (small blind) folded on the Flop
Seat 3: LeandroAku (big blind) folded before Flop
Seat 4: Dudusever folded before Flop (didn't bet)
Seat 5: Dorex2007 folded before Flop (didn't bet)
Seat 6: Monster Pony showed [Kc Jc] and lost with two pair, Kings and Jacks
Seat 7: greybishop99 showed [Qh 9c] and won ($3.65) with a straight, Ten to Ace
Seat 8: Al_pkr_plyr folded on the Flop
Seat 9: The Monst11 folded before Flop (didn't bet)



PokerStars Hand #237286109516:  Hold'em No Limit ($0.01/$0.02 USD) - 2022/07/10 17:12:10 PT [2022/07/10 20:12:10 ET]
Table 'Tarka III' 9-max Seat #2 is the button
Seat 1: XSarks ($2.68 in chips) 
Seat 2: mohaka 22 ($1.88 in chips) 
Seat 3: LeandroAku ($1.98 in chips) 
Seat 4: Dudusever ($2.15 in chips) 
Seat 5: Dorex2007 ($2.32 in chips) 
Seat 6: Monster Pony ($2.89 in chips) 
Seat 7: greybishop99 ($3.65 in chips) 
Seat 8: Al_pkr_plyr ($3.26 in chips) 
Seat 9: The Monst11 ($0.25 in chips) 
LeandroAku: posts small blind $0.01
Dudusever: posts big blind $0.02
*** HOLE CARDS ***
Dealt to Dorex2007 [5c 6s]
Dorex2007: folds 
Monster Pony: folds 
greybishop99: folds 
Al_pkr_plyr: folds 
The Monst11: calls $0.02
XSarks: calls $0.02
mohaka 22: folds 
LeandroAku: folds 
Dudusever: checks 
*** FLOP *** [Qc Th 9c]
Dudusever: bets $0.03
The Monst11: folds 
XSarks: calls $0.03
*** TURN *** [Qc Th 9c] [Jh]
Dudusever: bets $0.06
XSarks: calls $0.06
*** RIVER *** [Qc Th 9c Jh] [8d]
Dudusever: checks 
XSarks: bets $0.22
Dudusever: calls $0.22
*** SHOW DOWN ***
XSarks: shows [5h 5s] (a straight, Eight to Queen)
Dudusever: shows [9d Qd] (a straight, Eight to Queen)
Dudusever collected $0.34 from pot
XSarks collected $0.33 from pot
*** SUMMARY ***
Total pot $0.69 | Rake $0.02 
Board [Qc Th 9c Jh 8d]
Seat 1: XSarks showed [5h 5s] and won ($0.33) with a straight, Eight to Queen
Seat 2: mohaka 22 (button) folded before Flop (didn't bet)
Seat 3: LeandroAku (small blind) folded before Flop
Seat 4: Dudusever (big blind) showed [9d Qd] and won ($0.34) with a straight, Eight to Queen
Seat 5: Dorex2007 folded before Flop (didn't bet)
Seat 6: Monster Pony folded before Flop (didn't bet)
Seat 7: greybishop99 folded before Flop (didn't bet)
Seat 8: Al_pkr_plyr folded before Flop (didn't bet)
Seat 9: The Monst11 folded on the Flop



PokerStars Hand #237286119705:  Hold'em No Limit ($0.01/$0.02 USD) - 2022/07/10 17:12:54 PT [2022/07/10 20:12:54 ET]
Table 'Tarka III' 9-max Seat #3 is the button
Seat 1: XSarks ($2.68 in chips) 
Seat 2: mohaka 22 ($1.88 in chips) 
Seat 3: LeandroAku ($1.97 in chips) 
Seat 4: Dudusever ($2.16 in chips) 
Seat 5: Dorex2007 ($2.32 in chips) 
Seat 6: Monster Pony ($2.89 in chips) 
Seat 7: greybishop99 ($3.65 in chips) 
Seat 8: Al_pkr_plyr ($3.26 in chips) 
Seat 9: The Monst11 ($0.23 in chips) 
Dudusever: posts small blind $0.01
Dorex2007: posts big blind $0.02
*** HOLE CARDS ***
Dealt to Dorex2007 [8c 7h]
Monster Pony: folds 
greybishop99: calls $0.02
Al_pkr_plyr: folds 
The Monst11: folds 
XSarks: folds 
mohaka 22: folds 
LeandroAku: folds 
Dudusever: raises $0.06 to $0.08
Dorex2007: folds 
greybishop99: calls $0.06
*** FLOP *** [5d As Ah]
Dudusever: checks 
greybishop99: checks 
*** TURN *** [5d As Ah] [7c]
Dudusever: bets $0.08
greybishop99: calls $0.08
*** RIVER *** [5d As Ah 7c] [6h]
Dudusever: checks 
greybishop99: bets $0.16
Dudusever: folds 
Uncalled bet ($0.16) returned to greybishop99
greybishop99 collected $0.33 from pot
*** SUMMARY ***
Total pot $0.34 | Rake $0.01 
Board [5d As Ah 7c 6h]
Seat 1: XSarks folded before Flop (didn't bet)
Seat 2: mohaka 22 folded before Flop (didn't bet)
Seat 3: LeandroAku (button) folded before Flop (didn't bet)
Seat 4: Dudusever (small blind) folded on the River
Seat 5: Dorex2007 (big blind) folded before Flop
Seat 6: Monster Pony folded before Flop (didn't bet)
Seat 7: greybishop99 collected ($0.33)
Seat 8: Al_pkr_plyr folded before Flop (didn't bet)
Seat 9: The Monst11 folded before Flop (didn't bet)



PokerStars Hand #237286136320:  Hold'em No Limit ($0.01/$0.02 USD) - 2022/07/10 17:14:06 PT [2022/07/10 20:14:06 ET]
Table 'Tarka III' 9-max Seat #4 is the button
Seat 1: XSarks ($2.68 in chips) 
Seat 2: mohaka 22 ($1.88 in chips) 
Seat 3: LeandroAku ($1.97 in chips) 
Seat 4: Dudusever ($2 in chips) 
Seat 5: Dorex2007 ($2.30 in chips) 
Seat 6: Monster Pony ($2.89 in chips) 
Seat 7: greybishop99 ($3.82 in chips) 
Seat 8: Al_pkr_plyr ($3.26 in chips) 
Seat 9: The Monst11 ($0.23 in chips) 
Dorex2007: posts small blind $0.01
Monster Pony: posts big blind $0.02
*** HOLE CARDS ***
Dealt to Dorex2007 [5c Jh]
greybishop99: calls $0.02
Al_pkr_plyr: folds 
The Monst11: calls $0.02
XSarks: calls $0.02
mohaka 22: calls $0.02
LeandroAku: folds 
Dudusever: folds 
Dorex2007: folds 
Monster Pony: checks 
*** FLOP *** [4c Qh 5s]
Monster Pony: checks 
greybishop99: checks 
The Monst11: bets $0.21 and is all-in
XSarks: calls $0.21
mohaka 22: folds 
Monster Pony: folds 
greybishop99: folds 
*** TURN *** [4c Qh 5s] [7d]
*** RIVER *** [4c Qh 5s 7d] [9h]
*** SHOW DOWN ***
The Monst11: shows [Tc Qs] (a pair of Queens)
XSarks: shows [Td Ts] (a pair of Tens)
The Monst11 cashed out the hand for $0.49
*** SUMMARY ***
Total pot $0.53 | Rake $0.02 
Board [4c Qh 5s 7d 9h]
Seat 1: XSarks showed [Td Ts] and lost with a pair of Tens
Seat 2: mohaka 22 folded on the Flop
Seat 3: LeandroAku folded before Flop (didn't bet)
Seat 4: Dudusever (button) folded before Flop (didn't bet)
Seat 5: Dorex2007 (small blind) folded before Flop
Seat 6: Monster Pony (big blind) folded on the Flop
Seat 7: greybishop99 folded on the Flop
Seat 8: Al_pkr_plyr folded before Flop (didn't bet)
Seat 9: The Monst11 showed [Tc Qs] and won ($0.51) with a pair of Queens (pot not awarded as player cashed out)



PokerStars Hand #237286152860:  Hold'em No Limit ($0.01/$0.02 USD) - 2022/07/10 17:15:18 PT [2022/07/10 20:15:18 ET]
Table 'Tarka III' 9-max Seat #5 is the button
Seat 1: XSarks ($2.45 in chips) 
Seat 2: mohaka 22 ($1.86 in chips) 
Seat 3: LeandroAku ($1.97 in chips) 
Seat 4: Dudusever ($2 in chips) 
Seat 5: Dorex2007 ($2.29 in chips) 
Seat 6: Monster Pony ($2.87 in chips) 
Seat 7: greybishop99 ($3.80 in chips) 
Seat 8: Al_pkr_plyr ($3.26 in chips) 
Seat 9: The Monst11 ($0.49 in chips) 
Monster Pony: posts small blind $0.01
greybishop99: posts big blind $0.02
*** HOLE CARDS ***
Dealt to Dorex2007 [2d 2c]
Al_pkr_plyr: folds 
The Monst11: folds 
XSarks: calls $0.02
mohaka 22: folds 
LeandroAku: folds 
Dudusever: folds 
Dorex2007 has timed out
Dorex2007: folds 
Monster Pony: folds 
greybishop99: raises $0.02 to $0.04
XSarks: calls $0.02
*** FLOP *** [2h 2s Kc]
greybishop99: checks 
XSarks: checks 
*** TURN *** [2h 2s Kc] [6c]
greybishop99: checks 
XSarks: bets $0.02
greybishop99: folds 
Uncalled bet ($0.02) returned to XSarks
XSarks collected $0.09 from pot
*** SUMMARY ***
Total pot $0.09 | Rake $0 
Board [2h 2s Kc 6c]
Seat 1: XSarks collected ($0.09)
Seat 2: mohaka 22 folded before Flop (didn't bet)
Seat 3: LeandroAku folded before Flop (didn't bet)
Seat 4: Dudusever folded before Flop (didn't bet)
Seat 5: Dorex2007 (button) folded before Flop (didn't bet)
Seat 6: Monster Pony (small blind) folded before Flop
Seat 7: greybishop99 (big blind) folded on the Turn
Seat 8: Al_pkr_plyr folded before Flop (didn't bet)
Seat 9: The Monst11 folded before Flop (didn't bet)



PokerStars Hand #237286163075:  Hold'em No Limit ($0.01/$0.02 USD) - 2022/07/10 17:16:02 PT [2022/07/10 20:16:02 ET]
Table 'Tarka III' 9-max Seat #6 is the button
Seat 1: XSarks ($2.50 in chips) 
Seat 2: mohaka 22 ($1.86 in chips) 
Seat 3: LeandroAku ($1.97 in chips) 
Seat 4: Dudusever ($2 in chips) 
Seat 5: Dorex2007 ($2.29 in chips) 
Seat 6: Monster Pony ($2.86 in chips) 
Seat 7: greybishop99 ($3.76 in chips) 
Seat 8: Al_pkr_plyr ($3.26 in chips) 
Seat 9: The Monst11 ($0.49 in chips) 
greybishop99: posts small blind $0.01
Al_pkr_plyr: posts big blind $0.02
*** HOLE CARDS ***
Dealt to Dorex2007 [Td Kc]
The Monst11: folds 
XSarks: calls $0.02
mohaka 22: folds 
LeandroAku: folds 
Dudusever: raises $0.06 to $0.08
Dorex2007: folds 
Monster Pony: folds 
greybishop99: folds 
Al_pkr_plyr: folds 
XSarks: folds 
Uncalled bet ($0.06) returned to Dudusever
Dudusever collected $0.07 from pot
*** SUMMARY ***
Total pot $0.07 | Rake $0 
Seat 1: XSarks folded before Flop
Seat 2: mohaka 22 folded before Flop (didn't bet)
Seat 3: LeandroAku folded before Flop (didn't bet)
Seat 4: Dudusever collected ($0.07)
Seat 5: Dorex2007 folded before Flop (didn't bet)
Seat 6: Monster Pony (button) folded before Flop (didn't bet)
Seat 7: greybishop99 (small blind) folded before Flop
Seat 8: Al_pkr_plyr (big blind) folded before Flop
Seat 9: The Monst11 folded before Flop (didn't bet)



PokerStars Hand #237286169457:  Hold'em No Limit ($0.01/$0.02 USD) - 2022/07/10 17:16:30 PT [2022/07/10 20:16:30 ET]
Table 'Tarka III' 9-max Seat #7 is the button
Seat 1: XSarks ($2.48 in chips) 
Seat 2: mohaka 22 ($1.86 in chips) 
Seat 3: LeandroAku ($1.97 in chips) 
Seat 4: Dudusever ($2.05 in chips) 
Seat 5: Dorex2007 ($2.29 in chips) 
Seat 6: Monster Pony ($2.86 in chips) 
Seat 7: greybishop99 ($3.75 in chips) 
Seat 8: Al_pkr_plyr ($3.24 in chips) 
Seat 9: The Monst11 ($0.49 in chips) 
Al_pkr_plyr: posts small blind $0.01
The Monst11: posts big blind $0.02
*** HOLE CARDS ***
Dealt to Dorex2007 [6c Qd]
XSarks: calls $0.02
mohaka 22: folds 
LeandroAku: folds 
Dudusever: folds 
Dorex2007: folds 
Monster Pony: calls $0.02
greybishop99: calls $0.02
Al_pkr_plyr: folds 
The Monst11: checks 
*** FLOP *** [Jd 8s Qh]
The Monst11: checks 
XSarks: bets $0.46
Monster Pony: folds 
greybishop99: folds 
The Monst11: folds 
Uncalled bet ($0.46) returned to XSarks
XSarks collected $0.09 from pot
*** SUMMARY ***
Total pot $0.09 | Rake $0 
Board [Jd 8s Qh]
Seat 1: XSarks collected ($0.09)
Seat 2: mohaka 22 folded before Flop (didn't bet)
Seat 3: LeandroAku folded before Flop (didn't bet)
Seat 4: Dudusever folded before Flop (didn't bet)
Seat 5: Dorex2007 folded before Flop (didn't bet)
Seat 6: Monster Pony folded on the Flop
Seat 7: greybishop99 (button) folded on the Flop
Seat 8: Al_pkr_plyr (small blind) folded before Flop
Seat 9: The Monst11 (big blind) folded on the Flop



PokerStars Hand #237286191225:  Hold'em No Limit ($0.01/$0.02 USD) - 2022/07/10 17:17:11 PT [2022/07/10 20:17:11 ET]
Table 'Tarka III' 9-max Seat #8 is the button
Seat 1: XSarks ($2.55 in chips) 
Seat 2: mohaka 22 ($1.86 in chips) 
Seat 3: LeandroAku ($1.97 in chips) 
Seat 4: Dudusever ($2.05 in chips) 
Seat 5: Dorex2007 ($2.29 in chips) 
Seat 6: Monster Pony ($2.84 in chips) 
Seat 7: greybishop99 ($3.73 in chips) 
Seat 8: Al_pkr_plyr ($3.23 in chips) 
Seat 9: The Monst11 ($0.47 in chips) 
The Monst11: posts small blind $0.01
XSarks: posts big blind $0.02
*** HOLE CARDS ***
Dealt to Dorex2007 [Td Qc]
mohaka 22: folds 
LeandroAku: folds 
Dudusever: folds 
Dorex2007: calls $0.02
Monster Pony: folds 
greybishop99: folds 
Al_pkr_plyr: folds 
The Monst11: calls $0.01
XSarks: checks 
*** FLOP *** [Kh 2h Ts]
The Monst11: bets $0.04
XSarks: folds 
Dorex2007: calls $0.04
*** TURN *** [Kh 2h Ts] [Jc]
The Monst11: bets $0.08
Dorex2007: folds 
Uncalled bet ($0.08) returned to The Monst11
The Monst11 collected $0.14 from pot
*** SUMMARY ***
Total pot $0.14 | Rake $0 
Board [Kh 2h Ts Jc]
Seat 1: XSarks (big blind) folded on the Flop
Seat 2: mohaka 22 folded before Flop (didn't bet)
Seat 3: LeandroAku folded before Flop (didn't bet)
Seat 4: Dudusever folded before Flop (didn't bet)
Seat 5: Dorex2007 folded on the Turn
Seat 6: Monster Pony folded before Flop (didn't bet)
Seat 7: greybishop99 folded before Flop (didn't bet)
Seat 8: Al_pkr_plyr (button) folded before Flop (didn't bet)
Seat 9: The Monst11 (small blind) collected ($0.14)



PokerStars Hand #237286198680:  Hold'em No Limit ($0.01/$0.02 USD) - 2022/07/10 17:17:44 PT [2022/07/10 20:17:44 ET]
Table 'Tarka III' 9-max Seat #9 is the button
Seat 1: XSarks ($2.53 in chips) 
Seat 2: mohaka 22 ($1.86 in chips) 
Seat 3: LeandroAku ($1.97 in chips) 
Seat 4: Dudusever ($2.05 in chips) 
Seat 5: Dorex2007 ($2.23 in chips) 
Seat 6: Monster Pony ($2.84 in chips) 
Seat 7: greybishop99 ($3.73 in chips) 
Seat 8: Al_pkr_plyr ($3.23 in chips) 
Seat 9: The Monst11 ($0.55 in chips) 
XSarks: posts small blind $0.01
mohaka 22: posts big blind $0.02
*** HOLE CARDS ***
Dealt to Dorex2007 [6s 2d]
LeandroAku: folds 
Dudusever: folds 
Dorex2007: folds 
Monster Pony: calls $0.02
greybishop99: calls $0.02
Al_pkr_plyr: folds 
The Monst11: folds 
XSarks: calls $0.01
mohaka 22: checks 
*** FLOP *** [8s 7c 5s]
XSarks: checks 
mohaka 22: checks 
Monster Pony: checks 
greybishop99: bets $0.08
XSarks: calls $0.08
mohaka 22: folds 
Monster Pony: calls $0.08
*** TURN *** [8s 7c 5s] [Ts]
XSarks: checks 
Monster Pony: checks 
greybishop99: bets $0.31
XSarks: calls $0.31
Monster Pony: calls $0.31
*** RIVER *** [8s 7c 5s Ts] [3d]
XSarks: checks 
Monster Pony: checks 
greybishop99: bets $0.60
XSarks: raises $1.52 to $2.12 and is all-in
Monster Pony: folds 
greybishop99: calls $1.52
*** SHOW DOWN ***
XSarks: shows [9d Js] (a straight, Seven to Jack)
greybishop99: shows [Th 8h] (two pair, Tens and Eights)
XSarks collected $5.30 from pot
*** SUMMARY ***
Total pot $5.49 | Rake $0.19 
Board [8s 7c 5s Ts 3d]
Seat 1: XSarks (small blind) showed [9d Js] and won ($5.30) with a straight, Seven to Jack
Seat 2: mohaka 22 (big blind) folded on the Flop
Seat 3: LeandroAku folded before Flop (didn't bet)
Seat 4: Dudusever folded before Flop (didn't bet)
Seat 5: Dorex2007 folded before Flop (didn't bet)
Seat 6: Monster Pony folded on the River
Seat 7: greybishop99 showed [Th 8h] and lost with two pair, Tens and Eights
Seat 8: Al_pkr_plyr folded before Flop (didn't bet)
Seat 9: The Monst11 (button) folded before Flop (didn't bet)



PokerStars Hand #237286217736:  Hold'em No Limit ($0.01/$0.02 USD) - 2022/07/10 17:19:09 PT [2022/07/10 20:19:09 ET]
Table 'Tarka III' 9-max Seat #1 is the button
Seat 1: XSarks ($5.30 in chips) 
Seat 2: mohaka 22 ($1.84 in chips) 
Seat 3: LeandroAku ($1.97 in chips) 
Seat 4: Dudusever ($2.05 in chips) 
Seat 5: Dorex2007 ($2.23 in chips) 
Seat 6: Monster Pony ($2.43 in chips) 
Seat 7: greybishop99 ($1.20 in chips) 
Seat 8: Al_pkr_plyr ($3.23 in chips) 
Seat 9: The Monst11 ($0.55 in chips) 
mohaka 22: posts small blind $0.01
LeandroAku: posts big blind $0.02
*** HOLE CARDS ***
Dealt to Dorex2007 [Td Js]
Dudusever: raises $0.04 to $0.06
Dorex2007: folds 
Monster Pony: folds 
greybishop99: folds 
Al_pkr_plyr: folds 
The Monst11: calls $0.06
XSarks: folds 
mohaka 22: calls $0.05
LeandroAku: folds 
*** FLOP *** [7d 3d 9h]
mohaka 22: checks 
Dudusever: bets $0.09
The Monst11: calls $0.09
mohaka 22: calls $0.09
*** TURN *** [7d 3d 9h] [9c]
mohaka 22: checks 
Dudusever: checks 
The Monst11: checks 
*** RIVER *** [7d 3d 9h 9c] [Jh]
mohaka 22: checks 
Dudusever: checks 
The Monst11: checks 
*** SHOW DOWN ***
mohaka 22: shows [Tc Ac] (a pair of Nines)
Dudusever: shows [Kc As] (a pair of Nines - Ace+King kicker)
The Monst11: mucks hand 
Dudusever collected $0.45 from pot
*** SUMMARY ***
Total pot $0.47 | Rake $0.02 
Board [7d 3d 9h 9c Jh]
Seat 1: XSarks (button) folded before Flop (didn't bet)
Seat 2: mohaka 22 (small blind) showed [Tc Ac] and lost with a pair of Nines
Seat 3: LeandroAku (big blind) folded before Flop
Seat 4: Dudusever showed [Kc As] and won ($0.45) with a pair of Nines
Seat 5: Dorex2007 folded before Flop (didn't bet)
Seat 6: Monster Pony folded before Flop (didn't bet)
Seat 7: greybishop99 folded before Flop (didn't bet)
Seat 8: Al_pkr_plyr folded before Flop (didn't bet)
Seat 9: The Monst11 mucked [Qd Kd]



PokerStars Hand #237286231023:  Hold'em No Limit ($0.01/$0.02 USD) - 2022/07/10 17:20:07 PT [2022/07/10 20:20:07 ET]
Table 'Tarka III' 9-max Seat #2 is the button
Seat 1: XSarks ($5.30 in chips) 
Seat 2: mohaka 22 ($1.69 in chips) 
Seat 3: LeandroAku ($1.95 in chips) 
Seat 5: Dorex2007 ($2.23 in chips) 
Seat 6: Monster Pony ($2.43 in chips) 
Seat 7: greybishop99 ($1.20 in chips) 
Seat 8: Al_pkr_plyr ($3.23 in chips) 
Seat 9: The Monst11 ($0.40 in chips) 
LeandroAku: posts small blind $0.01
Dudusever: is sitting out 
Dorex2007: posts big blind $0.02
*** HOLE CARDS ***
Dealt to Dorex2007 [Th 9s]
Monster Pony: folds 
greybishop99: folds 
Al_pkr_plyr: folds 
The Monst11: folds 
XSarks: calls $0.02
mohaka 22: folds 
LeandroAku: folds 
Dorex2007: checks 
*** FLOP *** [Td 8d 2h]
Dorex2007: bets $0.05
XSarks: calls $0.05
*** TURN *** [Td 8d 2h] [6c]
Dorex2007: bets $0.09
XSarks: calls $0.09
*** RIVER *** [Td 8d 2h 6c] [Kc]
Dorex2007: bets $0.16
XSarks: calls $0.16
*** SHOW DOWN ***
Dorex2007: shows [Th 9s] (a pair of Tens)
XSarks: shows [Kd Qs] (a pair of Kings)
XSarks collected $0.63 from pot
*** SUMMARY ***
Total pot $0.65 | Rake $0.02 
Board [Td 8d 2h 6c Kc]
Seat 1: XSarks showed [Kd Qs] and won ($0.63) with a pair of Kings
Seat 2: mohaka 22 (button) folded before Flop (didn't bet)
Seat 3: LeandroAku (small blind) folded before Flop
Seat 5: Dorex2007 (big blind) showed [Th 9s] and lost with a pair of Tens
Seat 6: Monster Pony folded before Flop (didn't bet)
Seat 7: greybishop99 folded before Flop (didn't bet)
Seat 8: Al_pkr_plyr folded before Flop (didn't bet)
Seat 9: The Monst11 folded before Flop (didn't bet)



PokerStars Hand #237286241470:  Hold'em No Limit ($0.01/$0.02 USD) - 2022/07/10 17:20:53 PT [2022/07/10 20:20:53 ET]
Table 'Tarka III' 9-max Seat #3 is the button
Seat 1: XSarks ($5.61 in chips) 
Seat 2: mohaka 22 ($1.69 in chips) 
Seat 3: LeandroAku ($1.94 in chips) 
Seat 5: Dorex2007 ($2 in chips) 
Seat 6: Monster Pony ($2.43 in chips) 
Seat 7: greybishop99 ($1.20 in chips) 
Seat 8: Al_pkr_plyr ($3.23 in chips) 
Seat 9: The Monst11 ($0.40 in chips) 
Dorex2007: posts small blind $0.01
Monster Pony: posts big blind $0.02
*** HOLE CARDS ***
Dealt to Dorex2007 [Qs 9d]
greybishop99: calls $0.02
Al_pkr_plyr: folds 
The Monst11: folds 
XSarks: folds 
Dudusever leaves the table
mohaka 22: raises $0.08 to $0.10
LeandroAku: folds 
Dorex2007: folds 
Monster Pony: folds 
greybishop99: calls $0.08
*** FLOP *** [6d As 6s]
polAAgt joins the table at seat #4 
greybishop99: checks 
mohaka 22: bets $0.10
greybishop99: folds 
Uncalled bet ($0.10) returned to mohaka 22
mohaka 22 collected $0.22 from pot
*** SUMMARY ***
Total pot $0.23 | Rake $0.01 
Board [6d As 6s]
Seat 1: XSarks folded before Flop (didn't bet)
Seat 2: mohaka 22 collected ($0.22)
Seat 3: LeandroAku (button) folded before Flop (didn't bet)
Seat 5: Dorex2007 (small blind) folded before Flop
Seat 6: Monster Pony (big blind) folded before Flop
Seat 7: greybishop99 folded on the Flop
Seat 8: Al_pkr_plyr folded before Flop (didn't bet)
Seat 9: The Monst11 folded before Flop (didn't bet)



PokerStars Hand #237286248443:  Hold'em No Limit ($0.01/$0.02 USD) - 2022/07/10 17:21:24 PT [2022/07/10 20:21:24 ET]
Table 'Tarka III' 9-max Seat #5 is the button
Seat 1: XSarks ($5.61 in chips) 
Seat 2: mohaka 22 ($1.81 in chips) 
Seat 3: LeandroAku ($1.94 in chips) 
Seat 5: Dorex2007 ($2 in chips) 
Seat 6: Monster Pony ($2.41 in chips) 
Seat 7: greybishop99 ($1.10 in chips) 
Seat 8: Al_pkr_plyr ($3.23 in chips) 
Seat 9: The Monst11 ($0.40 in chips) 
Monster Pony: posts small blind $0.01
greybishop99: posts big blind $0.02
polAAgt: sits out 
*** HOLE CARDS ***
Dealt to Dorex2007 [4h 2s]
Al_pkr_plyr: folds 
The Monst11: calls $0.02
XSarks: folds 
XSarks leaves the table
mohaka 22: folds 
LeandroAku: folds 
Dorex2007: folds 
Monster Pony: folds 
greybishop99: checks 
*** FLOP *** [2h Qs 6d]
greybishop99: checks 
The Monst11: checks 
*** TURN *** [2h Qs 6d] [8d]
greybishop99: bets $0.05
The Monst11: folds 
Uncalled bet ($0.05) returned to greybishop99
greybishop99 collected $0.05 from pot
*** SUMMARY ***
Total pot $0.05 | Rake $0 
Board [2h Qs 6d 8d]
Seat 1: XSarks folded before Flop (didn't bet)
Seat 2: mohaka 22 folded before Flop (didn't bet)
Seat 3: LeandroAku folded before Flop (didn't bet)
Seat 5: Dorex2007 (button) folded before Flop (didn't bet)
Seat 6: Monster Pony (small blind) folded before Flop
Seat 7: greybishop99 (big blind) collected ($0.05)
Seat 8: Al_pkr_plyr folded before Flop (didn't bet)
Seat 9: The Monst11 folded on the Turn



PokerStars Hand #237286254239:  Hold'em No Limit ($0.01/$0.02 USD) - 2022/07/10 17:21:50 PT [2022/07/10 20:21:50 ET]
Table 'Tarka III' 9-max Seat #6 is the button
Seat 2: mohaka 22 ($1.81 in chips) 
Seat 3: LeandroAku ($1.94 in chips) 
Seat 5: Dorex2007 ($2 in chips) 
Seat 6: Monster Pony ($2.40 in chips) 
Seat 7: greybishop99 ($1.13 in chips) 
Seat 8: Al_pkr_plyr ($3.23 in chips) 
Seat 9: The Monst11 ($0.38 in chips) 
greybishop99: posts small blind $0.01
Al_pkr_plyr: posts big blind $0.02
polAAgt: sits out 
*** HOLE CARDS ***
Dealt to Dorex2007 [2c 9s]
Il0vebear joins the table at seat #1 
The Monst11: folds 
mohaka 22: folds 
LeandroAku: folds 
Dorex2007: folds 
Monster Pony: calls $0.02
greybishop99: folds 
Al_pkr_plyr: checks 
*** FLOP *** [4d As 6c]
greybishop99 leaves the table
Al_pkr_plyr: checks 
Monster Pony: bets $0.05
Diegokoltun joins the table at seat #7 
Al_pkr_plyr: folds 
Uncalled bet ($0.05) returned to Monster Pony
Monster Pony collected $0.05 from pot
*** SUMMARY ***
Total pot $0.05 | Rake $0 
Board [4d As 6c]
Seat 2: mohaka 22 folded before Flop (didn't bet)
Seat 3: LeandroAku folded before Flop (didn't bet)
Seat 5: Dorex2007 folded before Flop (didn't bet)
Seat 6: Monster Pony (button) collected ($0.05)
Seat 7: greybishop99 (small blind) folded before Flop
Seat 8: Al_pkr_plyr (big blind) folded on the Flop
Seat 9: The Monst11 folded before Flop (didn't bet)



PokerStars Hand #237286260488:  Hold'em No Limit ($0.01/$0.02 USD) - 2022/07/10 17:22:18 PT [2022/07/10 20:22:18 ET]
Table 'Tarka III' 9-max Seat #8 is the button
Seat 1: Il0vebear ($2 in chips) 
Seat 2: mohaka 22 ($1.81 in chips) 
Seat 3: LeandroAku ($1.94 in chips) 
Seat 5: Dorex2007 ($2 in chips) 
Seat 6: Monster Pony ($2.43 in chips) 
Seat 8: Al_pkr_plyr ($3.21 in chips) 
Seat 9: The Monst11 ($0.38 in chips) 
The Monst11: posts small blind $0.01
Il0vebear: posts big blind $0.02
polAAgt: sits out 
Diegokoltun: sits out 
*** HOLE CARDS ***
Dealt to Dorex2007 [2h 2d]
mohaka 22: folds 
LeandroAku: folds 
Dorex2007: calls $0.02
Monster Pony: folds 
Al_pkr_plyr: folds 
The Monst11: calls $0.01
Il0vebear: checks 
*** FLOP *** [8s 4c Qd]
The Monst11: checks 
Il0vebear: checks 
Dorex2007: checks 
*** TURN *** [8s 4c Qd] [5h]
The Monst11: bets $0.06
Il0vebear: folds 
Dorex2007: folds 
Uncalled bet ($0.06) returned to The Monst11
The Monst11 collected $0.06 from pot
*** SUMMARY ***
Total pot $0.06 | Rake $0 
Board [8s 4c Qd 5h]
Seat 1: Il0vebear (big blind) folded on the Turn
Seat 2: mohaka 22 folded before Flop (didn't bet)
Seat 3: LeandroAku folded before Flop (didn't bet)
Seat 5: Dorex2007 folded on the Turn
Seat 6: Monster Pony folded before Flop (didn't bet)
Seat 8: Al_pkr_plyr (button) folded before Flop (didn't bet)
Seat 9: The Monst11 (small blind) collected ($0.06)



PokerStars Hand #237286267267:  Hold'em No Limit ($0.01/$0.02 USD) - 2022/07/10 17:22:47 PT [2022/07/10 20:22:47 ET]
Table 'Tarka III' 9-max Seat #9 is the button
Seat 1: Il0vebear ($2 in chips) 
Seat 2: mohaka 22 ($1.81 in chips) 
Seat 3: LeandroAku ($1.94 in chips) 
Seat 5: Dorex2007 ($2 in chips) 
Seat 6: Monster Pony ($2.43 in chips) 
Seat 8: Al_pkr_plyr ($3.21 in chips) 
Seat 9: The Monst11 ($0.42 in chips) 
Il0vebear: posts small blind $0.01
mohaka 22: posts big blind $0.02
polAAgt: sits out 
Diegokoltun: sits out 
*** HOLE CARDS ***
Dealt to Dorex2007 [7c 7h]
LeandroAku: folds 
Dorex2007: calls $0.02
Monster Pony: folds 
Al_pkr_plyr: folds 
The Monst11: raises $0.40 to $0.42 and is all-in
Il0vebear: folds 
mohaka 22: folds 
Dorex2007: folds 
Uncalled bet ($0.40) returned to The Monst11
The Monst11 collected $0.07 from pot
*** SUMMARY ***
Total pot $0.07 | Rake $0 
Seat 1: Il0vebear (small blind) folded before Flop
Seat 2: mohaka 22 (big blind) folded before Flop
Seat 3: LeandroAku folded before Flop (didn't bet)
Seat 5: Dorex2007 folded before Flop
Seat 6: Monster Pony folded before Flop (didn't bet)
Seat 8: Al_pkr_plyr folded before Flop (didn't bet)
Seat 9: The Monst11 (button) collected ($0.07)



