PokerStars Hand #234311968482:  Hold'em No Limit ($0.01/$0.02 USD) - 2022/02/22 21:00:39 PT [2022/02/23 0:00:39 ET]
Table 'Asaph V' 9-max Seat #9 is the button
Seat 1: AqKq ($1.11 in chips) 
Seat 2: fedrdo ($2.94 in chips) 
Seat 3: JamesDean550 ($1.59 in chips) 
Seat 4: Chyba21 ($1.70 in chips) 
Seat 5: Dorex2007 ($2 in chips) 
Seat 6: 2VERY ($1.63 in chips) 
Seat 7: FaraoneNK2 ($1.85 in chips) 
Seat 9: RealKoi ($0.90 in chips) 
AqKq: posts small blind $0.01
fedrdo: posts big blind $0.02
prost09: sits out 
*** HOLE CARDS ***
Dealt to Dorex2007 [Kc Tc]
JamesDean550 has timed out
JamesDean550: folds 
Chyba21 has timed out
Chyba21: folds 
Dorex2007: raises $0.02 to $0.04
2VERY: folds 
FaraoneNK2: folds 
RealKoi: calls $0.04
AqKq: calls $0.03
fedrdo: raises $0.06 to $0.10
Dorex2007: calls $0.06
RealKoi: raises $0.80 to $0.90 and is all-in
AqKq: folds 
fedrdo: folds 
Dorex2007: folds 
Uncalled bet ($0.80) returned to RealKoi
RealKoi collected $0.34 from pot
RealKoi: doesn't show hand 
*** SUMMARY ***
Total pot $0.34 | Rake $0 
Seat 1: AqKq (small blind) folded before Flop
Seat 2: fedrdo (big blind) folded before Flop
Seat 3: JamesDean550 folded before Flop (didn't bet)
Seat 4: Chyba21 folded before Flop (didn't bet)
Seat 5: Dorex2007 folded before Flop
Seat 6: 2VERY folded before Flop (didn't bet)
Seat 7: FaraoneNK2 folded before Flop (didn't bet)
Seat 9: RealKoi (button) collected ($0.34)



PokerStars Hand #234311977238:  Hold'em No Limit ($0.01/$0.02 USD) - 2022/02/22 21:01:34 PT [2022/02/23 0:01:34 ET]
Table 'Asaph V' 9-max Seat #1 is the button
Seat 1: AqKq ($1.07 in chips) 
Seat 2: fedrdo ($2.84 in chips) 
Seat 3: JamesDean550 ($1.59 in chips) 
Seat 4: Chyba21 ($1.70 in chips) 
Seat 5: Dorex2007 ($2 in chips) 
Seat 6: 2VERY ($1.63 in chips) 
Seat 7: FaraoneNK2 ($1.85 in chips) 
Seat 9: RealKoi ($1.14 in chips) 
fedrdo: posts small blind $0.01
JamesDean550: posts big blind $0.02
prost09: sits out 
*** HOLE CARDS ***
Dealt to Dorex2007 [7d 2d]
Chyba21: calls $0.02
Dorex2007: folds 
2VERY: raises $0.06 to $0.08
FaraoneNK2: raises $0.06 to $0.14
RealKoi: folds 
AqKq: folds 
fedrdo: folds 
JamesDean550: calls $0.12
Chyba21: folds 
2VERY: folds 
*** FLOP *** [2c 6c Th]
JamesDean550: checks 
FaraoneNK2: bets $0.19
Dorex2007 said, "Hey, Russian guys.  Do you think Putin will invade?"
JamesDean550: folds 
Uncalled bet ($0.19) returned to FaraoneNK2
FaraoneNK2 collected $0.38 from pot
FaraoneNK2: doesn't show hand 
*** SUMMARY ***
Total pot $0.39 | Rake $0.01 
Board [2c 6c Th]
Seat 1: AqKq (button) folded before Flop (didn't bet)
Seat 2: fedrdo (small blind) folded before Flop
Seat 3: JamesDean550 (big blind) folded on the Flop
Seat 4: Chyba21 folded before Flop
Seat 5: Dorex2007 folded before Flop (didn't bet)
Seat 6: 2VERY folded before Flop
Seat 7: FaraoneNK2 collected ($0.38)
Seat 9: RealKoi folded before Flop (didn't bet)



PokerStars Hand #234311988635:  Hold'em No Limit ($0.01/$0.02 USD) - 2022/02/22 21:02:46 PT [2022/02/23 0:02:46 ET]
Table 'Asaph V' 9-max Seat #2 is the button
Seat 1: AqKq ($1.07 in chips) 
Seat 2: fedrdo ($2.83 in chips) 
Seat 3: JamesDean550 ($1.45 in chips) 
Seat 4: Chyba21 ($1.68 in chips) 
Seat 5: Dorex2007 ($2 in chips) 
Seat 6: 2VERY ($1.55 in chips) 
Seat 7: FaraoneNK2 ($2.09 in chips) 
Seat 9: RealKoi ($1.14 in chips) 
JamesDean550: posts small blind $0.01
Chyba21: posts big blind $0.02
prost09: sits out 
*** HOLE CARDS ***
Dealt to Dorex2007 [Js Th]
Dorex2007: folds 
2VERY: folds 
FaraoneNK2: calls $0.02
RealKoi: folds 
AqKq: folds 
fedrdo: folds 
JamesDean550: raises $0.06 to $0.08
Chyba21: calls $0.06
FaraoneNK2: calls $0.06
*** FLOP *** [5c 9d 8s]
JamesDean550 has timed out
JamesDean550: checks 
Chyba21: checks 
FaraoneNK2: bets $0.10
JamesDean550: raises $0.20 to $0.30
Chyba21: folds 
FaraoneNK2: calls $0.20
*** TURN *** [5c 9d 8s] [4d]
JamesDean550: bets $1.07 and is all-in
FaraoneNK2: folds 
Uncalled bet ($1.07) returned to JamesDean550
JamesDean550 collected $0.81 from pot
JamesDean550: doesn't show hand 
*** SUMMARY ***
Total pot $0.84 | Rake $0.03 
Board [5c 9d 8s 4d]
Seat 1: AqKq folded before Flop (didn't bet)
Seat 2: fedrdo (button) folded before Flop (didn't bet)
Seat 3: JamesDean550 (small blind) collected ($0.81)
Seat 4: Chyba21 (big blind) folded on the Flop
Seat 5: Dorex2007 folded before Flop (didn't bet)
Seat 6: 2VERY folded before Flop (didn't bet)
Seat 7: FaraoneNK2 folded on the Turn
Seat 9: RealKoi folded before Flop (didn't bet)



PokerStars Hand #234312004033:  Hold'em No Limit ($0.01/$0.02 USD) - 2022/02/22 21:04:23 PT [2022/02/23 0:04:23 ET]
Table 'Asaph V' 9-max Seat #3 is the button
Seat 1: AqKq ($1.07 in chips) 
Seat 2: fedrdo ($2.83 in chips) 
Seat 3: JamesDean550 ($1.88 in chips) 
Seat 4: Chyba21 ($1.60 in chips) 
Seat 5: Dorex2007 ($2 in chips) 
Seat 6: 2VERY ($1.55 in chips) 
Seat 7: FaraoneNK2 ($1.71 in chips) 
Seat 9: RealKoi ($1.14 in chips) 
Chyba21: posts small blind $0.01
Dorex2007: posts big blind $0.02
prost09: sits out 
*** HOLE CARDS ***
Dealt to Dorex2007 [Jh 2d]
2VERY: folds 
FaraoneNK2: calls $0.02
RealKoi: raises $0.08 to $0.10
AqKq: folds 
fedrdo: folds 
JamesDean550: folds 
Chyba21: folds 
Dorex2007: folds 
FaraoneNK2: calls $0.08
*** FLOP *** [2h Tc Qd]
FaraoneNK2: checks 
RealKoi: bets $0.11
Chyba21 leaves the table
FaraoneNK2: calls $0.11
*** TURN *** [2h Tc Qd] [7s]
FaraoneNK2: bets $0.10
RealKoi: raises $0.83 to $0.93 and is all-in
FaraoneNK2: folds 
Uncalled bet ($0.83) returned to RealKoi
RealKoi collected $0.63 from pot
RealKoi: doesn't show hand 
*** SUMMARY ***
Total pot $0.65 | Rake $0.02 
Board [2h Tc Qd 7s]
Seat 1: AqKq folded before Flop (didn't bet)
Seat 2: fedrdo folded before Flop (didn't bet)
Seat 3: JamesDean550 (button) folded before Flop (didn't bet)
Seat 4: Chyba21 (small blind) folded before Flop
Seat 5: Dorex2007 (big blind) folded before Flop
Seat 6: 2VERY folded before Flop (didn't bet)
Seat 7: FaraoneNK2 folded on the Turn
Seat 9: RealKoi collected ($0.63)



PokerStars Hand #234312011298:  Hold'em No Limit ($0.01/$0.02 USD) - 2022/02/22 21:05:09 PT [2022/02/23 0:05:09 ET]
Table 'Asaph V' 9-max Seat #5 is the button
Seat 1: AqKq ($1.07 in chips) 
Seat 2: fedrdo ($2.83 in chips) 
Seat 3: JamesDean550 ($1.88 in chips) 
Seat 5: Dorex2007 ($2 in chips) 
Seat 6: 2VERY ($1.55 in chips) 
Seat 7: FaraoneNK2 ($1.40 in chips) 
Seat 9: RealKoi ($1.46 in chips) 
2VERY: posts small blind $0.01
FaraoneNK2: posts big blind $0.02
prost09: sits out 
*** HOLE CARDS ***
Dealt to Dorex2007 [Tc 7c]
Andres Orend joins the table at seat #4 
RealKoi: calls $0.02
AqKq: calls $0.02
fedrdo: folds 
JamesDean550: folds 
Dorex2007: folds 
2VERY: folds 
FaraoneNK2: checks 
*** FLOP *** [5d 7h 2d]
FaraoneNK2: bets $0.20
RealKoi: folds 
AqKq: folds 
Uncalled bet ($0.20) returned to FaraoneNK2
FaraoneNK2 collected $0.07 from pot
FaraoneNK2: doesn't show hand 
*** SUMMARY ***
Total pot $0.07 | Rake $0 
Board [5d 7h 2d]
Seat 1: AqKq folded on the Flop
Seat 2: fedrdo folded before Flop (didn't bet)
Seat 3: JamesDean550 folded before Flop (didn't bet)
Seat 5: Dorex2007 (button) folded before Flop (didn't bet)
Seat 6: 2VERY (small blind) folded before Flop
Seat 7: FaraoneNK2 (big blind) collected ($0.07)
Seat 9: RealKoi folded on the Flop



PokerStars Hand #234312016889:  Hold'em No Limit ($0.01/$0.02 USD) - 2022/02/22 21:05:44 PT [2022/02/23 0:05:44 ET]
Table 'Asaph V' 9-max Seat #6 is the button
Seat 1: AqKq ($1.05 in chips) 
Seat 2: fedrdo ($2.83 in chips) 
Seat 3: JamesDean550 ($1.88 in chips) 
Seat 4: Andres Orend ($1.60 in chips) 
Seat 5: Dorex2007 ($2 in chips) 
Seat 6: 2VERY ($1.54 in chips) 
Seat 7: FaraoneNK2 ($1.45 in chips) 
Seat 8: prost09 ($2.10 in chips) 
Seat 9: RealKoi ($1.44 in chips) 
FaraoneNK2: posts small blind $0.01
prost09: posts big blind $0.02
Andres Orend: posts big blind $0.02
*** HOLE CARDS ***
Dealt to Dorex2007 [3c Kc]
RealKoi: folds 
AqKq: folds 
fedrdo: folds 
JamesDean550: raises $0.04 to $0.06
Andres Orend: calls $0.04
Dorex2007: folds 
2VERY: folds 
FaraoneNK2: folds 
prost09: folds 
*** FLOP *** [5d 9d Ks]
FaraoneNK2 said, "Isso ai."
JamesDean550: bets $0.06
Andres Orend: folds 
Uncalled bet ($0.06) returned to JamesDean550
JamesDean550 collected $0.14 from pot
JamesDean550: doesn't show hand 
*** SUMMARY ***
Total pot $0.15 | Rake $0.01 
Board [5d 9d Ks]
Seat 1: AqKq folded before Flop (didn't bet)
Seat 2: fedrdo folded before Flop (didn't bet)
Seat 3: JamesDean550 collected ($0.14)
Seat 4: Andres Orend folded on the Flop
Seat 5: Dorex2007 folded before Flop (didn't bet)
Seat 6: 2VERY (button) folded before Flop (didn't bet)
Seat 7: FaraoneNK2 (small blind) folded before Flop
Seat 8: prost09 (big blind) folded before Flop
Seat 9: RealKoi folded before Flop (didn't bet)



PokerStars Hand #234312024325:  Hold'em No Limit ($0.01/$0.02 USD) - 2022/02/22 21:06:31 PT [2022/02/23 0:06:31 ET]
Table 'Asaph V' 9-max Seat #7 is the button
Seat 1: AqKq ($1.05 in chips) 
Seat 2: fedrdo ($2.83 in chips) 
Seat 3: JamesDean550 ($1.96 in chips) 
Seat 4: Andres Orend ($1.54 in chips) 
Seat 5: Dorex2007 ($2 in chips) 
Seat 6: 2VERY ($1.54 in chips) 
Seat 7: FaraoneNK2 ($1.44 in chips) 
Seat 8: prost09 ($2.08 in chips) 
Seat 9: RealKoi ($1.44 in chips) 
prost09: posts small blind $0.01
RealKoi: posts big blind $0.02
*** HOLE CARDS ***
Dealt to Dorex2007 [7c 9d]
AqKq: folds 
fedrdo: raises $0.10 to $0.12
JamesDean550: calls $0.12
Andres Orend: folds 
Dorex2007: folds 
2VERY: folds 
FaraoneNK2: folds 
prost09: folds 
RealKoi: folds 
*** FLOP *** [Kh 2c 2s]
fedrdo: bets $0.21
JamesDean550: folds 
Uncalled bet ($0.21) returned to fedrdo
fedrdo collected $0.26 from pot
fedrdo: doesn't show hand 
*** SUMMARY ***
Total pot $0.27 | Rake $0.01 
Board [Kh 2c 2s]
Seat 1: AqKq folded before Flop (didn't bet)
Seat 2: fedrdo collected ($0.26)
Seat 3: JamesDean550 folded on the Flop
Seat 4: Andres Orend folded before Flop (didn't bet)
Seat 5: Dorex2007 folded before Flop (didn't bet)
Seat 6: 2VERY folded before Flop (didn't bet)
Seat 7: FaraoneNK2 (button) folded before Flop (didn't bet)
Seat 8: prost09 (small blind) folded before Flop
Seat 9: RealKoi (big blind) folded before Flop



PokerStars Hand #234312032620:  Hold'em No Limit ($0.01/$0.02 USD) - 2022/02/22 21:07:24 PT [2022/02/23 0:07:24 ET]
Table 'Asaph V' 9-max Seat #8 is the button
Seat 1: AqKq ($1.05 in chips) 
Seat 2: fedrdo ($2.97 in chips) 
Seat 3: JamesDean550 ($1.84 in chips) 
Seat 4: Andres Orend ($1.54 in chips) 
Seat 5: Dorex2007 ($2 in chips) 
Seat 6: 2VERY ($1.54 in chips) 
Seat 7: FaraoneNK2 ($1.44 in chips) 
Seat 8: prost09 ($2.07 in chips) 
Seat 9: RealKoi ($1.42 in chips) 
RealKoi: posts small blind $0.01
AqKq: posts big blind $0.02
*** HOLE CARDS ***
Dealt to Dorex2007 [Ac 6c]
fedrdo: folds 
JamesDean550: folds 
Andres Orend: folds 
Dorex2007: calls $0.02
2VERY: folds 
FaraoneNK2: calls $0.02
prost09: folds 
RealKoi: calls $0.01
AqKq: checks 
*** FLOP *** [2h Kd 3h]
RealKoi: checks 
AqKq: checks 
Dorex2007: checks 
FaraoneNK2: checks 
*** TURN *** [2h Kd 3h] [7s]
RealKoi: checks 
AqKq: checks 
Dorex2007: checks 
FaraoneNK2: checks 
*** RIVER *** [2h Kd 3h 7s] [Qd]
RealKoi: checks 
AqKq: checks 
Dorex2007: checks 
FaraoneNK2: checks 
*** SHOW DOWN ***
RealKoi: shows [Jd Td] (high card King)
AqKq: shows [8c 7h] (a pair of Sevens)
Dorex2007: mucks hand 
FaraoneNK2: mucks hand 
AqKq collected $0.08 from pot
*** SUMMARY ***
Total pot $0.08 | Rake $0 
Board [2h Kd 3h 7s Qd]
Seat 1: AqKq (big blind) showed [8c 7h] and won ($0.08) with a pair of Sevens
Seat 2: fedrdo folded before Flop (didn't bet)
Seat 3: JamesDean550 folded before Flop (didn't bet)
Seat 4: Andres Orend folded before Flop (didn't bet)
Seat 5: Dorex2007 mucked [Ac 6c]
Seat 6: 2VERY folded before Flop (didn't bet)
Seat 7: FaraoneNK2 mucked [8d 4s]
Seat 8: prost09 (button) folded before Flop (didn't bet)
Seat 9: RealKoi (small blind) showed [Jd Td] and lost with high card King



PokerStars Hand #234312042426:  Hold'em No Limit ($0.01/$0.02 USD) - 2022/02/22 21:08:27 PT [2022/02/23 0:08:27 ET]
Table 'Asaph V' 9-max Seat #9 is the button
Seat 1: AqKq ($1.11 in chips) 
Seat 2: fedrdo ($2.97 in chips) 
Seat 4: Andres Orend ($1.54 in chips) 
Seat 5: Dorex2007 ($2 in chips) 
Seat 6: 2VERY ($1.54 in chips) 
Seat 7: FaraoneNK2 ($1.42 in chips) 
Seat 8: prost09 ($2.07 in chips) 
Seat 9: RealKoi ($1.40 in chips) 
AqKq: posts small blind $0.01
fedrdo: posts big blind $0.02
*** HOLE CARDS ***
Dealt to Dorex2007 [4h 9d]
Andres Orend: raises $0.04 to $0.06
Dorex2007: folds 
2VERY: folds 
FaraoneNK2: calls $0.06
prost09: folds 
RealKoi: folds 
AqKq: folds 
fedrdo: folds 
*** FLOP *** [4d Tc Td]
Andres Orend: checks 
FaraoneNK2: bets $0.18
Andres Orend: folds 
Uncalled bet ($0.18) returned to FaraoneNK2
FaraoneNK2 collected $0.14 from pot
FaraoneNK2: doesn't show hand 
*** SUMMARY ***
Total pot $0.15 | Rake $0.01 
Board [4d Tc Td]
Seat 1: AqKq (small blind) folded before Flop
Seat 2: fedrdo (big blind) folded before Flop
Seat 4: Andres Orend folded on the Flop
Seat 5: Dorex2007 folded before Flop (didn't bet)
Seat 6: 2VERY folded before Flop (didn't bet)
Seat 7: FaraoneNK2 collected ($0.14)
Seat 8: prost09 folded before Flop (didn't bet)
Seat 9: RealKoi (button) folded before Flop (didn't bet)



PokerStars Hand #234312048215:  Hold'em No Limit ($0.01/$0.02 USD) - 2022/02/22 21:09:05 PT [2022/02/23 0:09:05 ET]
Table 'Asaph V' 9-max Seat #1 is the button
Seat 1: AqKq ($1.10 in chips) 
Seat 2: fedrdo ($2.95 in chips) 
Seat 4: Andres Orend ($1.48 in chips) 
Seat 5: Dorex2007 ($2 in chips) 
Seat 6: 2VERY ($1.54 in chips) 
Seat 7: FaraoneNK2 ($1.50 in chips) 
Seat 8: prost09 ($2.07 in chips) 
Seat 9: RealKoi ($1.40 in chips) 
fedrdo: posts small blind $0.01
Andres Orend: posts big blind $0.02
*** HOLE CARDS ***
Dealt to Dorex2007 [8c 5h]
Dorex2007: folds 
2VERY: folds 
FaraoneNK2: raises $0.04 to $0.06
prost09: folds 
RealKoi: folds 
AqKq: calls $0.06
fedrdo: folds 
Andres Orend: folds 
*** FLOP *** [2h 7h 6c]
FaraoneNK2: bets $0.02
AqKq: calls $0.02
*** TURN *** [2h 7h 6c] [3h]
FaraoneNK2: bets $0.02
AqKq: calls $0.02
*** RIVER *** [2h 7h 6c 3h] [9h]
FaraoneNK2: bets $0.06
AqKq: folds 
Uncalled bet ($0.06) returned to FaraoneNK2
FaraoneNK2 collected $0.22 from pot
FaraoneNK2: doesn't show hand 
*** SUMMARY ***
Total pot $0.23 | Rake $0.01 
Board [2h 7h 6c 3h 9h]
Seat 1: AqKq (button) folded on the River
Seat 2: fedrdo (small blind) folded before Flop
Seat 4: Andres Orend (big blind) folded before Flop
Seat 5: Dorex2007 folded before Flop (didn't bet)
Seat 6: 2VERY folded before Flop (didn't bet)
Seat 7: FaraoneNK2 collected ($0.22)
Seat 8: prost09 folded before Flop (didn't bet)
Seat 9: RealKoi folded before Flop (didn't bet)



