PokerStars Hand #239042960275:  Hold'em No Limit ($0.02/$0.05 USD) - 2022/10/04 21:00:08 PT [2022/10/05 0:00:08 ET]
Table 'Ibarruri' 9-max Seat #1 is the button
Seat 1: webmarrr ($10.41 in chips) 
Seat 2: ssislander ($3.05 in chips) 
Seat 3: dempseyCZ ($3.65 in chips) 
Seat 4: sakuno36 ($6.93 in chips) 
Seat 7: Vasilia99 ($1.95 in chips) 
Seat 8: BlackCat0812 ($4.83 in chips) 
Seat 9: Dorex2007 ($10.05 in chips) 
ssislander: posts small blind $0.02
dempseyCZ: posts big blind $0.05
killervzla28: sits out 
*** HOLE CARDS ***
Dealt to Dorex2007 [Ac 2s]
sakuno36: folds 
Vasilia99: calls $0.05
BlackCat0812: folds 
Dorex2007: folds 
webmarrr: folds 
ssislander: folds 
dempseyCZ: checks 
*** FLOP *** [3d 6h 3c]
dempseyCZ: checks 
Vasilia99: bets $0.12
dempseyCZ: calls $0.12
*** TURN *** [3d 6h 3c] [5d]
dempseyCZ: checks 
Vasilia99: bets $0.35
dempseyCZ: calls $0.35
*** RIVER *** [3d 6h 3c 5d] [Tc]
dempseyCZ: checks 
Vasilia99: bets $1.02
dempseyCZ: folds 
Uncalled bet ($1.02) returned to Vasilia99
Vasilia99 collected $1.02 from pot
*** SUMMARY ***
Total pot $1.06 | Rake $0.04 
Board [3d 6h 3c 5d Tc]
Seat 1: webmarrr (button) folded before Flop (didn't bet)
Seat 2: ssislander (small blind) folded before Flop
Seat 3: dempseyCZ (big blind) folded on the River
Seat 4: sakuno36 folded before Flop (didn't bet)
Seat 7: Vasilia99 collected ($1.02)
Seat 8: BlackCat0812 folded before Flop (didn't bet)
Seat 9: Dorex2007 folded before Flop (didn't bet)



PokerStars Hand #239042965019:  Hold'em No Limit ($0.02/$0.05 USD) - 2022/10/04 21:00:51 PT [2022/10/05 0:00:51 ET]
Table 'Ibarruri' 9-max Seat #2 is the button
Seat 1: webmarrr ($10.41 in chips) 
Seat 2: ssislander ($3.03 in chips) 
Seat 3: dempseyCZ ($3.13 in chips) 
Seat 4: sakuno36 ($6.93 in chips) 
Seat 7: Vasilia99 ($2.45 in chips) 
Seat 8: BlackCat0812 ($4.83 in chips) 
Seat 9: Dorex2007 ($10.05 in chips) 
dempseyCZ: posts small blind $0.02
sakuno36: posts big blind $0.05
killervzla28: sits out 
*** HOLE CARDS ***
Dealt to Dorex2007 [4c 2d]
Vasilia99: folds 
BlackCat0812: folds 
Dorex2007: folds 
webmarrr: raises $0.07 to $0.12
ssislander: folds 
dempseyCZ: folds 
sakuno36: calls $0.07
*** FLOP *** [8d Tc 7c]
sakuno36: checks 
webmarrr: bets $0.09
sakuno36: calls $0.09
*** TURN *** [8d Tc 7c] [Qd]
sakuno36: checks 
webmarrr: checks 
*** RIVER *** [8d Tc 7c Qd] [Ad]
sakuno36: bets $0.40
webmarrr: folds 
Uncalled bet ($0.40) returned to sakuno36
sakuno36 collected $0.42 from pot
sakuno36: doesn't show hand 
*** SUMMARY ***
Total pot $0.44 | Rake $0.02 
Board [8d Tc 7c Qd Ad]
Seat 1: webmarrr folded on the River
Seat 2: ssislander (button) folded before Flop (didn't bet)
Seat 3: dempseyCZ (small blind) folded before Flop
Seat 4: sakuno36 (big blind) collected ($0.42)
Seat 7: Vasilia99 folded before Flop (didn't bet)
Seat 8: BlackCat0812 folded before Flop (didn't bet)
Seat 9: Dorex2007 folded before Flop (didn't bet)



PokerStars Hand #239042970208:  Hold'em No Limit ($0.02/$0.05 USD) - 2022/10/04 21:01:36 PT [2022/10/05 0:01:36 ET]
Table 'Ibarruri' 9-max Seat #3 is the button
Seat 1: webmarrr ($10.20 in chips) 
Seat 2: ssislander ($3.03 in chips) 
Seat 3: dempseyCZ ($3.11 in chips) 
Seat 4: sakuno36 ($7.14 in chips) 
Seat 5: BrenoVns ($7.59 in chips) 
Seat 8: BlackCat0812 ($4.83 in chips) 
Seat 9: Dorex2007 ($10.05 in chips) 
sakuno36: posts small blind $0.02
BrenoVns: posts big blind $0.05
killervzla28: sits out 
*** HOLE CARDS ***
Dealt to Dorex2007 [Kc 9c]
BlackCat0812 has timed out
BlackCat0812: folds 
Dorex2007: folds 
webmarrr: folds 
ssislander: folds 
dempseyCZ: raises $0.10 to $0.15
sakuno36: folds 
BrenoVns: folds 
Uncalled bet ($0.10) returned to dempseyCZ
dempseyCZ collected $0.12 from pot
*** SUMMARY ***
Total pot $0.12 | Rake $0 
Seat 1: webmarrr folded before Flop (didn't bet)
Seat 2: ssislander folded before Flop (didn't bet)
Seat 3: dempseyCZ (button) collected ($0.12)
Seat 4: sakuno36 (small blind) folded before Flop
Seat 5: BrenoVns (big blind) folded before Flop
Seat 8: BlackCat0812 folded before Flop (didn't bet)
Seat 9: Dorex2007 folded before Flop (didn't bet)



PokerStars Hand #239042972698:  Hold'em No Limit ($0.02/$0.05 USD) - 2022/10/04 21:01:57 PT [2022/10/05 0:01:57 ET]
Table 'Ibarruri' 9-max Seat #4 is the button
Seat 1: webmarrr ($10.20 in chips) 
Seat 2: ssislander ($3.03 in chips) 
Seat 3: dempseyCZ ($3.18 in chips) 
Seat 4: sakuno36 ($7.12 in chips) 
Seat 5: BrenoVns ($7.54 in chips) 
Seat 6: killervzla28 ($5 in chips) 
Seat 8: BlackCat0812 ($4.83 in chips) 
Seat 9: Dorex2007 ($10.05 in chips) 
BrenoVns: posts small blind $0.02
killervzla28: posts big blind $0.05
*** HOLE CARDS ***
Dealt to Dorex2007 [9d 6d]
BlackCat0812: folds 
Dorex2007: folds 
webmarrr: folds 
ssislander: calls $0.05
dempseyCZ: folds 
sakuno36: folds 
BrenoVns: folds 
killervzla28: checks 
*** FLOP *** [8d 4d Qc]
killervzla28: checks 
ssislander: checks 
*** TURN *** [8d 4d Qc] [5c]
killervzla28: checks 
ssislander: checks 
*** RIVER *** [8d 4d Qc 5c] [4c]
killervzla28: checks 
ssislander: checks 
*** SHOW DOWN ***
killervzla28: shows [8h Tc] (two pair, Eights and Fours)
ssislander: mucks hand 
killervzla28 collected $0.12 from pot
*** SUMMARY ***
Total pot $0.12 | Rake $0 
Board [8d 4d Qc 5c 4c]
Seat 1: webmarrr folded before Flop (didn't bet)
Seat 2: ssislander mucked [Ts Jh]
Seat 3: dempseyCZ folded before Flop (didn't bet)
Seat 4: sakuno36 (button) folded before Flop (didn't bet)
Seat 5: BrenoVns (small blind) folded before Flop
Seat 6: killervzla28 (big blind) showed [8h Tc] and won ($0.12) with two pair, Eights and Fours
Seat 8: BlackCat0812 folded before Flop (didn't bet)
Seat 9: Dorex2007 folded before Flop (didn't bet)



PokerStars Hand #239042976436:  Hold'em No Limit ($0.02/$0.05 USD) - 2022/10/04 21:02:29 PT [2022/10/05 0:02:29 ET]
Table 'Ibarruri' 9-max Seat #5 is the button
Seat 1: webmarrr ($10.20 in chips) 
Seat 2: ssislander ($2.98 in chips) 
Seat 3: dempseyCZ ($3.18 in chips) 
Seat 4: sakuno36 ($7.12 in chips) 
Seat 5: BrenoVns ($7.52 in chips) 
Seat 6: killervzla28 ($5.07 in chips) 
Seat 7: Vasilia99 ($2.45 in chips) 
Seat 8: BlackCat0812 ($4.83 in chips) 
Seat 9: Dorex2007 ($10.05 in chips) 
killervzla28: posts small blind $0.02
Vasilia99: posts big blind $0.05
*** HOLE CARDS ***
Dealt to Dorex2007 [Kd 8s]
BlackCat0812: folds 
Dorex2007: folds 
webmarrr: folds 
ssislander: folds 
dempseyCZ: folds 
sakuno36: folds 
BrenoVns: folds 
killervzla28: raises $0.07 to $0.12
Vasilia99: calls $0.07
*** FLOP *** [3s 8d 3c]
killervzla28: bets $0.11
Vasilia99: raises $0.11 to $0.22
killervzla28: folds 
Uncalled bet ($0.11) returned to Vasilia99
Vasilia99 collected $0.44 from pot
*** SUMMARY ***
Total pot $0.46 | Rake $0.02 
Board [3s 8d 3c]
Seat 1: webmarrr folded before Flop (didn't bet)
Seat 2: ssislander folded before Flop (didn't bet)
Seat 3: dempseyCZ folded before Flop (didn't bet)
Seat 4: sakuno36 folded before Flop (didn't bet)
Seat 5: BrenoVns (button) folded before Flop (didn't bet)
Seat 6: killervzla28 (small blind) folded on the Flop
Seat 7: Vasilia99 (big blind) collected ($0.44)
Seat 8: BlackCat0812 folded before Flop (didn't bet)
Seat 9: Dorex2007 folded before Flop (didn't bet)



PokerStars Hand #239042981715:  Hold'em No Limit ($0.02/$0.05 USD) - 2022/10/04 21:03:13 PT [2022/10/05 0:03:13 ET]
Table 'Ibarruri' 9-max Seat #6 is the button
Seat 1: webmarrr ($10.20 in chips) 
Seat 2: ssislander ($2.98 in chips) 
Seat 3: dempseyCZ ($3.18 in chips) 
Seat 4: sakuno36 ($7.12 in chips) 
Seat 5: BrenoVns ($7.52 in chips) 
Seat 6: killervzla28 ($5 in chips) 
Seat 7: Vasilia99 ($2.66 in chips) 
Seat 8: BlackCat0812 ($4.83 in chips) 
Seat 9: Dorex2007 ($10.05 in chips) 
Vasilia99: posts small blind $0.02
BlackCat0812: posts big blind $0.05
*** HOLE CARDS ***
Dealt to Dorex2007 [5d 5s]
Dorex2007: raises $0.05 to $0.10
webmarrr: folds 
ssislander: raises $0.27 to $0.37
dempseyCZ: folds 
sakuno36: folds 
BrenoVns: folds 
killervzla28: folds 
Vasilia99: folds 
BlackCat0812: folds 
Dorex2007: folds 
Uncalled bet ($0.27) returned to ssislander
ssislander collected $0.27 from pot
ssislander: doesn't show hand 
*** SUMMARY ***
Total pot $0.27 | Rake $0 
Seat 1: webmarrr folded before Flop (didn't bet)
Seat 2: ssislander collected ($0.27)
Seat 3: dempseyCZ folded before Flop (didn't bet)
Seat 4: sakuno36 folded before Flop (didn't bet)
Seat 5: BrenoVns folded before Flop (didn't bet)
Seat 6: killervzla28 (button) folded before Flop (didn't bet)
Seat 7: Vasilia99 (small blind) folded before Flop
Seat 8: BlackCat0812 (big blind) folded before Flop
Seat 9: Dorex2007 folded before Flop



PokerStars Hand #239042984466:  Hold'em No Limit ($0.02/$0.05 USD) - 2022/10/04 21:03:37 PT [2022/10/05 0:03:37 ET]
Table 'Ibarruri' 9-max Seat #7 is the button
Seat 1: webmarrr ($10.20 in chips) 
Seat 2: ssislander ($3.15 in chips) 
Seat 3: dempseyCZ ($3.18 in chips) 
Seat 4: sakuno36 ($7.12 in chips) 
Seat 5: BrenoVns ($7.52 in chips) 
Seat 6: killervzla28 ($5 in chips) 
Seat 7: Vasilia99 ($2.64 in chips) 
Seat 8: BlackCat0812 ($4.78 in chips) 
Seat 9: Dorex2007 ($9.95 in chips) 
BlackCat0812: posts small blind $0.02
Dorex2007: posts big blind $0.05
*** HOLE CARDS ***
Dealt to Dorex2007 [Th 4d]
webmarrr: folds 
ssislander: folds 
dempseyCZ: folds 
sakuno36: folds 
BrenoVns: folds 
killervzla28: folds 
Vasilia99: folds 
BlackCat0812: folds 
Uncalled bet ($0.03) returned to Dorex2007
Dorex2007 collected $0.04 from pot
Dorex2007: doesn't show hand 
*** SUMMARY ***
Total pot $0.04 | Rake $0 
Seat 1: webmarrr folded before Flop (didn't bet)
Seat 2: ssislander folded before Flop (didn't bet)
Seat 3: dempseyCZ folded before Flop (didn't bet)
Seat 4: sakuno36 folded before Flop (didn't bet)
Seat 5: BrenoVns folded before Flop (didn't bet)
Seat 6: killervzla28 folded before Flop (didn't bet)
Seat 7: Vasilia99 (button) folded before Flop (didn't bet)
Seat 8: BlackCat0812 (small blind) folded before Flop
Seat 9: Dorex2007 (big blind) collected ($0.04)



PokerStars Hand #239042986535:  Hold'em No Limit ($0.02/$0.05 USD) - 2022/10/04 21:03:54 PT [2022/10/05 0:03:54 ET]
Table 'Ibarruri' 9-max Seat #8 is the button
Seat 2: ssislander ($3.15 in chips) 
Seat 3: dempseyCZ ($3.18 in chips) 
Seat 4: sakuno36 ($7.12 in chips) 
Seat 5: BrenoVns ($7.52 in chips) 
Seat 6: killervzla28 ($5 in chips) 
Seat 7: Vasilia99 ($2.64 in chips) 
Seat 8: BlackCat0812 ($4.76 in chips) 
Seat 9: Dorex2007 ($9.97 in chips) 
Dorex2007: posts small blind $0.02
webmarrr: is sitting out 
ssislander: posts big blind $0.05
*** HOLE CARDS ***
Dealt to Dorex2007 [5h As]
dempseyCZ: folds 
sakuno36: raises $0.05 to $0.10
BrenoVns: folds 
killervzla28: folds 
Vasilia99: folds 
BlackCat0812: folds 
Dorex2007: folds 
ssislander: calls $0.05
*** FLOP *** [5s 9c Tc]
ssislander: checks 
sakuno36: checks 
*** TURN *** [5s 9c Tc] [3d]
ssislander: bets $0.05
sakuno36: calls $0.05
*** RIVER *** [5s 9c Tc 3d] [6d]
ssislander: checks 
sakuno36: checks 
*** SHOW DOWN ***
ssislander: shows [Jd Qh] (high card Queen)
sakuno36: shows [Ac 4c] (high card Ace)
sakuno36 collected $0.31 from pot
*** SUMMARY ***
Total pot $0.32 | Rake $0.01 
Board [5s 9c Tc 3d 6d]
Seat 2: ssislander (big blind) showed [Jd Qh] and lost with high card Queen
Seat 3: dempseyCZ folded before Flop (didn't bet)
Seat 4: sakuno36 showed [Ac 4c] and won ($0.31) with high card Ace
Seat 5: BrenoVns folded before Flop (didn't bet)
Seat 6: killervzla28 folded before Flop (didn't bet)
Seat 7: Vasilia99 folded before Flop (didn't bet)
Seat 8: BlackCat0812 (button) folded before Flop (didn't bet)
Seat 9: Dorex2007 (small blind) folded before Flop



PokerStars Hand #239042990316:  Hold'em No Limit ($0.02/$0.05 USD) - 2022/10/04 21:04:26 PT [2022/10/05 0:04:26 ET]
Table 'Ibarruri' 9-max Seat #9 is the button
Seat 2: ssislander ($3 in chips) 
Seat 3: dempseyCZ ($3.18 in chips) 
Seat 4: sakuno36 ($7.28 in chips) 
Seat 5: BrenoVns ($7.52 in chips) 
Seat 6: killervzla28 ($5 in chips) 
Seat 7: Vasilia99 ($2.64 in chips) 
Seat 8: BlackCat0812 ($4.76 in chips) 
Seat 9: Dorex2007 ($9.95 in chips) 
ssislander: posts small blind $0.02
dempseyCZ: posts big blind $0.05
*** HOLE CARDS ***
Dealt to Dorex2007 [Ks 6d]
sakuno36: folds 
BrenoVns: folds 
killervzla28: folds 
Vasilia99: folds 
BlackCat0812: calls $0.05
Dorex2007: folds 
ssislander: calls $0.03
dempseyCZ: checks 
*** FLOP *** [Jc 5s Td]
ssislander: checks 
webmarrr leaves the table
dempseyCZ: bets $0.10
BlackCat0812: calls $0.10
r4yjz248 joins the table at seat #1 
ssislander: folds 
*** TURN *** [Jc 5s Td] [Ts]
dempseyCZ: bets $0.20
BlackCat0812: calls $0.20
*** RIVER *** [Jc 5s Td Ts] [9h]
dempseyCZ: bets $0.50
BlackCat0812: calls $0.50
*** SHOW DOWN ***
dempseyCZ: shows [Tc 7s] (three of a kind, Tens)
BlackCat0812: mucks hand 
dempseyCZ collected $1.68 from pot
*** SUMMARY ***
Total pot $1.75 | Rake $0.07 
Board [Jc 5s Td Ts 9h]
Seat 2: ssislander (small blind) folded on the Flop
Seat 3: dempseyCZ (big blind) showed [Tc 7s] and won ($1.68) with three of a kind, Tens
Seat 4: sakuno36 folded before Flop (didn't bet)
Seat 5: BrenoVns folded before Flop (didn't bet)
Seat 6: killervzla28 folded before Flop (didn't bet)
Seat 7: Vasilia99 folded before Flop (didn't bet)
Seat 8: BlackCat0812 mucked [Jd As]
Seat 9: Dorex2007 (button) folded before Flop (didn't bet)



PokerStars Hand #239042996015:  Hold'em No Limit ($0.02/$0.05 USD) - 2022/10/04 21:05:15 PT [2022/10/05 0:05:15 ET]
Table 'Ibarruri' 9-max Seat #2 is the button
Seat 1: r4yjz248 ($5 in chips) 
Seat 2: ssislander ($2.95 in chips) 
Seat 3: dempseyCZ ($4.01 in chips) 
Seat 4: sakuno36 ($7.28 in chips) 
Seat 5: BrenoVns ($7.52 in chips) 
Seat 6: killervzla28 ($5 in chips) 
Seat 7: Vasilia99 ($2.64 in chips) 
Seat 8: BlackCat0812 ($3.91 in chips) 
Seat 9: Dorex2007 ($9.95 in chips) 
dempseyCZ: posts small blind $0.02
sakuno36: posts big blind $0.05
r4yjz248: posts big blind $0.05
*** HOLE CARDS ***
Dealt to Dorex2007 [4s 6d]
BrenoVns has timed out
BrenoVns: folds 
killervzla28: folds 
Vasilia99: calls $0.05
BlackCat0812: folds 
Dorex2007: folds 
r4yjz248: checks 
ssislander: folds 
dempseyCZ: raises $0.15 to $0.20
sakuno36: folds 
Vasilia99: calls $0.15
r4yjz248: calls $0.15
*** FLOP *** [5h 2s 3d]
dempseyCZ: bets $0.40
Vasilia99: raises $0.40 to $0.80
r4yjz248: folds 
dempseyCZ: calls $0.40
*** TURN *** [5h 2s 3d] [8h]
dempseyCZ: checks 
Vasilia99: checks 
*** RIVER *** [5h 2s 3d 8h] [Jc]
dempseyCZ: bets $0.98
Vasilia99: raises $0.66 to $1.64 and is all-in
dempseyCZ: calls $0.66
*** SHOW DOWN ***
Vasilia99: shows [Ad Jh] (a pair of Jacks)
dempseyCZ: shows [Qs Qc] (a pair of Queens)
dempseyCZ collected $5.30 from pot
*** SUMMARY ***
Total pot $5.53 | Rake $0.23 
Board [5h 2s 3d 8h Jc]
Seat 1: r4yjz248 folded on the Flop
Seat 2: ssislander (button) folded before Flop (didn't bet)
Seat 3: dempseyCZ (small blind) showed [Qs Qc] and won ($5.30) with a pair of Queens
Seat 4: sakuno36 (big blind) folded before Flop
Seat 5: BrenoVns folded before Flop (didn't bet)
Seat 6: killervzla28 folded before Flop (didn't bet)
Seat 7: Vasilia99 showed [Ad Jh] and lost with a pair of Jacks
Seat 8: BlackCat0812 folded before Flop (didn't bet)
Seat 9: Dorex2007 folded before Flop (didn't bet)



PokerStars Hand #239043003692:  Hold'em No Limit ($0.02/$0.05 USD) - 2022/10/04 21:06:21 PT [2022/10/05 0:06:21 ET]
Table 'Ibarruri' 9-max Seat #3 is the button
Seat 1: r4yjz248 ($4.80 in chips) 
Seat 2: ssislander ($2.95 in chips) 
Seat 3: dempseyCZ ($6.67 in chips) 
Seat 4: sakuno36 ($7.23 in chips) 
Seat 5: BrenoVns ($7.52 in chips) 
Seat 6: killervzla28 ($5 in chips) 
Seat 8: BlackCat0812 ($3.91 in chips) 
Seat 9: Dorex2007 ($9.95 in chips) 
sakuno36: posts small blind $0.02
BrenoVns: posts big blind $0.05
*** HOLE CARDS ***
Dealt to Dorex2007 [4c 2d]
killervzla28: folds 
BlackCat0812: folds 
Dorex2007: folds 
r4yjz248: folds 
ssislander: folds 
dempseyCZ: folds 
sakuno36: folds 
Uncalled bet ($0.03) returned to BrenoVns
BrenoVns collected $0.04 from pot
BrenoVns: doesn't show hand 
*** SUMMARY ***
Total pot $0.04 | Rake $0 
Seat 1: r4yjz248 folded before Flop (didn't bet)
Seat 2: ssislander folded before Flop (didn't bet)
Seat 3: dempseyCZ (button) folded before Flop (didn't bet)
Seat 4: sakuno36 (small blind) folded before Flop
Seat 5: BrenoVns (big blind) collected ($0.04)
Seat 6: killervzla28 folded before Flop (didn't bet)
Seat 8: BlackCat0812 folded before Flop (didn't bet)
Seat 9: Dorex2007 folded before Flop (didn't bet)



PokerStars Hand #239043006375:  Hold'em No Limit ($0.02/$0.05 USD) - 2022/10/04 21:06:44 PT [2022/10/05 0:06:44 ET]
Table 'Ibarruri' 9-max Seat #4 is the button
Seat 1: r4yjz248 ($4.80 in chips) 
Seat 2: ssislander ($2.95 in chips) 
Seat 3: dempseyCZ ($6.67 in chips) 
Seat 4: sakuno36 ($7.21 in chips) 
Seat 5: BrenoVns ($7.54 in chips) 
Seat 6: killervzla28 ($5 in chips) 
Seat 8: BlackCat0812 ($3.91 in chips) 
Seat 9: Dorex2007 ($9.95 in chips) 
BrenoVns: posts small blind $0.02
killervzla28: posts big blind $0.05
*** HOLE CARDS ***
Dealt to Dorex2007 [3d 9d]
BlackCat0812: folds 
Dorex2007: folds 
r4yjz248: folds 
ssislander: folds 
dempseyCZ: folds 
sakuno36: folds 
BrenoVns: folds 
Uncalled bet ($0.03) returned to killervzla28
killervzla28 collected $0.04 from pot
killervzla28: doesn't show hand 
*** SUMMARY ***
Total pot $0.04 | Rake $0 
Seat 1: r4yjz248 folded before Flop (didn't bet)
Seat 2: ssislander folded before Flop (didn't bet)
Seat 3: dempseyCZ folded before Flop (didn't bet)
Seat 4: sakuno36 (button) folded before Flop (didn't bet)
Seat 5: BrenoVns (small blind) folded before Flop
Seat 6: killervzla28 (big blind) collected ($0.04)
Seat 8: BlackCat0812 folded before Flop (didn't bet)
Seat 9: Dorex2007 folded before Flop (didn't bet)



PokerStars Hand #239043008302:  Hold'em No Limit ($0.02/$0.05 USD) - 2022/10/04 21:07:00 PT [2022/10/05 0:07:00 ET]
Table 'Ibarruri' 9-max Seat #5 is the button
Seat 1: r4yjz248 ($4.80 in chips) 
Seat 2: ssislander ($2.95 in chips) 
Seat 3: dempseyCZ ($6.67 in chips) 
Seat 4: sakuno36 ($7.21 in chips) 
Seat 5: BrenoVns ($7.52 in chips) 
Seat 6: killervzla28 ($5.02 in chips) 
Seat 7: Vasilia99 ($2 in chips) 
Seat 8: BlackCat0812 ($3.91 in chips) 
Seat 9: Dorex2007 ($9.95 in chips) 
killervzla28: posts small blind $0.02
Vasilia99: posts big blind $0.05
*** HOLE CARDS ***
Dealt to Dorex2007 [8s Ks]
BlackCat0812: folds 
Dorex2007: folds 
r4yjz248: folds 
ssislander: calls $0.05
dempseyCZ: folds 
sakuno36: folds 
BrenoVns: raises $0.15 to $0.20
killervzla28: folds 
Vasilia99: calls $0.15
ssislander: calls $0.15
*** FLOP *** [6h 8h 7h]
Vasilia99: bets $0.59
ssislander: folds 
BrenoVns: raises $6.73 to $7.32 and is all-in
Vasilia99: folds 
Uncalled bet ($6.73) returned to BrenoVns
BrenoVns collected $1.73 from pot
BrenoVns: doesn't show hand 
*** SUMMARY ***
Total pot $1.80 | Rake $0.07 
Board [6h 8h 7h]
Seat 1: r4yjz248 folded before Flop (didn't bet)
Seat 2: ssislander folded on the Flop
Seat 3: dempseyCZ folded before Flop (didn't bet)
Seat 4: sakuno36 folded before Flop (didn't bet)
Seat 5: BrenoVns (button) collected ($1.73)
Seat 6: killervzla28 (small blind) folded before Flop
Seat 7: Vasilia99 (big blind) folded on the Flop
Seat 8: BlackCat0812 folded before Flop (didn't bet)
Seat 9: Dorex2007 folded before Flop (didn't bet)



PokerStars Hand #239043013402:  Hold'em No Limit ($0.02/$0.05 USD) - 2022/10/04 21:07:44 PT [2022/10/05 0:07:44 ET]
Table 'Ibarruri' 9-max Seat #6 is the button
Seat 1: r4yjz248 ($4.80 in chips) 
Seat 2: ssislander ($2.75 in chips) 
Seat 3: dempseyCZ ($6.67 in chips) 
Seat 4: sakuno36 ($7.21 in chips) 
Seat 5: BrenoVns ($8.46 in chips) 
Seat 6: killervzla28 ($5 in chips) 
Seat 7: Vasilia99 ($1.21 in chips) 
Seat 8: BlackCat0812 ($3.91 in chips) 
Seat 9: Dorex2007 ($9.95 in chips) 
Vasilia99: posts small blind $0.02
BlackCat0812: posts big blind $0.05
*** HOLE CARDS ***
Dealt to Dorex2007 [3s Kc]
Dorex2007: folds 
r4yjz248: folds 
ssislander: folds 
dempseyCZ: folds 
sakuno36: folds 
BrenoVns: folds 
killervzla28: raises $0.07 to $0.12
Vasilia99: calls $0.10
BlackCat0812 has timed out
BlackCat0812: folds 
*** FLOP *** [Kd Jh Ad]
Vasilia99: bets $0.28
killervzla28: calls $0.28
*** TURN *** [Kd Jh Ad] [7c]
Vasilia99: bets $0.20
killervzla28: raises $1.21 to $1.41
Vasilia99: calls $0.61 and is all-in
Uncalled bet ($0.60) returned to killervzla28
*** RIVER *** [Kd Jh Ad 7c] [5d]
*** SHOW DOWN ***
Vasilia99: shows [9c Qd] (high card Ace)
killervzla28: shows [Qc Ac] (a pair of Aces)
killervzla28 cashed out the hand for $2.24 | Cash Out Fee $0.02
*** SUMMARY ***
Total pot $2.47 | Rake $0.10 
Board [Kd Jh Ad 7c 5d]
Seat 1: r4yjz248 folded before Flop (didn't bet)
Seat 2: ssislander folded before Flop (didn't bet)
Seat 3: dempseyCZ folded before Flop (didn't bet)
Seat 4: sakuno36 folded before Flop (didn't bet)
Seat 5: BrenoVns folded before Flop (didn't bet)
Seat 6: killervzla28 (button) showed [Qc Ac] and won ($2.37) with a pair of Aces (pot not awarded as player cashed out)
Seat 7: Vasilia99 (small blind) showed [9c Qd] and lost with high card Ace
Seat 8: BlackCat0812 (big blind) folded before Flop
Seat 9: Dorex2007 folded before Flop (didn't bet)



PokerStars Hand #239043025096:  Hold'em No Limit ($0.02/$0.05 USD) - 2022/10/04 21:09:25 PT [2022/10/05 0:09:25 ET]
Table 'Ibarruri' 9-max Seat #9 is the button
Seat 1: r4yjz248 ($4.80 in chips) 
Seat 2: ssislander ($2.75 in chips) 
Seat 3: dempseyCZ ($6.67 in chips) 
Seat 4: sakuno36 ($7.21 in chips) 
Seat 5: BrenoVns ($8.46 in chips) 
Seat 6: killervzla28 ($6.03 in chips) 
Seat 9: Dorex2007 ($9.95 in chips) 
r4yjz248: posts small blind $0.02
ssislander: posts big blind $0.05
*** HOLE CARDS ***
Dealt to Dorex2007 [6h 2d]
Vasilia99 leaves the table
dempseyCZ: folds 
sakuno36: raises $0.10 to $0.15
BrenoVns: folds 
killervzla28: folds 
killervzla28 leaves the table
Dorex2007: folds 
StickToDPlan joins the table at seat #7 
r4yjz248: folds 
ssislander: folds 
Uncalled bet ($0.10) returned to sakuno36
sakuno36 collected $0.12 from pot
sakuno36: doesn't show hand 
*** SUMMARY ***
Total pot $0.12 | Rake $0 
Seat 1: r4yjz248 (small blind) folded before Flop
Seat 2: ssislander (big blind) folded before Flop
Seat 3: dempseyCZ folded before Flop (didn't bet)
Seat 4: sakuno36 collected ($0.12)
Seat 5: BrenoVns folded before Flop (didn't bet)
Seat 6: killervzla28 folded before Flop (didn't bet)
Seat 9: Dorex2007 (button) folded before Flop (didn't bet)



PokerStars Hand #239043027455:  Hold'em No Limit ($0.02/$0.05 USD) - 2022/10/04 21:09:44 PT [2022/10/05 0:09:44 ET]
Table 'Ibarruri' 9-max Seat #1 is the button
Seat 1: r4yjz248 ($4.78 in chips) 
Seat 2: ssislander ($2.70 in chips) 
Seat 3: dempseyCZ ($6.67 in chips) 
Seat 4: sakuno36 ($7.28 in chips) 
Seat 5: BrenoVns ($8.46 in chips) 
Seat 7: StickToDPlan ($5 in chips) 
Seat 9: Dorex2007 ($9.95 in chips) 
ssislander: posts small blind $0.02
dempseyCZ: posts big blind $0.05
StickToDPlan: posts big blind $0.05
*** HOLE CARDS ***
Dealt to Dorex2007 [Ac Jh]
sakuno36: folds 
BrenoVns: folds 
StickToDPlan: checks 
Shwaaa joins the table at seat #6 
Dorex2007: raises $0.15 to $0.20
r4yjz248: folds 
ssislander: calls $0.18
dempseyCZ: folds 
StickToDPlan: folds 
*** FLOP *** [4s 3s 3d]
ssislander: checks 
Dorex2007: bets $9.75 and is all-in
ssislander: folds 
Uncalled bet ($9.75) returned to Dorex2007
Dorex2007 collected $0.48 from pot
Dorex2007: doesn't show hand 
*** SUMMARY ***
Total pot $0.50 | Rake $0.02 
Board [4s 3s 3d]
Seat 1: r4yjz248 (button) folded before Flop (didn't bet)
Seat 2: ssislander (small blind) folded on the Flop
Seat 3: dempseyCZ (big blind) folded before Flop
Seat 4: sakuno36 folded before Flop (didn't bet)
Seat 5: BrenoVns folded before Flop (didn't bet)
Seat 7: StickToDPlan folded before Flop (didn't bet)
Seat 9: Dorex2007 collected ($0.48)



PokerStars Hand #239043033259:  Hold'em No Limit ($0.02/$0.05 USD) - 2022/10/04 21:10:34 PT [2022/10/05 0:10:34 ET]
Table 'Ibarruri' 9-max Seat #2 is the button
Seat 1: r4yjz248 ($4.78 in chips) 
Seat 2: ssislander ($2.50 in chips) 
Seat 3: dempseyCZ ($6.62 in chips) 
Seat 4: sakuno36 ($7.28 in chips) 
Seat 5: BrenoVns ($8.46 in chips) 
Seat 7: StickToDPlan ($4.95 in chips) 
Seat 9: Dorex2007 ($10.23 in chips) 
dempseyCZ: posts small blind $0.02
sakuno36: posts big blind $0.05
Shwaaa: sits out 
*** HOLE CARDS ***
Dealt to Dorex2007 [6c Td]
BrenoVns: folds 
StickToDPlan: folds 
Dorex2007: folds 
r4yjz248: folds 
ssislander: folds 
dempseyCZ: raises $0.10 to $0.15
sakuno36: folds 
Uncalled bet ($0.10) returned to dempseyCZ
dempseyCZ collected $0.10 from pot
*** SUMMARY ***
Total pot $0.10 | Rake $0 
Seat 1: r4yjz248 folded before Flop (didn't bet)
Seat 2: ssislander (button) folded before Flop (didn't bet)
Seat 3: dempseyCZ (small blind) collected ($0.10)
Seat 4: sakuno36 (big blind) folded before Flop
Seat 5: BrenoVns folded before Flop (didn't bet)
Seat 7: StickToDPlan folded before Flop (didn't bet)
Seat 9: Dorex2007 folded before Flop (didn't bet)



PokerStars Hand #239043034874:  Hold'em No Limit ($0.02/$0.05 USD) - 2022/10/04 21:10:48 PT [2022/10/05 0:10:48 ET]
Table 'Ibarruri' 9-max Seat #3 is the button
Seat 1: r4yjz248 ($4.78 in chips) 
Seat 2: ssislander ($2.50 in chips) 
Seat 3: dempseyCZ ($6.67 in chips) 
Seat 4: sakuno36 ($7.23 in chips) 
Seat 5: BrenoVns ($8.46 in chips) 
Seat 7: StickToDPlan ($4.95 in chips) 
Seat 9: Dorex2007 ($10.23 in chips) 
sakuno36: posts small blind $0.02
BrenoVns: posts big blind $0.05
Shwaaa: sits out 
*** HOLE CARDS ***
Dealt to Dorex2007 [8s 7d]
StickToDPlan: folds 
Dorex2007: folds 
r4yjz248: raises $0.10 to $0.15
ssislander: folds 
dempseyCZ: folds 
sakuno36: folds 
BrenoVns: folds 
Uncalled bet ($0.10) returned to r4yjz248
r4yjz248 collected $0.12 from pot
*** SUMMARY ***
Total pot $0.12 | Rake $0 
Seat 1: r4yjz248 collected ($0.12)
Seat 2: ssislander folded before Flop (didn't bet)
Seat 3: dempseyCZ (button) folded before Flop (didn't bet)
Seat 4: sakuno36 (small blind) folded before Flop
Seat 5: BrenoVns (big blind) folded before Flop
Seat 7: StickToDPlan folded before Flop (didn't bet)
Seat 9: Dorex2007 folded before Flop (didn't bet)



PokerStars Hand #239043037250:  Hold'em No Limit ($0.02/$0.05 USD) - 2022/10/04 21:11:08 PT [2022/10/05 0:11:08 ET]
Table 'Ibarruri' 9-max Seat #4 is the button
Seat 1: r4yjz248 ($4.85 in chips) 
Seat 2: ssislander ($2.50 in chips) 
Seat 3: dempseyCZ ($6.67 in chips) 
Seat 4: sakuno36 ($7.21 in chips) 
Seat 5: BrenoVns ($8.41 in chips) 
Seat 6: Shwaaa ($5 in chips) 
Seat 7: StickToDPlan ($4.95 in chips) 
Seat 8: BlackCat0812 ($3.86 in chips) 
Seat 9: Dorex2007 ($10.23 in chips) 
BrenoVns: posts small blind $0.02
Shwaaa: posts big blind $0.05
*** HOLE CARDS ***
Dealt to Dorex2007 [7d Js]
StickToDPlan: folds 
BlackCat0812: folds 
Dorex2007: folds 
r4yjz248: raises $0.10 to $0.15
ssislander: folds 
dempseyCZ: folds 
sakuno36: folds 
BrenoVns: folds 
Shwaaa: folds 
Uncalled bet ($0.10) returned to r4yjz248
r4yjz248 collected $0.12 from pot
*** SUMMARY ***
Total pot $0.12 | Rake $0 
Seat 1: r4yjz248 collected ($0.12)
Seat 2: ssislander folded before Flop (didn't bet)
Seat 3: dempseyCZ folded before Flop (didn't bet)
Seat 4: sakuno36 (button) folded before Flop (didn't bet)
Seat 5: BrenoVns (small blind) folded before Flop
Seat 6: Shwaaa (big blind) folded before Flop
Seat 7: StickToDPlan folded before Flop (didn't bet)
Seat 8: BlackCat0812 folded before Flop (didn't bet)
Seat 9: Dorex2007 folded before Flop (didn't bet)



PokerStars Hand #239043040931:  Hold'em No Limit ($0.02/$0.05 USD) - 2022/10/04 21:11:40 PT [2022/10/05 0:11:40 ET]
Table 'Ibarruri' 9-max Seat #5 is the button
Seat 1: r4yjz248 ($4.92 in chips) 
Seat 2: ssislander ($2.50 in chips) 
Seat 3: dempseyCZ ($6.67 in chips) 
Seat 4: sakuno36 ($7.21 in chips) 
Seat 5: BrenoVns ($8.39 in chips) 
Seat 6: Shwaaa ($4.95 in chips) 
Seat 7: StickToDPlan ($4.95 in chips) 
Seat 8: BlackCat0812 ($3.86 in chips) 
Seat 9: Dorex2007 ($10.23 in chips) 
Shwaaa: posts small blind $0.02
StickToDPlan: posts big blind $0.05
*** HOLE CARDS ***
Dealt to Dorex2007 [Kc Qs]
BlackCat0812: calls $0.05
Dorex2007: calls $0.05
r4yjz248: folds 
ssislander: folds 
dempseyCZ: raises $0.10 to $0.15
sakuno36: folds 
BrenoVns: folds 
Shwaaa: folds 
StickToDPlan: folds 
BlackCat0812: folds 
Dorex2007: folds 
Uncalled bet ($0.10) returned to dempseyCZ
dempseyCZ collected $0.22 from pot
*** SUMMARY ***
Total pot $0.22 | Rake $0 
Seat 1: r4yjz248 folded before Flop (didn't bet)
Seat 2: ssislander folded before Flop (didn't bet)
Seat 3: dempseyCZ collected ($0.22)
Seat 4: sakuno36 folded before Flop (didn't bet)
Seat 5: BrenoVns (button) folded before Flop (didn't bet)
Seat 6: Shwaaa (small blind) folded before Flop
Seat 7: StickToDPlan (big blind) folded before Flop
Seat 8: BlackCat0812 folded before Flop
Seat 9: Dorex2007 folded before Flop



PokerStars Hand #239043044248:  Hold'em No Limit ($0.02/$0.05 USD) - 2022/10/04 21:12:08 PT [2022/10/05 0:12:08 ET]
Table 'Ibarruri' 9-max Seat #6 is the button
Seat 1: r4yjz248 ($4.92 in chips) 
Seat 2: ssislander ($2.50 in chips) 
Seat 3: dempseyCZ ($6.84 in chips) 
Seat 4: sakuno36 ($7.21 in chips) 
Seat 5: BrenoVns ($8.39 in chips) 
Seat 6: Shwaaa ($4.93 in chips) 
Seat 7: StickToDPlan ($4.90 in chips) 
Seat 8: BlackCat0812 ($3.81 in chips) 
Seat 9: Dorex2007 ($10.18 in chips) 
StickToDPlan: posts small blind $0.02
BlackCat0812: posts big blind $0.05
*** HOLE CARDS ***
Dealt to Dorex2007 [3h Kd]
Dorex2007: folds 
r4yjz248: raises $0.10 to $0.15
ssislander: folds 
dempseyCZ: folds 
sakuno36: calls $0.15
BrenoVns: folds 
Shwaaa: raises $0.53 to $0.68
StickToDPlan: folds 
BlackCat0812: folds 
r4yjz248: raises $1.17 to $1.85
sakuno36: folds 
Shwaaa: raises $3.08 to $4.93 and is all-in
r4yjz248: calls $3.07 and is all-in
Uncalled bet ($0.01) returned to Shwaaa
*** FLOP *** [Ad Qc 6d]
*** TURN *** [Ad Qc 6d] [Ah]
*** RIVER *** [Ad Qc 6d Ah] [Qh]
*** SHOW DOWN ***
r4yjz248: shows [Kc As] (a full house, Aces full of Queens)
Shwaaa: shows [Ks Kh] (two pair, Aces and Kings)
r4yjz248 collected $9.64 from pot
*** SUMMARY ***
Total pot $10.06 | Rake $0.42 
Board [Ad Qc 6d Ah Qh]
Seat 1: r4yjz248 showed [Kc As] and won ($9.64) with a full house, Aces full of Queens
Seat 2: ssislander folded before Flop (didn't bet)
Seat 3: dempseyCZ folded before Flop (didn't bet)
Seat 4: sakuno36 folded before Flop
Seat 5: BrenoVns folded before Flop (didn't bet)
Seat 6: Shwaaa (button) showed [Ks Kh] and lost with two pair, Aces and Kings
Seat 7: StickToDPlan (small blind) folded before Flop
Seat 8: BlackCat0812 (big blind) folded before Flop
Seat 9: Dorex2007 folded before Flop (didn't bet)



PokerStars Hand #239043054388:  Hold'em No Limit ($0.02/$0.05 USD) - 2022/10/04 21:13:34 PT [2022/10/05 0:13:34 ET]
Table 'Ibarruri' 9-max Seat #7 is the button
Seat 1: r4yjz248 ($9.64 in chips) 
Seat 2: ssislander ($2.50 in chips) 
Seat 3: dempseyCZ ($6.84 in chips) 
Seat 4: sakuno36 ($7.06 in chips) 
Seat 5: BrenoVns ($8.39 in chips) 
Seat 7: StickToDPlan ($4.88 in chips) 
Seat 8: BlackCat0812 ($3.76 in chips) 
Seat 9: Dorex2007 ($10.18 in chips) 
BlackCat0812: posts small blind $0.02
Dorex2007: posts big blind $0.05
*** HOLE CARDS ***
Dealt to Dorex2007 [Ts 6d]
r4yjz248: folds 
ssislander: folds 
dempseyCZ: folds 
sakuno36: folds 
BrenoVns: folds 
StickToDPlan: folds 
BlackCat0812: calls $0.03
Dorex2007: checks 
*** FLOP *** [2d Ad 5d]
BlackCat0812: bets $0.15
Dorex2007: folds 
Uncalled bet ($0.15) returned to BlackCat0812
BlackCat0812 collected $0.10 from pot
BlackCat0812: doesn't show hand 
*** SUMMARY ***
Total pot $0.10 | Rake $0 
Board [2d Ad 5d]
Seat 1: r4yjz248 folded before Flop (didn't bet)
Seat 2: ssislander folded before Flop (didn't bet)
Seat 3: dempseyCZ folded before Flop (didn't bet)
Seat 4: sakuno36 folded before Flop (didn't bet)
Seat 5: BrenoVns folded before Flop (didn't bet)
Seat 7: StickToDPlan (button) folded before Flop (didn't bet)
Seat 8: BlackCat0812 (small blind) collected ($0.10)
Seat 9: Dorex2007 (big blind) folded on the Flop



PokerStars Hand #239043056629:  Hold'em No Limit ($0.02/$0.05 USD) - 2022/10/04 21:13:53 PT [2022/10/05 0:13:53 ET]
Table 'Ibarruri' 9-max Seat #8 is the button
Seat 1: r4yjz248 ($9.64 in chips) 
Seat 2: ssislander ($2.50 in chips) 
Seat 3: dempseyCZ ($6.84 in chips) 
Seat 4: sakuno36 ($7.06 in chips) 
Seat 5: BrenoVns ($8.39 in chips) 
Seat 6: Shwaaa ($5 in chips) 
Seat 7: StickToDPlan ($4.88 in chips) 
Seat 8: BlackCat0812 ($3.81 in chips) 
Seat 9: Dorex2007 ($10.13 in chips) 
Dorex2007: posts small blind $0.02
r4yjz248: posts big blind $0.05
*** HOLE CARDS ***
Dealt to Dorex2007 [Qs As]
ssislander: calls $0.05
dempseyCZ has timed out
dempseyCZ: folds 
sakuno36: raises $0.10 to $0.15
BrenoVns: folds 
Shwaaa: calls $0.15
StickToDPlan: folds 
BlackCat0812: folds 
Dorex2007: calls $0.13
r4yjz248: folds 
ssislander: calls $0.10
*** FLOP *** [6s Ad 7h]
Dorex2007: bets $0.41
ssislander: folds 
sakuno36: calls $0.41
Shwaaa: folds 
*** TURN *** [6s Ad 7h] [4s]
Dorex2007: bets $9.57 and is all-in
sakuno36: calls $6.50 and is all-in
Uncalled bet ($3.07) returned to Dorex2007
*** RIVER *** [6s Ad 7h 4s] [6c]
*** SHOW DOWN ***
Dorex2007: shows [Qs As] (two pair, Aces and Sixes)
sakuno36: shows [Ah Qd] (two pair, Aces and Sixes)
sakuno36 collected $6.93 from pot
Dorex2007 cashed out the hand for $8.28 | Cash Out Fee $0.08
*** SUMMARY ***
Total pot $14.47 | Rake $0.60 
Board [6s Ad 7h 4s 6c]
Seat 1: r4yjz248 (big blind) folded before Flop
Seat 2: ssislander folded on the Flop
Seat 3: dempseyCZ folded before Flop (didn't bet)
Seat 4: sakuno36 showed [Ah Qd] and won ($6.93) with two pair, Aces and Sixes
Seat 5: BrenoVns folded before Flop (didn't bet)
Seat 6: Shwaaa folded on the Flop
Seat 7: StickToDPlan folded before Flop (didn't bet)
Seat 8: BlackCat0812 (button) folded before Flop (didn't bet)
Seat 9: Dorex2007 (small blind) showed [Qs As] and won ($6.94) with two pair, Aces and Sixes (pot not awarded as player cashed out)



PokerStars Hand #239043063798:  Hold'em No Limit ($0.02/$0.05 USD) - 2022/10/04 21:14:55 PT [2022/10/05 0:14:55 ET]
Table 'Ibarruri' 9-max Seat #9 is the button
Seat 1: r4yjz248 ($9.59 in chips) 
Seat 2: ssislander ($2.35 in chips) 
Seat 3: dempseyCZ ($6.84 in chips) 
Seat 4: sakuno36 ($6.93 in chips) 
Seat 5: BrenoVns ($8.39 in chips) 
Seat 6: Shwaaa ($4.85 in chips) 
Seat 7: StickToDPlan ($4.88 in chips) 
Seat 8: BlackCat0812 ($3.81 in chips) 
Seat 9: Dorex2007 ($11.35 in chips) 
r4yjz248: posts small blind $0.02
ssislander: posts big blind $0.05
*** HOLE CARDS ***
Dealt to Dorex2007 [Qs Qc]
dempseyCZ: folds 
sakuno36: folds 
BrenoVns: folds 
Shwaaa: folds 
StickToDPlan: folds 
BlackCat0812: calls $0.05
Dorex2007: raises $0.17 to $0.22
r4yjz248: folds 
ssislander: folds 
BlackCat0812: folds 
Uncalled bet ($0.17) returned to Dorex2007
Dorex2007 collected $0.17 from pot
Dorex2007: doesn't show hand 
*** SUMMARY ***
Total pot $0.17 | Rake $0 
Seat 1: r4yjz248 (small blind) folded before Flop
Seat 2: ssislander (big blind) folded before Flop
Seat 3: dempseyCZ folded before Flop (didn't bet)
Seat 4: sakuno36 folded before Flop (didn't bet)
Seat 5: BrenoVns folded before Flop (didn't bet)
Seat 6: Shwaaa folded before Flop (didn't bet)
Seat 7: StickToDPlan folded before Flop (didn't bet)
Seat 8: BlackCat0812 folded before Flop
Seat 9: Dorex2007 (button) collected ($0.17)



PokerStars Hand #239043067152:  Hold'em No Limit ($0.02/$0.05 USD) - 2022/10/04 21:15:25 PT [2022/10/05 0:15:25 ET]
Table 'Ibarruri' 9-max Seat #1 is the button
Seat 1: r4yjz248 ($9.57 in chips) 
Seat 2: ssislander ($2.30 in chips) 
Seat 3: dempseyCZ ($6.84 in chips) 
Seat 4: sakuno36 ($6.93 in chips) 
Seat 5: BrenoVns ($8.39 in chips) 
Seat 6: Shwaaa ($4.85 in chips) 
Seat 7: StickToDPlan ($4.88 in chips) 
Seat 8: BlackCat0812 ($3.76 in chips) 
Seat 9: Dorex2007 ($11.47 in chips) 
ssislander: posts small blind $0.02
dempseyCZ: posts big blind $0.05
*** HOLE CARDS ***
Dealt to Dorex2007 [6h 3h]
sakuno36: folds 
BrenoVns: folds 
Shwaaa: folds 
StickToDPlan: folds 
BlackCat0812: calls $0.05
Dorex2007: folds 
r4yjz248: folds 
ssislander: calls $0.03
dempseyCZ: checks 
*** FLOP *** [8h 7c 4h]
ssislander: checks 
dempseyCZ: checks 
BlackCat0812: bets $0.05
ssislander: calls $0.05
dempseyCZ: calls $0.05
*** TURN *** [8h 7c 4h] [Js]
ssislander: checks 
dempseyCZ: checks 
BlackCat0812: bets $0.29
ssislander: calls $0.29
dempseyCZ: folds 
*** RIVER *** [8h 7c 4h Js] [2s]
ssislander: checks 
BlackCat0812: bets $1
ssislander: folds 
Uncalled bet ($1) returned to BlackCat0812
BlackCat0812 collected $0.84 from pot
BlackCat0812: doesn't show hand 
*** SUMMARY ***
Total pot $0.88 | Rake $0.04 
Board [8h 7c 4h Js 2s]
Seat 1: r4yjz248 (button) folded before Flop (didn't bet)
Seat 2: ssislander (small blind) folded on the River
Seat 3: dempseyCZ (big blind) folded on the Turn
Seat 4: sakuno36 folded before Flop (didn't bet)
Seat 5: BrenoVns folded before Flop (didn't bet)
Seat 6: Shwaaa folded before Flop (didn't bet)
Seat 7: StickToDPlan folded before Flop (didn't bet)
Seat 8: BlackCat0812 collected ($0.84)
Seat 9: Dorex2007 folded before Flop (didn't bet)



PokerStars Hand #239043074563:  Hold'em No Limit ($0.02/$0.05 USD) - 2022/10/04 21:16:28 PT [2022/10/05 0:16:28 ET]
Table 'Ibarruri' 9-max Seat #2 is the button
Seat 1: r4yjz248 ($9.57 in chips) 
Seat 2: ssislander ($1.91 in chips) 
Seat 3: dempseyCZ ($6.74 in chips) 
Seat 4: sakuno36 ($6.93 in chips) 
Seat 5: BrenoVns ($8.39 in chips) 
Seat 6: Shwaaa ($4.85 in chips) 
Seat 7: StickToDPlan ($4.88 in chips) 
Seat 8: BlackCat0812 ($4.21 in chips) 
Seat 9: Dorex2007 ($11.47 in chips) 
dempseyCZ: posts small blind $0.02
sakuno36: posts big blind $0.05
*** HOLE CARDS ***
Dealt to Dorex2007 [5c Ad]
BrenoVns: folds 
Shwaaa: folds 
StickToDPlan: folds 
BlackCat0812: calls $0.05
Dorex2007: folds 
r4yjz248: folds 
ssislander: calls $0.05
dempseyCZ: calls $0.03
sakuno36: checks 
*** FLOP *** [4c Ah 2d]
dempseyCZ: checks 
sakuno36: checks 
BlackCat0812: checks 
ssislander: bets $0.19
dempseyCZ: folds 
sakuno36: calls $0.19
BlackCat0812: folds 
*** TURN *** [4c Ah 2d] [5s]
sakuno36: checks 
ssislander: bets $0.05
sakuno36: calls $0.05
*** RIVER *** [4c Ah 2d 5s] [8h]
sakuno36: checks 
ssislander: bets $0.32
sakuno36: folds 
Uncalled bet ($0.32) returned to ssislander
ssislander collected $0.65 from pot
ssislander: doesn't show hand 
*** SUMMARY ***
Total pot $0.68 | Rake $0.03 
Board [4c Ah 2d 5s 8h]
Seat 1: r4yjz248 folded before Flop (didn't bet)
Seat 2: ssislander (button) collected ($0.65)
Seat 3: dempseyCZ (small blind) folded on the Flop
Seat 4: sakuno36 (big blind) folded on the River
Seat 5: BrenoVns folded before Flop (didn't bet)
Seat 6: Shwaaa folded before Flop (didn't bet)
Seat 7: StickToDPlan folded before Flop (didn't bet)
Seat 8: BlackCat0812 folded on the Flop
Seat 9: Dorex2007 folded before Flop (didn't bet)



PokerStars Hand #239043081397:  Hold'em No Limit ($0.02/$0.05 USD) - 2022/10/04 21:17:26 PT [2022/10/05 0:17:26 ET]
Table 'Ibarruri' 9-max Seat #3 is the button
Seat 1: r4yjz248 ($9.57 in chips) 
Seat 2: ssislander ($2.27 in chips) 
Seat 3: dempseyCZ ($6.69 in chips) 
Seat 4: sakuno36 ($6.64 in chips) 
Seat 5: BrenoVns ($8.39 in chips) 
Seat 6: Shwaaa ($4.85 in chips) 
Seat 7: StickToDPlan ($4.88 in chips) 
Seat 8: BlackCat0812 ($4.16 in chips) 
Seat 9: Dorex2007 ($11.47 in chips) 
sakuno36: posts small blind $0.02
BrenoVns: posts big blind $0.05
*** HOLE CARDS ***
Dealt to Dorex2007 [Qd Tc]
Shwaaa: folds 
StickToDPlan: calls $0.05
BlackCat0812: folds 
Dorex2007: folds 
r4yjz248: folds 
ssislander: folds 
dempseyCZ: folds 
sakuno36: calls $0.03
BrenoVns: checks 
*** FLOP *** [Ad Jh 7d]
sakuno36: checks 
BrenoVns: checks 
StickToDPlan: bets $0.10
sakuno36: calls $0.10
BrenoVns: folds 
*** TURN *** [Ad Jh 7d] [Kd]
sakuno36: checks 
StickToDPlan: checks 
*** RIVER *** [Ad Jh 7d Kd] [3h]
sakuno36: checks 
StickToDPlan: checks 
*** SHOW DOWN ***
sakuno36: shows [Th 9c] (high card Ace)
StickToDPlan: shows [Jc Qh] (a pair of Jacks)
StickToDPlan collected $0.34 from pot
*** SUMMARY ***
Total pot $0.35 | Rake $0.01 
Board [Ad Jh 7d Kd 3h]
Seat 1: r4yjz248 folded before Flop (didn't bet)
Seat 2: ssislander folded before Flop (didn't bet)
Seat 3: dempseyCZ (button) folded before Flop (didn't bet)
Seat 4: sakuno36 (small blind) showed [Th 9c] and lost with high card Ace
Seat 5: BrenoVns (big blind) folded on the Flop
Seat 6: Shwaaa folded before Flop (didn't bet)
Seat 7: StickToDPlan showed [Jc Qh] and won ($0.34) with a pair of Jacks
Seat 8: BlackCat0812 folded before Flop (didn't bet)
Seat 9: Dorex2007 folded before Flop (didn't bet)



PokerStars Hand #239043086543:  Hold'em No Limit ($0.02/$0.05 USD) - 2022/10/04 21:18:09 PT [2022/10/05 0:18:09 ET]
Table 'Ibarruri' 9-max Seat #4 is the button
Seat 1: r4yjz248 ($9.57 in chips) 
Seat 2: ssislander ($2.27 in chips) 
Seat 3: dempseyCZ ($6.69 in chips) 
Seat 4: sakuno36 ($6.49 in chips) 
Seat 5: BrenoVns ($8.34 in chips) 
Seat 6: Shwaaa ($4.85 in chips) 
Seat 7: StickToDPlan ($5.07 in chips) 
Seat 8: BlackCat0812 ($4.16 in chips) 
Seat 9: Dorex2007 ($11.47 in chips) 
BrenoVns: posts small blind $0.02
Shwaaa: posts big blind $0.05
*** HOLE CARDS ***
Dealt to Dorex2007 [Ks 7d]
StickToDPlan: folds 
BlackCat0812: calls $0.05
Dorex2007: folds 
r4yjz248: raises $0.10 to $0.15
ssislander: folds 
dempseyCZ: folds 
sakuno36: folds 
BrenoVns: folds 
Shwaaa: calls $0.10
BlackCat0812: folds 
*** FLOP *** [Tc Ac 7s]
Shwaaa: checks 
r4yjz248: bets $0.25
Shwaaa: calls $0.25
*** TURN *** [Tc Ac 7s] [4d]
Shwaaa: checks 
r4yjz248: checks 
*** RIVER *** [Tc Ac 7s 4d] [5s]
Shwaaa: bets $0.48
r4yjz248: folds 
Uncalled bet ($0.48) returned to Shwaaa
Shwaaa collected $0.83 from pot
Shwaaa: doesn't show hand 
*** SUMMARY ***
Total pot $0.87 | Rake $0.04 
Board [Tc Ac 7s 4d 5s]
Seat 1: r4yjz248 folded on the River
Seat 2: ssislander folded before Flop (didn't bet)
Seat 3: dempseyCZ folded before Flop (didn't bet)
Seat 4: sakuno36 (button) folded before Flop (didn't bet)
Seat 5: BrenoVns (small blind) folded before Flop
Seat 6: Shwaaa (big blind) collected ($0.83)
Seat 7: StickToDPlan folded before Flop (didn't bet)
Seat 8: BlackCat0812 folded before Flop
Seat 9: Dorex2007 folded before Flop (didn't bet)



PokerStars Hand #239043096537:  Hold'em No Limit ($0.02/$0.05 USD) - 2022/10/04 21:19:34 PT [2022/10/05 0:19:34 ET]
Table 'Ibarruri' 9-max Seat #5 is the button
Seat 1: r4yjz248 ($9.17 in chips) 
Seat 2: ssislander ($2.27 in chips) 
Seat 3: dempseyCZ ($6.69 in chips) 
Seat 4: sakuno36 ($6.49 in chips) 
Seat 5: BrenoVns ($8.32 in chips) 
Seat 6: Shwaaa ($5.28 in chips) 
Seat 7: StickToDPlan ($5.07 in chips) 
Seat 8: BlackCat0812 ($4.11 in chips) 
Seat 9: Dorex2007 ($11.47 in chips) 
Shwaaa: posts small blind $0.02
StickToDPlan: posts big blind $0.05
*** HOLE CARDS ***
Dealt to Dorex2007 [Jd 8h]
BlackCat0812: folds 
Dorex2007: folds 
r4yjz248: folds 
ssislander: folds 
dempseyCZ: raises $0.10 to $0.15
sakuno36: calls $0.15
BrenoVns: calls $0.15
Shwaaa: folds 
StickToDPlan: folds 
*** FLOP *** [4h 5c Td]
dempseyCZ: bets $0.25
sakuno36: calls $0.25
BrenoVns: calls $0.25
*** TURN *** [4h 5c Td] [4d]
dempseyCZ: checks 
sakuno36: bets $0.20
BrenoVns: calls $0.20
dempseyCZ: calls $0.20
*** RIVER *** [4h 5c Td 4d] [Jh]
dempseyCZ: checks 
sakuno36: checks 
BrenoVns: checks 
*** SHOW DOWN ***
dempseyCZ: shows [Ks Ah] (a pair of Fours)
sakuno36: mucks hand 
BrenoVns: shows [Th Kc] (two pair, Tens and Fours)
BrenoVns collected $1.79 from pot
*** SUMMARY ***
Total pot $1.87 | Rake $0.08 
Board [4h 5c Td 4d Jh]
Seat 1: r4yjz248 folded before Flop (didn't bet)
Seat 2: ssislander folded before Flop (didn't bet)
Seat 3: dempseyCZ showed [Ks Ah] and lost with a pair of Fours
Seat 4: sakuno36 mucked [3d 2d]
Seat 5: BrenoVns (button) showed [Th Kc] and won ($1.79) with two pair, Tens and Fours
Seat 6: Shwaaa (small blind) folded before Flop
Seat 7: StickToDPlan (big blind) folded before Flop
Seat 8: BlackCat0812 folded before Flop (didn't bet)
Seat 9: Dorex2007 folded before Flop (didn't bet)



PokerStars Hand #239043103521:  Hold'em No Limit ($0.02/$0.05 USD) - 2022/10/04 21:20:34 PT [2022/10/05 0:20:34 ET]
Table 'Ibarruri' 9-max Seat #6 is the button
Seat 1: r4yjz248 ($9.17 in chips) 
Seat 2: ssislander ($2.27 in chips) 
Seat 3: dempseyCZ ($6.09 in chips) 
Seat 4: sakuno36 ($5.89 in chips) 
Seat 5: BrenoVns ($9.51 in chips) 
Seat 6: Shwaaa ($5.26 in chips) 
Seat 7: StickToDPlan ($5.02 in chips) 
Seat 8: BlackCat0812 ($4.11 in chips) 
Seat 9: Dorex2007 ($11.47 in chips) 
StickToDPlan: posts small blind $0.02
BlackCat0812: posts big blind $0.05
*** HOLE CARDS ***
Dealt to Dorex2007 [6c 5h]
Dorex2007: folds 
r4yjz248: folds 
ssislander: folds 
dempseyCZ: folds 
sakuno36: folds 
BrenoVns: folds 
Shwaaa: raises $0.07 to $0.12
StickToDPlan: folds 
BlackCat0812: calls $0.07
*** FLOP *** [2h Kd As]
BlackCat0812: checks 
Shwaaa: checks 
*** TURN *** [2h Kd As] [Ac]
BlackCat0812: bets $0.15
Shwaaa: calls $0.15
*** RIVER *** [2h Kd As Ac] [6s]
BlackCat0812: checks 
Shwaaa: checks 
*** SHOW DOWN ***
BlackCat0812: shows [4h 4s] (two pair, Aces and Fours)
Shwaaa: shows [Jh Kh] (two pair, Aces and Kings)
Shwaaa collected $0.54 from pot
*** SUMMARY ***
Total pot $0.56 | Rake $0.02 
Board [2h Kd As Ac 6s]
Seat 1: r4yjz248 folded before Flop (didn't bet)
Seat 2: ssislander folded before Flop (didn't bet)
Seat 3: dempseyCZ folded before Flop (didn't bet)
Seat 4: sakuno36 folded before Flop (didn't bet)
Seat 5: BrenoVns folded before Flop (didn't bet)
Seat 6: Shwaaa (button) showed [Jh Kh] and won ($0.54) with two pair, Aces and Kings
Seat 7: StickToDPlan (small blind) folded before Flop
Seat 8: BlackCat0812 (big blind) showed [4h 4s] and lost with two pair, Aces and Fours
Seat 9: Dorex2007 folded before Flop (didn't bet)



PokerStars Hand #239043109446:  Hold'em No Limit ($0.02/$0.05 USD) - 2022/10/04 21:21:25 PT [2022/10/05 0:21:25 ET]
Table 'Ibarruri' 9-max Seat #7 is the button
Seat 1: r4yjz248 ($9.17 in chips) 
Seat 2: ssislander ($2.27 in chips) 
Seat 3: dempseyCZ ($6.09 in chips) 
Seat 4: sakuno36 ($5.89 in chips) 
Seat 5: BrenoVns ($9.51 in chips) 
Seat 6: Shwaaa ($5.53 in chips) 
Seat 7: StickToDPlan ($5 in chips) 
Seat 8: BlackCat0812 ($3.84 in chips) 
Seat 9: Dorex2007 ($11.47 in chips) 
BlackCat0812: posts small blind $0.02
Dorex2007: posts big blind $0.05
*** HOLE CARDS ***
Dealt to Dorex2007 [5s 9d]
r4yjz248: folds 
ssislander: folds 
dempseyCZ: folds 
sakuno36: folds 
BrenoVns: folds 
Shwaaa: folds 
StickToDPlan: folds 
BlackCat0812: calls $0.03
Dorex2007: checks 
*** FLOP *** [Qh Jc Ah]
BlackCat0812: checks 
Dorex2007: checks 
*** TURN *** [Qh Jc Ah] [5h]
BlackCat0812: checks 
Dorex2007: checks 
*** RIVER *** [Qh Jc Ah 5h] [5d]
BlackCat0812: checks 
Dorex2007: checks 
*** SHOW DOWN ***
BlackCat0812: shows [7h 7s] (two pair, Sevens and Fives)
Dorex2007: shows [5s 9d] (three of a kind, Fives)
Dorex2007 collected $0.10 from pot
*** SUMMARY ***
Total pot $0.10 | Rake $0 
Board [Qh Jc Ah 5h 5d]
Seat 1: r4yjz248 folded before Flop (didn't bet)
Seat 2: ssislander folded before Flop (didn't bet)
Seat 3: dempseyCZ folded before Flop (didn't bet)
Seat 4: sakuno36 folded before Flop (didn't bet)
Seat 5: BrenoVns folded before Flop (didn't bet)
Seat 6: Shwaaa folded before Flop (didn't bet)
Seat 7: StickToDPlan (button) folded before Flop (didn't bet)
Seat 8: BlackCat0812 (small blind) showed [7h 7s] and lost with two pair, Sevens and Fives
Seat 9: Dorex2007 (big blind) showed [5s 9d] and won ($0.10) with three of a kind, Fives



PokerStars Hand #239043114616:  Hold'em No Limit ($0.02/$0.05 USD) - 2022/10/04 21:22:08 PT [2022/10/05 0:22:08 ET]
Table 'Ibarruri' 9-max Seat #8 is the button
Seat 1: r4yjz248 ($9.17 in chips) 
Seat 2: ssislander ($2.27 in chips) 
Seat 3: dempseyCZ ($6.09 in chips) 
Seat 4: sakuno36 ($5.89 in chips) 
Seat 5: BrenoVns ($9.51 in chips) 
Seat 6: Shwaaa ($5.53 in chips) 
Seat 7: StickToDPlan ($5 in chips) 
Seat 8: BlackCat0812 ($3.79 in chips) 
Seat 9: Dorex2007 ($11.52 in chips) 
Dorex2007: posts small blind $0.02
r4yjz248: posts big blind $0.05
*** HOLE CARDS ***
Dealt to Dorex2007 [9d 8c]
ssislander: folds 
dempseyCZ: folds 
sakuno36: folds 
BrenoVns: folds 
Shwaaa: folds 
StickToDPlan: calls $0.05
BlackCat0812: calls $0.05
Dorex2007: folds 
r4yjz248: checks 
*** FLOP *** [Kh As Js]
r4yjz248: checks 
StickToDPlan: bets $0.15
BlackCat0812: folds 
r4yjz248: folds 
Uncalled bet ($0.15) returned to StickToDPlan
StickToDPlan collected $0.16 from pot
*** SUMMARY ***
Total pot $0.17 | Rake $0.01 
Board [Kh As Js]
Seat 1: r4yjz248 (big blind) folded on the Flop
Seat 2: ssislander folded before Flop (didn't bet)
Seat 3: dempseyCZ folded before Flop (didn't bet)
Seat 4: sakuno36 folded before Flop (didn't bet)
Seat 5: BrenoVns folded before Flop (didn't bet)
Seat 6: Shwaaa folded before Flop (didn't bet)
Seat 7: StickToDPlan collected ($0.16)
Seat 8: BlackCat0812 (button) folded on the Flop
Seat 9: Dorex2007 (small blind) folded before Flop



PokerStars Hand #239043120152:  Hold'em No Limit ($0.02/$0.05 USD) - 2022/10/04 21:22:56 PT [2022/10/05 0:22:56 ET]
Table 'Ibarruri' 9-max Seat #9 is the button
Seat 1: r4yjz248 ($9.12 in chips) 
Seat 2: ssislander ($2.27 in chips) 
Seat 3: dempseyCZ ($6.09 in chips) 
Seat 4: sakuno36 ($5.89 in chips) 
Seat 5: BrenoVns ($9.51 in chips) 
Seat 6: Shwaaa ($5.53 in chips) 
Seat 7: StickToDPlan ($5.11 in chips) 
Seat 8: BlackCat0812 ($3.74 in chips) 
Seat 9: Dorex2007 ($11.50 in chips) 
r4yjz248: posts small blind $0.02
ssislander: posts big blind $0.05
*** HOLE CARDS ***
Dealt to Dorex2007 [As 8c]
dempseyCZ: folds 
sakuno36: folds 
BrenoVns: folds 
Shwaaa: folds 
StickToDPlan: calls $0.05
BlackCat0812: folds 
Dorex2007: folds 
r4yjz248: folds 
ssislander: checks 
*** FLOP *** [Qh 4h 6h]
ssislander: checks 
StickToDPlan: bets $0.10
ssislander: folds 
Uncalled bet ($0.10) returned to StickToDPlan
StickToDPlan collected $0.12 from pot
*** SUMMARY ***
Total pot $0.12 | Rake $0 
Board [Qh 4h 6h]
Seat 1: r4yjz248 (small blind) folded before Flop
Seat 2: ssislander (big blind) folded on the Flop
Seat 3: dempseyCZ folded before Flop (didn't bet)
Seat 4: sakuno36 folded before Flop (didn't bet)
Seat 5: BrenoVns folded before Flop (didn't bet)
Seat 6: Shwaaa folded before Flop (didn't bet)
Seat 7: StickToDPlan collected ($0.12)
Seat 8: BlackCat0812 folded before Flop (didn't bet)
Seat 9: Dorex2007 (button) folded before Flop (didn't bet)



PokerStars Hand #239043125662:  Hold'em No Limit ($0.02/$0.05 USD) - 2022/10/04 21:23:44 PT [2022/10/05 0:23:44 ET]
Table 'Ibarruri' 9-max Seat #1 is the button
Seat 1: r4yjz248 ($9.10 in chips) 
Seat 2: ssislander ($2.22 in chips) 
Seat 3: dempseyCZ ($6.09 in chips) 
Seat 4: sakuno36 ($5.89 in chips) 
Seat 5: BrenoVns ($9.51 in chips) 
Seat 6: Shwaaa ($5.53 in chips) 
Seat 7: StickToDPlan ($5.18 in chips) 
Seat 8: BlackCat0812 ($3.74 in chips) 
Seat 9: Dorex2007 ($11.50 in chips) 
ssislander: posts small blind $0.02
dempseyCZ: posts big blind $0.05
*** HOLE CARDS ***
Dealt to Dorex2007 [4c Qc]
sakuno36: folds 
BrenoVns: folds 
Shwaaa: raises $0.07 to $0.12
StickToDPlan: folds 
BlackCat0812: folds 
Dorex2007: folds 
r4yjz248: calls $0.12
ssislander: raises $2.10 to $2.22 and is all-in
dempseyCZ: folds 
Shwaaa: folds 
r4yjz248: folds 
Uncalled bet ($2.10) returned to ssislander
ssislander collected $0.41 from pot
ssislander: doesn't show hand 
*** SUMMARY ***
Total pot $0.41 | Rake $0 
Seat 1: r4yjz248 (button) folded before Flop
Seat 2: ssislander (small blind) collected ($0.41)
Seat 3: dempseyCZ (big blind) folded before Flop
Seat 4: sakuno36 folded before Flop (didn't bet)
Seat 5: BrenoVns folded before Flop (didn't bet)
Seat 6: Shwaaa folded before Flop
Seat 7: StickToDPlan folded before Flop (didn't bet)
Seat 8: BlackCat0812 folded before Flop (didn't bet)
Seat 9: Dorex2007 folded before Flop (didn't bet)



PokerStars Hand #239043130198:  Hold'em No Limit ($0.02/$0.05 USD) - 2022/10/04 21:24:23 PT [2022/10/05 0:24:23 ET]
Table 'Ibarruri' 9-max Seat #2 is the button
Seat 1: r4yjz248 ($8.98 in chips) 
Seat 2: ssislander ($2.51 in chips) 
Seat 3: dempseyCZ ($6.04 in chips) 
Seat 4: sakuno36 ($5.89 in chips) 
Seat 5: BrenoVns ($9.51 in chips) 
Seat 6: Shwaaa ($5.41 in chips) 
Seat 7: StickToDPlan ($5.18 in chips) 
Seat 8: BlackCat0812 ($3.74 in chips) 
Seat 9: Dorex2007 ($11.50 in chips) 
dempseyCZ: posts small blind $0.02
sakuno36: posts big blind $0.05
*** HOLE CARDS ***
Dealt to Dorex2007 [Kc 9c]
BrenoVns: folds 
Shwaaa: folds 
StickToDPlan: calls $0.05
BlackCat0812: calls $0.05
Dorex2007: calls $0.05
r4yjz248: folds 
ssislander: folds 
dempseyCZ: raises $0.10 to $0.15
sakuno36: calls $0.10
StickToDPlan: calls $0.10
BlackCat0812: calls $0.10
Dorex2007: calls $0.10
*** FLOP *** [7h 3h Qc]
dempseyCZ: checks 
sakuno36: checks 
StickToDPlan: checks 
BlackCat0812: checks 
Dorex2007: checks 
*** TURN *** [7h 3h Qc] [Tc]
dempseyCZ: bets $0.20
sakuno36: calls $0.20
StickToDPlan: folds 
BlackCat0812: folds 
Dorex2007: calls $0.20
*** RIVER *** [7h 3h Qc Tc] [7c]
dempseyCZ: bets $0.65
sakuno36: folds 
Dorex2007: calls $0.65
*** SHOW DOWN ***
dempseyCZ: shows [3c 3d] (a full house, Threes full of Sevens)
Dorex2007: mucks hand 
dempseyCZ collected $2.54 from pot
*** SUMMARY ***
Total pot $2.65 | Rake $0.11 
Board [7h 3h Qc Tc 7c]
Seat 1: r4yjz248 folded before Flop (didn't bet)
Seat 2: ssislander (button) folded before Flop (didn't bet)
Seat 3: dempseyCZ (small blind) showed [3c 3d] and won ($2.54) with a full house, Threes full of Sevens
Seat 4: sakuno36 (big blind) folded on the River
Seat 5: BrenoVns folded before Flop (didn't bet)
Seat 6: Shwaaa folded before Flop (didn't bet)
Seat 7: StickToDPlan folded on the Turn
Seat 8: BlackCat0812 folded on the Turn
Seat 9: Dorex2007 mucked [Kc 9c]



PokerStars Hand #239043139109:  Hold'em No Limit ($0.02/$0.05 USD) - 2022/10/04 21:25:39 PT [2022/10/05 0:25:39 ET]
Table 'Ibarruri' 9-max Seat #3 is the button
Seat 1: r4yjz248 ($8.98 in chips) 
Seat 2: ssislander ($2.51 in chips) 
Seat 3: dempseyCZ ($7.58 in chips) 
Seat 4: sakuno36 ($5.54 in chips) 
Seat 5: BrenoVns ($9.51 in chips) 
Seat 6: Shwaaa ($5.41 in chips) 
Seat 7: StickToDPlan ($5.03 in chips) 
Seat 8: BlackCat0812 ($3.59 in chips) 
Seat 9: Dorex2007 ($10.50 in chips) 
sakuno36: posts small blind $0.02
BrenoVns: posts big blind $0.05
*** HOLE CARDS ***
Dealt to Dorex2007 [5d Ah]
Shwaaa: folds 
StickToDPlan: folds 
BlackCat0812: folds 
Dorex2007: folds 
r4yjz248: folds 
ssislander: folds 
dempseyCZ: folds 
sakuno36: folds 
Uncalled bet ($0.03) returned to BrenoVns
BrenoVns collected $0.04 from pot
BrenoVns: doesn't show hand 
*** SUMMARY ***
Total pot $0.04 | Rake $0 
Seat 1: r4yjz248 folded before Flop (didn't bet)
Seat 2: ssislander folded before Flop (didn't bet)
Seat 3: dempseyCZ (button) folded before Flop (didn't bet)
Seat 4: sakuno36 (small blind) folded before Flop
Seat 5: BrenoVns (big blind) collected ($0.04)
Seat 6: Shwaaa folded before Flop (didn't bet)
Seat 7: StickToDPlan folded before Flop (didn't bet)
Seat 8: BlackCat0812 folded before Flop (didn't bet)
Seat 9: Dorex2007 folded before Flop (didn't bet)



PokerStars Hand #239043142035:  Hold'em No Limit ($0.02/$0.05 USD) - 2022/10/04 21:26:04 PT [2022/10/05 0:26:04 ET]
Table 'Ibarruri' 9-max Seat #4 is the button
Seat 1: r4yjz248 ($8.98 in chips) 
Seat 2: ssislander ($2.51 in chips) 
Seat 3: dempseyCZ ($7.58 in chips) 
Seat 4: sakuno36 ($5.52 in chips) 
Seat 5: BrenoVns ($9.53 in chips) 
Seat 6: Shwaaa ($5.41 in chips) 
Seat 7: StickToDPlan ($5.03 in chips) 
Seat 8: BlackCat0812 ($3.59 in chips) 
Seat 9: Dorex2007 ($10.50 in chips) 
BrenoVns: posts small blind $0.02
Shwaaa: posts big blind $0.05
*** HOLE CARDS ***
Dealt to Dorex2007 [2c 7h]
StickToDPlan: raises $0.20 to $0.25
BlackCat0812: calls $0.25
Dorex2007: folds 
r4yjz248: folds 
ssislander: calls $0.25
dempseyCZ: folds 
sakuno36: folds 
BrenoVns: folds 
Shwaaa: folds 
*** FLOP *** [4c 6s 2s]
StickToDPlan: bets $0.74
BlackCat0812: folds 
ssislander: folds 
Uncalled bet ($0.74) returned to StickToDPlan
StickToDPlan collected $0.79 from pot
*** SUMMARY ***
Total pot $0.82 | Rake $0.03 
Board [4c 6s 2s]
Seat 1: r4yjz248 folded before Flop (didn't bet)
Seat 2: ssislander folded on the Flop
Seat 3: dempseyCZ folded before Flop (didn't bet)
Seat 4: sakuno36 (button) folded before Flop (didn't bet)
Seat 5: BrenoVns (small blind) folded before Flop
Seat 6: Shwaaa (big blind) folded before Flop
Seat 7: StickToDPlan collected ($0.79)
Seat 8: BlackCat0812 folded on the Flop
Seat 9: Dorex2007 folded before Flop (didn't bet)



PokerStars Hand #239043147259:  Hold'em No Limit ($0.02/$0.05 USD) - 2022/10/04 21:26:49 PT [2022/10/05 0:26:49 ET]
Table 'Ibarruri' 9-max Seat #5 is the button
Seat 1: r4yjz248 ($8.98 in chips) 
Seat 2: ssislander ($2.26 in chips) 
Seat 3: dempseyCZ ($7.58 in chips) 
Seat 4: sakuno36 ($5.52 in chips) 
Seat 5: BrenoVns ($9.51 in chips) 
Seat 6: Shwaaa ($5.36 in chips) 
Seat 7: StickToDPlan ($5.57 in chips) 
Seat 8: BlackCat0812 ($3.34 in chips) 
Seat 9: Dorex2007 ($10.50 in chips) 
Shwaaa: posts small blind $0.02
StickToDPlan: posts big blind $0.05
*** HOLE CARDS ***
Dealt to Dorex2007 [7h Qc]
BlackCat0812: calls $0.05
Dorex2007: folds 
r4yjz248: folds 
ssislander: folds 
dempseyCZ: folds 
sakuno36: raises $0.10 to $0.15
BrenoVns: folds 
Shwaaa: calls $0.13
StickToDPlan: folds 
BlackCat0812: folds 
*** FLOP *** [Kc 6c 3s]
Shwaaa: checks 
sakuno36: bets $0.10
Shwaaa: calls $0.10
*** TURN *** [Kc 6c 3s] [Ah]
Shwaaa: checks 
sakuno36: checks 
*** RIVER *** [Kc 6c 3s Ah] [4h]
Shwaaa: bets $0.44
sakuno36: calls $0.44
*** SHOW DOWN ***
Shwaaa: shows [Ad 6d] (two pair, Aces and Sixes)
sakuno36: mucks hand 
Shwaaa collected $1.42 from pot
*** SUMMARY ***
Total pot $1.48 | Rake $0.06 
Board [Kc 6c 3s Ah 4h]
Seat 1: r4yjz248 folded before Flop (didn't bet)
Seat 2: ssislander folded before Flop (didn't bet)
Seat 3: dempseyCZ folded before Flop (didn't bet)
Seat 4: sakuno36 mucked [Jd Kd]
Seat 5: BrenoVns (button) folded before Flop (didn't bet)
Seat 6: Shwaaa (small blind) showed [Ad 6d] and won ($1.42) with two pair, Aces and Sixes
Seat 7: StickToDPlan (big blind) folded before Flop
Seat 8: BlackCat0812 folded before Flop
Seat 9: Dorex2007 folded before Flop (didn't bet)



PokerStars Hand #239043154493:  Hold'em No Limit ($0.02/$0.05 USD) - 2022/10/04 21:27:52 PT [2022/10/05 0:27:52 ET]
Table 'Ibarruri' 9-max Seat #6 is the button
Seat 1: r4yjz248 ($8.98 in chips) 
Seat 2: ssislander ($2.26 in chips) 
Seat 3: dempseyCZ ($7.58 in chips) 
Seat 4: sakuno36 ($5 in chips) 
Seat 5: BrenoVns ($9.51 in chips) 
Seat 6: Shwaaa ($6.09 in chips) 
Seat 7: StickToDPlan ($5.52 in chips) 
Seat 8: BlackCat0812 ($3.29 in chips) 
Seat 9: Dorex2007 ($10.50 in chips) 
StickToDPlan: posts small blind $0.02
BlackCat0812: posts big blind $0.05
*** HOLE CARDS ***
Dealt to Dorex2007 [5s 4h]
Dorex2007: folds 
r4yjz248: folds 
ssislander: calls $0.05
dempseyCZ: folds 
sakuno36: folds 
BrenoVns: folds 
Shwaaa: folds 
StickToDPlan: folds 
BlackCat0812: checks 
*** FLOP *** [Qc Ks Ah]
BlackCat0812: checks 
ssislander: checks 
*** TURN *** [Qc Ks Ah] [3c]
BlackCat0812: checks 
ssislander: checks 
*** RIVER *** [Qc Ks Ah 3c] [6c]
BlackCat0812: checks 
ssislander: checks 
*** SHOW DOWN ***
BlackCat0812: shows [9h Jh] (high card Ace)
ssislander: shows [Qd Td] (a pair of Queens)
ssislander collected $0.12 from pot
*** SUMMARY ***
Total pot $0.12 | Rake $0 
Board [Qc Ks Ah 3c 6c]
Seat 1: r4yjz248 folded before Flop (didn't bet)
Seat 2: ssislander showed [Qd Td] and won ($0.12) with a pair of Queens
Seat 3: dempseyCZ folded before Flop (didn't bet)
Seat 4: sakuno36 folded before Flop (didn't bet)
Seat 5: BrenoVns folded before Flop (didn't bet)
Seat 6: Shwaaa (button) folded before Flop (didn't bet)
Seat 7: StickToDPlan (small blind) folded before Flop
Seat 8: BlackCat0812 (big blind) showed [9h Jh] and lost with high card Ace
Seat 9: Dorex2007 folded before Flop (didn't bet)



PokerStars Hand #239043160075:  Hold'em No Limit ($0.02/$0.05 USD) - 2022/10/04 21:28:40 PT [2022/10/05 0:28:40 ET]
Table 'Ibarruri' 9-max Seat #7 is the button
Seat 1: r4yjz248 ($8.98 in chips) 
Seat 2: ssislander ($2.33 in chips) 
Seat 3: dempseyCZ ($7.58 in chips) 
Seat 4: sakuno36 ($5 in chips) 
Seat 5: BrenoVns ($9.51 in chips) 
Seat 6: Shwaaa ($6.09 in chips) 
Seat 7: StickToDPlan ($5.50 in chips) 
Seat 8: BlackCat0812 ($3.24 in chips) 
Seat 9: Dorex2007 ($10.50 in chips) 
BlackCat0812: posts small blind $0.02
Dorex2007: posts big blind $0.05
*** HOLE CARDS ***
Dealt to Dorex2007 [8c Ad]
r4yjz248: folds 
ssislander: folds 
dempseyCZ: folds 
sakuno36: folds 
BrenoVns: folds 
Shwaaa: folds 
StickToDPlan: folds 
BlackCat0812: folds 
Uncalled bet ($0.03) returned to Dorex2007
Dorex2007 collected $0.04 from pot
Dorex2007: doesn't show hand 
*** SUMMARY ***
Total pot $0.04 | Rake $0 
Seat 1: r4yjz248 folded before Flop (didn't bet)
Seat 2: ssislander folded before Flop (didn't bet)
Seat 3: dempseyCZ folded before Flop (didn't bet)
Seat 4: sakuno36 folded before Flop (didn't bet)
Seat 5: BrenoVns folded before Flop (didn't bet)
Seat 6: Shwaaa folded before Flop (didn't bet)
Seat 7: StickToDPlan (button) folded before Flop (didn't bet)
Seat 8: BlackCat0812 (small blind) folded before Flop
Seat 9: Dorex2007 (big blind) collected ($0.04)



PokerStars Hand #239043162267:  Hold'em No Limit ($0.02/$0.05 USD) - 2022/10/04 21:28:59 PT [2022/10/05 0:28:59 ET]
Table 'Ibarruri' 9-max Seat #8 is the button
Seat 1: r4yjz248 ($8.98 in chips) 
Seat 2: ssislander ($2.33 in chips) 
Seat 3: dempseyCZ ($7.58 in chips) 
Seat 4: sakuno36 ($5 in chips) 
Seat 5: BrenoVns ($9.51 in chips) 
Seat 6: Shwaaa ($6.09 in chips) 
Seat 7: StickToDPlan ($5.50 in chips) 
Seat 8: BlackCat0812 ($3.22 in chips) 
Seat 9: Dorex2007 ($10.52 in chips) 
Dorex2007: posts small blind $0.02
r4yjz248: posts big blind $0.05
*** HOLE CARDS ***
Dealt to Dorex2007 [3h Js]
ssislander: folds 
dempseyCZ: folds 
sakuno36: folds 
BrenoVns: folds 
Shwaaa: folds 
StickToDPlan: folds 
BlackCat0812: folds 
Dorex2007: folds 
Uncalled bet ($0.03) returned to r4yjz248
r4yjz248 collected $0.04 from pot
*** SUMMARY ***
Total pot $0.04 | Rake $0 
Seat 1: r4yjz248 (big blind) collected ($0.04)
Seat 2: ssislander folded before Flop (didn't bet)
Seat 3: dempseyCZ folded before Flop (didn't bet)
Seat 4: sakuno36 folded before Flop (didn't bet)
Seat 5: BrenoVns folded before Flop (didn't bet)
Seat 6: Shwaaa folded before Flop (didn't bet)
Seat 7: StickToDPlan folded before Flop (didn't bet)
Seat 8: BlackCat0812 (button) folded before Flop (didn't bet)
Seat 9: Dorex2007 (small blind) folded before Flop



