PokerStars Hand #234645551433:  Hold'em No Limit ($0.01/$0.02 USD) - 2022/03/07 21:00:04 PT [2022/03/08 0:00:04 ET]
Table 'Guizhou' 9-max Seat #8 is the button
Seat 1: hidyng ($0.84 in chips) 
Seat 2: taks 939 ($1.08 in chips) 
Seat 4: Dorex2007 ($2.04 in chips) 
Seat 5: CT_Mush ($4.03 in chips) 
Seat 6: klaus37 ($2 in chips) 
Seat 8: Peter47630 ($1.94 in chips) 
hidyng: posts small blind $0.01
taks 939: posts big blind $0.02
*** HOLE CARDS ***
Dealt to Dorex2007 [Td 6s]
grimreaper4 joins the table at seat #9 
Dorex2007: folds 
CT_Mush: folds 
klaus37: folds 
Peter47630: folds 
hidyng: folds 
Uncalled bet ($0.01) returned to taks 939
taks 939 collected $0.02 from pot
taks 939: doesn't show hand 
*** SUMMARY ***
Total pot $0.02 | Rake $0 
Seat 1: hidyng (small blind) folded before Flop
Seat 2: taks 939 (big blind) collected ($0.02)
Seat 4: Dorex2007 folded before Flop (didn't bet)
Seat 5: CT_Mush folded before Flop (didn't bet)
Seat 6: klaus37 folded before Flop (didn't bet)
Seat 8: Peter47630 (button) folded before Flop (didn't bet)



PokerStars Hand #234645552641:  Hold'em No Limit ($0.01/$0.02 USD) - 2022/03/07 21:00:14 PT [2022/03/08 0:00:14 ET]
Table 'Guizhou' 9-max Seat #1 is the button
Seat 1: hidyng ($0.83 in chips) 
Seat 2: taks 939 ($1.09 in chips) 
Seat 4: Dorex2007 ($2.04 in chips) 
Seat 5: CT_Mush ($4.03 in chips) 
Seat 6: klaus37 ($2 in chips) 
Seat 8: Peter47630 ($1.94 in chips) 
taks 939: posts small blind $0.01
Dorex2007: posts big blind $0.02
grimreaper4: sits out 
*** HOLE CARDS ***
Dealt to Dorex2007 [6c 5s]
CT_Mush: folds 
klaus37: calls $0.02
Peter47630 has timed out
Peter47630: folds 
hidyng: folds 
taks 939: calls $0.01
Dorex2007: checks 
*** FLOP *** [6h 6d 5c]
taks 939: checks 
Dorex2007: checks 
klaus37: checks 
*** TURN *** [6h 6d 5c] [Jd]
taks 939: checks 
Dorex2007: checks 
klaus37: checks 
*** RIVER *** [6h 6d 5c Jd] [Ac]
taks 939: checks 
Dorex2007: bets $0.04
klaus37: folds 
taks 939: folds 
Uncalled bet ($0.04) returned to Dorex2007
Dorex2007 collected $0.06 from pot
Dorex2007: doesn't show hand 
*** SUMMARY ***
Total pot $0.06 | Rake $0 
Board [6h 6d 5c Jd Ac]
Seat 1: hidyng (button) folded before Flop (didn't bet)
Seat 2: taks 939 (small blind) folded on the River
Seat 4: Dorex2007 (big blind) collected ($0.06)
Seat 5: CT_Mush folded before Flop (didn't bet)
Seat 6: klaus37 folded on the River
Seat 8: Peter47630 folded before Flop (didn't bet)



PokerStars Hand #234645558030:  Hold'em No Limit ($0.01/$0.02 USD) - 2022/03/07 21:00:56 PT [2022/03/08 0:00:56 ET]
Table 'Guizhou' 9-max Seat #2 is the button
Seat 1: hidyng ($0.83 in chips) 
Seat 2: taks 939 ($1.07 in chips) 
Seat 4: Dorex2007 ($2.08 in chips) 
Seat 5: CT_Mush ($4.03 in chips) 
Seat 6: klaus37 ($1.98 in chips) 
Seat 8: Peter47630 ($1.94 in chips) 
Seat 9: grimreaper4 ($2 in chips) 
Dorex2007: posts small blind $0.01
CT_Mush: posts big blind $0.02
grimreaper4: posts big blind $0.02
*** HOLE CARDS ***
Dealt to Dorex2007 [Kd 6c]
klaus37: folds 
Peter47630: folds 
grimreaper4: checks 
hidyng: folds 
taks 939: folds 
Dorex2007: folds 
CT_Mush: raises $0.03 to $0.05
grimreaper4: calls $0.03
*** FLOP *** [6d 8c 3c]
CT_Mush: bets $0.03
grimreaper4: calls $0.03
*** TURN *** [6d 8c 3c] [4s]
CT_Mush: checks 
grimreaper4: bets $0.08
CT_Mush: calls $0.08
*** RIVER *** [6d 8c 3c 4s] [2s]
CT_Mush: bets $0.20
grimreaper4 said, "i have 3 4s"
grimreaper4 said, "and im a bad player i cant fold.. lol"
grimreaper4: calls $0.20
*** SHOW DOWN ***
CT_Mush: shows [9d 9c] (a pair of Nines)
grimreaper4: shows [4d 4h] (three of a kind, Fours)
grimreaper4 collected $0.70 from pot
*** SUMMARY ***
Total pot $0.73 | Rake $0.03 
Board [6d 8c 3c 4s 2s]
Seat 1: hidyng folded before Flop (didn't bet)
Seat 2: taks 939 (button) folded before Flop (didn't bet)
Seat 4: Dorex2007 (small blind) folded before Flop
Seat 5: CT_Mush (big blind) showed [9d 9c] and lost with a pair of Nines
Seat 6: klaus37 folded before Flop (didn't bet)
Seat 8: Peter47630 folded before Flop (didn't bet)
Seat 9: grimreaper4 showed [4d 4h] and won ($0.70) with three of a kind, Fours



PokerStars Hand #234645570169:  Hold'em No Limit ($0.01/$0.02 USD) - 2022/03/07 21:02:26 PT [2022/03/08 0:02:26 ET]
Table 'Guizhou' 9-max Seat #4 is the button
Seat 2: taks 939 ($1.07 in chips) 
Seat 4: Dorex2007 ($2.07 in chips) 
Seat 5: CT_Mush ($3.67 in chips) 
Seat 6: klaus37 ($1.98 in chips) 
Seat 8: Peter47630 ($1.94 in chips) 
Seat 9: grimreaper4 ($2.34 in chips) 
CT_Mush: posts small blind $0.01
klaus37: posts big blind $0.02
kusto1488: sits out 
*** HOLE CARDS ***
Dealt to Dorex2007 [5d Qh]
Peter47630: calls $0.02
grimreaper4: folds 
taks 939: folds 
Dorex2007: folds 
CT_Mush: folds 
klaus37: checks 
*** FLOP *** [7c 3h As]
klaus37: checks 
Peter47630: checks 
*** TURN *** [7c 3h As] [9h]
klaus37: checks 
Peter47630: checks 
*** RIVER *** [7c 3h As 9h] [9s]
klaus37: checks 
Peter47630: bets $0.04
klaus37: folds 
Uncalled bet ($0.04) returned to Peter47630
Peter47630 collected $0.05 from pot
Peter47630: doesn't show hand 
*** SUMMARY ***
Total pot $0.05 | Rake $0 
Board [7c 3h As 9h 9s]
Seat 2: taks 939 folded before Flop (didn't bet)
Seat 4: Dorex2007 (button) folded before Flop (didn't bet)
Seat 5: CT_Mush (small blind) folded before Flop
Seat 6: klaus37 (big blind) folded on the River
Seat 8: Peter47630 collected ($0.05)
Seat 9: grimreaper4 folded before Flop (didn't bet)



PokerStars Hand #234645574311:  Hold'em No Limit ($0.01/$0.02 USD) - 2022/03/07 21:02:56 PT [2022/03/08 0:02:56 ET]
Table 'Guizhou' 9-max Seat #5 is the button
Seat 2: taks 939 ($1.07 in chips) 
Seat 4: Dorex2007 ($2.07 in chips) 
Seat 5: CT_Mush ($3.66 in chips) 
Seat 6: klaus37 ($1.96 in chips) 
Seat 7: kusto1488 ($2.24 in chips) 
Seat 8: Peter47630 ($1.97 in chips) 
Seat 9: grimreaper4 ($2.34 in chips) 
klaus37: posts small blind $0.01
kusto1488: posts big blind $0.02
*** HOLE CARDS ***
Dealt to Dorex2007 [Th Kh]
Peter47630: calls $0.02
grimreaper4: folds 
taks 939: folds 
Dorex2007: raises $0.02 to $0.04
CT_Mush: folds 
klaus37: calls $0.03
kusto1488: folds 
Peter47630: calls $0.02
*** FLOP *** [2s 6h Ks]
klaus37: bets $0.04
Peter47630: folds 
Dorex2007: calls $0.04
*** TURN *** [2s 6h Ks] [7d]
klaus37: bets $0.04
Dorex2007: calls $0.04
*** RIVER *** [2s 6h Ks 7d] [6d]
klaus37: checks 
Dorex2007: bets $0.29
klaus37: folds 
Uncalled bet ($0.29) returned to Dorex2007
Dorex2007 collected $0.29 from pot
Dorex2007: doesn't show hand 
*** SUMMARY ***
Total pot $0.30 | Rake $0.01 
Board [2s 6h Ks 7d 6d]
Seat 2: taks 939 folded before Flop (didn't bet)
Seat 4: Dorex2007 collected ($0.29)
Seat 5: CT_Mush (button) folded before Flop (didn't bet)
Seat 6: klaus37 (small blind) folded on the River
Seat 7: kusto1488 (big blind) folded before Flop
Seat 8: Peter47630 folded on the Flop
Seat 9: grimreaper4 folded before Flop (didn't bet)



PokerStars Hand #234645582177:  Hold'em No Limit ($0.01/$0.02 USD) - 2022/03/07 21:03:54 PT [2022/03/08 0:03:54 ET]
Table 'Guizhou' 9-max Seat #6 is the button
Seat 2: taks 939 ($1.07 in chips) 
Seat 4: Dorex2007 ($2.24 in chips) 
Seat 5: CT_Mush ($3.66 in chips) 
Seat 6: klaus37 ($1.84 in chips) 
Seat 7: kusto1488 ($2.22 in chips) 
Seat 8: Peter47630 ($1.93 in chips) 
Seat 9: grimreaper4 ($2.34 in chips) 
kusto1488: posts small blind $0.01
Peter47630: posts big blind $0.02
*** HOLE CARDS ***
Dealt to Dorex2007 [2c 7h]
grimreaper4: folds 
taks 939: folds 
Dorex2007: folds 
CT_Mush: raises $0.02 to $0.04
klaus37: folds 
kusto1488: folds 
Peter47630: folds 
Uncalled bet ($0.02) returned to CT_Mush
CT_Mush collected $0.05 from pot
CT_Mush: doesn't show hand 
*** SUMMARY ***
Total pot $0.05 | Rake $0 
Seat 2: taks 939 folded before Flop (didn't bet)
Seat 4: Dorex2007 folded before Flop (didn't bet)
Seat 5: CT_Mush collected ($0.05)
Seat 6: klaus37 (button) folded before Flop (didn't bet)
Seat 7: kusto1488 (small blind) folded before Flop
Seat 8: Peter47630 (big blind) folded before Flop
Seat 9: grimreaper4 folded before Flop (didn't bet)



PokerStars Hand #234645584038:  Hold'em No Limit ($0.01/$0.02 USD) - 2022/03/07 21:04:07 PT [2022/03/08 0:04:07 ET]
Table 'Guizhou' 9-max Seat #7 is the button
Seat 2: taks 939 ($1.07 in chips) 
Seat 4: Dorex2007 ($2.24 in chips) 
Seat 5: CT_Mush ($3.69 in chips) 
Seat 6: klaus37 ($1.84 in chips) 
Seat 7: kusto1488 ($2.21 in chips) 
Seat 8: Peter47630 ($1.91 in chips) 
Seat 9: grimreaper4 ($2.34 in chips) 
Peter47630: posts small blind $0.01
grimreaper4: posts big blind $0.02
*** HOLE CARDS ***
Dealt to Dorex2007 [6s 3d]
taks 939: folds 
Dorex2007: folds 
CT_Mush: raises $0.03 to $0.05
klaus37: calls $0.05
kusto1488: folds 
Peter47630: folds 
grimreaper4: folds 
*** FLOP *** [9h 9s Td]
CT_Mush: checks 
klaus37: checks 
*** TURN *** [9h 9s Td] [7s]
CT_Mush: bets $0.05
klaus37: folds 
Uncalled bet ($0.05) returned to CT_Mush
CT_Mush collected $0.13 from pot
CT_Mush: doesn't show hand 
*** SUMMARY ***
Total pot $0.13 | Rake $0 
Board [9h 9s Td 7s]
Seat 2: taks 939 folded before Flop (didn't bet)
Seat 4: Dorex2007 folded before Flop (didn't bet)
Seat 5: CT_Mush collected ($0.13)
Seat 6: klaus37 folded on the Turn
Seat 7: kusto1488 (button) folded before Flop (didn't bet)
Seat 8: Peter47630 (small blind) folded before Flop
Seat 9: grimreaper4 (big blind) folded before Flop



PokerStars Hand #234645588490:  Hold'em No Limit ($0.01/$0.02 USD) - 2022/03/07 21:04:39 PT [2022/03/08 0:04:39 ET]
Table 'Guizhou' 9-max Seat #8 is the button
Seat 2: taks 939 ($1.07 in chips) 
Seat 4: Dorex2007 ($2.24 in chips) 
Seat 5: CT_Mush ($3.77 in chips) 
Seat 6: klaus37 ($1.79 in chips) 
Seat 7: kusto1488 ($2.21 in chips) 
Seat 8: Peter47630 ($1.90 in chips) 
Seat 9: grimreaper4 ($2.32 in chips) 
grimreaper4: posts small blind $0.01
taks 939: posts big blind $0.02
*** HOLE CARDS ***
Dealt to Dorex2007 [9d Js]
Dorex2007: folds 
CT_Mush: raises $0.03 to $0.05
klaus37: folds 
kusto1488: folds 
Peter47630 has timed out
Peter47630: folds 
grimreaper4: folds 
taks 939: calls $0.03
*** FLOP *** [7s Jh 7h]
taks 939: checks 
CT_Mush: checks 
*** TURN *** [7s Jh 7h] [4h]
taks 939: checks 
CT_Mush: bets $0.03
taks 939: calls $0.03
*** RIVER *** [7s Jh 7h 4h] [5d]
taks 939: checks 
CT_Mush: bets $0.16
taks 939: raises $0.48 to $0.64
CT_Mush: folds 
Uncalled bet ($0.48) returned to taks 939
taks 939 collected $0.47 from pot
taks 939: doesn't show hand 
*** SUMMARY ***
Total pot $0.49 | Rake $0.02 
Board [7s Jh 7h 4h 5d]
Seat 2: taks 939 (big blind) collected ($0.47)
Seat 4: Dorex2007 folded before Flop (didn't bet)
Seat 5: CT_Mush folded on the River
Seat 6: klaus37 folded before Flop (didn't bet)
Seat 7: kusto1488 folded before Flop (didn't bet)
Seat 8: Peter47630 (button) folded before Flop (didn't bet)
Seat 9: grimreaper4 (small blind) folded before Flop



PokerStars Hand #234645595868:  Hold'em No Limit ($0.01/$0.02 USD) - 2022/03/07 21:05:33 PT [2022/03/08 0:05:33 ET]
Table 'Guizhou' 9-max Seat #9 is the button
Seat 2: taks 939 ($1.30 in chips) 
Seat 3: prguitar ($1.27 in chips) 
Seat 4: Dorex2007 ($2.24 in chips) 
Seat 6: klaus37 ($2 in chips) 
Seat 7: kusto1488 ($2.21 in chips) 
Seat 9: grimreaper4 ($2.31 in chips) 
taks 939: posts small blind $0.01
prguitar: posts big blind $0.02
*** HOLE CARDS ***
Dealt to Dorex2007 [Qh 9h]
CT_Mush leaves the table
Dorex2007: folds 
klaus37: folds 
kusto1488: folds 
grimreaper4: folds 
taks 939: calls $0.01
prguitar: checks 
*** FLOP *** [Th As 7c]
taks 939: checks 
prguitar: bets $0.04
taks 939: calls $0.04
*** TURN *** [Th As 7c] [5d]
Daria_kms joins the table at seat #5 
taks 939: checks 
prguitar: bets $0.12
taks 939: calls $0.12
*** RIVER *** [Th As 7c 5d] [Js]
taks 939: checks 
prguitar: checks 
*** SHOW DOWN ***
taks 939: shows [8h 9c] (a straight, Seven to Jack)
prguitar: mucks hand 
taks 939 collected $0.35 from pot
*** SUMMARY ***
Total pot $0.36 | Rake $0.01 
Board [Th As 7c 5d Js]
Seat 2: taks 939 (small blind) showed [8h 9c] and won ($0.35) with a straight, Seven to Jack
Seat 3: prguitar (big blind) mucked [3d Ts]
Seat 4: Dorex2007 folded before Flop (didn't bet)
Seat 6: klaus37 folded before Flop (didn't bet)
Seat 7: kusto1488 folded before Flop (didn't bet)
Seat 9: grimreaper4 (button) folded before Flop (didn't bet)



PokerStars Hand #234645600908:  Hold'em No Limit ($0.01/$0.02 USD) - 2022/03/07 21:06:09 PT [2022/03/08 0:06:09 ET]
Table 'Guizhou' 9-max Seat #2 is the button
Seat 1: hidyng ($0.83 in chips) 
Seat 2: taks 939 ($1.47 in chips) 
Seat 3: prguitar ($1.09 in chips) 
Seat 4: Dorex2007 ($2.24 in chips) 
Seat 5: Daria_kms ($0.80 in chips) 
Seat 6: klaus37 ($2 in chips) 
Seat 7: kusto1488 ($2.21 in chips) 
Seat 9: grimreaper4 ($2.31 in chips) 
prguitar: posts small blind $0.01
Dorex2007: posts big blind $0.02
Daria_kms: posts big blind $0.02
hidyng: posts small & big blinds $0.03
*** HOLE CARDS ***
Dealt to Dorex2007 [5s Qd]
Daria_kms: checks 
klaus37: folds 
kusto1488: folds 
grimreaper4: folds 
hidyng: raises $0.06 to $0.08
taks 939: calls $0.08
prguitar: folds 
Dorex2007: folds 
Daria_kms: folds 
*** FLOP *** [Jc 9h Qh]
hidyng: bets $0.06
taks 939: folds 
Uncalled bet ($0.06) returned to hidyng
hidyng collected $0.21 from pot
hidyng: doesn't show hand 
*** SUMMARY ***
Total pot $0.22 | Rake $0.01 
Board [Jc 9h Qh]
Seat 1: hidyng collected ($0.21)
Seat 2: taks 939 (button) folded on the Flop
Seat 3: prguitar (small blind) folded before Flop
Seat 4: Dorex2007 (big blind) folded before Flop
Seat 5: Daria_kms folded before Flop (didn't bet)
Seat 6: klaus37 folded before Flop (didn't bet)
Seat 7: kusto1488 folded before Flop (didn't bet)
Seat 9: grimreaper4 folded before Flop (didn't bet)



PokerStars Hand #234645604995:  Hold'em No Limit ($0.01/$0.02 USD) - 2022/03/07 21:06:38 PT [2022/03/08 0:06:38 ET]
Table 'Guizhou' 9-max Seat #3 is the button
Seat 1: hidyng ($0.95 in chips) 
Seat 2: taks 939 ($1.39 in chips) 
Seat 3: prguitar ($1.08 in chips) 
Seat 4: Dorex2007 ($2.22 in chips) 
Seat 5: Daria_kms ($0.78 in chips) 
Seat 6: klaus37 ($2 in chips) 
Seat 7: kusto1488 ($2.21 in chips) 
Seat 8: Peter47630 ($1.90 in chips) 
Seat 9: grimreaper4 ($2.31 in chips) 
Dorex2007: posts small blind $0.01
Daria_kms: posts big blind $0.02
*** HOLE CARDS ***
Dealt to Dorex2007 [Qc Ts]
klaus37: folds 
kusto1488: folds 
Peter47630: folds 
grimreaper4: folds 
hidyng: folds 
taks 939: calls $0.02
prguitar: folds 
Dorex2007: calls $0.01
Daria_kms: checks 
*** FLOP *** [9d 8c Tc]
Dorex2007: checks 
Daria_kms: bets $0.06
taks 939: calls $0.06
Dorex2007: calls $0.06
*** TURN *** [9d 8c Tc] [5h]
Dorex2007: bets $0.12
Daria_kms: calls $0.12
taks 939: calls $0.12
*** RIVER *** [9d 8c Tc 5h] [7h]
Dorex2007: bets $0.12
Daria_kms: calls $0.12
taks 939: raises $0.47 to $0.59
Dorex2007: folds 
Daria_kms: folds 
Uncalled bet ($0.47) returned to taks 939
taks 939 collected $0.93 from pot
taks 939: doesn't show hand 
*** SUMMARY ***
Total pot $0.96 | Rake $0.03 
Board [9d 8c Tc 5h 7h]
Seat 1: hidyng folded before Flop (didn't bet)
Seat 2: taks 939 collected ($0.93)
Seat 3: prguitar (button) folded before Flop (didn't bet)
Seat 4: Dorex2007 (small blind) folded on the River
Seat 5: Daria_kms (big blind) folded on the River
Seat 6: klaus37 folded before Flop (didn't bet)
Seat 7: kusto1488 folded before Flop (didn't bet)
Seat 8: Peter47630 folded before Flop (didn't bet)
Seat 9: grimreaper4 folded before Flop (didn't bet)



PokerStars Hand #234645612081:  Hold'em No Limit ($0.01/$0.02 USD) - 2022/03/07 21:07:30 PT [2022/03/08 0:07:30 ET]
Table 'Guizhou' 9-max Seat #4 is the button
Seat 1: hidyng ($0.95 in chips) 
Seat 2: taks 939 ($2 in chips) 
Seat 3: prguitar ($1.08 in chips) 
Seat 4: Dorex2007 ($2 in chips) 
Seat 5: Daria_kms ($0.46 in chips) 
Seat 6: klaus37 ($2 in chips) 
Seat 7: kusto1488 ($2.21 in chips) 
Seat 8: Peter47630 ($1.90 in chips) 
Seat 9: grimreaper4 ($2.31 in chips) 
Daria_kms: posts small blind $0.01
klaus37: posts big blind $0.02
*** HOLE CARDS ***
Dealt to Dorex2007 [Ts 7d]
kusto1488: raises $0.04 to $0.06
Peter47630: folds 
grimreaper4: folds 
hidyng: folds 
taks 939: folds 
prguitar: folds 
Dorex2007: folds 
Daria_kms: calls $0.05
klaus37: folds 
*** FLOP *** [7h Qd 9c]
Daria_kms: bets $0.07
kusto1488: raises $0.18 to $0.25
Daria_kms: calls $0.18
*** TURN *** [7h Qd 9c] [As]
Daria_kms: bets $0.15 and is all-in
kusto1488: calls $0.15
*** RIVER *** [7h Qd 9c As] [Ac]
*** SHOW DOWN ***
Daria_kms: shows [Td 8d] (a pair of Aces)
kusto1488: shows [Qc Ah] (a full house, Aces full of Queens)
kusto1488 cashed out the hand for $0.73 | Cash Out Fee $0.01
*** SUMMARY ***
Total pot $0.94 | Rake $0.03 
Board [7h Qd 9c As Ac]
Seat 1: hidyng folded before Flop (didn't bet)
Seat 2: taks 939 folded before Flop (didn't bet)
Seat 3: prguitar folded before Flop (didn't bet)
Seat 4: Dorex2007 (button) folded before Flop (didn't bet)
Seat 5: Daria_kms (small blind) showed [Td 8d] and lost with a pair of Aces
Seat 6: klaus37 (big blind) folded before Flop
Seat 7: kusto1488 showed [Qc Ah] and won ($0.91) with a full house, Aces full of Queens (pot not awarded as player cashed out)
Seat 8: Peter47630 folded before Flop (didn't bet)
Seat 9: grimreaper4 folded before Flop (didn't bet)



PokerStars Hand #234645617761:  Hold'em No Limit ($0.01/$0.02 USD) - 2022/03/07 21:08:12 PT [2022/03/08 0:08:12 ET]
Table 'Guizhou' 9-max Seat #6 is the button
Seat 1: hidyng ($0.95 in chips) 
Seat 2: taks 939 ($2 in chips) 
Seat 3: prguitar ($1.08 in chips) 
Seat 4: Dorex2007 ($2 in chips) 
Seat 6: klaus37 ($1.98 in chips) 
Seat 7: kusto1488 ($2.48 in chips) 
Seat 8: Peter47630 ($1.90 in chips) 
Seat 9: grimreaper4 ($2.31 in chips) 
kusto1488: posts small blind $0.01
Peter47630: posts big blind $0.02
*** HOLE CARDS ***
Dealt to Dorex2007 [Js 6d]
Daria_kms leaves the table
grimreaper4: folds 
hidyng: raises $0.02 to $0.04
taks 939: folds 
prguitar: folds 
Dorex2007: folds 
klaus37: folds 
kusto1488: folds 
Peter47630: calls $0.02
*** FLOP *** [4c 9h 4s]
Peter47630: checks 
Teoriya300 joins the table at seat #5 
hidyng: bets $0.04
Peter47630: calls $0.04
*** TURN *** [4c 9h 4s] [7h]
Peter47630: bets $0.02
hidyng: calls $0.02
*** RIVER *** [4c 9h 4s 7h] [Jc]
Peter47630: bets $0.02
hidyng: folds 
Uncalled bet ($0.02) returned to Peter47630
Peter47630 collected $0.20 from pot
Peter47630: doesn't show hand 
*** SUMMARY ***
Total pot $0.21 | Rake $0.01 
Board [4c 9h 4s 7h Jc]
Seat 1: hidyng folded on the River
Seat 2: taks 939 folded before Flop (didn't bet)
Seat 3: prguitar folded before Flop (didn't bet)
Seat 4: Dorex2007 folded before Flop (didn't bet)
Seat 6: klaus37 (button) folded before Flop (didn't bet)
Seat 7: kusto1488 (small blind) folded before Flop
Seat 8: Peter47630 (big blind) collected ($0.20)
Seat 9: grimreaper4 folded before Flop (didn't bet)



PokerStars Hand #234645625948:  Hold'em No Limit ($0.01/$0.02 USD) - 2022/03/07 21:09:13 PT [2022/03/08 0:09:13 ET]
Table 'Guizhou' 9-max Seat #7 is the button
Seat 1: hidyng ($0.85 in chips) 
Seat 2: taks 939 ($2 in chips) 
Seat 3: prguitar ($1.08 in chips) 
Seat 4: Dorex2007 ($2 in chips) 
Seat 5: Teoriya300 ($0.80 in chips) 
Seat 6: klaus37 ($1.98 in chips) 
Seat 7: kusto1488 ($2.47 in chips) 
Seat 8: Peter47630 ($2 in chips) 
Seat 9: grimreaper4 ($2.31 in chips) 
Peter47630: posts small blind $0.01
grimreaper4: posts big blind $0.02
Teoriya300: posts big blind $0.02
*** HOLE CARDS ***
Dealt to Dorex2007 [7d 5d]
hidyng: folds 
taks 939: calls $0.02
prguitar: folds 
Dorex2007: folds 
Teoriya300: checks 
klaus37: calls $0.02
kusto1488: folds 
Peter47630: folds 
grimreaper4: checks 
*** FLOP *** [4c Jc Qs]
grimreaper4: checks 
taks 939: checks 
Teoriya300: checks 
klaus37: bets $1.96 and is all-in
grimreaper4: folds 
taks 939: folds 
Teoriya300: folds 
Uncalled bet ($1.96) returned to klaus37
klaus37 collected $0.09 from pot
klaus37: doesn't show hand 
*** SUMMARY ***
Total pot $0.09 | Rake $0 
Board [4c Jc Qs]
Seat 1: hidyng folded before Flop (didn't bet)
Seat 2: taks 939 folded on the Flop
Seat 3: prguitar folded before Flop (didn't bet)
Seat 4: Dorex2007 folded before Flop (didn't bet)
Seat 5: Teoriya300 folded on the Flop (didn't bet)
Seat 6: klaus37 collected ($0.09)
Seat 7: kusto1488 (button) folded before Flop (didn't bet)
Seat 8: Peter47630 (small blind) folded before Flop
Seat 9: grimreaper4 (big blind) folded on the Flop



PokerStars Hand #234645631761:  Hold'em No Limit ($0.01/$0.02 USD) - 2022/03/07 21:09:56 PT [2022/03/08 0:09:56 ET]
Table 'Guizhou' 9-max Seat #8 is the button
Seat 1: hidyng ($0.85 in chips) 
Seat 2: taks 939 ($1.98 in chips) 
Seat 3: prguitar ($1.08 in chips) 
Seat 4: Dorex2007 ($2 in chips) 
Seat 5: Teoriya300 ($0.78 in chips) 
Seat 6: klaus37 ($2.05 in chips) 
Seat 7: kusto1488 ($2.47 in chips) 
Seat 8: Peter47630 ($1.99 in chips) 
Seat 9: grimreaper4 ($2.29 in chips) 
grimreaper4: posts small blind $0.01
hidyng: posts big blind $0.02
*** HOLE CARDS ***
Dealt to Dorex2007 [Qh 5d]
taks 939: calls $0.02
prguitar: folds 
Dorex2007: folds 
Teoriya300: calls $0.02
klaus37: calls $0.02
kusto1488: folds 
Peter47630: folds 
grimreaper4: calls $0.01
hidyng: checks 
*** FLOP *** [9s Th 3s]
grimreaper4: checks 
hidyng: checks 
taks 939: bets $0.02
Teoriya300: calls $0.02
klaus37: folds 
grimreaper4: raises $0.06 to $0.08
hidyng: folds 
taks 939: calls $0.06
Teoriya300: folds 
*** TURN *** [9s Th 3s] [7h]
grimreaper4: bets $0.08
taks 939: calls $0.08
*** RIVER *** [9s Th 3s 7h] [Ks]
grimreaper4: bets $0.08
taks 939: folds 
Uncalled bet ($0.08) returned to grimreaper4
grimreaper4 collected $0.42 from pot
*** SUMMARY ***
Total pot $0.44 | Rake $0.02 
Board [9s Th 3s 7h Ks]
Seat 1: hidyng (big blind) folded on the Flop
Seat 2: taks 939 folded on the River
Seat 3: prguitar folded before Flop (didn't bet)
Seat 4: Dorex2007 folded before Flop (didn't bet)
Seat 5: Teoriya300 folded on the Flop
Seat 6: klaus37 folded on the Flop
Seat 7: kusto1488 folded before Flop (didn't bet)
Seat 8: Peter47630 (button) folded before Flop (didn't bet)
Seat 9: grimreaper4 (small blind) collected ($0.42)



PokerStars Hand #234645640941:  Hold'em No Limit ($0.01/$0.02 USD) - 2022/03/07 21:11:05 PT [2022/03/08 0:11:05 ET]
Table 'Guizhou' 9-max Seat #9 is the button
Seat 1: hidyng ($0.83 in chips) 
Seat 2: taks 939 ($1.80 in chips) 
Seat 3: prguitar ($1.08 in chips) 
Seat 4: Dorex2007 ($2 in chips) 
Seat 5: Teoriya300 ($0.74 in chips) 
Seat 6: klaus37 ($2.03 in chips) 
Seat 7: kusto1488 ($2.47 in chips) 
Seat 8: Peter47630 ($1.99 in chips) 
Seat 9: grimreaper4 ($2.53 in chips) 
hidyng: posts small blind $0.01
taks 939: posts big blind $0.02
*** HOLE CARDS ***
Dealt to Dorex2007 [Ks 8c]
prguitar: folds 
Dorex2007: folds 
Teoriya300: folds 
klaus37: folds 
kusto1488: folds 
Peter47630: folds 
grimreaper4: folds 
hidyng: raises $0.04 to $0.06
taks 939: folds 
Uncalled bet ($0.04) returned to hidyng
hidyng collected $0.04 from pot
hidyng: doesn't show hand 
*** SUMMARY ***
Total pot $0.04 | Rake $0 
Seat 1: hidyng (small blind) collected ($0.04)
Seat 2: taks 939 (big blind) folded before Flop
Seat 3: prguitar folded before Flop (didn't bet)
Seat 4: Dorex2007 folded before Flop (didn't bet)
Seat 5: Teoriya300 folded before Flop (didn't bet)
Seat 6: klaus37 folded before Flop (didn't bet)
Seat 7: kusto1488 folded before Flop (didn't bet)
Seat 8: Peter47630 folded before Flop (didn't bet)
Seat 9: grimreaper4 (button) folded before Flop (didn't bet)



PokerStars Hand #234645643646:  Hold'em No Limit ($0.01/$0.02 USD) - 2022/03/07 21:11:25 PT [2022/03/08 0:11:25 ET]
Table 'Guizhou' 9-max Seat #1 is the button
Seat 1: hidyng ($0.85 in chips) 
Seat 2: taks 939 ($1.78 in chips) 
Seat 3: prguitar ($1.08 in chips) 
Seat 4: Dorex2007 ($2 in chips) 
Seat 5: Teoriya300 ($0.74 in chips) 
Seat 6: klaus37 ($2.03 in chips) 
Seat 7: kusto1488 ($2.47 in chips) 
Seat 8: Peter47630 ($1.99 in chips) 
Seat 9: grimreaper4 ($2.53 in chips) 
taks 939: posts small blind $0.01
prguitar: posts big blind $0.02
*** HOLE CARDS ***
Dealt to Dorex2007 [Kh 3d]
Dorex2007: folds 
Teoriya300: folds 
klaus37: folds 
kusto1488: folds 
Peter47630: folds 
grimreaper4: folds 
hidyng: folds 
taks 939: calls $0.01
prguitar: checks 
*** FLOP *** [8h 2h Td]
taks 939: checks 
prguitar: checks 
*** TURN *** [8h 2h Td] [Tc]
taks 939: checks 
prguitar: checks 
*** RIVER *** [8h 2h Td Tc] [7c]
taks 939: checks 
prguitar: checks 
*** SHOW DOWN ***
taks 939: shows [As 5c] (a pair of Tens)
prguitar: mucks hand 
taks 939 collected $0.04 from pot
*** SUMMARY ***
Total pot $0.04 | Rake $0 
Board [8h 2h Td Tc 7c]
Seat 1: hidyng (button) folded before Flop (didn't bet)
Seat 2: taks 939 (small blind) showed [As 5c] and won ($0.04) with a pair of Tens
Seat 3: prguitar (big blind) mucked [4d Kd]
Seat 4: Dorex2007 folded before Flop (didn't bet)
Seat 5: Teoriya300 folded before Flop (didn't bet)
Seat 6: klaus37 folded before Flop (didn't bet)
Seat 7: kusto1488 folded before Flop (didn't bet)
Seat 8: Peter47630 folded before Flop (didn't bet)
Seat 9: grimreaper4 folded before Flop (didn't bet)



PokerStars Hand #234645647442:  Hold'em No Limit ($0.01/$0.02 USD) - 2022/03/07 21:11:54 PT [2022/03/08 0:11:54 ET]
Table 'Guizhou' 9-max Seat #2 is the button
Seat 1: hidyng ($0.85 in chips) 
Seat 2: taks 939 ($1.80 in chips) 
Seat 3: prguitar ($1.06 in chips) 
Seat 4: Dorex2007 ($2 in chips) 
Seat 5: Teoriya300 ($0.74 in chips) 
Seat 6: klaus37 ($2.03 in chips) 
Seat 7: kusto1488 ($2.47 in chips) 
Seat 8: Peter47630 ($1.99 in chips) 
Seat 9: grimreaper4 ($2.53 in chips) 
prguitar: posts small blind $0.01
Dorex2007: posts big blind $0.02
*** HOLE CARDS ***
Dealt to Dorex2007 [9h 3c]
Teoriya300: folds 
klaus37: calls $0.02
kusto1488: folds 
Peter47630: folds 
grimreaper4: folds 
hidyng: folds 
taks 939: folds 
prguitar: raises $0.04 to $0.06
Dorex2007: folds 
klaus37: calls $0.04
*** FLOP *** [7s 7d Qd]
taks 939 leaves the table
prguitar: bets $0.14
klaus37: raises $1.83 to $1.97 and is all-in
prguitar: folds 
Uncalled bet ($1.83) returned to klaus37
klaus37 collected $0.41 from pot
klaus37: doesn't show hand 
*** SUMMARY ***
Total pot $0.42 | Rake $0.01 
Board [7s 7d Qd]
Seat 1: hidyng folded before Flop (didn't bet)
Seat 2: taks 939 (button) folded before Flop (didn't bet)
Seat 3: prguitar (small blind) folded on the Flop
Seat 4: Dorex2007 (big blind) folded before Flop
Seat 5: Teoriya300 folded before Flop (didn't bet)
Seat 6: klaus37 collected ($0.41)
Seat 7: kusto1488 folded before Flop (didn't bet)
Seat 8: Peter47630 folded before Flop (didn't bet)
Seat 9: grimreaper4 folded before Flop (didn't bet)



PokerStars Hand #234645655402:  Hold'em No Limit ($0.01/$0.02 USD) - 2022/03/07 21:12:54 PT [2022/03/08 0:12:54 ET]
Table 'Guizhou' 9-max Seat #3 is the button
Seat 1: hidyng ($0.85 in chips) 
Seat 3: prguitar ($0.86 in chips) 
Seat 4: Dorex2007 ($2 in chips) 
Seat 5: Teoriya300 ($0.74 in chips) 
Seat 6: klaus37 ($2.24 in chips) 
Seat 7: kusto1488 ($2.47 in chips) 
Seat 8: Peter47630 ($1.99 in chips) 
Seat 9: grimreaper4 ($2.53 in chips) 
Dorex2007: posts small blind $0.01
Teoriya300: posts big blind $0.02
*** HOLE CARDS ***
Dealt to Dorex2007 [Ac 9s]
klaus37: folds 
kusto1488: folds 
Peter47630: calls $0.02
grimreaper4: folds 
hidyng: folds 
prguitar: folds 
Dorex2007: calls $0.01
Teoriya300: checks 
*** FLOP *** [5c 2d 8s]
Dorex2007: checks 
Teoriya300: checks 
Peter47630: checks 
*** TURN *** [5c 2d 8s] [7h]
Dorex2007: checks 
Teoriya300: bets $0.04
Peter47630: calls $0.04
Dorex2007: folds 
*** RIVER *** [5c 2d 8s 7h] [Qs]
Teoriya300: checks 
Peter47630: checks 
*** SHOW DOWN ***
Teoriya300: shows [9d 7d] (a pair of Sevens)
Peter47630: mucks hand 
Teoriya300 collected $0.14 from pot
*** SUMMARY ***
Total pot $0.14 | Rake $0 
Board [5c 2d 8s 7h Qs]
Seat 1: hidyng folded before Flop (didn't bet)
Seat 3: prguitar (button) folded before Flop (didn't bet)
Seat 4: Dorex2007 (small blind) folded on the Turn
Seat 5: Teoriya300 (big blind) showed [9d 7d] and won ($0.14) with a pair of Sevens
Seat 6: klaus37 folded before Flop (didn't bet)
Seat 7: kusto1488 folded before Flop (didn't bet)
Seat 8: Peter47630 mucked [6c 6h]
Seat 9: grimreaper4 folded before Flop (didn't bet)



PokerStars Hand #234645660497:  Hold'em No Limit ($0.01/$0.02 USD) - 2022/03/07 21:13:32 PT [2022/03/08 0:13:32 ET]
Table 'Guizhou' 9-max Seat #4 is the button
Seat 1: hidyng ($0.85 in chips) 
Seat 3: prguitar ($0.86 in chips) 
Seat 4: Dorex2007 ($2 in chips) 
Seat 5: Teoriya300 ($0.82 in chips) 
Seat 6: klaus37 ($2.24 in chips) 
Seat 7: kusto1488 ($2.47 in chips) 
Seat 8: Peter47630 ($1.93 in chips) 
Seat 9: grimreaper4 ($2.53 in chips) 
Teoriya300: posts small blind $0.01
klaus37: posts big blind $0.02
*** HOLE CARDS ***
Dealt to Dorex2007 [8d 7s]
kusto1488: folds 
Peter47630: calls $0.02
grimreaper4: folds 
hidyng: raises $0.02 to $0.04
prguitar: folds 
Dorex2007: folds 
Teoriya300: folds 
klaus37: folds 
Peter47630: calls $0.02
*** FLOP *** [Ks 8c Kh]
Peter47630: bets $0.04
hidyng: folds 
Uncalled bet ($0.04) returned to Peter47630
Peter47630 collected $0.11 from pot
Peter47630: doesn't show hand 
*** SUMMARY ***
Total pot $0.11 | Rake $0 
Board [Ks 8c Kh]
Seat 1: hidyng folded on the Flop
Seat 3: prguitar folded before Flop (didn't bet)
Seat 4: Dorex2007 (button) folded before Flop (didn't bet)
Seat 5: Teoriya300 (small blind) folded before Flop
Seat 6: klaus37 (big blind) folded before Flop
Seat 7: kusto1488 folded before Flop (didn't bet)
Seat 8: Peter47630 collected ($0.11)
Seat 9: grimreaper4 folded before Flop (didn't bet)



PokerStars Hand #234645664620:  Hold'em No Limit ($0.01/$0.02 USD) - 2022/03/07 21:14:03 PT [2022/03/08 0:14:03 ET]
Table 'Guizhou' 9-max Seat #5 is the button
Seat 1: hidyng ($0.81 in chips) 
Seat 3: prguitar ($0.86 in chips) 
Seat 4: Dorex2007 ($2 in chips) 
Seat 5: Teoriya300 ($0.81 in chips) 
Seat 6: klaus37 ($2.22 in chips) 
Seat 7: kusto1488 ($2.47 in chips) 
Seat 8: Peter47630 ($2 in chips) 
Seat 9: grimreaper4 ($2.53 in chips) 
klaus37: posts small blind $0.01
kusto1488: posts big blind $0.02
*** HOLE CARDS ***
Dealt to Dorex2007 [2h Qd]
Peter47630: folds 
grimreaper4: calls $0.02
hidyng: folds 
prguitar: folds 
Dorex2007: folds 
Teoriya300: folds 
klaus37: calls $0.01
kusto1488: checks 
*** FLOP *** [Ad 7h Kh]
klaus37: bets $0.04
kusto1488: folds 
grimreaper4: folds 
Uncalled bet ($0.04) returned to klaus37
klaus37 collected $0.06 from pot
klaus37: doesn't show hand 
*** SUMMARY ***
Total pot $0.06 | Rake $0 
Board [Ad 7h Kh]
Seat 1: hidyng folded before Flop (didn't bet)
Seat 3: prguitar folded before Flop (didn't bet)
Seat 4: Dorex2007 folded before Flop (didn't bet)
Seat 5: Teoriya300 (button) folded before Flop (didn't bet)
Seat 6: klaus37 (small blind) collected ($0.06)
Seat 7: kusto1488 (big blind) folded on the Flop
Seat 8: Peter47630 folded before Flop (didn't bet)
Seat 9: grimreaper4 folded on the Flop



PokerStars Hand #234645669294:  Hold'em No Limit ($0.01/$0.02 USD) - 2022/03/07 21:14:38 PT [2022/03/08 0:14:38 ET]
Table 'Guizhou' 9-max Seat #6 is the button
Seat 1: hidyng ($0.81 in chips) 
Seat 3: prguitar ($0.86 in chips) 
Seat 4: Dorex2007 ($2 in chips) 
Seat 5: Teoriya300 ($0.81 in chips) 
Seat 6: klaus37 ($2.26 in chips) 
Seat 7: kusto1488 ($2.45 in chips) 
Seat 8: Peter47630 ($2 in chips) 
Seat 9: grimreaper4 ($2.51 in chips) 
kusto1488: posts small blind $0.01
Peter47630: posts big blind $0.02
*** HOLE CARDS ***
Dealt to Dorex2007 [Ad 7c]
grimreaper4: folds 
hidyng: folds 
prguitar: folds 
Dorex2007: folds 
Teoriya300: folds 
klaus37: folds 
kusto1488: raises $0.05 to $0.07
Peter47630: folds 
Uncalled bet ($0.05) returned to kusto1488
kusto1488 collected $0.04 from pot
kusto1488: doesn't show hand 
*** SUMMARY ***
Total pot $0.04 | Rake $0 
Seat 1: hidyng folded before Flop (didn't bet)
Seat 3: prguitar folded before Flop (didn't bet)
Seat 4: Dorex2007 folded before Flop (didn't bet)
Seat 5: Teoriya300 folded before Flop (didn't bet)
Seat 6: klaus37 (button) folded before Flop (didn't bet)
Seat 7: kusto1488 (small blind) collected ($0.04)
Seat 8: Peter47630 (big blind) folded before Flop
Seat 9: grimreaper4 folded before Flop (didn't bet)



PokerStars Hand #234645680237:  Hold'em No Limit ($0.01/$0.02 USD) - 2022/03/07 21:14:48 PT [2022/03/08 0:14:48 ET]
Table 'Guizhou' 9-max Seat #7 is the button
Seat 1: hidyng ($0.81 in chips) 
Seat 3: prguitar ($0.86 in chips) 
Seat 4: Dorex2007 ($2 in chips) 
Seat 5: Teoriya300 ($0.81 in chips) 
Seat 6: klaus37 ($2.26 in chips) 
Seat 7: kusto1488 ($2.47 in chips) 
Seat 8: Peter47630 ($1.98 in chips) 
Seat 9: grimreaper4 ($2.51 in chips) 
Peter47630: posts small blind $0.01
grimreaper4: posts big blind $0.02
*** HOLE CARDS ***
Dealt to Dorex2007 [Kd Qc]
INTIMIDATOR69 joins the table at seat #2 
hidyng: folds 
prguitar: folds 
Dorex2007: calls $0.02
Teoriya300: calls $0.02
klaus37: folds 
kusto1488: folds 
Peter47630: folds 
grimreaper4: checks 
*** FLOP *** [Kh Ts 9c]
grimreaper4: checks 
Dorex2007: checks 
Teoriya300: checks 
*** TURN *** [Kh Ts 9c] [2c]
grimreaper4: checks 
Dorex2007: bets $0.05
Teoriya300: folds 
grimreaper4: folds 
Uncalled bet ($0.05) returned to Dorex2007
Dorex2007 collected $0.07 from pot
Dorex2007: doesn't show hand 
*** SUMMARY ***
Total pot $0.07 | Rake $0 
Board [Kh Ts 9c 2c]
Seat 1: hidyng folded before Flop (didn't bet)
Seat 3: prguitar folded before Flop (didn't bet)
Seat 4: Dorex2007 collected ($0.07)
Seat 5: Teoriya300 folded on the Turn
Seat 6: klaus37 folded before Flop (didn't bet)
Seat 7: kusto1488 (button) folded before Flop (didn't bet)
Seat 8: Peter47630 (small blind) folded before Flop
Seat 9: grimreaper4 (big blind) folded on the Turn



PokerStars Hand #234645685676:  Hold'em No Limit ($0.01/$0.02 USD) - 2022/03/07 21:15:29 PT [2022/03/08 0:15:29 ET]
Table 'Guizhou' 9-max Seat #8 is the button
Seat 1: hidyng ($0.81 in chips) 
Seat 2: INTIMIDATOR69 ($1 in chips) 
Seat 3: prguitar ($0.86 in chips) 
Seat 4: Dorex2007 ($2.05 in chips) 
Seat 5: Teoriya300 ($0.79 in chips) 
Seat 6: klaus37 ($2.26 in chips) 
Seat 7: kusto1488 ($2.47 in chips) 
Seat 8: Peter47630 ($1.97 in chips) 
Seat 9: grimreaper4 ($2.49 in chips) 
grimreaper4: posts small blind $0.01
hidyng: posts big blind $0.02
INTIMIDATOR69: posts big blind $0.02
*** HOLE CARDS ***
Dealt to Dorex2007 [9d Td]
INTIMIDATOR69: checks 
prguitar: folds 
Dorex2007: folds 
Teoriya300: calls $0.02
klaus37: calls $0.02
kusto1488: folds 
Peter47630: calls $0.02
grimreaper4: folds 
hidyng: checks 
*** FLOP *** [7d 7c 4h]
hidyng: checks 
INTIMIDATOR69: checks 
Teoriya300: bets $0.04
klaus37: calls $0.04
Peter47630: folds 
hidyng: folds 
INTIMIDATOR69: folds 
*** TURN *** [7d 7c 4h] [Jh]
Teoriya300: checks 
klaus37: checks 
*** RIVER *** [7d 7c 4h Jh] [8h]
Teoriya300: checks 
klaus37: checks 
*** SHOW DOWN ***
Teoriya300: shows [As 4c] (two pair, Sevens and Fours)
klaus37: shows [9c 9s] (two pair, Nines and Sevens)
klaus37 collected $0.18 from pot
*** SUMMARY ***
Total pot $0.19 | Rake $0.01 
Board [7d 7c 4h Jh 8h]
Seat 1: hidyng (big blind) folded on the Flop
Seat 2: INTIMIDATOR69 folded on the Flop (didn't bet)
Seat 3: prguitar folded before Flop (didn't bet)
Seat 4: Dorex2007 folded before Flop (didn't bet)
Seat 5: Teoriya300 showed [As 4c] and lost with two pair, Sevens and Fours
Seat 6: klaus37 showed [9c 9s] and won ($0.18) with two pair, Nines and Sevens
Seat 7: kusto1488 folded before Flop (didn't bet)
Seat 8: Peter47630 (button) folded on the Flop
Seat 9: grimreaper4 (small blind) folded before Flop



PokerStars Hand #234645693140:  Hold'em No Limit ($0.01/$0.02 USD) - 2022/03/07 21:16:25 PT [2022/03/08 0:16:25 ET]
Table 'Guizhou' 9-max Seat #9 is the button
Seat 1: hidyng ($0.79 in chips) 
Seat 2: INTIMIDATOR69 ($1 in chips) 
Seat 3: prguitar ($0.86 in chips) 
Seat 4: Dorex2007 ($2.05 in chips) 
Seat 5: Teoriya300 ($0.73 in chips) 
Seat 6: klaus37 ($2.38 in chips) 
Seat 7: kusto1488 ($2.47 in chips) 
Seat 8: Peter47630 ($1.95 in chips) 
Seat 9: grimreaper4 ($2.48 in chips) 
hidyng: posts small blind $0.01
INTIMIDATOR69: posts big blind $0.02
*** HOLE CARDS ***
Dealt to Dorex2007 [7h 3h]
prguitar: folds 
Dorex2007: folds 
Teoriya300: folds 
klaus37: folds 
kusto1488: folds 
Peter47630: calls $0.02
grimreaper4: folds 
hidyng: calls $0.01
INTIMIDATOR69: raises $0.10 to $0.12
Peter47630: folds 
hidyng: folds 
Uncalled bet ($0.10) returned to INTIMIDATOR69
INTIMIDATOR69 collected $0.06 from pot
*** SUMMARY ***
Total pot $0.06 | Rake $0 
Seat 1: hidyng (small blind) folded before Flop
Seat 2: INTIMIDATOR69 (big blind) collected ($0.06)
Seat 3: prguitar folded before Flop (didn't bet)
Seat 4: Dorex2007 folded before Flop (didn't bet)
Seat 5: Teoriya300 folded before Flop (didn't bet)
Seat 6: klaus37 folded before Flop (didn't bet)
Seat 7: kusto1488 folded before Flop (didn't bet)
Seat 8: Peter47630 folded before Flop
Seat 9: grimreaper4 (button) folded before Flop (didn't bet)



PokerStars Hand #234645697233:  Hold'em No Limit ($0.01/$0.02 USD) - 2022/03/07 21:16:57 PT [2022/03/08 0:16:57 ET]
Table 'Guizhou' 9-max Seat #1 is the button
Seat 1: hidyng ($0.77 in chips) 
Seat 2: INTIMIDATOR69 ($1.04 in chips) 
Seat 3: prguitar ($0.86 in chips) 
Seat 4: Dorex2007 ($2.05 in chips) 
Seat 5: Teoriya300 ($0.73 in chips) 
Seat 6: klaus37 ($2.38 in chips) 
Seat 7: kusto1488 ($2.47 in chips) 
Seat 8: Peter47630 ($1.93 in chips) 
Seat 9: grimreaper4 ($2.48 in chips) 
INTIMIDATOR69: posts small blind $0.01
prguitar: posts big blind $0.02
*** HOLE CARDS ***
Dealt to Dorex2007 [7c 8s]
Dorex2007: folds 
Teoriya300: calls $0.02
klaus37: folds 
kusto1488: folds 
Peter47630: folds 
grimreaper4: calls $0.02
hidyng: folds 
INTIMIDATOR69: calls $0.01
prguitar: checks 
*** FLOP *** [5h Jh Ah]
INTIMIDATOR69: checks 
prguitar: checks 
Teoriya300: checks 
grimreaper4: checks 
*** TURN *** [5h Jh Ah] [4h]
INTIMIDATOR69: checks 
prguitar: bets $0.08
Teoriya300: folds 
grimreaper4: folds 
INTIMIDATOR69: folds 
Uncalled bet ($0.08) returned to prguitar
prguitar collected $0.08 from pot
prguitar: doesn't show hand 
*** SUMMARY ***
Total pot $0.08 | Rake $0 
Board [5h Jh Ah 4h]
Seat 1: hidyng (button) folded before Flop (didn't bet)
Seat 2: INTIMIDATOR69 (small blind) folded on the Turn
Seat 3: prguitar (big blind) collected ($0.08)
Seat 4: Dorex2007 folded before Flop (didn't bet)
Seat 5: Teoriya300 folded on the Turn
Seat 6: klaus37 folded before Flop (didn't bet)
Seat 7: kusto1488 folded before Flop (didn't bet)
Seat 8: Peter47630 folded before Flop (didn't bet)
Seat 9: grimreaper4 folded on the Turn



PokerStars Hand #234645702578:  Hold'em No Limit ($0.01/$0.02 USD) - 2022/03/07 21:17:37 PT [2022/03/08 0:17:37 ET]
Table 'Guizhou' 9-max Seat #2 is the button
Seat 1: hidyng ($0.77 in chips) 
Seat 2: INTIMIDATOR69 ($1.02 in chips) 
Seat 3: prguitar ($0.92 in chips) 
Seat 4: Dorex2007 ($2.05 in chips) 
Seat 5: Teoriya300 ($0.71 in chips) 
Seat 6: klaus37 ($2.38 in chips) 
Seat 7: kusto1488 ($2.47 in chips) 
Seat 8: Peter47630 ($1.93 in chips) 
Seat 9: grimreaper4 ($2.46 in chips) 
prguitar: posts small blind $0.01
Dorex2007: posts big blind $0.02
*** HOLE CARDS ***
Dealt to Dorex2007 [6s 6c]
Teoriya300: folds 
klaus37: folds 
kusto1488: folds 
Peter47630: folds 
grimreaper4: folds 
hidyng: raises $0.04 to $0.06
INTIMIDATOR69: calls $0.06
prguitar: folds 
Dorex2007: calls $0.04
*** FLOP *** [5s As Jd]
Dorex2007: checks 
hidyng: bets $0.09
INTIMIDATOR69: calls $0.09
Dorex2007: folds 
*** TURN *** [5s As Jd] [3h]
hidyng: bets $0.18
INTIMIDATOR69: raises $0.69 to $0.87 and is all-in
hidyng: calls $0.44 and is all-in
Uncalled bet ($0.25) returned to INTIMIDATOR69
*** RIVER *** [5s As Jd 3h] [9d]
*** SHOW DOWN ***
hidyng: shows [5d Ah] (two pair, Aces and Fives)
INTIMIDATOR69: shows [5c 5h] (three of a kind, Fives)
INTIMIDATOR69 collected $1.55 from pot
hidyng cashed out the hand for $0.08
*** SUMMARY ***
Total pot $1.61 | Rake $0.06 
Board [5s As Jd 3h 9d]
Seat 1: hidyng showed [5d Ah] and lost with two pair, Aces and Fives (cashed out).
Seat 2: INTIMIDATOR69 (button) showed [5c 5h] and won ($1.55) with three of a kind, Fives
Seat 3: prguitar (small blind) folded before Flop
Seat 4: Dorex2007 (big blind) folded on the Flop
Seat 5: Teoriya300 folded before Flop (didn't bet)
Seat 6: klaus37 folded before Flop (didn't bet)
Seat 7: kusto1488 folded before Flop (didn't bet)
Seat 8: Peter47630 folded before Flop (didn't bet)
Seat 9: grimreaper4 folded before Flop (didn't bet)



PokerStars Hand #234645709096:  Hold'em No Limit ($0.01/$0.02 USD) - 2022/03/07 21:18:27 PT [2022/03/08 0:18:27 ET]
Table 'Guizhou' 9-max Seat #3 is the button
Seat 1: hidyng ($0.08 in chips) 
Seat 2: INTIMIDATOR69 ($1.80 in chips) 
Seat 3: prguitar ($0.91 in chips) 
Seat 4: Dorex2007 ($2 in chips) 
Seat 5: Teoriya300 ($0.71 in chips) 
Seat 6: klaus37 ($2.38 in chips) 
Seat 7: kusto1488 ($2.47 in chips) 
Seat 8: Peter47630 ($1.93 in chips) 
Seat 9: grimreaper4 ($2.46 in chips) 
Dorex2007: posts small blind $0.01
Teoriya300: posts big blind $0.02
*** HOLE CARDS ***
Dealt to Dorex2007 [9s 8h]
klaus37: folds 
kusto1488: folds 
Peter47630: folds 
grimreaper4 has timed out
grimreaper4: folds 
hidyng: folds 
INTIMIDATOR69 has timed out
INTIMIDATOR69: folds 
prguitar: folds 
Dorex2007: folds 
Uncalled bet ($0.01) returned to Teoriya300
Teoriya300 collected $0.02 from pot
Teoriya300: doesn't show hand 
*** SUMMARY ***
Total pot $0.02 | Rake $0 
Seat 1: hidyng folded before Flop (didn't bet)
Seat 2: INTIMIDATOR69 folded before Flop (didn't bet)
Seat 3: prguitar (button) folded before Flop (didn't bet)
Seat 4: Dorex2007 (small blind) folded before Flop
Seat 5: Teoriya300 (big blind) collected ($0.02)
Seat 6: klaus37 folded before Flop (didn't bet)
Seat 7: kusto1488 folded before Flop (didn't bet)
Seat 8: Peter47630 folded before Flop (didn't bet)
Seat 9: grimreaper4 folded before Flop (didn't bet)



PokerStars Hand #234645714221:  Hold'em No Limit ($0.01/$0.02 USD) - 2022/03/07 21:19:05 PT [2022/03/08 0:19:05 ET]
Table 'Guizhou' 9-max Seat #4 is the button
Seat 1: hidyng ($0.08 in chips) 
Seat 3: prguitar ($0.91 in chips) 
Seat 4: Dorex2007 ($2 in chips) 
Seat 5: Teoriya300 ($0.72 in chips) 
Seat 7: kusto1488 ($2.47 in chips) 
Seat 8: Peter47630 ($1.93 in chips) 
Seat 9: grimreaper4 ($2.46 in chips) 
Teoriya300: posts small blind $0.01
kusto1488: posts big blind $0.02
*** HOLE CARDS ***
Dealt to Dorex2007 [3c 5c]
Peter47630: folds 
grimreaper4: folds 
hidyng: folds 
klaus37 leaves the table
prguitar: folds 
Dorex2007: folds 
Teoriya300: calls $0.01
kusto1488: checks 
*** FLOP *** [9d Qc Th]
Teoriya300: checks 
kusto1488: checks 
*** TURN *** [9d Qc Th] [7s]
Teoriya300: bets $0.04
kusto1488: folds 
Uncalled bet ($0.04) returned to Teoriya300
Teoriya300 collected $0.04 from pot
Teoriya300: doesn't show hand 
*** SUMMARY ***
Total pot $0.04 | Rake $0 
Board [9d Qc Th 7s]
Seat 1: hidyng folded before Flop (didn't bet)
Seat 3: prguitar folded before Flop (didn't bet)
Seat 4: Dorex2007 (button) folded before Flop (didn't bet)
Seat 5: Teoriya300 (small blind) collected ($0.04)
Seat 7: kusto1488 (big blind) folded on the Turn
Seat 8: Peter47630 folded before Flop (didn't bet)
Seat 9: grimreaper4 folded before Flop (didn't bet)



PokerStars Hand #234645717500:  Hold'em No Limit ($0.01/$0.02 USD) - 2022/03/07 21:19:30 PT [2022/03/08 0:19:30 ET]
Table 'Guizhou' 9-max Seat #5 is the button
Seat 1: hidyng ($0.08 in chips) 
Seat 2: INTIMIDATOR69 ($1.80 in chips) 
Seat 3: prguitar ($0.91 in chips) 
Seat 4: Dorex2007 ($2 in chips) 
Seat 5: Teoriya300 ($0.74 in chips) 
Seat 7: kusto1488 ($2.45 in chips) 
Seat 8: Peter47630 ($1.93 in chips) 
Seat 9: grimreaper4 ($2.46 in chips) 
kusto1488: posts small blind $0.01
Peter47630: posts big blind $0.02
*** HOLE CARDS ***
Dealt to Dorex2007 [Kh 6c]
grimreaper4: folds 
hidyng: raises $0.02 to $0.04
INTIMIDATOR69: folds 
VIOLIST BR joins the table at seat #6 
prguitar: folds 
Dorex2007: folds 
Teoriya300: folds 
kusto1488: raises $0.07 to $0.11
Peter47630: calls $0.09
hidyng: calls $0.04 and is all-in
*** FLOP *** [6s 2h 2s]
kusto1488: bets $0.10
Peter47630: folds 
Uncalled bet ($0.10) returned to kusto1488
*** TURN *** [6s 2h 2s] [4c]
*** RIVER *** [6s 2h 2s 4c] [9s]
*** SHOW DOWN ***
kusto1488: shows [5c Ac] (a pair of Deuces)
kusto1488 collected $0.06 from side pot
hidyng: shows [Ah 9d] (two pair, Nines and Deuces)
hidyng collected $0.23 from main pot
*** SUMMARY ***
Total pot $0.30 Main pot $0.23. Side pot $0.06. | Rake $0.01 
Board [6s 2h 2s 4c 9s]
Seat 1: hidyng showed [Ah 9d] and won ($0.23) with two pair, Nines and Deuces
Seat 2: INTIMIDATOR69 folded before Flop (didn't bet)
Seat 3: prguitar folded before Flop (didn't bet)
Seat 4: Dorex2007 folded before Flop (didn't bet)
Seat 5: Teoriya300 (button) folded before Flop (didn't bet)
Seat 7: kusto1488 (small blind) showed [5c Ac] and won ($0.06) with a pair of Deuces
Seat 8: Peter47630 (big blind) folded on the Flop
Seat 9: grimreaper4 folded before Flop (didn't bet)



PokerStars Hand #234645723948:  Hold'em No Limit ($0.01/$0.02 USD) - 2022/03/07 21:20:19 PT [2022/03/08 0:20:19 ET]
Table 'Guizhou' 9-max Seat #7 is the button
Seat 1: hidyng ($0.23 in chips) 
Seat 2: INTIMIDATOR69 ($1.80 in chips) 
Seat 3: prguitar ($0.91 in chips) 
Seat 4: Dorex2007 ($2 in chips) 
Seat 5: Teoriya300 ($0.74 in chips) 
Seat 7: kusto1488 ($2.40 in chips) 
Seat 8: Peter47630 ($1.82 in chips) 
Seat 9: grimreaper4 ($2.46 in chips) 
Peter47630: posts small blind $0.01
grimreaper4: posts big blind $0.02
VIOLIST BR: sits out 
*** HOLE CARDS ***
Dealt to Dorex2007 [Qs 4d]
hidyng: folds 
INTIMIDATOR69: calls $0.02
prguitar: folds 
Dorex2007: folds 
Teoriya300: folds 
kusto1488: folds 
Peter47630: folds 
grimreaper4: checks 
*** FLOP *** [Qc Tc 7d]
grimreaper4: checks 
INTIMIDATOR69: checks 
*** TURN *** [Qc Tc 7d] [Kd]
grimreaper4: checks 
INTIMIDATOR69: checks 
*** RIVER *** [Qc Tc 7d Kd] [7s]
grimreaper4: checks 
INTIMIDATOR69: checks 
*** SHOW DOWN ***
grimreaper4: shows [Jh Ts] (two pair, Tens and Sevens)
INTIMIDATOR69: mucks hand 
grimreaper4 collected $0.05 from pot
*** SUMMARY ***
Total pot $0.05 | Rake $0 
Board [Qc Tc 7d Kd 7s]
Seat 1: hidyng folded before Flop (didn't bet)
Seat 2: INTIMIDATOR69 mucked [8c Ac]
Seat 3: prguitar folded before Flop (didn't bet)
Seat 4: Dorex2007 folded before Flop (didn't bet)
Seat 5: Teoriya300 folded before Flop (didn't bet)
Seat 7: kusto1488 (button) folded before Flop (didn't bet)
Seat 8: Peter47630 (small blind) folded before Flop
Seat 9: grimreaper4 (big blind) showed [Jh Ts] and won ($0.05) with two pair, Tens and Sevens



PokerStars Hand #234645730078:  Hold'em No Limit ($0.01/$0.02 USD) - 2022/03/07 21:21:05 PT [2022/03/08 0:21:05 ET]
Table 'Guizhou' 9-max Seat #8 is the button
Seat 1: hidyng ($0.23 in chips) 
Seat 2: INTIMIDATOR69 ($1.78 in chips) 
Seat 3: prguitar ($0.91 in chips) 
Seat 4: Dorex2007 ($2 in chips) 
Seat 5: Teoriya300 ($0.74 in chips) 
Seat 6: VIOLIST BR ($2 in chips) 
Seat 7: kusto1488 ($2.40 in chips) 
Seat 8: Peter47630 ($1.81 in chips) 
Seat 9: grimreaper4 ($2.49 in chips) 
grimreaper4: posts small blind $0.01
hidyng: posts big blind $0.02
VIOLIST BR: posts big blind $0.02
*** HOLE CARDS ***
Dealt to Dorex2007 [6d 8h]
INTIMIDATOR69: calls $0.02
prguitar: folds 
Dorex2007: folds 
Teoriya300: folds 
VIOLIST BR: checks 
kusto1488: folds 
Peter47630: folds 
grimreaper4: calls $0.01
hidyng: raises $0.04 to $0.06
INTIMIDATOR69: calls $0.04
VIOLIST BR: folds 
grimreaper4: calls $0.04
*** FLOP *** [Qh Ts 4h]
grimreaper4: checks 
hidyng: bets $0.06
INTIMIDATOR69: calls $0.06
grimreaper4: folds 
*** TURN *** [Qh Ts 4h] [5d]
hidyng: checks 
INTIMIDATOR69: checks 
*** RIVER *** [Qh Ts 4h 5d] [4c]
hidyng: checks 
INTIMIDATOR69: checks 
*** SHOW DOWN ***
hidyng: shows [Ad Jh] (a pair of Fours)
INTIMIDATOR69: mucks hand 
hidyng collected $0.31 from pot
*** SUMMARY ***
Total pot $0.32 | Rake $0.01 
Board [Qh Ts 4h 5d 4c]
Seat 1: hidyng (big blind) showed [Ad Jh] and won ($0.31) with a pair of Fours
Seat 2: INTIMIDATOR69 mucked [Jc 8c]
Seat 3: prguitar folded before Flop (didn't bet)
Seat 4: Dorex2007 folded before Flop (didn't bet)
Seat 5: Teoriya300 folded before Flop (didn't bet)
Seat 6: VIOLIST BR folded before Flop (didn't bet)
Seat 7: kusto1488 folded before Flop (didn't bet)
Seat 8: Peter47630 (button) folded before Flop (didn't bet)
Seat 9: grimreaper4 (small blind) folded on the Flop



PokerStars Hand #234645738431:  Hold'em No Limit ($0.01/$0.02 USD) - 2022/03/07 21:22:08 PT [2022/03/08 0:22:08 ET]
Table 'Guizhou' 9-max Seat #9 is the button
Seat 1: hidyng ($0.42 in chips) 
Seat 2: INTIMIDATOR69 ($1.66 in chips) 
Seat 3: prguitar ($0.91 in chips) 
Seat 4: Dorex2007 ($2 in chips) 
Seat 5: Teoriya300 ($0.74 in chips) 
Seat 6: VIOLIST BR ($2 in chips) 
Seat 7: kusto1488 ($2.40 in chips) 
Seat 8: Peter47630 ($1.81 in chips) 
Seat 9: grimreaper4 ($2.43 in chips) 
hidyng: posts small blind $0.01
INTIMIDATOR69: posts big blind $0.02
*** HOLE CARDS ***
Dealt to Dorex2007 [5c Qc]
prguitar: folds 
Dorex2007: folds 
Teoriya300: folds 
VIOLIST BR: folds 
kusto1488: folds 
Peter47630: folds 
grimreaper4: folds 
hidyng: folds 
Uncalled bet ($0.01) returned to INTIMIDATOR69
INTIMIDATOR69 collected $0.02 from pot
*** SUMMARY ***
Total pot $0.02 | Rake $0 
Seat 1: hidyng (small blind) folded before Flop
Seat 2: INTIMIDATOR69 (big blind) collected ($0.02)
Seat 3: prguitar folded before Flop (didn't bet)
Seat 4: Dorex2007 folded before Flop (didn't bet)
Seat 5: Teoriya300 folded before Flop (didn't bet)
Seat 6: VIOLIST BR folded before Flop (didn't bet)
Seat 7: kusto1488 folded before Flop (didn't bet)
Seat 8: Peter47630 folded before Flop (didn't bet)
Seat 9: grimreaper4 (button) folded before Flop (didn't bet)



PokerStars Hand #234645740958:  Hold'em No Limit ($0.01/$0.02 USD) - 2022/03/07 21:22:27 PT [2022/03/08 0:22:27 ET]
Table 'Guizhou' 9-max Seat #1 is the button
Seat 1: hidyng ($0.41 in chips) 
Seat 2: INTIMIDATOR69 ($1.67 in chips) 
Seat 3: prguitar ($0.91 in chips) 
Seat 4: Dorex2007 ($2 in chips) 
Seat 5: Teoriya300 ($0.74 in chips) 
Seat 6: VIOLIST BR ($2 in chips) 
Seat 7: kusto1488 ($2.40 in chips) 
Seat 8: Peter47630 ($1.81 in chips) 
Seat 9: grimreaper4 ($2.43 in chips) 
INTIMIDATOR69: posts small blind $0.01
prguitar: posts big blind $0.02
*** HOLE CARDS ***
Dealt to Dorex2007 [Jc Ah]
Dorex2007: raises $0.02 to $0.04
Teoriya300: folds 
VIOLIST BR: calls $0.04
kusto1488: folds 
Peter47630: calls $0.04
grimreaper4: folds 
hidyng: folds 
INTIMIDATOR69: calls $0.03
prguitar: folds 
*** FLOP *** [3c Ks 3h]
INTIMIDATOR69: checks 
Dorex2007: checks 
VIOLIST BR: checks 
Peter47630: checks 
*** TURN *** [3c Ks 3h] [7d]
INTIMIDATOR69: checks 
Dorex2007: checks 
VIOLIST BR: checks 
Peter47630: checks 
*** RIVER *** [3c Ks 3h 7d] [2c]
INTIMIDATOR69: checks 
Dorex2007: checks 
VIOLIST BR: checks 
Peter47630: checks 
*** SHOW DOWN ***
INTIMIDATOR69: shows [2d 4d] (two pair, Threes and Deuces)
Dorex2007: mucks hand 
VIOLIST BR: mucks hand 
Peter47630: mucks hand 
INTIMIDATOR69 collected $0.17 from pot
*** SUMMARY ***
Total pot $0.18 | Rake $0.01 
Board [3c Ks 3h 7d 2c]
Seat 1: hidyng (button) folded before Flop (didn't bet)
Seat 2: INTIMIDATOR69 (small blind) showed [2d 4d] and won ($0.17) with two pair, Threes and Deuces
Seat 3: prguitar (big blind) folded before Flop
Seat 4: Dorex2007 mucked [Jc Ah]
Seat 5: Teoriya300 folded before Flop (didn't bet)
Seat 6: VIOLIST BR mucked [Ad 9d]
Seat 7: kusto1488 folded before Flop (didn't bet)
Seat 8: Peter47630 mucked [As 6h]
Seat 9: grimreaper4 folded before Flop (didn't bet)



PokerStars Hand #234645749934:  Hold'em No Limit ($0.01/$0.02 USD) - 2022/03/07 21:23:35 PT [2022/03/08 0:23:35 ET]
Table 'Guizhou' 9-max Seat #2 is the button
Seat 1: hidyng ($0.41 in chips) 
Seat 2: INTIMIDATOR69 ($1.80 in chips) 
Seat 3: prguitar ($0.89 in chips) 
Seat 4: Dorex2007 ($2 in chips) 
Seat 5: Teoriya300 ($0.74 in chips) 
Seat 6: VIOLIST BR ($2 in chips) 
Seat 7: kusto1488 ($2.40 in chips) 
Seat 8: Peter47630 ($1.77 in chips) 
Seat 9: grimreaper4 ($2.43 in chips) 
prguitar: posts small blind $0.01
Dorex2007: posts big blind $0.02
*** HOLE CARDS ***
Dealt to Dorex2007 [As 4h]
Teoriya300: calls $0.02
VIOLIST BR: calls $0.02
kusto1488: folds 
Peter47630: calls $0.02
grimreaper4: folds 
hidyng: raises $0.06 to $0.08
INTIMIDATOR69: folds 
prguitar: folds 
Dorex2007: folds 
Teoriya300: folds 
VIOLIST BR: calls $0.06
Peter47630: calls $0.06
*** FLOP *** [2s Ah Tc]
VIOLIST BR: checks 
Peter47630: bets $0.10
hidyng: raises $0.23 to $0.33 and is all-in
VIOLIST BR: folds 
Peter47630: calls $0.23
*** TURN *** [2s Ah Tc] [7h]
*** RIVER *** [2s Ah Tc 7h] [6s]
*** SHOW DOWN ***
Peter47630: shows [Kc Ad] (a pair of Aces)
hidyng: shows [Kh Qd] (high card Ace)
Peter47630 collected $0.92 from pot
*** SUMMARY ***
Total pot $0.95 | Rake $0.03 
Board [2s Ah Tc 7h 6s]
Seat 1: hidyng showed [Kh Qd] and lost with high card Ace
Seat 2: INTIMIDATOR69 (button) folded before Flop (didn't bet)
Seat 3: prguitar (small blind) folded before Flop
Seat 4: Dorex2007 (big blind) folded before Flop
Seat 5: Teoriya300 folded before Flop
Seat 6: VIOLIST BR folded on the Flop
Seat 7: kusto1488 folded before Flop (didn't bet)
Seat 8: Peter47630 showed [Kc Ad] and won ($0.92) with a pair of Aces
Seat 9: grimreaper4 folded before Flop (didn't bet)



PokerStars Hand #234645758934:  Hold'em No Limit ($0.01/$0.02 USD) - 2022/03/07 21:24:43 PT [2022/03/08 0:24:43 ET]
Table 'Guizhou' 9-max Seat #3 is the button
Seat 2: INTIMIDATOR69 ($1.80 in chips) 
Seat 3: prguitar ($0.88 in chips) 
Seat 4: Dorex2007 ($2 in chips) 
Seat 5: Teoriya300 ($0.72 in chips) 
Seat 6: VIOLIST BR ($2 in chips) 
Seat 7: kusto1488 ($2.40 in chips) 
Seat 8: Peter47630 ($2.28 in chips) 
Seat 9: grimreaper4 ($2.43 in chips) 
Dorex2007: posts small blind $0.01
Teoriya300: posts big blind $0.02
*** HOLE CARDS ***
Dealt to Dorex2007 [As 3c]
hidyng leaves the table
VIOLIST BR: folds 
kusto1488: folds 
Peter47630: folds 
grimreaper4: folds 
INTIMIDATOR69: calls $0.02
prguitar: folds 
Dorex2007: folds 
Teoriya300: checks 
*** FLOP *** [4d Kc 2d]
JimGreek1974 joins the table at seat #1 
Teoriya300: checks 
INTIMIDATOR69: checks 
*** TURN *** [4d Kc 2d] [2s]
Teoriya300: checks 
INTIMIDATOR69: checks 
*** RIVER *** [4d Kc 2d 2s] [7s]
Teoriya300: checks 
INTIMIDATOR69: checks 
*** SHOW DOWN ***
Teoriya300: shows [Qc 3h] (a pair of Deuces)
INTIMIDATOR69: mucks hand 
Teoriya300 collected $0.05 from pot
*** SUMMARY ***
Total pot $0.05 | Rake $0 
Board [4d Kc 2d 2s 7s]
Seat 2: INTIMIDATOR69 mucked [8c 9c]
Seat 3: prguitar (button) folded before Flop (didn't bet)
Seat 4: Dorex2007 (small blind) folded before Flop
Seat 5: Teoriya300 (big blind) showed [Qc 3h] and won ($0.05) with a pair of Deuces
Seat 6: VIOLIST BR folded before Flop (didn't bet)
Seat 7: kusto1488 folded before Flop (didn't bet)
Seat 8: Peter47630 folded before Flop (didn't bet)
Seat 9: grimreaper4 folded before Flop (didn't bet)



PokerStars Hand #234645762835:  Hold'em No Limit ($0.01/$0.02 USD) - 2022/03/07 21:25:12 PT [2022/03/08 0:25:12 ET]
Table 'Guizhou' 9-max Seat #4 is the button
Seat 2: INTIMIDATOR69 ($1.78 in chips) 
Seat 3: prguitar ($0.88 in chips) 
Seat 4: Dorex2007 ($2 in chips) 
Seat 5: Teoriya300 ($0.75 in chips) 
Seat 6: VIOLIST BR ($2 in chips) 
Seat 7: kusto1488 ($2.40 in chips) 
Seat 8: Peter47630 ($2.28 in chips) 
Seat 9: grimreaper4 ($2.43 in chips) 
Teoriya300: posts small blind $0.01
VIOLIST BR: posts big blind $0.02
JimGreek1974: sits out 
*** HOLE CARDS ***
Dealt to Dorex2007 [Kc 6s]
kusto1488: folds 
Peter47630: folds 
grimreaper4: folds 
INTIMIDATOR69: folds 
prguitar: folds 
Dorex2007: folds 
Teoriya300: calls $0.01
VIOLIST BR: checks 
*** FLOP *** [3h 4s 5h]
Teoriya300: checks 
VIOLIST BR: bets $0.04
Teoriya300: calls $0.04
*** TURN *** [3h 4s 5h] [Kd]
Teoriya300: checks 
VIOLIST BR: bets $0.06
Teoriya300: calls $0.06
*** RIVER *** [3h 4s 5h Kd] [7s]
Teoriya300: checks 
VIOLIST BR: checks 
*** SHOW DOWN ***
Teoriya300: shows [8d 5d] (a pair of Fives)
VIOLIST BR: shows [Qh 5c] (a pair of Fives - King+Queen kicker)
VIOLIST BR collected $0.23 from pot
*** SUMMARY ***
Total pot $0.24 | Rake $0.01 
Board [3h 4s 5h Kd 7s]
Seat 2: INTIMIDATOR69 folded before Flop (didn't bet)
Seat 3: prguitar folded before Flop (didn't bet)
Seat 4: Dorex2007 (button) folded before Flop (didn't bet)
Seat 5: Teoriya300 (small blind) showed [8d 5d] and lost with a pair of Fives
Seat 6: VIOLIST BR (big blind) showed [Qh 5c] and won ($0.23) with a pair of Fives
Seat 7: kusto1488 folded before Flop (didn't bet)
Seat 8: Peter47630 folded before Flop (didn't bet)
Seat 9: grimreaper4 folded before Flop (didn't bet)



PokerStars Hand #234645766322:  Hold'em No Limit ($0.01/$0.02 USD) - 2022/03/07 21:25:38 PT [2022/03/08 0:25:38 ET]
Table 'Guizhou' 9-max Seat #5 is the button
Seat 2: INTIMIDATOR69 ($1.78 in chips) 
Seat 3: prguitar ($0.88 in chips) 
Seat 4: Dorex2007 ($2 in chips) 
Seat 5: Teoriya300 ($0.63 in chips) 
Seat 6: VIOLIST BR ($2.11 in chips) 
Seat 7: kusto1488 ($2.40 in chips) 
Seat 8: Peter47630 ($2.28 in chips) 
Seat 9: grimreaper4 ($2.43 in chips) 
VIOLIST BR: posts small blind $0.01
kusto1488: posts big blind $0.02
JimGreek1974: sits out 
*** HOLE CARDS ***
Dealt to Dorex2007 [5h 9c]
Peter47630: calls $0.02
grimreaper4: folds 
INTIMIDATOR69: folds 
prguitar: calls $0.02
Dorex2007: folds 
Teoriya300: folds 
VIOLIST BR: calls $0.01
kusto1488: checks 
*** FLOP *** [Td 6c 3h]
VIOLIST BR: checks 
kusto1488: checks 
Peter47630: checks 
prguitar: checks 
*** TURN *** [Td 6c 3h] [9s]
VIOLIST BR: checks 
kusto1488: checks 
Peter47630: checks 
prguitar: checks 
*** RIVER *** [Td 6c 3h 9s] [6d]
VIOLIST BR: checks 
kusto1488: bets $0.02
Peter47630: calls $0.02
prguitar: folds 
VIOLIST BR: folds 
*** SHOW DOWN ***
kusto1488: shows [9d 5s] (two pair, Nines and Sixes)
Peter47630: mucks hand 
kusto1488 collected $0.12 from pot
*** SUMMARY ***
Total pot $0.12 | Rake $0 
Board [Td 6c 3h 9s 6d]
Seat 2: INTIMIDATOR69 folded before Flop (didn't bet)
Seat 3: prguitar folded on the River
Seat 4: Dorex2007 folded before Flop (didn't bet)
Seat 5: Teoriya300 (button) folded before Flop (didn't bet)
Seat 6: VIOLIST BR (small blind) folded on the River
Seat 7: kusto1488 (big blind) showed [9d 5s] and won ($0.12) with two pair, Nines and Sixes
Seat 8: Peter47630 mucked [Qs Kc]
Seat 9: grimreaper4 folded before Flop (didn't bet)



PokerStars Hand #234645773744:  Hold'em No Limit ($0.01/$0.02 USD) - 2022/03/07 21:26:34 PT [2022/03/08 0:26:34 ET]
Table 'Guizhou' 9-max Seat #6 is the button
Seat 2: INTIMIDATOR69 ($1.78 in chips) 
Seat 3: prguitar ($0.86 in chips) 
Seat 4: Dorex2007 ($2 in chips) 
Seat 5: Teoriya300 ($0.63 in chips) 
Seat 6: VIOLIST BR ($2.09 in chips) 
Seat 7: kusto1488 ($2.48 in chips) 
Seat 8: Peter47630 ($2.24 in chips) 
Seat 9: grimreaper4 ($2.43 in chips) 
kusto1488: posts small blind $0.01
Peter47630: posts big blind $0.02
JimGreek1974: sits out 
*** HOLE CARDS ***
Dealt to Dorex2007 [5h Jh]
grimreaper4: folds 
INTIMIDATOR69: folds 
prguitar: folds 
Dorex2007: folds 
Teoriya300: folds 
VIOLIST BR: folds 
kusto1488: raises $0.04 to $0.06
Peter47630: folds 
Uncalled bet ($0.04) returned to kusto1488
kusto1488 collected $0.04 from pot
kusto1488: doesn't show hand 
*** SUMMARY ***
Total pot $0.04 | Rake $0 
Seat 2: INTIMIDATOR69 folded before Flop (didn't bet)
Seat 3: prguitar folded before Flop (didn't bet)
Seat 4: Dorex2007 folded before Flop (didn't bet)
Seat 5: Teoriya300 folded before Flop (didn't bet)
Seat 6: VIOLIST BR (button) folded before Flop (didn't bet)
Seat 7: kusto1488 (small blind) collected ($0.04)
Seat 8: Peter47630 (big blind) folded before Flop
Seat 9: grimreaper4 folded before Flop (didn't bet)



PokerStars Hand #234645775710:  Hold'em No Limit ($0.01/$0.02 USD) - 2022/03/07 21:26:48 PT [2022/03/08 0:26:48 ET]
Table 'Guizhou' 9-max Seat #7 is the button
Seat 2: INTIMIDATOR69 ($1.78 in chips) 
Seat 3: prguitar ($0.86 in chips) 
Seat 4: Dorex2007 ($2 in chips) 
Seat 5: Teoriya300 ($0.63 in chips) 
Seat 6: VIOLIST BR ($2.09 in chips) 
Seat 7: kusto1488 ($2.50 in chips) 
Seat 8: Peter47630 ($2.22 in chips) 
Seat 9: grimreaper4 ($2.43 in chips) 
Peter47630: posts small blind $0.01
grimreaper4: posts big blind $0.02
JimGreek1974: sits out 
*** HOLE CARDS ***
Dealt to Dorex2007 [Ks 9c]
INTIMIDATOR69: calls $0.02
prguitar: raises $0.07 to $0.09
Dorex2007: folds 
Teoriya300: folds 
VIOLIST BR: folds 
kusto1488: calls $0.09
Peter47630: folds 
grimreaper4: folds 
INTIMIDATOR69: calls $0.07
*** FLOP *** [Kc Qc Qh]
INTIMIDATOR69: checks 
prguitar: bets $0.15
kusto1488: folds 
INTIMIDATOR69: folds 
Uncalled bet ($0.15) returned to prguitar
prguitar collected $0.29 from pot
prguitar: doesn't show hand 
*** SUMMARY ***
Total pot $0.30 | Rake $0.01 
Board [Kc Qc Qh]
Seat 2: INTIMIDATOR69 folded on the Flop
Seat 3: prguitar collected ($0.29)
Seat 4: Dorex2007 folded before Flop (didn't bet)
Seat 5: Teoriya300 folded before Flop (didn't bet)
Seat 6: VIOLIST BR folded before Flop (didn't bet)
Seat 7: kusto1488 (button) folded on the Flop
Seat 8: Peter47630 (small blind) folded before Flop
Seat 9: grimreaper4 (big blind) folded before Flop



PokerStars Hand #234645781026:  Hold'em No Limit ($0.01/$0.02 USD) - 2022/03/07 21:27:29 PT [2022/03/08 0:27:29 ET]
Table 'Guizhou' 9-max Seat #8 is the button
Seat 1: JimGreek1974 ($0.80 in chips) 
Seat 2: INTIMIDATOR69 ($1.69 in chips) 
Seat 3: prguitar ($1.06 in chips) 
Seat 4: Dorex2007 ($2 in chips) 
Seat 5: Teoriya300 ($0.63 in chips) 
Seat 6: VIOLIST BR ($2.09 in chips) 
Seat 7: kusto1488 ($2.41 in chips) 
Seat 8: Peter47630 ($2.21 in chips) 
Seat 9: grimreaper4 ($2.41 in chips) 
grimreaper4: posts small blind $0.01
JimGreek1974: posts big blind $0.02
*** HOLE CARDS ***
Dealt to Dorex2007 [Kc 2h]
INTIMIDATOR69: folds 
prguitar: raises $0.04 to $0.06
Dorex2007: folds 
Teoriya300: folds 
VIOLIST BR: calls $0.06
kusto1488: folds 
Peter47630: calls $0.06
grimreaper4: folds 
JimGreek1974: calls $0.04
*** FLOP *** [Ks Qd 3c]
JimGreek1974: checks 
prguitar: checks 
VIOLIST BR: bets $0.04
Peter47630: calls $0.04
JimGreek1974: folds 
prguitar: folds 
*** TURN *** [Ks Qd 3c] [Ah]
VIOLIST BR: bets $0.32
Peter47630: folds 
Uncalled bet ($0.32) returned to VIOLIST BR
VIOLIST BR collected $0.32 from pot
VIOLIST BR: doesn't show hand 
*** SUMMARY ***
Total pot $0.33 | Rake $0.01 
Board [Ks Qd 3c Ah]
Seat 1: JimGreek1974 (big blind) folded on the Flop
Seat 2: INTIMIDATOR69 folded before Flop (didn't bet)
Seat 3: prguitar folded on the Flop
Seat 4: Dorex2007 folded before Flop (didn't bet)
Seat 5: Teoriya300 folded before Flop (didn't bet)
Seat 6: VIOLIST BR collected ($0.32)
Seat 7: kusto1488 folded before Flop (didn't bet)
Seat 8: Peter47630 (button) folded on the Turn
Seat 9: grimreaper4 (small blind) folded before Flop



PokerStars Hand #234645789306:  Hold'em No Limit ($0.01/$0.02 USD) - 2022/03/07 21:28:33 PT [2022/03/08 0:28:33 ET]
Table 'Guizhou' 9-max Seat #9 is the button
Seat 1: JimGreek1974 ($0.74 in chips) 
Seat 2: INTIMIDATOR69 ($1.69 in chips) 
Seat 3: prguitar ($1 in chips) 
Seat 4: Dorex2007 ($2 in chips) 
Seat 5: Teoriya300 ($0.63 in chips) 
Seat 6: VIOLIST BR ($2.31 in chips) 
Seat 7: kusto1488 ($2.41 in chips) 
Seat 8: Peter47630 ($2.11 in chips) 
Seat 9: grimreaper4 ($2.40 in chips) 
JimGreek1974: posts small blind $0.01
INTIMIDATOR69: posts big blind $0.02
*** HOLE CARDS ***
Dealt to Dorex2007 [3h 5c]
prguitar: folds 
Dorex2007: folds 
Teoriya300: folds 
VIOLIST BR: folds 
kusto1488: folds 
Peter47630: folds 
grimreaper4: folds 
JimGreek1974: folds 
Uncalled bet ($0.01) returned to INTIMIDATOR69
INTIMIDATOR69 collected $0.02 from pot
*** SUMMARY ***
Total pot $0.02 | Rake $0 
Seat 1: JimGreek1974 (small blind) folded before Flop
Seat 2: INTIMIDATOR69 (big blind) collected ($0.02)
Seat 3: prguitar folded before Flop (didn't bet)
Seat 4: Dorex2007 folded before Flop (didn't bet)
Seat 5: Teoriya300 folded before Flop (didn't bet)
Seat 6: VIOLIST BR folded before Flop (didn't bet)
Seat 7: kusto1488 folded before Flop (didn't bet)
Seat 8: Peter47630 folded before Flop (didn't bet)
Seat 9: grimreaper4 (button) folded before Flop (didn't bet)



PokerStars Hand #234645791431:  Hold'em No Limit ($0.01/$0.02 USD) - 2022/03/07 21:28:50 PT [2022/03/08 0:28:50 ET]
Table 'Guizhou' 9-max Seat #1 is the button
Seat 1: JimGreek1974 ($0.73 in chips) 
Seat 2: INTIMIDATOR69 ($1.70 in chips) 
Seat 3: prguitar ($1 in chips) 
Seat 4: Dorex2007 ($2 in chips) 
Seat 5: Teoriya300 ($0.63 in chips) 
Seat 6: VIOLIST BR ($2.31 in chips) 
Seat 7: kusto1488 ($2.41 in chips) 
Seat 8: Peter47630 ($2.11 in chips) 
Seat 9: grimreaper4 ($2.40 in chips) 
INTIMIDATOR69: posts small blind $0.01
prguitar: posts big blind $0.02
*** HOLE CARDS ***
Dealt to Dorex2007 [5h Ts]
Dorex2007: folds 
Teoriya300: folds 
VIOLIST BR: folds 
kusto1488: folds 
Peter47630: folds 
grimreaper4: folds 
JimGreek1974: raises $0.02 to $0.04
INTIMIDATOR69: folds 
prguitar: folds 
Uncalled bet ($0.02) returned to JimGreek1974
JimGreek1974 collected $0.05 from pot
*** SUMMARY ***
Total pot $0.05 | Rake $0 
Seat 1: JimGreek1974 (button) collected ($0.05)
Seat 2: INTIMIDATOR69 (small blind) folded before Flop
Seat 3: prguitar (big blind) folded before Flop
Seat 4: Dorex2007 folded before Flop (didn't bet)
Seat 5: Teoriya300 folded before Flop (didn't bet)
Seat 6: VIOLIST BR folded before Flop (didn't bet)
Seat 7: kusto1488 folded before Flop (didn't bet)
Seat 8: Peter47630 folded before Flop (didn't bet)
Seat 9: grimreaper4 folded before Flop (didn't bet)



PokerStars Hand #234645794634:  Hold'em No Limit ($0.01/$0.02 USD) - 2022/03/07 21:29:15 PT [2022/03/08 0:29:15 ET]
Table 'Guizhou' 9-max Seat #2 is the button
Seat 1: JimGreek1974 ($0.76 in chips) 
Seat 2: INTIMIDATOR69 ($1.69 in chips) 
Seat 3: prguitar ($0.98 in chips) 
Seat 4: Dorex2007 ($2 in chips) 
Seat 5: Teoriya300 ($0.63 in chips) 
Seat 6: VIOLIST BR ($2.31 in chips) 
Seat 7: kusto1488 ($2.41 in chips) 
Seat 8: Peter47630 ($2.11 in chips) 
Seat 9: grimreaper4 ($2.40 in chips) 
prguitar: posts small blind $0.01
Dorex2007: posts big blind $0.02
*** HOLE CARDS ***
Dealt to Dorex2007 [As 2s]
Teoriya300: calls $0.02
VIOLIST BR: folds 
kusto1488: folds 
Peter47630: folds 
grimreaper4: folds 
JimGreek1974: calls $0.02
INTIMIDATOR69: calls $0.02
prguitar: folds 
Dorex2007: checks 
*** FLOP *** [8d 2h 2d]
Dorex2007: checks 
Teoriya300: checks 
JimGreek1974: checks 
INTIMIDATOR69: checks 
*** TURN *** [8d 2h 2d] [Jc]
Dorex2007: checks 
Teoriya300: bets $0.04
JimGreek1974: folds 
INTIMIDATOR69: folds 
Dorex2007: raises $0.06 to $0.10
Teoriya300: folds 
Uncalled bet ($0.06) returned to Dorex2007
Dorex2007 collected $0.16 from pot
Dorex2007: doesn't show hand 
*** SUMMARY ***
Total pot $0.17 | Rake $0.01 
Board [8d 2h 2d Jc]
Seat 1: JimGreek1974 folded on the Turn
Seat 2: INTIMIDATOR69 (button) folded on the Turn
Seat 3: prguitar (small blind) folded before Flop
Seat 4: Dorex2007 (big blind) collected ($0.16)
Seat 5: Teoriya300 folded on the Turn
Seat 6: VIOLIST BR folded before Flop (didn't bet)
Seat 7: kusto1488 folded before Flop (didn't bet)
Seat 8: Peter47630 folded before Flop (didn't bet)
Seat 9: grimreaper4 folded before Flop (didn't bet)



PokerStars Hand #234645801523:  Hold'em No Limit ($0.01/$0.02 USD) - 2022/03/07 21:30:08 PT [2022/03/08 0:30:08 ET]
Table 'Guizhou' 9-max Seat #3 is the button
Seat 1: JimGreek1974 ($0.74 in chips) 
Seat 2: INTIMIDATOR69 ($1.67 in chips) 
Seat 3: prguitar ($0.97 in chips) 
Seat 4: Dorex2007 ($2.10 in chips) 
Seat 5: Teoriya300 ($0.57 in chips) 
Seat 6: VIOLIST BR ($2.31 in chips) 
Seat 7: kusto1488 ($2.41 in chips) 
Seat 8: Peter47630 ($2.11 in chips) 
Seat 9: grimreaper4 ($2.40 in chips) 
Dorex2007: posts small blind $0.01
Teoriya300: posts big blind $0.02
*** HOLE CARDS ***
Dealt to Dorex2007 [4c 3c]
VIOLIST BR: folds 
kusto1488: folds 
Peter47630: folds 
grimreaper4: folds 
JimGreek1974: folds 
INTIMIDATOR69: calls $0.02
prguitar: folds 
Dorex2007: folds 
Teoriya300: checks 
*** FLOP *** [Td 5d Tc]
Teoriya300: checks 
INTIMIDATOR69: checks 
*** TURN *** [Td 5d Tc] [6d]
Teoriya300: checks 
INTIMIDATOR69: bets $0.04
Teoriya300: calls $0.04
*** RIVER *** [Td 5d Tc 6d] [Qh]
Teoriya300: checks 
INTIMIDATOR69: bets $0.13
Teoriya300: calls $0.13
*** SHOW DOWN ***
INTIMIDATOR69: shows [Ac Ts] (three of a kind, Tens)
Teoriya300: mucks hand 
INTIMIDATOR69 collected $0.38 from pot
*** SUMMARY ***
Total pot $0.39 | Rake $0.01 
Board [Td 5d Tc 6d Qh]
Seat 1: JimGreek1974 folded before Flop (didn't bet)
Seat 2: INTIMIDATOR69 showed [Ac Ts] and won ($0.38) with three of a kind, Tens
Seat 3: prguitar (button) folded before Flop (didn't bet)
Seat 4: Dorex2007 (small blind) folded before Flop
Seat 5: Teoriya300 (big blind) mucked [9s Qd]
Seat 6: VIOLIST BR folded before Flop (didn't bet)
Seat 7: kusto1488 folded before Flop (didn't bet)
Seat 8: Peter47630 folded before Flop (didn't bet)
Seat 9: grimreaper4 folded before Flop (didn't bet)



PokerStars Hand #234645806944:  Hold'em No Limit ($0.01/$0.02 USD) - 2022/03/07 21:30:49 PT [2022/03/08 0:30:49 ET]
Table 'Guizhou' 9-max Seat #4 is the button
Seat 1: JimGreek1974 ($0.74 in chips) 
Seat 2: INTIMIDATOR69 ($1.86 in chips) 
Seat 3: prguitar ($0.97 in chips) 
Seat 4: Dorex2007 ($2.09 in chips) 
Seat 5: Teoriya300 ($0.38 in chips) 
Seat 6: VIOLIST BR ($2.31 in chips) 
Seat 7: kusto1488 ($2.41 in chips) 
Seat 8: Peter47630 ($2.11 in chips) 
Seat 9: grimreaper4 ($2.40 in chips) 
Teoriya300: posts small blind $0.01
VIOLIST BR: posts big blind $0.02
*** HOLE CARDS ***
Dealt to Dorex2007 [6s Ad]
kusto1488: folds 
Peter47630: folds 
grimreaper4: folds 
JimGreek1974: raises $0.02 to $0.04
INTIMIDATOR69: folds 
prguitar: folds 
Dorex2007: folds 
Teoriya300: folds 
VIOLIST BR: folds 
Uncalled bet ($0.02) returned to JimGreek1974
JimGreek1974 collected $0.05 from pot
*** SUMMARY ***
Total pot $0.05 | Rake $0 
Seat 1: JimGreek1974 collected ($0.05)
Seat 2: INTIMIDATOR69 folded before Flop (didn't bet)
Seat 3: prguitar folded before Flop (didn't bet)
Seat 4: Dorex2007 (button) folded before Flop (didn't bet)
Seat 5: Teoriya300 (small blind) folded before Flop
Seat 6: VIOLIST BR (big blind) folded before Flop
Seat 7: kusto1488 folded before Flop (didn't bet)
Seat 8: Peter47630 folded before Flop (didn't bet)
Seat 9: grimreaper4 folded before Flop (didn't bet)



PokerStars Hand #234645808888:  Hold'em No Limit ($0.01/$0.02 USD) - 2022/03/07 21:31:04 PT [2022/03/08 0:31:04 ET]
Table 'Guizhou' 9-max Seat #5 is the button
Seat 1: JimGreek1974 ($0.77 in chips) 
Seat 2: INTIMIDATOR69 ($1.86 in chips) 
Seat 3: prguitar ($0.97 in chips) 
Seat 4: Dorex2007 ($2.09 in chips) 
Seat 5: Teoriya300 ($0.37 in chips) 
Seat 6: VIOLIST BR ($2.29 in chips) 
Seat 7: kusto1488 ($2.41 in chips) 
Seat 8: Peter47630 ($2.11 in chips) 
Seat 9: grimreaper4 ($2.40 in chips) 
VIOLIST BR: posts small blind $0.01
kusto1488: posts big blind $0.02
*** HOLE CARDS ***
Dealt to Dorex2007 [Ad 5s]
Peter47630: folds 
grimreaper4: folds 
JimGreek1974: folds 
INTIMIDATOR69: calls $0.02
prguitar: folds 
Dorex2007: folds 
Teoriya300: calls $0.02
VIOLIST BR: calls $0.01
kusto1488: checks 
*** FLOP *** [4h 7h 9d]
VIOLIST BR: checks 
kusto1488: checks 
INTIMIDATOR69: bets $0.08
Teoriya300: folds 
VIOLIST BR: folds 
kusto1488: folds 
Uncalled bet ($0.08) returned to INTIMIDATOR69
INTIMIDATOR69 collected $0.08 from pot
*** SUMMARY ***
Total pot $0.08 | Rake $0 
Board [4h 7h 9d]
Seat 1: JimGreek1974 folded before Flop (didn't bet)
Seat 2: INTIMIDATOR69 collected ($0.08)
Seat 3: prguitar folded before Flop (didn't bet)
Seat 4: Dorex2007 folded before Flop (didn't bet)
Seat 5: Teoriya300 (button) folded on the Flop
Seat 6: VIOLIST BR (small blind) folded on the Flop
Seat 7: kusto1488 (big blind) folded on the Flop
Seat 8: Peter47630 folded before Flop (didn't bet)
Seat 9: grimreaper4 folded before Flop (didn't bet)



PokerStars Hand #234645812805:  Hold'em No Limit ($0.01/$0.02 USD) - 2022/03/07 21:31:34 PT [2022/03/08 0:31:34 ET]
Table 'Guizhou' 9-max Seat #6 is the button
Seat 1: JimGreek1974 ($0.77 in chips) 
Seat 2: INTIMIDATOR69 ($1.92 in chips) 
Seat 3: prguitar ($0.97 in chips) 
Seat 4: Dorex2007 ($2.09 in chips) 
Seat 5: Teoriya300 ($0.35 in chips) 
Seat 6: VIOLIST BR ($2.27 in chips) 
Seat 7: kusto1488 ($2.39 in chips) 
Seat 8: Peter47630 ($2.11 in chips) 
Seat 9: grimreaper4 ($2.40 in chips) 
kusto1488: posts small blind $0.01
Peter47630: posts big blind $0.02
*** HOLE CARDS ***
Dealt to Dorex2007 [Jc 6s]
grimreaper4: folds 
JimGreek1974: folds 
INTIMIDATOR69: folds 
prguitar: folds 
Dorex2007: folds 
Teoriya300: folds 
VIOLIST BR: folds 
kusto1488: raises $0.05 to $0.07
Peter47630: folds 
Uncalled bet ($0.05) returned to kusto1488
kusto1488 collected $0.04 from pot
kusto1488: doesn't show hand 
*** SUMMARY ***
Total pot $0.04 | Rake $0 
Seat 1: JimGreek1974 folded before Flop (didn't bet)
Seat 2: INTIMIDATOR69 folded before Flop (didn't bet)
Seat 3: prguitar folded before Flop (didn't bet)
Seat 4: Dorex2007 folded before Flop (didn't bet)
Seat 5: Teoriya300 folded before Flop (didn't bet)
Seat 6: VIOLIST BR (button) folded before Flop (didn't bet)
Seat 7: kusto1488 (small blind) collected ($0.04)
Seat 8: Peter47630 (big blind) folded before Flop
Seat 9: grimreaper4 folded before Flop (didn't bet)



PokerStars Hand #234645821852:  Hold'em No Limit ($0.01/$0.02 USD) - 2022/03/07 21:31:52 PT [2022/03/08 0:31:52 ET]
Table 'Guizhou' 9-max Seat #7 is the button
Seat 1: JimGreek1974 ($0.77 in chips) 
Seat 2: INTIMIDATOR69 ($1.92 in chips) 
Seat 3: prguitar ($0.97 in chips) 
Seat 4: Dorex2007 ($2.09 in chips) 
Seat 5: Teoriya300 ($0.35 in chips) 
Seat 6: VIOLIST BR ($2.27 in chips) 
Seat 7: kusto1488 ($2.41 in chips) 
Seat 8: Peter47630 ($2.09 in chips) 
Seat 9: grimreaper4 ($2.40 in chips) 
Peter47630: posts small blind $0.01
grimreaper4: posts big blind $0.02
*** HOLE CARDS ***
Dealt to Dorex2007 [7h Kh]
JimGreek1974: raises $0.02 to $0.04
INTIMIDATOR69: folds 
prguitar: folds 
Dorex2007: folds 
Teoriya300: folds 
VIOLIST BR: folds 
kusto1488: folds 
Peter47630: calls $0.03
grimreaper4: folds 
*** FLOP *** [3c 4s Qh]
Peter47630: checks 
JimGreek1974: bets $0.06
Peter47630: folds 
Uncalled bet ($0.06) returned to JimGreek1974
JimGreek1974 collected $0.10 from pot
*** SUMMARY ***
Total pot $0.10 | Rake $0 
Board [3c 4s Qh]
Seat 1: JimGreek1974 collected ($0.10)
Seat 2: INTIMIDATOR69 folded before Flop (didn't bet)
Seat 3: prguitar folded before Flop (didn't bet)
Seat 4: Dorex2007 folded before Flop (didn't bet)
Seat 5: Teoriya300 folded before Flop (didn't bet)
Seat 6: VIOLIST BR folded before Flop (didn't bet)
Seat 7: kusto1488 (button) folded before Flop (didn't bet)
Seat 8: Peter47630 (small blind) folded on the Flop
Seat 9: grimreaper4 (big blind) folded before Flop



PokerStars Hand #234645826348:  Hold'em No Limit ($0.01/$0.02 USD) - 2022/03/07 21:32:27 PT [2022/03/08 0:32:27 ET]
Table 'Guizhou' 9-max Seat #8 is the button
Seat 1: JimGreek1974 ($0.83 in chips) 
Seat 2: INTIMIDATOR69 ($1.92 in chips) 
Seat 3: prguitar ($0.97 in chips) 
Seat 4: Dorex2007 ($2.09 in chips) 
Seat 5: Teoriya300 ($0.35 in chips) 
Seat 6: VIOLIST BR ($2.27 in chips) 
Seat 7: kusto1488 ($2.41 in chips) 
Seat 8: Peter47630 ($2.05 in chips) 
Seat 9: grimreaper4 ($2.38 in chips) 
grimreaper4: posts small blind $0.01
JimGreek1974: posts big blind $0.02
*** HOLE CARDS ***
Dealt to Dorex2007 [Qh 2c]
INTIMIDATOR69: calls $0.02
prguitar: folds 
Dorex2007: folds 
Teoriya300: folds 
VIOLIST BR: folds 
kusto1488: raises $0.10 to $0.12
Peter47630: folds 
grimreaper4: folds 
JimGreek1974: folds 
INTIMIDATOR69: calls $0.10
*** FLOP *** [7s 9c 8h]
INTIMIDATOR69: checks 
kusto1488: checks 
*** TURN *** [7s 9c 8h] [Ts]
INTIMIDATOR69: bets $0.38
kusto1488: folds 
Uncalled bet ($0.38) returned to INTIMIDATOR69
INTIMIDATOR69 collected $0.26 from pot
*** SUMMARY ***
Total pot $0.27 | Rake $0.01 
Board [7s 9c 8h Ts]
Seat 1: JimGreek1974 (big blind) folded before Flop
Seat 2: INTIMIDATOR69 collected ($0.26)
Seat 3: prguitar folded before Flop (didn't bet)
Seat 4: Dorex2007 folded before Flop (didn't bet)
Seat 5: Teoriya300 folded before Flop (didn't bet)
Seat 6: VIOLIST BR folded before Flop (didn't bet)
Seat 7: kusto1488 folded on the Turn
Seat 8: Peter47630 (button) folded before Flop (didn't bet)
Seat 9: grimreaper4 (small blind) folded before Flop



PokerStars Hand #234645833263:  Hold'em No Limit ($0.01/$0.02 USD) - 2022/03/07 21:33:20 PT [2022/03/08 0:33:20 ET]
Table 'Guizhou' 9-max Seat #9 is the button
Seat 1: JimGreek1974 ($0.81 in chips) 
Seat 2: INTIMIDATOR69 ($2.06 in chips) 
Seat 3: prguitar ($0.97 in chips) 
Seat 4: Dorex2007 ($2.09 in chips) 
Seat 5: Teoriya300 ($0.35 in chips) 
Seat 6: VIOLIST BR ($2.27 in chips) 
Seat 7: kusto1488 ($2.29 in chips) 
Seat 8: Peter47630 ($2.05 in chips) 
Seat 9: grimreaper4 ($2.37 in chips) 
JimGreek1974: posts small blind $0.01
INTIMIDATOR69: posts big blind $0.02
*** HOLE CARDS ***
Dealt to Dorex2007 [Ah 5h]
prguitar: folds 
Dorex2007: calls $0.02
Teoriya300: folds 
VIOLIST BR: folds 
kusto1488: folds 
Peter47630: folds 
grimreaper4: raises $0.06 to $0.08
JimGreek1974: folds 
INTIMIDATOR69: folds 
Dorex2007: calls $0.06
*** FLOP *** [6s 3h 4h]
Dorex2007: bets $0.09
grimreaper4: raises $0.24 to $0.33
Dorex2007: calls $0.24
*** TURN *** [6s 3h 4h] [9s]
Dorex2007: bets $0.41
grimreaper4: raises $1.55 to $1.96 and is all-in
Dorex2007: calls $1.27 and is all-in
Uncalled bet ($0.28) returned to grimreaper4
*** RIVER *** [6s 3h 4h 9s] [Qs]
*** SHOW DOWN ***
Dorex2007: shows [Ah 5h] (high card Ace)
grimreaper4: shows [Ks Kd] (a pair of Kings)
grimreaper4 collected $4.06 from pot
*** SUMMARY ***
Total pot $4.21 | Rake $0.15 
Board [6s 3h 4h 9s Qs]
Seat 1: JimGreek1974 (small blind) folded before Flop
Seat 2: INTIMIDATOR69 (big blind) folded before Flop
Seat 3: prguitar folded before Flop (didn't bet)
Seat 4: Dorex2007 showed [Ah 5h] and lost with high card Ace
Seat 5: Teoriya300 folded before Flop (didn't bet)
Seat 6: VIOLIST BR folded before Flop (didn't bet)
Seat 7: kusto1488 folded before Flop (didn't bet)
Seat 8: Peter47630 folded before Flop (didn't bet)
Seat 9: grimreaper4 (button) showed [Ks Kd] and won ($4.06) with a pair of Kings



