PokerStars Hand #238435035976:  Hold'em No Limit ($0.02/$0.05 USD) - 2022/09/05 10:24:34 PT [2022/09/05 13:24:34 ET]
Table 'Alekto II' 9-max Seat #3 is the button
Seat 1: Dorex2007 ($5 in chips) 
Seat 2: tigraoumirim ($11.34 in chips) 
Seat 3: xristosgns ($8.12 in chips) 
Seat 4: Faquill0 ($8.45 in chips) 
Seat 5: ripelnet ($5 in chips) 
Seat 6: IulianZacK90 ($5.51 in chips) 
Seat 7: LucasNett0 ($4.68 in chips) 
Seat 9: holmes52711 ($4.95 in chips) 
Faquill0: posts small blind $0.02
ripelnet: posts big blind $0.05
RAAAAdik: sits out 
Dorex2007: posts big blind $0.05
*** HOLE CARDS ***
Dealt to Dorex2007 [3d 4s]
IulianZacK90: folds 
LucasNett0: folds 
holmes52711: folds 
Dorex2007: checks 
tigraoumirim: calls $0.05
xristosgns: folds 
Faquill0: raises $0.10 to $0.15
ripelnet: folds 
Dorex2007: folds 
tigraoumirim: calls $0.10
*** FLOP *** [Th 3s As]
Faquill0: bets $0.10
tigraoumirim: folds 
Uncalled bet ($0.10) returned to Faquill0
Faquill0 collected $0.38 from pot
Faquill0: doesn't show hand 
*** SUMMARY ***
Total pot $0.40 | Rake $0.02 
Board [Th 3s As]
Seat 1: Dorex2007 folded before Flop (didn't bet)
Seat 2: tigraoumirim folded on the Flop
Seat 3: xristosgns (button) folded before Flop (didn't bet)
Seat 4: Faquill0 (small blind) collected ($0.38)
Seat 5: ripelnet (big blind) folded before Flop
Seat 6: IulianZacK90 folded before Flop (didn't bet)
Seat 7: LucasNett0 folded before Flop (didn't bet)
Seat 9: holmes52711 folded before Flop (didn't bet)



PokerStars Hand #238435053998:  Hold'em No Limit ($0.02/$0.05 USD) - 2022/09/05 10:25:24 PT [2022/09/05 13:25:24 ET]
Table 'Alekto II' 9-max Seat #4 is the button
Seat 1: Dorex2007 ($5 in chips) 
Seat 2: tigraoumirim ($11.19 in chips) 
Seat 3: xristosgns ($8.12 in chips) 
Seat 4: Faquill0 ($8.68 in chips) 
Seat 5: ripelnet ($5 in chips) 
Seat 6: IulianZacK90 ($5.51 in chips) 
Seat 7: LucasNett0 ($5 in chips) 
Seat 9: holmes52711 ($4.95 in chips) 
ripelnet: posts small blind $0.02
IulianZacK90: posts big blind $0.05
RAAAAdik: sits out 
*** HOLE CARDS ***
Dealt to Dorex2007 [Ah 6s]
LucasNett0: folds 
holmes52711: folds 
Dorex2007: folds 
tigraoumirim: calls $0.05
xristosgns: folds 
Faquill0: folds 
ripelnet: folds 
IulianZacK90: checks 
*** FLOP *** [5h 9s As]
IulianZacK90: checks 
tigraoumirim: checks 
*** TURN *** [5h 9s As] [3h]
IulianZacK90: checks 
tigraoumirim: checks 
*** RIVER *** [5h 9s As 3h] [2s]
IulianZacK90: checks 
tigraoumirim: checks 
*** SHOW DOWN ***
IulianZacK90: shows [Ks 8c] (high card Ace)
tigraoumirim: mucks hand 
IulianZacK90 collected $0.12 from pot
*** SUMMARY ***
Total pot $0.12 | Rake $0 
Board [5h 9s As 3h 2s]
Seat 1: Dorex2007 folded before Flop (didn't bet)
Seat 2: tigraoumirim mucked [8h Qc]
Seat 3: xristosgns folded before Flop (didn't bet)
Seat 4: Faquill0 (button) folded before Flop (didn't bet)
Seat 5: ripelnet (small blind) folded before Flop
Seat 6: IulianZacK90 (big blind) showed [Ks 8c] and won ($0.12) with high card Ace
Seat 7: LucasNett0 folded before Flop (didn't bet)
Seat 9: holmes52711 folded before Flop (didn't bet)



PokerStars Hand #238435063994:  Hold'em No Limit ($0.02/$0.05 USD) - 2022/09/05 10:25:51 PT [2022/09/05 13:25:51 ET]
Table 'Alekto II' 9-max Seat #5 is the button
Seat 1: Dorex2007 ($5 in chips) 
Seat 2: tigraoumirim ($11.14 in chips) 
Seat 3: xristosgns ($8.12 in chips) 
Seat 4: Faquill0 ($8.68 in chips) 
Seat 5: ripelnet ($5 in chips) 
Seat 6: IulianZacK90 ($5.58 in chips) 
Seat 7: LucasNett0 ($5 in chips) 
Seat 9: holmes52711 ($4.95 in chips) 
IulianZacK90: posts small blind $0.02
LucasNett0: posts big blind $0.05
RAAAAdik: sits out 
*** HOLE CARDS ***
Dealt to Dorex2007 [5s Qs]
holmes52711: folds 
Dorex2007: folds 
tigraoumirim: calls $0.05
xristosgns: raises $0.12 to $0.17
Faquill0: folds 
ripelnet: folds 
IulianZacK90: folds 
LucasNett0: calls $0.12
tigraoumirim: calls $0.12
*** FLOP *** [Jc 9c 4d]
LucasNett0: checks 
tigraoumirim: bets $0.51
xristosgns: calls $0.51
LucasNett0: folds 
*** TURN *** [Jc 9c 4d] [4h]
tigraoumirim: bets $1.49
xristosgns: folds 
Uncalled bet ($1.49) returned to tigraoumirim
tigraoumirim collected $1.49 from pot
*** SUMMARY ***
Total pot $1.55 | Rake $0.06 
Board [Jc 9c 4d 4h]
Seat 1: Dorex2007 folded before Flop (didn't bet)
Seat 2: tigraoumirim collected ($1.49)
Seat 3: xristosgns folded on the Turn
Seat 4: Faquill0 folded before Flop (didn't bet)
Seat 5: ripelnet (button) folded before Flop (didn't bet)
Seat 6: IulianZacK90 (small blind) folded before Flop
Seat 7: LucasNett0 (big blind) folded on the Flop
Seat 9: holmes52711 folded before Flop (didn't bet)



PokerStars Hand #238435080179:  Hold'em No Limit ($0.02/$0.05 USD) - 2022/09/05 10:26:36 PT [2022/09/05 13:26:36 ET]
Table 'Alekto II' 9-max Seat #6 is the button
Seat 1: Dorex2007 ($5 in chips) 
Seat 2: tigraoumirim ($11.95 in chips) 
Seat 3: xristosgns ($7.44 in chips) 
Seat 4: Faquill0 ($8.68 in chips) 
Seat 5: ripelnet ($5 in chips) 
Seat 6: IulianZacK90 ($5.56 in chips) 
Seat 7: LucasNett0 ($4.88 in chips) 
Seat 8: RAAAAdik ($5.07 in chips) 
Seat 9: holmes52711 ($4.95 in chips) 
LucasNett0: posts small blind $0.02
RAAAAdik: posts big blind $0.05
*** HOLE CARDS ***
Dealt to Dorex2007 [Ks 7c]
holmes52711: folds 
Dorex2007: folds 
tigraoumirim: calls $0.05
xristosgns: raises $0.12 to $0.17
Faquill0: calls $0.17
ripelnet: folds 
IulianZacK90: folds 
LucasNett0: folds 
RAAAAdik: folds 
tigraoumirim: calls $0.12
*** FLOP *** [4c 2h Td]
tigraoumirim: checks 
xristosgns: bets $0.30
Faquill0: calls $0.30
tigraoumirim: folds 
*** TURN *** [4c 2h Td] [Qh]
xristosgns: bets $0.90
Faquill0: folds 
Uncalled bet ($0.90) returned to xristosgns
xristosgns collected $1.13 from pot
*** SUMMARY ***
Total pot $1.18 | Rake $0.05 
Board [4c 2h Td Qh]
Seat 1: Dorex2007 folded before Flop (didn't bet)
Seat 2: tigraoumirim folded on the Flop
Seat 3: xristosgns collected ($1.13)
Seat 4: Faquill0 folded on the Turn
Seat 5: ripelnet folded before Flop (didn't bet)
Seat 6: IulianZacK90 (button) folded before Flop (didn't bet)
Seat 7: LucasNett0 (small blind) folded before Flop
Seat 8: RAAAAdik (big blind) folded before Flop
Seat 9: holmes52711 folded before Flop (didn't bet)



PokerStars Hand #238435104539:  Hold'em No Limit ($0.02/$0.05 USD) - 2022/09/05 10:27:42 PT [2022/09/05 13:27:42 ET]
Table 'Alekto II' 9-max Seat #7 is the button
Seat 1: Dorex2007 ($5 in chips) 
Seat 2: tigraoumirim ($11.78 in chips) 
Seat 3: xristosgns ($8.10 in chips) 
Seat 4: Faquill0 ($8.21 in chips) 
Seat 5: ripelnet ($5 in chips) 
Seat 6: IulianZacK90 ($5.56 in chips) 
Seat 7: LucasNett0 ($4.86 in chips) 
Seat 8: RAAAAdik ($5.02 in chips) 
Seat 9: holmes52711 ($4.95 in chips) 
RAAAAdik: posts small blind $0.02
holmes52711: posts big blind $0.05
*** HOLE CARDS ***
Dealt to Dorex2007 [6c 2d]
Dorex2007: folds 
tigraoumirim: folds 
xristosgns: folds 
Faquill0: raises $0.07 to $0.12
ripelnet: folds 
IulianZacK90: folds 
LucasNett0: folds 
RAAAAdik: folds 
holmes52711: folds 
Uncalled bet ($0.07) returned to Faquill0
Faquill0 collected $0.12 from pot
Faquill0: doesn't show hand 
*** SUMMARY ***
Total pot $0.12 | Rake $0 
Seat 1: Dorex2007 folded before Flop (didn't bet)
Seat 2: tigraoumirim folded before Flop (didn't bet)
Seat 3: xristosgns folded before Flop (didn't bet)
Seat 4: Faquill0 collected ($0.12)
Seat 5: ripelnet folded before Flop (didn't bet)
Seat 6: IulianZacK90 folded before Flop (didn't bet)
Seat 7: LucasNett0 (button) folded before Flop (didn't bet)
Seat 8: RAAAAdik (small blind) folded before Flop
Seat 9: holmes52711 (big blind) folded before Flop



PokerStars Hand #238435111833:  Hold'em No Limit ($0.02/$0.05 USD) - 2022/09/05 10:28:02 PT [2022/09/05 13:28:02 ET]
Table 'Alekto II' 9-max Seat #8 is the button
Seat 1: Dorex2007 ($5 in chips) 
Seat 2: tigraoumirim ($11.78 in chips) 
Seat 3: xristosgns ($8.10 in chips) 
Seat 4: Faquill0 ($8.28 in chips) 
Seat 5: ripelnet ($5 in chips) 
Seat 6: IulianZacK90 ($5.56 in chips) 
Seat 7: LucasNett0 ($4.91 in chips) 
Seat 8: RAAAAdik ($5 in chips) 
Seat 9: holmes52711 ($4.90 in chips) 
holmes52711: posts small blind $0.02
Dorex2007: posts big blind $0.05
*** HOLE CARDS ***
Dealt to Dorex2007 [As Qs]
tigraoumirim: folds 
xristosgns: folds 
Faquill0: folds 
ripelnet: folds 
IulianZacK90: folds 
LucasNett0: calls $0.05
RAAAAdik: folds 
holmes52711: calls $0.03
Dorex2007: checks 
*** FLOP *** [7d Kd 7c]
holmes52711: bets $0.05
Dorex2007: folds 
LucasNett0: folds 
Uncalled bet ($0.05) returned to holmes52711
holmes52711 collected $0.14 from pot
*** SUMMARY ***
Total pot $0.15 | Rake $0.01 
Board [7d Kd 7c]
Seat 1: Dorex2007 (big blind) folded on the Flop
Seat 2: tigraoumirim folded before Flop (didn't bet)
Seat 3: xristosgns folded before Flop (didn't bet)
Seat 4: Faquill0 folded before Flop (didn't bet)
Seat 5: ripelnet folded before Flop (didn't bet)
Seat 6: IulianZacK90 folded before Flop (didn't bet)
Seat 7: LucasNett0 folded on the Flop
Seat 8: RAAAAdik (button) folded before Flop (didn't bet)
Seat 9: holmes52711 (small blind) collected ($0.14)



PokerStars Hand #238435123155:  Hold'em No Limit ($0.02/$0.05 USD) - 2022/09/05 10:28:33 PT [2022/09/05 13:28:33 ET]
Table 'Alekto II' 9-max Seat #9 is the button
Seat 1: Dorex2007 ($5 in chips) 
Seat 2: tigraoumirim ($11.78 in chips) 
Seat 3: xristosgns ($8.10 in chips) 
Seat 4: Faquill0 ($8.28 in chips) 
Seat 5: ripelnet ($5 in chips) 
Seat 6: IulianZacK90 ($5.56 in chips) 
Seat 7: LucasNett0 ($4.86 in chips) 
Seat 8: RAAAAdik ($5 in chips) 
Seat 9: holmes52711 ($4.99 in chips) 
Dorex2007: posts small blind $0.02
tigraoumirim: posts big blind $0.05
*** HOLE CARDS ***
Dealt to Dorex2007 [6c 9c]
xristosgns: folds 
Faquill0: raises $0.10 to $0.15
ripelnet: folds 
IulianZacK90: folds 
LucasNett0: calls $0.15
RAAAAdik: folds 
holmes52711: folds 
Dorex2007: folds 
tigraoumirim: calls $0.10
*** FLOP *** [Jh Ks 6s]
tigraoumirim: checks 
Faquill0: checks 
LucasNett0: bets $0.30
tigraoumirim: folds 
Faquill0: folds 
Uncalled bet ($0.30) returned to LucasNett0
LucasNett0 collected $0.45 from pot
LucasNett0: doesn't show hand 
*** SUMMARY ***
Total pot $0.47 | Rake $0.02 
Board [Jh Ks 6s]
Seat 1: Dorex2007 (small blind) folded before Flop
Seat 2: tigraoumirim (big blind) folded on the Flop
Seat 3: xristosgns folded before Flop (didn't bet)
Seat 4: Faquill0 folded on the Flop
Seat 5: ripelnet folded before Flop (didn't bet)
Seat 6: IulianZacK90 folded before Flop (didn't bet)
Seat 7: LucasNett0 collected ($0.45)
Seat 8: RAAAAdik folded before Flop (didn't bet)
Seat 9: holmes52711 (button) folded before Flop (didn't bet)



PokerStars Hand #238435135509:  Hold'em No Limit ($0.02/$0.05 USD) - 2022/09/05 10:29:07 PT [2022/09/05 13:29:07 ET]
Table 'Alekto II' 9-max Seat #1 is the button
Seat 1: Dorex2007 ($5 in chips) 
Seat 2: tigraoumirim ($11.63 in chips) 
Seat 3: xristosgns ($8.10 in chips) 
Seat 4: Faquill0 ($8.13 in chips) 
Seat 5: ripelnet ($5 in chips) 
Seat 6: IulianZacK90 ($5.56 in chips) 
Seat 7: LucasNett0 ($5.16 in chips) 
Seat 8: RAAAAdik ($5 in chips) 
Seat 9: holmes52711 ($4.99 in chips) 
tigraoumirim: posts small blind $0.02
xristosgns: posts big blind $0.05
*** HOLE CARDS ***
Dealt to Dorex2007 [5d 3s]
Faquill0: folds 
ripelnet: folds 
IulianZacK90: folds 
LucasNett0: calls $0.05
RAAAAdik: folds 
holmes52711: folds 
Dorex2007: folds 
tigraoumirim: folds 
xristosgns: checks 
*** FLOP *** [Ac Jc 4c]
xristosgns: checks 
LucasNett0: bets $0.20
xristosgns: folds 
Uncalled bet ($0.20) returned to LucasNett0
LucasNett0 collected $0.12 from pot
LucasNett0: doesn't show hand 
*** SUMMARY ***
Total pot $0.12 | Rake $0 
Board [Ac Jc 4c]
Seat 1: Dorex2007 (button) folded before Flop (didn't bet)
Seat 2: tigraoumirim (small blind) folded before Flop
Seat 3: xristosgns (big blind) folded on the Flop
Seat 4: Faquill0 folded before Flop (didn't bet)
Seat 5: ripelnet folded before Flop (didn't bet)
Seat 6: IulianZacK90 folded before Flop (didn't bet)
Seat 7: LucasNett0 collected ($0.12)
Seat 8: RAAAAdik folded before Flop (didn't bet)
Seat 9: holmes52711 folded before Flop (didn't bet)



PokerStars Hand #238435146738:  Hold'em No Limit ($0.02/$0.05 USD) - 2022/09/05 10:29:38 PT [2022/09/05 13:29:38 ET]
Table 'Alekto II' 9-max Seat #2 is the button
Seat 1: Dorex2007 ($5 in chips) 
Seat 2: tigraoumirim ($11.61 in chips) 
Seat 3: xristosgns ($8.05 in chips) 
Seat 4: Faquill0 ($8.13 in chips) 
Seat 5: ripelnet ($5 in chips) 
Seat 6: IulianZacK90 ($5.56 in chips) 
Seat 7: LucasNett0 ($5.23 in chips) 
Seat 8: RAAAAdik ($5 in chips) 
Seat 9: holmes52711 ($4.99 in chips) 
xristosgns: posts small blind $0.02
Faquill0: posts big blind $0.05
*** HOLE CARDS ***
Dealt to Dorex2007 [Qd 3c]
ripelnet: folds 
IulianZacK90: raises $0.06 to $0.11
LucasNett0: folds 
RAAAAdik: folds 
holmes52711: calls $0.11
Dorex2007: folds 
tigraoumirim: folds 
tigraoumirim leaves the table
xristosgns: folds 
Faquill0: folds 
*** FLOP *** [Qc 4c 9s]
IulianZacK90: bets $0.15
H!TM@N1989 joins the table at seat #2 
holmes52711: folds 
Uncalled bet ($0.15) returned to IulianZacK90
IulianZacK90 collected $0.28 from pot
IulianZacK90: doesn't show hand 
*** SUMMARY ***
Total pot $0.29 | Rake $0.01 
Board [Qc 4c 9s]
Seat 1: Dorex2007 folded before Flop (didn't bet)
Seat 2: tigraoumirim (button) folded before Flop (didn't bet)
Seat 3: xristosgns (small blind) folded before Flop
Seat 4: Faquill0 (big blind) folded before Flop
Seat 5: ripelnet folded before Flop (didn't bet)
Seat 6: IulianZacK90 collected ($0.28)
Seat 7: LucasNett0 folded before Flop (didn't bet)
Seat 8: RAAAAdik folded before Flop (didn't bet)
Seat 9: holmes52711 folded on the Flop



PokerStars Hand #238435163504:  Hold'em No Limit ($0.02/$0.05 USD) - 2022/09/05 10:30:23 PT [2022/09/05 13:30:23 ET]
Table 'Alekto II' 9-max Seat #3 is the button
Seat 1: Dorex2007 ($5 in chips) 
Seat 3: xristosgns ($8.03 in chips) 
Seat 4: Faquill0 ($8.08 in chips) 
Seat 5: ripelnet ($5 in chips) 
Seat 6: IulianZacK90 ($5.73 in chips) 
Seat 7: LucasNett0 ($5.23 in chips) 
Seat 8: RAAAAdik ($5 in chips) 
Seat 9: holmes52711 ($4.88 in chips) 
Faquill0: posts small blind $0.02
ripelnet: posts big blind $0.05
H!TM@N1989: sits out 
*** HOLE CARDS ***
Dealt to Dorex2007 [Kd 2s]
IulianZacK90: folds 
LucasNett0: calls $0.05
RAAAAdik: folds 
holmes52711: folds 
Dorex2007: folds 
xristosgns: raises $0.19 to $0.24
Faquill0: folds 
ripelnet: folds 
LucasNett0: calls $0.19
*** FLOP *** [5d 9d 4s]
LucasNett0: checks 
xristosgns: bets $0.26
LucasNett0: calls $0.26
*** TURN *** [5d 9d 4s] [6h]
LucasNett0: checks 
xristosgns: checks 
*** RIVER *** [5d 9d 4s 6h] [7s]
LucasNett0: checks 
xristosgns: checks 
*** SHOW DOWN ***
LucasNett0: shows [Ts Qd] (high card Queen)
xristosgns: shows [Qc Ac] (high card Ace)
xristosgns collected $1.03 from pot
*** SUMMARY ***
Total pot $1.07 | Rake $0.04 
Board [5d 9d 4s 6h 7s]
Seat 1: Dorex2007 folded before Flop (didn't bet)
Seat 3: xristosgns (button) showed [Qc Ac] and won ($1.03) with high card Ace
Seat 4: Faquill0 (small blind) folded before Flop
Seat 5: ripelnet (big blind) folded before Flop
Seat 6: IulianZacK90 folded before Flop (didn't bet)
Seat 7: LucasNett0 showed [Ts Qd] and lost with high card Queen
Seat 8: RAAAAdik folded before Flop (didn't bet)
Seat 9: holmes52711 folded before Flop (didn't bet)



PokerStars Hand #238435179237:  Hold'em No Limit ($0.02/$0.05 USD) - 2022/09/05 10:31:05 PT [2022/09/05 13:31:05 ET]
Table 'Alekto II' 9-max Seat #4 is the button
Seat 1: Dorex2007 ($5 in chips) 
Seat 3: xristosgns ($8.56 in chips) 
Seat 4: Faquill0 ($8.06 in chips) 
Seat 5: ripelnet ($5 in chips) 
Seat 6: IulianZacK90 ($5.73 in chips) 
Seat 7: LucasNett0 ($4.73 in chips) 
Seat 8: RAAAAdik ($5 in chips) 
Seat 9: holmes52711 ($4.88 in chips) 
ripelnet: posts small blind $0.02
IulianZacK90: posts big blind $0.05
H!TM@N1989: sits out 
*** HOLE CARDS ***
Dealt to Dorex2007 [Td Tc]
LucasNett0: folds 
RAAAAdik: folds 
holmes52711: folds 
Dorex2007: raises $0.10 to $0.15
xristosgns: folds 
Faquill0: folds 
ripelnet: folds 
IulianZacK90: folds 
Uncalled bet ($0.10) returned to Dorex2007
Dorex2007 collected $0.12 from pot
Dorex2007: doesn't show hand 
*** SUMMARY ***
Total pot $0.12 | Rake $0 
Seat 1: Dorex2007 collected ($0.12)
Seat 3: xristosgns folded before Flop (didn't bet)
Seat 4: Faquill0 (button) folded before Flop (didn't bet)
Seat 5: ripelnet (small blind) folded before Flop
Seat 6: IulianZacK90 (big blind) folded before Flop
Seat 7: LucasNett0 folded before Flop (didn't bet)
Seat 8: RAAAAdik folded before Flop (didn't bet)
Seat 9: holmes52711 folded before Flop (didn't bet)



PokerStars Hand #238435188144:  Hold'em No Limit ($0.02/$0.05 USD) - 2022/09/05 10:31:29 PT [2022/09/05 13:31:29 ET]
Table 'Alekto II' 9-max Seat #5 is the button
Seat 1: Dorex2007 ($5.07 in chips) 
Seat 3: xristosgns ($8.56 in chips) 
Seat 4: Faquill0 ($8.06 in chips) 
Seat 5: ripelnet ($5 in chips) 
Seat 6: IulianZacK90 ($5.68 in chips) 
Seat 7: LucasNett0 ($4.73 in chips) 
Seat 8: RAAAAdik ($5 in chips) 
Seat 9: holmes52711 ($4.88 in chips) 
IulianZacK90: posts small blind $0.02
LucasNett0: posts big blind $0.05
H!TM@N1989: sits out 
*** HOLE CARDS ***
Dealt to Dorex2007 [Ah 5h]
RAAAAdik: folds 
holmes52711: raises $0.10 to $0.15
Dorex2007: folds 
xristosgns: folds 
Faquill0: folds 
ripelnet: folds 
IulianZacK90: folds 
LucasNett0: folds 
Uncalled bet ($0.10) returned to holmes52711
holmes52711 collected $0.12 from pot
*** SUMMARY ***
Total pot $0.12 | Rake $0 
Seat 1: Dorex2007 folded before Flop (didn't bet)
Seat 3: xristosgns folded before Flop (didn't bet)
Seat 4: Faquill0 folded before Flop (didn't bet)
Seat 5: ripelnet (button) folded before Flop (didn't bet)
Seat 6: IulianZacK90 (small blind) folded before Flop
Seat 7: LucasNett0 (big blind) folded before Flop
Seat 8: RAAAAdik folded before Flop (didn't bet)
Seat 9: holmes52711 collected ($0.12)



PokerStars Hand #238435193820:  Hold'em No Limit ($0.02/$0.05 USD) - 2022/09/05 10:31:44 PT [2022/09/05 13:31:44 ET]
Table 'Alekto II' 9-max Seat #6 is the button
Seat 1: Dorex2007 ($5.07 in chips) 
Seat 3: xristosgns ($8.56 in chips) 
Seat 4: Faquill0 ($8.06 in chips) 
Seat 5: ripelnet ($5 in chips) 
Seat 6: IulianZacK90 ($5.66 in chips) 
Seat 7: LucasNett0 ($4.68 in chips) 
Seat 8: RAAAAdik ($5 in chips) 
Seat 9: holmes52711 ($4.95 in chips) 
LucasNett0: posts small blind $0.02
RAAAAdik: posts big blind $0.05
H!TM@N1989: sits out 
*** HOLE CARDS ***
Dealt to Dorex2007 [7h 2d]
holmes52711: folds 
Dorex2007: folds 
xristosgns: folds 
Faquill0: folds 
ripelnet: folds 
IulianZacK90: raises $0.06 to $0.11
LucasNett0: folds 
RAAAAdik: calls $0.06
*** FLOP *** [Qh 3s Ah]
RAAAAdik: checks 
IulianZacK90: checks 
*** TURN *** [Qh 3s Ah] [Ts]
RAAAAdik: bets $0.11
IulianZacK90: calls $0.11
*** RIVER *** [Qh 3s Ah Ts] [As]
RAAAAdik: checks 
IulianZacK90: bets $0.11
RAAAAdik: folds 
Uncalled bet ($0.11) returned to IulianZacK90
IulianZacK90 collected $0.44 from pot
IulianZacK90: doesn't show hand 
*** SUMMARY ***
Total pot $0.46 | Rake $0.02 
Board [Qh 3s Ah Ts As]
Seat 1: Dorex2007 folded before Flop (didn't bet)
Seat 3: xristosgns folded before Flop (didn't bet)
Seat 4: Faquill0 folded before Flop (didn't bet)
Seat 5: ripelnet folded before Flop (didn't bet)
Seat 6: IulianZacK90 (button) collected ($0.44)
Seat 7: LucasNett0 (small blind) folded before Flop
Seat 8: RAAAAdik (big blind) folded on the River
Seat 9: holmes52711 folded before Flop (didn't bet)



PokerStars Hand #238435211391:  Hold'em No Limit ($0.02/$0.05 USD) - 2022/09/05 10:32:31 PT [2022/09/05 13:32:31 ET]
Table 'Alekto II' 9-max Seat #7 is the button
Seat 1: Dorex2007 ($5.07 in chips) 
Seat 3: xristosgns ($8.56 in chips) 
Seat 4: Faquill0 ($8.06 in chips) 
Seat 5: ripelnet ($5 in chips) 
Seat 6: IulianZacK90 ($5.88 in chips) 
Seat 7: LucasNett0 ($4.66 in chips) 
Seat 8: RAAAAdik ($5 in chips) 
Seat 9: holmes52711 ($4.95 in chips) 
RAAAAdik: posts small blind $0.02
holmes52711: posts big blind $0.05
H!TM@N1989: sits out 
*** HOLE CARDS ***
Dealt to Dorex2007 [2c Qs]
Dorex2007: folds 
xristosgns: raises $0.10 to $0.15
Faquill0: folds 
ripelnet: folds 
IulianZacK90: folds 
LucasNett0: folds 
RAAAAdik: folds 
holmes52711: folds 
Uncalled bet ($0.10) returned to xristosgns
xristosgns collected $0.12 from pot
*** SUMMARY ***
Total pot $0.12 | Rake $0 
Seat 1: Dorex2007 folded before Flop (didn't bet)
Seat 3: xristosgns collected ($0.12)
Seat 4: Faquill0 folded before Flop (didn't bet)
Seat 5: ripelnet folded before Flop (didn't bet)
Seat 6: IulianZacK90 folded before Flop (didn't bet)
Seat 7: LucasNett0 (button) folded before Flop (didn't bet)
Seat 8: RAAAAdik (small blind) folded before Flop
Seat 9: holmes52711 (big blind) folded before Flop



PokerStars Hand #238435219888:  Hold'em No Limit ($0.02/$0.05 USD) - 2022/09/05 10:32:53 PT [2022/09/05 13:32:53 ET]
Table 'Alekto II' 9-max Seat #8 is the button
Seat 1: Dorex2007 ($5.07 in chips) 
Seat 3: xristosgns ($8.63 in chips) 
Seat 4: Faquill0 ($8.06 in chips) 
Seat 5: ripelnet ($5 in chips) 
Seat 6: IulianZacK90 ($5.88 in chips) 
Seat 7: LucasNett0 ($4.66 in chips) 
Seat 8: RAAAAdik ($5 in chips) 
Seat 9: holmes52711 ($4.90 in chips) 
holmes52711: posts small blind $0.02
Dorex2007: posts big blind $0.05
H!TM@N1989: sits out 
*** HOLE CARDS ***
Dealt to Dorex2007 [Jh 2c]
xristosgns: folds 
Faquill0: folds 
ripelnet is disconnected 
ripelnet is connected 
ripelnet: folds 
IulianZacK90: folds 
LucasNett0: folds 
RAAAAdik: raises $0.12 to $0.17
holmes52711: folds 
Dorex2007: folds 
Uncalled bet ($0.12) returned to RAAAAdik
RAAAAdik collected $0.12 from pot
RAAAAdik: doesn't show hand 
*** SUMMARY ***
Total pot $0.12 | Rake $0 
Seat 1: Dorex2007 (big blind) folded before Flop
Seat 3: xristosgns folded before Flop (didn't bet)
Seat 4: Faquill0 folded before Flop (didn't bet)
Seat 5: ripelnet folded before Flop (didn't bet)
Seat 6: IulianZacK90 folded before Flop (didn't bet)
Seat 7: LucasNett0 folded before Flop (didn't bet)
Seat 8: RAAAAdik (button) collected ($0.12)
Seat 9: holmes52711 (small blind) folded before Flop



PokerStars Hand #238435233471:  Hold'em No Limit ($0.02/$0.05 USD) - 2022/09/05 10:33:29 PT [2022/09/05 13:33:29 ET]
Table 'Alekto II' 9-max Seat #9 is the button
Seat 1: Dorex2007 ($5.02 in chips) 
Seat 2: H!TM@N1989 ($5.51 in chips) 
Seat 3: xristosgns ($8.63 in chips) 
Seat 4: Faquill0 ($8.06 in chips) 
Seat 5: ripelnet ($5 in chips) 
Seat 6: IulianZacK90 ($5.88 in chips) 
Seat 7: LucasNett0 ($4.66 in chips) 
Seat 8: RAAAAdik ($5.07 in chips) 
Seat 9: holmes52711 ($4.88 in chips) 
Dorex2007: posts small blind $0.02
H!TM@N1989: posts big blind $0.05
*** HOLE CARDS ***
Dealt to Dorex2007 [8d 3s]
xristosgns: folds 
Faquill0: folds 
ripelnet: folds 
IulianZacK90 has timed out
IulianZacK90: folds 
LucasNett0: folds 
RAAAAdik: folds 
xristosgns leaves the table
holmes52711: raises $0.05 to $0.10
Dorex2007: folds 
H!TM@N1989: folds 
Uncalled bet ($0.05) returned to holmes52711
thumbsoff joins the table at seat #3 
holmes52711 collected $0.12 from pot
*** SUMMARY ***
Total pot $0.12 | Rake $0 
Seat 1: Dorex2007 (small blind) folded before Flop
Seat 2: H!TM@N1989 (big blind) folded before Flop
Seat 3: xristosgns folded before Flop (didn't bet)
Seat 4: Faquill0 folded before Flop (didn't bet)
Seat 5: ripelnet folded before Flop (didn't bet)
Seat 6: IulianZacK90 folded before Flop (didn't bet)
Seat 7: LucasNett0 folded before Flop (didn't bet)
Seat 8: RAAAAdik folded before Flop (didn't bet)
Seat 9: holmes52711 (button) collected ($0.12)



PokerStars Hand #238435245163:  Hold'em No Limit ($0.02/$0.05 USD) - 2022/09/05 10:34:00 PT [2022/09/05 13:34:00 ET]
Table 'Alekto II' 9-max Seat #1 is the button
Seat 1: Dorex2007 ($5 in chips) 
Seat 2: H!TM@N1989 ($5.46 in chips) 
Seat 3: thumbsoff ($5 in chips) 
Seat 4: Faquill0 ($8.06 in chips) 
Seat 5: ripelnet ($5 in chips) 
Seat 6: IulianZacK90 ($5.88 in chips) 
Seat 7: LucasNett0 ($4.66 in chips) 
Seat 8: RAAAAdik ($5.07 in chips) 
Seat 9: holmes52711 ($4.95 in chips) 
H!TM@N1989: posts small blind $0.02
thumbsoff: posts big blind $0.05
*** HOLE CARDS ***
Dealt to Dorex2007 [7c Ad]
Faquill0: folds 
ripelnet has timed out
ripelnet: folds 
IulianZacK90: folds 
LucasNett0: calls $0.05
RAAAAdik: folds 
holmes52711: raises $0.05 to $0.10
Dorex2007: folds 
H!TM@N1989: folds 
thumbsoff: calls $0.05
LucasNett0: calls $0.05
*** FLOP *** [7d 6s 8h]
H!TM@N1989 leaves the table
thumbsoff: checks 
supertoxotis joins the table at seat #2 
LucasNett0: bets $0.55
holmes52711: folds 
thumbsoff: folds 
Uncalled bet ($0.55) returned to LucasNett0
LucasNett0 collected $0.31 from pot
LucasNett0: doesn't show hand 
*** SUMMARY ***
Total pot $0.32 | Rake $0.01 
Board [7d 6s 8h]
Seat 1: Dorex2007 (button) folded before Flop (didn't bet)
Seat 2: H!TM@N1989 (small blind) folded before Flop
Seat 3: thumbsoff (big blind) folded on the Flop
Seat 4: Faquill0 folded before Flop (didn't bet)
Seat 5: ripelnet folded before Flop (didn't bet)
Seat 6: IulianZacK90 folded before Flop (didn't bet)
Seat 7: LucasNett0 collected ($0.31)
Seat 8: RAAAAdik folded before Flop (didn't bet)
Seat 9: holmes52711 folded on the Flop



PokerStars Hand #238435259391:  Hold'em No Limit ($0.02/$0.05 USD) - 2022/09/05 10:34:38 PT [2022/09/05 13:34:38 ET]
Table 'Alekto II' 9-max Seat #3 is the button
Seat 1: Dorex2007 ($5 in chips) 
Seat 3: thumbsoff ($5 in chips) 
Seat 4: Faquill0 ($8.06 in chips) 
Seat 5: ripelnet ($5 in chips) 
Seat 6: IulianZacK90 ($5.88 in chips) 
Seat 7: LucasNett0 ($4.87 in chips) 
Seat 8: RAAAAdik ($5.07 in chips) 
Seat 9: holmes52711 ($4.85 in chips) 
Faquill0: posts small blind $0.02
ripelnet: posts big blind $0.05
supertoxotis: sits out 
*** HOLE CARDS ***
Dealt to Dorex2007 [4h 7s]
IulianZacK90: folds 
LucasNett0: folds 
RAAAAdik: folds 
holmes52711: folds 
Dorex2007: folds 
thumbsoff: folds 
Faquill0: raises $0.07 to $0.12
ripelnet: calls $0.07
*** FLOP *** [8s Ks 7h]
Faquill0: bets $0.10
ripelnet: calls $0.10
*** TURN *** [8s Ks 7h] [Qh]
Faquill0: checks 
ripelnet: checks 
*** RIVER *** [8s Ks 7h Qh] [Jc]
Faquill0: checks 
ripelnet: checks 
*** SHOW DOWN ***
Faquill0: shows [As 4d] (high card Ace)
ripelnet: shows [8d 9d] (a pair of Eights)
ripelnet collected $0.42 from pot
*** SUMMARY ***
Total pot $0.44 | Rake $0.02 
Board [8s Ks 7h Qh Jc]
Seat 1: Dorex2007 folded before Flop (didn't bet)
Seat 3: thumbsoff (button) folded before Flop (didn't bet)
Seat 4: Faquill0 (small blind) showed [As 4d] and lost with high card Ace
Seat 5: ripelnet (big blind) showed [8d 9d] and won ($0.42) with a pair of Eights
Seat 6: IulianZacK90 folded before Flop (didn't bet)
Seat 7: LucasNett0 folded before Flop (didn't bet)
Seat 8: RAAAAdik folded before Flop (didn't bet)
Seat 9: holmes52711 folded before Flop (didn't bet)



PokerStars Hand #238435274459:  Hold'em No Limit ($0.02/$0.05 USD) - 2022/09/05 10:35:18 PT [2022/09/05 13:35:18 ET]
Table 'Alekto II' 9-max Seat #4 is the button
Seat 1: Dorex2007 ($5 in chips) 
Seat 3: thumbsoff ($5 in chips) 
Seat 4: Faquill0 ($7.84 in chips) 
Seat 5: ripelnet ($5.20 in chips) 
Seat 6: IulianZacK90 ($5.88 in chips) 
Seat 7: LucasNett0 ($4.87 in chips) 
Seat 8: RAAAAdik ($5.07 in chips) 
Seat 9: holmes52711 ($4.85 in chips) 
ripelnet: posts small blind $0.02
IulianZacK90: posts big blind $0.05
supertoxotis: sits out 
*** HOLE CARDS ***
Dealt to Dorex2007 [7s 7d]
LucasNett0: raises $0.25 to $0.30
RAAAAdik: folds 
holmes52711: folds 
Dorex2007: folds 
thumbsoff: folds 
Faquill0: folds 
ripelnet: folds 
IulianZacK90: folds 
Uncalled bet ($0.25) returned to LucasNett0
LucasNett0 collected $0.12 from pot
LucasNett0: doesn't show hand 
*** SUMMARY ***
Total pot $0.12 | Rake $0 
Seat 1: Dorex2007 folded before Flop (didn't bet)
Seat 3: thumbsoff folded before Flop (didn't bet)
Seat 4: Faquill0 (button) folded before Flop (didn't bet)
Seat 5: ripelnet (small blind) folded before Flop
Seat 6: IulianZacK90 (big blind) folded before Flop
Seat 7: LucasNett0 collected ($0.12)
Seat 8: RAAAAdik folded before Flop (didn't bet)
Seat 9: holmes52711 folded before Flop (didn't bet)



PokerStars Hand #238435280189:  Hold'em No Limit ($0.02/$0.05 USD) - 2022/09/05 10:35:32 PT [2022/09/05 13:35:32 ET]
Table 'Alekto II' 9-max Seat #5 is the button
Seat 1: Dorex2007 ($5 in chips) 
Seat 3: thumbsoff ($5 in chips) 
Seat 4: Faquill0 ($7.84 in chips) 
Seat 5: ripelnet ($5.18 in chips) 
Seat 6: IulianZacK90 ($5.83 in chips) 
Seat 7: LucasNett0 ($4.94 in chips) 
Seat 8: RAAAAdik ($5.07 in chips) 
Seat 9: holmes52711 ($4.85 in chips) 
IulianZacK90: posts small blind $0.02
LucasNett0: posts big blind $0.05
supertoxotis: sits out 
*** HOLE CARDS ***
Dealt to Dorex2007 [Qd 9d]
RAAAAdik: folds 
holmes52711: folds 
Dorex2007: folds 
thumbsoff: folds 
Faquill0: folds 
ripelnet: folds 
IulianZacK90: calls $0.03
LucasNett0: checks 
*** FLOP *** [2d 7s 5c]
IulianZacK90: checks 
LucasNett0: checks 
*** TURN *** [2d 7s 5c] [Qc]
IulianZacK90: checks 
LucasNett0: checks 
*** RIVER *** [2d 7s 5c Qc] [2c]
IulianZacK90: bets $0.05
LucasNett0: raises $0.15 to $0.20
IulianZacK90: folds 
Uncalled bet ($0.15) returned to LucasNett0
LucasNett0 collected $0.19 from pot
LucasNett0: doesn't show hand 
*** SUMMARY ***
Total pot $0.20 | Rake $0.01 
Board [2d 7s 5c Qc 2c]
Seat 1: Dorex2007 folded before Flop (didn't bet)
Seat 3: thumbsoff folded before Flop (didn't bet)
Seat 4: Faquill0 folded before Flop (didn't bet)
Seat 5: ripelnet (button) folded before Flop (didn't bet)
Seat 6: IulianZacK90 (small blind) folded on the River
Seat 7: LucasNett0 (big blind) collected ($0.19)
Seat 8: RAAAAdik folded before Flop (didn't bet)
Seat 9: holmes52711 folded before Flop (didn't bet)



PokerStars Hand #238435297811:  Hold'em No Limit ($0.02/$0.05 USD) - 2022/09/05 10:36:18 PT [2022/09/05 13:36:18 ET]
Table 'Alekto II' 9-max Seat #6 is the button
Seat 1: Dorex2007 ($5 in chips) 
Seat 3: thumbsoff ($5 in chips) 
Seat 4: Faquill0 ($7.84 in chips) 
Seat 5: ripelnet ($5.18 in chips) 
Seat 6: IulianZacK90 ($5.73 in chips) 
Seat 7: LucasNett0 ($5.03 in chips) 
Seat 8: RAAAAdik ($5.07 in chips) 
Seat 9: holmes52711 ($4.85 in chips) 
LucasNett0: posts small blind $0.02
RAAAAdik: posts big blind $0.05
supertoxotis: sits out 
*** HOLE CARDS ***
Dealt to Dorex2007 [Th Ac]
holmes52711: folds 
Dorex2007: folds 
thumbsoff: folds 
Faquill0: folds 
ripelnet: folds 
IulianZacK90: folds 
LucasNett0: calls $0.03
RAAAAdik: checks 
*** FLOP *** [Ad 5h Kh]
LucasNett0: bets $0.15
RAAAAdik: folds 
Uncalled bet ($0.15) returned to LucasNett0
LucasNett0 collected $0.10 from pot
LucasNett0: doesn't show hand 
*** SUMMARY ***
Total pot $0.10 | Rake $0 
Board [Ad 5h Kh]
Seat 1: Dorex2007 folded before Flop (didn't bet)
Seat 3: thumbsoff folded before Flop (didn't bet)
Seat 4: Faquill0 folded before Flop (didn't bet)
Seat 5: ripelnet folded before Flop (didn't bet)
Seat 6: IulianZacK90 (button) folded before Flop (didn't bet)
Seat 7: LucasNett0 (small blind) collected ($0.10)
Seat 8: RAAAAdik (big blind) folded on the Flop
Seat 9: holmes52711 folded before Flop (didn't bet)



PokerStars Hand #238435308303:  Hold'em No Limit ($0.02/$0.05 USD) - 2022/09/05 10:36:46 PT [2022/09/05 13:36:46 ET]
Table 'Alekto II' 9-max Seat #7 is the button
Seat 1: Dorex2007 ($5 in chips) 
Seat 3: thumbsoff ($5 in chips) 
Seat 4: Faquill0 ($7.84 in chips) 
Seat 5: ripelnet ($5.18 in chips) 
Seat 6: IulianZacK90 ($5.73 in chips) 
Seat 7: LucasNett0 ($5.08 in chips) 
Seat 8: RAAAAdik ($5.02 in chips) 
Seat 9: holmes52711 ($4.85 in chips) 
RAAAAdik: posts small blind $0.02
holmes52711: posts big blind $0.05
supertoxotis: sits out 
*** HOLE CARDS ***
Dealt to Dorex2007 [8h 6s]
Dorex2007: folds 
thumbsoff: folds 
Faquill0: folds 
ripelnet: folds 
IulianZacK90: folds 
LucasNett0: calls $0.05
RAAAAdik: folds 
holmes52711: checks 
*** FLOP *** [2h 7c Qc]
holmes52711: checks 
LucasNett0: bets $0.15
holmes52711: folds 
Uncalled bet ($0.15) returned to LucasNett0
LucasNett0 collected $0.12 from pot
LucasNett0: doesn't show hand 
*** SUMMARY ***
Total pot $0.12 | Rake $0 
Board [2h 7c Qc]
Seat 1: Dorex2007 folded before Flop (didn't bet)
Seat 3: thumbsoff folded before Flop (didn't bet)
Seat 4: Faquill0 folded before Flop (didn't bet)
Seat 5: ripelnet folded before Flop (didn't bet)
Seat 6: IulianZacK90 folded before Flop (didn't bet)
Seat 7: LucasNett0 (button) collected ($0.12)
Seat 8: RAAAAdik (small blind) folded before Flop
Seat 9: holmes52711 (big blind) folded on the Flop



PokerStars Hand #238435315636:  Hold'em No Limit ($0.02/$0.05 USD) - 2022/09/05 10:37:05 PT [2022/09/05 13:37:05 ET]
Table 'Alekto II' 9-max Seat #8 is the button
Seat 1: Dorex2007 ($5 in chips) 
Seat 3: thumbsoff ($5 in chips) 
Seat 4: Faquill0 ($7.84 in chips) 
Seat 5: ripelnet ($5.18 in chips) 
Seat 6: IulianZacK90 ($5.73 in chips) 
Seat 7: LucasNett0 ($5.15 in chips) 
Seat 8: RAAAAdik ($5 in chips) 
Seat 9: holmes52711 ($4.80 in chips) 
holmes52711: posts small blind $0.02
Dorex2007: posts big blind $0.05
supertoxotis: sits out 
*** HOLE CARDS ***
Dealt to Dorex2007 [Qh Td]
thumbsoff: folds 
Faquill0: folds 
ripelnet: folds 
IulianZacK90: folds 
LucasNett0: raises $0.05 to $0.10
RAAAAdik: calls $0.10
holmes52711: folds 
Dorex2007: calls $0.05
*** FLOP *** [6d 4h Kc]
Dorex2007: checks 
LucasNett0: checks 
RAAAAdik: bets $0.15
Dorex2007: folds 
LucasNett0: folds 
Uncalled bet ($0.15) returned to RAAAAdik
RAAAAdik collected $0.31 from pot
RAAAAdik: doesn't show hand 
*** SUMMARY ***
Total pot $0.32 | Rake $0.01 
Board [6d 4h Kc]
Seat 1: Dorex2007 (big blind) folded on the Flop
Seat 3: thumbsoff folded before Flop (didn't bet)
Seat 4: Faquill0 folded before Flop (didn't bet)
Seat 5: ripelnet folded before Flop (didn't bet)
Seat 6: IulianZacK90 folded before Flop (didn't bet)
Seat 7: LucasNett0 folded on the Flop
Seat 8: RAAAAdik (button) collected ($0.31)
Seat 9: holmes52711 (small blind) folded before Flop



PokerStars Hand #238435328669:  Hold'em No Limit ($0.02/$0.05 USD) - 2022/09/05 10:37:39 PT [2022/09/05 13:37:39 ET]
Table 'Alekto II' 9-max Seat #9 is the button
Seat 1: Dorex2007 ($5 in chips) 
Seat 2: supertoxotis ($5 in chips) 
Seat 3: thumbsoff ($5 in chips) 
Seat 4: Faquill0 ($7.84 in chips) 
Seat 5: ripelnet ($5.18 in chips) 
Seat 6: IulianZacK90 ($5.73 in chips) 
Seat 7: LucasNett0 ($5.05 in chips) 
Seat 8: RAAAAdik ($5.21 in chips) 
Seat 9: holmes52711 ($4.78 in chips) 
Dorex2007: posts small blind $0.02
supertoxotis: posts big blind $0.05
*** HOLE CARDS ***
Dealt to Dorex2007 [Ad Th]
thumbsoff: folds 
Faquill0: folds 
ripelnet: folds 
IulianZacK90: folds 
LucasNett0: folds 
RAAAAdik: folds 
holmes52711: folds 
Dorex2007: raises $0.10 to $0.15
supertoxotis: folds 
Uncalled bet ($0.10) returned to Dorex2007
Dorex2007 collected $0.10 from pot
Dorex2007: doesn't show hand 
*** SUMMARY ***
Total pot $0.10 | Rake $0 
Seat 1: Dorex2007 (small blind) collected ($0.10)
Seat 2: supertoxotis (big blind) folded before Flop
Seat 3: thumbsoff folded before Flop (didn't bet)
Seat 4: Faquill0 folded before Flop (didn't bet)
Seat 5: ripelnet folded before Flop (didn't bet)
Seat 6: IulianZacK90 folded before Flop (didn't bet)
Seat 7: LucasNett0 folded before Flop (didn't bet)
Seat 8: RAAAAdik folded before Flop (didn't bet)
Seat 9: holmes52711 (button) folded before Flop (didn't bet)



PokerStars Hand #238435335497:  Hold'em No Limit ($0.02/$0.05 USD) - 2022/09/05 10:37:57 PT [2022/09/05 13:37:57 ET]
Table 'Alekto II' 9-max Seat #1 is the button
Seat 1: Dorex2007 ($5.05 in chips) 
Seat 2: supertoxotis ($4.95 in chips) 
Seat 3: thumbsoff ($5 in chips) 
Seat 4: Faquill0 ($7.84 in chips) 
Seat 5: ripelnet ($5.18 in chips) 
Seat 6: IulianZacK90 ($5.73 in chips) 
Seat 7: LucasNett0 ($5.05 in chips) 
Seat 8: RAAAAdik ($5.21 in chips) 
Seat 9: holmes52711 ($4.78 in chips) 
supertoxotis: posts small blind $0.02
thumbsoff: posts big blind $0.05
*** HOLE CARDS ***
Dealt to Dorex2007 [6h 4c]
Faquill0: folds 
ripelnet: folds 
IulianZacK90: folds 
LucasNett0: calls $0.05
RAAAAdik: folds 
holmes52711: raises $0.05 to $0.10
Dorex2007: folds 
supertoxotis: folds 
thumbsoff: calls $0.05
LucasNett0: calls $0.05
*** FLOP *** [Jh 3s 3d]
thumbsoff: checks 
LucasNett0: checks 
holmes52711: bets $0.15
thumbsoff: folds 
LucasNett0: raises $0.70 to $0.85
holmes52711: calls $0.70
*** TURN *** [Jh 3s 3d] [Ts]
LucasNett0: checks 
holmes52711: checks 
*** RIVER *** [Jh 3s 3d Ts] [9c]
LucasNett0: checks 
holmes52711: bets $0.97
LucasNett0: folds 
Uncalled bet ($0.97) returned to holmes52711
holmes52711 collected $1.94 from pot
*** SUMMARY ***
Total pot $2.02 | Rake $0.08 
Board [Jh 3s 3d Ts 9c]
Seat 1: Dorex2007 (button) folded before Flop (didn't bet)
Seat 2: supertoxotis (small blind) folded before Flop
Seat 3: thumbsoff (big blind) folded on the Flop
Seat 4: Faquill0 folded before Flop (didn't bet)
Seat 5: ripelnet folded before Flop (didn't bet)
Seat 6: IulianZacK90 folded before Flop (didn't bet)
Seat 7: LucasNett0 folded on the River
Seat 8: RAAAAdik folded before Flop (didn't bet)
Seat 9: holmes52711 collected ($1.94)



PokerStars Hand #238435358917:  Hold'em No Limit ($0.02/$0.05 USD) - 2022/09/05 10:38:58 PT [2022/09/05 13:38:58 ET]
Table 'Alekto II' 9-max Seat #2 is the button
Seat 1: Dorex2007 ($5.05 in chips) 
Seat 2: supertoxotis ($4.93 in chips) 
Seat 3: thumbsoff ($5 in chips) 
Seat 4: Faquill0 ($7.84 in chips) 
Seat 5: ripelnet ($5.18 in chips) 
Seat 6: IulianZacK90 ($5.73 in chips) 
Seat 7: LucasNett0 ($4.10 in chips) 
Seat 8: RAAAAdik ($5.21 in chips) 
Seat 9: holmes52711 ($5.77 in chips) 
thumbsoff: posts small blind $0.02
Faquill0: posts big blind $0.05
*** HOLE CARDS ***
Dealt to Dorex2007 [6s 9h]
ripelnet: folds 
IulianZacK90 has timed out
IulianZacK90: folds 
LucasNett0: folds 
RAAAAdik: folds 
holmes52711: folds 
Dorex2007: folds 
supertoxotis: raises $0.07 to $0.12
thumbsoff: folds 
Faquill0: calls $0.07
*** FLOP *** [Kc 5s Kh]
Faquill0: checks 
supertoxotis: checks 
*** TURN *** [Kc 5s Kh] [Ad]
Faquill0: bets $0.12
supertoxotis: calls $0.12
*** RIVER *** [Kc 5s Kh Ad] [Jh]
Faquill0: checks 
supertoxotis: checks 
*** SHOW DOWN ***
Faquill0: shows [5h Ac] (two pair, Aces and Kings)
supertoxotis: shows [Ah Qc] (two pair, Aces and Kings - Queen kicker)
supertoxotis collected $0.48 from pot
*** SUMMARY ***
Total pot $0.50 | Rake $0.02 
Board [Kc 5s Kh Ad Jh]
Seat 1: Dorex2007 folded before Flop (didn't bet)
Seat 2: supertoxotis (button) showed [Ah Qc] and won ($0.48) with two pair, Aces and Kings
Seat 3: thumbsoff (small blind) folded before Flop
Seat 4: Faquill0 (big blind) showed [5h Ac] and lost with two pair, Aces and Kings
Seat 5: ripelnet folded before Flop (didn't bet)
Seat 6: IulianZacK90 folded before Flop (didn't bet)
Seat 7: LucasNett0 folded before Flop (didn't bet)
Seat 8: RAAAAdik folded before Flop (didn't bet)
Seat 9: holmes52711 folded before Flop (didn't bet)



PokerStars Hand #238435383684:  Hold'em No Limit ($0.02/$0.05 USD) - 2022/09/05 10:40:03 PT [2022/09/05 13:40:03 ET]
Table 'Alekto II' 9-max Seat #3 is the button
Seat 1: Dorex2007 ($5.05 in chips) 
Seat 2: supertoxotis ($5.17 in chips) 
Seat 3: thumbsoff ($5 in chips) 
Seat 4: Faquill0 ($7.60 in chips) 
Seat 5: ripelnet ($5.18 in chips) 
Seat 6: IulianZacK90 ($5.73 in chips) 
Seat 7: LucasNett0 ($4.10 in chips) 
Seat 8: RAAAAdik ($5.21 in chips) 
Seat 9: holmes52711 ($5.77 in chips) 
Faquill0: posts small blind $0.02
ripelnet: posts big blind $0.05
*** HOLE CARDS ***
Dealt to Dorex2007 [Qs As]
IulianZacK90: folds 
LucasNett0: folds 
RAAAAdik: folds 
holmes52711: folds 
Dorex2007: raises $0.10 to $0.15
supertoxotis: folds 
thumbsoff: folds 
Faquill0: calls $0.13
ripelnet: folds 
*** FLOP *** [7d 6h 6c]
Faquill0: checks 
Dorex2007: bets $0.34
Faquill0: folds 
Uncalled bet ($0.34) returned to Dorex2007
Dorex2007 collected $0.34 from pot
Dorex2007: doesn't show hand 
*** SUMMARY ***
Total pot $0.35 | Rake $0.01 
Board [7d 6h 6c]
Seat 1: Dorex2007 collected ($0.34)
Seat 2: supertoxotis folded before Flop (didn't bet)
Seat 3: thumbsoff (button) folded before Flop (didn't bet)
Seat 4: Faquill0 (small blind) folded on the Flop
Seat 5: ripelnet (big blind) folded before Flop
Seat 6: IulianZacK90 folded before Flop (didn't bet)
Seat 7: LucasNett0 folded before Flop (didn't bet)
Seat 8: RAAAAdik folded before Flop (didn't bet)
Seat 9: holmes52711 folded before Flop (didn't bet)



PokerStars Hand #238435397749:  Hold'em No Limit ($0.02/$0.05 USD) - 2022/09/05 10:40:40 PT [2022/09/05 13:40:40 ET]
Table 'Alekto II' 9-max Seat #4 is the button
Seat 1: Dorex2007 ($5.24 in chips) 
Seat 2: supertoxotis ($5.17 in chips) 
Seat 3: thumbsoff ($5 in chips) 
Seat 4: Faquill0 ($7.45 in chips) 
Seat 5: ripelnet ($5.13 in chips) 
Seat 6: IulianZacK90 ($5.73 in chips) 
Seat 7: LucasNett0 ($4.10 in chips) 
Seat 8: RAAAAdik ($5.21 in chips) 
Seat 9: holmes52711 ($5.77 in chips) 
ripelnet: posts small blind $0.02
IulianZacK90: posts big blind $0.05
*** HOLE CARDS ***
Dealt to Dorex2007 [9h 5h]
LucasNett0: folds 
RAAAAdik: folds 
holmes52711: raises $0.05 to $0.10
Dorex2007: folds 
supertoxotis: folds 
thumbsoff: folds 
Faquill0: calls $0.10
ripelnet: folds 
IulianZacK90: folds 
*** FLOP *** [Jh Ac 6c]
holmes52711: checks 
Faquill0: bets $0.15
holmes52711: folds 
Uncalled bet ($0.15) returned to Faquill0
Faquill0 collected $0.26 from pot
Faquill0: doesn't show hand 
*** SUMMARY ***
Total pot $0.27 | Rake $0.01 
Board [Jh Ac 6c]
Seat 1: Dorex2007 folded before Flop (didn't bet)
Seat 2: supertoxotis folded before Flop (didn't bet)
Seat 3: thumbsoff folded before Flop (didn't bet)
Seat 4: Faquill0 (button) collected ($0.26)
Seat 5: ripelnet (small blind) folded before Flop
Seat 6: IulianZacK90 (big blind) folded before Flop
Seat 7: LucasNett0 folded before Flop (didn't bet)
Seat 8: RAAAAdik folded before Flop (didn't bet)
Seat 9: holmes52711 folded on the Flop



PokerStars Hand #238435414114:  Hold'em No Limit ($0.02/$0.05 USD) - 2022/09/05 10:41:22 PT [2022/09/05 13:41:22 ET]
Table 'Alekto II' 9-max Seat #5 is the button
Seat 1: Dorex2007 ($5.24 in chips) 
Seat 2: supertoxotis ($5.17 in chips) 
Seat 3: thumbsoff ($5 in chips) 
Seat 4: Faquill0 ($7.61 in chips) 
Seat 5: ripelnet ($5.11 in chips) 
Seat 6: IulianZacK90 ($5.68 in chips) 
Seat 7: LucasNett0 ($4.10 in chips) 
Seat 8: RAAAAdik ($5.21 in chips) 
Seat 9: holmes52711 ($5.67 in chips) 
IulianZacK90: posts small blind $0.02
LucasNett0: posts big blind $0.05
*** HOLE CARDS ***
Dealt to Dorex2007 [2c 8d]
RAAAAdik: raises $0.12 to $0.17
holmes52711: folds 
Dorex2007: folds 
supertoxotis: folds 
thumbsoff: folds 
Faquill0: folds 
ripelnet: folds 
IulianZacK90: folds 
LucasNett0: folds 
Uncalled bet ($0.12) returned to RAAAAdik
RAAAAdik collected $0.12 from pot
RAAAAdik: doesn't show hand 
*** SUMMARY ***
Total pot $0.12 | Rake $0 
Seat 1: Dorex2007 folded before Flop (didn't bet)
Seat 2: supertoxotis folded before Flop (didn't bet)
Seat 3: thumbsoff folded before Flop (didn't bet)
Seat 4: Faquill0 folded before Flop (didn't bet)
Seat 5: ripelnet (button) folded before Flop (didn't bet)
Seat 6: IulianZacK90 (small blind) folded before Flop
Seat 7: LucasNett0 (big blind) folded before Flop
Seat 8: RAAAAdik collected ($0.12)
Seat 9: holmes52711 folded before Flop (didn't bet)



PokerStars Hand #238435421719:  Hold'em No Limit ($0.02/$0.05 USD) - 2022/09/05 10:41:42 PT [2022/09/05 13:41:42 ET]
Table 'Alekto II' 9-max Seat #6 is the button
Seat 1: Dorex2007 ($5.24 in chips) 
Seat 2: supertoxotis ($5.17 in chips) 
Seat 3: thumbsoff ($5 in chips) 
Seat 4: Faquill0 ($7.61 in chips) 
Seat 5: ripelnet ($5.11 in chips) 
Seat 6: IulianZacK90 ($5.66 in chips) 
Seat 7: LucasNett0 ($4.05 in chips) 
Seat 8: RAAAAdik ($5.28 in chips) 
Seat 9: holmes52711 ($5.67 in chips) 
LucasNett0: posts small blind $0.02
RAAAAdik: posts big blind $0.05
*** HOLE CARDS ***
Dealt to Dorex2007 [3h Qc]
holmes52711: folds 
Dorex2007: folds 
supertoxotis: folds 
thumbsoff: folds 
Faquill0: folds 
ripelnet: folds 
IulianZacK90: folds 
LucasNett0: calls $0.03
RAAAAdik: raises $0.10 to $0.15
LucasNett0: calls $0.10
*** FLOP *** [4d 6h 9d]
LucasNett0: checks 
RAAAAdik: bets $0.15
LucasNett0: folds 
Uncalled bet ($0.15) returned to RAAAAdik
RAAAAdik collected $0.29 from pot
RAAAAdik: doesn't show hand 
*** SUMMARY ***
Total pot $0.30 | Rake $0.01 
Board [4d 6h 9d]
Seat 1: Dorex2007 folded before Flop (didn't bet)
Seat 2: supertoxotis folded before Flop (didn't bet)
Seat 3: thumbsoff folded before Flop (didn't bet)
Seat 4: Faquill0 folded before Flop (didn't bet)
Seat 5: ripelnet folded before Flop (didn't bet)
Seat 6: IulianZacK90 (button) folded before Flop (didn't bet)
Seat 7: LucasNett0 (small blind) folded on the Flop
Seat 8: RAAAAdik (big blind) collected ($0.29)
Seat 9: holmes52711 folded before Flop (didn't bet)



PokerStars Hand #238435434489:  Hold'em No Limit ($0.02/$0.05 USD) - 2022/09/05 10:42:15 PT [2022/09/05 13:42:15 ET]
Table 'Alekto II' 9-max Seat #7 is the button
Seat 1: Dorex2007 ($5.24 in chips) 
Seat 2: supertoxotis ($5.17 in chips) 
Seat 3: thumbsoff ($5 in chips) 
Seat 4: Faquill0 ($7.61 in chips) 
Seat 5: ripelnet ($5.11 in chips) 
Seat 6: IulianZacK90 ($5.66 in chips) 
Seat 7: LucasNett0 ($3.90 in chips) 
Seat 8: RAAAAdik ($5.42 in chips) 
Seat 9: holmes52711 ($5.67 in chips) 
RAAAAdik: posts small blind $0.02
holmes52711: posts big blind $0.05
*** HOLE CARDS ***
Dealt to Dorex2007 [3c 9d]
Dorex2007: folds 
supertoxotis: folds 
thumbsoff: raises $0.10 to $0.15
Faquill0: folds 
ripelnet: folds 
IulianZacK90: folds 
LucasNett0: calls $0.15
RAAAAdik: folds 
holmes52711: folds 
*** FLOP *** [2h Qc Td]
thumbsoff: bets $0.18
LucasNett0: folds 
Uncalled bet ($0.18) returned to thumbsoff
thumbsoff collected $0.35 from pot
thumbsoff: doesn't show hand 
*** SUMMARY ***
Total pot $0.37 | Rake $0.02 
Board [2h Qc Td]
Seat 1: Dorex2007 folded before Flop (didn't bet)
Seat 2: supertoxotis folded before Flop (didn't bet)
Seat 3: thumbsoff collected ($0.35)
Seat 4: Faquill0 folded before Flop (didn't bet)
Seat 5: ripelnet folded before Flop (didn't bet)
Seat 6: IulianZacK90 folded before Flop (didn't bet)
Seat 7: LucasNett0 (button) folded on the Flop
Seat 8: RAAAAdik (small blind) folded before Flop
Seat 9: holmes52711 (big blind) folded before Flop



PokerStars Hand #238435448869:  Hold'em No Limit ($0.02/$0.05 USD) - 2022/09/05 10:42:53 PT [2022/09/05 13:42:53 ET]
Table 'Alekto II' 9-max Seat #8 is the button
Seat 1: Dorex2007 ($5.24 in chips) 
Seat 2: supertoxotis ($5.17 in chips) 
Seat 3: thumbsoff ($5.20 in chips) 
Seat 4: Faquill0 ($7.61 in chips) 
Seat 5: ripelnet ($5.11 in chips) 
Seat 6: IulianZacK90 ($5.66 in chips) 
Seat 7: LucasNett0 ($3.75 in chips) 
Seat 8: RAAAAdik ($5.40 in chips) 
Seat 9: holmes52711 ($5.62 in chips) 
holmes52711: posts small blind $0.02
Dorex2007: posts big blind $0.05
*** HOLE CARDS ***
Dealt to Dorex2007 [Qs 2h]
supertoxotis: folds 
thumbsoff: folds 
Faquill0: folds 
ripelnet: folds 
IulianZacK90: raises $0.10 to $0.15
LucasNett0: folds 
RAAAAdik: folds 
holmes52711: folds 
Dorex2007: folds 
Uncalled bet ($0.10) returned to IulianZacK90
IulianZacK90 collected $0.12 from pot
IulianZacK90: doesn't show hand 
*** SUMMARY ***
Total pot $0.12 | Rake $0 
Seat 1: Dorex2007 (big blind) folded before Flop
Seat 2: supertoxotis folded before Flop (didn't bet)
Seat 3: thumbsoff folded before Flop (didn't bet)
Seat 4: Faquill0 folded before Flop (didn't bet)
Seat 5: ripelnet folded before Flop (didn't bet)
Seat 6: IulianZacK90 collected ($0.12)
Seat 7: LucasNett0 folded before Flop (didn't bet)
Seat 8: RAAAAdik (button) folded before Flop (didn't bet)
Seat 9: holmes52711 (small blind) folded before Flop



PokerStars Hand #238435457681:  Hold'em No Limit ($0.02/$0.05 USD) - 2022/09/05 10:43:16 PT [2022/09/05 13:43:16 ET]
Table 'Alekto II' 9-max Seat #9 is the button
Seat 1: Dorex2007 ($5.19 in chips) 
Seat 2: supertoxotis ($5.17 in chips) 
Seat 3: thumbsoff ($5.20 in chips) 
Seat 4: Faquill0 ($7.61 in chips) 
Seat 5: ripelnet ($5.11 in chips) 
Seat 6: IulianZacK90 ($5.73 in chips) 
Seat 7: LucasNett0 ($3.75 in chips) 
Seat 8: RAAAAdik ($5.40 in chips) 
Seat 9: holmes52711 ($5.60 in chips) 
Dorex2007: posts small blind $0.02
supertoxotis: posts big blind $0.05
*** HOLE CARDS ***
Dealt to Dorex2007 [8d Ad]
thumbsoff: folds 
Faquill0: folds 
ripelnet: folds 
IulianZacK90: raises $0.10 to $0.15
LucasNett0: folds 
RAAAAdik: folds 
holmes52711: folds 
Dorex2007: folds 
supertoxotis: folds 
Uncalled bet ($0.10) returned to IulianZacK90
IulianZacK90 collected $0.12 from pot
IulianZacK90: doesn't show hand 
*** SUMMARY ***
Total pot $0.12 | Rake $0 
Seat 1: Dorex2007 (small blind) folded before Flop
Seat 2: supertoxotis (big blind) folded before Flop
Seat 3: thumbsoff folded before Flop (didn't bet)
Seat 4: Faquill0 folded before Flop (didn't bet)
Seat 5: ripelnet folded before Flop (didn't bet)
Seat 6: IulianZacK90 collected ($0.12)
Seat 7: LucasNett0 folded before Flop (didn't bet)
Seat 8: RAAAAdik folded before Flop (didn't bet)
Seat 9: holmes52711 (button) folded before Flop (didn't bet)



PokerStars Hand #238435468459:  Hold'em No Limit ($0.02/$0.05 USD) - 2022/09/05 10:43:44 PT [2022/09/05 13:43:44 ET]
Table 'Alekto II' 9-max Seat #1 is the button
Seat 1: Dorex2007 ($5.17 in chips) 
Seat 2: supertoxotis ($5.12 in chips) 
Seat 3: thumbsoff ($5.20 in chips) 
Seat 4: Faquill0 ($7.61 in chips) 
Seat 5: ripelnet ($5.11 in chips) 
Seat 6: IulianZacK90 ($5.80 in chips) 
Seat 7: LucasNett0 ($3.75 in chips) 
Seat 8: RAAAAdik ($5.40 in chips) 
Seat 9: holmes52711 ($5.60 in chips) 
supertoxotis: posts small blind $0.02
thumbsoff: posts big blind $0.05
*** HOLE CARDS ***
Dealt to Dorex2007 [Tc 2h]
Faquill0 has timed out
Faquill0: folds 
ripelnet: raises $0.06 to $0.11
IulianZacK90: folds 
LucasNett0: folds 
LucasNett0 leaves the table
RAAAAdik: folds 
holmes52711: calls $0.11
Dorex2007: folds 
supertoxotis: folds 
thumbsoff: folds 
*** FLOP *** [Ks 9d Js]
ripelnet: bets $0.21
holmes52711: calls $0.21
*** TURN *** [Ks 9d Js] [9c]
ripelnet: checks 
holmes52711: checks 
*** RIVER *** [Ks 9d Js 9c] [As]
ripelnet: checks 
holmes52711: bets $0.34
ripelnet: folds 
Uncalled bet ($0.34) returned to holmes52711
holmes52711 collected $0.68 from pot
*** SUMMARY ***
Total pot $0.71 | Rake $0.03 
Board [Ks 9d Js 9c As]
Seat 1: Dorex2007 (button) folded before Flop (didn't bet)
Seat 2: supertoxotis (small blind) folded before Flop
Seat 3: thumbsoff (big blind) folded before Flop
Seat 4: Faquill0 folded before Flop (didn't bet)
Seat 5: ripelnet folded on the River
Seat 6: IulianZacK90 folded before Flop (didn't bet)
Seat 7: LucasNett0 folded before Flop (didn't bet)
Seat 8: RAAAAdik folded before Flop (didn't bet)
Seat 9: holmes52711 collected ($0.68)



PokerStars Hand #238435489360:  Hold'em No Limit ($0.02/$0.05 USD) - 2022/09/05 10:44:39 PT [2022/09/05 13:44:39 ET]
Table 'Alekto II' 9-max Seat #2 is the button
Seat 1: Dorex2007 ($5.17 in chips) 
Seat 2: supertoxotis ($5.10 in chips) 
Seat 3: thumbsoff ($5.15 in chips) 
Seat 4: Faquill0 ($7.61 in chips) 
Seat 5: ripelnet ($5 in chips) 
Seat 6: IulianZacK90 ($5.80 in chips) 
Seat 8: RAAAAdik ($5.40 in chips) 
Seat 9: holmes52711 ($5.96 in chips) 
thumbsoff: posts small blind $0.02
Faquill0: posts big blind $0.05
*** HOLE CARDS ***
Dealt to Dorex2007 [Jh 4d]
ripelnet: folds 
IulianZacK90: folds 
th340d joins the table at seat #7 
RAAAAdik: folds 
holmes52711: raises $0.05 to $0.10
Dorex2007: folds 
supertoxotis: raises $0.27 to $0.37
thumbsoff: folds 
Faquill0: folds 
holmes52711: calls $0.27
*** FLOP *** [8c Ah 5h]
holmes52711: checks 
supertoxotis: checks 
*** TURN *** [8c Ah 5h] [2c]
holmes52711: bets $0.25
supertoxotis: calls $0.25
*** RIVER *** [8c Ah 5h 2c] [Qc]
holmes52711: checks 
supertoxotis: checks 
*** SHOW DOWN ***
holmes52711: shows [8s 9s] (a pair of Eights)
supertoxotis: shows [9h 9d] (a pair of Nines)
supertoxotis collected $1.26 from pot
*** SUMMARY ***
Total pot $1.31 | Rake $0.05 
Board [8c Ah 5h 2c Qc]
Seat 1: Dorex2007 folded before Flop (didn't bet)
Seat 2: supertoxotis (button) showed [9h 9d] and won ($1.26) with a pair of Nines
Seat 3: thumbsoff (small blind) folded before Flop
Seat 4: Faquill0 (big blind) folded before Flop
Seat 5: ripelnet folded before Flop (didn't bet)
Seat 6: IulianZacK90 folded before Flop (didn't bet)
Seat 8: RAAAAdik folded before Flop (didn't bet)
Seat 9: holmes52711 showed [8s 9s] and lost with a pair of Eights



PokerStars Hand #238435513490:  Hold'em No Limit ($0.02/$0.05 USD) - 2022/09/05 10:45:43 PT [2022/09/05 13:45:43 ET]
Table 'Alekto II' 9-max Seat #3 is the button
Seat 1: Dorex2007 ($5.17 in chips) 
Seat 2: supertoxotis ($5.74 in chips) 
Seat 3: thumbsoff ($5.13 in chips) 
Seat 4: Faquill0 ($7.56 in chips) 
Seat 5: ripelnet ($5 in chips) 
Seat 6: IulianZacK90 ($5.80 in chips) 
Seat 8: RAAAAdik ($5.40 in chips) 
Seat 9: holmes52711 ($5.34 in chips) 
Faquill0: posts small blind $0.02
ripelnet: posts big blind $0.05
th340d: sits out 
*** HOLE CARDS ***
Dealt to Dorex2007 [3d 8s]
IulianZacK90: raises $0.05 to $0.10
RAAAAdik: folds 
holmes52711: folds 
Dorex2007: folds 
supertoxotis: folds 
thumbsoff: folds 
Faquill0: calls $0.08
ripelnet: folds 
*** FLOP *** [Jh 3h 3c]
Faquill0: bets $0.10
IulianZacK90: calls $0.10
*** TURN *** [Jh 3h 3c] [Ac]
Faquill0: checks 
IulianZacK90: bets $0.15
Faquill0: calls $0.15
*** RIVER *** [Jh 3h 3c Ac] [Js]
Faquill0: checks 
IulianZacK90: checks 
*** SHOW DOWN ***
Faquill0: shows [8d Ah] (two pair, Aces and Jacks)
IulianZacK90: mucks hand 
Faquill0 collected $0.72 from pot
*** SUMMARY ***
Total pot $0.75 | Rake $0.03 
Board [Jh 3h 3c Ac Js]
Seat 1: Dorex2007 folded before Flop (didn't bet)
Seat 2: supertoxotis folded before Flop (didn't bet)
Seat 3: thumbsoff (button) folded before Flop (didn't bet)
Seat 4: Faquill0 (small blind) showed [8d Ah] and won ($0.72) with two pair, Aces and Jacks
Seat 5: ripelnet (big blind) folded before Flop
Seat 6: IulianZacK90 mucked [9d 9s]
Seat 8: RAAAAdik folded before Flop (didn't bet)
Seat 9: holmes52711 folded before Flop (didn't bet)



PokerStars Hand #238435534351:  Hold'em No Limit ($0.02/$0.05 USD) - 2022/09/05 10:46:38 PT [2022/09/05 13:46:38 ET]
Table 'Alekto II' 9-max Seat #4 is the button
Seat 1: Dorex2007 ($5.17 in chips) 
Seat 2: supertoxotis ($5.74 in chips) 
Seat 3: thumbsoff ($5.13 in chips) 
Seat 4: Faquill0 ($7.93 in chips) 
Seat 5: ripelnet ($5 in chips) 
Seat 7: th340d ($2 in chips) 
Seat 8: RAAAAdik ($5.40 in chips) 
Seat 9: holmes52711 ($5.34 in chips) 
ripelnet: posts small blind $0.02
IulianZacK90: is sitting out 
th340d: posts big blind $0.05
*** HOLE CARDS ***
Dealt to Dorex2007 [3s Tc]
RAAAAdik: folds 
holmes52711: folds 
IulianZacK90 leaves the table
Dorex2007: folds 
supertoxotis: raises $0.10 to $0.15
thumbsoff: calls $0.15
Faquill0: calls $0.15
ripelnet: folds 
th340d: folds 
*** FLOP *** [5s Ad 8h]
Gigue5301 joins the table at seat #6 
supertoxotis: bets $0.32
thumbsoff: folds 
Faquill0: folds 
Uncalled bet ($0.32) returned to supertoxotis
supertoxotis collected $0.50 from pot
*** SUMMARY ***
Total pot $0.52 | Rake $0.02 
Board [5s Ad 8h]
Seat 1: Dorex2007 folded before Flop (didn't bet)
Seat 2: supertoxotis collected ($0.50)
Seat 3: thumbsoff folded on the Flop
Seat 4: Faquill0 (button) folded on the Flop
Seat 5: ripelnet (small blind) folded before Flop
Seat 7: th340d (big blind) folded before Flop
Seat 8: RAAAAdik folded before Flop (didn't bet)
Seat 9: holmes52711 folded before Flop (didn't bet)



PokerStars Hand #238435546780:  Hold'em No Limit ($0.02/$0.05 USD) - 2022/09/05 10:47:11 PT [2022/09/05 13:47:11 ET]
Table 'Alekto II' 9-max Seat #5 is the button
Seat 1: Dorex2007 ($5.17 in chips) 
Seat 2: supertoxotis ($6.09 in chips) 
Seat 3: thumbsoff ($5 in chips) 
Seat 4: Faquill0 ($7.78 in chips) 
Seat 5: ripelnet ($5 in chips) 
Seat 7: th340d ($1.95 in chips) 
Seat 8: RAAAAdik ($5.40 in chips) 
Seat 9: holmes52711 ($5.34 in chips) 
th340d: posts small blind $0.02
RAAAAdik: posts big blind $0.05
*** HOLE CARDS ***
Dealt to Dorex2007 [3h Ac]
holmes52711: folds 
Dorex2007: folds 
supertoxotis: calls $0.05
thumbsoff: folds 
Faquill0: folds 
ripelnet: folds 
th340d: folds 
RAAAAdik: checks 
*** FLOP *** [As Jh 2h]
RAAAAdik: bets $0.06
supertoxotis: calls $0.06
*** TURN *** [As Jh 2h] [4d]
RAAAAdik: bets $0.11
supertoxotis: calls $0.11
*** RIVER *** [As Jh 2h 4d] [3s]
RAAAAdik: bets $0.25
supertoxotis: calls $0.25
*** SHOW DOWN ***
RAAAAdik: shows [Jc 5h] (a straight, Ace to Five)
supertoxotis: mucks hand 
RAAAAdik collected $0.92 from pot
*** SUMMARY ***
Total pot $0.96 | Rake $0.04 
Board [As Jh 2h 4d 3s]
Seat 1: Dorex2007 folded before Flop (didn't bet)
Seat 2: supertoxotis mucked [Qc Jd]
Seat 3: thumbsoff folded before Flop (didn't bet)
Seat 4: Faquill0 folded before Flop (didn't bet)
Seat 5: ripelnet (button) folded before Flop (didn't bet)
Seat 7: th340d (small blind) folded before Flop
Seat 8: RAAAAdik (big blind) showed [Jc 5h] and won ($0.92) with a straight, Ace to Five
Seat 9: holmes52711 folded before Flop (didn't bet)



PokerStars Hand #238435565490:  Hold'em No Limit ($0.02/$0.05 USD) - 2022/09/05 10:48:00 PT [2022/09/05 13:48:00 ET]
Table 'Alekto II' 9-max Seat #7 is the button
Seat 1: Dorex2007 ($5.17 in chips) 
Seat 2: supertoxotis ($5.62 in chips) 
Seat 3: thumbsoff ($5 in chips) 
Seat 4: Faquill0 ($7.78 in chips) 
Seat 5: ripelnet ($5 in chips) 
Seat 6: Gigue5301 ($3.68 in chips) 
Seat 7: th340d ($1.93 in chips) 
Seat 8: RAAAAdik ($5.85 in chips) 
Seat 9: holmes52711 ($5.34 in chips) 
RAAAAdik: posts small blind $0.02
holmes52711: posts big blind $0.05
Gigue5301: posts big blind $0.05
*** HOLE CARDS ***
Dealt to Dorex2007 [Kd 8c]
Dorex2007: folds 
supertoxotis: calls $0.05
thumbsoff: folds 
Faquill0: folds 
ripelnet: folds 
Gigue5301: raises $0.17 to $0.22
th340d: folds 
RAAAAdik: folds 
holmes52711: folds 
supertoxotis: folds 
Uncalled bet ($0.17) returned to Gigue5301
Gigue5301 collected $0.17 from pot
*** SUMMARY ***
Total pot $0.17 | Rake $0 
Seat 1: Dorex2007 folded before Flop (didn't bet)
Seat 2: supertoxotis folded before Flop
Seat 3: thumbsoff folded before Flop (didn't bet)
Seat 4: Faquill0 folded before Flop (didn't bet)
Seat 5: ripelnet folded before Flop (didn't bet)
Seat 6: Gigue5301 collected ($0.17)
Seat 7: th340d (button) folded before Flop (didn't bet)
Seat 8: RAAAAdik (small blind) folded before Flop
Seat 9: holmes52711 (big blind) folded before Flop



PokerStars Hand #238435577218:  Hold'em No Limit ($0.02/$0.05 USD) - 2022/09/05 10:48:31 PT [2022/09/05 13:48:31 ET]
Table 'Alekto II' 9-max Seat #8 is the button
Seat 1: Dorex2007 ($5.17 in chips) 
Seat 2: supertoxotis ($5.57 in chips) 
Seat 3: thumbsoff ($5 in chips) 
Seat 4: Faquill0 ($7.78 in chips) 
Seat 5: ripelnet ($5 in chips) 
Seat 6: Gigue5301 ($3.80 in chips) 
Seat 7: th340d ($1.93 in chips) 
Seat 8: RAAAAdik ($5.83 in chips) 
Seat 9: holmes52711 ($5.29 in chips) 
holmes52711: posts small blind $0.02
Dorex2007: posts big blind $0.05
*** HOLE CARDS ***
Dealt to Dorex2007 [Td Kc]
supertoxotis: folds 
thumbsoff: folds 
Faquill0: folds 
ripelnet: folds 
Gigue5301 is disconnected 
Gigue5301 has timed out while being disconnected
Gigue5301: folds 
th340d: folds 
RAAAAdik: folds 
holmes52711: calls $0.03
Dorex2007: checks 
*** FLOP *** [3c 9s 8s]
holmes52711: checks 
Dorex2007: checks 
*** TURN *** [3c 9s 8s] [Ah]
holmes52711: bets $0.05
Dorex2007: folds 
Uncalled bet ($0.05) returned to holmes52711
holmes52711 collected $0.10 from pot
*** SUMMARY ***
Total pot $0.10 | Rake $0 
Board [3c 9s 8s Ah]
Seat 1: Dorex2007 (big blind) folded on the Turn
Seat 2: supertoxotis folded before Flop (didn't bet)
Seat 3: thumbsoff folded before Flop (didn't bet)
Seat 4: Faquill0 folded before Flop (didn't bet)
Seat 5: ripelnet folded before Flop (didn't bet)
Seat 6: Gigue5301 folded before Flop (didn't bet)
Seat 7: th340d folded before Flop (didn't bet)
Seat 8: RAAAAdik (button) folded before Flop (didn't bet)
Seat 9: holmes52711 (small blind) collected ($0.10)



PokerStars Hand #238435592475:  Hold'em No Limit ($0.02/$0.05 USD) - 2022/09/05 10:49:11 PT [2022/09/05 13:49:11 ET]
Table 'Alekto II' 9-max Seat #9 is the button
Seat 1: Dorex2007 ($5.12 in chips) 
Seat 2: supertoxotis ($5.57 in chips) 
Seat 3: thumbsoff ($5 in chips) 
Seat 4: Faquill0 ($7.78 in chips) 
Seat 5: ripelnet ($5 in chips) 
Seat 7: th340d ($1.93 in chips) 
Seat 8: RAAAAdik ($5.83 in chips) 
Seat 9: holmes52711 ($5.34 in chips) 
Dorex2007: posts small blind $0.02
supertoxotis: posts big blind $0.05
*** HOLE CARDS ***
Dealt to Dorex2007 [As 3c]
thumbsoff: folds 
Faquill0: raises $0.07 to $0.12
ripelnet: folds 
th340d: folds 
RAAAAdik: folds 
holmes52711: folds 
Dorex2007: folds 
supertoxotis: folds 
Uncalled bet ($0.07) returned to Faquill0
Faquill0 collected $0.12 from pot
Faquill0: doesn't show hand 
*** SUMMARY ***
Total pot $0.12 | Rake $0 
Seat 1: Dorex2007 (small blind) folded before Flop
Seat 2: supertoxotis (big blind) folded before Flop
Seat 3: thumbsoff folded before Flop (didn't bet)
Seat 4: Faquill0 collected ($0.12)
Seat 5: ripelnet folded before Flop (didn't bet)
Seat 7: th340d folded before Flop (didn't bet)
Seat 8: RAAAAdik folded before Flop (didn't bet)
Seat 9: holmes52711 (button) folded before Flop (didn't bet)



PokerStars Hand #238435598207:  Hold'em No Limit ($0.02/$0.05 USD) - 2022/09/05 10:49:27 PT [2022/09/05 13:49:27 ET]
Table 'Alekto II' 9-max Seat #1 is the button
Seat 1: Dorex2007 ($5.10 in chips) 
Seat 2: supertoxotis ($5.52 in chips) 
Seat 3: thumbsoff ($5 in chips) 
Seat 4: Faquill0 ($7.85 in chips) 
Seat 5: ripelnet ($5 in chips) 
Seat 6: Gigue5301 ($3.80 in chips) 
Seat 7: th340d ($1.93 in chips) 
Seat 8: RAAAAdik ($5.83 in chips) 
Seat 9: holmes52711 ($5.34 in chips) 
supertoxotis: posts small blind $0.02
thumbsoff: posts big blind $0.05
*** HOLE CARDS ***
Dealt to Dorex2007 [5s Js]
Faquill0: folds 
ripelnet: folds 
Gigue5301: calls $0.05
th340d: folds 
RAAAAdik: folds 
holmes52711: folds 
Dorex2007: folds 
supertoxotis: folds 
thumbsoff: checks 
*** FLOP *** [8h Kc 7s]
thumbsoff: checks 
Gigue5301: bets $0.06
thumbsoff: folds 
Uncalled bet ($0.06) returned to Gigue5301
Gigue5301 collected $0.12 from pot
*** SUMMARY ***
Total pot $0.12 | Rake $0 
Board [8h Kc 7s]
Seat 1: Dorex2007 (button) folded before Flop (didn't bet)
Seat 2: supertoxotis (small blind) folded before Flop
Seat 3: thumbsoff (big blind) folded on the Flop
Seat 4: Faquill0 folded before Flop (didn't bet)
Seat 5: ripelnet folded before Flop (didn't bet)
Seat 6: Gigue5301 collected ($0.12)
Seat 7: th340d folded before Flop (didn't bet)
Seat 8: RAAAAdik folded before Flop (didn't bet)
Seat 9: holmes52711 folded before Flop (didn't bet)



PokerStars Hand #238435608298:  Hold'em No Limit ($0.02/$0.05 USD) - 2022/09/05 10:49:53 PT [2022/09/05 13:49:53 ET]
Table 'Alekto II' 9-max Seat #2 is the button
Seat 1: Dorex2007 ($5.10 in chips) 
Seat 2: supertoxotis ($5.50 in chips) 
Seat 3: thumbsoff ($5 in chips) 
Seat 4: Faquill0 ($7.85 in chips) 
Seat 5: ripelnet ($5 in chips) 
Seat 6: Gigue5301 ($3.87 in chips) 
Seat 7: th340d ($1.93 in chips) 
Seat 8: RAAAAdik ($5.83 in chips) 
Seat 9: holmes52711 ($5.34 in chips) 
thumbsoff: posts small blind $0.02
Faquill0: posts big blind $0.05
*** HOLE CARDS ***
Dealt to Dorex2007 [8d 9c]
ripelnet: folds 
Gigue5301: calls $0.05
th340d: folds 
RAAAAdik: folds 
holmes52711: folds 
Dorex2007: folds 
supertoxotis: calls $0.05
thumbsoff: folds 
Faquill0: raises $0.10 to $0.15
Gigue5301: calls $0.10
supertoxotis: calls $0.10
*** FLOP *** [7d 2s 4c]
Faquill0: checks 
Gigue5301: checks 
supertoxotis: checks 
*** TURN *** [7d 2s 4c] [Js]
Faquill0: checks 
Gigue5301: bets $0.05
supertoxotis: calls $0.05
Faquill0: calls $0.05
*** RIVER *** [7d 2s 4c Js] [3c]
Faquill0: checks 
Gigue5301: bets $0.05
supertoxotis: calls $0.05
Faquill0: calls $0.05
*** SHOW DOWN ***
Gigue5301: shows [Ad Kc] (high card Ace)
supertoxotis: shows [7c Kd] (a pair of Sevens)
Faquill0: mucks hand 
supertoxotis collected $0.74 from pot
*** SUMMARY ***
Total pot $0.77 | Rake $0.03 
Board [7d 2s 4c Js 3c]
Seat 1: Dorex2007 folded before Flop (didn't bet)
Seat 2: supertoxotis (button) showed [7c Kd] and won ($0.74) with a pair of Sevens
Seat 3: thumbsoff (small blind) folded before Flop
Seat 4: Faquill0 (big blind) mucked [Tc Kh]
Seat 5: ripelnet folded before Flop (didn't bet)
Seat 6: Gigue5301 showed [Ad Kc] and lost with high card Ace
Seat 7: th340d folded before Flop (didn't bet)
Seat 8: RAAAAdik folded before Flop (didn't bet)
Seat 9: holmes52711 folded before Flop (didn't bet)



PokerStars Hand #238435643506:  Hold'em No Limit ($0.02/$0.05 USD) - 2022/09/05 10:51:26 PT [2022/09/05 13:51:26 ET]
Table 'Alekto II' 9-max Seat #3 is the button
Seat 1: Dorex2007 ($5.10 in chips) 
Seat 2: supertoxotis ($5.99 in chips) 
Seat 3: thumbsoff ($5 in chips) 
Seat 4: Faquill0 ($7.60 in chips) 
Seat 5: ripelnet ($5 in chips) 
Seat 6: Gigue5301 ($3.62 in chips) 
Seat 7: th340d ($1.93 in chips) 
Seat 8: RAAAAdik ($5.83 in chips) 
Seat 9: holmes52711 ($5.34 in chips) 
Faquill0: posts small blind $0.02
ripelnet: posts big blind $0.05
*** HOLE CARDS ***
Dealt to Dorex2007 [8s Jh]
Gigue5301: calls $0.05
th340d: folds 
RAAAAdik: raises $0.17 to $0.22
holmes52711: folds 
Dorex2007: folds 
supertoxotis: folds 
thumbsoff: folds 
Faquill0: folds 
ripelnet: folds 
Gigue5301: calls $0.17
*** FLOP *** [Ts 2s 4h]
Gigue5301: checks 
RAAAAdik: bets $0.25
Gigue5301: folds 
Uncalled bet ($0.25) returned to RAAAAdik
RAAAAdik collected $0.49 from pot
RAAAAdik: doesn't show hand 
*** SUMMARY ***
Total pot $0.51 | Rake $0.02 
Board [Ts 2s 4h]
Seat 1: Dorex2007 folded before Flop (didn't bet)
Seat 2: supertoxotis folded before Flop (didn't bet)
Seat 3: thumbsoff (button) folded before Flop (didn't bet)
Seat 4: Faquill0 (small blind) folded before Flop
Seat 5: ripelnet (big blind) folded before Flop
Seat 6: Gigue5301 folded on the Flop
Seat 7: th340d folded before Flop (didn't bet)
Seat 8: RAAAAdik collected ($0.49)
Seat 9: holmes52711 folded before Flop (didn't bet)



PokerStars Hand #238435660504:  Hold'em No Limit ($0.02/$0.05 USD) - 2022/09/05 10:52:11 PT [2022/09/05 13:52:11 ET]
Table 'Alekto II' 9-max Seat #4 is the button
Seat 1: Dorex2007 ($5.10 in chips) 
Seat 2: supertoxotis ($5.99 in chips) 
Seat 3: thumbsoff ($5 in chips) 
Seat 4: Faquill0 ($7.58 in chips) 
Seat 5: ripelnet ($5 in chips) 
Seat 6: Gigue5301 ($3.40 in chips) 
Seat 7: th340d ($1.93 in chips) 
Seat 8: RAAAAdik ($6.10 in chips) 
Seat 9: holmes52711 ($5.34 in chips) 
ripelnet: posts small blind $0.02
Gigue5301: posts big blind $0.05
*** HOLE CARDS ***
Dealt to Dorex2007 [3h Kc]
th340d: folds 
RAAAAdik: folds 
holmes52711: folds 
Dorex2007: folds 
supertoxotis: raises $0.07 to $0.12
thumbsoff: folds 
Faquill0: folds 
ripelnet: folds 
Gigue5301: calls $0.07
*** FLOP *** [7d 8c 9h]
Gigue5301: checks 
supertoxotis: bets $0.05
Gigue5301: raises $3.23 to $3.28 and is all-in
supertoxotis: calls $3.23
*** TURN *** [7d 8c 9h] [4c]
*** RIVER *** [7d 8c 9h 4c] [As]
*** SHOW DOWN ***
Gigue5301: shows [9c Qc] (a pair of Nines)
supertoxotis: shows [Jd Tc] (a straight, Seven to Jack)
supertoxotis collected $6.54 from pot
*** SUMMARY ***
Total pot $6.82 | Rake $0.28 
Board [7d 8c 9h 4c As]
Seat 1: Dorex2007 folded before Flop (didn't bet)
Seat 2: supertoxotis showed [Jd Tc] and won ($6.54) with a straight, Seven to Jack
Seat 3: thumbsoff folded before Flop (didn't bet)
Seat 4: Faquill0 (button) folded before Flop (didn't bet)
Seat 5: ripelnet (small blind) folded before Flop
Seat 6: Gigue5301 (big blind) showed [9c Qc] and lost with a pair of Nines
Seat 7: th340d folded before Flop (didn't bet)
Seat 8: RAAAAdik folded before Flop (didn't bet)
Seat 9: holmes52711 folded before Flop (didn't bet)



PokerStars Hand #238435673999:  Hold'em No Limit ($0.02/$0.05 USD) - 2022/09/05 10:52:47 PT [2022/09/05 13:52:47 ET]
Table 'Alekto II' 9-max Seat #5 is the button
Seat 1: Dorex2007 ($5.10 in chips) 
Seat 2: supertoxotis ($9.13 in chips) 
Seat 3: thumbsoff ($5 in chips) 
Seat 4: Faquill0 ($7.58 in chips) 
Seat 5: ripelnet ($5 in chips) 
Seat 7: th340d ($1.93 in chips) 
Seat 8: RAAAAdik ($6.10 in chips) 
Seat 9: holmes52711 ($5.34 in chips) 
th340d: posts small blind $0.02
RAAAAdik: posts big blind $0.05
*** HOLE CARDS ***
Dealt to Dorex2007 [Qh Jh]
holmes52711: folds 
Gigue5301 leaves the table
Dorex2007: raises $0.10 to $0.15
supertoxotis: folds 
thumbsoff: folds 
Faquill0: raises $0.30 to $0.45
dankev888 joins the table at seat #6 
ripelnet: folds 
th340d: folds 
RAAAAdik: folds 
Dorex2007: folds 
Uncalled bet ($0.30) returned to Faquill0
Faquill0 collected $0.37 from pot
Faquill0: doesn't show hand 
*** SUMMARY ***
Total pot $0.37 | Rake $0 
Seat 1: Dorex2007 folded before Flop
Seat 2: supertoxotis folded before Flop (didn't bet)
Seat 3: thumbsoff folded before Flop (didn't bet)
Seat 4: Faquill0 collected ($0.37)
Seat 5: ripelnet (button) folded before Flop (didn't bet)
Seat 7: th340d (small blind) folded before Flop
Seat 8: RAAAAdik (big blind) folded before Flop
Seat 9: holmes52711 folded before Flop (didn't bet)



PokerStars Hand #238435690809:  Hold'em No Limit ($0.02/$0.05 USD) - 2022/09/05 10:53:32 PT [2022/09/05 13:53:32 ET]
Table 'Alekto II' 9-max Seat #7 is the button
Seat 1: Dorex2007 ($5 in chips) 
Seat 2: supertoxotis ($9.13 in chips) 
Seat 3: thumbsoff ($5 in chips) 
Seat 4: Faquill0 ($7.80 in chips) 
Seat 5: ripelnet ($5 in chips) 
Seat 7: th340d ($1.91 in chips) 
Seat 8: RAAAAdik ($6.05 in chips) 
Seat 9: holmes52711 ($5.34 in chips) 
RAAAAdik: posts small blind $0.02
holmes52711: posts big blind $0.05
dankev888: sits out 
*** HOLE CARDS ***
Dealt to Dorex2007 [4h Ts]
Dorex2007: folds 
supertoxotis: folds 
thumbsoff: raises $0.10 to $0.15
Faquill0: folds 
ripelnet: folds 
th340d: folds 
RAAAAdik: folds 
holmes52711: folds 
Uncalled bet ($0.10) returned to thumbsoff
thumbsoff collected $0.12 from pot
thumbsoff: doesn't show hand 
*** SUMMARY ***
Total pot $0.12 | Rake $0 
Seat 1: Dorex2007 folded before Flop (didn't bet)
Seat 2: supertoxotis folded before Flop (didn't bet)
Seat 3: thumbsoff collected ($0.12)
Seat 4: Faquill0 folded before Flop (didn't bet)
Seat 5: ripelnet folded before Flop (didn't bet)
Seat 7: th340d (button) folded before Flop (didn't bet)
Seat 8: RAAAAdik (small blind) folded before Flop
Seat 9: holmes52711 (big blind) folded before Flop



PokerStars Hand #238435704058:  Hold'em No Limit ($0.02/$0.05 USD) - 2022/09/05 10:54:07 PT [2022/09/05 13:54:07 ET]
Table 'Alekto II' 9-max Seat #8 is the button
Seat 1: Dorex2007 ($5 in chips) 
Seat 2: supertoxotis ($9.13 in chips) 
Seat 3: thumbsoff ($5.07 in chips) 
Seat 4: Faquill0 ($7.80 in chips) 
Seat 5: ripelnet ($5 in chips) 
Seat 7: th340d ($1.91 in chips) 
Seat 8: RAAAAdik ($6.03 in chips) 
Seat 9: holmes52711 ($5.29 in chips) 
holmes52711: posts small blind $0.02
Dorex2007: posts big blind $0.05
dankev888: sits out 
*** HOLE CARDS ***
Dealt to Dorex2007 [9h 3s]
supertoxotis: raises $0.10 to $0.15
thumbsoff: folds 
Faquill0: calls $0.15
ripelnet: folds 
th340d: folds 
RAAAAdik: folds 
holmes52711: folds 
Dorex2007: folds 
*** FLOP *** [Jd Qh 4h]
supertoxotis: bets $0.10
Faquill0: raises $0.28 to $0.38
supertoxotis: calls $0.28
*** TURN *** [Jd Qh 4h] [7d]
supertoxotis: checks 
Faquill0: bets $0.54
supertoxotis: calls $0.54
*** RIVER *** [Jd Qh 4h 7d] [8c]
supertoxotis: checks 
Faquill0: bets $0.64
supertoxotis: raises $7.42 to $8.06 and is all-in
Faquill0: folds 
Uncalled bet ($7.42) returned to supertoxotis
supertoxotis collected $3.35 from pot
*** SUMMARY ***
Total pot $3.49 | Rake $0.14 
Board [Jd Qh 4h 7d 8c]
Seat 1: Dorex2007 (big blind) folded before Flop
Seat 2: supertoxotis collected ($3.35)
Seat 3: thumbsoff folded before Flop (didn't bet)
Seat 4: Faquill0 folded on the River
Seat 5: ripelnet folded before Flop (didn't bet)
Seat 7: th340d folded before Flop (didn't bet)
Seat 8: RAAAAdik (button) folded before Flop (didn't bet)
Seat 9: holmes52711 (small blind) folded before Flop



PokerStars Hand #238435738929:  Hold'em No Limit ($0.02/$0.05 USD) - 2022/09/05 10:55:53 PT [2022/09/05 13:55:53 ET]
Table 'Alekto II' 9-max Seat #9 is the button
Seat 1: Dorex2007 ($5 in chips) 
Seat 2: supertoxotis ($10.77 in chips) 
Seat 3: thumbsoff ($5.07 in chips) 
Seat 4: Faquill0 ($6.09 in chips) 
Seat 5: ripelnet ($5 in chips) 
Seat 7: th340d ($1.91 in chips) 
Seat 8: RAAAAdik ($6.03 in chips) 
Seat 9: holmes52711 ($5.27 in chips) 
Dorex2007: posts small blind $0.02
supertoxotis: posts big blind $0.05
dankev888: sits out 
*** HOLE CARDS ***
Dealt to Dorex2007 [Kc 4c]
thumbsoff: folds 
Faquill0: folds 
ripelnet: folds 
th340d: folds 
RAAAAdik: raises $0.12 to $0.17
holmes52711: folds 
Dorex2007: folds 
supertoxotis: calls $0.12
*** FLOP *** [Kd 7d Ad]
supertoxotis: checks 
RAAAAdik: bets $0.17
supertoxotis: calls $0.17
*** TURN *** [Kd 7d Ad] [6h]
supertoxotis: checks 
RAAAAdik: bets $0.33
supertoxotis: calls $0.33
*** RIVER *** [Kd 7d Ad 6h] [7c]
supertoxotis: checks 
RAAAAdik: bets $0.35
supertoxotis: folds 
Uncalled bet ($0.35) returned to RAAAAdik
RAAAAdik collected $1.30 from pot
RAAAAdik: doesn't show hand 
*** SUMMARY ***
Total pot $1.36 | Rake $0.06 
Board [Kd 7d Ad 6h 7c]
Seat 1: Dorex2007 (small blind) folded before Flop
Seat 2: supertoxotis (big blind) folded on the River
Seat 3: thumbsoff folded before Flop (didn't bet)
Seat 4: Faquill0 folded before Flop (didn't bet)
Seat 5: ripelnet folded before Flop (didn't bet)
Seat 7: th340d folded before Flop (didn't bet)
Seat 8: RAAAAdik collected ($1.30)
Seat 9: holmes52711 (button) folded before Flop (didn't bet)



