PokerStars Hand #232893122590:  Hold'em No Limit ($0.01/$0.02 USD) - 2022/01/06 21:34:12 PT [2022/01/07 0:34:12 ET]
Table 'Erynia III' 9-max Seat #8 is the button
Seat 1: Guilhermanoo ($1.98 in chips) 
Seat 2: MartinGuidotti ($1.58 in chips) 
Seat 3: jpysc ($3.89 in chips) 
Seat 4: WilliamJBF ($1.04 in chips) 
Seat 5: Evil Panda22222 ($1.93 in chips) 
Seat 6: Dorex2007 ($2 in chips) 
Seat 8: prost09 ($2.11 in chips) 
Seat 9: 2700172 ($0.24 in chips) 
2700172: posts small blind $0.01
Guilhermanoo: posts big blind $0.02
Dorex2007: posts big blind $0.02
javucho_2011: sits out 
*** HOLE CARDS ***
Dealt to Dorex2007 [Jd 4h]
MartinGuidotti: folds 
jpysc: folds 
WilliamJBF: folds 
Evil Panda22222: folds 
Dorex2007: checks 
prost09: folds 
2700172: raises $0.02 to $0.04
Guilhermanoo: folds 
Dorex2007: folds 
Uncalled bet ($0.02) returned to 2700172
2700172 collected $0.06 from pot
2700172: doesn't show hand 
*** SUMMARY ***
Total pot $0.06 | Rake $0 
Seat 1: Guilhermanoo (big blind) folded before Flop
Seat 2: MartinGuidotti folded before Flop (didn't bet)
Seat 3: jpysc folded before Flop (didn't bet)
Seat 4: WilliamJBF folded before Flop (didn't bet)
Seat 5: Evil Panda22222 folded before Flop (didn't bet)
Seat 6: Dorex2007 folded before Flop (didn't bet)
Seat 8: prost09 (button) folded before Flop (didn't bet)
Seat 9: 2700172 (small blind) collected ($0.06)



PokerStars Hand #232893127833:  Hold'em No Limit ($0.01/$0.02 USD) - 2022/01/06 21:34:44 PT [2022/01/07 0:34:44 ET]
Table 'Erynia III' 9-max Seat #9 is the button
Seat 1: Guilhermanoo ($1.96 in chips) 
Seat 2: MartinGuidotti ($1.58 in chips) 
Seat 3: jpysc ($3.89 in chips) 
Seat 4: WilliamJBF ($1.04 in chips) 
Seat 5: Evil Panda22222 ($1.93 in chips) 
Seat 6: Dorex2007 ($2 in chips) 
Seat 7: javucho_2011 ($1.30 in chips) 
Seat 8: prost09 ($2.11 in chips) 
Seat 9: 2700172 ($0.28 in chips) 
Guilhermanoo: posts small blind $0.01
MartinGuidotti: posts big blind $0.02
javucho_2011: posts small blind $0.01
*** HOLE CARDS ***
Dealt to Dorex2007 [Qc Kd]
jpysc: folds 
WilliamJBF: folds 
Evil Panda22222: folds 
Dorex2007: calls $0.02
javucho_2011: raises $0.06 to $0.08
prost09: folds 
2700172: folds 
Guilhermanoo: folds 
MartinGuidotti: calls $0.06
Dorex2007: folds 
*** FLOP *** [9s 7c Td]
MartinGuidotti: bets $0.19
javucho_2011: raises $1.02 to $1.21 and is all-in
MartinGuidotti: calls $1.02
*** TURN *** [9s 7c Td] [Jd]
*** RIVER *** [9s 7c Td Jd] [5d]
*** SHOW DOWN ***
MartinGuidotti: shows [Kc Ac] (high card Ace)
javucho_2011: shows [Qd Qh] (a pair of Queens)
javucho_2011 collected $2.53 from pot
*** SUMMARY ***
Total pot $2.62 | Rake $0.09 
Board [9s 7c Td Jd 5d]
Seat 1: Guilhermanoo (small blind) folded before Flop
Seat 2: MartinGuidotti (big blind) showed [Kc Ac] and lost with high card Ace
Seat 3: jpysc folded before Flop (didn't bet)
Seat 4: WilliamJBF folded before Flop (didn't bet)
Seat 5: Evil Panda22222 folded before Flop (didn't bet)
Seat 6: Dorex2007 folded before Flop
Seat 7: javucho_2011 showed [Qd Qh] and won ($2.53) with a pair of Queens
Seat 8: prost09 folded before Flop (didn't bet)
Seat 9: 2700172 (button) folded before Flop (didn't bet)



PokerStars Hand #232893139326:  Hold'em No Limit ($0.01/$0.02 USD) - 2022/01/06 21:35:57 PT [2022/01/07 0:35:57 ET]
Table 'Erynia III' 9-max Seat #1 is the button
Seat 1: Guilhermanoo ($1.95 in chips) 
Seat 2: MartinGuidotti ($0.29 in chips) 
Seat 3: jpysc ($3.89 in chips) 
Seat 4: WilliamJBF ($1.04 in chips) 
Seat 5: Evil Panda22222 ($1.93 in chips) 
Seat 6: Dorex2007 ($2 in chips) 
Seat 7: javucho_2011 ($2.53 in chips) 
Seat 8: prost09 ($2.11 in chips) 
Seat 9: 2700172 ($0.28 in chips) 
MartinGuidotti: posts small blind $0.01
jpysc: posts big blind $0.02
*** HOLE CARDS ***
Dealt to Dorex2007 [Jh 9d]
WilliamJBF: folds 
Evil Panda22222: folds 
Dorex2007: folds 
javucho_2011: raises $0.04 to $0.06
prost09: folds 
2700172: folds 
Guilhermanoo: folds 
MartinGuidotti: folds 
jpysc: folds 
Uncalled bet ($0.04) returned to javucho_2011
javucho_2011 collected $0.05 from pot
javucho_2011: doesn't show hand 
*** SUMMARY ***
Total pot $0.05 | Rake $0 
Seat 1: Guilhermanoo (button) folded before Flop (didn't bet)
Seat 2: MartinGuidotti (small blind) folded before Flop
Seat 3: jpysc (big blind) folded before Flop
Seat 4: WilliamJBF folded before Flop (didn't bet)
Seat 5: Evil Panda22222 folded before Flop (didn't bet)
Seat 6: Dorex2007 folded before Flop (didn't bet)
Seat 7: javucho_2011 collected ($0.05)
Seat 8: prost09 folded before Flop (didn't bet)
Seat 9: 2700172 folded before Flop (didn't bet)



PokerStars Hand #232893142850:  Hold'em No Limit ($0.01/$0.02 USD) - 2022/01/06 21:36:19 PT [2022/01/07 0:36:19 ET]
Table 'Erynia III' 9-max Seat #2 is the button
Seat 2: MartinGuidotti ($0.28 in chips) 
Seat 3: jpysc ($3.87 in chips) 
Seat 4: WilliamJBF ($1.04 in chips) 
Seat 5: Evil Panda22222 ($1.93 in chips) 
Seat 6: Dorex2007 ($2 in chips) 
Seat 7: javucho_2011 ($2.56 in chips) 
Seat 8: prost09 ($2.11 in chips) 
Seat 9: 2700172 ($0.28 in chips) 
jpysc: posts small blind $0.01
WilliamJBF: posts big blind $0.02
*** HOLE CARDS ***
Dealt to Dorex2007 [7h Jh]
Evil Panda22222: folds 
Dorex2007: folds 
javucho_2011: folds 
prost09: folds 
2700172: folds 
MartinGuidotti: folds 
jpysc: folds 
Uncalled bet ($0.01) returned to WilliamJBF
WilliamJBF collected $0.02 from pot
*** SUMMARY ***
Total pot $0.02 | Rake $0 
Seat 2: MartinGuidotti (button) folded before Flop (didn't bet)
Seat 3: jpysc (small blind) folded before Flop
Seat 4: WilliamJBF (big blind) collected ($0.02)
Seat 5: Evil Panda22222 folded before Flop (didn't bet)
Seat 6: Dorex2007 folded before Flop (didn't bet)
Seat 7: javucho_2011 folded before Flop (didn't bet)
Seat 8: prost09 folded before Flop (didn't bet)
Seat 9: 2700172 folded before Flop (didn't bet)



PokerStars Hand #232893144814:  Hold'em No Limit ($0.01/$0.02 USD) - 2022/01/06 21:36:32 PT [2022/01/07 0:36:32 ET]
Table 'Erynia III' 9-max Seat #3 is the button
Seat 2: MartinGuidotti ($0.28 in chips) 
Seat 3: jpysc ($3.86 in chips) 
Seat 4: WilliamJBF ($1.05 in chips) 
Seat 5: Evil Panda22222 ($1.93 in chips) 
Seat 6: Dorex2007 ($2 in chips) 
Seat 7: javucho_2011 ($2.56 in chips) 
Seat 8: prost09 ($2.11 in chips) 
Seat 9: 2700172 ($0.28 in chips) 
WilliamJBF: posts small blind $0.01
Evil Panda22222: posts big blind $0.02
*** HOLE CARDS ***
Dealt to Dorex2007 [3c 3h]
Dorex2007: calls $0.02
javucho_2011: folds 
prost09: folds 
2700172: folds 
MartinGuidotti: folds 
jpysc: raises $0.04 to $0.06
WilliamJBF: folds 
Evil Panda22222: folds 
Dorex2007: calls $0.04
*** FLOP *** [4d 8h 5h]
Dorex2007: checks 
jpysc: bets $0.07
Dorex2007: raises $0.09 to $0.16
jpysc: calls $0.09
*** TURN *** [4d 8h 5h] [Qc]
Dorex2007: checks 
jpysc: bets $0.23
Dorex2007: folds 
Uncalled bet ($0.23) returned to jpysc
jpysc collected $0.45 from pot
*** SUMMARY ***
Total pot $0.47 | Rake $0.02 
Board [4d 8h 5h Qc]
Seat 2: MartinGuidotti folded before Flop (didn't bet)
Seat 3: jpysc (button) collected ($0.45)
Seat 4: WilliamJBF (small blind) folded before Flop
Seat 5: Evil Panda22222 (big blind) folded before Flop
Seat 6: Dorex2007 folded on the Turn
Seat 7: javucho_2011 folded before Flop (didn't bet)
Seat 8: prost09 folded before Flop (didn't bet)
Seat 9: 2700172 folded before Flop (didn't bet)



PokerStars Hand #232893152217:  Hold'em No Limit ($0.01/$0.02 USD) - 2022/01/06 21:37:17 PT [2022/01/07 0:37:17 ET]
Table 'Erynia III' 9-max Seat #4 is the button
Seat 2: MartinGuidotti ($0.28 in chips) 
Seat 3: jpysc ($4.09 in chips) 
Seat 4: WilliamJBF ($1.04 in chips) 
Seat 5: Evil Panda22222 ($1.91 in chips) 
Seat 6: Dorex2007 ($2 in chips) 
Seat 7: javucho_2011 ($2.56 in chips) 
Seat 8: prost09 ($2.11 in chips) 
Seat 9: 2700172 ($0.28 in chips) 
Evil Panda22222: posts small blind $0.01
Dorex2007: posts big blind $0.02
*** HOLE CARDS ***
Dealt to Dorex2007 [Kd 2h]
javucho_2011: raises $0.04 to $0.06
prost09: folds 
2700172: folds 
MartinGuidotti: folds 
jpysc: folds 
WilliamJBF: folds 
Evil Panda22222: folds 
Dorex2007: folds 
Uncalled bet ($0.04) returned to javucho_2011
javucho_2011 collected $0.05 from pot
javucho_2011: doesn't show hand 
*** SUMMARY ***
Total pot $0.05 | Rake $0 
Seat 2: MartinGuidotti folded before Flop (didn't bet)
Seat 3: jpysc folded before Flop (didn't bet)
Seat 4: WilliamJBF (button) folded before Flop (didn't bet)
Seat 5: Evil Panda22222 (small blind) folded before Flop
Seat 6: Dorex2007 (big blind) folded before Flop
Seat 7: javucho_2011 collected ($0.05)
Seat 8: prost09 folded before Flop (didn't bet)
Seat 9: 2700172 folded before Flop (didn't bet)



PokerStars Hand #232893155836:  Hold'em No Limit ($0.01/$0.02 USD) - 2022/01/06 21:37:40 PT [2022/01/07 0:37:40 ET]
Table 'Erynia III' 9-max Seat #5 is the button
Seat 2: MartinGuidotti ($0.28 in chips) 
Seat 3: jpysc ($4.09 in chips) 
Seat 4: WilliamJBF ($1.04 in chips) 
Seat 5: Evil Panda22222 ($1.90 in chips) 
Seat 6: Dorex2007 ($2 in chips) 
Seat 7: javucho_2011 ($2.59 in chips) 
Seat 8: prost09 ($2.11 in chips) 
Seat 9: 2700172 ($0.28 in chips) 
Dorex2007: posts small blind $0.01
javucho_2011: posts big blind $0.02
*** HOLE CARDS ***
Dealt to Dorex2007 [2c 6h]
prost09: folds 
2700172: raises $0.02 to $0.04
MartinGuidotti: folds 
jpysc: folds 
WilliamJBF: calls $0.04
Evil Panda22222: folds 
Dorex2007: folds 
javucho_2011: calls $0.02
*** FLOP *** [Ad 9d Kd]
javucho_2011: checks 
2700172: bets $0.04
WilliamJBF: folds 
javucho_2011: calls $0.04
*** TURN *** [Ad 9d Kd] [9s]
javucho_2011: bets $0.13
2700172: folds 
Uncalled bet ($0.13) returned to javucho_2011
javucho_2011 collected $0.20 from pot
javucho_2011: doesn't show hand 
*** SUMMARY ***
Total pot $0.21 | Rake $0.01 
Board [Ad 9d Kd 9s]
Seat 2: MartinGuidotti folded before Flop (didn't bet)
Seat 3: jpysc folded before Flop (didn't bet)
Seat 4: WilliamJBF folded on the Flop
Seat 5: Evil Panda22222 (button) folded before Flop (didn't bet)
Seat 6: Dorex2007 (small blind) folded before Flop
Seat 7: javucho_2011 (big blind) collected ($0.20)
Seat 8: prost09 folded before Flop (didn't bet)
Seat 9: 2700172 folded on the Turn



PokerStars Hand #232893165010:  Hold'em No Limit ($0.01/$0.02 USD) - 2022/01/06 21:38:37 PT [2022/01/07 0:38:37 ET]
Table 'Erynia III' 9-max Seat #6 is the button
Seat 2: MartinGuidotti ($0.28 in chips) 
Seat 3: jpysc ($4.09 in chips) 
Seat 4: WilliamJBF ($1 in chips) 
Seat 5: Evil Panda22222 ($1.90 in chips) 
Seat 6: Dorex2007 ($2 in chips) 
Seat 7: javucho_2011 ($2.71 in chips) 
Seat 8: prost09 ($2.11 in chips) 
Seat 9: 2700172 ($0.20 in chips) 
javucho_2011: posts small blind $0.01
prost09: posts big blind $0.02
*** HOLE CARDS ***
Dealt to Dorex2007 [Td 5s]
2700172: folds 
MartinGuidotti: calls $0.02
jpysc: folds 
WilliamJBF: folds 
Evil Panda22222: calls $0.02
Dorex2007: folds 
javucho_2011: calls $0.01
prost09: checks 
*** FLOP *** [7d 2h 8s]
javucho_2011: bets $0.02
prost09: folds 
MartinGuidotti: folds 
Evil Panda22222: calls $0.02
*** TURN *** [7d 2h 8s] [6s]
javucho_2011: bets $0.06
Evil Panda22222: folds 
Uncalled bet ($0.06) returned to javucho_2011
javucho_2011 collected $0.12 from pot
javucho_2011: doesn't show hand 
*** SUMMARY ***
Total pot $0.12 | Rake $0 
Board [7d 2h 8s 6s]
Seat 2: MartinGuidotti folded on the Flop
Seat 3: jpysc folded before Flop (didn't bet)
Seat 4: WilliamJBF folded before Flop (didn't bet)
Seat 5: Evil Panda22222 folded on the Turn
Seat 6: Dorex2007 (button) folded before Flop (didn't bet)
Seat 7: javucho_2011 (small blind) collected ($0.12)
Seat 8: prost09 (big blind) folded on the Flop
Seat 9: 2700172 folded before Flop (didn't bet)



PokerStars Hand #232893174484:  Hold'em No Limit ($0.01/$0.02 USD) - 2022/01/06 21:39:37 PT [2022/01/07 0:39:37 ET]
Table 'Erynia III' 9-max Seat #7 is the button
Seat 2: MartinGuidotti ($0.26 in chips) 
Seat 3: jpysc ($4.09 in chips) 
Seat 4: WilliamJBF ($1 in chips) 
Seat 5: Evil Panda22222 ($1.86 in chips) 
Seat 6: Dorex2007 ($2 in chips) 
Seat 7: javucho_2011 ($2.79 in chips) 
Seat 8: prost09 ($2.09 in chips) 
Seat 9: 2700172 ($0.20 in chips) 
prost09: posts small blind $0.01
2700172: posts big blind $0.02
*** HOLE CARDS ***
Dealt to Dorex2007 [Td 3d]
MartinGuidotti: folds 
jpysc has timed out
jpysc: folds 
WilliamJBF: folds 
Evil Panda22222: folds 
Dorex2007: folds 
javucho_2011: folds 
prost09: calls $0.01
2700172: checks 
*** FLOP *** [5s 5h Jc]
prost09: bets $0.03
2700172: folds 
Uncalled bet ($0.03) returned to prost09
prost09 collected $0.04 from pot
prost09: doesn't show hand 
*** SUMMARY ***
Total pot $0.04 | Rake $0 
Board [5s 5h Jc]
Seat 2: MartinGuidotti folded before Flop (didn't bet)
Seat 3: jpysc folded before Flop (didn't bet)
Seat 4: WilliamJBF folded before Flop (didn't bet)
Seat 5: Evil Panda22222 folded before Flop (didn't bet)
Seat 6: Dorex2007 folded before Flop (didn't bet)
Seat 7: javucho_2011 (button) folded before Flop (didn't bet)
Seat 8: prost09 (small blind) collected ($0.04)
Seat 9: 2700172 (big blind) folded on the Flop



PokerStars Hand #232893179362:  Hold'em No Limit ($0.01/$0.02 USD) - 2022/01/06 21:40:07 PT [2022/01/07 0:40:07 ET]
Table 'Erynia III' 9-max Seat #8 is the button
Seat 2: MartinGuidotti ($0.26 in chips) 
Seat 4: WilliamJBF ($1 in chips) 
Seat 5: Evil Panda22222 ($1.86 in chips) 
Seat 6: Dorex2007 ($2 in chips) 
Seat 7: javucho_2011 ($2.79 in chips) 
Seat 8: prost09 ($2.11 in chips) 
Seat 9: 2700172 ($0.18 in chips) 
2700172: posts small blind $0.01
MartinGuidotti: posts big blind $0.02
*** HOLE CARDS ***
Dealt to Dorex2007 [Qh Ts]
WilliamJBF: folds 
Evil Panda22222: folds 
Dorex2007: raises $0.02 to $0.04
javucho_2011: folds 
prost09: folds 
2700172: calls $0.03
MartinGuidotti: raises $0.02 to $0.06
Dorex2007: calls $0.02
2700172: calls $0.02
*** FLOP *** [5c Jh Th]
2700172: checks 
MartinGuidotti: bets $0.09
Dorex2007: calls $0.09
2700172: folds 
*** TURN *** [5c Jh Th] [7h]
MartinGuidotti: bets $0.11 and is all-in
Dorex2007: calls $0.11
*** RIVER *** [5c Jh Th 7h] [6c]
*** SHOW DOWN ***
MartinGuidotti: shows [Ks Ah] (high card Ace)
Dorex2007: shows [Qh Ts] (a pair of Tens)
Dorex2007 collected $0.56 from pot
*** SUMMARY ***
Total pot $0.58 | Rake $0.02 
Board [5c Jh Th 7h 6c]
Seat 2: MartinGuidotti (big blind) showed [Ks Ah] and lost with high card Ace
Seat 4: WilliamJBF folded before Flop (didn't bet)
Seat 5: Evil Panda22222 folded before Flop (didn't bet)
Seat 6: Dorex2007 showed [Qh Ts] and won ($0.56) with a pair of Tens
Seat 7: javucho_2011 folded before Flop (didn't bet)
Seat 8: prost09 (button) folded before Flop (didn't bet)
Seat 9: 2700172 (small blind) folded on the Flop



PokerStars Hand #232893191019:  Hold'em No Limit ($0.01/$0.02 USD) - 2022/01/06 21:41:21 PT [2022/01/07 0:41:21 ET]
Table 'Erynia III' 9-max Seat #9 is the button
Seat 3: jpysc ($4.09 in chips) 
Seat 4: WilliamJBF ($1 in chips) 
Seat 5: Evil Panda22222 ($1.86 in chips) 
Seat 6: Dorex2007 ($2.30 in chips) 
Seat 7: javucho_2011 ($2.79 in chips) 
Seat 8: prost09 ($2.11 in chips) 
Seat 9: 2700172 ($0.12 in chips) 
jpysc: posts small blind $0.01
WilliamJBF: posts big blind $0.02
*** HOLE CARDS ***
Dealt to Dorex2007 [Ac 4c]
Evil Panda22222 has timed out
Evil Panda22222: folds 
Dorex2007: calls $0.02
javucho_2011: folds 
MartinGuidotti leaves the table
prost09: folds 
2700172: folds 
jpysc: raises $0.06 to $0.08
WilliamJBF: folds 
Dorex2007: folds 
Uncalled bet ($0.06) returned to jpysc
jpysc collected $0.06 from pot
*** SUMMARY ***
Total pot $0.06 | Rake $0 
Seat 3: jpysc (small blind) collected ($0.06)
Seat 4: WilliamJBF (big blind) folded before Flop
Seat 5: Evil Panda22222 folded before Flop (didn't bet)
Seat 6: Dorex2007 folded before Flop
Seat 7: javucho_2011 folded before Flop (didn't bet)
Seat 8: prost09 folded before Flop (didn't bet)
Seat 9: 2700172 (button) folded before Flop (didn't bet)



PokerStars Hand #232893203839:  Hold'em No Limit ($0.01/$0.02 USD) - 2022/01/06 21:41:55 PT [2022/01/07 0:41:55 ET]
Table 'Erynia III' 9-max Seat #3 is the button
Seat 3: jpysc ($4.13 in chips) 
Seat 4: WilliamJBF ($0.98 in chips) 
Seat 5: Evil Panda22222 ($1.86 in chips) 
Seat 6: Dorex2007 ($2.28 in chips) 
Seat 7: javucho_2011 ($2.79 in chips) 
Seat 8: prost09 ($2.11 in chips) 
Seat 9: 2700172 ($0.12 in chips) 
WilliamJBF: posts small blind $0.01
Evil Panda22222: posts big blind $0.02
*** HOLE CARDS ***
Dealt to Dorex2007 [5h Jd]
jose nasser joins the table at seat #2 
Dorex2007: folds 
javucho_2011: raises $0.04 to $0.06
prost09: folds 
2700172: folds 
jpysc: raises $0.15 to $0.21
WilliamJBF: folds 
Evil Panda22222: folds 
javucho_2011: folds 
Uncalled bet ($0.15) returned to jpysc
jpysc collected $0.15 from pot
*** SUMMARY ***
Total pot $0.15 | Rake $0 
Seat 3: jpysc (button) collected ($0.15)
Seat 4: WilliamJBF (small blind) folded before Flop
Seat 5: Evil Panda22222 (big blind) folded before Flop
Seat 6: Dorex2007 folded before Flop (didn't bet)
Seat 7: javucho_2011 folded before Flop
Seat 8: prost09 folded before Flop (didn't bet)
Seat 9: 2700172 folded before Flop (didn't bet)



PokerStars Hand #232893206825:  Hold'em No Limit ($0.01/$0.02 USD) - 2022/01/06 21:42:15 PT [2022/01/07 0:42:15 ET]
Table 'Erynia III' 9-max Seat #4 is the button
Seat 2: jose nasser ($0.80 in chips) 
Seat 3: jpysc ($4.22 in chips) 
Seat 4: WilliamJBF ($0.97 in chips) 
Seat 5: Evil Panda22222 ($1.84 in chips) 
Seat 6: Dorex2007 ($2.28 in chips) 
Seat 7: javucho_2011 ($2.73 in chips) 
Seat 8: prost09 ($2.11 in chips) 
Seat 9: 2700172 ($0.12 in chips) 
Evil Panda22222: posts small blind $0.01
Dorex2007: posts big blind $0.02
jose nasser: posts big blind $0.02
*** HOLE CARDS ***
Dealt to Dorex2007 [3c 4d]
javucho_2011: folds 
prost09: folds 
2700172: folds 
jose nasser: checks 
jpysc: raises $0.06 to $0.08
WilliamJBF: folds 
Evil Panda22222: folds 
Dorex2007: folds 
jose nasser: folds 
Uncalled bet ($0.06) returned to jpysc
jpysc collected $0.07 from pot
*** SUMMARY ***
Total pot $0.07 | Rake $0 
Seat 2: jose nasser folded before Flop (didn't bet)
Seat 3: jpysc collected ($0.07)
Seat 4: WilliamJBF (button) folded before Flop (didn't bet)
Seat 5: Evil Panda22222 (small blind) folded before Flop
Seat 6: Dorex2007 (big blind) folded before Flop
Seat 7: javucho_2011 folded before Flop (didn't bet)
Seat 8: prost09 folded before Flop (didn't bet)
Seat 9: 2700172 folded before Flop (didn't bet)



PokerStars Hand #232893211750:  Hold'em No Limit ($0.01/$0.02 USD) - 2022/01/06 21:42:46 PT [2022/01/07 0:42:46 ET]
Table 'Erynia III' 9-max Seat #5 is the button
Seat 2: jose nasser ($0.78 in chips) 
Seat 3: jpysc ($4.27 in chips) 
Seat 4: WilliamJBF ($0.97 in chips) 
Seat 5: Evil Panda22222 ($1.83 in chips) 
Seat 6: Dorex2007 ($2.26 in chips) 
Seat 7: javucho_2011 ($2.73 in chips) 
Seat 8: prost09 ($2.11 in chips) 
Seat 9: 2700172 ($0.12 in chips) 
Dorex2007: posts small blind $0.01
javucho_2011: posts big blind $0.02
*** HOLE CARDS ***
Dealt to Dorex2007 [8d Ah]
prost09: folds 
2700172: folds 
jose nasser has timed out
jose nasser: folds 
jpysc: folds 
WilliamJBF: raises $0.04 to $0.06
Evil Panda22222: folds 
Dorex2007: folds 
javucho_2011: calls $0.04
*** FLOP *** [6c 7d Kc]
javucho_2011: bets $0.08
WilliamJBF: folds 
Uncalled bet ($0.08) returned to javucho_2011
javucho_2011 collected $0.13 from pot
javucho_2011: doesn't show hand 
*** SUMMARY ***
Total pot $0.13 | Rake $0 
Board [6c 7d Kc]
Seat 2: jose nasser folded before Flop (didn't bet)
Seat 3: jpysc folded before Flop (didn't bet)
Seat 4: WilliamJBF folded on the Flop
Seat 5: Evil Panda22222 (button) folded before Flop (didn't bet)
Seat 6: Dorex2007 (small blind) folded before Flop
Seat 7: javucho_2011 (big blind) collected ($0.13)
Seat 8: prost09 folded before Flop (didn't bet)
Seat 9: 2700172 folded before Flop (didn't bet)



PokerStars Hand #232893221496:  Hold'em No Limit ($0.01/$0.02 USD) - 2022/01/06 21:43:49 PT [2022/01/07 0:43:49 ET]
Table 'Erynia III' 9-max Seat #6 is the button
Seat 2: jose nasser ($0.78 in chips) 
Seat 3: jpysc ($4.27 in chips) 
Seat 4: WilliamJBF ($0.91 in chips) 
Seat 5: Evil Panda22222 ($1.83 in chips) 
Seat 6: Dorex2007 ($2.25 in chips) 
Seat 7: javucho_2011 ($2.80 in chips) 
Seat 9: 2700172 ($0.12 in chips) 
javucho_2011: posts small blind $0.01
prost09: is sitting out 
2700172: posts big blind $0.02
Guilhermanoo: sits out 
*** HOLE CARDS ***
Dealt to Dorex2007 [4c 5c]
jose nasser: calls $0.02
jpysc: calls $0.02
WilliamJBF: raises $0.02 to $0.04
Evil Panda22222: folds 
Dorex2007: folds 
javucho_2011: folds 
2700172: folds 
jose nasser: calls $0.02
jpysc: calls $0.02
*** FLOP *** [As 9c Ah]
jose nasser: checks 
jpysc: checks 
WilliamJBF: bets $0.07
jose nasser: folds 
jpysc: folds 
Uncalled bet ($0.07) returned to WilliamJBF
WilliamJBF collected $0.14 from pot
*** SUMMARY ***
Total pot $0.15 | Rake $0.01 
Board [As 9c Ah]
Seat 2: jose nasser folded on the Flop
Seat 3: jpysc folded on the Flop
Seat 4: WilliamJBF collected ($0.14)
Seat 5: Evil Panda22222 folded before Flop (didn't bet)
Seat 6: Dorex2007 (button) folded before Flop (didn't bet)
Seat 7: javucho_2011 (small blind) folded before Flop
Seat 9: 2700172 (big blind) folded before Flop



PokerStars Hand #232893234497:  Hold'em No Limit ($0.01/$0.02 USD) - 2022/01/06 21:45:10 PT [2022/01/07 0:45:10 ET]
Table 'Erynia III' 9-max Seat #7 is the button
Seat 1: Guilhermanoo ($1.95 in chips) 
Seat 2: jose nasser ($0.74 in chips) 
Seat 3: jpysc ($4.23 in chips) 
Seat 4: WilliamJBF ($1.01 in chips) 
Seat 5: Evil Panda22222 ($1.83 in chips) 
Seat 6: Dorex2007 ($2.25 in chips) 
Seat 7: javucho_2011 ($2.79 in chips) 
Seat 9: 2700172 ($0.10 in chips) 
2700172: posts small blind $0.01
Guilhermanoo: posts big blind $0.02
*** HOLE CARDS ***
Dealt to Dorex2007 [2d 6h]
jose nasser: calls $0.02
jpysc: folds 
WilliamJBF: folds 
Evil Panda22222: calls $0.02
Dorex2007: folds 
javucho_2011: folds 
2700172: folds 
Guilhermanoo: checks 
*** FLOP *** [7s 8s Kd]
Guilhermanoo: checks 
jose nasser: checks 
Evil Panda22222: checks 
*** TURN *** [7s 8s Kd] [Ks]
Guilhermanoo: checks 
jose nasser: checks 
Evil Panda22222: bets $0.06
Guilhermanoo: folds 
jose nasser: folds 
Uncalled bet ($0.06) returned to Evil Panda22222
Evil Panda22222 collected $0.07 from pot
*** SUMMARY ***
Total pot $0.07 | Rake $0 
Board [7s 8s Kd Ks]
Seat 1: Guilhermanoo (big blind) folded on the Turn
Seat 2: jose nasser folded on the Turn
Seat 3: jpysc folded before Flop (didn't bet)
Seat 4: WilliamJBF folded before Flop (didn't bet)
Seat 5: Evil Panda22222 collected ($0.07)
Seat 6: Dorex2007 folded before Flop (didn't bet)
Seat 7: javucho_2011 (button) folded before Flop (didn't bet)
Seat 9: 2700172 (small blind) folded before Flop



PokerStars Hand #232893242012:  Hold'em No Limit ($0.01/$0.02 USD) - 2022/01/06 21:45:57 PT [2022/01/07 0:45:57 ET]
Table 'Erynia III' 9-max Seat #1 is the button
Seat 1: Guilhermanoo ($1.93 in chips) 
Seat 2: jose nasser ($0.72 in chips) 
Seat 3: jpysc ($4.23 in chips) 
Seat 4: WilliamJBF ($1.01 in chips) 
Seat 5: Evil Panda22222 ($1.88 in chips) 
Seat 6: Dorex2007 ($2.25 in chips) 
Seat 7: javucho_2011 ($2.79 in chips) 
jose nasser: posts small blind $0.01
jpysc: posts big blind $0.02
*** HOLE CARDS ***
Dealt to Dorex2007 [As 9s]
WilliamJBF: folds 
Evil Panda22222: folds 
Dorex2007: raises $0.02 to $0.04
javucho_2011: folds 
Guilhermanoo: folds 
jose nasser: calls $0.03
jpysc: folds 
*** FLOP *** [Kd 4h 7s]
jose nasser: checks 
Dorex2007: checks 
*** TURN *** [Kd 4h 7s] [8d]
jose nasser: checks 
Dorex2007: bets $0.07
jose nasser: calls $0.07
*** RIVER *** [Kd 4h 7s 8d] [3d]
jose nasser: checks 
Dorex2007: bets $0.12
jose nasser: folds 
Uncalled bet ($0.12) returned to Dorex2007
Dorex2007 collected $0.23 from pot
Dorex2007: doesn't show hand 
*** SUMMARY ***
Total pot $0.24 | Rake $0.01 
Board [Kd 4h 7s 8d 3d]
Seat 1: Guilhermanoo (button) folded before Flop (didn't bet)
Seat 2: jose nasser (small blind) folded on the River
Seat 3: jpysc (big blind) folded before Flop
Seat 4: WilliamJBF folded before Flop (didn't bet)
Seat 5: Evil Panda22222 folded before Flop (didn't bet)
Seat 6: Dorex2007 collected ($0.23)
Seat 7: javucho_2011 folded before Flop (didn't bet)



PokerStars Hand #232893253773:  Hold'em No Limit ($0.01/$0.02 USD) - 2022/01/06 21:46:57 PT [2022/01/07 0:46:57 ET]
Table 'Erynia III' 9-max Seat #2 is the button
Seat 1: Guilhermanoo ($1.93 in chips) 
Seat 2: jose nasser ($0.61 in chips) 
Seat 3: jpysc ($4.21 in chips) 
Seat 4: WilliamJBF ($1.01 in chips) 
Seat 5: Evil Panda22222 ($1.88 in chips) 
Seat 6: Dorex2007 ($2.37 in chips) 
Seat 7: javucho_2011 ($2.79 in chips) 
jpysc: posts small blind $0.01
WilliamJBF: posts big blind $0.02
*** HOLE CARDS ***
Dealt to Dorex2007 [7s 2s]
Evil Panda22222: folds 
Dorex2007: folds 
javucho_2011: folds 
Guilhermanoo: raises $0.04 to $0.06
jose nasser: raises $0.06 to $0.12
jpysc: folds 
WilliamJBF: folds 
Guilhermanoo: calls $0.06
*** FLOP *** [Js Qc Th]
Guilhermanoo: checks 
jose nasser: bets $0.26
Guilhermanoo: folds 
Uncalled bet ($0.26) returned to jose nasser
jose nasser collected $0.26 from pot
jose nasser: doesn't show hand 
*** SUMMARY ***
Total pot $0.27 | Rake $0.01 
Board [Js Qc Th]
Seat 1: Guilhermanoo folded on the Flop
Seat 2: jose nasser (button) collected ($0.26)
Seat 3: jpysc (small blind) folded before Flop
Seat 4: WilliamJBF (big blind) folded before Flop
Seat 5: Evil Panda22222 folded before Flop (didn't bet)
Seat 6: Dorex2007 folded before Flop (didn't bet)
Seat 7: javucho_2011 folded before Flop (didn't bet)



PokerStars Hand #232893257546:  Hold'em No Limit ($0.01/$0.02 USD) - 2022/01/06 21:47:20 PT [2022/01/07 0:47:20 ET]
Table 'Erynia III' 9-max Seat #3 is the button
Seat 1: Guilhermanoo ($1.81 in chips) 
Seat 2: jose nasser ($0.75 in chips) 
Seat 3: jpysc ($4.20 in chips) 
Seat 4: WilliamJBF ($0.99 in chips) 
Seat 5: Evil Panda22222 ($1.88 in chips) 
Seat 6: Dorex2007 ($2.37 in chips) 
Seat 7: javucho_2011 ($2.79 in chips) 
WilliamJBF: posts small blind $0.01
Evil Panda22222: posts big blind $0.02
*** HOLE CARDS ***
Dealt to Dorex2007 [Qs 3h]
Dorex2007: folds 
javucho_2011: calls $0.02
Guilhermanoo: folds 
jose nasser: calls $0.02
jpysc: folds 
WilliamJBF: calls $0.01
Evil Panda22222: checks 
*** FLOP *** [2h 7s Ad]
WilliamJBF: checks 
Evil Panda22222: checks 
javucho_2011: checks 
jose nasser: checks 
*** TURN *** [2h 7s Ad] [2d]
WilliamJBF: checks 
Evil Panda22222: bets $0.04
javucho_2011: folds 
jose nasser: folds 
WilliamJBF: folds 
Uncalled bet ($0.04) returned to Evil Panda22222
Evil Panda22222 collected $0.08 from pot
Evil Panda22222: doesn't show hand 
*** SUMMARY ***
Total pot $0.08 | Rake $0 
Board [2h 7s Ad 2d]
Seat 1: Guilhermanoo folded before Flop (didn't bet)
Seat 2: jose nasser folded on the Turn
Seat 3: jpysc (button) folded before Flop (didn't bet)
Seat 4: WilliamJBF (small blind) folded on the Turn
Seat 5: Evil Panda22222 (big blind) collected ($0.08)
Seat 6: Dorex2007 folded before Flop (didn't bet)
Seat 7: javucho_2011 folded on the Turn



PokerStars Hand #232893265803:  Hold'em No Limit ($0.01/$0.02 USD) - 2022/01/06 21:48:13 PT [2022/01/07 0:48:13 ET]
Table 'Erynia III' 9-max Seat #4 is the button
Seat 1: Guilhermanoo ($1.81 in chips) 
Seat 2: jose nasser ($0.73 in chips) 
Seat 3: jpysc ($4.20 in chips) 
Seat 4: WilliamJBF ($0.97 in chips) 
Seat 5: Evil Panda22222 ($1.94 in chips) 
Seat 6: Dorex2007 ($2.37 in chips) 
Seat 7: javucho_2011 ($2.77 in chips) 
Evil Panda22222: posts small blind $0.01
Dorex2007: posts big blind $0.02
*** HOLE CARDS ***
Dealt to Dorex2007 [8d Ad]
javucho_2011: folds 
Guilhermanoo: folds 
jose nasser has timed out
jose nasser: folds 
jpysc: folds 
WilliamJBF: folds 
Evil Panda22222: calls $0.01
Dorex2007: checks 
*** FLOP *** [5c 5s Th]
Evil Panda22222: checks 
Dorex2007: checks 
*** TURN *** [5c 5s Th] [3h]
Evil Panda22222: bets $0.04
Dorex2007: folds 
Uncalled bet ($0.04) returned to Evil Panda22222
Evil Panda22222 collected $0.04 from pot
*** SUMMARY ***
Total pot $0.04 | Rake $0 
Board [5c 5s Th 3h]
Seat 1: Guilhermanoo folded before Flop (didn't bet)
Seat 2: jose nasser folded before Flop (didn't bet)
Seat 3: jpysc folded before Flop (didn't bet)
Seat 4: WilliamJBF (button) folded before Flop (didn't bet)
Seat 5: Evil Panda22222 (small blind) collected ($0.04)
Seat 6: Dorex2007 (big blind) folded on the Turn
Seat 7: javucho_2011 folded before Flop (didn't bet)



PokerStars Hand #232893274518:  Hold'em No Limit ($0.01/$0.02 USD) - 2022/01/06 21:49:09 PT [2022/01/07 0:49:09 ET]
Table 'Erynia III' 9-max Seat #5 is the button
Seat 1: Guilhermanoo ($1.81 in chips) 
Seat 2: jose nasser ($0.73 in chips) 
Seat 3: jpysc ($4.20 in chips) 
Seat 4: WilliamJBF ($0.97 in chips) 
Seat 5: Evil Panda22222 ($1.96 in chips) 
Seat 6: Dorex2007 ($2.35 in chips) 
Seat 7: javucho_2011 ($2.77 in chips) 
Dorex2007: posts small blind $0.01
javucho_2011: posts big blind $0.02
*** HOLE CARDS ***
Dealt to Dorex2007 [3d Ts]
Guilhermanoo: raises $0.04 to $0.06
jose nasser: calls $0.06
jpysc: raises $0.04 to $0.10
WilliamJBF: folds 
Evil Panda22222: folds 
Dorex2007: folds 
javucho_2011: calls $0.08
Guilhermanoo: calls $0.04
jose nasser: calls $0.04
*** FLOP *** [Qc Ah 2h]
javucho_2011: bets $0.12
Guilhermanoo: calls $0.12
jose nasser: folds 
jpysc: calls $0.12
*** TURN *** [Qc Ah 2h] [8h]
javucho_2011: checks 
Guilhermanoo: checks 
jpysc: bets $0.37
javucho_2011: calls $0.37
Guilhermanoo: folds 
*** RIVER *** [Qc Ah 2h 8h] [9c]
javucho_2011: checks 
jpysc: checks 
*** SHOW DOWN ***
javucho_2011: shows [Ac Kd] (a pair of Aces)
jpysc: mucks hand 
javucho_2011 collected $1.46 from pot
*** SUMMARY ***
Total pot $1.51 | Rake $0.05 
Board [Qc Ah 2h 8h 9c]
Seat 1: Guilhermanoo folded on the Turn
Seat 2: jose nasser folded on the Flop
Seat 3: jpysc mucked [Tc 9h]
Seat 4: WilliamJBF folded before Flop (didn't bet)
Seat 5: Evil Panda22222 (button) folded before Flop (didn't bet)
Seat 6: Dorex2007 (small blind) folded before Flop
Seat 7: javucho_2011 (big blind) showed [Ac Kd] and won ($1.46) with a pair of Aces



PokerStars Hand #232893284069:  Hold'em No Limit ($0.01/$0.02 USD) - 2022/01/06 21:50:10 PT [2022/01/07 0:50:10 ET]
Table 'Erynia III' 9-max Seat #6 is the button
Seat 1: Guilhermanoo ($1.59 in chips) 
Seat 2: jose nasser ($0.63 in chips) 
Seat 3: jpysc ($3.61 in chips) 
Seat 4: WilliamJBF ($0.97 in chips) 
Seat 5: Evil Panda22222 ($1.96 in chips) 
Seat 6: Dorex2007 ($2.34 in chips) 
Seat 7: javucho_2011 ($3.64 in chips) 
javucho_2011: posts small blind $0.01
Guilhermanoo: posts big blind $0.02
*** HOLE CARDS ***
Dealt to Dorex2007 [3s 7s]
jose nasser has timed out
jose nasser: folds 
jpysc: raises $0.04 to $0.06
WilliamJBF: folds 
Evil Panda22222: folds 
Dorex2007: folds 
javucho_2011: folds 
Guilhermanoo: folds 
Uncalled bet ($0.04) returned to jpysc
jpysc collected $0.05 from pot
*** SUMMARY ***
Total pot $0.05 | Rake $0 
Seat 1: Guilhermanoo (big blind) folded before Flop
Seat 2: jose nasser folded before Flop (didn't bet)
Seat 3: jpysc collected ($0.05)
Seat 4: WilliamJBF folded before Flop (didn't bet)
Seat 5: Evil Panda22222 folded before Flop (didn't bet)
Seat 6: Dorex2007 (button) folded before Flop (didn't bet)
Seat 7: javucho_2011 (small blind) folded before Flop



PokerStars Hand #232893289717:  Hold'em No Limit ($0.01/$0.02 USD) - 2022/01/06 21:50:46 PT [2022/01/07 0:50:46 ET]
Table 'Erynia III' 9-max Seat #7 is the button
Seat 1: Guilhermanoo ($1.57 in chips) 
Seat 2: jose nasser ($0.63 in chips) 
Seat 3: jpysc ($3.64 in chips) 
Seat 4: WilliamJBF ($0.97 in chips) 
Seat 5: Evil Panda22222 ($1.96 in chips) 
Seat 6: Dorex2007 ($2.34 in chips) 
Seat 7: javucho_2011 ($3.63 in chips) 
Guilhermanoo: posts small blind $0.01
jose nasser: posts big blind $0.02
*** HOLE CARDS ***
Dealt to Dorex2007 [4h 5c]
jpysc: folds 
WilliamJBF: folds 
Evil Panda22222: folds 
Dorex2007: folds 
javucho_2011: folds 
Guilhermanoo: folds 
Uncalled bet ($0.01) returned to jose nasser
jose nasser collected $0.02 from pot
jose nasser: doesn't show hand 
*** SUMMARY ***
Total pot $0.02 | Rake $0 
Seat 1: Guilhermanoo (small blind) folded before Flop
Seat 2: jose nasser (big blind) collected ($0.02)
Seat 3: jpysc folded before Flop (didn't bet)
Seat 4: WilliamJBF folded before Flop (didn't bet)
Seat 5: Evil Panda22222 folded before Flop (didn't bet)
Seat 6: Dorex2007 folded before Flop (didn't bet)
Seat 7: javucho_2011 (button) folded before Flop (didn't bet)



PokerStars Hand #232893292260:  Hold'em No Limit ($0.01/$0.02 USD) - 2022/01/06 21:51:03 PT [2022/01/07 0:51:03 ET]
Table 'Erynia III' 9-max Seat #1 is the button
Seat 1: Guilhermanoo ($1.56 in chips) 
Seat 2: jose nasser ($0.64 in chips) 
Seat 4: WilliamJBF ($0.97 in chips) 
Seat 5: Evil Panda22222 ($1.96 in chips) 
Seat 6: Dorex2007 ($2.34 in chips) 
Seat 7: javucho_2011 ($3.63 in chips) 
jose nasser: posts small blind $0.01
jpysc: is sitting out 
WilliamJBF: posts big blind $0.02
*** HOLE CARDS ***
Dealt to Dorex2007 [Ks 6h]
Evil Panda22222: folds 
Dorex2007: folds 
javucho_2011: folds 
Evil Panda22222 leaves the table
Guilhermanoo: folds 
jose nasser: calls $0.01
WilliamJBF: checks 
*** FLOP *** [7d Jd Ts]
jose nasser: checks 
WilliamJBF: checks 
*** TURN *** [7d Jd Ts] [2s]
jose nasser: checks 
WilliamJBF: checks 
*** RIVER *** [7d Jd Ts 2s] [Tc]
jose nasser: checks 
WilliamJBF: checks 
*** SHOW DOWN ***
jose nasser: shows [3s Qd] (a pair of Tens)
WilliamJBF: shows [Qc 6d] (a pair of Tens)
jose nasser collected $0.02 from pot
WilliamJBF collected $0.02 from pot
*** SUMMARY ***
Total pot $0.04 | Rake $0 
Board [7d Jd Ts 2s Tc]
Seat 1: Guilhermanoo (button) folded before Flop (didn't bet)
Seat 2: jose nasser (small blind) showed [3s Qd] and won ($0.02) with a pair of Tens
Seat 4: WilliamJBF (big blind) showed [Qc 6d] and won ($0.02) with a pair of Tens
Seat 5: Evil Panda22222 folded before Flop (didn't bet)
Seat 6: Dorex2007 folded before Flop (didn't bet)
Seat 7: javucho_2011 folded before Flop (didn't bet)



PokerStars Hand #232893297981:  Hold'em No Limit ($0.01/$0.02 USD) - 2022/01/06 21:51:40 PT [2022/01/07 0:51:40 ET]
Table 'Erynia III' 9-max Seat #2 is the button
Seat 1: Guilhermanoo ($1.56 in chips) 
Seat 2: jose nasser ($0.64 in chips) 
Seat 4: WilliamJBF ($0.97 in chips) 
Seat 6: Dorex2007 ($2.34 in chips) 
Seat 7: javucho_2011 ($3.63 in chips) 
WilliamJBF: posts small blind $0.01
Dorex2007: posts big blind $0.02
*** HOLE CARDS ***
Dealt to Dorex2007 [Tc Qc]
javucho_2011: folds 
Guilhermanoo: folds 
jose nasser: folds 
WilliamJBF: folds 
Uncalled bet ($0.01) returned to Dorex2007
Dorex2007 collected $0.02 from pot
Dorex2007: doesn't show hand 
*** SUMMARY ***
Total pot $0.02 | Rake $0 
Seat 1: Guilhermanoo folded before Flop (didn't bet)
Seat 2: jose nasser (button) folded before Flop (didn't bet)
Seat 4: WilliamJBF (small blind) folded before Flop
Seat 6: Dorex2007 (big blind) collected ($0.02)
Seat 7: javucho_2011 folded before Flop (didn't bet)



PokerStars Hand #232893300881:  Hold'em No Limit ($0.01/$0.02 USD) - 2022/01/06 21:51:59 PT [2022/01/07 0:51:59 ET]
Table 'Erynia III' 9-max Seat #4 is the button
Seat 1: Guilhermanoo ($1.56 in chips) 
Seat 2: jose nasser ($0.64 in chips) 
Seat 4: WilliamJBF ($0.96 in chips) 
Seat 6: Dorex2007 ($2.35 in chips) 
Seat 7: javucho_2011 ($3.63 in chips) 
Dorex2007: posts small blind $0.01
javucho_2011: posts big blind $0.02
*** HOLE CARDS ***
Dealt to Dorex2007 [8c 6s]
Guilhermanoo: folds 
jose nasser: calls $0.02
WilliamJBF: folds 
Dorex2007: folds 
javucho_2011: checks 
*** FLOP *** [Jc Jd As]
javucho_2011: checks 
jose nasser: checks 
*** TURN *** [Jc Jd As] [2d]
javucho_2011: bets $0.02
jose nasser: calls $0.02
*** RIVER *** [Jc Jd As 2d] [9h]
javucho_2011: checks 
jose nasser: checks 
*** SHOW DOWN ***
javucho_2011: shows [5d 2c] (two pair, Jacks and Deuces)
jose nasser: shows [5c 5s] (two pair, Jacks and Fives)
jose nasser collected $0.09 from pot
*** SUMMARY ***
Total pot $0.09 | Rake $0 
Board [Jc Jd As 2d 9h]
Seat 1: Guilhermanoo folded before Flop (didn't bet)
Seat 2: jose nasser showed [5c 5s] and won ($0.09) with two pair, Jacks and Fives
Seat 4: WilliamJBF (button) folded before Flop (didn't bet)
Seat 6: Dorex2007 (small blind) folded before Flop
Seat 7: javucho_2011 (big blind) showed [5d 2c] and lost with two pair, Jacks and Deuces



PokerStars Hand #232893305260:  Hold'em No Limit ($0.01/$0.02 USD) - 2022/01/06 21:52:28 PT [2022/01/07 0:52:28 ET]
Table 'Erynia III' 9-max Seat #6 is the button
Seat 1: Guilhermanoo ($1.56 in chips) 
Seat 2: jose nasser ($0.69 in chips) 
Seat 4: WilliamJBF ($0.96 in chips) 
Seat 6: Dorex2007 ($2.34 in chips) 
Seat 7: javucho_2011 ($3.59 in chips) 
javucho_2011: posts small blind $0.01
Guilhermanoo: posts big blind $0.02
*** HOLE CARDS ***
Dealt to Dorex2007 [3h 3d]
jose nasser: raises $0.02 to $0.04
WilliamJBF: folds 
Dorex2007: calls $0.04
javucho_2011: folds 
Guilhermanoo: calls $0.02
*** FLOP *** [6h 9h Js]
Guilhermanoo: checks 
jose nasser: bets $0.07
Dorex2007: folds 
Guilhermanoo: calls $0.07
*** TURN *** [6h 9h Js] [8s]
Guilhermanoo: checks 
jose nasser: checks 
*** RIVER *** [6h 9h Js 8s] [3s]
Guilhermanoo: checks 
jose nasser: checks 
*** SHOW DOWN ***
Guilhermanoo: shows [9c Ks] (a pair of Nines)
jose nasser: mucks hand 
Guilhermanoo collected $0.26 from pot
*** SUMMARY ***
Total pot $0.27 | Rake $0.01 
Board [6h 9h Js 8s 3s]
Seat 1: Guilhermanoo (big blind) showed [9c Ks] and won ($0.26) with a pair of Nines
Seat 2: jose nasser mucked [Kh Td]
Seat 4: WilliamJBF folded before Flop (didn't bet)
Seat 6: Dorex2007 (button) folded on the Flop
Seat 7: javucho_2011 (small blind) folded before Flop



