PokerStars Hand #237239107909:  Hold'em No Limit ($0.01/$0.02 USD) - 2022/07/08 12:32:02 PT [2022/07/08 15:32:02 ET]
Table 'Miriam III' 9-max Seat #2 is the button
Seat 1: Zog Buster ($2.09 in chips) 
Seat 2: leomax100 ($2.01 in chips) 
Seat 3: chacalay1 ($2.11 in chips) 
Seat 4: salva79645 ($0.70 in chips) 
Seat 5: RGeroyev ($0.82 in chips) 
Seat 6: Kopurana ($2.02 in chips) 
Seat 7: mg-deniz ($2.03 in chips) 
Seat 8: Mahcv38 ($0.83 in chips) 
Seat 9: Dorex2007 ($2 in chips) 
chacalay1: posts small blind $0.01
salva79645: posts big blind $0.02
Dorex2007: posts big blind $0.02
*** HOLE CARDS ***
Dealt to Dorex2007 [7c 4c]
RGeroyev: folds 
Kopurana: folds 
mg-deniz: folds 
Mahcv38: folds 
Dorex2007: checks 
Zog Buster: folds 
leomax100: folds 
chacalay1: folds 
salva79645: raises $0.02 to $0.04
Dorex2007: folds 
Uncalled bet ($0.02) returned to salva79645
salva79645 collected $0.05 from pot
*** SUMMARY ***
Total pot $0.05 | Rake $0 
Seat 1: Zog Buster folded before Flop (didn't bet)
Seat 2: leomax100 (button) folded before Flop (didn't bet)
Seat 3: chacalay1 (small blind) folded before Flop
Seat 4: salva79645 (big blind) collected ($0.05)
Seat 5: RGeroyev folded before Flop (didn't bet)
Seat 6: Kopurana folded before Flop (didn't bet)
Seat 7: mg-deniz folded before Flop (didn't bet)
Seat 8: Mahcv38 folded before Flop (didn't bet)
Seat 9: Dorex2007 folded before Flop (didn't bet)



PokerStars Hand #237239122399:  Hold'em No Limit ($0.01/$0.02 USD) - 2022/07/08 12:32:43 PT [2022/07/08 15:32:43 ET]
Table 'Miriam III' 9-max Seat #3 is the button
Seat 1: Zog Buster ($2.09 in chips) 
Seat 2: leomax100 ($2.01 in chips) 
Seat 3: chacalay1 ($2.10 in chips) 
Seat 4: salva79645 ($0.73 in chips) 
Seat 5: RGeroyev ($0.82 in chips) 
Seat 6: Kopurana ($2.02 in chips) 
Seat 7: mg-deniz ($2.03 in chips) 
Seat 8: Mahcv38 ($0.83 in chips) 
Seat 9: Dorex2007 ($2 in chips) 
salva79645: posts small blind $0.01
RGeroyev: posts big blind $0.02
*** HOLE CARDS ***
Dealt to Dorex2007 [6d 7s]
Kopurana: folds 
mg-deniz: folds 
Mahcv38: folds 
Dorex2007: folds 
Zog Buster: folds 
leomax100: folds 
chacalay1: raises $0.04 to $0.06
salva79645: calls $0.05
RGeroyev: folds 
*** FLOP *** [4c 8d 8h]
salva79645: checks 
chacalay1: bets $0.08
salva79645: folds 
Uncalled bet ($0.08) returned to chacalay1
chacalay1 collected $0.14 from pot
*** SUMMARY ***
Total pot $0.14 | Rake $0 
Board [4c 8d 8h]
Seat 1: Zog Buster folded before Flop (didn't bet)
Seat 2: leomax100 folded before Flop (didn't bet)
Seat 3: chacalay1 (button) collected ($0.14)
Seat 4: salva79645 (small blind) folded on the Flop
Seat 5: RGeroyev (big blind) folded before Flop
Seat 6: Kopurana folded before Flop (didn't bet)
Seat 7: mg-deniz folded before Flop (didn't bet)
Seat 8: Mahcv38 folded before Flop (didn't bet)
Seat 9: Dorex2007 folded before Flop (didn't bet)



PokerStars Hand #237239138730:  Hold'em No Limit ($0.01/$0.02 USD) - 2022/07/08 12:33:29 PT [2022/07/08 15:33:29 ET]
Table 'Miriam III' 9-max Seat #4 is the button
Seat 1: Zog Buster ($2.09 in chips) 
Seat 2: leomax100 ($2.01 in chips) 
Seat 3: chacalay1 ($2.18 in chips) 
Seat 4: salva79645 ($0.67 in chips) 
Seat 5: RGeroyev ($0.80 in chips) 
Seat 6: Kopurana ($2.02 in chips) 
Seat 7: mg-deniz ($2.03 in chips) 
Seat 8: Mahcv38 ($0.83 in chips) 
Seat 9: Dorex2007 ($2 in chips) 
RGeroyev: posts small blind $0.01
Kopurana: posts big blind $0.02
*** HOLE CARDS ***
Dealt to Dorex2007 [Ad Td]
mg-deniz: folds 
Mahcv38: folds 
Dorex2007: calls $0.02
Zog Buster: folds 
leomax100: folds 
chacalay1: folds 
salva79645: raises $0.09 to $0.11
RGeroyev: folds 
Kopurana: folds 
Dorex2007: folds 
Uncalled bet ($0.09) returned to salva79645
salva79645 collected $0.07 from pot
*** SUMMARY ***
Total pot $0.07 | Rake $0 
Seat 1: Zog Buster folded before Flop (didn't bet)
Seat 2: leomax100 folded before Flop (didn't bet)
Seat 3: chacalay1 folded before Flop (didn't bet)
Seat 4: salva79645 (button) collected ($0.07)
Seat 5: RGeroyev (small blind) folded before Flop
Seat 6: Kopurana (big blind) folded before Flop
Seat 7: mg-deniz folded before Flop (didn't bet)
Seat 8: Mahcv38 folded before Flop (didn't bet)
Seat 9: Dorex2007 folded before Flop



PokerStars Hand #237239153004:  Hold'em No Limit ($0.01/$0.02 USD) - 2022/07/08 12:34:09 PT [2022/07/08 15:34:09 ET]
Table 'Miriam III' 9-max Seat #5 is the button
Seat 1: Zog Buster ($2.09 in chips) 
Seat 2: leomax100 ($2.01 in chips) 
Seat 3: chacalay1 ($2.18 in chips) 
Seat 4: salva79645 ($0.72 in chips) 
Seat 5: RGeroyev ($0.79 in chips) 
Seat 6: Kopurana ($2 in chips) 
Seat 7: mg-deniz ($2.03 in chips) 
Seat 8: Mahcv38 ($0.83 in chips) 
Seat 9: Dorex2007 ($2 in chips) 
Kopurana: posts small blind $0.01
mg-deniz: posts big blind $0.02
*** HOLE CARDS ***
Dealt to Dorex2007 [8c 8h]
Mahcv38: folds 
Dorex2007: calls $0.02
Zog Buster: folds 
leomax100: folds 
chacalay1: calls $0.02
salva79645: calls $0.02
RGeroyev: calls $0.02
Kopurana: calls $0.01
mg-deniz: raises $0.10 to $0.12
Dorex2007: folds 
chacalay1: folds 
salva79645: calls $0.10
RGeroyev: folds 
Kopurana: folds 
*** FLOP *** [2c 5c Kh]
mg-deniz: bets $0.14
salva79645: calls $0.14
*** TURN *** [2c 5c Kh] [9c]
mg-deniz: checks 
salva79645: checks 
*** RIVER *** [2c 5c Kh 9c] [As]
mg-deniz: bets $1.77 and is all-in
salva79645: folds 
Uncalled bet ($1.77) returned to mg-deniz
mg-deniz collected $0.58 from pot
*** SUMMARY ***
Total pot $0.60 | Rake $0.02 
Board [2c 5c Kh 9c As]
Seat 1: Zog Buster folded before Flop (didn't bet)
Seat 2: leomax100 folded before Flop (didn't bet)
Seat 3: chacalay1 folded before Flop
Seat 4: salva79645 folded on the River
Seat 5: RGeroyev (button) folded before Flop
Seat 6: Kopurana (small blind) folded before Flop
Seat 7: mg-deniz (big blind) collected ($0.58)
Seat 8: Mahcv38 folded before Flop (didn't bet)
Seat 9: Dorex2007 folded before Flop



PokerStars Hand #237239180829:  Hold'em No Limit ($0.01/$0.02 USD) - 2022/07/08 12:35:26 PT [2022/07/08 15:35:26 ET]
Table 'Miriam III' 9-max Seat #6 is the button
Seat 1: Zog Buster ($2.09 in chips) 
Seat 2: leomax100 ($2.01 in chips) 
Seat 3: chacalay1 ($2.16 in chips) 
Seat 4: salva79645 ($0.46 in chips) 
Seat 5: RGeroyev ($0.77 in chips) 
Seat 6: Kopurana ($1.98 in chips) 
Seat 7: mg-deniz ($2.35 in chips) 
Seat 8: Mahcv38 ($0.83 in chips) 
Seat 9: Dorex2007 ($2 in chips) 
mg-deniz: posts small blind $0.01
Mahcv38: posts big blind $0.02
*** HOLE CARDS ***
Dealt to Dorex2007 [9h Ks]
Dorex2007: folds 
Zog Buster: folds 
leomax100: folds 
chacalay1: folds 
salva79645: raises $0.17 to $0.19
RGeroyev: folds 
Kopurana: folds 
mg-deniz: folds 
Mahcv38: folds 
Uncalled bet ($0.17) returned to salva79645
salva79645 collected $0.05 from pot
*** SUMMARY ***
Total pot $0.05 | Rake $0 
Seat 1: Zog Buster folded before Flop (didn't bet)
Seat 2: leomax100 folded before Flop (didn't bet)
Seat 3: chacalay1 folded before Flop (didn't bet)
Seat 4: salva79645 collected ($0.05)
Seat 5: RGeroyev folded before Flop (didn't bet)
Seat 6: Kopurana (button) folded before Flop (didn't bet)
Seat 7: mg-deniz (small blind) folded before Flop
Seat 8: Mahcv38 (big blind) folded before Flop
Seat 9: Dorex2007 folded before Flop (didn't bet)



PokerStars Hand #237239194923:  Hold'em No Limit ($0.01/$0.02 USD) - 2022/07/08 12:36:05 PT [2022/07/08 15:36:05 ET]
Table 'Miriam III' 9-max Seat #7 is the button
Seat 1: Zog Buster ($2.09 in chips) 
Seat 2: leomax100 ($2.01 in chips) 
Seat 3: chacalay1 ($2.16 in chips) 
Seat 4: salva79645 ($0.49 in chips) 
Seat 5: RGeroyev ($0.77 in chips) 
Seat 6: Kopurana ($1.98 in chips) 
Seat 7: mg-deniz ($2.34 in chips) 
Seat 8: Mahcv38 ($0.81 in chips) 
Seat 9: Dorex2007 ($2 in chips) 
Mahcv38: posts small blind $0.01
Dorex2007: posts big blind $0.02
*** HOLE CARDS ***
Dealt to Dorex2007 [9h 9s]
Zog Buster: folds 
leomax100: calls $0.02
chacalay1: folds 
salva79645: raises $0.07 to $0.09
RGeroyev: folds 
Kopurana: folds 
mg-deniz: raises $0.17 to $0.26
Mahcv38: folds 
Dorex2007: folds 
leomax100: folds 
salva79645: raises $0.23 to $0.49 and is all-in
chacalay1 leaves the table
mg-deniz: calls $0.23
*** FIRST FLOP *** [Td Ad 9c]
*** FIRST TURN *** [Td Ad 9c] [6d]
*** FIRST RIVER *** [Td Ad 9c 6d] [7d]
*** SECOND FLOP *** [Js 6c 7s]
*** SECOND TURN *** [Js 6c 7s] [2d]
*** SECOND RIVER *** [Js 6c 7s 2d] [2s]
*** FIRST SHOW DOWN ***
salva79645: shows [Qc Ac] (a pair of Aces)
mg-deniz: shows [Kd Ah] (a flush, Ace high)
mg-deniz collected $0.49 from pot
*** SECOND SHOW DOWN ***
salva79645: shows [Qc Ac] (a pair of Deuces)
mg-deniz: shows [Kd Ah] (a pair of Deuces - Ace+King kicker)
mg-deniz collected $0.49 from pot
*** SUMMARY ***
Total pot $1.03 | Rake $0.05 
Hand was run twice
FIRST Board [Td Ad 9c 6d 7d]
SECOND Board [Js 6c 7s 2d 2s]
Seat 1: Zog Buster folded before Flop (didn't bet)
Seat 2: leomax100 folded before Flop
Seat 3: chacalay1 folded before Flop (didn't bet)
Seat 4: salva79645 showed [Qc Ac] and lost with a pair of Aces, and lost with a pair of Deuces
Seat 5: RGeroyev folded before Flop (didn't bet)
Seat 6: Kopurana folded before Flop (didn't bet)
Seat 7: mg-deniz (button) showed [Kd Ah] and won ($0.49) with a flush, Ace high, and won ($0.49) with a pair of Deuces
Seat 8: Mahcv38 (small blind) folded before Flop
Seat 9: Dorex2007 (big blind) folded before Flop



PokerStars Hand #237239211640:  Hold'em No Limit ($0.01/$0.02 USD) - 2022/07/08 12:36:52 PT [2022/07/08 15:36:52 ET]
Table 'Miriam III' 9-max Seat #8 is the button
Seat 1: Zog Buster ($2.09 in chips) 
Seat 2: leomax100 ($2 in chips) 
Seat 5: RGeroyev ($0.77 in chips) 
Seat 6: Kopurana ($1.98 in chips) 
Seat 7: mg-deniz ($2.83 in chips) 
Seat 8: Mahcv38 ($0.80 in chips) 
Seat 9: Dorex2007 ($2 in chips) 
Dorex2007: posts small blind $0.01
Zog Buster: posts big blind $0.02
*** HOLE CARDS ***
Dealt to Dorex2007 [Jh Tc]
leomax100: folds 
RGeroyev: folds 
Kopurana: folds 
mg-deniz: folds 
Mahcv38: folds 
Dorex2007: folds 
Uncalled bet ($0.01) returned to Zog Buster
Zog Buster collected $0.02 from pot
*** SUMMARY ***
Total pot $0.02 | Rake $0 
Seat 1: Zog Buster (big blind) collected ($0.02)
Seat 2: leomax100 folded before Flop (didn't bet)
Seat 5: RGeroyev folded before Flop (didn't bet)
Seat 6: Kopurana folded before Flop (didn't bet)
Seat 7: mg-deniz folded before Flop (didn't bet)
Seat 8: Mahcv38 (button) folded before Flop (didn't bet)
Seat 9: Dorex2007 (small blind) folded before Flop



PokerStars Hand #237239215342:  Hold'em No Limit ($0.01/$0.02 USD) - 2022/07/08 12:37:02 PT [2022/07/08 15:37:02 ET]
Table 'Miriam III' 9-max Seat #9 is the button
Seat 1: Zog Buster ($2.10 in chips) 
Seat 2: leomax100 ($2 in chips) 
Seat 4: salva79645 ($2 in chips) 
Seat 5: RGeroyev ($0.77 in chips) 
Seat 6: Kopurana ($1.98 in chips) 
Seat 7: mg-deniz ($2.83 in chips) 
Seat 8: Mahcv38 ($0.80 in chips) 
Seat 9: Dorex2007 ($2 in chips) 
Zog Buster: posts small blind $0.01
leomax100: posts big blind $0.02
*** HOLE CARDS ***
Dealt to Dorex2007 [8h 7d]
salva79645 has timed out
salva79645: folds 
RGeroyev: folds 
Kopurana: raises $0.04 to $0.06
mg-deniz: folds 
Mahcv38: folds 
Dorex2007: folds 
Zog Buster: folds 
leomax100: folds 
Uncalled bet ($0.04) returned to Kopurana
Kopurana collected $0.05 from pot
*** SUMMARY ***
Total pot $0.05 | Rake $0 
Seat 1: Zog Buster (small blind) folded before Flop
Seat 2: leomax100 (big blind) folded before Flop
Seat 4: salva79645 folded before Flop (didn't bet)
Seat 5: RGeroyev folded before Flop (didn't bet)
Seat 6: Kopurana collected ($0.05)
Seat 7: mg-deniz folded before Flop (didn't bet)
Seat 8: Mahcv38 folded before Flop (didn't bet)
Seat 9: Dorex2007 (button) folded before Flop (didn't bet)



PokerStars Hand #237239225276:  Hold'em No Limit ($0.01/$0.02 USD) - 2022/07/08 12:37:30 PT [2022/07/08 15:37:30 ET]
Table 'Miriam III' 9-max Seat #1 is the button
Seat 1: Zog Buster ($2.09 in chips) 
Seat 2: leomax100 ($2 in chips) 
Seat 4: salva79645 ($2 in chips) 
Seat 5: RGeroyev ($0.77 in chips) 
Seat 6: Kopurana ($2.01 in chips) 
Seat 7: mg-deniz ($2.83 in chips) 
Seat 8: Mahcv38 ($0.80 in chips) 
Seat 9: Dorex2007 ($2 in chips) 
leomax100: posts small blind $0.01
salva79645: posts big blind $0.02
*** HOLE CARDS ***
Dealt to Dorex2007 [7d 4s]
RGeroyev: folds 
Kopurana: folds 
poldolk joins the table at seat #3 
mg-deniz: folds 
Mahcv38: folds 
Dorex2007: folds 
Zog Buster: folds 
leomax100: folds 
Uncalled bet ($0.01) returned to salva79645
salva79645 collected $0.02 from pot
*** SUMMARY ***
Total pot $0.02 | Rake $0 
Seat 1: Zog Buster (button) folded before Flop (didn't bet)
Seat 2: leomax100 (small blind) folded before Flop
Seat 4: salva79645 (big blind) collected ($0.02)
Seat 5: RGeroyev folded before Flop (didn't bet)
Seat 6: Kopurana folded before Flop (didn't bet)
Seat 7: mg-deniz folded before Flop (didn't bet)
Seat 8: Mahcv38 folded before Flop (didn't bet)
Seat 9: Dorex2007 folded before Flop (didn't bet)



PokerStars Hand #237239233640:  Hold'em No Limit ($0.01/$0.02 USD) - 2022/07/08 12:37:53 PT [2022/07/08 15:37:53 ET]
Table 'Miriam III' 9-max Seat #2 is the button
Seat 1: Zog Buster ($2.09 in chips) 
Seat 2: leomax100 ($2 in chips) 
Seat 4: salva79645 ($2.01 in chips) 
Seat 5: RGeroyev ($0.77 in chips) 
Seat 6: Kopurana ($2.01 in chips) 
Seat 7: mg-deniz ($2.83 in chips) 
Seat 8: Mahcv38 ($0.80 in chips) 
Seat 9: Dorex2007 ($2 in chips) 
salva79645: posts small blind $0.01
RGeroyev: posts big blind $0.02
*** HOLE CARDS ***
Dealt to Dorex2007 [9h Ts]
Kopurana: folds 
mg-deniz: raises $0.06 to $0.08
Mahcv38: folds 
Dorex2007: folds 
Zog Buster: folds 
leomax100: folds 
salva79645: calls $0.07
RGeroyev: folds 
*** FLOP *** [3c 3d Tc]
salva79645: bets $0.17
mg-deniz: calls $0.17
*** TURN *** [3c 3d Tc] [Jd]
salva79645: bets $0.50
mg-deniz: calls $0.50
*** RIVER *** [3c 3d Tc Jd] [2c]
salva79645: bets $1.26 and is all-in
mg-deniz: calls $1.26
*** SHOW DOWN ***
salva79645: shows [3s 9d] (three of a kind, Threes)
mg-deniz: shows [Ks Kc] (two pair, Kings and Threes)
salva79645 collected $3.90 from pot
*** SUMMARY ***
Total pot $4.04 | Rake $0.14 
Board [3c 3d Tc Jd 2c]
Seat 1: Zog Buster folded before Flop (didn't bet)
Seat 2: leomax100 (button) folded before Flop (didn't bet)
Seat 4: salva79645 (small blind) showed [3s 9d] and won ($3.90) with three of a kind, Threes
Seat 5: RGeroyev (big blind) folded before Flop
Seat 6: Kopurana folded before Flop (didn't bet)
Seat 7: mg-deniz showed [Ks Kc] and lost with two pair, Kings and Threes
Seat 8: Mahcv38 folded before Flop (didn't bet)
Seat 9: Dorex2007 folded before Flop (didn't bet)



PokerStars Hand #237239260467:  Hold'em No Limit ($0.01/$0.02 USD) - 2022/07/08 12:39:06 PT [2022/07/08 15:39:06 ET]
Table 'Miriam III' 9-max Seat #4 is the button
Seat 1: Zog Buster ($2.09 in chips) 
Seat 2: leomax100 ($2 in chips) 
Seat 4: salva79645 ($3.90 in chips) 
Seat 5: RGeroyev ($0.75 in chips) 
Seat 6: Kopurana ($2.01 in chips) 
Seat 7: mg-deniz ($2 in chips) 
Seat 8: Mahcv38 ($0.80 in chips) 
Seat 9: Dorex2007 ($2 in chips) 
RGeroyev: posts small blind $0.01
Kopurana: posts big blind $0.02
poldolk: sits out 
*** HOLE CARDS ***
Dealt to Dorex2007 [6d 9h]
mg-deniz: folds 
Mahcv38: folds 
Dorex2007: folds 
Zog Buster: folds 
leomax100: folds 
salva79645 is disconnected 
salva79645 is connected 
salva79645 has timed out
salva79645: folds 
RGeroyev: raises $0.02 to $0.04
Kopurana: calls $0.02
*** FLOP *** [4s Kh Jd]
RGeroyev: checks 
Kopurana: bets $0.02
RGeroyev: raises $0.04 to $0.06
Kopurana: calls $0.04
*** TURN *** [4s Kh Jd] [3d]
RGeroyev: checks 
salva79645 is disconnected 
Kopurana: bets $0.09
RGeroyev: calls $0.09
*** RIVER *** [4s Kh Jd 3d] [2c]
RGeroyev: bets $0.12
Kopurana: folds 
Uncalled bet ($0.12) returned to RGeroyev
salva79645 is disconnected 
RGeroyev collected $0.37 from pot
*** SUMMARY ***
Total pot $0.38 | Rake $0.01 
Board [4s Kh Jd 3d 2c]
Seat 1: Zog Buster folded before Flop (didn't bet)
Seat 2: leomax100 folded before Flop (didn't bet)
Seat 4: salva79645 (button) folded before Flop (didn't bet)
Seat 5: RGeroyev (small blind) collected ($0.37)
Seat 6: Kopurana (big blind) folded on the River
Seat 7: mg-deniz folded before Flop (didn't bet)
Seat 8: Mahcv38 folded before Flop (didn't bet)
Seat 9: Dorex2007 folded before Flop (didn't bet)



PokerStars Hand #237239294079:  Hold'em No Limit ($0.01/$0.02 USD) - 2022/07/08 12:40:39 PT [2022/07/08 15:40:39 ET]
Table 'Miriam III' 9-max Seat #5 is the button
Seat 1: Zog Buster ($2.09 in chips) 
Seat 2: leomax100 ($2 in chips) 
Seat 3: poldolk ($1.88 in chips) 
Seat 4: salva79645 ($3.90 in chips) 
Seat 5: RGeroyev ($0.93 in chips) 
Seat 6: Kopurana ($1.82 in chips) 
Seat 7: mg-deniz ($2 in chips) 
Seat 8: Mahcv38 ($0.80 in chips) 
Seat 9: Dorex2007 ($2 in chips) 
Kopurana: posts small blind $0.01
mg-deniz: posts big blind $0.02
poldolk: posts big blind $0.02
*** HOLE CARDS ***
Dealt to Dorex2007 [7c Qh]
Mahcv38: folds 
Dorex2007: folds 
Zog Buster: folds 
leomax100: folds 
poldolk: checks 
salva79645: calls $0.02
RGeroyev: folds 
Kopurana: raises $0.08 to $0.10
mg-deniz: raises $0.22 to $0.32
poldolk: folds 
salva79645: calls $0.30
Kopurana: folds 
*** FLOP *** [Jd 3h Ks]
mg-deniz: checks 
salva79645: checks 
*** TURN *** [Jd 3h Ks] [8c]
mg-deniz: bets $0.33
salva79645: folds 
Uncalled bet ($0.33) returned to mg-deniz
mg-deniz collected $0.72 from pot
*** SUMMARY ***
Total pot $0.76 | Rake $0.04 
Board [Jd 3h Ks 8c]
Seat 1: Zog Buster folded before Flop (didn't bet)
Seat 2: leomax100 folded before Flop (didn't bet)
Seat 3: poldolk folded before Flop (didn't bet)
Seat 4: salva79645 folded on the Turn
Seat 5: RGeroyev (button) folded before Flop (didn't bet)
Seat 6: Kopurana (small blind) folded before Flop
Seat 7: mg-deniz (big blind) collected ($0.72)
Seat 8: Mahcv38 folded before Flop (didn't bet)
Seat 9: Dorex2007 folded before Flop (didn't bet)



PokerStars Hand #237239323099:  Hold'em No Limit ($0.01/$0.02 USD) - 2022/07/08 12:42:00 PT [2022/07/08 15:42:00 ET]
Table 'Miriam III' 9-max Seat #6 is the button
Seat 1: Zog Buster ($2.09 in chips) 
Seat 2: leomax100 ($2 in chips) 
Seat 3: poldolk ($1.86 in chips) 
Seat 4: salva79645 ($3.58 in chips) 
Seat 5: RGeroyev ($0.93 in chips) 
Seat 6: Kopurana ($1.72 in chips) 
Seat 7: mg-deniz ($2.40 in chips) 
Seat 8: Mahcv38 ($0.80 in chips) 
Seat 9: Dorex2007 ($2 in chips) 
mg-deniz: posts small blind $0.01
Mahcv38: posts big blind $0.02
*** HOLE CARDS ***
Dealt to Dorex2007 [Qc 7h]
Dorex2007: folds 
Zog Buster: folds 
leomax100: folds 
poldolk: folds 
salva79645 is disconnected 
salva79645 has timed out
salva79645: folds 
RGeroyev: folds 
Kopurana: folds 
mg-deniz: folds 
Uncalled bet ($0.01) returned to Mahcv38
Mahcv38 collected $0.02 from pot
*** SUMMARY ***
Total pot $0.02 | Rake $0 
Seat 1: Zog Buster folded before Flop (didn't bet)
Seat 2: leomax100 folded before Flop (didn't bet)
Seat 3: poldolk folded before Flop (didn't bet)
Seat 4: salva79645 folded before Flop (didn't bet)
Seat 5: RGeroyev folded before Flop (didn't bet)
Seat 6: Kopurana (button) folded before Flop (didn't bet)
Seat 7: mg-deniz (small blind) folded before Flop
Seat 8: Mahcv38 (big blind) collected ($0.02)
Seat 9: Dorex2007 folded before Flop (didn't bet)



PokerStars Hand #237239337025:  Hold'em No Limit ($0.01/$0.02 USD) - 2022/07/08 12:42:39 PT [2022/07/08 15:42:39 ET]
Table 'Miriam III' 9-max Seat #7 is the button
Seat 1: Zog Buster ($2.09 in chips) 
Seat 2: leomax100 ($2 in chips) 
Seat 3: poldolk ($1.86 in chips) 
Seat 4: salva79645 ($3.58 in chips) 
Seat 5: RGeroyev ($0.93 in chips) 
Seat 6: Kopurana ($1.72 in chips) 
Seat 7: mg-deniz ($2.39 in chips) 
Seat 8: Mahcv38 ($0.81 in chips) 
Seat 9: Dorex2007 ($2 in chips) 
Mahcv38: posts small blind $0.01
Dorex2007: posts big blind $0.02
*** HOLE CARDS ***
Dealt to Dorex2007 [4h Qc]
Zog Buster: folds 
leomax100: folds 
poldolk has timed out
poldolk: folds 
salva79645 is disconnected 
salva79645 has timed out while being disconnected
salva79645: folds 
RGeroyev: folds 
Kopurana: folds 
mg-deniz: folds 
Mahcv38: raises $0.04 to $0.06
Dorex2007: folds 
Uncalled bet ($0.04) returned to Mahcv38
Mahcv38 collected $0.04 from pot
*** SUMMARY ***
Total pot $0.04 | Rake $0 
Seat 1: Zog Buster folded before Flop (didn't bet)
Seat 2: leomax100 folded before Flop (didn't bet)
Seat 3: poldolk folded before Flop (didn't bet)
Seat 4: salva79645 folded before Flop (didn't bet)
Seat 5: RGeroyev folded before Flop (didn't bet)
Seat 6: Kopurana folded before Flop (didn't bet)
Seat 7: mg-deniz (button) folded before Flop (didn't bet)
Seat 8: Mahcv38 (small blind) collected ($0.04)
Seat 9: Dorex2007 (big blind) folded before Flop



PokerStars Hand #237239354072:  Hold'em No Limit ($0.01/$0.02 USD) - 2022/07/08 12:43:26 PT [2022/07/08 15:43:26 ET]
Table 'Miriam III' 9-max Seat #8 is the button
Seat 1: Zog Buster ($2.09 in chips) 
Seat 2: leomax100 ($2 in chips) 
Seat 3: poldolk ($1.86 in chips) 
Seat 5: RGeroyev ($0.93 in chips) 
Seat 6: Kopurana ($1.72 in chips) 
Seat 7: mg-deniz ($2.39 in chips) 
Seat 8: Mahcv38 ($0.83 in chips) 
Seat 9: Dorex2007 ($2 in chips) 
Dorex2007: posts small blind $0.01
Zog Buster: posts big blind $0.02
*** HOLE CARDS ***
Dealt to Dorex2007 [3d Kh]
leomax100: folds 
poldolk: raises $0.03 to $0.05
RGeroyev: folds 
Kopurana: folds 
mg-deniz: folds 
Mahcv38: folds 
Dorex2007: folds 
Zog Buster: folds 
Uncalled bet ($0.03) returned to poldolk
poldolk collected $0.05 from pot
*** SUMMARY ***
Total pot $0.05 | Rake $0 
Seat 1: Zog Buster (big blind) folded before Flop
Seat 2: leomax100 folded before Flop (didn't bet)
Seat 3: poldolk collected ($0.05)
Seat 5: RGeroyev folded before Flop (didn't bet)
Seat 6: Kopurana folded before Flop (didn't bet)
Seat 7: mg-deniz folded before Flop (didn't bet)
Seat 8: Mahcv38 (button) folded before Flop (didn't bet)
Seat 9: Dorex2007 (small blind) folded before Flop



PokerStars Hand #237239360812:  Hold'em No Limit ($0.01/$0.02 USD) - 2022/07/08 12:43:45 PT [2022/07/08 15:43:45 ET]
Table 'Miriam III' 9-max Seat #9 is the button
Seat 1: Zog Buster ($2.07 in chips) 
Seat 2: leomax100 ($2 in chips) 
Seat 3: poldolk ($1.89 in chips) 
Seat 4: salva79645 ($3.58 in chips) 
Seat 5: RGeroyev ($0.93 in chips) 
Seat 6: Kopurana ($1.72 in chips) 
Seat 7: mg-deniz ($2.39 in chips) 
Seat 8: Mahcv38 ($0.83 in chips) 
Seat 9: Dorex2007 ($2 in chips) 
Zog Buster: posts small blind $0.01
leomax100: posts big blind $0.02
*** HOLE CARDS ***
Dealt to Dorex2007 [5d 4d]
poldolk: raises $0.03 to $0.05
salva79645: calls $0.05
RGeroyev: folds 
Kopurana: folds 
mg-deniz: raises $0.17 to $0.22
Mahcv38: folds 
Dorex2007: folds 
Zog Buster: folds 
leomax100: folds 
poldolk: folds 
salva79645: calls $0.17
*** FLOP *** [2c 7s 9d]
salva79645: checks 
leomax100 leaves the table
mg-deniz: checks 
*** TURN *** [2c 7s 9d] [6h]
salva79645: checks 
mg-deniz: checks 
*** RIVER *** [2c 7s 9d 6h] [5s]
salva79645: checks 
mg-deniz: checks 
*** SHOW DOWN ***
salva79645: shows [7h Td] (a pair of Sevens)
mg-deniz: mucks hand 
salva79645 collected $0.50 from pot
*** SUMMARY ***
Total pot $0.52 | Rake $0.02 
Board [2c 7s 9d 6h 5s]
Seat 1: Zog Buster (small blind) folded before Flop
Seat 2: leomax100 (big blind) folded before Flop
Seat 3: poldolk folded before Flop
Seat 4: salva79645 showed [7h Td] and won ($0.50) with a pair of Sevens
Seat 5: RGeroyev folded before Flop (didn't bet)
Seat 6: Kopurana folded before Flop (didn't bet)
Seat 7: mg-deniz mucked [Qc As]
Seat 8: Mahcv38 folded before Flop (didn't bet)
Seat 9: Dorex2007 (button) folded before Flop (didn't bet)



PokerStars Hand #237239392526:  Hold'em No Limit ($0.01/$0.02 USD) - 2022/07/08 12:44:58 PT [2022/07/08 15:44:58 ET]
Table 'Miriam III' 9-max Seat #1 is the button
Seat 1: Zog Buster ($2.06 in chips) 
Seat 3: poldolk ($1.84 in chips) 
Seat 4: salva79645 ($3.86 in chips) 
Seat 5: RGeroyev ($0.93 in chips) 
Seat 6: Kopurana ($1.72 in chips) 
Seat 7: mg-deniz ($2.17 in chips) 
Seat 8: Mahcv38 ($0.83 in chips) 
Seat 9: Dorex2007 ($2 in chips) 
poldolk: posts small blind $0.01
salva79645: posts big blind $0.02
*** HOLE CARDS ***
Dealt to Dorex2007 [7s Ks]
RGeroyev: folds 
Kopurana: folds 
mg-deniz: folds 
Mahcv38: raises $0.04 to $0.06
Dorex2007: folds 
Zog Buster: folds 
poldolk: folds 
Peka7a joins the table at seat #2 
salva79645: calls $0.04
*** FLOP *** [4d 7c Td]
salva79645: checks 
Mahcv38: checks 
*** TURN *** [4d 7c Td] [Tc]
salva79645: bets $0.13
Mahcv38: folds 
Uncalled bet ($0.13) returned to salva79645
salva79645 collected $0.13 from pot
*** SUMMARY ***
Total pot $0.13 | Rake $0 
Board [4d 7c Td Tc]
Seat 1: Zog Buster (button) folded before Flop (didn't bet)
Seat 3: poldolk (small blind) folded before Flop
Seat 4: salva79645 (big blind) collected ($0.13)
Seat 5: RGeroyev folded before Flop (didn't bet)
Seat 6: Kopurana folded before Flop (didn't bet)
Seat 7: mg-deniz folded before Flop (didn't bet)
Seat 8: Mahcv38 folded on the Turn
Seat 9: Dorex2007 folded before Flop (didn't bet)



PokerStars Hand #237239414500:  Hold'em No Limit ($0.01/$0.02 USD) - 2022/07/08 12:46:00 PT [2022/07/08 15:46:00 ET]
Table 'Miriam III' 9-max Seat #3 is the button
Seat 1: Zog Buster ($2.06 in chips) 
Seat 3: poldolk ($1.83 in chips) 
Seat 4: salva79645 ($3.93 in chips) 
Seat 5: RGeroyev ($0.93 in chips) 
Seat 6: Kopurana ($1.72 in chips) 
Seat 7: mg-deniz ($2.17 in chips) 
Seat 8: Mahcv38 ($0.77 in chips) 
Seat 9: Dorex2007 ($2 in chips) 
salva79645: posts small blind $0.01
RGeroyev: posts big blind $0.02
Peka7a: sits out 
*** HOLE CARDS ***
Dealt to Dorex2007 [Jh 9s]
Kopurana: raises $0.04 to $0.06
mg-deniz: folds 
Mahcv38: folds 
Dorex2007: folds 
Zog Buster: folds 
poldolk: folds 
salva79645: calls $0.05
RGeroyev: calls $0.04
*** FLOP *** [6s 9h 4d]
salva79645: bets $0.17
RGeroyev: folds 
Kopurana: calls $0.17
*** TURN *** [6s 9h 4d] [Jd]
salva79645: checks 
Kopurana: checks 
*** RIVER *** [6s 9h 4d Jd] [Qs]
salva79645 is disconnected 
salva79645 is connected 
salva79645: checks 
Kopurana: checks 
*** SHOW DOWN ***
salva79645: shows [9d Kc] (a pair of Nines)
Kopurana: mucks hand 
salva79645 collected $0.50 from pot
*** SUMMARY ***
Total pot $0.52 | Rake $0.02 
Board [6s 9h 4d Jd Qs]
Seat 1: Zog Buster folded before Flop (didn't bet)
Seat 3: poldolk (button) folded before Flop (didn't bet)
Seat 4: salva79645 (small blind) showed [9d Kc] and won ($0.50) with a pair of Nines
Seat 5: RGeroyev (big blind) folded on the Flop
Seat 6: Kopurana mucked [As Ks]
Seat 7: mg-deniz folded before Flop (didn't bet)
Seat 8: Mahcv38 folded before Flop (didn't bet)
Seat 9: Dorex2007 folded before Flop (didn't bet)



PokerStars Hand #237239448455:  Hold'em No Limit ($0.01/$0.02 USD) - 2022/07/08 12:47:35 PT [2022/07/08 15:47:35 ET]
Table 'Miriam III' 9-max Seat #4 is the button
Seat 1: Zog Buster ($2.06 in chips) 
Seat 3: poldolk ($1.83 in chips) 
Seat 4: salva79645 ($4.20 in chips) 
Seat 5: RGeroyev ($0.87 in chips) 
Seat 6: Kopurana ($1.49 in chips) 
Seat 7: mg-deniz ($2.17 in chips) 
Seat 8: Mahcv38 ($0.77 in chips) 
Seat 9: Dorex2007 ($2 in chips) 
RGeroyev: posts small blind $0.01
Kopurana: posts big blind $0.02
Peka7a: sits out 
*** HOLE CARDS ***
Dealt to Dorex2007 [8d 2h]
mg-deniz: raises $0.05 to $0.07
Mahcv38: folds 
Dorex2007: folds 
Zog Buster: folds 
poldolk: folds 
salva79645: calls $0.07
RGeroyev: folds 
Kopurana: folds 
*** FLOP *** [Ad 8c Qd]
mg-deniz: bets $0.12
salva79645: calls $0.12
*** TURN *** [Ad 8c Qd] [4s]
mg-deniz: bets $0.30
salva79645: folds 
Uncalled bet ($0.30) returned to mg-deniz
mg-deniz collected $0.40 from pot
*** SUMMARY ***
Total pot $0.41 | Rake $0.01 
Board [Ad 8c Qd 4s]
Seat 1: Zog Buster folded before Flop (didn't bet)
Seat 3: poldolk folded before Flop (didn't bet)
Seat 4: salva79645 (button) folded on the Turn
Seat 5: RGeroyev (small blind) folded before Flop
Seat 6: Kopurana (big blind) folded before Flop
Seat 7: mg-deniz collected ($0.40)
Seat 8: Mahcv38 folded before Flop (didn't bet)
Seat 9: Dorex2007 folded before Flop (didn't bet)



PokerStars Hand #237239462180:  Hold'em No Limit ($0.01/$0.02 USD) - 2022/07/08 12:48:13 PT [2022/07/08 15:48:13 ET]
Table 'Miriam III' 9-max Seat #5 is the button
Seat 1: Zog Buster ($2.06 in chips) 
Seat 3: poldolk ($1.83 in chips) 
Seat 4: salva79645 ($4.01 in chips) 
Seat 5: RGeroyev ($0.86 in chips) 
Seat 6: Kopurana ($1.98 in chips) 
Seat 7: mg-deniz ($2.38 in chips) 
Seat 8: Mahcv38 ($0.77 in chips) 
Seat 9: Dorex2007 ($2 in chips) 
Kopurana: posts small blind $0.01
mg-deniz: posts big blind $0.02
Peka7a: sits out 
*** HOLE CARDS ***
Dealt to Dorex2007 [Jh 6h]
Mahcv38: folds 
Dorex2007: folds 
Zog Buster: folds 
poldolk: folds 
salva79645: raises $0.13 to $0.15
RGeroyev: folds 
Kopurana: folds 
mg-deniz: folds 
Uncalled bet ($0.13) returned to salva79645
salva79645 collected $0.05 from pot
*** SUMMARY ***
Total pot $0.05 | Rake $0 
Seat 1: Zog Buster folded before Flop (didn't bet)
Seat 3: poldolk folded before Flop (didn't bet)
Seat 4: salva79645 collected ($0.05)
Seat 5: RGeroyev (button) folded before Flop (didn't bet)
Seat 6: Kopurana (small blind) folded before Flop
Seat 7: mg-deniz (big blind) folded before Flop
Seat 8: Mahcv38 folded before Flop (didn't bet)
Seat 9: Dorex2007 folded before Flop (didn't bet)



PokerStars Hand #237239471815:  Hold'em No Limit ($0.01/$0.02 USD) - 2022/07/08 12:48:40 PT [2022/07/08 15:48:40 ET]
Table 'Miriam III' 9-max Seat #6 is the button
Seat 1: Zog Buster ($2.06 in chips) 
Seat 3: poldolk ($1.83 in chips) 
Seat 4: salva79645 ($4.04 in chips) 
Seat 5: RGeroyev ($0.86 in chips) 
Seat 6: Kopurana ($1.97 in chips) 
Seat 7: mg-deniz ($2.36 in chips) 
Seat 8: Mahcv38 ($0.77 in chips) 
Seat 9: Dorex2007 ($2 in chips) 
mg-deniz: posts small blind $0.01
Mahcv38: posts big blind $0.02
Peka7a: sits out 
*** HOLE CARDS ***
Dealt to Dorex2007 [8c Qc]
Dorex2007: folds 
Zog Buster: raises $0.04 to $0.06
poldolk: folds 
salva79645: folds 
salva79645 leaves the table
RGeroyev: folds 
Kopurana: folds 
mg-deniz: folds 
Mahcv38: folds 
Uncalled bet ($0.04) returned to Zog Buster
Zog Buster collected $0.05 from pot
*** SUMMARY ***
Total pot $0.05 | Rake $0 
Seat 1: Zog Buster collected ($0.05)
Seat 3: poldolk folded before Flop (didn't bet)
Seat 4: salva79645 folded before Flop (didn't bet)
Seat 5: RGeroyev folded before Flop (didn't bet)
Seat 6: Kopurana (button) folded before Flop (didn't bet)
Seat 7: mg-deniz (small blind) folded before Flop
Seat 8: Mahcv38 (big blind) folded before Flop
Seat 9: Dorex2007 folded before Flop (didn't bet)



PokerStars Hand #237239480737:  Hold'em No Limit ($0.01/$0.02 USD) - 2022/07/08 12:49:05 PT [2022/07/08 15:49:05 ET]
Table 'Miriam III' 9-max Seat #7 is the button
Seat 1: Zog Buster ($2.09 in chips) 
Seat 3: poldolk ($1.83 in chips) 
Seat 5: RGeroyev ($0.86 in chips) 
Seat 6: Kopurana ($1.97 in chips) 
Seat 7: mg-deniz ($2.35 in chips) 
Seat 8: Mahcv38 ($0.75 in chips) 
Seat 9: Dorex2007 ($2 in chips) 
Mahcv38: posts small blind $0.01
Dorex2007: posts big blind $0.02
Peka7a: sits out 
*** HOLE CARDS ***
Dealt to Dorex2007 [Kh 9s]
Zog Buster: folds 
poldolk: folds 
RGeroyev: folds 
Kopurana: folds 
mg-deniz: raises $0.03 to $0.05
Mahcv38: folds 
Dorex2007: folds 
Uncalled bet ($0.03) returned to mg-deniz
mg-deniz collected $0.05 from pot
*** SUMMARY ***
Total pot $0.05 | Rake $0 
Seat 1: Zog Buster folded before Flop (didn't bet)
Seat 3: poldolk folded before Flop (didn't bet)
Seat 5: RGeroyev folded before Flop (didn't bet)
Seat 6: Kopurana folded before Flop (didn't bet)
Seat 7: mg-deniz (button) collected ($0.05)
Seat 8: Mahcv38 (small blind) folded before Flop
Seat 9: Dorex2007 (big blind) folded before Flop



PokerStars Hand #237239488034:  Hold'em No Limit ($0.01/$0.02 USD) - 2022/07/08 12:49:25 PT [2022/07/08 15:49:25 ET]
Table 'Miriam III' 9-max Seat #8 is the button
Seat 2: Peka7a ($2 in chips) 
Seat 3: poldolk ($1.83 in chips) 
Seat 5: RGeroyev ($0.86 in chips) 
Seat 6: Kopurana ($1.97 in chips) 
Seat 7: mg-deniz ($2.38 in chips) 
Seat 8: Mahcv38 ($0.74 in chips) 
Seat 9: Dorex2007 ($2 in chips) 
Dorex2007: posts small blind $0.01
Zog Buster: is sitting out 
Zog Buster leaves the table
Peka7a: posts big blind $0.02
*** HOLE CARDS ***
Dealt to Dorex2007 [5h 6h]
poldolk: folds 
RGeroyev: raises $0.02 to $0.04
Kopurana: calls $0.04
mg-deniz: folds 
Mahcv38: raises $0.08 to $0.12
Dorex2007: folds 
Peka7a: calls $0.10
RGeroyev: folds 
Kopurana: folds 
*** FLOP *** [Jc 4c 9h]
Peka7a: checks 
Mahcv38: bets $0.16
Peka7a: folds 
Uncalled bet ($0.16) returned to Mahcv38
Mahcv38 collected $0.32 from pot
*** SUMMARY ***
Total pot $0.33 | Rake $0.01 
Board [Jc 4c 9h]
Seat 2: Peka7a (big blind) folded on the Flop
Seat 3: poldolk folded before Flop (didn't bet)
Seat 5: RGeroyev folded before Flop
Seat 6: Kopurana folded before Flop
Seat 7: mg-deniz folded before Flop (didn't bet)
Seat 8: Mahcv38 (button) collected ($0.32)
Seat 9: Dorex2007 (small blind) folded before Flop



PokerStars Hand #237239506032:  Hold'em No Limit ($0.01/$0.02 USD) - 2022/07/08 12:50:16 PT [2022/07/08 15:50:16 ET]
Table 'Miriam III' 9-max Seat #9 is the button
Seat 2: Peka7a ($1.88 in chips) 
Seat 3: poldolk ($1.83 in chips) 
Seat 5: RGeroyev ($0.82 in chips) 
Seat 6: Kopurana ($1.93 in chips) 
Seat 7: mg-deniz ($2.38 in chips) 
Seat 8: Mahcv38 ($0.94 in chips) 
Seat 9: Dorex2007 ($2 in chips) 
Peka7a: posts small blind $0.01
poldolk: posts big blind $0.02
*** HOLE CARDS ***
Dealt to Dorex2007 [7s 3c]
RGeroyev has timed out
RGeroyev: folds 
Kopurana: folds 
mg-deniz: folds 
Mahcv38: folds 
Dorex2007: folds 
Peka7a: raises $0.02 to $0.04
poldolk: calls $0.02
*** FLOP *** [5c 3d Qd]
Peka7a: bets $0.08
poldolk: folds 
Uncalled bet ($0.08) returned to Peka7a
Peka7a collected $0.08 from pot
*** SUMMARY ***
Total pot $0.08 | Rake $0 
Board [5c 3d Qd]
Seat 2: Peka7a (small blind) collected ($0.08)
Seat 3: poldolk (big blind) folded on the Flop
Seat 5: RGeroyev folded before Flop (didn't bet)
Seat 6: Kopurana folded before Flop (didn't bet)
Seat 7: mg-deniz folded before Flop (didn't bet)
Seat 8: Mahcv38 folded before Flop (didn't bet)
Seat 9: Dorex2007 (button) folded before Flop (didn't bet)



PokerStars Hand #237239519470:  Hold'em No Limit ($0.01/$0.02 USD) - 2022/07/08 12:50:53 PT [2022/07/08 15:50:53 ET]
Table 'Miriam III' 9-max Seat #2 is the button
Seat 2: Peka7a ($1.92 in chips) 
Seat 3: poldolk ($1.79 in chips) 
Seat 5: RGeroyev ($0.82 in chips) 
Seat 6: Kopurana ($1.93 in chips) 
Seat 7: mg-deniz ($2.38 in chips) 
Seat 8: Mahcv38 ($0.94 in chips) 
Seat 9: Dorex2007 ($2 in chips) 
poldolk: posts small blind $0.01
RGeroyev: posts big blind $0.02
*** HOLE CARDS ***
Dealt to Dorex2007 [Kh Ks]
Kopurana: folds 
mg-deniz: folds 
Mahcv38: folds 
Dorex2007: raises $0.06 to $0.08
Peka7a: folds 
poldolk: folds 
RGeroyev: folds 
Uncalled bet ($0.06) returned to Dorex2007
Dorex2007 collected $0.05 from pot
*** SUMMARY ***
Total pot $0.05 | Rake $0 
Seat 2: Peka7a (button) folded before Flop (didn't bet)
Seat 3: poldolk (small blind) folded before Flop
Seat 5: RGeroyev (big blind) folded before Flop
Seat 6: Kopurana folded before Flop (didn't bet)
Seat 7: mg-deniz folded before Flop (didn't bet)
Seat 8: Mahcv38 folded before Flop (didn't bet)
Seat 9: Dorex2007 collected ($0.05)



PokerStars Hand #237239527303:  Hold'em No Limit ($0.01/$0.02 USD) - 2022/07/08 12:51:15 PT [2022/07/08 15:51:15 ET]
Table 'Miriam III' 9-max Seat #3 is the button
Seat 2: Peka7a ($1.92 in chips) 
Seat 3: poldolk ($1.78 in chips) 
Seat 5: RGeroyev ($0.80 in chips) 
Seat 6: Kopurana ($1.93 in chips) 
Seat 7: mg-deniz ($2.38 in chips) 
Seat 8: Mahcv38 ($0.94 in chips) 
Seat 9: Dorex2007 ($2.03 in chips) 
RGeroyev: posts small blind $0.01
Kopurana: posts big blind $0.02
*** HOLE CARDS ***
Dealt to Dorex2007 [Kc As]
mg-deniz: folds 
Mahcv38: folds 
Dorex2007: raises $0.02 to $0.04
Peka7a: folds 
poldolk: raises $0.10 to $0.14
RGeroyev: folds 
Kopurana: folds 
Dorex2007: calls $0.10
*** FLOP *** [Qh Kd 8h]
Dorex2007: bets $0.20
poldolk: calls $0.20
*** TURN *** [Qh Kd 8h] [6s]
Dorex2007: bets $0.69
poldolk: raises $0.75 to $1.44 and is all-in
Dorex2007: calls $0.75
*** RIVER *** [Qh Kd 8h 6s] [Td]
*** SHOW DOWN ***
Dorex2007: shows [Kc As] (a pair of Kings)
poldolk: shows [Ks Ad] (a pair of Kings)
Dorex2007 collected $1.73 from pot
poldolk collected $1.71 from pot
*** SUMMARY ***
Total pot $3.59 | Rake $0.15 
Board [Qh Kd 8h 6s Td]
Seat 2: Peka7a folded before Flop (didn't bet)
Seat 3: poldolk (button) showed [Ks Ad] and won ($1.71) with a pair of Kings
Seat 5: RGeroyev (small blind) folded before Flop
Seat 6: Kopurana (big blind) folded before Flop
Seat 7: mg-deniz folded before Flop (didn't bet)
Seat 8: Mahcv38 folded before Flop (didn't bet)
Seat 9: Dorex2007 showed [Kc As] and won ($1.73) with a pair of Kings



PokerStars Hand #237239551659:  Hold'em No Limit ($0.01/$0.02 USD) - 2022/07/08 12:52:23 PT [2022/07/08 15:52:23 ET]
Table 'Miriam III' 9-max Seat #5 is the button
Seat 2: Peka7a ($1.92 in chips) 
Seat 3: poldolk ($1.71 in chips) 
Seat 5: RGeroyev ($0.79 in chips) 
Seat 6: Kopurana ($1.91 in chips) 
Seat 7: mg-deniz ($2.38 in chips) 
Seat 8: Mahcv38 ($0.94 in chips) 
Seat 9: Dorex2007 ($2 in chips) 
Kopurana: posts small blind $0.01
mg-deniz: posts big blind $0.02
*** HOLE CARDS ***
Dealt to Dorex2007 [4d Qc]
Mahcv38: folds 
Dorex2007: folds 
Peka7a: folds 
poldolk: folds 
RGeroyev: calls $0.02
wALEXSANDRw joins the table at seat #1 
Kopurana: raises $0.06 to $0.08
mg-deniz: folds 
RGeroyev: folds 
Uncalled bet ($0.06) returned to Kopurana
Kopurana collected $0.06 from pot
*** SUMMARY ***
Total pot $0.06 | Rake $0 
Seat 2: Peka7a folded before Flop (didn't bet)
Seat 3: poldolk folded before Flop (didn't bet)
Seat 5: RGeroyev (button) folded before Flop
Seat 6: Kopurana (small blind) collected ($0.06)
Seat 7: mg-deniz (big blind) folded before Flop
Seat 8: Mahcv38 folded before Flop (didn't bet)
Seat 9: Dorex2007 folded before Flop (didn't bet)



PokerStars Hand #237239563059:  Hold'em No Limit ($0.01/$0.02 USD) - 2022/07/08 12:52:55 PT [2022/07/08 15:52:55 ET]
Table 'Miriam III' 9-max Seat #6 is the button
Seat 2: Peka7a ($1.92 in chips) 
Seat 3: poldolk ($1.71 in chips) 
Seat 5: RGeroyev ($0.77 in chips) 
Seat 6: Kopurana ($1.95 in chips) 
Seat 7: mg-deniz ($2.36 in chips) 
Seat 8: Mahcv38 ($0.94 in chips) 
Seat 9: Dorex2007 ($2 in chips) 
mg-deniz: posts small blind $0.01
Mahcv38: posts big blind $0.02
wALEXSANDRw: sits out 
*** HOLE CARDS ***
Dealt to Dorex2007 [3h 5d]
Dorex2007: folds 
scottyboy110 joins the table at seat #4 
Peka7a: calls $0.02
poldolk: folds 
RGeroyev: folds 
Kopurana: folds 
mg-deniz: folds 
Mahcv38: checks 
*** FLOP *** [2h 7c 4s]
Mahcv38: checks 
Peka7a: bets $0.02
Mahcv38: calls $0.02
*** TURN *** [2h 7c 4s] [9s]
Mahcv38: checks 
Peka7a: bets $0.04
Mahcv38: folds 
Uncalled bet ($0.04) returned to Peka7a
Peka7a collected $0.09 from pot
*** SUMMARY ***
Total pot $0.09 | Rake $0 
Board [2h 7c 4s 9s]
Seat 2: Peka7a collected ($0.09)
Seat 3: poldolk folded before Flop (didn't bet)
Seat 5: RGeroyev folded before Flop (didn't bet)
Seat 6: Kopurana (button) folded before Flop (didn't bet)
Seat 7: mg-deniz (small blind) folded before Flop
Seat 8: Mahcv38 (big blind) folded on the Turn
Seat 9: Dorex2007 folded before Flop (didn't bet)



PokerStars Hand #237239581479:  Hold'em No Limit ($0.01/$0.02 USD) - 2022/07/08 12:53:47 PT [2022/07/08 15:53:47 ET]
Table 'Miriam III' 9-max Seat #7 is the button
Seat 2: Peka7a ($1.97 in chips) 
Seat 3: poldolk ($1.71 in chips) 
Seat 5: RGeroyev ($0.77 in chips) 
Seat 6: Kopurana ($1.95 in chips) 
Seat 7: mg-deniz ($2.35 in chips) 
Seat 8: Mahcv38 ($0.90 in chips) 
Seat 9: Dorex2007 ($2 in chips) 
Mahcv38: posts small blind $0.01
Dorex2007: posts big blind $0.02
wALEXSANDRw: sits out 
*** HOLE CARDS ***
Dealt to Dorex2007 [7h Qd]
Peka7a: folds 
poldolk: folds 
RGeroyev: folds 
Kopurana: raises $0.04 to $0.06
mg-deniz: folds 
Mahcv38: calls $0.05
Dorex2007: folds 
*** FLOP *** [5d 7d 5h]
Mahcv38: bets $0.14
Kopurana: folds 
Uncalled bet ($0.14) returned to Mahcv38
Mahcv38 collected $0.14 from pot
*** SUMMARY ***
Total pot $0.14 | Rake $0 
Board [5d 7d 5h]
Seat 2: Peka7a folded before Flop (didn't bet)
Seat 3: poldolk folded before Flop (didn't bet)
Seat 5: RGeroyev folded before Flop (didn't bet)
Seat 6: Kopurana folded on the Flop
Seat 7: mg-deniz (button) folded before Flop (didn't bet)
Seat 8: Mahcv38 (small blind) collected ($0.14)
Seat 9: Dorex2007 (big blind) folded before Flop



PokerStars Hand #237239606479:  Hold'em No Limit ($0.01/$0.02 USD) - 2022/07/08 12:54:38 PT [2022/07/08 15:54:38 ET]
Table 'Miriam III' 9-max Seat #8 is the button
Seat 1: wALEXSANDRw ($1.75 in chips) 
Seat 2: Peka7a ($1.97 in chips) 
Seat 3: poldolk ($1.71 in chips) 
Seat 5: RGeroyev ($0.77 in chips) 
Seat 6: Kopurana ($1.89 in chips) 
Seat 7: mg-deniz ($2.35 in chips) 
Seat 8: Mahcv38 ($0.98 in chips) 
Seat 9: Dorex2007 ($2 in chips) 
Dorex2007: posts small blind $0.01
wALEXSANDRw: posts big blind $0.02
*** HOLE CARDS ***
Dealt to Dorex2007 [6h Kd]
Peka7a: raises $0.02 to $0.04
poldolk: folds 
RGeroyev: folds 
Kopurana: folds 
mg-deniz: folds 
Mahcv38: folds 
Dorex2007: folds 
wALEXSANDRw: folds 
Uncalled bet ($0.02) returned to Peka7a
Peka7a collected $0.05 from pot
*** SUMMARY ***
Total pot $0.05 | Rake $0 
Seat 1: wALEXSANDRw (big blind) folded before Flop
Seat 2: Peka7a collected ($0.05)
Seat 3: poldolk folded before Flop (didn't bet)
Seat 5: RGeroyev folded before Flop (didn't bet)
Seat 6: Kopurana folded before Flop (didn't bet)
Seat 7: mg-deniz folded before Flop (didn't bet)
Seat 8: Mahcv38 (button) folded before Flop (didn't bet)
Seat 9: Dorex2007 (small blind) folded before Flop



PokerStars Hand #237239614766:  Hold'em No Limit ($0.01/$0.02 USD) - 2022/07/08 12:55:01 PT [2022/07/08 15:55:01 ET]
Table 'Miriam III' 9-max Seat #9 is the button
Seat 1: wALEXSANDRw ($1.73 in chips) 
Seat 2: Peka7a ($2 in chips) 
Seat 3: poldolk ($1.71 in chips) 
Seat 5: RGeroyev ($0.77 in chips) 
Seat 6: Kopurana ($1.89 in chips) 
Seat 7: mg-deniz ($2.35 in chips) 
Seat 8: Mahcv38 ($0.98 in chips) 
Seat 9: Dorex2007 ($2 in chips) 
wALEXSANDRw: posts small blind $0.01
Peka7a: posts big blind $0.02
*** HOLE CARDS ***
Dealt to Dorex2007 [5h Jh]
poldolk: folds 
RGeroyev: folds 
Kopurana: folds 
mg-deniz: raises $0.03 to $0.05
Mahcv38: folds 
Dorex2007: folds 
wALEXSANDRw: folds 
Peka7a: folds 
Uncalled bet ($0.03) returned to mg-deniz
mg-deniz collected $0.05 from pot
*** SUMMARY ***
Total pot $0.05 | Rake $0 
Seat 1: wALEXSANDRw (small blind) folded before Flop
Seat 2: Peka7a (big blind) folded before Flop
Seat 3: poldolk folded before Flop (didn't bet)
Seat 5: RGeroyev folded before Flop (didn't bet)
Seat 6: Kopurana folded before Flop (didn't bet)
Seat 7: mg-deniz collected ($0.05)
Seat 8: Mahcv38 folded before Flop (didn't bet)
Seat 9: Dorex2007 (button) folded before Flop (didn't bet)



PokerStars Hand #237239623827:  Hold'em No Limit ($0.01/$0.02 USD) - 2022/07/08 12:55:31 PT [2022/07/08 15:55:31 ET]
Table 'Miriam III' 9-max Seat #1 is the button
Seat 1: wALEXSANDRw ($1.72 in chips) 
Seat 2: Peka7a ($1.98 in chips) 
Seat 3: poldolk ($1.71 in chips) 
Seat 5: RGeroyev ($0.77 in chips) 
Seat 6: Kopurana ($1.89 in chips) 
Seat 7: mg-deniz ($2.38 in chips) 
Seat 8: Mahcv38 ($0.98 in chips) 
Seat 9: Dorex2007 ($2 in chips) 
Peka7a: posts small blind $0.01
poldolk: posts big blind $0.02
*** HOLE CARDS ***
Dealt to Dorex2007 [2s 6h]
RGeroyev: folds 
Kopurana: folds 
mg-deniz: folds 
Mahcv38: folds 
Dorex2007: folds 
wALEXSANDRw: raises $0.04 to $0.06
Peka7a: folds 
poldolk: calls $0.04
*** FLOP *** [8d 5h 4s]
poldolk: checks 
wALEXSANDRw: checks 
*** TURN *** [8d 5h 4s] [Kc]
poldolk: bets $0.07
wALEXSANDRw: folds 
Uncalled bet ($0.07) returned to poldolk
poldolk collected $0.13 from pot
*** SUMMARY ***
Total pot $0.13 | Rake $0 
Board [8d 5h 4s Kc]
Seat 1: wALEXSANDRw (button) folded on the Turn
Seat 2: Peka7a (small blind) folded before Flop
Seat 3: poldolk (big blind) collected ($0.13)
Seat 5: RGeroyev folded before Flop (didn't bet)
Seat 6: Kopurana folded before Flop (didn't bet)
Seat 7: mg-deniz folded before Flop (didn't bet)
Seat 8: Mahcv38 folded before Flop (didn't bet)
Seat 9: Dorex2007 folded before Flop (didn't bet)



PokerStars Hand #237239633536:  Hold'em No Limit ($0.01/$0.02 USD) - 2022/07/08 12:56:08 PT [2022/07/08 15:56:08 ET]
Table 'Miriam III' 9-max Seat #2 is the button
Seat 1: wALEXSANDRw ($1.66 in chips) 
Seat 2: Peka7a ($1.97 in chips) 
Seat 3: poldolk ($1.78 in chips) 
Seat 5: RGeroyev ($0.77 in chips) 
Seat 6: Kopurana ($1.89 in chips) 
Seat 7: mg-deniz ($2.38 in chips) 
Seat 8: Mahcv38 ($0.98 in chips) 
Seat 9: Dorex2007 ($2 in chips) 
poldolk: posts small blind $0.01
RGeroyev: posts big blind $0.02
*** HOLE CARDS ***
Dealt to Dorex2007 [6d Kh]
Kopurana: folds 
mg-deniz: folds 
Mahcv38: folds 
Dorex2007: folds 
wALEXSANDRw: folds 
Peka7a: folds 
poldolk: raises $0.03 to $0.05
RGeroyev: folds 
Uncalled bet ($0.03) returned to poldolk
poldolk collected $0.04 from pot
*** SUMMARY ***
Total pot $0.04 | Rake $0 
Seat 1: wALEXSANDRw folded before Flop (didn't bet)
Seat 2: Peka7a (button) folded before Flop (didn't bet)
Seat 3: poldolk (small blind) collected ($0.04)
Seat 5: RGeroyev (big blind) folded before Flop
Seat 6: Kopurana folded before Flop (didn't bet)
Seat 7: mg-deniz folded before Flop (didn't bet)
Seat 8: Mahcv38 folded before Flop (didn't bet)
Seat 9: Dorex2007 folded before Flop (didn't bet)



PokerStars Hand #237239640003:  Hold'em No Limit ($0.01/$0.02 USD) - 2022/07/08 12:56:33 PT [2022/07/08 15:56:33 ET]
Table 'Miriam III' 9-max Seat #3 is the button
Seat 1: wALEXSANDRw ($1.66 in chips) 
Seat 2: Peka7a ($1.97 in chips) 
Seat 3: poldolk ($1.80 in chips) 
Seat 5: RGeroyev ($0.75 in chips) 
Seat 6: Kopurana ($1.89 in chips) 
Seat 7: mg-deniz ($2.38 in chips) 
Seat 8: Mahcv38 ($0.98 in chips) 
Seat 9: Dorex2007 ($2 in chips) 
RGeroyev: posts small blind $0.01
Kopurana: posts big blind $0.02
*** HOLE CARDS ***
Dealt to Dorex2007 [Qs Jd]
mg-deniz: folds 
Mahcv38: folds 
Dorex2007: calls $0.02
wALEXSANDRw: calls $0.02
Peka7a: folds 
poldolk: calls $0.02
RGeroyev: calls $0.01
Kopurana: checks 
*** FLOP *** [3d 7h 6c]
RGeroyev: checks 
Kopurana: checks 
Dorex2007: checks 
wALEXSANDRw: checks 
poldolk: bets $0.03
RGeroyev: folds 
Kopurana: folds 
Dorex2007: folds 
wALEXSANDRw: folds 
Uncalled bet ($0.03) returned to poldolk
poldolk collected $0.10 from pot
*** SUMMARY ***
Total pot $0.10 | Rake $0 
Board [3d 7h 6c]
Seat 1: wALEXSANDRw folded on the Flop
Seat 2: Peka7a folded before Flop (didn't bet)
Seat 3: poldolk (button) collected ($0.10)
Seat 5: RGeroyev (small blind) folded on the Flop
Seat 6: Kopurana (big blind) folded on the Flop
Seat 7: mg-deniz folded before Flop (didn't bet)
Seat 8: Mahcv38 folded before Flop (didn't bet)
Seat 9: Dorex2007 folded on the Flop



PokerStars Hand #237239655598:  Hold'em No Limit ($0.01/$0.02 USD) - 2022/07/08 12:57:32 PT [2022/07/08 15:57:32 ET]
Table 'Miriam III' 9-max Seat #5 is the button
Seat 1: wALEXSANDRw ($1.64 in chips) 
Seat 2: Peka7a ($1.97 in chips) 
Seat 3: poldolk ($1.88 in chips) 
Seat 5: RGeroyev ($0.73 in chips) 
Seat 6: Kopurana ($1.87 in chips) 
Seat 7: mg-deniz ($2.38 in chips) 
Seat 8: Mahcv38 ($0.98 in chips) 
Seat 9: Dorex2007 ($2 in chips) 
Kopurana: posts small blind $0.01
mg-deniz: posts big blind $0.02
scottyboy110: sits out 
*** HOLE CARDS ***
Dealt to Dorex2007 [4h 2h]
Mahcv38: folds 
Dorex2007: folds 
wALEXSANDRw: folds 
Peka7a: raises $0.04 to $0.06
poldolk: folds 
RGeroyev: folds 
Kopurana: calls $0.05
mg-deniz: folds 
*** FLOP *** [Ah 5d 6c]
Kopurana: checks 
Peka7a: bets $0.08
Kopurana: folds 
Uncalled bet ($0.08) returned to Peka7a
Peka7a collected $0.14 from pot
*** SUMMARY ***
Total pot $0.14 | Rake $0 
Board [Ah 5d 6c]
Seat 1: wALEXSANDRw folded before Flop (didn't bet)
Seat 2: Peka7a collected ($0.14)
Seat 3: poldolk folded before Flop (didn't bet)
Seat 5: RGeroyev (button) folded before Flop (didn't bet)
Seat 6: Kopurana (small blind) folded on the Flop
Seat 7: mg-deniz (big blind) folded before Flop
Seat 8: Mahcv38 folded before Flop (didn't bet)
Seat 9: Dorex2007 folded before Flop (didn't bet)



PokerStars Hand #237239666688:  Hold'em No Limit ($0.01/$0.02 USD) - 2022/07/08 12:58:13 PT [2022/07/08 15:58:13 ET]
Table 'Miriam III' 9-max Seat #6 is the button
Seat 1: wALEXSANDRw ($1.64 in chips) 
Seat 2: Peka7a ($2.05 in chips) 
Seat 3: poldolk ($1.88 in chips) 
Seat 5: RGeroyev ($0.73 in chips) 
Seat 6: Kopurana ($1.81 in chips) 
Seat 7: mg-deniz ($2.36 in chips) 
Seat 8: Mahcv38 ($0.98 in chips) 
Seat 9: Dorex2007 ($2 in chips) 
mg-deniz: posts small blind $0.01
Mahcv38: posts big blind $0.02
scottyboy110: sits out 
*** HOLE CARDS ***
Dealt to Dorex2007 [Kc Ts]
Dorex2007: folds 
wALEXSANDRw: folds 
Peka7a: folds 
poldolk: folds 
RGeroyev: raises $0.02 to $0.04
Kopurana: folds 
mg-deniz: raises $0.16 to $0.20
Mahcv38: folds 
RGeroyev: folds 
Uncalled bet ($0.16) returned to mg-deniz
mg-deniz collected $0.10 from pot
*** SUMMARY ***
Total pot $0.10 | Rake $0 
Seat 1: wALEXSANDRw folded before Flop (didn't bet)
Seat 2: Peka7a folded before Flop (didn't bet)
Seat 3: poldolk folded before Flop (didn't bet)
Seat 5: RGeroyev folded before Flop
Seat 6: Kopurana (button) folded before Flop (didn't bet)
Seat 7: mg-deniz (small blind) collected ($0.10)
Seat 8: Mahcv38 (big blind) folded before Flop
Seat 9: Dorex2007 folded before Flop (didn't bet)



PokerStars Hand #237239676611:  Hold'em No Limit ($0.01/$0.02 USD) - 2022/07/08 12:58:51 PT [2022/07/08 15:58:51 ET]
Table 'Miriam III' 9-max Seat #7 is the button
Seat 1: wALEXSANDRw ($1.64 in chips) 
Seat 2: Peka7a ($2.05 in chips) 
Seat 3: poldolk ($1.88 in chips) 
Seat 5: RGeroyev ($0.69 in chips) 
Seat 6: Kopurana ($1.81 in chips) 
Seat 7: mg-deniz ($2.42 in chips) 
Seat 8: Mahcv38 ($0.96 in chips) 
Seat 9: Dorex2007 ($2 in chips) 
Mahcv38: posts small blind $0.01
Dorex2007: posts big blind $0.02
scottyboy110: sits out 
*** HOLE CARDS ***
Dealt to Dorex2007 [Tc 6s]
wALEXSANDRw: folds 
Peka7a: raises $0.06 to $0.08
poldolk: folds 
RGeroyev: folds 
Kopurana: folds 
mg-deniz: folds 
Mahcv38: folds 
Dorex2007: folds 
Uncalled bet ($0.06) returned to Peka7a
Peka7a collected $0.05 from pot
*** SUMMARY ***
Total pot $0.05 | Rake $0 
Seat 1: wALEXSANDRw folded before Flop (didn't bet)
Seat 2: Peka7a collected ($0.05)
Seat 3: poldolk folded before Flop (didn't bet)
Seat 5: RGeroyev folded before Flop (didn't bet)
Seat 6: Kopurana folded before Flop (didn't bet)
Seat 7: mg-deniz (button) folded before Flop (didn't bet)
Seat 8: Mahcv38 (small blind) folded before Flop
Seat 9: Dorex2007 (big blind) folded before Flop



PokerStars Hand #237239685631:  Hold'em No Limit ($0.01/$0.02 USD) - 2022/07/08 12:59:25 PT [2022/07/08 15:59:25 ET]
Table 'Miriam III' 9-max Seat #8 is the button
Seat 1: wALEXSANDRw ($1.64 in chips) 
Seat 2: Peka7a ($2.08 in chips) 
Seat 3: poldolk ($1.88 in chips) 
Seat 5: RGeroyev ($0.69 in chips) 
Seat 6: Kopurana ($1.81 in chips) 
Seat 7: mg-deniz ($2.42 in chips) 
Seat 8: Mahcv38 ($0.95 in chips) 
Seat 9: Dorex2007 ($2 in chips) 
Dorex2007: posts small blind $0.01
wALEXSANDRw: posts big blind $0.02
scottyboy110: sits out 
*** HOLE CARDS ***
Dealt to Dorex2007 [8s 3c]
Peka7a: calls $0.02
poldolk: folds 
RGeroyev: folds 
Kopurana: folds 
mg-deniz: calls $0.02
Mahcv38: folds 
Dorex2007: folds 
wALEXSANDRw: checks 
*** FLOP *** [Tc 6d 2d]
wALEXSANDRw: checks 
Peka7a: checks 
mg-deniz: checks 
*** TURN *** [Tc 6d 2d] [2h]
wALEXSANDRw: checks 
Peka7a: checks 
mg-deniz: bets $0.04
wALEXSANDRw: calls $0.04
Peka7a: folds 
*** RIVER *** [Tc 6d 2d 2h] [Ks]
wALEXSANDRw: checks 
mg-deniz: checks 
*** SHOW DOWN ***
wALEXSANDRw: shows [4h 5c] (a pair of Deuces)
mg-deniz: shows [4c 4s] (two pair, Fours and Deuces)
mg-deniz collected $0.14 from pot
*** SUMMARY ***
Total pot $0.15 | Rake $0.01 
Board [Tc 6d 2d 2h Ks]
Seat 1: wALEXSANDRw (big blind) showed [4h 5c] and lost with a pair of Deuces
Seat 2: Peka7a folded on the Turn
Seat 3: poldolk folded before Flop (didn't bet)
Seat 5: RGeroyev folded before Flop (didn't bet)
Seat 6: Kopurana folded before Flop (didn't bet)
Seat 7: mg-deniz showed [4c 4s] and won ($0.14) with two pair, Fours and Deuces
Seat 8: Mahcv38 (button) folded before Flop (didn't bet)
Seat 9: Dorex2007 (small blind) folded before Flop



PokerStars Hand #237239704105:  Hold'em No Limit ($0.01/$0.02 USD) - 2022/07/08 13:00:33 PT [2022/07/08 16:00:33 ET]
Table 'Miriam III' 9-max Seat #9 is the button
Seat 1: wALEXSANDRw ($1.58 in chips) 
Seat 2: Peka7a ($2.06 in chips) 
Seat 3: poldolk ($1.88 in chips) 
Seat 5: RGeroyev ($0.69 in chips) 
Seat 6: Kopurana ($1.81 in chips) 
Seat 7: mg-deniz ($2.50 in chips) 
Seat 8: Mahcv38 ($0.95 in chips) 
Seat 9: Dorex2007 ($2 in chips) 
wALEXSANDRw: posts small blind $0.01
Peka7a: posts big blind $0.02
scottyboy110: sits out 
*** HOLE CARDS ***
Dealt to Dorex2007 [Tc As]
poldolk: folds 
RGeroyev: folds 
Kopurana: folds 
mg-deniz: folds 
Mahcv38: folds 
Dorex2007: raises $0.04 to $0.06
wALEXSANDRw: folds 
Peka7a: calls $0.04
*** FLOP *** [Jc 8s 6c]
Peka7a: checks 
Dorex2007: checks 
*** TURN *** [Jc 8s 6c] [4s]
Peka7a: bets $0.13
Dorex2007: folds 
Uncalled bet ($0.13) returned to Peka7a
Peka7a collected $0.13 from pot
*** SUMMARY ***
Total pot $0.13 | Rake $0 
Board [Jc 8s 6c 4s]
Seat 1: wALEXSANDRw (small blind) folded before Flop
Seat 2: Peka7a (big blind) collected ($0.13)
Seat 3: poldolk folded before Flop (didn't bet)
Seat 5: RGeroyev folded before Flop (didn't bet)
Seat 6: Kopurana folded before Flop (didn't bet)
Seat 7: mg-deniz folded before Flop (didn't bet)
Seat 8: Mahcv38 folded before Flop (didn't bet)
Seat 9: Dorex2007 (button) folded on the Turn



PokerStars Hand #237239721589:  Hold'em No Limit ($0.01/$0.02 USD) - 2022/07/08 13:01:30 PT [2022/07/08 16:01:30 ET]
Table 'Miriam III' 9-max Seat #1 is the button
Seat 1: wALEXSANDRw ($1.57 in chips) 
Seat 2: Peka7a ($2.13 in chips) 
Seat 3: poldolk ($1.88 in chips) 
Seat 5: RGeroyev ($0.69 in chips) 
Seat 6: Kopurana ($1.81 in chips) 
Seat 7: mg-deniz ($2.50 in chips) 
Seat 8: Mahcv38 ($0.95 in chips) 
Seat 9: Dorex2007 ($2 in chips) 
Peka7a: posts small blind $0.01
poldolk: posts big blind $0.02
scottyboy110: sits out 
*** HOLE CARDS ***
Dealt to Dorex2007 [4d Qd]
RGeroyev: folds 
Kopurana: raises $0.04 to $0.06
mg-deniz: folds 
Mahcv38: folds 
Dorex2007: folds 
wALEXSANDRw: folds 
Peka7a: folds 
poldolk: folds 
Uncalled bet ($0.04) returned to Kopurana
Kopurana collected $0.05 from pot
*** SUMMARY ***
Total pot $0.05 | Rake $0 
Seat 1: wALEXSANDRw (button) folded before Flop (didn't bet)
Seat 2: Peka7a (small blind) folded before Flop
Seat 3: poldolk (big blind) folded before Flop
Seat 5: RGeroyev folded before Flop (didn't bet)
Seat 6: Kopurana collected ($0.05)
Seat 7: mg-deniz folded before Flop (didn't bet)
Seat 8: Mahcv38 folded before Flop (didn't bet)
Seat 9: Dorex2007 folded before Flop (didn't bet)



PokerStars Hand #237239733458:  Hold'em No Limit ($0.01/$0.02 USD) - 2022/07/08 13:02:05 PT [2022/07/08 16:02:05 ET]
Table 'Miriam III' 9-max Seat #2 is the button
Seat 1: wALEXSANDRw ($1.57 in chips) 
Seat 2: Peka7a ($2.12 in chips) 
Seat 3: poldolk ($1.86 in chips) 
Seat 5: RGeroyev ($0.69 in chips) 
Seat 6: Kopurana ($1.84 in chips) 
Seat 7: mg-deniz ($2.50 in chips) 
Seat 8: Mahcv38 ($0.95 in chips) 
Seat 9: Dorex2007 ($2 in chips) 
poldolk: posts small blind $0.01
scottyboy110: is sitting out 
RGeroyev: posts big blind $0.02
*** HOLE CARDS ***
Dealt to Dorex2007 [8h 6d]
Kopurana: folds 
mg-deniz: folds 
Mahcv38: folds 
Dorex2007: folds 
wALEXSANDRw: folds 
Peka7a: raises $0.06 to $0.08
poldolk: raises $0.14 to $0.22
RGeroyev: folds 
Peka7a: calls $0.14
*** FLOP *** [3c Tc 2c]
poldolk: bets $0.24
Peka7a: calls $0.24
*** TURN *** [3c Tc 2c] [6c]
poldolk: checks 
Peka7a: checks 
*** RIVER *** [3c Tc 2c 6c] [2d]
poldolk: checks 
Peka7a: bets $1.66 and is all-in
poldolk: folds 
Uncalled bet ($1.66) returned to Peka7a
Peka7a collected $0.91 from pot
*** SUMMARY ***
Total pot $0.94 | Rake $0.03 
Board [3c Tc 2c 6c 2d]
Seat 1: wALEXSANDRw folded before Flop (didn't bet)
Seat 2: Peka7a (button) collected ($0.91)
Seat 3: poldolk (small blind) folded on the River
Seat 5: RGeroyev (big blind) folded before Flop
Seat 6: Kopurana folded before Flop (didn't bet)
Seat 7: mg-deniz folded before Flop (didn't bet)
Seat 8: Mahcv38 folded before Flop (didn't bet)
Seat 9: Dorex2007 folded before Flop (didn't bet)



PokerStars Hand #237239768711:  Hold'em No Limit ($0.01/$0.02 USD) - 2022/07/08 13:03:19 PT [2022/07/08 16:03:19 ET]
Table 'Miriam III' 9-max Seat #3 is the button
Seat 1: wALEXSANDRw ($1.57 in chips) 
Seat 2: Peka7a ($2.57 in chips) 
Seat 3: poldolk ($1.40 in chips) 
Seat 5: RGeroyev ($0.67 in chips) 
Seat 6: Kopurana ($1.84 in chips) 
Seat 7: mg-deniz ($2.50 in chips) 
Seat 8: Mahcv38 ($0.95 in chips) 
Seat 9: Dorex2007 ($2 in chips) 
RGeroyev: posts small blind $0.01
Kopurana: posts big blind $0.02
*** HOLE CARDS ***
Dealt to Dorex2007 [7c 5c]
mg-deniz: folds 
Mahcv38: raises $0.04 to $0.06
Dorex2007: folds 
wALEXSANDRw: folds 
Peka7a: calls $0.06
poldolk: calls $0.06
RGeroyev: folds 
Kopurana: calls $0.04
*** FLOP *** [2h 5s 9s]
Kopurana: bets $0.06
Mahcv38: folds 
Peka7a: calls $0.06
poldolk: calls $0.06
*** TURN *** [2h 5s 9s] [9d]
Kopurana: checks 
Peka7a: checks 
poldolk: checks 
*** RIVER *** [2h 5s 9s 9d] [3s]
Kopurana: bets $0.10
Peka7a: folds 
poldolk: raises $0.23 to $0.33
RGeroyev leaves the table
Kopurana: calls $0.23
*** SHOW DOWN ***
poldolk: shows [Ts 6s] (a flush, Ten high)
Kopurana: mucks hand 
poldolk collected $1.04 from pot
*** SUMMARY ***
Total pot $1.09 | Rake $0.05 
Board [2h 5s 9s 9d 3s]
Seat 1: wALEXSANDRw folded before Flop (didn't bet)
Seat 2: Peka7a folded on the River
Seat 3: poldolk (button) showed [Ts 6s] and won ($1.04) with a flush, Ten high
Seat 5: RGeroyev (small blind) folded before Flop
Seat 6: Kopurana (big blind) mucked [8d 8s]
Seat 7: mg-deniz folded before Flop (didn't bet)
Seat 8: Mahcv38 folded on the Flop
Seat 9: Dorex2007 folded before Flop (didn't bet)



PokerStars Hand #237239809514:  Hold'em No Limit ($0.01/$0.02 USD) - 2022/07/08 13:05:13 PT [2022/07/08 16:05:13 ET]
Table 'Miriam III' 9-max Seat #6 is the button
Seat 1: wALEXSANDRw ($1.57 in chips) 
Seat 2: Peka7a ($2.45 in chips) 
Seat 3: poldolk ($1.99 in chips) 
Seat 4: scottyboy110 ($2 in chips) 
Seat 6: Kopurana ($1.39 in chips) 
Seat 7: mg-deniz ($2.50 in chips) 
Seat 8: Mahcv38 ($0.89 in chips) 
Seat 9: Dorex2007 ($2 in chips) 
mg-deniz: posts small blind $0.01
Mahcv38: posts big blind $0.02
scottyboy110: posts small & big blinds $0.03
*** HOLE CARDS ***
Dealt to Dorex2007 [4s 7h]
Dorex2007: folds 
wALEXSANDRw: calls $0.02
Peka7a: calls $0.02
poldolk: raises $0.10 to $0.12
scottyboy110: folds 
Kopurana: folds 
mg-deniz: folds 
Mahcv38: folds 
wALEXSANDRw: folds 
Peka7a: folds 
Uncalled bet ($0.10) returned to poldolk
poldolk collected $0.12 from pot
*** SUMMARY ***
Total pot $0.12 | Rake $0 
Seat 1: wALEXSANDRw folded before Flop
Seat 2: Peka7a folded before Flop
Seat 3: poldolk collected ($0.12)
Seat 4: scottyboy110 folded before Flop (didn't bet)
Seat 6: Kopurana (button) folded before Flop (didn't bet)
Seat 7: mg-deniz (small blind) folded before Flop
Seat 8: Mahcv38 (big blind) folded before Flop
Seat 9: Dorex2007 folded before Flop (didn't bet)



PokerStars Hand #237239823336:  Hold'em No Limit ($0.01/$0.02 USD) - 2022/07/08 13:05:51 PT [2022/07/08 16:05:51 ET]
Table 'Miriam III' 9-max Seat #7 is the button
Seat 1: wALEXSANDRw ($1.55 in chips) 
Seat 2: Peka7a ($2.43 in chips) 
Seat 3: poldolk ($2.09 in chips) 
Seat 4: scottyboy110 ($1.97 in chips) 
Seat 6: Kopurana ($2 in chips) 
Seat 7: mg-deniz ($2.49 in chips) 
Seat 8: Mahcv38 ($0.87 in chips) 
Seat 9: Dorex2007 ($2 in chips) 
Mahcv38: posts small blind $0.01
Dorex2007: posts big blind $0.02
*** HOLE CARDS ***
Dealt to Dorex2007 [7s Th]
wALEXSANDRw: calls $0.02
Peka7a: calls $0.02
poldolk: folds 
scottyboy110: folds 
Kopurana: folds 
mg-deniz: folds 
Mahcv38: folds 
Dorex2007: checks 
*** FLOP *** [5s Ks 5c]
Dorex2007: checks 
wALEXSANDRw: checks 
Peka7a: bets $0.04
Dorex2007: folds 
wALEXSANDRw: folds 
Uncalled bet ($0.04) returned to Peka7a
Peka7a collected $0.07 from pot
*** SUMMARY ***
Total pot $0.07 | Rake $0 
Board [5s Ks 5c]
Seat 1: wALEXSANDRw folded on the Flop
Seat 2: Peka7a collected ($0.07)
Seat 3: poldolk folded before Flop (didn't bet)
Seat 4: scottyboy110 folded before Flop (didn't bet)
Seat 6: Kopurana folded before Flop (didn't bet)
Seat 7: mg-deniz (button) folded before Flop (didn't bet)
Seat 8: Mahcv38 (small blind) folded before Flop
Seat 9: Dorex2007 (big blind) folded on the Flop



PokerStars Hand #237239836815:  Hold'em No Limit ($0.01/$0.02 USD) - 2022/07/08 13:06:28 PT [2022/07/08 16:06:28 ET]
Table 'Miriam III' 9-max Seat #8 is the button
Seat 1: wALEXSANDRw ($1.53 in chips) 
Seat 2: Peka7a ($2.48 in chips) 
Seat 3: poldolk ($2.09 in chips) 
Seat 4: scottyboy110 ($1.97 in chips) 
Seat 6: Kopurana ($2 in chips) 
Seat 7: mg-deniz ($2.49 in chips) 
Seat 8: Mahcv38 ($0.86 in chips) 
Seat 9: Dorex2007 ($2 in chips) 
Dorex2007: posts small blind $0.01
wALEXSANDRw: posts big blind $0.02
*** HOLE CARDS ***
Dealt to Dorex2007 [Jh 6c]
Peka7a: calls $0.02
poldolk: folds 
scottyboy110: folds 
Kopurana: folds 
mg-deniz: folds 
Mahcv38: raises $0.10 to $0.12
Dorex2007: folds 
wALEXSANDRw: folds 
Peka7a: calls $0.10
*** FLOP *** [8c Qd 5h]
Peka7a: checks 
Mahcv38: checks 
*** TURN *** [8c Qd 5h] [4h]
Peka7a: checks 
Mahcv38: bets $0.13
Peka7a: folds 
Uncalled bet ($0.13) returned to Mahcv38
Mahcv38 collected $0.26 from pot
*** SUMMARY ***
Total pot $0.27 | Rake $0.01 
Board [8c Qd 5h 4h]
Seat 1: wALEXSANDRw (big blind) folded before Flop
Seat 2: Peka7a folded on the Turn
Seat 3: poldolk folded before Flop (didn't bet)
Seat 4: scottyboy110 folded before Flop (didn't bet)
Seat 6: Kopurana folded before Flop (didn't bet)
Seat 7: mg-deniz folded before Flop (didn't bet)
Seat 8: Mahcv38 (button) collected ($0.26)
Seat 9: Dorex2007 (small blind) folded before Flop



PokerStars Hand #237239859466:  Hold'em No Limit ($0.01/$0.02 USD) - 2022/07/08 13:07:31 PT [2022/07/08 16:07:31 ET]
Table 'Miriam III' 9-max Seat #9 is the button
Seat 1: wALEXSANDRw ($1.51 in chips) 
Seat 2: Peka7a ($2.36 in chips) 
Seat 3: poldolk ($2.09 in chips) 
Seat 4: scottyboy110 ($1.97 in chips) 
Seat 6: Kopurana ($2 in chips) 
Seat 7: mg-deniz ($2.49 in chips) 
Seat 8: Mahcv38 ($1 in chips) 
Seat 9: Dorex2007 ($2 in chips) 
wALEXSANDRw: posts small blind $0.01
Peka7a: posts big blind $0.02
*** HOLE CARDS ***
Dealt to Dorex2007 [Jh 8s]
poldolk: folds 
scottyboy110: folds 
Kopurana: folds 
mg-deniz: folds 
Mahcv38: folds 
Dorex2007: folds 
wALEXSANDRw: raises $0.02 to $0.04
Peka7a: calls $0.02
*** FLOP *** [Jc 2s 5h]
wALEXSANDRw: checks 
Peka7a: bets $0.04
wALEXSANDRw: folds 
Uncalled bet ($0.04) returned to Peka7a
Peka7a collected $0.08 from pot
*** SUMMARY ***
Total pot $0.08 | Rake $0 
Board [Jc 2s 5h]
Seat 1: wALEXSANDRw (small blind) folded on the Flop
Seat 2: Peka7a (big blind) collected ($0.08)
Seat 3: poldolk folded before Flop (didn't bet)
Seat 4: scottyboy110 folded before Flop (didn't bet)
Seat 6: Kopurana folded before Flop (didn't bet)
Seat 7: mg-deniz folded before Flop (didn't bet)
Seat 8: Mahcv38 folded before Flop (didn't bet)
Seat 9: Dorex2007 (button) folded before Flop (didn't bet)



PokerStars Hand #237239868156:  Hold'em No Limit ($0.01/$0.02 USD) - 2022/07/08 13:07:55 PT [2022/07/08 16:07:55 ET]
Table 'Miriam III' 9-max Seat #1 is the button
Seat 1: wALEXSANDRw ($1.47 in chips) 
Seat 2: Peka7a ($2.40 in chips) 
Seat 3: poldolk ($2.09 in chips) 
Seat 4: scottyboy110 ($1.97 in chips) 
Seat 6: Kopurana ($2 in chips) 
Seat 7: mg-deniz ($2.49 in chips) 
Seat 8: Mahcv38 ($1 in chips) 
Seat 9: Dorex2007 ($2 in chips) 
Peka7a: posts small blind $0.01
poldolk: posts big blind $0.02
*** HOLE CARDS ***
Dealt to Dorex2007 [7c 2d]
scottyboy110: folds 
Kopurana: folds 
mg-deniz: folds 
Mahcv38: folds 
Dorex2007: folds 
Schdoerrchen joins the table at seat #5 
wALEXSANDRw: raises $0.04 to $0.06
Peka7a: folds 
poldolk: calls $0.04
*** FLOP *** [5h 7s 4d]
poldolk: checks 
wALEXSANDRw: checks 
*** TURN *** [5h 7s 4d] [6c]
poldolk: checks 
wALEXSANDRw: bets $0.04
poldolk: folds 
Uncalled bet ($0.04) returned to wALEXSANDRw
wALEXSANDRw collected $0.13 from pot
*** SUMMARY ***
Total pot $0.13 | Rake $0 
Board [5h 7s 4d 6c]
Seat 1: wALEXSANDRw (button) collected ($0.13)
Seat 2: Peka7a (small blind) folded before Flop
Seat 3: poldolk (big blind) folded on the Turn
Seat 4: scottyboy110 folded before Flop (didn't bet)
Seat 6: Kopurana folded before Flop (didn't bet)
Seat 7: mg-deniz folded before Flop (didn't bet)
Seat 8: Mahcv38 folded before Flop (didn't bet)
Seat 9: Dorex2007 folded before Flop (didn't bet)



PokerStars Hand #237239884319:  Hold'em No Limit ($0.01/$0.02 USD) - 2022/07/08 13:08:40 PT [2022/07/08 16:08:40 ET]
Table 'Miriam III' 9-max Seat #2 is the button
Seat 1: wALEXSANDRw ($1.54 in chips) 
Seat 2: Peka7a ($2.39 in chips) 
Seat 3: poldolk ($2.03 in chips) 
Seat 4: scottyboy110 ($1.97 in chips) 
Seat 6: Kopurana ($2 in chips) 
Seat 7: mg-deniz ($2.49 in chips) 
Seat 8: Mahcv38 ($1 in chips) 
Seat 9: Dorex2007 ($2 in chips) 
poldolk: posts small blind $0.01
scottyboy110: posts big blind $0.02
Schdoerrchen: sits out 
*** HOLE CARDS ***
Dealt to Dorex2007 [9s Td]
Kopurana: folds 
mg-deniz: folds 
Mahcv38: folds 
Dorex2007: folds 
wALEXSANDRw: folds 
Peka7a: calls $0.02
poldolk: calls $0.01
scottyboy110: checks 
*** FLOP *** [Qc Qd Js]
poldolk: checks 
scottyboy110: checks 
Peka7a: bets $0.02
poldolk: folds 
scottyboy110: folds 
Uncalled bet ($0.02) returned to Peka7a
Peka7a collected $0.06 from pot
*** SUMMARY ***
Total pot $0.06 | Rake $0 
Board [Qc Qd Js]
Seat 1: wALEXSANDRw folded before Flop (didn't bet)
Seat 2: Peka7a (button) collected ($0.06)
Seat 3: poldolk (small blind) folded on the Flop
Seat 4: scottyboy110 (big blind) folded on the Flop
Seat 6: Kopurana folded before Flop (didn't bet)
Seat 7: mg-deniz folded before Flop (didn't bet)
Seat 8: Mahcv38 folded before Flop (didn't bet)
Seat 9: Dorex2007 folded before Flop (didn't bet)



PokerStars Hand #237239902332:  Hold'em No Limit ($0.01/$0.02 USD) - 2022/07/08 13:09:31 PT [2022/07/08 16:09:31 ET]
Table 'Miriam III' 9-max Seat #3 is the button
Seat 1: wALEXSANDRw ($1.54 in chips) 
Seat 2: Peka7a ($2.43 in chips) 
Seat 3: poldolk ($2.01 in chips) 
Seat 4: scottyboy110 ($1.95 in chips) 
Seat 5: Schdoerrchen ($2 in chips) 
Seat 6: Kopurana ($2 in chips) 
Seat 7: mg-deniz ($2.49 in chips) 
Seat 8: Mahcv38 ($1 in chips) 
Seat 9: Dorex2007 ($2 in chips) 
scottyboy110: posts small blind $0.01
Schdoerrchen: posts big blind $0.02
*** HOLE CARDS ***
Dealt to Dorex2007 [9h 4c]
Kopurana: folds 
mg-deniz: raises $0.05 to $0.07
Mahcv38: folds 
Dorex2007: folds 
wALEXSANDRw: folds 
Peka7a: folds 
poldolk: folds 
scottyboy110: folds 
Schdoerrchen: folds 
Uncalled bet ($0.05) returned to mg-deniz
mg-deniz collected $0.05 from pot
*** SUMMARY ***
Total pot $0.05 | Rake $0 
Seat 1: wALEXSANDRw folded before Flop (didn't bet)
Seat 2: Peka7a folded before Flop (didn't bet)
Seat 3: poldolk (button) folded before Flop (didn't bet)
Seat 4: scottyboy110 (small blind) folded before Flop
Seat 5: Schdoerrchen (big blind) folded before Flop
Seat 6: Kopurana folded before Flop (didn't bet)
Seat 7: mg-deniz collected ($0.05)
Seat 8: Mahcv38 folded before Flop (didn't bet)
Seat 9: Dorex2007 folded before Flop (didn't bet)



PokerStars Hand #237239916518:  Hold'em No Limit ($0.01/$0.02 USD) - 2022/07/08 13:10:10 PT [2022/07/08 16:10:10 ET]
Table 'Miriam III' 9-max Seat #4 is the button
Seat 1: wALEXSANDRw ($1.54 in chips) 
Seat 2: Peka7a ($2.43 in chips) 
Seat 3: poldolk ($2.01 in chips) 
Seat 4: scottyboy110 ($1.94 in chips) 
Seat 5: Schdoerrchen ($2 in chips) 
Seat 6: Kopurana ($2 in chips) 
Seat 7: mg-deniz ($2.52 in chips) 
Seat 8: Mahcv38 ($1 in chips) 
Seat 9: Dorex2007 ($2 in chips) 
Schdoerrchen: posts small blind $0.01
Kopurana: posts big blind $0.02
*** HOLE CARDS ***
Dealt to Dorex2007 [Th 6h]
mg-deniz: raises $0.05 to $0.07
Mahcv38: folds 
Dorex2007: folds 
wALEXSANDRw: folds 
Peka7a: folds 
poldolk: raises $0.15 to $0.22
scottyboy110: folds 
Schdoerrchen: folds 
Kopurana: folds 
mg-deniz: raises $0.34 to $0.56
poldolk: folds 
Uncalled bet ($0.34) returned to mg-deniz
mg-deniz collected $0.47 from pot
*** SUMMARY ***
Total pot $0.47 | Rake $0 
Seat 1: wALEXSANDRw folded before Flop (didn't bet)
Seat 2: Peka7a folded before Flop (didn't bet)
Seat 3: poldolk folded before Flop
Seat 4: scottyboy110 (button) folded before Flop (didn't bet)
Seat 5: Schdoerrchen (small blind) folded before Flop
Seat 6: Kopurana (big blind) folded before Flop
Seat 7: mg-deniz collected ($0.47)
Seat 8: Mahcv38 folded before Flop (didn't bet)
Seat 9: Dorex2007 folded before Flop (didn't bet)



PokerStars Hand #237239941844:  Hold'em No Limit ($0.01/$0.02 USD) - 2022/07/08 13:11:20 PT [2022/07/08 16:11:20 ET]
Table 'Miriam III' 9-max Seat #5 is the button
Seat 1: wALEXSANDRw ($1.54 in chips) 
Seat 2: Peka7a ($2.43 in chips) 
Seat 3: poldolk ($1.79 in chips) 
Seat 4: scottyboy110 ($1.94 in chips) 
Seat 5: Schdoerrchen ($2 in chips) 
Seat 6: Kopurana ($1.98 in chips) 
Seat 7: mg-deniz ($2.77 in chips) 
Seat 8: Mahcv38 ($1 in chips) 
Seat 9: Dorex2007 ($2 in chips) 
Kopurana: posts small blind $0.01
mg-deniz: posts big blind $0.02
*** HOLE CARDS ***
Dealt to Dorex2007 [Ks 2h]
Mahcv38: folds 
Dorex2007: folds 
wALEXSANDRw: folds 
Peka7a: folds 
poldolk: raises $0.03 to $0.05
scottyboy110: folds 
Schdoerrchen: folds 
Kopurana: folds 
mg-deniz: folds 
Uncalled bet ($0.03) returned to poldolk
poldolk collected $0.05 from pot
*** SUMMARY ***
Total pot $0.05 | Rake $0 
Seat 1: wALEXSANDRw folded before Flop (didn't bet)
Seat 2: Peka7a folded before Flop (didn't bet)
Seat 3: poldolk collected ($0.05)
Seat 4: scottyboy110 folded before Flop (didn't bet)
Seat 5: Schdoerrchen (button) folded before Flop (didn't bet)
Seat 6: Kopurana (small blind) folded before Flop
Seat 7: mg-deniz (big blind) folded before Flop
Seat 8: Mahcv38 folded before Flop (didn't bet)
Seat 9: Dorex2007 folded before Flop (didn't bet)



PokerStars Hand #237239951380:  Hold'em No Limit ($0.01/$0.02 USD) - 2022/07/08 13:11:46 PT [2022/07/08 16:11:46 ET]
Table 'Miriam III' 9-max Seat #6 is the button
Seat 1: wALEXSANDRw ($1.54 in chips) 
Seat 2: Peka7a ($2.43 in chips) 
Seat 3: poldolk ($1.82 in chips) 
Seat 4: scottyboy110 ($1.94 in chips) 
Seat 5: Schdoerrchen ($2 in chips) 
Seat 6: Kopurana ($1.97 in chips) 
Seat 7: mg-deniz ($2.75 in chips) 
Seat 8: Mahcv38 ($1 in chips) 
Seat 9: Dorex2007 ($2 in chips) 
mg-deniz: posts small blind $0.01
Mahcv38: posts big blind $0.02
*** HOLE CARDS ***
Dealt to Dorex2007 [Qd 6s]
Dorex2007: folds 
wALEXSANDRw: folds 
Peka7a: calls $0.02
poldolk: folds 
scottyboy110: folds 
Schdoerrchen: folds 
Kopurana: folds 
mg-deniz: folds 
Mahcv38: checks 
*** FLOP *** [3c 6c 8d]
Mahcv38: checks 
Peka7a: bets $0.02
Mahcv38: calls $0.02
*** TURN *** [3c 6c 8d] [Js]
Mahcv38: checks 
Peka7a: bets $0.06
Mahcv38: folds 
Uncalled bet ($0.06) returned to Peka7a
Peka7a collected $0.09 from pot
*** SUMMARY ***
Total pot $0.09 | Rake $0 
Board [3c 6c 8d Js]
Seat 1: wALEXSANDRw folded before Flop (didn't bet)
Seat 2: Peka7a collected ($0.09)
Seat 3: poldolk folded before Flop (didn't bet)
Seat 4: scottyboy110 folded before Flop (didn't bet)
Seat 5: Schdoerrchen folded before Flop (didn't bet)
Seat 6: Kopurana (button) folded before Flop (didn't bet)
Seat 7: mg-deniz (small blind) folded before Flop
Seat 8: Mahcv38 (big blind) folded on the Turn
Seat 9: Dorex2007 folded before Flop (didn't bet)



PokerStars Hand #237239974194:  Hold'em No Limit ($0.01/$0.02 USD) - 2022/07/08 13:12:49 PT [2022/07/08 16:12:49 ET]
Table 'Miriam III' 9-max Seat #7 is the button
Seat 1: wALEXSANDRw ($1.54 in chips) 
Seat 2: Peka7a ($2.48 in chips) 
Seat 3: poldolk ($1.82 in chips) 
Seat 4: scottyboy110 ($1.94 in chips) 
Seat 5: Schdoerrchen ($2 in chips) 
Seat 6: Kopurana ($1.97 in chips) 
Seat 7: mg-deniz ($2.74 in chips) 
Seat 8: Mahcv38 ($0.96 in chips) 
Seat 9: Dorex2007 ($2 in chips) 
Mahcv38: posts small blind $0.01
Dorex2007: posts big blind $0.02
*** HOLE CARDS ***
Dealt to Dorex2007 [Th Jh]
wALEXSANDRw: folds 
Peka7a: calls $0.02
poldolk: folds 
scottyboy110: folds 
Schdoerrchen: folds 
Kopurana: folds 
mg-deniz: folds 
Mahcv38: folds 
Dorex2007: checks 
*** FLOP *** [2d 3c Ac]
Dorex2007: checks 
Peka7a: checks 
*** TURN *** [2d 3c Ac] [2c]
Dorex2007: checks 
Peka7a: bets $0.02
Dorex2007: folds 
Uncalled bet ($0.02) returned to Peka7a
Peka7a collected $0.05 from pot
*** SUMMARY ***
Total pot $0.05 | Rake $0 
Board [2d 3c Ac 2c]
Seat 1: wALEXSANDRw folded before Flop (didn't bet)
Seat 2: Peka7a collected ($0.05)
Seat 3: poldolk folded before Flop (didn't bet)
Seat 4: scottyboy110 folded before Flop (didn't bet)
Seat 5: Schdoerrchen folded before Flop (didn't bet)
Seat 6: Kopurana folded before Flop (didn't bet)
Seat 7: mg-deniz (button) folded before Flop (didn't bet)
Seat 8: Mahcv38 (small blind) folded before Flop
Seat 9: Dorex2007 (big blind) folded on the Turn



PokerStars Hand #237239991947:  Hold'em No Limit ($0.01/$0.02 USD) - 2022/07/08 13:13:39 PT [2022/07/08 16:13:39 ET]
Table 'Miriam III' 9-max Seat #8 is the button
Seat 1: wALEXSANDRw ($1.54 in chips) 
Seat 2: Peka7a ($2.51 in chips) 
Seat 3: poldolk ($1.82 in chips) 
Seat 4: scottyboy110 ($1.94 in chips) 
Seat 5: Schdoerrchen ($2 in chips) 
Seat 6: Kopurana ($1.97 in chips) 
Seat 7: mg-deniz ($2.74 in chips) 
Seat 8: Mahcv38 ($0.95 in chips) 
Seat 9: Dorex2007 ($2 in chips) 
Dorex2007: posts small blind $0.01
wALEXSANDRw: posts big blind $0.02
*** HOLE CARDS ***
Dealt to Dorex2007 [6d 9d]
Peka7a: raises $0.02 to $0.04
poldolk: calls $0.04
scottyboy110: folds 
Schdoerrchen: folds 
Kopurana: folds 
mg-deniz: folds 
Mahcv38: folds 
Dorex2007: folds 
wALEXSANDRw: calls $0.02
*** FLOP *** [Ts 6c As]
wALEXSANDRw: checks 
Peka7a: checks 
poldolk: bets $0.07
wALEXSANDRw: folds 
Peka7a: calls $0.07
*** TURN *** [Ts 6c As] [3d]
Peka7a: checks 
poldolk: checks 
*** RIVER *** [Ts 6c As 3d] [3c]
Peka7a: bets $0.26
poldolk: folds 
Uncalled bet ($0.26) returned to Peka7a
Peka7a collected $0.26 from pot
*** SUMMARY ***
Total pot $0.27 | Rake $0.01 
Board [Ts 6c As 3d 3c]
Seat 1: wALEXSANDRw (big blind) folded on the Flop
Seat 2: Peka7a collected ($0.26)
Seat 3: poldolk folded on the River
Seat 4: scottyboy110 folded before Flop (didn't bet)
Seat 5: Schdoerrchen folded before Flop (didn't bet)
Seat 6: Kopurana folded before Flop (didn't bet)
Seat 7: mg-deniz folded before Flop (didn't bet)
Seat 8: Mahcv38 (button) folded before Flop (didn't bet)
Seat 9: Dorex2007 (small blind) folded before Flop



PokerStars Hand #237240014229:  Hold'em No Limit ($0.01/$0.02 USD) - 2022/07/08 13:14:41 PT [2022/07/08 16:14:41 ET]
Table 'Miriam III' 9-max Seat #9 is the button
Seat 1: wALEXSANDRw ($1.50 in chips) 
Seat 2: Peka7a ($2.66 in chips) 
Seat 3: poldolk ($1.71 in chips) 
Seat 4: scottyboy110 ($1.94 in chips) 
Seat 5: Schdoerrchen ($2 in chips) 
Seat 6: Kopurana ($1.97 in chips) 
Seat 7: mg-deniz ($2.74 in chips) 
Seat 8: Mahcv38 ($0.95 in chips) 
Seat 9: Dorex2007 ($2 in chips) 
wALEXSANDRw: posts small blind $0.01
Peka7a: posts big blind $0.02
*** HOLE CARDS ***
Dealt to Dorex2007 [6c 8h]
poldolk: folds 
scottyboy110: raises $0.04 to $0.06
Schdoerrchen: folds 
Kopurana: folds 
mg-deniz: folds 
Mahcv38: folds 
Dorex2007: folds 
wALEXSANDRw: folds 
Peka7a: calls $0.04
*** FLOP *** [8d 3d 4h]
Peka7a: checks 
scottyboy110: bets $0.08
Peka7a: calls $0.08
*** TURN *** [8d 3d 4h] [Ks]
Peka7a: checks 
scottyboy110: bets $0.20
Peka7a: calls $0.20
*** RIVER *** [8d 3d 4h Ks] [Jd]
Peka7a: checks 
scottyboy110: checks 
*** SHOW DOWN ***
Peka7a: shows [8s 9s] (a pair of Eights)
scottyboy110: shows [Ad As] (a pair of Aces)
scottyboy110 collected $0.67 from pot
*** SUMMARY ***
Total pot $0.69 | Rake $0.02 
Board [8d 3d 4h Ks Jd]
Seat 1: wALEXSANDRw (small blind) folded before Flop
Seat 2: Peka7a (big blind) showed [8s 9s] and lost with a pair of Eights
Seat 3: poldolk folded before Flop (didn't bet)
Seat 4: scottyboy110 showed [Ad As] and won ($0.67) with a pair of Aces
Seat 5: Schdoerrchen folded before Flop (didn't bet)
Seat 6: Kopurana folded before Flop (didn't bet)
Seat 7: mg-deniz folded before Flop (didn't bet)
Seat 8: Mahcv38 folded before Flop (didn't bet)
Seat 9: Dorex2007 (button) folded before Flop (didn't bet)



PokerStars Hand #237240043881:  Hold'em No Limit ($0.01/$0.02 USD) - 2022/07/08 13:16:01 PT [2022/07/08 16:16:01 ET]
Table 'Miriam III' 9-max Seat #1 is the button
Seat 1: wALEXSANDRw ($1.49 in chips) 
Seat 2: Peka7a ($2.32 in chips) 
Seat 3: poldolk ($1.71 in chips) 
Seat 4: scottyboy110 ($2.27 in chips) 
Seat 5: Schdoerrchen ($2 in chips) 
Seat 6: Kopurana ($1.97 in chips) 
Seat 7: mg-deniz ($2.74 in chips) 
Seat 8: Mahcv38 ($0.95 in chips) 
Seat 9: Dorex2007 ($2 in chips) 
Peka7a: posts small blind $0.01
poldolk: posts big blind $0.02
*** HOLE CARDS ***
Dealt to Dorex2007 [4s Ad]
scottyboy110: folds 
Schdoerrchen: calls $0.02
Kopurana: folds 
mg-deniz: folds 
Mahcv38: folds 
Dorex2007: folds 
wALEXSANDRw: calls $0.02
Peka7a: folds 
poldolk: raises $0.06 to $0.08
Schdoerrchen: folds 
wALEXSANDRw: folds 
Uncalled bet ($0.06) returned to poldolk
Peka7a leaves the table
poldolk collected $0.07 from pot
*** SUMMARY ***
Total pot $0.07 | Rake $0 
Seat 1: wALEXSANDRw (button) folded before Flop
Seat 2: Peka7a (small blind) folded before Flop
Seat 3: poldolk (big blind) collected ($0.07)
Seat 4: scottyboy110 folded before Flop (didn't bet)
Seat 5: Schdoerrchen folded before Flop
Seat 6: Kopurana folded before Flop (didn't bet)
Seat 7: mg-deniz folded before Flop (didn't bet)
Seat 8: Mahcv38 folded before Flop (didn't bet)
Seat 9: Dorex2007 folded before Flop (didn't bet)



PokerStars Hand #237240062568:  Hold'em No Limit ($0.01/$0.02 USD) - 2022/07/08 13:16:51 PT [2022/07/08 16:16:51 ET]
Table 'Miriam III' 9-max Seat #3 is the button
Seat 1: wALEXSANDRw ($1.47 in chips) 
Seat 3: poldolk ($1.76 in chips) 
Seat 4: scottyboy110 ($2.27 in chips) 
Seat 5: Schdoerrchen ($2 in chips) 
Seat 6: Kopurana ($1.97 in chips) 
Seat 7: mg-deniz ($2.74 in chips) 
Seat 8: Mahcv38 ($0.95 in chips) 
Seat 9: Dorex2007 ($2 in chips) 
scottyboy110: posts small blind $0.01
Schdoerrchen: posts big blind $0.02
*** HOLE CARDS ***
Dealt to Dorex2007 [4h 5d]
Kopurana: folds 
mg-deniz: folds 
Mahcv38: folds 
Dorex2007: folds 
wALEXSANDRw: folds 
poldolk: folds 
scottyboy110: raises $0.04 to $0.06
Schdoerrchen: calls $0.04
*** FLOP *** [Tc 5h 6s]
scottyboy110: bets $0.08
LandlordCZ joins the table at seat #2 
Schdoerrchen: calls $0.08
*** TURN *** [Tc 5h 6s] [4c]
scottyboy110: bets $0.12
Schdoerrchen: calls $0.12
*** RIVER *** [Tc 5h 6s 4c] [Ks]
scottyboy110: bets $0.50
Schdoerrchen: raises $0.50 to $1
scottyboy110: calls $0.50
*** SHOW DOWN ***
Schdoerrchen: shows [7c 8s] (a straight, Four to Eight)
scottyboy110: mucks hand 
Schdoerrchen collected $2.41 from pot
*** SUMMARY ***
Total pot $2.52 | Rake $0.11 
Board [Tc 5h 6s 4c Ks]
Seat 1: wALEXSANDRw folded before Flop (didn't bet)
Seat 3: poldolk (button) folded before Flop (didn't bet)
Seat 4: scottyboy110 (small blind) mucked [Kc Th]
Seat 5: Schdoerrchen (big blind) showed [7c 8s] and won ($2.41) with a straight, Four to Eight
Seat 6: Kopurana folded before Flop (didn't bet)
Seat 7: mg-deniz folded before Flop (didn't bet)
Seat 8: Mahcv38 folded before Flop (didn't bet)
Seat 9: Dorex2007 folded before Flop (didn't bet)



PokerStars Hand #237240080538:  Hold'em No Limit ($0.01/$0.02 USD) - 2022/07/08 13:17:37 PT [2022/07/08 16:17:37 ET]
Table 'Miriam III' 9-max Seat #4 is the button
Seat 1: wALEXSANDRw ($1.47 in chips) 
Seat 2: LandlordCZ ($0.80 in chips) 
Seat 3: poldolk ($1.76 in chips) 
Seat 4: scottyboy110 ($1.01 in chips) 
Seat 5: Schdoerrchen ($3.15 in chips) 
Seat 6: Kopurana ($1.97 in chips) 
Seat 7: mg-deniz ($2.74 in chips) 
Seat 8: Mahcv38 ($0.95 in chips) 
Seat 9: Dorex2007 ($2 in chips) 
Schdoerrchen: posts small blind $0.01
Kopurana: posts big blind $0.02
LandlordCZ: posts big blind $0.02
*** HOLE CARDS ***
Dealt to Dorex2007 [Ac Jh]
mg-deniz: folds 
Mahcv38: folds 
Dorex2007: raises $0.06 to $0.08
wALEXSANDRw: folds 
LandlordCZ: calls $0.06
poldolk: folds 
scottyboy110: folds 
Schdoerrchen: folds 
Kopurana: folds 
*** FLOP *** [Th Qc 9c]
Dorex2007: bets $0.12
LandlordCZ: calls $0.12
*** TURN *** [Th Qc 9c] [3h]
Dorex2007: checks 
LandlordCZ: checks 
*** RIVER *** [Th Qc 9c 3h] [5d]
Dorex2007: bets $0.20
LandlordCZ: folds 
Uncalled bet ($0.20) returned to Dorex2007
Dorex2007 collected $0.41 from pot
*** SUMMARY ***
Total pot $0.43 | Rake $0.02 
Board [Th Qc 9c 3h 5d]
Seat 1: wALEXSANDRw folded before Flop (didn't bet)
Seat 2: LandlordCZ folded on the River
Seat 3: poldolk folded before Flop (didn't bet)
Seat 4: scottyboy110 (button) folded before Flop (didn't bet)
Seat 5: Schdoerrchen (small blind) folded before Flop
Seat 6: Kopurana (big blind) folded before Flop
Seat 7: mg-deniz folded before Flop (didn't bet)
Seat 8: Mahcv38 folded before Flop (didn't bet)
Seat 9: Dorex2007 collected ($0.41)



PokerStars Hand #237240100491:  Hold'em No Limit ($0.01/$0.02 USD) - 2022/07/08 13:18:31 PT [2022/07/08 16:18:31 ET]
Table 'Miriam III' 9-max Seat #5 is the button
Seat 1: wALEXSANDRw ($1.47 in chips) 
Seat 2: LandlordCZ ($0.60 in chips) 
Seat 3: poldolk ($1.76 in chips) 
Seat 4: scottyboy110 ($1.01 in chips) 
Seat 5: Schdoerrchen ($3.14 in chips) 
Seat 6: Kopurana ($1.95 in chips) 
Seat 7: mg-deniz ($2.74 in chips) 
Seat 8: Mahcv38 ($0.95 in chips) 
Seat 9: Dorex2007 ($2.21 in chips) 
Kopurana: posts small blind $0.01
mg-deniz: posts big blind $0.02
*** HOLE CARDS ***
Dealt to Dorex2007 [3s 5s]
Mahcv38: raises $0.04 to $0.06
Dorex2007: folds 
wALEXSANDRw: folds 
LandlordCZ: folds 
poldolk: folds 
scottyboy110: folds 
Schdoerrchen: folds 
Kopurana: folds 
mg-deniz: folds 
Uncalled bet ($0.04) returned to Mahcv38
Mahcv38 collected $0.05 from pot
*** SUMMARY ***
Total pot $0.05 | Rake $0 
Seat 1: wALEXSANDRw folded before Flop (didn't bet)
Seat 2: LandlordCZ folded before Flop (didn't bet)
Seat 3: poldolk folded before Flop (didn't bet)
Seat 4: scottyboy110 folded before Flop (didn't bet)
Seat 5: Schdoerrchen (button) folded before Flop (didn't bet)
Seat 6: Kopurana (small blind) folded before Flop
Seat 7: mg-deniz (big blind) folded before Flop
Seat 8: Mahcv38 collected ($0.05)
Seat 9: Dorex2007 folded before Flop (didn't bet)



PokerStars Hand #237240112772:  Hold'em No Limit ($0.01/$0.02 USD) - 2022/07/08 13:19:03 PT [2022/07/08 16:19:03 ET]
Table 'Miriam III' 9-max Seat #6 is the button
Seat 1: wALEXSANDRw ($1.47 in chips) 
Seat 2: LandlordCZ ($0.60 in chips) 
Seat 3: poldolk ($1.76 in chips) 
Seat 4: scottyboy110 ($1.01 in chips) 
Seat 5: Schdoerrchen ($3.14 in chips) 
Seat 6: Kopurana ($1.94 in chips) 
Seat 7: mg-deniz ($2.72 in chips) 
Seat 8: Mahcv38 ($0.98 in chips) 
Seat 9: Dorex2007 ($2.21 in chips) 
mg-deniz: posts small blind $0.01
Mahcv38: posts big blind $0.02
*** HOLE CARDS ***
Dealt to Dorex2007 [9h 4h]
Dorex2007: folds 
wALEXSANDRw: raises $0.04 to $0.06
LandlordCZ: folds 
poldolk: folds 
scottyboy110: folds 
Schdoerrchen: folds 
Kopurana: folds 
mg-deniz: folds 
Mahcv38: folds 
Uncalled bet ($0.04) returned to wALEXSANDRw
wALEXSANDRw collected $0.05 from pot
*** SUMMARY ***
Total pot $0.05 | Rake $0 
Seat 1: wALEXSANDRw collected ($0.05)
Seat 2: LandlordCZ folded before Flop (didn't bet)
Seat 3: poldolk folded before Flop (didn't bet)
Seat 4: scottyboy110 folded before Flop (didn't bet)
Seat 5: Schdoerrchen folded before Flop (didn't bet)
Seat 6: Kopurana (button) folded before Flop (didn't bet)
Seat 7: mg-deniz (small blind) folded before Flop
Seat 8: Mahcv38 (big blind) folded before Flop
Seat 9: Dorex2007 folded before Flop (didn't bet)



PokerStars Hand #237240126701:  Hold'em No Limit ($0.01/$0.02 USD) - 2022/07/08 13:19:25 PT [2022/07/08 16:19:25 ET]
Table 'Miriam III' 9-max Seat #7 is the button
Seat 1: wALEXSANDRw ($1.50 in chips) 
Seat 2: LandlordCZ ($0.60 in chips) 
Seat 3: poldolk ($1.76 in chips) 
Seat 4: scottyboy110 ($1.01 in chips) 
Seat 5: Schdoerrchen ($3.14 in chips) 
Seat 6: Kopurana ($1.94 in chips) 
Seat 7: mg-deniz ($2.71 in chips) 
Seat 8: Mahcv38 ($0.96 in chips) 
Seat 9: Dorex2007 ($2.21 in chips) 
Mahcv38: posts small blind $0.01
Dorex2007: posts big blind $0.02
*** HOLE CARDS ***
Dealt to Dorex2007 [2c 8s]
wALEXSANDRw: folds 
LandlordCZ: calls $0.02
poldolk: folds 
scottyboy110: folds 
Schdoerrchen: calls $0.02
Kopurana: raises $0.10 to $0.12
mg-deniz: folds 
Mahcv38: folds 
Dorex2007: folds 
LandlordCZ: calls $0.10
Schdoerrchen: folds 
*** FLOP *** [Qh 3h 4c]
LandlordCZ: checks 
Mahcv38 leaves the table
Kopurana: bets $0.12
LandlordCZ: raises $0.36 to $0.48 and is all-in
Kopurana: calls $0.36
*** TURN *** [Qh 3h 4c] [Ts]
*** RIVER *** [Qh 3h 4c Ts] [6d]
*** SHOW DOWN ***
LandlordCZ: shows [Td Qc] (two pair, Queens and Tens)
Kopurana: shows [8h 9h] (high card Queen)
LandlordCZ collected $1.21 from pot
*** SUMMARY ***
Total pot $1.25 | Rake $0.04 
Board [Qh 3h 4c Ts 6d]
Seat 1: wALEXSANDRw folded before Flop (didn't bet)
Seat 2: LandlordCZ showed [Td Qc] and won ($1.21) with two pair, Queens and Tens
Seat 3: poldolk folded before Flop (didn't bet)
Seat 4: scottyboy110 folded before Flop (didn't bet)
Seat 5: Schdoerrchen folded before Flop
Seat 6: Kopurana showed [8h 9h] and lost with high card Queen
Seat 7: mg-deniz (button) folded before Flop (didn't bet)
Seat 8: Mahcv38 (small blind) folded before Flop
Seat 9: Dorex2007 (big blind) folded before Flop



PokerStars Hand #237240146613:  Hold'em No Limit ($0.01/$0.02 USD) - 2022/07/08 13:20:17 PT [2022/07/08 16:20:17 ET]
Table 'Miriam III' 9-max Seat #9 is the button
Seat 1: wALEXSANDRw ($1.50 in chips) 
Seat 2: LandlordCZ ($1.21 in chips) 
Seat 3: poldolk ($1.76 in chips) 
Seat 4: scottyboy110 ($1.01 in chips) 
Seat 5: Schdoerrchen ($3.12 in chips) 
Seat 6: Kopurana ($1.34 in chips) 
Seat 7: mg-deniz ($2.71 in chips) 
Seat 9: Dorex2007 ($2.19 in chips) 
wALEXSANDRw: posts small blind $0.01
LandlordCZ: posts big blind $0.02
*** HOLE CARDS ***
Dealt to Dorex2007 [7h 4s]
poldolk: folds 
scottyboy110: raises $0.04 to $0.06
Schdoerrchen: folds 
Kopurana: raises $0.12 to $0.18
mg-deniz: folds 
Dorex2007: folds 
wALEXSANDRw: folds 
LandlordCZ: folds 
scottyboy110: raises $0.83 to $1.01 and is all-in
Kopurana: folds 
Uncalled bet ($0.83) returned to scottyboy110
scottyboy110 collected $0.39 from pot
*** SUMMARY ***
Total pot $0.39 | Rake $0 
Seat 1: wALEXSANDRw (small blind) folded before Flop
Seat 2: LandlordCZ (big blind) folded before Flop
Seat 3: poldolk folded before Flop (didn't bet)
Seat 4: scottyboy110 collected ($0.39)
Seat 5: Schdoerrchen folded before Flop (didn't bet)
Seat 6: Kopurana folded before Flop
Seat 7: mg-deniz folded before Flop (didn't bet)
Seat 9: Dorex2007 (button) folded before Flop (didn't bet)



PokerStars Hand #237240168960:  Hold'em No Limit ($0.01/$0.02 USD) - 2022/07/08 13:21:16 PT [2022/07/08 16:21:16 ET]
Table 'Miriam III' 9-max Seat #1 is the button
Seat 1: wALEXSANDRw ($1.49 in chips) 
Seat 2: LandlordCZ ($1.19 in chips) 
Seat 3: poldolk ($1.76 in chips) 
Seat 4: scottyboy110 ($1.22 in chips) 
Seat 5: Schdoerrchen ($3.12 in chips) 
Seat 6: Kopurana ($1.16 in chips) 
Seat 7: mg-deniz ($2.71 in chips) 
Seat 9: Dorex2007 ($2.19 in chips) 
LandlordCZ: posts small blind $0.01
poldolk: posts big blind $0.02
*** HOLE CARDS ***
Dealt to Dorex2007 [Td Ts]
scottyboy110: folds 
Schdoerrchen: folds 
Kopurana: folds 
mg-deniz: folds 
Dorex2007: raises $0.02 to $0.04
wALEXSANDRw: raises $0.04 to $0.08
LandlordCZ: folds 
poldolk: folds 
Dorex2007: calls $0.04
*** FLOP *** [9s Qs As]
Dorex2007: bets $0.12
wALEXSANDRw: calls $0.12
*** TURN *** [9s Qs As] [4c]
Sensei_Wai joins the table at seat #8 
Dorex2007: bets $0.10
wALEXSANDRw: calls $0.10
*** RIVER *** [9s Qs As 4c] [Qd]
Dorex2007: bets $0.61
wALEXSANDRw: folds 
Uncalled bet ($0.61) returned to Dorex2007
Dorex2007 collected $0.61 from pot
*** SUMMARY ***
Total pot $0.63 | Rake $0.02 
Board [9s Qs As 4c Qd]
Seat 1: wALEXSANDRw (button) folded on the River
Seat 2: LandlordCZ (small blind) folded before Flop
Seat 3: poldolk (big blind) folded before Flop
Seat 4: scottyboy110 folded before Flop (didn't bet)
Seat 5: Schdoerrchen folded before Flop (didn't bet)
Seat 6: Kopurana folded before Flop (didn't bet)
Seat 7: mg-deniz folded before Flop (didn't bet)
Seat 9: Dorex2007 collected ($0.61)



PokerStars Hand #237240188993:  Hold'em No Limit ($0.01/$0.02 USD) - 2022/07/08 13:22:09 PT [2022/07/08 16:22:09 ET]
Table 'Miriam III' 9-max Seat #2 is the button
Seat 1: wALEXSANDRw ($1.19 in chips) 
Seat 2: LandlordCZ ($1.18 in chips) 
Seat 3: poldolk ($1.74 in chips) 
Seat 4: scottyboy110 ($1.22 in chips) 
Seat 5: Schdoerrchen ($3.12 in chips) 
Seat 6: Kopurana ($1.96 in chips) 
Seat 7: mg-deniz ($2.71 in chips) 
Seat 9: Dorex2007 ($2.50 in chips) 
poldolk: posts small blind $0.01
scottyboy110: posts big blind $0.02
Sensei_Wai: sits out 
*** HOLE CARDS ***
Dealt to Dorex2007 [3s Js]
Schdoerrchen: folds 
Kopurana: folds 
mg-deniz: folds 
Dorex2007: folds 
wALEXSANDRw: raises $0.04 to $0.06
LandlordCZ: folds 
poldolk: folds 
scottyboy110: folds 
Uncalled bet ($0.04) returned to wALEXSANDRw
wALEXSANDRw collected $0.05 from pot
*** SUMMARY ***
Total pot $0.05 | Rake $0 
Seat 1: wALEXSANDRw collected ($0.05)
Seat 2: LandlordCZ (button) folded before Flop (didn't bet)
Seat 3: poldolk (small blind) folded before Flop
Seat 4: scottyboy110 (big blind) folded before Flop
Seat 5: Schdoerrchen folded before Flop (didn't bet)
Seat 6: Kopurana folded before Flop (didn't bet)
Seat 7: mg-deniz folded before Flop (didn't bet)
Seat 9: Dorex2007 folded before Flop (didn't bet)



PokerStars Hand #237240197132:  Hold'em No Limit ($0.01/$0.02 USD) - 2022/07/08 13:22:30 PT [2022/07/08 16:22:30 ET]
Table 'Miriam III' 9-max Seat #3 is the button
Seat 1: wALEXSANDRw ($2 in chips) 
Seat 2: LandlordCZ ($1.18 in chips) 
Seat 3: poldolk ($1.73 in chips) 
Seat 4: scottyboy110 ($1.20 in chips) 
Seat 5: Schdoerrchen ($3.12 in chips) 
Seat 6: Kopurana ($1.96 in chips) 
Seat 7: mg-deniz ($2.71 in chips) 
Seat 9: Dorex2007 ($2.50 in chips) 
scottyboy110: posts small blind $0.01
Schdoerrchen: posts big blind $0.02
Sensei_Wai: sits out 
*** HOLE CARDS ***
Dealt to Dorex2007 [8d 4c]
Kopurana: folds 
mg-deniz: folds 
Dorex2007: folds 
wALEXSANDRw: raises $0.02 to $0.04
LandlordCZ: folds 
poldolk: raises $0.08 to $0.12
scottyboy110: folds 
Schdoerrchen: folds 
wALEXSANDRw: folds 
Uncalled bet ($0.08) returned to poldolk
poldolk collected $0.11 from pot
*** SUMMARY ***
Total pot $0.11 | Rake $0 
Seat 1: wALEXSANDRw folded before Flop
Seat 2: LandlordCZ folded before Flop (didn't bet)
Seat 3: poldolk (button) collected ($0.11)
Seat 4: scottyboy110 (small blind) folded before Flop
Seat 5: Schdoerrchen (big blind) folded before Flop
Seat 6: Kopurana folded before Flop (didn't bet)
Seat 7: mg-deniz folded before Flop (didn't bet)
Seat 9: Dorex2007 folded before Flop (didn't bet)



PokerStars Hand #237240206728:  Hold'em No Limit ($0.01/$0.02 USD) - 2022/07/08 13:22:56 PT [2022/07/08 16:22:56 ET]
Table 'Miriam III' 9-max Seat #4 is the button
Seat 1: wALEXSANDRw ($1.96 in chips) 
Seat 2: LandlordCZ ($1.18 in chips) 
Seat 3: poldolk ($1.80 in chips) 
Seat 4: scottyboy110 ($1.19 in chips) 
Seat 5: Schdoerrchen ($3.10 in chips) 
Seat 6: Kopurana ($1.96 in chips) 
Seat 7: mg-deniz ($2.71 in chips) 
Seat 9: Dorex2007 ($2.50 in chips) 
Schdoerrchen: posts small blind $0.01
Kopurana: posts big blind $0.02
Sensei_Wai: sits out 
*** HOLE CARDS ***
Dealt to Dorex2007 [6d 6h]
mg-deniz: folds 
Dorex2007: raises $0.02 to $0.04
wALEXSANDRw: calls $0.04
LandlordCZ: calls $0.04
poldolk: folds 
scottyboy110: folds 
Schdoerrchen: calls $0.03
Kopurana: calls $0.02
*** FLOP *** [9s 4s Ad]
Schdoerrchen: checks 
Kopurana: checks 
Dorex2007: checks 
wALEXSANDRw: checks 
LandlordCZ: bets $0.12
Schdoerrchen: folds 
Kopurana: folds 
Dorex2007: folds 
wALEXSANDRw: folds 
Uncalled bet ($0.12) returned to LandlordCZ
LandlordCZ collected $0.19 from pot
*** SUMMARY ***
Total pot $0.20 | Rake $0.01 
Board [9s 4s Ad]
Seat 1: wALEXSANDRw folded on the Flop
Seat 2: LandlordCZ collected ($0.19)
Seat 3: poldolk folded before Flop (didn't bet)
Seat 4: scottyboy110 (button) folded before Flop (didn't bet)
Seat 5: Schdoerrchen (small blind) folded on the Flop
Seat 6: Kopurana (big blind) folded on the Flop
Seat 7: mg-deniz folded before Flop (didn't bet)
Seat 9: Dorex2007 folded on the Flop



PokerStars Hand #237240240369:  Hold'em No Limit ($0.01/$0.02 USD) - 2022/07/08 13:24:02 PT [2022/07/08 16:24:02 ET]
Table 'Miriam III' 9-max Seat #5 is the button
Seat 1: wALEXSANDRw ($1.92 in chips) 
Seat 3: poldolk ($1.80 in chips) 
Seat 4: scottyboy110 ($1.19 in chips) 
Seat 5: Schdoerrchen ($3.06 in chips) 
Seat 6: Kopurana ($1.92 in chips) 
Seat 7: mg-deniz ($2.71 in chips) 
Seat 9: Dorex2007 ($2.46 in chips) 
Kopurana: posts small blind $0.01
mg-deniz: posts big blind $0.02
Sensei_Wai: sits out 
*** HOLE CARDS ***
Dealt to Dorex2007 [6c 2d]
Dorex2007: folds 
wALEXSANDRw: raises $0.04 to $0.06
poldolk: calls $0.06
scottyboy110: folds 
Schdoerrchen: folds 
Kopurana: raises $0.24 to $0.30
mg-deniz: folds 
wALEXSANDRw: folds 
poldolk: folds 
Uncalled bet ($0.24) returned to Kopurana
Kopurana collected $0.20 from pot
*** SUMMARY ***
Total pot $0.20 | Rake $0 
Seat 1: wALEXSANDRw folded before Flop
Seat 3: poldolk folded before Flop
Seat 4: scottyboy110 folded before Flop (didn't bet)
Seat 5: Schdoerrchen (button) folded before Flop (didn't bet)
Seat 6: Kopurana (small blind) collected ($0.20)
Seat 7: mg-deniz (big blind) folded before Flop
Seat 9: Dorex2007 folded before Flop (didn't bet)



PokerStars Hand #237240254274:  Hold'em No Limit ($0.01/$0.02 USD) - 2022/07/08 13:24:38 PT [2022/07/08 16:24:38 ET]
Table 'Miriam III' 9-max Seat #6 is the button
Seat 1: wALEXSANDRw ($1.86 in chips) 
Seat 3: poldolk ($1.74 in chips) 
Seat 4: scottyboy110 ($1.19 in chips) 
Seat 5: Schdoerrchen ($3.06 in chips) 
Seat 6: Kopurana ($2.06 in chips) 
Seat 7: mg-deniz ($2.69 in chips) 
Seat 8: Sensei_Wai ($2 in chips) 
Seat 9: Dorex2007 ($2.46 in chips) 
mg-deniz: posts small blind $0.01
Sensei_Wai: posts big blind $0.02
*** HOLE CARDS ***
Dealt to Dorex2007 [4s 2c]
Dorex2007: folds 
wALEXSANDRw: folds 
poldolk: raises $0.03 to $0.05
scottyboy110: folds 
Schdoerrchen: folds 
Kopurana: calls $0.05
mg-deniz: folds 
Sensei_Wai: calls $0.03
*** FLOP *** [Ac 4h Js]
Sensei_Wai: checks 
poldolk: bets $0.08
Kopurana: calls $0.08
Sensei_Wai: folds 
*** TURN *** [Ac 4h Js] [Ks]
poldolk: bets $0.17
Kopurana: calls $0.17
*** RIVER *** [Ac 4h Js Ks] [Kd]
poldolk: checks 
Kopurana: bets $0.22
poldolk: folds 
Uncalled bet ($0.22) returned to Kopurana
Kopurana collected $0.64 from pot
*** SUMMARY ***
Total pot $0.66 | Rake $0.02 
Board [Ac 4h Js Ks Kd]
Seat 1: wALEXSANDRw folded before Flop (didn't bet)
Seat 3: poldolk folded on the River
Seat 4: scottyboy110 folded before Flop (didn't bet)
Seat 5: Schdoerrchen folded before Flop (didn't bet)
Seat 6: Kopurana (button) collected ($0.64)
Seat 7: mg-deniz (small blind) folded before Flop
Seat 8: Sensei_Wai (big blind) folded on the Flop
Seat 9: Dorex2007 folded before Flop (didn't bet)



PokerStars Hand #237240287498:  Hold'em No Limit ($0.01/$0.02 USD) - 2022/07/08 13:26:06 PT [2022/07/08 16:26:06 ET]
Table 'Miriam III' 9-max Seat #7 is the button
Seat 1: wALEXSANDRw ($1.86 in chips) 
Seat 3: poldolk ($1.44 in chips) 
Seat 4: scottyboy110 ($1.19 in chips) 
Seat 5: Schdoerrchen ($3.06 in chips) 
Seat 6: Kopurana ($2.40 in chips) 
Seat 7: mg-deniz ($2.68 in chips) 
Seat 8: Sensei_Wai ($1.95 in chips) 
Seat 9: Dorex2007 ($2.46 in chips) 
Sensei_Wai: posts small blind $0.01
Dorex2007: posts big blind $0.02
*** HOLE CARDS ***
Dealt to Dorex2007 [Jd Js]
wALEXSANDRw: folds 
poldolk: folds 
scottyboy110: folds 
Schdoerrchen: folds 
Kopurana: raises $0.04 to $0.06
mg-deniz: folds 
Sensei_Wai: folds 
Dorex2007: raises $0.10 to $0.16
Kopurana: calls $0.10
*** FLOP *** [9s Ac Jc]
Dorex2007: bets $0.32
Kopurana: folds 
Uncalled bet ($0.32) returned to Dorex2007
Dorex2007 collected $0.32 from pot
*** SUMMARY ***
Total pot $0.33 | Rake $0.01 
Board [9s Ac Jc]
Seat 1: wALEXSANDRw folded before Flop (didn't bet)
Seat 3: poldolk folded before Flop (didn't bet)
Seat 4: scottyboy110 folded before Flop (didn't bet)
Seat 5: Schdoerrchen folded before Flop (didn't bet)
Seat 6: Kopurana folded on the Flop
Seat 7: mg-deniz (button) folded before Flop (didn't bet)
Seat 8: Sensei_Wai (small blind) folded before Flop
Seat 9: Dorex2007 (big blind) collected ($0.32)



PokerStars Hand #237240313827:  Hold'em No Limit ($0.01/$0.02 USD) - 2022/07/08 13:27:16 PT [2022/07/08 16:27:16 ET]
Table 'Miriam III' 9-max Seat #8 is the button
Seat 1: wALEXSANDRw ($1.86 in chips) 
Seat 2: LandlordCZ ($1.33 in chips) 
Seat 3: poldolk ($1.44 in chips) 
Seat 4: scottyboy110 ($1.19 in chips) 
Seat 5: Schdoerrchen ($3.06 in chips) 
Seat 6: Kopurana ($2.24 in chips) 
Seat 7: mg-deniz ($2.68 in chips) 
Seat 8: Sensei_Wai ($1.94 in chips) 
Seat 9: Dorex2007 ($2.62 in chips) 
Dorex2007: posts small blind $0.01
wALEXSANDRw: posts big blind $0.02
*** HOLE CARDS ***
Dealt to Dorex2007 [3s 3h]
LandlordCZ: calls $0.02
poldolk: folds 
scottyboy110: calls $0.02
Schdoerrchen: folds 
Kopurana: raises $0.12 to $0.14
mg-deniz: folds 
Sensei_Wai: folds 
Dorex2007: folds 
wALEXSANDRw: folds 
LandlordCZ: folds 
scottyboy110: folds 
Uncalled bet ($0.12) returned to Kopurana
Kopurana collected $0.09 from pot
*** SUMMARY ***
Total pot $0.09 | Rake $0 
Seat 1: wALEXSANDRw (big blind) folded before Flop
Seat 2: LandlordCZ folded before Flop
Seat 3: poldolk folded before Flop (didn't bet)
Seat 4: scottyboy110 folded before Flop
Seat 5: Schdoerrchen folded before Flop (didn't bet)
Seat 6: Kopurana collected ($0.09)
Seat 7: mg-deniz folded before Flop (didn't bet)
Seat 8: Sensei_Wai (button) folded before Flop (didn't bet)
Seat 9: Dorex2007 (small blind) folded before Flop



PokerStars Hand #237240325962:  Hold'em No Limit ($0.01/$0.02 USD) - 2022/07/08 13:27:49 PT [2022/07/08 16:27:49 ET]
Table 'Miriam III' 9-max Seat #9 is the button
Seat 1: wALEXSANDRw ($1.84 in chips) 
Seat 2: LandlordCZ ($1.31 in chips) 
Seat 3: poldolk ($1.44 in chips) 
Seat 4: scottyboy110 ($1.17 in chips) 
Seat 5: Schdoerrchen ($3.06 in chips) 
Seat 6: Kopurana ($2.31 in chips) 
Seat 7: mg-deniz ($2.68 in chips) 
Seat 8: Sensei_Wai ($1.94 in chips) 
Seat 9: Dorex2007 ($2.61 in chips) 
wALEXSANDRw: posts small blind $0.01
LandlordCZ: posts big blind $0.02
*** HOLE CARDS ***
Dealt to Dorex2007 [6c 9c]
poldolk: folds 
scottyboy110: folds 
Schdoerrchen: folds 
Kopurana: folds 
mg-deniz: raises $0.03 to $0.05
Sensei_Wai: folds 
Dorex2007: folds 
wALEXSANDRw: folds 
LandlordCZ: calls $0.03
*** FLOP *** [Jd Qd Ks]
LandlordCZ: checks 
mg-deniz: bets $0.08
LandlordCZ: folds 
Uncalled bet ($0.08) returned to mg-deniz
mg-deniz collected $0.11 from pot
*** SUMMARY ***
Total pot $0.11 | Rake $0 
Board [Jd Qd Ks]
Seat 1: wALEXSANDRw (small blind) folded before Flop
Seat 2: LandlordCZ (big blind) folded on the Flop
Seat 3: poldolk folded before Flop (didn't bet)
Seat 4: scottyboy110 folded before Flop (didn't bet)
Seat 5: Schdoerrchen folded before Flop (didn't bet)
Seat 6: Kopurana folded before Flop (didn't bet)
Seat 7: mg-deniz collected ($0.11)
Seat 8: Sensei_Wai folded before Flop (didn't bet)
Seat 9: Dorex2007 (button) folded before Flop (didn't bet)



PokerStars Hand #237240336764:  Hold'em No Limit ($0.01/$0.02 USD) - 2022/07/08 13:28:18 PT [2022/07/08 16:28:18 ET]
Table 'Miriam III' 9-max Seat #1 is the button
Seat 1: wALEXSANDRw ($1.83 in chips) 
Seat 2: LandlordCZ ($1.26 in chips) 
Seat 3: poldolk ($1.44 in chips) 
Seat 4: scottyboy110 ($1.17 in chips) 
Seat 5: Schdoerrchen ($3.06 in chips) 
Seat 6: Kopurana ($2.31 in chips) 
Seat 7: mg-deniz ($2.74 in chips) 
Seat 8: Sensei_Wai ($1.94 in chips) 
Seat 9: Dorex2007 ($2.61 in chips) 
LandlordCZ: posts small blind $0.01
poldolk: posts big blind $0.02
*** HOLE CARDS ***
Dealt to Dorex2007 [Ad 3h]
scottyboy110: folds 
Schdoerrchen: folds 
Kopurana: folds 
mg-deniz: folds 
Sensei_Wai: folds 
Dorex2007: folds 
wALEXSANDRw: raises $0.04 to $0.06
LandlordCZ: calls $0.05
poldolk: calls $0.04
*** FLOP *** [6c Kh 9h]
LandlordCZ: checks 
poldolk: checks 
wALEXSANDRw: bets $0.04
LandlordCZ: calls $0.04
poldolk: calls $0.04
*** TURN *** [6c Kh 9h] [7s]
LandlordCZ: checks 
poldolk: bets $0.16
wALEXSANDRw: folds 
LandlordCZ: folds 
Uncalled bet ($0.16) returned to poldolk
poldolk collected $0.29 from pot
*** SUMMARY ***
Total pot $0.30 | Rake $0.01 
Board [6c Kh 9h 7s]
Seat 1: wALEXSANDRw (button) folded on the Turn
Seat 2: LandlordCZ (small blind) folded on the Turn
Seat 3: poldolk (big blind) collected ($0.29)
Seat 4: scottyboy110 folded before Flop (didn't bet)
Seat 5: Schdoerrchen folded before Flop (didn't bet)
Seat 6: Kopurana folded before Flop (didn't bet)
Seat 7: mg-deniz folded before Flop (didn't bet)
Seat 8: Sensei_Wai folded before Flop (didn't bet)
Seat 9: Dorex2007 folded before Flop (didn't bet)



PokerStars Hand #237240358959:  Hold'em No Limit ($0.01/$0.02 USD) - 2022/07/08 13:29:16 PT [2022/07/08 16:29:16 ET]
Table 'Miriam III' 9-max Seat #2 is the button
Seat 1: wALEXSANDRw ($1.73 in chips) 
Seat 2: LandlordCZ ($1.16 in chips) 
Seat 3: poldolk ($1.63 in chips) 
Seat 4: scottyboy110 ($1.17 in chips) 
Seat 5: Schdoerrchen ($3.06 in chips) 
Seat 6: Kopurana ($2.31 in chips) 
Seat 7: mg-deniz ($2.74 in chips) 
Seat 8: Sensei_Wai ($1.94 in chips) 
Seat 9: Dorex2007 ($2.61 in chips) 
poldolk: posts small blind $0.01
scottyboy110: posts big blind $0.02
*** HOLE CARDS ***
Dealt to Dorex2007 [3s 8h]
Schdoerrchen: folds 
Kopurana: folds 
mg-deniz: folds 
Sensei_Wai: folds 
Dorex2007: folds 
wALEXSANDRw: raises $0.02 to $0.04
LandlordCZ: calls $0.04
poldolk: folds 
scottyboy110: calls $0.02
*** FLOP *** [Tc 4h 5h]
scottyboy110: checks 
wALEXSANDRw: checks 
LandlordCZ: checks 
*** TURN *** [Tc 4h 5h] [Ad]
scottyboy110: checks 
wALEXSANDRw: checks 
LandlordCZ: checks 
*** RIVER *** [Tc 4h 5h Ad] [8c]
scottyboy110: checks 
wALEXSANDRw: bets $0.10
LandlordCZ: folds 
scottyboy110: folds 
Uncalled bet ($0.10) returned to wALEXSANDRw
wALEXSANDRw collected $0.13 from pot
*** SUMMARY ***
Total pot $0.13 | Rake $0 
Board [Tc 4h 5h Ad 8c]
Seat 1: wALEXSANDRw collected ($0.13)
Seat 2: LandlordCZ (button) folded on the River
Seat 3: poldolk (small blind) folded before Flop
Seat 4: scottyboy110 (big blind) folded on the River
Seat 5: Schdoerrchen folded before Flop (didn't bet)
Seat 6: Kopurana folded before Flop (didn't bet)
Seat 7: mg-deniz folded before Flop (didn't bet)
Seat 8: Sensei_Wai folded before Flop (didn't bet)
Seat 9: Dorex2007 folded before Flop (didn't bet)



PokerStars Hand #237240381180:  Hold'em No Limit ($0.01/$0.02 USD) - 2022/07/08 13:30:15 PT [2022/07/08 16:30:15 ET]
Table 'Miriam III' 9-max Seat #3 is the button
Seat 1: wALEXSANDRw ($1.82 in chips) 
Seat 2: LandlordCZ ($1.12 in chips) 
Seat 3: poldolk ($1.62 in chips) 
Seat 4: scottyboy110 ($1.13 in chips) 
Seat 5: Schdoerrchen ($3.06 in chips) 
Seat 6: Kopurana ($2.31 in chips) 
Seat 7: mg-deniz ($2.74 in chips) 
Seat 8: Sensei_Wai ($1.94 in chips) 
Seat 9: Dorex2007 ($2.61 in chips) 
scottyboy110: posts small blind $0.01
Schdoerrchen: posts big blind $0.02
*** HOLE CARDS ***
Dealt to Dorex2007 [3d 5d]
Kopurana has timed out
Kopurana: folds 
mg-deniz: folds 
Sensei_Wai: raises $0.08 to $0.10
Dorex2007: folds 
wALEXSANDRw: calls $0.10
LandlordCZ: folds 
poldolk: folds 
scottyboy110: folds 
Schdoerrchen: calls $0.08
*** FLOP *** [6s Tc 9d]
Schdoerrchen: checks 
Sensei_Wai: bets $0.24
wALEXSANDRw: folds 
Schdoerrchen: calls $0.24
*** TURN *** [6s Tc 9d] [2s]
Schdoerrchen: checks 
Sensei_Wai: bets $0.61
Schdoerrchen: folds 
Uncalled bet ($0.61) returned to Sensei_Wai
Sensei_Wai collected $0.76 from pot
*** SUMMARY ***
Total pot $0.79 | Rake $0.03 
Board [6s Tc 9d 2s]
Seat 1: wALEXSANDRw folded on the Flop
Seat 2: LandlordCZ folded before Flop (didn't bet)
Seat 3: poldolk (button) folded before Flop (didn't bet)
Seat 4: scottyboy110 (small blind) folded before Flop
Seat 5: Schdoerrchen (big blind) folded on the Turn
Seat 6: Kopurana folded before Flop (didn't bet)
Seat 7: mg-deniz folded before Flop (didn't bet)
Seat 8: Sensei_Wai collected ($0.76)
Seat 9: Dorex2007 folded before Flop (didn't bet)



PokerStars Hand #237240404818:  Hold'em No Limit ($0.01/$0.02 USD) - 2022/07/08 13:31:18 PT [2022/07/08 16:31:18 ET]
Table 'Miriam III' 9-max Seat #4 is the button
Seat 1: wALEXSANDRw ($1.72 in chips) 
Seat 2: LandlordCZ ($1.12 in chips) 
Seat 3: poldolk ($1.62 in chips) 
Seat 4: scottyboy110 ($1.12 in chips) 
Seat 5: Schdoerrchen ($2.72 in chips) 
Seat 6: Kopurana ($2.31 in chips) 
Seat 7: mg-deniz ($2.74 in chips) 
Seat 8: Sensei_Wai ($2.36 in chips) 
Seat 9: Dorex2007 ($2.61 in chips) 
Schdoerrchen: posts small blind $0.01
Kopurana: posts big blind $0.02
*** HOLE CARDS ***
Dealt to Dorex2007 [Ks Tc]
mg-deniz: folds 
Sensei_Wai: folds 
Dorex2007: calls $0.02
wALEXSANDRw: folds 
LandlordCZ: calls $0.02
poldolk: folds 
scottyboy110: folds 
Schdoerrchen: folds 
Kopurana: checks 
*** FLOP *** [3s 4d Td]
Kopurana: checks 
Dorex2007: bets $0.05
LandlordCZ: folds 
Kopurana: folds 
Uncalled bet ($0.05) returned to Dorex2007
Dorex2007 collected $0.07 from pot
*** SUMMARY ***
Total pot $0.07 | Rake $0 
Board [3s 4d Td]
Seat 1: wALEXSANDRw folded before Flop (didn't bet)
Seat 2: LandlordCZ folded on the Flop
Seat 3: poldolk folded before Flop (didn't bet)
Seat 4: scottyboy110 (button) folded before Flop (didn't bet)
Seat 5: Schdoerrchen (small blind) folded before Flop
Seat 6: Kopurana (big blind) folded on the Flop
Seat 7: mg-deniz folded before Flop (didn't bet)
Seat 8: Sensei_Wai folded before Flop (didn't bet)
Seat 9: Dorex2007 collected ($0.07)



PokerStars Hand #237240418738:  Hold'em No Limit ($0.01/$0.02 USD) - 2022/07/08 13:31:55 PT [2022/07/08 16:31:55 ET]
Table 'Miriam III' 9-max Seat #5 is the button
Seat 1: wALEXSANDRw ($1.72 in chips) 
Seat 2: LandlordCZ ($1.10 in chips) 
Seat 3: poldolk ($1.62 in chips) 
Seat 4: scottyboy110 ($1.12 in chips) 
Seat 5: Schdoerrchen ($2.71 in chips) 
Seat 6: Kopurana ($2.29 in chips) 
Seat 7: mg-deniz ($2.74 in chips) 
Seat 8: Sensei_Wai ($2.36 in chips) 
Seat 9: Dorex2007 ($2.66 in chips) 
Kopurana: posts small blind $0.01
mg-deniz: posts big blind $0.02
*** HOLE CARDS ***
Dealt to Dorex2007 [4d 3c]
Sensei_Wai: folds 
Dorex2007: folds 
wALEXSANDRw: folds 
LandlordCZ: folds 
poldolk: folds 
scottyboy110: folds 
Schdoerrchen: folds 
Kopurana: raises $0.04 to $0.06
mg-deniz: folds 
Uncalled bet ($0.04) returned to Kopurana
Kopurana collected $0.04 from pot
*** SUMMARY ***
Total pot $0.04 | Rake $0 
Seat 1: wALEXSANDRw folded before Flop (didn't bet)
Seat 2: LandlordCZ folded before Flop (didn't bet)
Seat 3: poldolk folded before Flop (didn't bet)
Seat 4: scottyboy110 folded before Flop (didn't bet)
Seat 5: Schdoerrchen (button) folded before Flop (didn't bet)
Seat 6: Kopurana (small blind) collected ($0.04)
Seat 7: mg-deniz (big blind) folded before Flop
Seat 8: Sensei_Wai folded before Flop (didn't bet)
Seat 9: Dorex2007 folded before Flop (didn't bet)



PokerStars Hand #237240428982:  Hold'em No Limit ($0.01/$0.02 USD) - 2022/07/08 13:32:23 PT [2022/07/08 16:32:23 ET]
Table 'Miriam III' 9-max Seat #6 is the button
Seat 1: wALEXSANDRw ($1.72 in chips) 
Seat 2: LandlordCZ ($1.10 in chips) 
Seat 3: poldolk ($1.62 in chips) 
Seat 4: scottyboy110 ($1.12 in chips) 
Seat 5: Schdoerrchen ($2.71 in chips) 
Seat 6: Kopurana ($2.31 in chips) 
Seat 7: mg-deniz ($2.72 in chips) 
Seat 8: Sensei_Wai ($2.36 in chips) 
Seat 9: Dorex2007 ($2.66 in chips) 
mg-deniz: posts small blind $0.01
Sensei_Wai: posts big blind $0.02
*** HOLE CARDS ***
Dealt to Dorex2007 [8c 8s]
Dorex2007: calls $0.02
wALEXSANDRw: calls $0.02
LandlordCZ: calls $0.02
poldolk: folds 
scottyboy110: folds 
Schdoerrchen: folds 
Kopurana: folds 
mg-deniz: folds 
Sensei_Wai: checks 
*** FLOP *** [3h 9d Qs]
Sensei_Wai: checks 
Dorex2007: checks 
wALEXSANDRw: checks 
LandlordCZ: bets $0.04
Sensei_Wai: folds 
Dorex2007: folds 
wALEXSANDRw: calls $0.04
*** TURN *** [3h 9d Qs] [5d]
wALEXSANDRw: checks 
LandlordCZ: bets $0.10
wALEXSANDRw: folds 
Uncalled bet ($0.10) returned to LandlordCZ
LandlordCZ collected $0.16 from pot
*** SUMMARY ***
Total pot $0.17 | Rake $0.01 
Board [3h 9d Qs 5d]
Seat 1: wALEXSANDRw folded on the Turn
Seat 2: LandlordCZ collected ($0.16)
Seat 3: poldolk folded before Flop (didn't bet)
Seat 4: scottyboy110 folded before Flop (didn't bet)
Seat 5: Schdoerrchen folded before Flop (didn't bet)
Seat 6: Kopurana (button) folded before Flop (didn't bet)
Seat 7: mg-deniz (small blind) folded before Flop
Seat 8: Sensei_Wai (big blind) folded on the Flop
Seat 9: Dorex2007 folded on the Flop



PokerStars Hand #237240451978:  Hold'em No Limit ($0.01/$0.02 USD) - 2022/07/08 13:33:24 PT [2022/07/08 16:33:24 ET]
Table 'Miriam III' 9-max Seat #7 is the button
Seat 1: wALEXSANDRw ($1.66 in chips) 
Seat 2: LandlordCZ ($1.20 in chips) 
Seat 3: poldolk ($1.62 in chips) 
Seat 4: scottyboy110 ($1.12 in chips) 
Seat 5: Schdoerrchen ($2.71 in chips) 
Seat 6: Kopurana ($2.31 in chips) 
Seat 7: mg-deniz ($2.71 in chips) 
Seat 8: Sensei_Wai ($2.34 in chips) 
Seat 9: Dorex2007 ($2.64 in chips) 
Sensei_Wai: posts small blind $0.01
Dorex2007: posts big blind $0.02
*** HOLE CARDS ***
Dealt to Dorex2007 [Qh 3c]
wALEXSANDRw: calls $0.02
LandlordCZ: folds 
poldolk: folds 
scottyboy110: folds 
Schdoerrchen: folds 
Kopurana: folds 
mg-deniz: calls $0.02
Sensei_Wai: folds 
Dorex2007: checks 
*** FLOP *** [Kd 6d 6c]
Dorex2007: checks 
wALEXSANDRw: bets $0.06
mg-deniz: folds 
Dorex2007: folds 
Uncalled bet ($0.06) returned to wALEXSANDRw
wALEXSANDRw collected $0.07 from pot
*** SUMMARY ***
Total pot $0.07 | Rake $0 
Board [Kd 6d 6c]
Seat 1: wALEXSANDRw collected ($0.07)
Seat 2: LandlordCZ folded before Flop (didn't bet)
Seat 3: poldolk folded before Flop (didn't bet)
Seat 4: scottyboy110 folded before Flop (didn't bet)
Seat 5: Schdoerrchen folded before Flop (didn't bet)
Seat 6: Kopurana folded before Flop (didn't bet)
Seat 7: mg-deniz (button) folded on the Flop
Seat 8: Sensei_Wai (small blind) folded before Flop
Seat 9: Dorex2007 (big blind) folded on the Flop



PokerStars Hand #237240465936:  Hold'em No Limit ($0.01/$0.02 USD) - 2022/07/08 13:34:02 PT [2022/07/08 16:34:02 ET]
Table 'Miriam III' 9-max Seat #8 is the button
Seat 1: wALEXSANDRw ($1.71 in chips) 
Seat 2: LandlordCZ ($1.20 in chips) 
Seat 3: poldolk ($1.62 in chips) 
Seat 4: scottyboy110 ($1.12 in chips) 
Seat 5: Schdoerrchen ($2.71 in chips) 
Seat 6: Kopurana ($2.31 in chips) 
Seat 7: mg-deniz ($2.69 in chips) 
Seat 8: Sensei_Wai ($2.33 in chips) 
Seat 9: Dorex2007 ($2.62 in chips) 
Dorex2007: posts small blind $0.01
wALEXSANDRw: posts big blind $0.02
*** HOLE CARDS ***
Dealt to Dorex2007 [4h 2h]
LandlordCZ: folds 
poldolk: folds 
scottyboy110: folds 
Schdoerrchen: folds 
Kopurana: folds 
mg-deniz: folds 
Sensei_Wai: folds 
Dorex2007: folds 
Uncalled bet ($0.01) returned to wALEXSANDRw
wALEXSANDRw collected $0.02 from pot
*** SUMMARY ***
Total pot $0.02 | Rake $0 
Seat 1: wALEXSANDRw (big blind) collected ($0.02)
Seat 2: LandlordCZ folded before Flop (didn't bet)
Seat 3: poldolk folded before Flop (didn't bet)
Seat 4: scottyboy110 folded before Flop (didn't bet)
Seat 5: Schdoerrchen folded before Flop (didn't bet)
Seat 6: Kopurana folded before Flop (didn't bet)
Seat 7: mg-deniz folded before Flop (didn't bet)
Seat 8: Sensei_Wai (button) folded before Flop (didn't bet)
Seat 9: Dorex2007 (small blind) folded before Flop



PokerStars Hand #237240472151:  Hold'em No Limit ($0.01/$0.02 USD) - 2022/07/08 13:34:18 PT [2022/07/08 16:34:18 ET]
Table 'Miriam III' 9-max Seat #9 is the button
Seat 1: wALEXSANDRw ($1.72 in chips) 
Seat 2: LandlordCZ ($1.20 in chips) 
Seat 3: poldolk ($1.62 in chips) 
Seat 4: scottyboy110 ($1.12 in chips) 
Seat 5: Schdoerrchen ($2.71 in chips) 
Seat 6: Kopurana ($2.31 in chips) 
Seat 7: mg-deniz ($2.69 in chips) 
Seat 8: Sensei_Wai ($2.33 in chips) 
Seat 9: Dorex2007 ($2.61 in chips) 
wALEXSANDRw: posts small blind $0.01
LandlordCZ: posts big blind $0.02
*** HOLE CARDS ***
Dealt to Dorex2007 [7h 3c]
poldolk: raises $0.03 to $0.05
scottyboy110: folds 
Schdoerrchen: folds 
Kopurana: folds 
mg-deniz: folds 
Sensei_Wai: folds 
Dorex2007: folds 
wALEXSANDRw: folds 
LandlordCZ: folds 
Uncalled bet ($0.03) returned to poldolk
poldolk collected $0.05 from pot
*** SUMMARY ***
Total pot $0.05 | Rake $0 
Seat 1: wALEXSANDRw (small blind) folded before Flop
Seat 2: LandlordCZ (big blind) folded before Flop
Seat 3: poldolk collected ($0.05)
Seat 4: scottyboy110 folded before Flop (didn't bet)
Seat 5: Schdoerrchen folded before Flop (didn't bet)
Seat 6: Kopurana folded before Flop (didn't bet)
Seat 7: mg-deniz folded before Flop (didn't bet)
Seat 8: Sensei_Wai folded before Flop (didn't bet)
Seat 9: Dorex2007 (button) folded before Flop (didn't bet)



PokerStars Hand #237240481493:  Hold'em No Limit ($0.01/$0.02 USD) - 2022/07/08 13:34:43 PT [2022/07/08 16:34:43 ET]
Table 'Miriam III' 9-max Seat #1 is the button
Seat 1: wALEXSANDRw ($1.71 in chips) 
Seat 2: LandlordCZ ($1.18 in chips) 
Seat 3: poldolk ($1.65 in chips) 
Seat 4: scottyboy110 ($1.12 in chips) 
Seat 5: Schdoerrchen ($2.71 in chips) 
Seat 6: Kopurana ($2.31 in chips) 
Seat 7: mg-deniz ($2.69 in chips) 
Seat 8: Sensei_Wai ($2.33 in chips) 
Seat 9: Dorex2007 ($2.61 in chips) 
LandlordCZ: posts small blind $0.01
poldolk: posts big blind $0.02
*** HOLE CARDS ***
Dealt to Dorex2007 [As 3d]
scottyboy110: folds 
Schdoerrchen: folds 
Kopurana: folds 
mg-deniz: raises $0.03 to $0.05
Sensei_Wai: folds 
Dorex2007: folds 
wALEXSANDRw: folds 
LandlordCZ: calls $0.04
poldolk: calls $0.03
*** FLOP *** [2c 4h 8s]
LandlordCZ: checks 
poldolk: checks 
mg-deniz: bets $0.06
LandlordCZ: folds 
poldolk: calls $0.06
*** TURN *** [2c 4h 8s] [Jh]
poldolk: checks 
mg-deniz: checks 
*** RIVER *** [2c 4h 8s Jh] [Qh]
poldolk: checks 
mg-deniz: checks 
*** SHOW DOWN ***
poldolk: shows [7h 4c] (a pair of Fours)
mg-deniz: shows [4s 3s] (a pair of Fours)
poldolk collected $0.13 from pot
mg-deniz collected $0.13 from pot
*** SUMMARY ***
Total pot $0.27 | Rake $0.01 
Board [2c 4h 8s Jh Qh]
Seat 1: wALEXSANDRw (button) folded before Flop (didn't bet)
Seat 2: LandlordCZ (small blind) folded on the Flop
Seat 3: poldolk (big blind) showed [7h 4c] and won ($0.13) with a pair of Fours
Seat 4: scottyboy110 folded before Flop (didn't bet)
Seat 5: Schdoerrchen folded before Flop (didn't bet)
Seat 6: Kopurana folded before Flop (didn't bet)
Seat 7: mg-deniz showed [4s 3s] and won ($0.13) with a pair of Fours
Seat 8: Sensei_Wai folded before Flop (didn't bet)
Seat 9: Dorex2007 folded before Flop (didn't bet)



PokerStars Hand #237240505689:  Hold'em No Limit ($0.01/$0.02 USD) - 2022/07/08 13:35:48 PT [2022/07/08 16:35:48 ET]
Table 'Miriam III' 9-max Seat #2 is the button
Seat 1: wALEXSANDRw ($1.71 in chips) 
Seat 2: LandlordCZ ($1.13 in chips) 
Seat 3: poldolk ($1.67 in chips) 
Seat 4: scottyboy110 ($1.12 in chips) 
Seat 5: Schdoerrchen ($2.71 in chips) 
Seat 6: Kopurana ($2.31 in chips) 
Seat 7: mg-deniz ($2.71 in chips) 
Seat 8: Sensei_Wai ($2.33 in chips) 
Seat 9: Dorex2007 ($2.61 in chips) 
poldolk: posts small blind $0.01
scottyboy110: posts big blind $0.02
*** HOLE CARDS ***
Dealt to Dorex2007 [6s 7s]
Schdoerrchen: folds 
Kopurana: folds 
mg-deniz: folds 
Sensei_Wai: folds 
Dorex2007: folds 
wALEXSANDRw: folds 
LandlordCZ: folds 
poldolk: raises $0.03 to $0.05
scottyboy110: calls $0.03
*** FLOP *** [Tc 3s 6h]
poldolk: bets $0.03
scottyboy110: calls $0.03
*** TURN *** [Tc 3s 6h] [5d]
poldolk: bets $0.11
scottyboy110: raises $0.21 to $0.32
poldolk: calls $0.21
*** RIVER *** [Tc 3s 6h 5d] [Ad]
poldolk: checks 
scottyboy110: bets $0.72 and is all-in
poldolk: calls $0.72
*** SHOW DOWN ***
scottyboy110: shows [4s 4d] (a pair of Fours)
poldolk: shows [5h 3d] (two pair, Fives and Threes)
poldolk collected $2.14 from pot
*** SUMMARY ***
Total pot $2.24 | Rake $0.10 
Board [Tc 3s 6h 5d Ad]
Seat 1: wALEXSANDRw folded before Flop (didn't bet)
Seat 2: LandlordCZ (button) folded before Flop (didn't bet)
Seat 3: poldolk (small blind) showed [5h 3d] and won ($2.14) with two pair, Fives and Threes
Seat 4: scottyboy110 (big blind) showed [4s 4d] and lost with a pair of Fours
Seat 5: Schdoerrchen folded before Flop (didn't bet)
Seat 6: Kopurana folded before Flop (didn't bet)
Seat 7: mg-deniz folded before Flop (didn't bet)
Seat 8: Sensei_Wai folded before Flop (didn't bet)
Seat 9: Dorex2007 folded before Flop (didn't bet)



PokerStars Hand #237240539462:  Hold'em No Limit ($0.01/$0.02 USD) - 2022/07/08 13:37:18 PT [2022/07/08 16:37:18 ET]
Table 'Miriam III' 9-max Seat #3 is the button
Seat 1: wALEXSANDRw ($1.71 in chips) 
Seat 2: LandlordCZ ($1.13 in chips) 
Seat 3: poldolk ($2.69 in chips) 
Seat 5: Schdoerrchen ($2.71 in chips) 
Seat 6: Kopurana ($2.31 in chips) 
Seat 7: mg-deniz ($2.71 in chips) 
Seat 8: Sensei_Wai ($2.33 in chips) 
Seat 9: Dorex2007 ($2.61 in chips) 
Schdoerrchen: posts small blind $0.01
Kopurana: posts big blind $0.02
*** HOLE CARDS ***
Dealt to Dorex2007 [Qd 8d]
mg-deniz: folds 
scottyboy110 leaves the table
Sensei_Wai: raises $0.08 to $0.10
Dorex2007: folds 
wALEXSANDRw has timed out
wALEXSANDRw: folds 
LandlordCZ: folds 
vini_wontroba joins the table at seat #4 
poldolk: folds 
Schdoerrchen: folds 
Kopurana: folds 
Uncalled bet ($0.08) returned to Sensei_Wai
Sensei_Wai collected $0.05 from pot
*** SUMMARY ***
Total pot $0.05 | Rake $0 
Seat 1: wALEXSANDRw folded before Flop (didn't bet)
Seat 2: LandlordCZ folded before Flop (didn't bet)
Seat 3: poldolk (button) folded before Flop (didn't bet)
Seat 5: Schdoerrchen (small blind) folded before Flop
Seat 6: Kopurana (big blind) folded before Flop
Seat 7: mg-deniz folded before Flop (didn't bet)
Seat 8: Sensei_Wai collected ($0.05)
Seat 9: Dorex2007 folded before Flop (didn't bet)



PokerStars Hand #237240554630:  Hold'em No Limit ($0.01/$0.02 USD) - 2022/07/08 13:37:58 PT [2022/07/08 16:37:58 ET]
Table 'Miriam III' 9-max Seat #5 is the button
Seat 2: LandlordCZ ($1.13 in chips) 
Seat 3: poldolk ($2.69 in chips) 
Seat 5: Schdoerrchen ($2.70 in chips) 
Seat 6: Kopurana ($2.29 in chips) 
Seat 7: mg-deniz ($2.71 in chips) 
Seat 8: Sensei_Wai ($2.36 in chips) 
Seat 9: Dorex2007 ($2.61 in chips) 
Kopurana: posts small blind $0.01
mg-deniz: posts big blind $0.02
vini_wontroba: sits out 
*** HOLE CARDS ***
Dealt to Dorex2007 [2h 8c]
Sensei_Wai: folds 
Dorex2007: folds 
LandlordCZ: raises $0.04 to $0.06
poldolk: calls $0.06
Schdoerrchen: folds 
Kopurana: folds 
mg-deniz: folds 
*** FLOP *** [4s Jh 2d]
LandlordCZ: checks 
poldolk: bets $0.05
LandlordCZ: calls $0.05
*** TURN *** [4s Jh 2d] [Kc]
LandlordCZ: checks 
poldolk: checks 
*** RIVER *** [4s Jh 2d Kc] [2c]
LandlordCZ: checks 
poldolk: checks 
*** SHOW DOWN ***
LandlordCZ: shows [Qs Ah] (a pair of Deuces)
poldolk: shows [7c 7h] (two pair, Sevens and Deuces)
poldolk collected $0.24 from pot
*** SUMMARY ***
Total pot $0.25 | Rake $0.01 
Board [4s Jh 2d Kc 2c]
Seat 2: LandlordCZ showed [Qs Ah] and lost with a pair of Deuces
Seat 3: poldolk showed [7c 7h] and won ($0.24) with two pair, Sevens and Deuces
Seat 5: Schdoerrchen (button) folded before Flop (didn't bet)
Seat 6: Kopurana (small blind) folded before Flop
Seat 7: mg-deniz (big blind) folded before Flop
Seat 8: Sensei_Wai folded before Flop (didn't bet)
Seat 9: Dorex2007 folded before Flop (didn't bet)



PokerStars Hand #237240579623:  Hold'em No Limit ($0.01/$0.02 USD) - 2022/07/08 13:38:48 PT [2022/07/08 16:38:48 ET]
Table 'Miriam III' 9-max Seat #6 is the button
Seat 2: LandlordCZ ($1.02 in chips) 
Seat 3: poldolk ($2.82 in chips) 
Seat 5: Schdoerrchen ($2.70 in chips) 
Seat 6: Kopurana ($2.28 in chips) 
Seat 7: mg-deniz ($2.69 in chips) 
Seat 8: Sensei_Wai ($2.36 in chips) 
Seat 9: Dorex2007 ($2.61 in chips) 
mg-deniz: posts small blind $0.01
Sensei_Wai: posts big blind $0.02
vini_wontroba: sits out 
*** HOLE CARDS ***
Dealt to Dorex2007 [Qd 2h]
Dorex2007: folds 
LandlordCZ: calls $0.02
poldolk: folds 
Schdoerrchen: folds 
Kopurana: raises $0.06 to $0.08
mg-deniz: folds 
Sensei_Wai: folds 
LandlordCZ: calls $0.06
*** FLOP *** [7d 9s Ks]
LandlordCZ: checks 
Kopurana: bets $0.03
LandlordCZ: calls $0.03
*** TURN *** [7d 9s Ks] [Ad]
LandlordCZ: checks 
Kopurana: bets $0.12
LandlordCZ: folds 
Uncalled bet ($0.12) returned to Kopurana
Kopurana collected $0.24 from pot
*** SUMMARY ***
Total pot $0.25 | Rake $0.01 
Board [7d 9s Ks Ad]
Seat 2: LandlordCZ folded on the Turn
Seat 3: poldolk folded before Flop (didn't bet)
Seat 5: Schdoerrchen folded before Flop (didn't bet)
Seat 6: Kopurana (button) collected ($0.24)
Seat 7: mg-deniz (small blind) folded before Flop
Seat 8: Sensei_Wai (big blind) folded before Flop
Seat 9: Dorex2007 folded before Flop (didn't bet)



PokerStars Hand #237240601428:  Hold'em No Limit ($0.01/$0.02 USD) - 2022/07/08 13:39:46 PT [2022/07/08 16:39:46 ET]
Table 'Miriam III' 9-max Seat #7 is the button
Seat 2: LandlordCZ ($0.91 in chips) 
Seat 3: poldolk ($2.82 in chips) 
Seat 5: Schdoerrchen ($2.70 in chips) 
Seat 6: Kopurana ($2.41 in chips) 
Seat 7: mg-deniz ($2.68 in chips) 
Seat 8: Sensei_Wai ($2.34 in chips) 
Seat 9: Dorex2007 ($2.61 in chips) 
Sensei_Wai: posts small blind $0.01
Dorex2007: posts big blind $0.02
vini_wontroba: sits out 
*** HOLE CARDS ***
Dealt to Dorex2007 [6s Js]
LandlordCZ: calls $0.02
poldolk: folds 
Schdoerrchen: folds 
Kopurana: folds 
mg-deniz: raises $0.08 to $0.10
Sensei_Wai: folds 
Dorex2007: folds 
LandlordCZ: calls $0.08
*** FLOP *** [5s Kc Ts]
LandlordCZ: checks 
mg-deniz: checks 
*** TURN *** [5s Kc Ts] [Tc]
LandlordCZ: bets $0.12
mg-deniz: calls $0.12
*** RIVER *** [5s Kc Ts Tc] [4d]
LandlordCZ: checks 
mg-deniz: checks 
*** SHOW DOWN ***
LandlordCZ: shows [Ac Jc] (a pair of Tens)
mg-deniz: shows [9d 9c] (two pair, Tens and Nines)
mg-deniz collected $0.45 from pot
*** SUMMARY ***
Total pot $0.47 | Rake $0.02 
Board [5s Kc Ts Tc 4d]
Seat 2: LandlordCZ showed [Ac Jc] and lost with a pair of Tens
Seat 3: poldolk folded before Flop (didn't bet)
Seat 5: Schdoerrchen folded before Flop (didn't bet)
Seat 6: Kopurana folded before Flop (didn't bet)
Seat 7: mg-deniz (button) showed [9d 9c] and won ($0.45) with two pair, Tens and Nines
Seat 8: Sensei_Wai (small blind) folded before Flop
Seat 9: Dorex2007 (big blind) folded before Flop



PokerStars Hand #237240623271:  Hold'em No Limit ($0.01/$0.02 USD) - 2022/07/08 13:40:45 PT [2022/07/08 16:40:45 ET]
Table 'Miriam III' 9-max Seat #8 is the button
Seat 2: LandlordCZ ($0.69 in chips) 
Seat 3: poldolk ($2.82 in chips) 
Seat 5: Schdoerrchen ($2.70 in chips) 
Seat 6: Kopurana ($2.41 in chips) 
Seat 7: mg-deniz ($2.91 in chips) 
Seat 8: Sensei_Wai ($2.33 in chips) 
Seat 9: Dorex2007 ($2.59 in chips) 
Dorex2007: posts small blind $0.01
LandlordCZ: posts big blind $0.02
vini_wontroba: sits out 
*** HOLE CARDS ***
Dealt to Dorex2007 [3d 2h]
poldolk has timed out
poldolk: folds 
Schdoerrchen: folds 
Kopurana: folds 
mg-deniz: folds 
Sensei_Wai: folds 
Dorex2007: folds 
Uncalled bet ($0.01) returned to LandlordCZ
LandlordCZ collected $0.02 from pot
*** SUMMARY ***
Total pot $0.02 | Rake $0 
Seat 2: LandlordCZ (big blind) collected ($0.02)
Seat 3: poldolk folded before Flop (didn't bet)
Seat 5: Schdoerrchen folded before Flop (didn't bet)
Seat 6: Kopurana folded before Flop (didn't bet)
Seat 7: mg-deniz folded before Flop (didn't bet)
Seat 8: Sensei_Wai (button) folded before Flop (didn't bet)
Seat 9: Dorex2007 (small blind) folded before Flop



PokerStars Hand #237240629808:  Hold'em No Limit ($0.01/$0.02 USD) - 2022/07/08 13:41:02 PT [2022/07/08 16:41:02 ET]
Table 'Miriam III' 9-max Seat #9 is the button
Seat 2: LandlordCZ ($0.70 in chips) 
Seat 3: poldolk ($2.82 in chips) 
Seat 5: Schdoerrchen ($2.70 in chips) 
Seat 6: Kopurana ($2.41 in chips) 
Seat 7: mg-deniz ($2.91 in chips) 
Seat 8: Sensei_Wai ($2.33 in chips) 
Seat 9: Dorex2007 ($2.58 in chips) 
LandlordCZ: posts small blind $0.01
poldolk: posts big blind $0.02
vini_wontroba: sits out 
*** HOLE CARDS ***
Dealt to Dorex2007 [Kc Qd]
Schdoerrchen: folds 
Kopurana: folds 
mg-deniz: folds 
Sensei_Wai: raises $0.06 to $0.08
Dorex2007: calls $0.08
LandlordCZ: folds 
poldolk: folds 
*** FLOP *** [As Jh Tc]
Sensei_Wai: bets $0.14
Dorex2007: raises $0.14 to $0.28
Sensei_Wai: folds 
Uncalled bet ($0.14) returned to Dorex2007
Dorex2007 collected $0.45 from pot
*** SUMMARY ***
Total pot $0.47 | Rake $0.02 
Board [As Jh Tc]
Seat 2: LandlordCZ (small blind) folded before Flop
Seat 3: poldolk (big blind) folded before Flop
Seat 5: Schdoerrchen folded before Flop (didn't bet)
Seat 6: Kopurana folded before Flop (didn't bet)
Seat 7: mg-deniz folded before Flop (didn't bet)
Seat 8: Sensei_Wai folded on the Flop
Seat 9: Dorex2007 (button) collected ($0.45)



PokerStars Hand #237240649228:  Hold'em No Limit ($0.01/$0.02 USD) - 2022/07/08 13:41:55 PT [2022/07/08 16:41:55 ET]
Table 'Miriam III' 9-max Seat #2 is the button
Seat 2: LandlordCZ ($0.69 in chips) 
Seat 3: poldolk ($2.80 in chips) 
Seat 4: vini_wontroba ($2 in chips) 
Seat 5: Schdoerrchen ($2.70 in chips) 
Seat 6: Kopurana ($2.41 in chips) 
Seat 7: mg-deniz ($2.91 in chips) 
Seat 8: Sensei_Wai ($2.11 in chips) 
Seat 9: Dorex2007 ($2.81 in chips) 
poldolk: posts small blind $0.01
vini_wontroba: posts big blind $0.02
*** HOLE CARDS ***
Dealt to Dorex2007 [4d 8h]
Schdoerrchen: folds 
Kopurana: folds 
mg-deniz: raises $0.03 to $0.05
Sensei_Wai: folds 
Dorex2007: folds 
LandlordCZ: folds 
poldolk: folds 
vini_wontroba: calls $0.03
*** FLOP *** [Tc Kd 3d]
vini_wontroba: checks 
mg-deniz: checks 
*** TURN *** [Tc Kd 3d] [Qh]
vini_wontroba: bets $0.07
mg-deniz: folds 
Uncalled bet ($0.07) returned to vini_wontroba
vini_wontroba collected $0.11 from pot
*** SUMMARY ***
Total pot $0.11 | Rake $0 
Board [Tc Kd 3d Qh]
Seat 2: LandlordCZ (button) folded before Flop (didn't bet)
Seat 3: poldolk (small blind) folded before Flop
Seat 4: vini_wontroba (big blind) collected ($0.11)
Seat 5: Schdoerrchen folded before Flop (didn't bet)
Seat 6: Kopurana folded before Flop (didn't bet)
Seat 7: mg-deniz folded on the Turn
Seat 8: Sensei_Wai folded before Flop (didn't bet)
Seat 9: Dorex2007 folded before Flop (didn't bet)



PokerStars Hand #237240662178:  Hold'em No Limit ($0.01/$0.02 USD) - 2022/07/08 13:42:30 PT [2022/07/08 16:42:30 ET]
Table 'Miriam III' 9-max Seat #3 is the button
Seat 2: LandlordCZ ($0.69 in chips) 
Seat 3: poldolk ($2.79 in chips) 
Seat 4: vini_wontroba ($2.06 in chips) 
Seat 6: Kopurana ($2.41 in chips) 
Seat 7: mg-deniz ($2.86 in chips) 
Seat 8: Sensei_Wai ($2.11 in chips) 
Seat 9: Dorex2007 ($2.81 in chips) 
vini_wontroba: posts small blind $0.01
Schdoerrchen: is sitting out 
Schdoerrchen leaves the table
Kopurana: posts big blind $0.02
*** HOLE CARDS ***
Dealt to Dorex2007 [Jd Js]
mg-deniz: raises $0.05 to $0.07
Sensei_Wai: folds 
Dorex2007: calls $0.07
LandlordCZ: folds 
poldolk: calls $0.07
vini_wontroba: folds 
Kopurana: calls $0.05
*** FLOP *** [9c 7c 6c]
lelispinto joins the table at seat #5 
Kopurana: bets $0.07
mg-deniz: calls $0.07
Dorex2007: folds 
poldolk: folds 
*** TURN *** [9c 7c 6c] [8c]
vini_wontroba is disconnected 
Kopurana: checks 
mg-deniz: checks 
*** RIVER *** [9c 7c 6c 8c] [5c]
Kopurana: bets $0.60
mg-deniz: folds 
Uncalled bet ($0.60) returned to Kopurana
Kopurana collected $0.41 from pot
*** SUMMARY ***
Total pot $0.43 | Rake $0.02 
Board [9c 7c 6c 8c 5c]
Seat 2: LandlordCZ folded before Flop (didn't bet)
Seat 3: poldolk (button) folded on the Flop
Seat 4: vini_wontroba (small blind) folded before Flop
Seat 6: Kopurana (big blind) collected ($0.41)
Seat 7: mg-deniz folded on the River
Seat 8: Sensei_Wai folded before Flop (didn't bet)
Seat 9: Dorex2007 folded on the Flop



PokerStars Hand #237240711048:  Hold'em No Limit ($0.01/$0.02 USD) - 2022/07/08 13:44:43 PT [2022/07/08 16:44:43 ET]
Table 'Miriam III' 9-max Seat #4 is the button
Seat 2: LandlordCZ ($0.69 in chips) 
Seat 3: poldolk ($2.72 in chips) 
Seat 4: vini_wontroba ($2.05 in chips) 
Seat 6: Kopurana ($2.68 in chips) 
Seat 7: mg-deniz ($2.72 in chips) 
Seat 8: Sensei_Wai ($2.11 in chips) 
Seat 9: Dorex2007 ($2.74 in chips) 
Kopurana: posts small blind $0.01
mg-deniz: posts big blind $0.02
*** HOLE CARDS ***
Dealt to Dorex2007 [Js 4d]
Sensei_Wai: folds 
Dorex2007: folds 
LandlordCZ: folds 
poldolk: folds 
vini_wontroba: folds 
Kopurana: raises $0.04 to $0.06
mg-deniz: folds 
Uncalled bet ($0.04) returned to Kopurana
Kopurana collected $0.04 from pot
*** SUMMARY ***
Total pot $0.04 | Rake $0 
Seat 2: LandlordCZ folded before Flop (didn't bet)
Seat 3: poldolk folded before Flop (didn't bet)
Seat 4: vini_wontroba (button) folded before Flop (didn't bet)
Seat 6: Kopurana (small blind) collected ($0.04)
Seat 7: mg-deniz (big blind) folded before Flop
Seat 8: Sensei_Wai folded before Flop (didn't bet)
Seat 9: Dorex2007 folded before Flop (didn't bet)



PokerStars Hand #237240717458:  Hold'em No Limit ($0.01/$0.02 USD) - 2022/07/08 13:45:00 PT [2022/07/08 16:45:00 ET]
Table 'Miriam III' 9-max Seat #6 is the button
Seat 2: LandlordCZ ($0.69 in chips) 
Seat 3: poldolk ($2.72 in chips) 
Seat 4: vini_wontroba ($2.05 in chips) 
Seat 5: lelispinto ($0.80 in chips) 
Seat 6: Kopurana ($2.70 in chips) 
Seat 7: mg-deniz ($2.70 in chips) 
Seat 8: Sensei_Wai ($2.11 in chips) 
Seat 9: Dorex2007 ($2.74 in chips) 
mg-deniz: posts small blind $0.01
Sensei_Wai: posts big blind $0.02
lelispinto: posts big blind $0.02
*** HOLE CARDS ***
Dealt to Dorex2007 [9s Qc]
Dorex2007: folds 
LandlordCZ: folds 
poldolk: folds 
vini_wontroba: folds 
lelispinto: checks 
Kopurana: folds 
mg-deniz: folds 
Sensei_Wai: checks 
*** FLOP *** [Th 4h Kh]
Sensei_Wai: bets $0.04
lelispinto: calls $0.04
*** TURN *** [Th 4h Kh] [9h]
Sensei_Wai: checks 
lelispinto: checks 
*** RIVER *** [Th 4h Kh 9h] [Jh]
Sensei_Wai: checks 
lelispinto: checks 
*** SHOW DOWN ***
Sensei_Wai: shows [Ts Qs] (a flush, King high)
lelispinto: shows [As 8d] (a flush, King high)
Sensei_Wai collected $0.07 from pot
lelispinto collected $0.06 from pot
*** SUMMARY ***
Total pot $0.13 | Rake $0 
Board [Th 4h Kh 9h Jh]
Seat 2: LandlordCZ folded before Flop (didn't bet)
Seat 3: poldolk folded before Flop (didn't bet)
Seat 4: vini_wontroba folded before Flop (didn't bet)
Seat 5: lelispinto showed [As 8d] and won ($0.06) with a flush, King high
Seat 6: Kopurana (button) folded before Flop (didn't bet)
Seat 7: mg-deniz (small blind) folded before Flop
Seat 8: Sensei_Wai (big blind) showed [Ts Qs] and won ($0.07) with a flush, King high
Seat 9: Dorex2007 folded before Flop (didn't bet)



PokerStars Hand #237240732301:  Hold'em No Limit ($0.01/$0.02 USD) - 2022/07/08 13:45:40 PT [2022/07/08 16:45:40 ET]
Table 'Miriam III' 9-max Seat #7 is the button
Seat 2: LandlordCZ ($0.69 in chips) 
Seat 3: poldolk ($2.72 in chips) 
Seat 4: vini_wontroba ($2.05 in chips) 
Seat 5: lelispinto ($0.80 in chips) 
Seat 6: Kopurana ($2.70 in chips) 
Seat 7: mg-deniz ($2.69 in chips) 
Seat 8: Sensei_Wai ($2.12 in chips) 
Seat 9: Dorex2007 ($2.74 in chips) 
Sensei_Wai: posts small blind $0.01
Dorex2007: posts big blind $0.02
*** HOLE CARDS ***
Dealt to Dorex2007 [7c Jd]
LandlordCZ: folds 
poldolk: raises $0.03 to $0.05
vini_wontroba: folds 
lelispinto: folds 
Kopurana: calls $0.05
mg-deniz: folds 
Sensei_Wai: folds 
Dorex2007: folds 
*** FLOP *** [2d 4s Td]
poldolk: bets $0.07
Kopurana: calls $0.07
*** TURN *** [2d 4s Td] [Qd]
poldolk: bets $0.14
Kopurana: raises $0.24 to $0.38
poldolk: calls $0.24
*** RIVER *** [2d 4s Td Qd] [7s]
poldolk: checks 
Kopurana: bets $0.20
poldolk: calls $0.20
*** SHOW DOWN ***
Kopurana: shows [7d 9d] (a flush, Queen high)
poldolk: mucks hand 
Kopurana collected $1.38 from pot
*** SUMMARY ***
Total pot $1.43 | Rake $0.05 
Board [2d 4s Td Qd 7s]
Seat 2: LandlordCZ folded before Flop (didn't bet)
Seat 3: poldolk mucked [Kd Th]
Seat 4: vini_wontroba folded before Flop (didn't bet)
Seat 5: lelispinto folded before Flop (didn't bet)
Seat 6: Kopurana showed [7d 9d] and won ($1.38) with a flush, Queen high
Seat 7: mg-deniz (button) folded before Flop (didn't bet)
Seat 8: Sensei_Wai (small blind) folded before Flop
Seat 9: Dorex2007 (big blind) folded before Flop



PokerStars Hand #237240763660:  Hold'em No Limit ($0.01/$0.02 USD) - 2022/07/08 13:47:04 PT [2022/07/08 16:47:04 ET]
Table 'Miriam III' 9-max Seat #8 is the button
Seat 2: LandlordCZ ($0.69 in chips) 
Seat 3: poldolk ($2.02 in chips) 
Seat 4: vini_wontroba ($2.05 in chips) 
Seat 5: lelispinto ($0.80 in chips) 
Seat 6: Kopurana ($3.38 in chips) 
Seat 7: mg-deniz ($2.69 in chips) 
Seat 8: Sensei_Wai ($2.11 in chips) 
Seat 9: Dorex2007 ($2.72 in chips) 
Dorex2007: posts small blind $0.01
LandlordCZ: posts big blind $0.02
*** HOLE CARDS ***
Dealt to Dorex2007 [Kd 6c]
poldolk: folds 
vini_wontroba: folds 
lelispinto: calls $0.02
Kopurana: folds 
mg-deniz: folds 
Sensei_Wai: folds 
Dorex2007: folds 
LandlordCZ: checks 
*** FLOP *** [5h 6s Ac]
LandlordCZ: checks 
lelispinto: checks 
*** TURN *** [5h 6s Ac] [9d]
LandlordCZ: checks 
lelispinto: checks 
*** RIVER *** [5h 6s Ac 9d] [Ah]
LandlordCZ: checks 
lelispinto: checks 
*** SHOW DOWN ***
LandlordCZ: shows [Jh Qc] (a pair of Aces)
lelispinto: shows [8s 8c] (two pair, Aces and Eights)
lelispinto collected $0.05 from pot
*** SUMMARY ***
Total pot $0.05 | Rake $0 
Board [5h 6s Ac 9d Ah]
Seat 2: LandlordCZ (big blind) showed [Jh Qc] and lost with a pair of Aces
Seat 3: poldolk folded before Flop (didn't bet)
Seat 4: vini_wontroba folded before Flop (didn't bet)
Seat 5: lelispinto showed [8s 8c] and won ($0.05) with two pair, Aces and Eights
Seat 6: Kopurana folded before Flop (didn't bet)
Seat 7: mg-deniz folded before Flop (didn't bet)
Seat 8: Sensei_Wai (button) folded before Flop (didn't bet)
Seat 9: Dorex2007 (small blind) folded before Flop



PokerStars Hand #237240773666:  Hold'em No Limit ($0.01/$0.02 USD) - 2022/07/08 13:47:30 PT [2022/07/08 16:47:30 ET]
Table 'Miriam III' 9-max Seat #9 is the button
Seat 2: LandlordCZ ($0.67 in chips) 
Seat 3: poldolk ($2.02 in chips) 
Seat 4: vini_wontroba ($2.05 in chips) 
Seat 5: lelispinto ($0.83 in chips) 
Seat 6: Kopurana ($3.38 in chips) 
Seat 7: mg-deniz ($2.69 in chips) 
Seat 8: Sensei_Wai ($2.11 in chips) 
Seat 9: Dorex2007 ($2.71 in chips) 
LandlordCZ: posts small blind $0.01
poldolk: posts big blind $0.02
*** HOLE CARDS ***
Dealt to Dorex2007 [Td 9c]
vini_wontroba: folds 
lelispinto: folds 
Kopurana: raises $0.04 to $0.06
mg-deniz: folds 
Sensei_Wai: folds 
Dorex2007: folds 
LandlordCZ: folds 
poldolk: folds 
Uncalled bet ($0.04) returned to Kopurana
Kopurana collected $0.05 from pot
*** SUMMARY ***
Total pot $0.05 | Rake $0 
Seat 2: LandlordCZ (small blind) folded before Flop
Seat 3: poldolk (big blind) folded before Flop
Seat 4: vini_wontroba folded before Flop (didn't bet)
Seat 5: lelispinto folded before Flop (didn't bet)
Seat 6: Kopurana collected ($0.05)
Seat 7: mg-deniz folded before Flop (didn't bet)
Seat 8: Sensei_Wai folded before Flop (didn't bet)
Seat 9: Dorex2007 (button) folded before Flop (didn't bet)



PokerStars Hand #237240779319:  Hold'em No Limit ($0.01/$0.02 USD) - 2022/07/08 13:47:45 PT [2022/07/08 16:47:45 ET]
Table 'Miriam III' 9-max Seat #2 is the button
Seat 2: LandlordCZ ($0.66 in chips) 
Seat 3: poldolk ($2 in chips) 
Seat 4: vini_wontroba ($2.05 in chips) 
Seat 5: lelispinto ($0.83 in chips) 
Seat 6: Kopurana ($3.41 in chips) 
Seat 7: mg-deniz ($2.69 in chips) 
Seat 8: Sensei_Wai ($2.11 in chips) 
Seat 9: Dorex2007 ($2.71 in chips) 
poldolk: posts small blind $0.01
vini_wontroba: posts big blind $0.02
*** HOLE CARDS ***
Dealt to Dorex2007 [Tc Td]
lelispinto has timed out
lelispinto: folds 
Kopurana: folds 
mg-deniz: raises $0.03 to $0.05
Sensei_Wai: folds 
Dorex2007: calls $0.05
LandlordCZ: calls $0.05
poldolk: calls $0.04
vini_wontroba: folds 
*** FLOP *** [4d Jc 5c]
poldolk: checks 
mg-deniz: checks 
Dorex2007: checks 
LandlordCZ: checks 
*** TURN *** [4d Jc 5c] [6c]
poldolk: bets $0.07
mg-deniz: folds 
Dorex2007: folds 
LandlordCZ: calls $0.07
*** RIVER *** [4d Jc 5c 6c] [3s]
poldolk: bets $0.26
LandlordCZ: folds 
Uncalled bet ($0.26) returned to poldolk
poldolk collected $0.35 from pot
*** SUMMARY ***
Total pot $0.36 | Rake $0.01 
Board [4d Jc 5c 6c 3s]
Seat 2: LandlordCZ (button) folded on the River
Seat 3: poldolk (small blind) collected ($0.35)
Seat 4: vini_wontroba (big blind) folded before Flop
Seat 5: lelispinto folded before Flop (didn't bet)
Seat 6: Kopurana folded before Flop (didn't bet)
Seat 7: mg-deniz folded on the Turn
Seat 8: Sensei_Wai folded before Flop (didn't bet)
Seat 9: Dorex2007 folded on the Turn



PokerStars Hand #237240809517:  Hold'em No Limit ($0.01/$0.02 USD) - 2022/07/08 13:49:06 PT [2022/07/08 16:49:06 ET]
Table 'Miriam III' 9-max Seat #3 is the button
Seat 2: LandlordCZ ($0.54 in chips) 
Seat 3: poldolk ($2.23 in chips) 
Seat 4: vini_wontroba ($2.03 in chips) 
Seat 6: Kopurana ($3.41 in chips) 
Seat 7: mg-deniz ($2.64 in chips) 
Seat 8: Sensei_Wai ($2.11 in chips) 
Seat 9: Dorex2007 ($2.66 in chips) 
vini_wontroba: posts small blind $0.01
Kopurana: posts big blind $0.02
*** HOLE CARDS ***
Dealt to Dorex2007 [5c Jd]
mg-deniz: raises $0.05 to $0.07
Sensei_Wai: folds 
Dorex2007: folds 
LandlordCZ: folds 
poldolk: folds 
vini_wontroba: calls $0.06
Kopurana: folds 
*** FLOP *** [4c 4d 7s]
vini_wontroba: bets $0.10
mg-deniz: raises $0.16 to $0.26
vini_wontroba: calls $0.16
*** TURN *** [4c 4d 7s] [2c]
vini_wontroba: checks 
mg-deniz: bets $0.30
vini_wontroba: raises $0.60 to $0.90
mg-deniz: folds 
Uncalled bet ($0.60) returned to vini_wontroba
vini_wontroba collected $1.24 from pot
*** SUMMARY ***
Total pot $1.28 | Rake $0.04 
Board [4c 4d 7s 2c]
Seat 2: LandlordCZ folded before Flop (didn't bet)
Seat 3: poldolk (button) folded before Flop (didn't bet)
Seat 4: vini_wontroba (small blind) collected ($1.24)
Seat 6: Kopurana (big blind) folded before Flop
Seat 7: mg-deniz folded on the Turn
Seat 8: Sensei_Wai folded before Flop (didn't bet)
Seat 9: Dorex2007 folded before Flop (didn't bet)



PokerStars Hand #237240837178:  Hold'em No Limit ($0.01/$0.02 USD) - 2022/07/08 13:50:21 PT [2022/07/08 16:50:21 ET]
Table 'Miriam III' 9-max Seat #4 is the button
Seat 2: LandlordCZ ($0.54 in chips) 
Seat 3: poldolk ($2.23 in chips) 
Seat 4: vini_wontroba ($2.64 in chips) 
Seat 6: Kopurana ($3.39 in chips) 
Seat 7: mg-deniz ($2.01 in chips) 
Seat 8: Sensei_Wai ($2.11 in chips) 
Seat 9: Dorex2007 ($2.66 in chips) 
Kopurana: posts small blind $0.01
mg-deniz: posts big blind $0.02
*** HOLE CARDS ***
Dealt to Dorex2007 [9c 4s]
Sensei_Wai: folds 
Dorex2007: folds 
LandlordCZ: folds 
poldolk: folds 
vini_wontroba: raises $0.04 to $0.06
Kopurana: folds 
mg-deniz: folds 
Uncalled bet ($0.04) returned to vini_wontroba
vini_wontroba collected $0.05 from pot
*** SUMMARY ***
Total pot $0.05 | Rake $0 
Seat 2: LandlordCZ folded before Flop (didn't bet)
Seat 3: poldolk folded before Flop (didn't bet)
Seat 4: vini_wontroba (button) collected ($0.05)
Seat 6: Kopurana (small blind) folded before Flop
Seat 7: mg-deniz (big blind) folded before Flop
Seat 8: Sensei_Wai folded before Flop (didn't bet)
Seat 9: Dorex2007 folded before Flop (didn't bet)



PokerStars Hand #237240843760:  Hold'em No Limit ($0.01/$0.02 USD) - 2022/07/08 13:50:38 PT [2022/07/08 16:50:38 ET]
Table 'Miriam III' 9-max Seat #6 is the button
Seat 2: LandlordCZ ($0.54 in chips) 
Seat 3: poldolk ($2.23 in chips) 
Seat 4: vini_wontroba ($2.67 in chips) 
Seat 6: Kopurana ($3.38 in chips) 
Seat 7: mg-deniz ($2 in chips) 
Seat 8: Sensei_Wai ($2.11 in chips) 
Seat 9: Dorex2007 ($2.66 in chips) 
mg-deniz: posts small blind $0.01
Sensei_Wai: posts big blind $0.02
*** HOLE CARDS ***
Dealt to Dorex2007 [2h 4h]
Dorex2007: folds 
LandlordCZ: calls $0.02
poldolk: folds 
vini_wontroba: folds 
Kopurana: folds 
mg-deniz: folds 
Sensei_Wai: checks 
*** FLOP *** [Ks 4d Ad]
Sensei_Wai: checks 
LandlordCZ: checks 
*** TURN *** [Ks 4d Ad] [Ac]
Sensei_Wai: checks 
LandlordCZ: checks 
*** RIVER *** [Ks 4d Ad Ac] [Ts]
Sensei_Wai: checks 
LandlordCZ: checks 
*** SHOW DOWN ***
Sensei_Wai: shows [Jc 6c] (a pair of Aces)
LandlordCZ: mucks hand 
Sensei_Wai collected $0.05 from pot
*** SUMMARY ***
Total pot $0.05 | Rake $0 
Board [Ks 4d Ad Ac Ts]
Seat 2: LandlordCZ mucked [7d 8c]
Seat 3: poldolk folded before Flop (didn't bet)
Seat 4: vini_wontroba folded before Flop (didn't bet)
Seat 6: Kopurana (button) folded before Flop (didn't bet)
Seat 7: mg-deniz (small blind) folded before Flop
Seat 8: Sensei_Wai (big blind) showed [Jc 6c] and won ($0.05) with a pair of Aces
Seat 9: Dorex2007 folded before Flop (didn't bet)



PokerStars Hand #237240856460:  Hold'em No Limit ($0.01/$0.02 USD) - 2022/07/08 13:51:13 PT [2022/07/08 16:51:13 ET]
Table 'Miriam III' 9-max Seat #7 is the button
Seat 2: LandlordCZ ($0.52 in chips) 
Seat 3: poldolk ($2.23 in chips) 
Seat 4: vini_wontroba ($2.67 in chips) 
Seat 6: Kopurana ($3.38 in chips) 
Seat 7: mg-deniz ($2 in chips) 
Seat 8: Sensei_Wai ($2.14 in chips) 
Seat 9: Dorex2007 ($2.66 in chips) 
Sensei_Wai: posts small blind $0.01
Dorex2007: posts big blind $0.02
*** HOLE CARDS ***
Dealt to Dorex2007 [5c Kc]
LandlordCZ: calls $0.02
poldolk: folds 
vini_wontroba: folds 
Kopurana: folds 
mg-deniz: raises $0.05 to $0.07
Sensei_Wai: folds 
Dorex2007: folds 
LandlordCZ: calls $0.05
*** FLOP *** [7c Th Ad]
LandlordCZ: checks 
mg-deniz: bets $0.07
LandlordCZ: calls $0.07
*** TURN *** [7c Th Ad] [3s]
LandlordCZ: checks 
mg-deniz: checks 
*** RIVER *** [7c Th Ad 3s] [Td]
LandlordCZ: checks 
mg-deniz: bets $0.38
LandlordCZ: folds 
Uncalled bet ($0.38) returned to mg-deniz
mg-deniz collected $0.30 from pot
*** SUMMARY ***
Total pot $0.31 | Rake $0.01 
Board [7c Th Ad 3s Td]
Seat 2: LandlordCZ folded on the River
Seat 3: poldolk folded before Flop (didn't bet)
Seat 4: vini_wontroba folded before Flop (didn't bet)
Seat 6: Kopurana folded before Flop (didn't bet)
Seat 7: mg-deniz (button) collected ($0.30)
Seat 8: Sensei_Wai (small blind) folded before Flop
Seat 9: Dorex2007 (big blind) folded before Flop



PokerStars Hand #237240878490:  Hold'em No Limit ($0.01/$0.02 USD) - 2022/07/08 13:52:12 PT [2022/07/08 16:52:12 ET]
Table 'Miriam III' 9-max Seat #8 is the button
Seat 2: LandlordCZ ($0.38 in chips) 
Seat 3: poldolk ($2.23 in chips) 
Seat 4: vini_wontroba ($2.67 in chips) 
Seat 6: Kopurana ($3.38 in chips) 
Seat 7: mg-deniz ($2.16 in chips) 
Seat 8: Sensei_Wai ($2.13 in chips) 
Seat 9: Dorex2007 ($2.64 in chips) 
Dorex2007: posts small blind $0.01
LandlordCZ: posts big blind $0.02
*** HOLE CARDS ***
Dealt to Dorex2007 [2c Kc]
poldolk: raises $0.03 to $0.05
vini_wontroba: folds 
Kopurana: folds 
mg-deniz: folds 
Sensei_Wai: raises $0.15 to $0.20
Dorex2007: folds 
LandlordCZ: folds 
vini_wontroba leaves the table
poldolk: folds 
Uncalled bet ($0.15) returned to Sensei_Wai
Sensei_Wai collected $0.13 from pot
*** SUMMARY ***
Total pot $0.13 | Rake $0 
Seat 2: LandlordCZ (big blind) folded before Flop
Seat 3: poldolk folded before Flop
Seat 4: vini_wontroba folded before Flop (didn't bet)
Seat 6: Kopurana folded before Flop (didn't bet)
Seat 7: mg-deniz folded before Flop (didn't bet)
Seat 8: Sensei_Wai (button) collected ($0.13)
Seat 9: Dorex2007 (small blind) folded before Flop



PokerStars Hand #237240888309:  Hold'em No Limit ($0.01/$0.02 USD) - 2022/07/08 13:52:39 PT [2022/07/08 16:52:39 ET]
Table 'Miriam III' 9-max Seat #9 is the button
Seat 2: LandlordCZ ($0.36 in chips) 
Seat 3: poldolk ($2.18 in chips) 
Seat 6: Kopurana ($3.38 in chips) 
Seat 7: mg-deniz ($2.16 in chips) 
Seat 8: Sensei_Wai ($2.21 in chips) 
Seat 9: Dorex2007 ($2.63 in chips) 
LandlordCZ: posts small blind $0.01
poldolk: posts big blind $0.02
*** HOLE CARDS ***
Dealt to Dorex2007 [5d 3c]
Kopurana: folds 
mg-deniz: folds 
Sensei_Wai: raises $0.06 to $0.08
Dorex2007: folds 
LandlordCZ: folds 
Venezuelan Dmg joins the table at seat #4 
poldolk: calls $0.06
*** FLOP *** [4s 2d 2s]
poldolk: checks 
Sensei_Wai: bets $0.13
poldolk: folds 
Uncalled bet ($0.13) returned to Sensei_Wai
Sensei_Wai collected $0.16 from pot
*** SUMMARY ***
Total pot $0.17 | Rake $0.01 
Board [4s 2d 2s]
Seat 2: LandlordCZ (small blind) folded before Flop
Seat 3: poldolk (big blind) folded on the Flop
Seat 6: Kopurana folded before Flop (didn't bet)
Seat 7: mg-deniz folded before Flop (didn't bet)
Seat 8: Sensei_Wai collected ($0.16)
Seat 9: Dorex2007 (button) folded before Flop (didn't bet)



PokerStars Hand #237240902010:  Hold'em No Limit ($0.01/$0.02 USD) - 2022/07/08 13:53:16 PT [2022/07/08 16:53:16 ET]
Table 'Miriam III' 9-max Seat #2 is the button
Seat 2: LandlordCZ ($0.35 in chips) 
Seat 3: poldolk ($2.10 in chips) 
Seat 4: Venezuelan Dmg ($2 in chips) 
Seat 6: Kopurana ($3.38 in chips) 
Seat 7: mg-deniz ($2.16 in chips) 
Seat 8: Sensei_Wai ($2.29 in chips) 
Seat 9: Dorex2007 ($2.63 in chips) 
poldolk: posts small blind $0.01
Venezuelan Dmg: posts big blind $0.02
*** HOLE CARDS ***
Dealt to Dorex2007 [4d 2d]
Kopurana: folds 
mg-deniz: folds 
Sensei_Wai: raises $0.08 to $0.10
Dorex2007: folds 
LandlordCZ: folds 
poldolk: folds 
Venezuelan Dmg: folds 
Uncalled bet ($0.08) returned to Sensei_Wai
Sensei_Wai collected $0.05 from pot
*** SUMMARY ***
Total pot $0.05 | Rake $0 
Seat 2: LandlordCZ (button) folded before Flop (didn't bet)
Seat 3: poldolk (small blind) folded before Flop
Seat 4: Venezuelan Dmg (big blind) folded before Flop
Seat 6: Kopurana folded before Flop (didn't bet)
Seat 7: mg-deniz folded before Flop (didn't bet)
Seat 8: Sensei_Wai collected ($0.05)
Seat 9: Dorex2007 folded before Flop (didn't bet)



PokerStars Hand #237240911385:  Hold'em No Limit ($0.01/$0.02 USD) - 2022/07/08 13:53:41 PT [2022/07/08 16:53:41 ET]
Table 'Miriam III' 9-max Seat #3 is the button
Seat 2: LandlordCZ ($0.35 in chips) 
Seat 3: poldolk ($2.09 in chips) 
Seat 4: Venezuelan Dmg ($1.98 in chips) 
Seat 7: mg-deniz ($2.16 in chips) 
Seat 8: Sensei_Wai ($2.32 in chips) 
Seat 9: Dorex2007 ($2.63 in chips) 
Venezuelan Dmg: posts small blind $0.01
Kopurana: is sitting out 
mg-deniz: posts big blind $0.02
*** HOLE CARDS ***
Dealt to Dorex2007 [Td 9c]
Sensei_Wai: folds 
Dorex2007: folds 
LandlordCZ: folds 
Kopurana leaves the table
poldolk: raises $0.03 to $0.05
Venezuelan Dmg: raises $0.11 to $0.16
mg-deniz: folds 
poldolk: folds 
Uncalled bet ($0.11) returned to Venezuelan Dmg
Venezuelan Dmg collected $0.12 from pot
*** SUMMARY ***
Total pot $0.12 | Rake $0 
Seat 2: LandlordCZ folded before Flop (didn't bet)
Seat 3: poldolk (button) folded before Flop
Seat 4: Venezuelan Dmg (small blind) collected ($0.12)
Seat 7: mg-deniz (big blind) folded before Flop
Seat 8: Sensei_Wai folded before Flop (didn't bet)
Seat 9: Dorex2007 folded before Flop (didn't bet)



PokerStars Hand #237240921503:  Hold'em No Limit ($0.01/$0.02 USD) - 2022/07/08 13:54:08 PT [2022/07/08 16:54:08 ET]
Table 'Miriam III' 9-max Seat #4 is the button
Seat 2: LandlordCZ ($0.35 in chips) 
Seat 3: poldolk ($2.04 in chips) 
Seat 4: Venezuelan Dmg ($2.05 in chips) 
Seat 7: mg-deniz ($2.14 in chips) 
Seat 8: Sensei_Wai ($2.32 in chips) 
Seat 9: Dorex2007 ($2.63 in chips) 
mg-deniz: posts small blind $0.01
Sensei_Wai: posts big blind $0.02
*** HOLE CARDS ***
Dealt to Dorex2007 [2d 5h]
Dorex2007: folds 
LandlordCZ: folds 
poldolk: raises $0.03 to $0.05
Venezuelan Dmg: folds 
mg-deniz: folds 
Sensei_Wai: folds 
Uncalled bet ($0.03) returned to poldolk
poldolk collected $0.05 from pot
*** SUMMARY ***
Total pot $0.05 | Rake $0 
Seat 2: LandlordCZ folded before Flop (didn't bet)
Seat 3: poldolk collected ($0.05)
Seat 4: Venezuelan Dmg (button) folded before Flop (didn't bet)
Seat 7: mg-deniz (small blind) folded before Flop
Seat 8: Sensei_Wai (big blind) folded before Flop
Seat 9: Dorex2007 folded before Flop (didn't bet)



PokerStars Hand #237240926880:  Hold'em No Limit ($0.01/$0.02 USD) - 2022/07/08 13:54:23 PT [2022/07/08 16:54:23 ET]
Table 'Miriam III' 9-max Seat #7 is the button
Seat 2: LandlordCZ ($0.35 in chips) 
Seat 3: poldolk ($2.07 in chips) 
Seat 4: Venezuelan Dmg ($2.05 in chips) 
Seat 7: mg-deniz ($2.13 in chips) 
Seat 8: Sensei_Wai ($2.30 in chips) 
Seat 9: Dorex2007 ($2.63 in chips) 
Sensei_Wai: posts small blind $0.01
Dorex2007: posts big blind $0.02
*** HOLE CARDS ***
Dealt to Dorex2007 [2h Jd]
LandlordCZ: folds 
poldolk: folds 
Venezuelan Dmg: raises $0.02 to $0.04
mg-deniz: folds 
Sensei_Wai: folds 
Dorex2007: folds 
Uncalled bet ($0.02) returned to Venezuelan Dmg
Venezuelan Dmg collected $0.05 from pot
*** SUMMARY ***
Total pot $0.05 | Rake $0 
Seat 2: LandlordCZ folded before Flop (didn't bet)
Seat 3: poldolk folded before Flop (didn't bet)
Seat 4: Venezuelan Dmg collected ($0.05)
Seat 7: mg-deniz (button) folded before Flop (didn't bet)
Seat 8: Sensei_Wai (small blind) folded before Flop
Seat 9: Dorex2007 (big blind) folded before Flop



PokerStars Hand #237240932015:  Hold'em No Limit ($0.01/$0.02 USD) - 2022/07/08 13:54:37 PT [2022/07/08 16:54:37 ET]
Table 'Miriam III' 9-max Seat #8 is the button
Seat 2: LandlordCZ ($0.35 in chips) 
Seat 3: poldolk ($2.07 in chips) 
Seat 4: Venezuelan Dmg ($2.08 in chips) 
Seat 7: mg-deniz ($2.13 in chips) 
Seat 8: Sensei_Wai ($2.29 in chips) 
Seat 9: Dorex2007 ($2.61 in chips) 
Dorex2007: posts small blind $0.01
LandlordCZ: posts big blind $0.02
lelispinto: sits out 
*** HOLE CARDS ***
Dealt to Dorex2007 [2h 6h]
poldolk: folds 
Venezuelan Dmg: folds 
mg-deniz: raises $0.03 to $0.05
Sensei_Wai: folds 
Dorex2007: folds 
LandlordCZ: calls $0.03
*** FLOP *** [7s 8d 4s]
LandlordCZ: bets $0.04
mg-deniz: folds 
Uncalled bet ($0.04) returned to LandlordCZ
LandlordCZ collected $0.11 from pot
wALEXSANDRw leaves the table
*** SUMMARY ***
Total pot $0.11 | Rake $0 
Board [7s 8d 4s]
Seat 2: LandlordCZ (big blind) collected ($0.11)
Seat 3: poldolk folded before Flop (didn't bet)
Seat 4: Venezuelan Dmg folded before Flop (didn't bet)
Seat 7: mg-deniz folded on the Flop
Seat 8: Sensei_Wai (button) folded before Flop (didn't bet)
Seat 9: Dorex2007 (small blind) folded before Flop



PokerStars Hand #237240942802:  Hold'em No Limit ($0.01/$0.02 USD) - 2022/07/08 13:55:06 PT [2022/07/08 16:55:06 ET]
Table 'Miriam III' 9-max Seat #9 is the button
Seat 2: LandlordCZ ($0.41 in chips) 
Seat 3: poldolk ($2.07 in chips) 
Seat 4: Venezuelan Dmg ($2.08 in chips) 
Seat 5: lelispinto ($0.83 in chips) 
Seat 7: mg-deniz ($2.08 in chips) 
Seat 8: Sensei_Wai ($2.29 in chips) 
Seat 9: Dorex2007 ($2.60 in chips) 
LandlordCZ: posts small blind $0.01
poldolk: posts big blind $0.02
lelispinto: posts small & big blinds $0.03
*** HOLE CARDS ***
Dealt to Dorex2007 [7c 2h]
Venezuelan Dmg: folds 
lelispinto: checks 
mg-deniz: folds 
Sensei_Wai: folds 
Dorex2007: folds 
LandlordCZ: calls $0.01
poldolk: raises $0.06 to $0.08
lelispinto: calls $0.06
LandlordCZ: folds 
*** FLOP *** [7h 5d 8c]
poldolk: bets $0.10
Aflil1966 joins the table at seat #6 
lelispinto: folds 
Uncalled bet ($0.10) returned to poldolk
poldolk collected $0.18 from pot
*** SUMMARY ***
Total pot $0.19 | Rake $0.01 
Board [7h 5d 8c]
Seat 2: LandlordCZ (small blind) folded before Flop
Seat 3: poldolk (big blind) collected ($0.18)
Seat 4: Venezuelan Dmg folded before Flop (didn't bet)
Seat 5: lelispinto folded on the Flop
Seat 7: mg-deniz folded before Flop (didn't bet)
Seat 8: Sensei_Wai folded before Flop (didn't bet)
Seat 9: Dorex2007 (button) folded before Flop (didn't bet)



PokerStars Hand #237240956853:  Hold'em No Limit ($0.01/$0.02 USD) - 2022/07/08 13:55:54 PT [2022/07/08 16:55:54 ET]
Table 'Miriam III' 9-max Seat #2 is the button
Seat 2: LandlordCZ ($0.39 in chips) 
Seat 3: poldolk ($2.17 in chips) 
Seat 4: Venezuelan Dmg ($2.08 in chips) 
Seat 5: lelispinto ($0.74 in chips) 
Seat 7: mg-deniz ($2.08 in chips) 
Seat 8: Sensei_Wai ($2.29 in chips) 
Seat 9: Dorex2007 ($2.60 in chips) 
poldolk: posts small blind $0.01
Venezuelan Dmg: posts big blind $0.02
Aflil1966 is connected 
Aflil1966: sits out 
*** HOLE CARDS ***
Dealt to Dorex2007 [8d Ks]
lelispinto: folds 
mg-deniz: folds 
Sensei_Wai has timed out
Sensei_Wai: folds 
Dorex2007: folds 
LandlordCZ: folds 
o'travolta joins the table at seat #1 
poldolk: folds 
Uncalled bet ($0.01) returned to Venezuelan Dmg
Venezuelan Dmg collected $0.02 from pot
*** SUMMARY ***
Total pot $0.02 | Rake $0 
Seat 2: LandlordCZ (button) folded before Flop (didn't bet)
Seat 3: poldolk (small blind) folded before Flop
Seat 4: Venezuelan Dmg (big blind) collected ($0.02)
Seat 5: lelispinto folded before Flop (didn't bet)
Seat 7: mg-deniz folded before Flop (didn't bet)
Seat 8: Sensei_Wai folded before Flop (didn't bet)
Seat 9: Dorex2007 folded before Flop (didn't bet)



PokerStars Hand #237240965805:  Hold'em No Limit ($0.01/$0.02 USD) - 2022/07/08 13:56:25 PT [2022/07/08 16:56:25 ET]
Table 'Miriam III' 9-max Seat #3 is the button
Seat 1: o'travolta ($1.60 in chips) 
Seat 2: LandlordCZ ($0.39 in chips) 
Seat 3: poldolk ($2.16 in chips) 
Seat 4: Venezuelan Dmg ($2.09 in chips) 
Seat 5: lelispinto ($0.74 in chips) 
Seat 7: mg-deniz ($2.08 in chips) 
Seat 9: Dorex2007 ($2.60 in chips) 
Venezuelan Dmg: posts small blind $0.01
lelispinto: posts big blind $0.02
Aflil1966: sits out 
o'travolta: posts big blind $0.02
*** HOLE CARDS ***
Dealt to Dorex2007 [7h Ah]
mg-deniz: folds 
Dorex2007: calls $0.02
o'travolta: checks 
LandlordCZ: folds 
poldolk: raises $0.08 to $0.10
Venezuelan Dmg: calls $0.09
lelispinto: calls $0.08
Dorex2007: folds 
o'travolta: folds 
*** FLOP *** [5d Th 6s]
Venezuelan Dmg: checks 
lelispinto: bets $0.02
poldolk: calls $0.02
Venezuelan Dmg: calls $0.02
*** TURN *** [5d Th 6s] [2d]
Venezuelan Dmg: checks 
lelispinto: checks 
poldolk: checks 
*** RIVER *** [5d Th 6s 2d] [5s]
Venezuelan Dmg: bets $0.29
lelispinto: folds 
poldolk: folds 
Uncalled bet ($0.29) returned to Venezuelan Dmg
Venezuelan Dmg collected $0.39 from pot
*** SUMMARY ***
Total pot $0.40 | Rake $0.01 
Board [5d Th 6s 2d 5s]
Seat 1: o'travolta folded before Flop (didn't bet)
Seat 2: LandlordCZ folded before Flop (didn't bet)
Seat 3: poldolk (button) folded on the River
Seat 4: Venezuelan Dmg (small blind) collected ($0.39)
Seat 5: lelispinto (big blind) folded on the River
Seat 7: mg-deniz folded before Flop (didn't bet)
Seat 9: Dorex2007 folded before Flop



PokerStars Hand #237240987184:  Hold'em No Limit ($0.01/$0.02 USD) - 2022/07/08 13:57:41 PT [2022/07/08 16:57:41 ET]
Table 'Miriam III' 9-max Seat #4 is the button
Seat 1: o'travolta ($1.58 in chips) 
Seat 2: LandlordCZ ($0.39 in chips) 
Seat 3: poldolk ($2.04 in chips) 
Seat 4: Venezuelan Dmg ($2.36 in chips) 
Seat 5: lelispinto ($0.62 in chips) 
Seat 6: Aflil1966 ($2 in chips) 
Seat 7: mg-deniz ($2.08 in chips) 
Seat 8: Sensei_Wai ($2.29 in chips) 
Seat 9: Dorex2007 ($2.58 in chips) 
lelispinto: posts small blind $0.01
Aflil1966: posts big blind $0.02
*** HOLE CARDS ***
Dealt to Dorex2007 [Kd 3d]
mg-deniz: folds 
Sensei_Wai: folds 
Dorex2007: folds 
o'travolta: calls $0.02
LandlordCZ: folds 
poldolk: raises $0.03 to $0.05
Venezuelan Dmg: folds 
lelispinto: calls $0.04
Aflil1966: folds 
o'travolta: calls $0.03
*** FLOP *** [Js 7h Qh]
lelispinto: checks 
o'travolta: checks 
poldolk: bets $0.09
lelispinto: calls $0.09
o'travolta: calls $0.09
*** TURN *** [Js 7h Qh] [3c]
lelispinto: checks 
o'travolta: checks 
poldolk: bets $0.31
lelispinto: folds 
o'travolta: folds 
Uncalled bet ($0.31) returned to poldolk
poldolk collected $0.42 from pot
*** SUMMARY ***
Total pot $0.44 | Rake $0.02 
Board [Js 7h Qh 3c]
Seat 1: o'travolta folded on the Turn
Seat 2: LandlordCZ folded before Flop (didn't bet)
Seat 3: poldolk collected ($0.42)
Seat 4: Venezuelan Dmg (button) folded before Flop (didn't bet)
Seat 5: lelispinto (small blind) folded on the Turn
Seat 6: Aflil1966 (big blind) folded before Flop
Seat 7: mg-deniz folded before Flop (didn't bet)
Seat 8: Sensei_Wai folded before Flop (didn't bet)
Seat 9: Dorex2007 folded before Flop (didn't bet)



PokerStars Hand #237241008416:  Hold'em No Limit ($0.01/$0.02 USD) - 2022/07/08 13:58:55 PT [2022/07/08 16:58:55 ET]
Table 'Miriam III' 9-max Seat #5 is the button
Seat 1: o'travolta ($1.44 in chips) 
Seat 2: LandlordCZ ($0.39 in chips) 
Seat 3: poldolk ($2.32 in chips) 
Seat 4: Venezuelan Dmg ($2.36 in chips) 
Seat 5: lelispinto ($0.48 in chips) 
Seat 6: Aflil1966 ($1.98 in chips) 
Seat 7: mg-deniz ($2.08 in chips) 
Seat 8: Sensei_Wai ($2.29 in chips) 
Seat 9: Dorex2007 ($2.58 in chips) 
Aflil1966: posts small blind $0.01
mg-deniz: posts big blind $0.02
*** HOLE CARDS ***
Dealt to Dorex2007 [3d 9h]
Sensei_Wai: folds 
Dorex2007: folds 
o'travolta: folds 
LandlordCZ: calls $0.02
poldolk: folds 
Venezuelan Dmg: folds 
lelispinto: calls $0.02
Aflil1966: folds 
mg-deniz: checks 
*** FLOP *** [Ts Ac 2d]
mg-deniz: checks 
LandlordCZ: bets $0.04
lelispinto: folds 
mg-deniz: folds 
Uncalled bet ($0.04) returned to LandlordCZ
LandlordCZ collected $0.07 from pot
*** SUMMARY ***
Total pot $0.07 | Rake $0 
Board [Ts Ac 2d]
Seat 1: o'travolta folded before Flop (didn't bet)
Seat 2: LandlordCZ collected ($0.07)
Seat 3: poldolk folded before Flop (didn't bet)
Seat 4: Venezuelan Dmg folded before Flop (didn't bet)
Seat 5: lelispinto (button) folded on the Flop
Seat 6: Aflil1966 (small blind) folded before Flop
Seat 7: mg-deniz (big blind) folded on the Flop
Seat 8: Sensei_Wai folded before Flop (didn't bet)
Seat 9: Dorex2007 folded before Flop (didn't bet)



PokerStars Hand #237241018362:  Hold'em No Limit ($0.01/$0.02 USD) - 2022/07/08 13:59:30 PT [2022/07/08 16:59:30 ET]
Table 'Miriam III' 9-max Seat #6 is the button
Seat 1: o'travolta ($1.44 in chips) 
Seat 2: LandlordCZ ($0.44 in chips) 
Seat 3: poldolk ($2.32 in chips) 
Seat 4: Venezuelan Dmg ($2.36 in chips) 
Seat 5: lelispinto ($0.46 in chips) 
Seat 6: Aflil1966 ($1.97 in chips) 
Seat 7: mg-deniz ($2.06 in chips) 
Seat 9: Dorex2007 ($2.58 in chips) 
mg-deniz: posts small blind $0.01
Sensei_Wai: is sitting out 
Sensei_Wai leaves the table
Dorex2007: posts big blind $0.02
*** HOLE CARDS ***
Dealt to Dorex2007 [9d Tc]
o'travolta: calls $0.02
LandlordCZ: folds 
poldolk: folds 
Venezuelan Dmg: raises $0.02 to $0.04
lelispinto: raises $0.02 to $0.06
Aflil1966 has timed out
Aflil1966: folds 
mg-deniz: folds 
Dorex2007: folds 
o'travolta: calls $0.04
Venezuelan Dmg: calls $0.02
*** FLOP *** [3c 4d Kc]
victordyfox joins the table at seat #8 
o'travolta: bets $0.04
Venezuelan Dmg: calls $0.04
lelispinto: calls $0.04
*** TURN *** [3c 4d Kc] [7h]
o'travolta: bets $0.32
Venezuelan Dmg: folds 
lelispinto: folds 
Uncalled bet ($0.32) returned to o'travolta
o'travolta collected $0.32 from pot
*** SUMMARY ***
Total pot $0.33 | Rake $0.01 
Board [3c 4d Kc 7h]
Seat 1: o'travolta collected ($0.32)
Seat 2: LandlordCZ folded before Flop (didn't bet)
Seat 3: poldolk folded before Flop (didn't bet)
Seat 4: Venezuelan Dmg folded on the Turn
Seat 5: lelispinto folded on the Turn
Seat 6: Aflil1966 (button) folded before Flop (didn't bet)
Seat 7: mg-deniz (small blind) folded before Flop
Seat 9: Dorex2007 (big blind) folded before Flop



PokerStars Hand #237241038512:  Hold'em No Limit ($0.01/$0.02 USD) - 2022/07/08 14:00:40 PT [2022/07/08 17:00:40 ET]
Table 'Miriam III' 9-max Seat #7 is the button
Seat 1: o'travolta ($1.66 in chips) 
Seat 2: LandlordCZ ($0.44 in chips) 
Seat 3: poldolk ($2.32 in chips) 
Seat 4: Venezuelan Dmg ($2.26 in chips) 
Seat 5: lelispinto ($0.36 in chips) 
Seat 7: mg-deniz ($2.05 in chips) 
Seat 9: Dorex2007 ($2.56 in chips) 
Dorex2007: posts small blind $0.01
o'travolta: posts big blind $0.02
*** HOLE CARDS ***
Dealt to Dorex2007 [4d 7c]
LandlordCZ: calls $0.02
poldolk: folds 
Venezuelan Dmg: folds 
lelispinto: raises $0.04 to $0.06
mg-deniz: folds 
Dorex2007: folds 
o'travolta: calls $0.04
LandlordCZ: calls $0.04
*** FLOP *** [9d Tc 7h]
o'travolta: checks 
LandlordCZ: checks 
lelispinto: bets $0.30 and is all-in
o'travolta: calls $0.30
LandlordCZ: folds 
*** TURN *** [9d Tc 7h] [8s]
*** RIVER *** [9d Tc 7h 8s] [Jd]
*** SHOW DOWN ***
o'travolta: shows [9s Ad] (a straight, Seven to Jack)
lelispinto: shows [Ah 3h] (a straight, Seven to Jack)
lelispinto collected $0.38 from pot
o'travolta cashed out the hand for $0.71 | Cash Out Fee $0.01
*** SUMMARY ***
Total pot $0.79 | Rake $0.03 
Board [9d Tc 7h 8s Jd]
Seat 1: o'travolta (big blind) showed [9s Ad] and won ($0.38) with a straight, Seven to Jack (pot not awarded as player cashed out)
Seat 2: LandlordCZ folded on the Flop
Seat 3: poldolk folded before Flop (didn't bet)
Seat 4: Venezuelan Dmg folded before Flop (didn't bet)
Seat 5: lelispinto showed [Ah 3h] and won ($0.38) with a straight, Seven to Jack
Seat 7: mg-deniz (button) folded before Flop (didn't bet)
Seat 9: Dorex2007 (small blind) folded before Flop



PokerStars Hand #237241059726:  Hold'em No Limit ($0.01/$0.02 USD) - 2022/07/08 14:01:35 PT [2022/07/08 17:01:35 ET]
Table 'Miriam III' 9-max Seat #9 is the button
Seat 1: o'travolta ($2.01 in chips) 
Seat 2: LandlordCZ ($0.38 in chips) 
Seat 3: poldolk ($2.32 in chips) 
Seat 4: Venezuelan Dmg ($2.26 in chips) 
Seat 5: lelispinto ($0.38 in chips) 
Seat 6: Aflil1966 ($1.97 in chips) 
Seat 7: mg-deniz ($2.05 in chips) 
Seat 8: victordyfox ($1.60 in chips) 
Seat 9: Dorex2007 ($2.55 in chips) 
o'travolta: posts small blind $0.01
LandlordCZ: posts big blind $0.02
victordyfox: posts big blind $0.02
*** HOLE CARDS ***
Dealt to Dorex2007 [Jh 6s]
poldolk: folds 
Venezuelan Dmg: folds 
lelispinto: folds 
Aflil1966: folds 
mg-deniz: folds 
victordyfox: checks 
Dorex2007: folds 
o'travolta: calls $0.01
LandlordCZ: checks 
*** FLOP *** [Qs Ac 3s]
o'travolta: checks 
LandlordCZ: checks 
victordyfox: checks 
*** TURN *** [Qs Ac 3s] [Kd]
o'travolta: checks 
LandlordCZ: bets $0.06
victordyfox: folds 
o'travolta: folds 
Uncalled bet ($0.06) returned to LandlordCZ
LandlordCZ collected $0.06 from pot
*** SUMMARY ***
Total pot $0.06 | Rake $0 
Board [Qs Ac 3s Kd]
Seat 1: o'travolta (small blind) folded on the Turn
Seat 2: LandlordCZ (big blind) collected ($0.06)
Seat 3: poldolk folded before Flop (didn't bet)
Seat 4: Venezuelan Dmg folded before Flop (didn't bet)
Seat 5: lelispinto folded before Flop (didn't bet)
Seat 6: Aflil1966 folded before Flop (didn't bet)
Seat 7: mg-deniz folded before Flop (didn't bet)
Seat 8: victordyfox folded on the Turn (didn't bet)
Seat 9: Dorex2007 (button) folded before Flop (didn't bet)



PokerStars Hand #237241074898:  Hold'em No Limit ($0.01/$0.02 USD) - 2022/07/08 14:02:18 PT [2022/07/08 17:02:18 ET]
Table 'Miriam III' 9-max Seat #1 is the button
Seat 1: o'travolta ($1.99 in chips) 
Seat 2: LandlordCZ ($0.42 in chips) 
Seat 3: poldolk ($2.32 in chips) 
Seat 4: Venezuelan Dmg ($2.26 in chips) 
Seat 5: lelispinto ($0.38 in chips) 
Seat 6: Aflil1966 ($1.97 in chips) 
Seat 7: mg-deniz ($2.05 in chips) 
Seat 8: victordyfox ($1.58 in chips) 
Seat 9: Dorex2007 ($2.55 in chips) 
LandlordCZ: posts small blind $0.01
poldolk: posts big blind $0.02
*** HOLE CARDS ***
Dealt to Dorex2007 [Ts 3d]
Venezuelan Dmg has timed out
Venezuelan Dmg: folds 
lelispinto: calls $0.02
Aflil1966: calls $0.02
mg-deniz: folds 
victordyfox: folds 
Dorex2007: folds 
o'travolta: folds 
LandlordCZ: raises $0.04 to $0.06
poldolk: folds 
lelispinto: calls $0.04
Aflil1966: folds 
*** FLOP *** [7d Kd 3s]
LandlordCZ: bets $0.10
lelispinto: folds 
Uncalled bet ($0.10) returned to LandlordCZ
LandlordCZ collected $0.15 from pot
*** SUMMARY ***
Total pot $0.16 | Rake $0.01 
Board [7d Kd 3s]
Seat 1: o'travolta (button) folded before Flop (didn't bet)
Seat 2: LandlordCZ (small blind) collected ($0.15)
Seat 3: poldolk (big blind) folded before Flop
Seat 4: Venezuelan Dmg folded before Flop (didn't bet)
Seat 5: lelispinto folded on the Flop
Seat 6: Aflil1966 folded before Flop
Seat 7: mg-deniz folded before Flop (didn't bet)
Seat 8: victordyfox folded before Flop (didn't bet)
Seat 9: Dorex2007 folded before Flop (didn't bet)



PokerStars Hand #237241092502:  Hold'em No Limit ($0.01/$0.02 USD) - 2022/07/08 14:03:07 PT [2022/07/08 17:03:07 ET]
Table 'Miriam III' 9-max Seat #2 is the button
Seat 1: o'travolta ($1.99 in chips) 
Seat 2: LandlordCZ ($0.51 in chips) 
Seat 3: poldolk ($2.30 in chips) 
Seat 4: Venezuelan Dmg ($2.26 in chips) 
Seat 5: lelispinto ($0.32 in chips) 
Seat 6: Aflil1966 ($1.95 in chips) 
Seat 7: mg-deniz ($2.05 in chips) 
Seat 8: victordyfox ($1.58 in chips) 
Seat 9: Dorex2007 ($2.55 in chips) 
poldolk: posts small blind $0.01
Venezuelan Dmg: posts big blind $0.02
*** HOLE CARDS ***
Dealt to Dorex2007 [3h Td]
lelispinto: folds 
Aflil1966: folds 
mg-deniz: raises $0.03 to $0.05
victordyfox: folds 
Dorex2007: folds 
o'travolta: folds 
LandlordCZ: folds 
poldolk: folds 
Venezuelan Dmg: calls $0.03
*** FLOP *** [Ks Qc 5h]
Venezuelan Dmg: checks 
mg-deniz: bets $0.05
Venezuelan Dmg: folds 
Uncalled bet ($0.05) returned to mg-deniz
mg-deniz collected $0.11 from pot
*** SUMMARY ***
Total pot $0.11 | Rake $0 
Board [Ks Qc 5h]
Seat 1: o'travolta folded before Flop (didn't bet)
Seat 2: LandlordCZ (button) folded before Flop (didn't bet)
Seat 3: poldolk (small blind) folded before Flop
Seat 4: Venezuelan Dmg (big blind) folded on the Flop
Seat 5: lelispinto folded before Flop (didn't bet)
Seat 6: Aflil1966 folded before Flop (didn't bet)
Seat 7: mg-deniz collected ($0.11)
Seat 8: victordyfox folded before Flop (didn't bet)
Seat 9: Dorex2007 folded before Flop (didn't bet)



