PokerStars Hand #238692951839:  Hold'em No Limit ($0.02/$0.05 USD) - 2022/09/17 14:34:32 PT [2022/09/17 17:34:32 ET]
Table 'Lamberta II' 9-max Seat #5 is the button
Seat 1: chensucht ($4.79 in chips) 
Seat 2: javucho_2011 ($3.50 in chips) 
Seat 4: Dorex2007 ($5 in chips) 
Seat 5: SzNorbert12 ($9.01 in chips) 
Seat 6: AssosManiki ($9.88 in chips) 
Seat 7: noraemon ($5 in chips) 
Seat 8: Almanza63 ($12.12 in chips) 
Seat 9: wood1600 ($7.82 in chips) 
AssosManiki: posts small blind $0.02
noraemon: posts big blind $0.05
javucho_2011: posts small blind $0.02
Dorex2007: posts big blind $0.05
*** HOLE CARDS ***
Dealt to Dorex2007 [4c 3d]
Almanza63: folds 
wood1600: folds 
chensucht: raises $0.10 to $0.15
javucho_2011: calls $0.15
Dorex2007: folds 
SzNorbert12: calls $0.15
AssosManiki: folds 
noraemon: folds 
*** FLOP *** [Ac 2h Qh]
ling134 leaves the table
chensucht: checks 
javucho_2011: checks 
SzNorbert12: bets $0.40
chensucht: folds 
javucho_2011: folds 
Uncalled bet ($0.40) returned to SzNorbert12
SzNorbert12 collected $0.57 from pot
SzNorbert12: doesn't show hand 
*** SUMMARY ***
Total pot $0.59 | Rake $0.02 
Board [Ac 2h Qh]
Seat 1: chensucht folded on the Flop
Seat 2: javucho_2011 folded on the Flop
Seat 4: Dorex2007 folded before Flop (didn't bet)
Seat 5: SzNorbert12 (button) collected ($0.57)
Seat 6: AssosManiki (small blind) folded before Flop
Seat 7: noraemon (big blind) folded before Flop
Seat 8: Almanza63 folded before Flop (didn't bet)
Seat 9: wood1600 folded before Flop (didn't bet)



PokerStars Hand #238692965768:  Hold'em No Limit ($0.02/$0.05 USD) - 2022/09/17 14:35:08 PT [2022/09/17 17:35:08 ET]
Table 'Lamberta II' 9-max Seat #6 is the button
Seat 1: chensucht ($4.64 in chips) 
Seat 2: javucho_2011 ($3.33 in chips) 
Seat 4: Dorex2007 ($5 in chips) 
Seat 5: SzNorbert12 ($9.43 in chips) 
Seat 6: AssosManiki ($9.86 in chips) 
Seat 7: noraemon ($5 in chips) 
Seat 8: Almanza63 ($12.12 in chips) 
Seat 9: wood1600 ($7.82 in chips) 
noraemon: posts small blind $0.02
Almanza63: posts big blind $0.05
*** HOLE CARDS ***
Dealt to Dorex2007 [Jc Kc]
wood1600: folds 
chensucht: folds 
javucho_2011: folds 
Dorex2007: raises $0.10 to $0.15
SzNorbert12: folds 
AssosManiki: folds 
noraemon: folds 
Almanza63: folds 
Uncalled bet ($0.10) returned to Dorex2007
J.TReal21 joins the table at seat #3 
Dorex2007 collected $0.12 from pot
Dorex2007: doesn't show hand 
*** SUMMARY ***
Total pot $0.12 | Rake $0 
Seat 1: chensucht folded before Flop (didn't bet)
Seat 2: javucho_2011 folded before Flop (didn't bet)
Seat 4: Dorex2007 collected ($0.12)
Seat 5: SzNorbert12 folded before Flop (didn't bet)
Seat 6: AssosManiki (button) folded before Flop (didn't bet)
Seat 7: noraemon (small blind) folded before Flop
Seat 8: Almanza63 (big blind) folded before Flop
Seat 9: wood1600 folded before Flop (didn't bet)



PokerStars Hand #238692971705:  Hold'em No Limit ($0.02/$0.05 USD) - 2022/09/17 14:35:23 PT [2022/09/17 17:35:23 ET]
Table 'Lamberta II' 9-max Seat #7 is the button
Seat 1: chensucht ($4.64 in chips) 
Seat 2: javucho_2011 ($3.33 in chips) 
Seat 4: Dorex2007 ($5.07 in chips) 
Seat 5: SzNorbert12 ($9.43 in chips) 
Seat 6: AssosManiki ($9.86 in chips) 
Seat 7: noraemon ($5 in chips) 
Seat 8: Almanza63 ($12.07 in chips) 
Seat 9: wood1600 ($7.82 in chips) 
Almanza63: posts small blind $0.02
wood1600: posts big blind $0.05
J.TReal21: sits out 
*** HOLE CARDS ***
Dealt to Dorex2007 [Ah 3s]
chensucht: folds 
javucho_2011: folds 
Dorex2007: folds 
SzNorbert12: folds 
AssosManiki: folds 
noraemon: raises $0.07 to $0.12
Almanza63: raises $0.37 to $0.49
wood1600: folds 
noraemon: folds 
Uncalled bet ($0.37) returned to Almanza63
Almanza63 collected $0.29 from pot
Almanza63: doesn't show hand 
*** SUMMARY ***
Total pot $0.29 | Rake $0 
Seat 1: chensucht folded before Flop (didn't bet)
Seat 2: javucho_2011 folded before Flop (didn't bet)
Seat 4: Dorex2007 folded before Flop (didn't bet)
Seat 5: SzNorbert12 folded before Flop (didn't bet)
Seat 6: AssosManiki folded before Flop (didn't bet)
Seat 7: noraemon (button) folded before Flop
Seat 8: Almanza63 (small blind) collected ($0.29)
Seat 9: wood1600 (big blind) folded before Flop



PokerStars Hand #238692985042:  Hold'em No Limit ($0.02/$0.05 USD) - 2022/09/17 14:35:58 PT [2022/09/17 17:35:58 ET]
Table 'Lamberta II' 9-max Seat #8 is the button
Seat 1: chensucht ($4.64 in chips) 
Seat 2: javucho_2011 ($3.33 in chips) 
Seat 3: J.TReal21 ($5 in chips) 
Seat 4: Dorex2007 ($5.07 in chips) 
Seat 5: SzNorbert12 ($9.43 in chips) 
Seat 6: AssosManiki ($9.86 in chips) 
Seat 7: noraemon ($5 in chips) 
Seat 8: Almanza63 ($12.24 in chips) 
Seat 9: wood1600 ($7.77 in chips) 
wood1600: posts small blind $0.02
chensucht: posts big blind $0.05
J.TReal21: posts big blind $0.05
*** HOLE CARDS ***
Dealt to Dorex2007 [3d Jd]
javucho_2011: raises $0.07 to $0.12
J.TReal21: folds 
Dorex2007: folds 
SzNorbert12: folds 
AssosManiki: folds 
noraemon: folds 
Almanza63: folds 
wood1600: folds 
chensucht: folds 
Uncalled bet ($0.07) returned to javucho_2011
javucho_2011 collected $0.17 from pot
javucho_2011: doesn't show hand 
*** SUMMARY ***
Total pot $0.17 | Rake $0 
Seat 1: chensucht (big blind) folded before Flop
Seat 2: javucho_2011 collected ($0.17)
Seat 3: J.TReal21 folded before Flop (didn't bet)
Seat 4: Dorex2007 folded before Flop (didn't bet)
Seat 5: SzNorbert12 folded before Flop (didn't bet)
Seat 6: AssosManiki folded before Flop (didn't bet)
Seat 7: noraemon folded before Flop (didn't bet)
Seat 8: Almanza63 (button) folded before Flop (didn't bet)
Seat 9: wood1600 (small blind) folded before Flop



PokerStars Hand #238692993772:  Hold'em No Limit ($0.02/$0.05 USD) - 2022/09/17 14:36:21 PT [2022/09/17 17:36:21 ET]
Table 'Lamberta II' 9-max Seat #9 is the button
Seat 1: chensucht ($4.59 in chips) 
Seat 2: javucho_2011 ($3.45 in chips) 
Seat 3: J.TReal21 ($4.95 in chips) 
Seat 4: Dorex2007 ($5.07 in chips) 
Seat 5: SzNorbert12 ($9.43 in chips) 
Seat 6: AssosManiki ($9.86 in chips) 
Seat 7: noraemon ($5 in chips) 
Seat 8: Almanza63 ($12.24 in chips) 
Seat 9: wood1600 ($7.75 in chips) 
chensucht: posts small blind $0.02
javucho_2011: posts big blind $0.05
*** HOLE CARDS ***
Dealt to Dorex2007 [Qd 4s]
J.TReal21: folds 
Dorex2007: folds 
SzNorbert12: folds 
AssosManiki: folds 
noraemon: folds 
Almanza63: raises $0.08 to $0.13
wood1600: folds 
chensucht: folds 
javucho_2011: calls $0.08
*** FLOP *** [9h 9d 6d]
javucho_2011: checks 
Almanza63: checks 
*** TURN *** [9h 9d 6d] [3d]
javucho_2011: bets $0.15
Almanza63: folds 
Uncalled bet ($0.15) returned to javucho_2011
javucho_2011 collected $0.27 from pot
javucho_2011: doesn't show hand 
*** SUMMARY ***
Total pot $0.28 | Rake $0.01 
Board [9h 9d 6d 3d]
Seat 1: chensucht (small blind) folded before Flop
Seat 2: javucho_2011 (big blind) collected ($0.27)
Seat 3: J.TReal21 folded before Flop (didn't bet)
Seat 4: Dorex2007 folded before Flop (didn't bet)
Seat 5: SzNorbert12 folded before Flop (didn't bet)
Seat 6: AssosManiki folded before Flop (didn't bet)
Seat 7: noraemon folded before Flop (didn't bet)
Seat 8: Almanza63 folded on the Turn
Seat 9: wood1600 (button) folded before Flop (didn't bet)



PokerStars Hand #238693008566:  Hold'em No Limit ($0.02/$0.05 USD) - 2022/09/17 14:36:59 PT [2022/09/17 17:36:59 ET]
Table 'Lamberta II' 9-max Seat #1 is the button
Seat 1: chensucht ($4.57 in chips) 
Seat 2: javucho_2011 ($3.59 in chips) 
Seat 3: J.TReal21 ($4.95 in chips) 
Seat 4: Dorex2007 ($5.07 in chips) 
Seat 5: SzNorbert12 ($9.43 in chips) 
Seat 6: AssosManiki ($9.86 in chips) 
Seat 7: noraemon ($5 in chips) 
Seat 8: Almanza63 ($12.11 in chips) 
Seat 9: wood1600 ($7.75 in chips) 
javucho_2011: posts small blind $0.02
J.TReal21: posts big blind $0.05
*** HOLE CARDS ***
Dealt to Dorex2007 [Ad Kd]
Dorex2007: raises $0.10 to $0.15
SzNorbert12: folds 
AssosManiki: folds 
noraemon: folds 
Almanza63: folds 
wood1600: folds 
chensucht: folds 
javucho_2011: folds 
J.TReal21: calls $0.10
*** FLOP *** [5h 6d 8d]
J.TReal21: checks 
Dorex2007: checks 
*** TURN *** [5h 6d 8d] [Qs]
J.TReal21: checks 
Dorex2007: checks 
*** RIVER *** [5h 6d 8d Qs] [9h]
J.TReal21: checks 
Dorex2007: checks 
*** SHOW DOWN ***
J.TReal21: shows [Kh Td] (high card King)
Dorex2007: shows [Ad Kd] (high card Ace)
Dorex2007 collected $0.31 from pot
*** SUMMARY ***
Total pot $0.32 | Rake $0.01 
Board [5h 6d 8d Qs 9h]
Seat 1: chensucht (button) folded before Flop (didn't bet)
Seat 2: javucho_2011 (small blind) folded before Flop
Seat 3: J.TReal21 (big blind) showed [Kh Td] and lost with high card King
Seat 4: Dorex2007 showed [Ad Kd] and won ($0.31) with high card Ace
Seat 5: SzNorbert12 folded before Flop (didn't bet)
Seat 6: AssosManiki folded before Flop (didn't bet)
Seat 7: noraemon folded before Flop (didn't bet)
Seat 8: Almanza63 folded before Flop (didn't bet)
Seat 9: wood1600 folded before Flop (didn't bet)



PokerStars Hand #238693026301:  Hold'em No Limit ($0.02/$0.05 USD) - 2022/09/17 14:37:45 PT [2022/09/17 17:37:45 ET]
Table 'Lamberta II' 9-max Seat #2 is the button
Seat 1: chensucht ($4.57 in chips) 
Seat 2: javucho_2011 ($3.57 in chips) 
Seat 3: J.TReal21 ($4.80 in chips) 
Seat 4: Dorex2007 ($5.23 in chips) 
Seat 5: SzNorbert12 ($9.43 in chips) 
Seat 6: AssosManiki ($9.86 in chips) 
Seat 7: noraemon ($5 in chips) 
Seat 8: Almanza63 ($12.11 in chips) 
Seat 9: wood1600 ($7.75 in chips) 
J.TReal21: posts small blind $0.02
Dorex2007: posts big blind $0.05
*** HOLE CARDS ***
Dealt to Dorex2007 [2s 7s]
SzNorbert12: folds 
AssosManiki: folds 
noraemon: folds 
Almanza63: folds 
wood1600: folds 
chensucht: raises $0.10 to $0.15
javucho_2011: folds 
J.TReal21: folds 
Dorex2007: folds 
Uncalled bet ($0.10) returned to chensucht
chensucht collected $0.12 from pot
*** SUMMARY ***
Total pot $0.12 | Rake $0 
Seat 1: chensucht collected ($0.12)
Seat 2: javucho_2011 (button) folded before Flop (didn't bet)
Seat 3: J.TReal21 (small blind) folded before Flop
Seat 4: Dorex2007 (big blind) folded before Flop
Seat 5: SzNorbert12 folded before Flop (didn't bet)
Seat 6: AssosManiki folded before Flop (didn't bet)
Seat 7: noraemon folded before Flop (didn't bet)
Seat 8: Almanza63 folded before Flop (didn't bet)
Seat 9: wood1600 folded before Flop (didn't bet)



PokerStars Hand #238693033796:  Hold'em No Limit ($0.02/$0.05 USD) - 2022/09/17 14:38:05 PT [2022/09/17 17:38:05 ET]
Table 'Lamberta II' 9-max Seat #3 is the button
Seat 1: chensucht ($4.64 in chips) 
Seat 2: javucho_2011 ($3.57 in chips) 
Seat 3: J.TReal21 ($4.78 in chips) 
Seat 4: Dorex2007 ($5.18 in chips) 
Seat 5: SzNorbert12 ($9.43 in chips) 
Seat 6: AssosManiki ($9.86 in chips) 
Seat 7: noraemon ($5 in chips) 
Seat 8: Almanza63 ($12.11 in chips) 
Seat 9: wood1600 ($7.75 in chips) 
Dorex2007: posts small blind $0.02
SzNorbert12: posts big blind $0.05
*** HOLE CARDS ***
Dealt to Dorex2007 [Qd 5s]
AssosManiki: raises $0.08 to $0.13
noraemon: folds 
Almanza63: folds 
wood1600: folds 
chensucht: folds 
javucho_2011: folds 
J.TReal21: calls $0.13
Dorex2007: folds 
SzNorbert12: folds 
*** FLOP *** [7d Ac 2c]
AssosManiki: bets $0.21
J.TReal21: folds 
Uncalled bet ($0.21) returned to AssosManiki
AssosManiki collected $0.32 from pot
AssosManiki: doesn't show hand 
*** SUMMARY ***
Total pot $0.33 | Rake $0.01 
Board [7d Ac 2c]
Seat 1: chensucht folded before Flop (didn't bet)
Seat 2: javucho_2011 folded before Flop (didn't bet)
Seat 3: J.TReal21 (button) folded on the Flop
Seat 4: Dorex2007 (small blind) folded before Flop
Seat 5: SzNorbert12 (big blind) folded before Flop
Seat 6: AssosManiki collected ($0.32)
Seat 7: noraemon folded before Flop (didn't bet)
Seat 8: Almanza63 folded before Flop (didn't bet)
Seat 9: wood1600 folded before Flop (didn't bet)



PokerStars Hand #238693044730:  Hold'em No Limit ($0.02/$0.05 USD) - 2022/09/17 14:38:33 PT [2022/09/17 17:38:33 ET]
Table 'Lamberta II' 9-max Seat #4 is the button
Seat 1: chensucht ($4.64 in chips) 
Seat 2: javucho_2011 ($3.57 in chips) 
Seat 3: J.TReal21 ($4.65 in chips) 
Seat 4: Dorex2007 ($5.16 in chips) 
Seat 5: SzNorbert12 ($9.38 in chips) 
Seat 6: AssosManiki ($10.05 in chips) 
Seat 7: noraemon ($5 in chips) 
Seat 8: Almanza63 ($12.11 in chips) 
Seat 9: wood1600 ($7.75 in chips) 
SzNorbert12: posts small blind $0.02
AssosManiki: posts big blind $0.05
*** HOLE CARDS ***
Dealt to Dorex2007 [5s 2d]
noraemon: folds 
Almanza63: folds 
wood1600: folds 
noraemon leaves the table
chensucht: folds 
javucho_2011: folds 
J.TReal21: folds 
Dorex2007: folds 
SzNorbert12: raises $0.10 to $0.15
AssosManiki: folds 
Uncalled bet ($0.10) returned to SzNorbert12
SzNorbert12 collected $0.10 from pot
SzNorbert12: doesn't show hand 
*** SUMMARY ***
Total pot $0.10 | Rake $0 
Seat 1: chensucht folded before Flop (didn't bet)
Seat 2: javucho_2011 folded before Flop (didn't bet)
Seat 3: J.TReal21 folded before Flop (didn't bet)
Seat 4: Dorex2007 (button) folded before Flop (didn't bet)
Seat 5: SzNorbert12 (small blind) collected ($0.10)
Seat 6: AssosManiki (big blind) folded before Flop
Seat 7: noraemon folded before Flop (didn't bet)
Seat 8: Almanza63 folded before Flop (didn't bet)
Seat 9: wood1600 folded before Flop (didn't bet)



PokerStars Hand #238693051770:  Hold'em No Limit ($0.02/$0.05 USD) - 2022/09/17 14:38:51 PT [2022/09/17 17:38:51 ET]
Table 'Lamberta II' 9-max Seat #5 is the button
Seat 1: chensucht ($4.64 in chips) 
Seat 2: javucho_2011 ($3.57 in chips) 
Seat 3: J.TReal21 ($4.65 in chips) 
Seat 4: Dorex2007 ($5.16 in chips) 
Seat 5: SzNorbert12 ($9.43 in chips) 
Seat 6: AssosManiki ($10 in chips) 
Seat 8: Almanza63 ($12.11 in chips) 
Seat 9: wood1600 ($7.75 in chips) 
AssosManiki: posts small blind $0.02
Almanza63: posts big blind $0.05
*** HOLE CARDS ***
Dealt to Dorex2007 [Jd 7d]
wood1600: folds 
wood1600 leaves the table
chensucht: folds 
javucho_2011: raises $0.10 to $0.15
J.TReal21: calls $0.15
Dorex2007: folds 
SzNorbert12: folds 
AssosManiki: folds 
Almanza63: folds 
*** FLOP *** [4d Td Ks]
javucho_2011: bets $0.23
J.TReal21: folds 
Uncalled bet ($0.23) returned to javucho_2011
javucho_2011 collected $0.35 from pot
javucho_2011: doesn't show hand 
*** SUMMARY ***
Total pot $0.37 | Rake $0.02 
Board [4d Td Ks]
Seat 1: chensucht folded before Flop (didn't bet)
Seat 2: javucho_2011 collected ($0.35)
Seat 3: J.TReal21 folded on the Flop
Seat 4: Dorex2007 folded before Flop (didn't bet)
Seat 5: SzNorbert12 (button) folded before Flop (didn't bet)
Seat 6: AssosManiki (small blind) folded before Flop
Seat 8: Almanza63 (big blind) folded before Flop
Seat 9: wood1600 folded before Flop (didn't bet)



PokerStars Hand #238693063915:  Hold'em No Limit ($0.02/$0.05 USD) - 2022/09/17 14:39:23 PT [2022/09/17 17:39:23 ET]
Table 'Lamberta II' 9-max Seat #6 is the button
Seat 1: chensucht ($4.64 in chips) 
Seat 2: javucho_2011 ($3.77 in chips) 
Seat 3: J.TReal21 ($4.50 in chips) 
Seat 4: Dorex2007 ($5.16 in chips) 
Seat 5: SzNorbert12 ($9.43 in chips) 
Seat 6: AssosManiki ($9.98 in chips) 
Seat 8: Almanza63 ($12.06 in chips) 
Almanza63: posts small blind $0.02
chensucht: posts big blind $0.05
*** HOLE CARDS ***
Dealt to Dorex2007 [Qd As]
efo 824 joins the table at seat #9 
javucho_2011: folds 
J.TReal21: calls $0.05
Dorex2007: calls $0.05
SzNorbert12: folds 
AssosManiki: folds 
Almanza63: folds 
chensucht: checks 
*** FLOP *** [2c 9d Qh]
chensucht: checks 
J.TReal21: checks 
Dorex2007: bets $0.16
chensucht: folds 
J.TReal21: folds 
Uncalled bet ($0.16) returned to Dorex2007
Dorex2007 collected $0.16 from pot
Dorex2007: doesn't show hand 
*** SUMMARY ***
Total pot $0.17 | Rake $0.01 
Board [2c 9d Qh]
Seat 1: chensucht (big blind) folded on the Flop
Seat 2: javucho_2011 folded before Flop (didn't bet)
Seat 3: J.TReal21 folded on the Flop
Seat 4: Dorex2007 collected ($0.16)
Seat 5: SzNorbert12 folded before Flop (didn't bet)
Seat 6: AssosManiki (button) folded before Flop (didn't bet)
Seat 8: Almanza63 (small blind) folded before Flop



PokerStars Hand #238693081550:  Hold'em No Limit ($0.02/$0.05 USD) - 2022/09/17 14:40:10 PT [2022/09/17 17:40:10 ET]
Table 'Lamberta II' 9-max Seat #8 is the button
Seat 1: chensucht ($4.59 in chips) 
Seat 2: javucho_2011 ($3.77 in chips) 
Seat 3: J.TReal21 ($4.45 in chips) 
Seat 4: Dorex2007 ($5.27 in chips) 
Seat 5: SzNorbert12 ($9.43 in chips) 
Seat 6: AssosManiki ($9.98 in chips) 
Seat 8: Almanza63 ($12.04 in chips) 
chensucht: posts small blind $0.02
javucho_2011: posts big blind $0.05
*** HOLE CARDS ***
Dealt to Dorex2007 [Ts Ac]
J.TReal21: calls $0.05
Dorex2007: folds 
SzNorbert12: folds 
AssosManiki: folds 
Almanza63: raises $0.10 to $0.15
chensucht: folds 
javucho_2011: folds 
J.TReal21: calls $0.10
*** FLOP *** [5c 6s Kc]
J.TReal21: checks 
Almanza63: checks 
*** TURN *** [5c 6s Kc] [3c]
J.TReal21: bets $0.20
Almanza63: calls $0.20
*** RIVER *** [5c 6s Kc 3c] [9s]
J.TReal21: bets $0.40
Almanza63: folds 
Uncalled bet ($0.40) returned to J.TReal21
J.TReal21 collected $0.74 from pot
*** SUMMARY ***
Total pot $0.77 | Rake $0.03 
Board [5c 6s Kc 3c 9s]
Seat 1: chensucht (small blind) folded before Flop
Seat 2: javucho_2011 (big blind) folded before Flop
Seat 3: J.TReal21 collected ($0.74)
Seat 4: Dorex2007 folded before Flop (didn't bet)
Seat 5: SzNorbert12 folded before Flop (didn't bet)
Seat 6: AssosManiki folded before Flop (didn't bet)
Seat 8: Almanza63 (button) folded on the River



PokerStars Hand #238693109832:  Hold'em No Limit ($0.02/$0.05 USD) - 2022/09/17 14:41:24 PT [2022/09/17 17:41:24 ET]
Table 'Lamberta II' 9-max Seat #1 is the button
Seat 1: chensucht ($4.57 in chips) 
Seat 2: javucho_2011 ($3.72 in chips) 
Seat 3: J.TReal21 ($4.84 in chips) 
Seat 4: Dorex2007 ($5.27 in chips) 
Seat 5: SzNorbert12 ($9.43 in chips) 
Seat 6: AssosManiki ($9.98 in chips) 
Seat 8: Almanza63 ($11.69 in chips) 
Seat 9: efo 824 ($2.50 in chips) 
javucho_2011: posts small blind $0.02
J.TReal21: posts big blind $0.05
efo 824: posts big blind $0.05
*** HOLE CARDS ***
Dealt to Dorex2007 [9c Qs]
Dorex2007: folds 
SzNorbert12: folds 
AssosManiki: folds 
Almanza63: folds 
efo 824: checks 
chensucht: folds 
javucho_2011: folds 
J.TReal21: checks 
*** FLOP *** [Ts Jc 8c]
javucho_2011 leaves the table
J.TReal21: checks 
efo 824: checks 
*** TURN *** [Ts Jc 8c] [7s]
J.TReal21: bets $0.20
efo 824: folds 
Uncalled bet ($0.20) returned to J.TReal21
J.TReal21 collected $0.12 from pot
*** SUMMARY ***
Total pot $0.12 | Rake $0 
Board [Ts Jc 8c 7s]
Seat 1: chensucht (button) folded before Flop (didn't bet)
Seat 2: javucho_2011 (small blind) folded before Flop
Seat 3: J.TReal21 (big blind) collected ($0.12)
Seat 4: Dorex2007 folded before Flop (didn't bet)
Seat 5: SzNorbert12 folded before Flop (didn't bet)
Seat 6: AssosManiki folded before Flop (didn't bet)
Seat 8: Almanza63 folded before Flop (didn't bet)
Seat 9: efo 824 folded on the Turn (didn't bet)



PokerStars Hand #238693130181:  Hold'em No Limit ($0.02/$0.05 USD) - 2022/09/17 14:42:18 PT [2022/09/17 17:42:18 ET]
Table 'Lamberta II' 9-max Seat #3 is the button
Seat 1: chensucht ($4.57 in chips) 
Seat 3: J.TReal21 ($4.91 in chips) 
Seat 4: Dorex2007 ($5.27 in chips) 
Seat 5: SzNorbert12 ($9.43 in chips) 
Seat 6: AssosManiki ($9.98 in chips) 
Seat 8: Almanza63 ($11.69 in chips) 
Seat 9: efo 824 ($2.45 in chips) 
Dorex2007: posts small blind $0.02
SzNorbert12: posts big blind $0.05
*** HOLE CARDS ***
Dealt to Dorex2007 [Ts 4h]
AssosManiki: folds 
notis-magia joins the table at seat #7 
Almanza63: folds 
efo 824: calls $0.05
chensucht: folds 
J.TReal21: calls $0.05
Dorex2007: folds 
SzNorbert12: checks 
*** FLOP *** [3c 2s 5c]
SzNorbert12: checks 
vietalva joins the table at seat #2 
efo 824: checks 
J.TReal21: bets $0.05
SzNorbert12: folds 
efo 824: calls $0.05
*** TURN *** [3c 2s 5c] [Jd]
efo 824: checks 
J.TReal21: bets $0.20
efo 824: folds 
Uncalled bet ($0.20) returned to J.TReal21
J.TReal21 collected $0.26 from pot
*** SUMMARY ***
Total pot $0.27 | Rake $0.01 
Board [3c 2s 5c Jd]
Seat 1: chensucht folded before Flop (didn't bet)
Seat 3: J.TReal21 (button) collected ($0.26)
Seat 4: Dorex2007 (small blind) folded before Flop
Seat 5: SzNorbert12 (big blind) folded on the Flop
Seat 6: AssosManiki folded before Flop (didn't bet)
Seat 8: Almanza63 folded before Flop (didn't bet)
Seat 9: efo 824 folded on the Turn



PokerStars Hand #238693160368:  Hold'em No Limit ($0.02/$0.05 USD) - 2022/09/17 14:43:38 PT [2022/09/17 17:43:38 ET]
Table 'Lamberta II' 9-max Seat #4 is the button
Seat 1: chensucht ($4.57 in chips) 
Seat 3: J.TReal21 ($5.07 in chips) 
Seat 4: Dorex2007 ($5.25 in chips) 
Seat 5: SzNorbert12 ($9.38 in chips) 
Seat 6: AssosManiki ($9.98 in chips) 
Seat 8: Almanza63 ($11.69 in chips) 
Seat 9: efo 824 ($2.35 in chips) 
SzNorbert12: posts small blind $0.02
AssosManiki: posts big blind $0.05
notis-magia: sits out 
vietalva: sits out 
*** HOLE CARDS ***
Dealt to Dorex2007 [7c Qd]
Almanza63: folds 
efo 824: folds 
chensucht: raises $0.10 to $0.15
J.TReal21: calls $0.15
Dorex2007: folds 
SzNorbert12: folds 
AssosManiki: folds 
*** FLOP *** [2h Ks 3d]
chensucht: bets $0.20
J.TReal21: calls $0.20
*** TURN *** [2h Ks 3d] [Td]
chensucht: bets $0.40
J.TReal21: raises $0.60 to $1
chensucht: calls $0.60
*** RIVER *** [2h Ks 3d Td] [6h]
chensucht: checks 
J.TReal21: checks 
*** SHOW DOWN ***
chensucht: shows [Ad Kh] (a pair of Kings)
J.TReal21: mucks hand 
chensucht collected $2.66 from pot
*** SUMMARY ***
Total pot $2.77 | Rake $0.11 
Board [2h Ks 3d Td 6h]
Seat 1: chensucht showed [Ad Kh] and won ($2.66) with a pair of Kings
Seat 3: J.TReal21 mucked [Kd 9s]
Seat 4: Dorex2007 (button) folded before Flop (didn't bet)
Seat 5: SzNorbert12 (small blind) folded before Flop
Seat 6: AssosManiki (big blind) folded before Flop
Seat 8: Almanza63 folded before Flop (didn't bet)
Seat 9: efo 824 folded before Flop (didn't bet)



PokerStars Hand #238693189624:  Hold'em No Limit ($0.02/$0.05 USD) - 2022/09/17 14:44:57 PT [2022/09/17 17:44:57 ET]
Table 'Lamberta II' 9-max Seat #5 is the button
Seat 1: chensucht ($5.88 in chips) 
Seat 3: J.TReal21 ($3.72 in chips) 
Seat 4: Dorex2007 ($5.25 in chips) 
Seat 5: SzNorbert12 ($9.36 in chips) 
Seat 6: AssosManiki ($9.93 in chips) 
Seat 7: notis-magia ($5 in chips) 
Seat 8: Almanza63 ($11.69 in chips) 
Seat 9: efo 824 ($2.35 in chips) 
AssosManiki: posts small blind $0.02
notis-magia: posts big blind $0.05
vietalva: sits out 
*** HOLE CARDS ***
Dealt to Dorex2007 [6h 3h]
Almanza63: folds 
efo 824: calls $0.05
chensucht: raises $0.10 to $0.15
J.TReal21: calls $0.15
Dorex2007: folds 
SzNorbert12: folds 
AssosManiki: folds 
notis-magia: folds 
efo 824: calls $0.10
*** FLOP *** [9c 3s 7c]
efo 824: checks 
chensucht: checks 
J.TReal21: checks 
*** TURN *** [9c 3s 7c] [Jd]
efo 824: checks 
chensucht: checks 
J.TReal21: checks 
*** RIVER *** [9c 3s 7c Jd] [7d]
efo 824: checks 
chensucht: checks 
J.TReal21: bets $1
efo 824: folds 
chensucht: folds 
Uncalled bet ($1) returned to J.TReal21
J.TReal21 collected $0.50 from pot
*** SUMMARY ***
Total pot $0.52 | Rake $0.02 
Board [9c 3s 7c Jd 7d]
Seat 1: chensucht folded on the River
Seat 3: J.TReal21 collected ($0.50)
Seat 4: Dorex2007 folded before Flop (didn't bet)
Seat 5: SzNorbert12 (button) folded before Flop (didn't bet)
Seat 6: AssosManiki (small blind) folded before Flop
Seat 7: notis-magia (big blind) folded before Flop
Seat 8: Almanza63 folded before Flop (didn't bet)
Seat 9: efo 824 folded on the River



PokerStars Hand #238693217433:  Hold'em No Limit ($0.02/$0.05 USD) - 2022/09/17 14:46:12 PT [2022/09/17 17:46:12 ET]
Table 'Lamberta II' 9-max Seat #6 is the button
Seat 1: chensucht ($5.73 in chips) 
Seat 3: J.TReal21 ($4.07 in chips) 
Seat 4: Dorex2007 ($5.25 in chips) 
Seat 5: SzNorbert12 ($9.36 in chips) 
Seat 6: AssosManiki ($9.91 in chips) 
Seat 7: notis-magia ($4.95 in chips) 
Seat 8: Almanza63 ($11.69 in chips) 
Seat 9: efo 824 ($2.20 in chips) 
notis-magia: posts small blind $0.02
Almanza63: posts big blind $0.05
vietalva: sits out 
*** HOLE CARDS ***
Dealt to Dorex2007 [2d 6s]
efo 824: folds 
chensucht: folds 
J.TReal21: calls $0.05
Dorex2007: folds 
SzNorbert12: folds 
AssosManiki: folds 
notis-magia: folds 
Almanza63: checks 
*** FLOP *** [3c 2s Kc]
Almanza63: checks 
J.TReal21: checks 
*** TURN *** [3c 2s Kc] [7c]
Almanza63: checks 
J.TReal21: checks 
*** RIVER *** [3c 2s Kc 7c] [5h]
Almanza63: checks 
J.TReal21: checks 
*** SHOW DOWN ***
Almanza63: shows [Jh 7s] (a pair of Sevens)
J.TReal21: shows [9s 4s] (high card King)
Almanza63 collected $0.12 from pot
*** SUMMARY ***
Total pot $0.12 | Rake $0 
Board [3c 2s Kc 7c 5h]
Seat 1: chensucht folded before Flop (didn't bet)
Seat 3: J.TReal21 showed [9s 4s] and lost with high card King
Seat 4: Dorex2007 folded before Flop (didn't bet)
Seat 5: SzNorbert12 folded before Flop (didn't bet)
Seat 6: AssosManiki (button) folded before Flop (didn't bet)
Seat 7: notis-magia (small blind) folded before Flop
Seat 8: Almanza63 (big blind) showed [Jh 7s] and won ($0.12) with a pair of Sevens
Seat 9: efo 824 folded before Flop (didn't bet)



PokerStars Hand #238693236231:  Hold'em No Limit ($0.02/$0.05 USD) - 2022/09/17 14:47:03 PT [2022/09/17 17:47:03 ET]
Table 'Lamberta II' 9-max Seat #7 is the button
Seat 1: chensucht ($5.73 in chips) 
Seat 3: J.TReal21 ($4.02 in chips) 
Seat 4: Dorex2007 ($5.25 in chips) 
Seat 5: SzNorbert12 ($9.36 in chips) 
Seat 6: AssosManiki ($9.91 in chips) 
Seat 7: notis-magia ($4.93 in chips) 
Seat 8: Almanza63 ($11.76 in chips) 
Seat 9: efo 824 ($2.20 in chips) 
Almanza63: posts small blind $0.02
efo 824: posts big blind $0.05
vietalva: sits out 
*** HOLE CARDS ***
Dealt to Dorex2007 [Qc Th]
chensucht: folds 
J.TReal21: folds 
Dorex2007: folds 
SzNorbert12: folds 
AssosManiki: raises $0.08 to $0.13
notis-magia: folds 
Almanza63: folds 
efo 824: folds 
Uncalled bet ($0.08) returned to AssosManiki
AssosManiki collected $0.12 from pot
AssosManiki: doesn't show hand 
*** SUMMARY ***
Total pot $0.12 | Rake $0 
Seat 1: chensucht folded before Flop (didn't bet)
Seat 3: J.TReal21 folded before Flop (didn't bet)
Seat 4: Dorex2007 folded before Flop (didn't bet)
Seat 5: SzNorbert12 folded before Flop (didn't bet)
Seat 6: AssosManiki collected ($0.12)
Seat 7: notis-magia (button) folded before Flop (didn't bet)
Seat 8: Almanza63 (small blind) folded before Flop
Seat 9: efo 824 (big blind) folded before Flop



PokerStars Hand #238693242718:  Hold'em No Limit ($0.02/$0.05 USD) - 2022/09/17 14:47:21 PT [2022/09/17 17:47:21 ET]
Table 'Lamberta II' 9-max Seat #8 is the button
Seat 1: chensucht ($5.73 in chips) 
Seat 3: J.TReal21 ($4.02 in chips) 
Seat 4: Dorex2007 ($5.25 in chips) 
Seat 5: SzNorbert12 ($9.36 in chips) 
Seat 6: AssosManiki ($9.98 in chips) 
Seat 7: notis-magia ($4.93 in chips) 
Seat 8: Almanza63 ($11.74 in chips) 
Seat 9: efo 824 ($2.15 in chips) 
efo 824: posts small blind $0.02
chensucht: posts big blind $0.05
vietalva: sits out 
*** HOLE CARDS ***
Dealt to Dorex2007 [3d As]
J.TReal21: calls $0.05
Dorex2007: folds 
SzNorbert12: raises $0.15 to $0.20
AssosManiki: folds 
notis-magia: folds 
Almanza63: calls $0.20
efo 824: folds 
chensucht: folds 
J.TReal21: folds 
*** FLOP *** [6d Tc 2s]
SzNorbert12: checks 
Almanza63: checks 
*** TURN *** [6d Tc 2s] [Ad]
SzNorbert12: bets $0.30
Almanza63: folds 
Uncalled bet ($0.30) returned to SzNorbert12
SzNorbert12 collected $0.50 from pot
SzNorbert12: doesn't show hand 
*** SUMMARY ***
Total pot $0.52 | Rake $0.02 
Board [6d Tc 2s Ad]
Seat 1: chensucht (big blind) folded before Flop
Seat 3: J.TReal21 folded before Flop
Seat 4: Dorex2007 folded before Flop (didn't bet)
Seat 5: SzNorbert12 collected ($0.50)
Seat 6: AssosManiki folded before Flop (didn't bet)
Seat 7: notis-magia folded before Flop (didn't bet)
Seat 8: Almanza63 (button) folded on the Turn
Seat 9: efo 824 (small blind) folded before Flop



PokerStars Hand #238693260777:  Hold'em No Limit ($0.02/$0.05 USD) - 2022/09/17 14:48:10 PT [2022/09/17 17:48:10 ET]
Table 'Lamberta II' 9-max Seat #9 is the button
Seat 1: chensucht ($5.68 in chips) 
Seat 2: vietalva ($5 in chips) 
Seat 3: J.TReal21 ($3.97 in chips) 
Seat 4: Dorex2007 ($5.25 in chips) 
Seat 5: SzNorbert12 ($9.66 in chips) 
Seat 6: AssosManiki ($9.98 in chips) 
Seat 7: notis-magia ($4.93 in chips) 
Seat 8: Almanza63 ($11.54 in chips) 
Seat 9: efo 824 ($2.13 in chips) 
chensucht: posts small blind $0.02
vietalva: posts big blind $0.05
*** HOLE CARDS ***
Dealt to Dorex2007 [6s Qs]
J.TReal21: calls $0.05
Dorex2007: folds 
SzNorbert12: raises $0.15 to $0.20
AssosManiki: folds 
notis-magia: folds 
Almanza63: calls $0.20
efo 824: calls $0.20
chensucht: folds 
vietalva: folds 
J.TReal21: calls $0.15
*** FLOP *** [Ts 5s 3d]
J.TReal21: checks 
SzNorbert12: checks 
Almanza63: checks 
efo 824: checks 
*** TURN *** [Ts 5s 3d] [5d]
J.TReal21: bets $0.05
SzNorbert12: calls $0.05
Almanza63: folds 
efo 824: calls $0.05
*** RIVER *** [Ts 5s 3d 5d] [8h]
J.TReal21: checks 
SzNorbert12: bets $0.60
efo 824: folds 
J.TReal21: folds 
Uncalled bet ($0.60) returned to SzNorbert12
SzNorbert12 collected $0.98 from pot
SzNorbert12: doesn't show hand 
*** SUMMARY ***
Total pot $1.02 | Rake $0.04 
Board [Ts 5s 3d 5d 8h]
Seat 1: chensucht (small blind) folded before Flop
Seat 2: vietalva (big blind) folded before Flop
Seat 3: J.TReal21 folded on the River
Seat 4: Dorex2007 folded before Flop (didn't bet)
Seat 5: SzNorbert12 collected ($0.98)
Seat 6: AssosManiki folded before Flop (didn't bet)
Seat 7: notis-magia folded before Flop (didn't bet)
Seat 8: Almanza63 folded on the Turn
Seat 9: efo 824 (button) folded on the River



PokerStars Hand #238693295622:  Hold'em No Limit ($0.02/$0.05 USD) - 2022/09/17 14:49:44 PT [2022/09/17 17:49:44 ET]
Table 'Lamberta II' 9-max Seat #1 is the button
Seat 1: chensucht ($5.66 in chips) 
Seat 2: vietalva ($5 in chips) 
Seat 3: J.TReal21 ($3.72 in chips) 
Seat 4: Dorex2007 ($5.25 in chips) 
Seat 5: SzNorbert12 ($10.39 in chips) 
Seat 6: AssosManiki ($9.98 in chips) 
Seat 7: notis-magia ($4.93 in chips) 
Seat 8: Almanza63 ($11.34 in chips) 
Seat 9: efo 824 ($1.88 in chips) 
vietalva: posts small blind $0.02
J.TReal21: posts big blind $0.05
*** HOLE CARDS ***
Dealt to Dorex2007 [Ad Qd]
Dorex2007: raises $0.05 to $0.10
SzNorbert12: folds 
AssosManiki: folds 
notis-magia: folds 
Almanza63: calls $0.10
efo 824: folds 
chensucht: folds 
vietalva: folds 
J.TReal21: folds 
*** FLOP *** [3c 9h Ts]
Dorex2007: checks 
Almanza63: checks 
*** TURN *** [3c 9h Ts] [3d]
Dorex2007: checks 
Almanza63: bets $0.17
Dorex2007: folds 
Uncalled bet ($0.17) returned to Almanza63
Almanza63 collected $0.26 from pot
Almanza63: doesn't show hand 
*** SUMMARY ***
Total pot $0.27 | Rake $0.01 
Board [3c 9h Ts 3d]
Seat 1: chensucht (button) folded before Flop (didn't bet)
Seat 2: vietalva (small blind) folded before Flop
Seat 3: J.TReal21 (big blind) folded before Flop
Seat 4: Dorex2007 folded on the Turn
Seat 5: SzNorbert12 folded before Flop (didn't bet)
Seat 6: AssosManiki folded before Flop (didn't bet)
Seat 7: notis-magia folded before Flop (didn't bet)
Seat 8: Almanza63 collected ($0.26)
Seat 9: efo 824 folded before Flop (didn't bet)



PokerStars Hand #238693312642:  Hold'em No Limit ($0.02/$0.05 USD) - 2022/09/17 14:50:30 PT [2022/09/17 17:50:30 ET]
Table 'Lamberta II' 9-max Seat #2 is the button
Seat 1: chensucht ($5.66 in chips) 
Seat 2: vietalva ($5 in chips) 
Seat 3: J.TReal21 ($3.67 in chips) 
Seat 4: Dorex2007 ($5.15 in chips) 
Seat 5: SzNorbert12 ($10.39 in chips) 
Seat 6: AssosManiki ($9.98 in chips) 
Seat 7: notis-magia ($4.93 in chips) 
Seat 8: Almanza63 ($11.50 in chips) 
Seat 9: efo 824 ($1.88 in chips) 
J.TReal21: posts small blind $0.02
Dorex2007: posts big blind $0.05
*** HOLE CARDS ***
Dealt to Dorex2007 [9s 6h]
SzNorbert12: folds 
AssosManiki: folds 
notis-magia: raises $0.10 to $0.15
Almanza63: folds 
efo 824: folds 
chensucht: folds 
vietalva: calls $0.15
J.TReal21: calls $0.13
Dorex2007: folds 
*** FLOP *** [7s Jd Qd]
J.TReal21: checks 
notis-magia: checks 
vietalva: checks 
*** TURN *** [7s Jd Qd] [Td]
J.TReal21: checks 
notis-magia: bets $0.24
vietalva: folds 
J.TReal21: folds 
Uncalled bet ($0.24) returned to notis-magia
notis-magia collected $0.48 from pot
notis-magia: doesn't show hand 
*** SUMMARY ***
Total pot $0.50 | Rake $0.02 
Board [7s Jd Qd Td]
Seat 1: chensucht folded before Flop (didn't bet)
Seat 2: vietalva (button) folded on the Turn
Seat 3: J.TReal21 (small blind) folded on the Turn
Seat 4: Dorex2007 (big blind) folded before Flop
Seat 5: SzNorbert12 folded before Flop (didn't bet)
Seat 6: AssosManiki folded before Flop (didn't bet)
Seat 7: notis-magia collected ($0.48)
Seat 8: Almanza63 folded before Flop (didn't bet)
Seat 9: efo 824 folded before Flop (didn't bet)



PokerStars Hand #238693334734:  Hold'em No Limit ($0.02/$0.05 USD) - 2022/09/17 14:51:30 PT [2022/09/17 17:51:30 ET]
Table 'Lamberta II' 9-max Seat #3 is the button
Seat 1: chensucht ($5.66 in chips) 
Seat 2: vietalva ($5 in chips) 
Seat 3: J.TReal21 ($3.52 in chips) 
Seat 4: Dorex2007 ($5.10 in chips) 
Seat 5: SzNorbert12 ($10.39 in chips) 
Seat 6: AssosManiki ($9.98 in chips) 
Seat 7: notis-magia ($5.26 in chips) 
Seat 8: Almanza63 ($11.50 in chips) 
Seat 9: efo 824 ($1.88 in chips) 
Dorex2007: posts small blind $0.02
SzNorbert12: posts big blind $0.05
*** HOLE CARDS ***
Dealt to Dorex2007 [Ts 4h]
AssosManiki: folds 
notis-magia: folds 
Almanza63: folds 
efo 824: calls $0.05
chensucht: folds 
vietalva: raises $0.20 to $0.25
J.TReal21: calls $0.25
Dorex2007: folds 
SzNorbert12: folds 
efo 824: calls $0.20
*** FLOP *** [Ac 5c 5d]
efo 824: checks 
vietalva: bets $0.45
J.TReal21: raises $0.55 to $1
efo 824: folds 
vietalva: folds 
Uncalled bet ($0.55) returned to J.TReal21
J.TReal21 collected $1.65 from pot
*** SUMMARY ***
Total pot $1.72 | Rake $0.07 
Board [Ac 5c 5d]
Seat 1: chensucht folded before Flop (didn't bet)
Seat 2: vietalva folded on the Flop
Seat 3: J.TReal21 (button) collected ($1.65)
Seat 4: Dorex2007 (small blind) folded before Flop
Seat 5: SzNorbert12 (big blind) folded before Flop
Seat 6: AssosManiki folded before Flop (didn't bet)
Seat 7: notis-magia folded before Flop (didn't bet)
Seat 8: Almanza63 folded before Flop (didn't bet)
Seat 9: efo 824 folded on the Flop



PokerStars Hand #238693358774:  Hold'em No Limit ($0.02/$0.05 USD) - 2022/09/17 14:52:36 PT [2022/09/17 17:52:36 ET]
Table 'Lamberta II' 9-max Seat #4 is the button
Seat 1: chensucht ($5.66 in chips) 
Seat 2: vietalva ($5 in chips) 
Seat 3: J.TReal21 ($4.47 in chips) 
Seat 4: Dorex2007 ($5.08 in chips) 
Seat 5: SzNorbert12 ($10.34 in chips) 
Seat 6: AssosManiki ($9.98 in chips) 
Seat 7: notis-magia ($5.26 in chips) 
Seat 8: Almanza63 ($11.50 in chips) 
Seat 9: efo 824 ($1.63 in chips) 
SzNorbert12: posts small blind $0.02
AssosManiki: posts big blind $0.05
*** HOLE CARDS ***
Dealt to Dorex2007 [Ad 8s]
notis-magia: folds 
Almanza63: folds 
efo 824: folds 
chensucht: folds 
vietalva: raises $0.05 to $0.10
J.TReal21: folds 
Dorex2007: folds 
SzNorbert12: folds 
AssosManiki: calls $0.05
*** FLOP *** [Tc Kc Kh]
AssosManiki: checks 
vietalva: bets $0.10
AssosManiki: calls $0.10
*** TURN *** [Tc Kc Kh] [Ac]
AssosManiki: checks 
vietalva: bets $0.10
AssosManiki: calls $0.10
*** RIVER *** [Tc Kc Kh Ac] [5c]
AssosManiki: checks 
vietalva: bets $0.39
AssosManiki: folds 
Uncalled bet ($0.39) returned to vietalva
vietalva collected $0.58 from pot
vietalva: doesn't show hand 
*** SUMMARY ***
Total pot $0.62 | Rake $0.04 
Board [Tc Kc Kh Ac 5c]
Seat 1: chensucht folded before Flop (didn't bet)
Seat 2: vietalva collected ($0.58)
Seat 3: J.TReal21 folded before Flop (didn't bet)
Seat 4: Dorex2007 (button) folded before Flop (didn't bet)
Seat 5: SzNorbert12 (small blind) folded before Flop
Seat 6: AssosManiki (big blind) folded on the River
Seat 7: notis-magia folded before Flop (didn't bet)
Seat 8: Almanza63 folded before Flop (didn't bet)
Seat 9: efo 824 folded before Flop (didn't bet)



PokerStars Hand #238693385885:  Hold'em No Limit ($0.02/$0.05 USD) - 2022/09/17 14:53:50 PT [2022/09/17 17:53:50 ET]
Table 'Lamberta II' 9-max Seat #5 is the button
Seat 1: chensucht ($5.66 in chips) 
Seat 2: vietalva ($5.28 in chips) 
Seat 3: J.TReal21 ($4.47 in chips) 
Seat 4: Dorex2007 ($5.08 in chips) 
Seat 5: SzNorbert12 ($10.32 in chips) 
Seat 6: AssosManiki ($9.68 in chips) 
Seat 7: notis-magia ($5.26 in chips) 
Seat 8: Almanza63 ($11.50 in chips) 
Seat 9: efo 824 ($1.63 in chips) 
AssosManiki: posts small blind $0.02
notis-magia: posts big blind $0.05
*** HOLE CARDS ***
Dealt to Dorex2007 [7c 2s]
Almanza63: folds 
efo 824: folds 
chensucht: folds 
vietalva: folds 
J.TReal21: calls $0.05
Dorex2007: folds 
SzNorbert12: folds 
AssosManiki: calls $0.03
notis-magia: checks 
*** FLOP *** [6s Jd 8s]
AssosManiki: checks 
notis-magia: checks 
J.TReal21: checks 
*** TURN *** [6s Jd 8s] [3d]
AssosManiki: checks 
notis-magia: checks 
J.TReal21: bets $0.10
AssosManiki: folds 
notis-magia: folds 
Uncalled bet ($0.10) returned to J.TReal21
J.TReal21 collected $0.14 from pot
*** SUMMARY ***
Total pot $0.15 | Rake $0.01 
Board [6s Jd 8s 3d]
Seat 1: chensucht folded before Flop (didn't bet)
Seat 2: vietalva folded before Flop (didn't bet)
Seat 3: J.TReal21 collected ($0.14)
Seat 4: Dorex2007 folded before Flop (didn't bet)
Seat 5: SzNorbert12 (button) folded before Flop (didn't bet)
Seat 6: AssosManiki (small blind) folded on the Turn
Seat 7: notis-magia (big blind) folded on the Turn
Seat 8: Almanza63 folded before Flop (didn't bet)
Seat 9: efo 824 folded before Flop (didn't bet)



PokerStars Hand #238693401210:  Hold'em No Limit ($0.02/$0.05 USD) - 2022/09/17 14:54:33 PT [2022/09/17 17:54:33 ET]
Table 'Lamberta II' 9-max Seat #6 is the button
Seat 1: chensucht ($5.66 in chips) 
Seat 2: vietalva ($5.28 in chips) 
Seat 3: J.TReal21 ($4.56 in chips) 
Seat 4: Dorex2007 ($5.08 in chips) 
Seat 5: SzNorbert12 ($10.32 in chips) 
Seat 6: AssosManiki ($9.63 in chips) 
Seat 7: notis-magia ($5.21 in chips) 
Seat 8: Almanza63 ($11.50 in chips) 
notis-magia: posts small blind $0.02
Almanza63: posts big blind $0.05
*** HOLE CARDS ***
Dealt to Dorex2007 [Jc 7s]
chensucht: folds 
vietalva: folds 
J.TReal21: calls $0.05
Dorex2007: folds 
SzNorbert12: folds 
AssosManiki: raises $0.17 to $0.22
notis-magia: calls $0.20
Almanza63: folds 
J.TReal21: calls $0.17
*** FLOP *** [5c 7d 8h]
notis-magia: checks 
J.TReal21 is disconnected 
J.TReal21 has timed out while being disconnected
J.TReal21: checks 
AssosManiki: bets $0.30
notis-magia: folds 
J.TReal21: folds 
Uncalled bet ($0.30) returned to AssosManiki
AssosManiki collected $0.68 from pot
AssosManiki: doesn't show hand 
*** SUMMARY ***
Total pot $0.71 | Rake $0.03 
Board [5c 7d 8h]
Seat 1: chensucht folded before Flop (didn't bet)
Seat 2: vietalva folded before Flop (didn't bet)
Seat 3: J.TReal21 folded on the Flop
Seat 4: Dorex2007 folded before Flop (didn't bet)
Seat 5: SzNorbert12 folded before Flop (didn't bet)
Seat 6: AssosManiki (button) collected ($0.68)
Seat 7: notis-magia (small blind) folded on the Flop
Seat 8: Almanza63 (big blind) folded before Flop



PokerStars Hand #238693507409:  Hold'em No Limit ($0.02/$0.05 USD) - 2022/09/17 15:00:58 PT [2022/09/17 18:00:58 ET]
Table 'Lamberta II' 9-max Seat #5 is the button
Seat 1: chensucht ($5.66 in chips) 
Seat 2: vietalva ($5.21 in chips) 
Seat 3: J.TReal21 ($5.65 in chips) 
Seat 4: Dorex2007 ($5.08 in chips) 
Seat 5: SzNorbert12 ($10.44 in chips) 
Seat 6: AssosManiki ($10.18 in chips) 
Seat 7: notis-magia ($5.01 in chips) 
Seat 8: Almanza63 ($11.44 in chips) 
AssosManiki: posts small blind $0.02
notis-magia: posts big blind $0.05
Dorex2007: posts small & big blinds $0.07
*** HOLE CARDS ***
Dealt to Dorex2007 [6d 6s]
Almanza63: folds 
chensucht: folds 
vietalva has timed out
vietalva: folds 
J.TReal21: calls $0.05
Dorex2007: checks 
SzNorbert12: raises $0.20 to $0.25
AssosManiki: folds 
notis-magia: folds 
6tee joins the table at seat #9 
J.TReal21: calls $0.20
Dorex2007: folds 
*** FLOP *** [4d Ah Td]
J.TReal21: checks 
SzNorbert12: bets $0.25
J.TReal21: calls $0.25
*** TURN *** [4d Ah Td] [8d]
J.TReal21: checks 
SzNorbert12: checks 
*** RIVER *** [4d Ah Td 8d] [Th]
J.TReal21: bets $5.15 and is all-in
SzNorbert12: folds 
Uncalled bet ($5.15) returned to J.TReal21
J.TReal21 collected $1.09 from pot
*** SUMMARY ***
Total pot $1.14 | Rake $0.05 
Board [4d Ah Td 8d Th]
Seat 1: chensucht folded before Flop (didn't bet)
Seat 2: vietalva folded before Flop (didn't bet)
Seat 3: J.TReal21 collected ($1.09)
Seat 4: Dorex2007 folded before Flop (didn't bet)
Seat 5: SzNorbert12 (button) folded on the River
Seat 6: AssosManiki (small blind) folded before Flop
Seat 7: notis-magia (big blind) folded before Flop
Seat 8: Almanza63 folded before Flop (didn't bet)



PokerStars Hand #238693526602:  Hold'em No Limit ($0.02/$0.05 USD) - 2022/09/17 15:01:59 PT [2022/09/17 18:01:59 ET]
Table 'Lamberta II' 9-max Seat #6 is the button
Seat 1: chensucht ($5.66 in chips) 
Seat 2: vietalva ($5.21 in chips) 
Seat 3: J.TReal21 ($6.24 in chips) 
Seat 4: Dorex2007 ($5.01 in chips) 
Seat 5: SzNorbert12 ($9.94 in chips) 
Seat 6: AssosManiki ($10.16 in chips) 
Seat 7: notis-magia ($4.96 in chips) 
Seat 8: Almanza63 ($11.44 in chips) 
Seat 9: 6tee ($5 in chips) 
notis-magia: posts small blind $0.02
Almanza63: posts big blind $0.05
6tee: posts big blind $0.05
*** HOLE CARDS ***
Dealt to Dorex2007 [Qc Td]
6tee: checks 
chensucht: calls $0.05
vietalva: folds 
J.TReal21: folds 
Dorex2007: folds 
SzNorbert12: folds 
AssosManiki: calls $0.05
notis-magia: folds 
Almanza63: checks 
*** FLOP *** [Js Kd 9c]
Almanza63: checks 
6tee: checks 
chensucht: checks 
AssosManiki: checks 
*** TURN *** [Js Kd 9c] [As]
Almanza63: checks 
6tee: checks 
chensucht: checks 
AssosManiki: checks 
*** RIVER *** [Js Kd 9c As] [3d]
Almanza63: checks 
6tee: checks 
chensucht: checks 
AssosManiki: checks 
*** SHOW DOWN ***
Almanza63: shows [6d 7h] (high card Ace)
6tee: shows [3c 2c] (a pair of Threes)
chensucht: shows [5h 5c] (a pair of Fives)
AssosManiki: mucks hand 
chensucht collected $0.21 from pot
*** SUMMARY ***
Total pot $0.22 | Rake $0.01 
Board [Js Kd 9c As 3d]
Seat 1: chensucht showed [5h 5c] and won ($0.21) with a pair of Fives
Seat 2: vietalva folded before Flop (didn't bet)
Seat 3: J.TReal21 folded before Flop (didn't bet)
Seat 4: Dorex2007 folded before Flop (didn't bet)
Seat 5: SzNorbert12 folded before Flop (didn't bet)
Seat 6: AssosManiki (button) mucked [8c Tc]
Seat 7: notis-magia (small blind) folded before Flop
Seat 8: Almanza63 (big blind) showed [6d 7h] and lost with high card Ace
Seat 9: 6tee showed [3c 2c] and lost with a pair of Threes



PokerStars Hand #238693554811:  Hold'em No Limit ($0.02/$0.05 USD) - 2022/09/17 15:03:19 PT [2022/09/17 18:03:19 ET]
Table 'Lamberta II' 9-max Seat #7 is the button
Seat 1: chensucht ($5.82 in chips) 
Seat 2: vietalva ($5.21 in chips) 
Seat 3: J.TReal21 ($6.24 in chips) 
Seat 4: Dorex2007 ($5.01 in chips) 
Seat 5: SzNorbert12 ($9.94 in chips) 
Seat 6: AssosManiki ($10.11 in chips) 
Seat 7: notis-magia ($4.94 in chips) 
Seat 8: Almanza63 ($11.39 in chips) 
Seat 9: 6tee ($4.95 in chips) 
Almanza63: posts small blind $0.02
6tee: posts big blind $0.05
*** HOLE CARDS ***
Dealt to Dorex2007 [7h 6h]
chensucht: folds 
vietalva: folds 
J.TReal21: folds 
Dorex2007: folds 
SzNorbert12: folds 
AssosManiki: folds 
notis-magia has timed out
notis-magia: folds 
Almanza63: raises $0.08 to $0.13
6tee: folds 
Uncalled bet ($0.08) returned to Almanza63
Almanza63 collected $0.10 from pot
Almanza63: doesn't show hand 
*** SUMMARY ***
Total pot $0.10 | Rake $0 
Seat 1: chensucht folded before Flop (didn't bet)
Seat 2: vietalva folded before Flop (didn't bet)
Seat 3: J.TReal21 folded before Flop (didn't bet)
Seat 4: Dorex2007 folded before Flop (didn't bet)
Seat 5: SzNorbert12 folded before Flop (didn't bet)
Seat 6: AssosManiki folded before Flop (didn't bet)
Seat 7: notis-magia (button) folded before Flop (didn't bet)
Seat 8: Almanza63 (small blind) collected ($0.10)
Seat 9: 6tee (big blind) folded before Flop



PokerStars Hand #238693568627:  Hold'em No Limit ($0.02/$0.05 USD) - 2022/09/17 15:03:58 PT [2022/09/17 18:03:58 ET]
Table 'Lamberta II' 9-max Seat #8 is the button
Seat 1: chensucht ($5.82 in chips) 
Seat 2: vietalva ($5.21 in chips) 
Seat 3: J.TReal21 ($6.24 in chips) 
Seat 4: Dorex2007 ($5.01 in chips) 
Seat 5: SzNorbert12 ($9.94 in chips) 
Seat 6: AssosManiki ($10.11 in chips) 
Seat 8: Almanza63 ($11.44 in chips) 
Seat 9: 6tee ($4.90 in chips) 
6tee: posts small blind $0.02
chensucht: posts big blind $0.05
*** HOLE CARDS ***
Dealt to Dorex2007 [Kc 5h]
vietalva: raises $0.15 to $0.20
J.TReal21: calls $0.20
Dorex2007: folds 
SzNorbert12: folds 
AssosManiki: folds 
Almanza63: folds 
6tee: folds 
chensucht: folds 
*** FLOP *** [Qd Kh Tc]
vietalva: checks 
J.TReal21: checks 
*** TURN *** [Qd Kh Tc] [Td]
vietalva: checks 
J.TReal21: checks 
*** RIVER *** [Qd Kh Tc Td] [9s]
vietalva: checks 
J.TReal21: checks 
*** SHOW DOWN ***
vietalva: shows [Qc As] (two pair, Queens and Tens)
J.TReal21: mucks hand 
vietalva collected $0.45 from pot
*** SUMMARY ***
Total pot $0.47 | Rake $0.02 
Board [Qd Kh Tc Td 9s]
Seat 1: chensucht (big blind) folded before Flop
Seat 2: vietalva showed [Qc As] and won ($0.45) with two pair, Queens and Tens
Seat 3: J.TReal21 mucked [4h Ad]
Seat 4: Dorex2007 folded before Flop (didn't bet)
Seat 5: SzNorbert12 folded before Flop (didn't bet)
Seat 6: AssosManiki folded before Flop (didn't bet)
Seat 8: Almanza63 (button) folded before Flop (didn't bet)
Seat 9: 6tee (small blind) folded before Flop



PokerStars Hand #238693584048:  Hold'em No Limit ($0.02/$0.05 USD) - 2022/09/17 15:04:42 PT [2022/09/17 18:04:42 ET]
Table 'Lamberta II' 9-max Seat #9 is the button
Seat 1: chensucht ($5.77 in chips) 
Seat 2: vietalva ($5.46 in chips) 
Seat 3: J.TReal21 ($6.04 in chips) 
Seat 4: Dorex2007 ($5.01 in chips) 
Seat 5: SzNorbert12 ($9.94 in chips) 
Seat 6: AssosManiki ($10.11 in chips) 
Seat 7: notis-magia ($4.94 in chips) 
Seat 8: Almanza63 ($11.44 in chips) 
Seat 9: 6tee ($4.88 in chips) 
chensucht: posts small blind $0.02
vietalva: posts big blind $0.05
*** HOLE CARDS ***
Dealt to Dorex2007 [Jh Jd]
J.TReal21: folds 
Dorex2007: calls $0.05
SzNorbert12: folds 
AssosManiki: folds 
notis-magia: folds 
Almanza63: folds 
6tee: calls $0.05
chensucht: folds 
vietalva: checks 
*** FLOP *** [3s 5h 4c]
vietalva: checks 
Dorex2007: bets $0.16
6tee: folds 
vietalva: folds 
Uncalled bet ($0.16) returned to Dorex2007
Dorex2007 collected $0.16 from pot
Dorex2007: doesn't show hand 
*** SUMMARY ***
Total pot $0.17 | Rake $0.01 
Board [3s 5h 4c]
Seat 1: chensucht (small blind) folded before Flop
Seat 2: vietalva (big blind) folded on the Flop
Seat 3: J.TReal21 folded before Flop (didn't bet)
Seat 4: Dorex2007 collected ($0.16)
Seat 5: SzNorbert12 folded before Flop (didn't bet)
Seat 6: AssosManiki folded before Flop (didn't bet)
Seat 7: notis-magia folded before Flop (didn't bet)
Seat 8: Almanza63 folded before Flop (didn't bet)
Seat 9: 6tee (button) folded on the Flop



PokerStars Hand #238693594564:  Hold'em No Limit ($0.02/$0.05 USD) - 2022/09/17 15:05:11 PT [2022/09/17 18:05:11 ET]
Table 'Lamberta II' 9-max Seat #1 is the button
Seat 1: chensucht ($5.75 in chips) 
Seat 2: vietalva ($5.41 in chips) 
Seat 3: J.TReal21 ($6.04 in chips) 
Seat 4: Dorex2007 ($5.12 in chips) 
Seat 5: SzNorbert12 ($9.94 in chips) 
Seat 6: AssosManiki ($10.11 in chips) 
Seat 7: notis-magia ($4.94 in chips) 
Seat 8: Almanza63 ($11.44 in chips) 
Seat 9: 6tee ($4.83 in chips) 
vietalva: posts small blind $0.02
J.TReal21: posts big blind $0.05
*** HOLE CARDS ***
Dealt to Dorex2007 [Qs 6h]
Dorex2007: folds 
SzNorbert12: folds 
AssosManiki: folds 
notis-magia: folds 
Almanza63: raises $0.08 to $0.13
6tee: folds 
chensucht: folds 
vietalva: folds 
J.TReal21: folds 
Uncalled bet ($0.08) returned to Almanza63
Almanza63 collected $0.12 from pot
Almanza63: doesn't show hand 
*** SUMMARY ***
Total pot $0.12 | Rake $0 
Seat 1: chensucht (button) folded before Flop (didn't bet)
Seat 2: vietalva (small blind) folded before Flop
Seat 3: J.TReal21 (big blind) folded before Flop
Seat 4: Dorex2007 folded before Flop (didn't bet)
Seat 5: SzNorbert12 folded before Flop (didn't bet)
Seat 6: AssosManiki folded before Flop (didn't bet)
Seat 7: notis-magia folded before Flop (didn't bet)
Seat 8: Almanza63 collected ($0.12)
Seat 9: 6tee folded before Flop (didn't bet)



PokerStars Hand #238693602223:  Hold'em No Limit ($0.02/$0.05 USD) - 2022/09/17 15:05:32 PT [2022/09/17 18:05:32 ET]
Table 'Lamberta II' 9-max Seat #2 is the button
Seat 1: chensucht ($5.75 in chips) 
Seat 2: vietalva ($5.39 in chips) 
Seat 3: J.TReal21 ($5.99 in chips) 
Seat 4: Dorex2007 ($5.12 in chips) 
Seat 5: SzNorbert12 ($9.94 in chips) 
Seat 6: AssosManiki ($10.11 in chips) 
Seat 7: notis-magia ($4.94 in chips) 
Seat 8: Almanza63 ($11.51 in chips) 
Seat 9: 6tee ($4.83 in chips) 
J.TReal21: posts small blind $0.02
Dorex2007: posts big blind $0.05
*** HOLE CARDS ***
Dealt to Dorex2007 [4h 9h]
SzNorbert12: folds 
AssosManiki: folds 
notis-magia: folds 
Almanza63: folds 
6tee: calls $0.05
chensucht: folds 
vietalva: raises $0.20 to $0.25
J.TReal21: calls $0.23
Dorex2007: folds 
6tee: raises $0.80 to $1.05
vietalva: folds 
J.TReal21: calls $0.80
*** FLOP *** [Jc 8d 2s]
J.TReal21: checks 
6tee: bets $3.78 and is all-in
J.TReal21: calls $3.78
*** TURN *** [Jc 8d 2s] [5c]
*** RIVER *** [Jc 8d 2s 5c] [4c]
*** SHOW DOWN ***
J.TReal21: shows [Qd Js] (a pair of Jacks)
6tee: shows [Ad Ac] (a pair of Aces)
6tee cashed out the hand for $7.56 | Cash Out Fee $0.08
*** SUMMARY ***
Total pot $9.96 | Rake $0.41 
Board [Jc 8d 2s 5c 4c]
Seat 1: chensucht folded before Flop (didn't bet)
Seat 2: vietalva (button) folded before Flop
Seat 3: J.TReal21 (small blind) showed [Qd Js] and lost with a pair of Jacks
Seat 4: Dorex2007 (big blind) folded before Flop
Seat 5: SzNorbert12 folded before Flop (didn't bet)
Seat 6: AssosManiki folded before Flop (didn't bet)
Seat 7: notis-magia folded before Flop (didn't bet)
Seat 8: Almanza63 folded before Flop (didn't bet)
Seat 9: 6tee showed [Ad Ac] and won ($9.55) with a pair of Aces (pot not awarded as player cashed out)



PokerStars Hand #238693624176:  Hold'em No Limit ($0.02/$0.05 USD) - 2022/09/17 15:06:34 PT [2022/09/17 18:06:34 ET]
Table 'Lamberta II' 9-max Seat #3 is the button
Seat 1: chensucht ($5.75 in chips) 
Seat 2: vietalva ($5.14 in chips) 
Seat 3: J.TReal21 ($1.16 in chips) 
Seat 4: Dorex2007 ($5.07 in chips) 
Seat 5: SzNorbert12 ($9.94 in chips) 
Seat 6: AssosManiki ($10.11 in chips) 
Seat 7: notis-magia ($4.94 in chips) 
Seat 8: Almanza63 ($11.51 in chips) 
Seat 9: 6tee ($7.56 in chips) 
Dorex2007: posts small blind $0.02
SzNorbert12: posts big blind $0.05
*** HOLE CARDS ***
Dealt to Dorex2007 [7c 9d]
AssosManiki: folds 
notis-magia: folds 
Almanza63: folds 
6tee: folds 
chensucht: raises $0.10 to $0.15
vietalva: calls $0.15
J.TReal21: calls $0.15
Dorex2007: folds 
SzNorbert12: folds 
*** FLOP *** [9c 8s As]
chensucht: checks 
vietalva: bets $0.30
J.TReal21: calls $0.30
chensucht: folds 
*** TURN *** [9c 8s As] [8d]
vietalva: bets $0.75
J.TReal21: calls $0.71 and is all-in
Uncalled bet ($0.04) returned to vietalva
*** RIVER *** [9c 8s As 8d] [2c]
*** SHOW DOWN ***
vietalva: shows [Ah Jh] (two pair, Aces and Eights)
J.TReal21: shows [7s 2s] (two pair, Eights and Deuces)
vietalva collected $2.40 from pot
*** SUMMARY ***
Total pot $2.54 | Rake $0.14 
Board [9c 8s As 8d 2c]
Seat 1: chensucht folded on the Flop
Seat 2: vietalva showed [Ah Jh] and won ($2.40) with two pair, Aces and Eights
Seat 3: J.TReal21 (button) showed [7s 2s] and lost with two pair, Eights and Deuces
Seat 4: Dorex2007 (small blind) folded before Flop
Seat 5: SzNorbert12 (big blind) folded before Flop
Seat 6: AssosManiki folded before Flop (didn't bet)
Seat 7: notis-magia folded before Flop (didn't bet)
Seat 8: Almanza63 folded before Flop (didn't bet)
Seat 9: 6tee folded before Flop (didn't bet)



PokerStars Hand #238693643584:  Hold'em No Limit ($0.02/$0.05 USD) - 2022/09/17 15:07:28 PT [2022/09/17 18:07:28 ET]
Table 'Lamberta II' 9-max Seat #4 is the button
Seat 1: chensucht ($5.60 in chips) 
Seat 2: vietalva ($6.38 in chips) 
Seat 4: Dorex2007 ($5.05 in chips) 
Seat 5: SzNorbert12 ($9.89 in chips) 
Seat 6: AssosManiki ($10.11 in chips) 
Seat 7: notis-magia ($4.94 in chips) 
Seat 8: Almanza63 ($11.51 in chips) 
Seat 9: 6tee ($7.56 in chips) 
SzNorbert12: posts small blind $0.02
AssosManiki: posts big blind $0.05
*** HOLE CARDS ***
Dealt to Dorex2007 [7s 2s]
notis-magia: folds 
J.TReal21 leaves the table
Almanza63: folds 
6tee: folds 
chensucht: folds 
vietalva: folds 
Dorex2007: folds 
SzNorbert12: folds 
Uncalled bet ($0.03) returned to AssosManiki
AssosManiki collected $0.04 from pot
AssosManiki: doesn't show hand 
*** SUMMARY ***
Total pot $0.04 | Rake $0 
Seat 1: chensucht folded before Flop (didn't bet)
Seat 2: vietalva folded before Flop (didn't bet)
Seat 4: Dorex2007 (button) folded before Flop (didn't bet)
Seat 5: SzNorbert12 (small blind) folded before Flop
Seat 6: AssosManiki (big blind) collected ($0.04)
Seat 7: notis-magia folded before Flop (didn't bet)
Seat 8: Almanza63 folded before Flop (didn't bet)
Seat 9: 6tee folded before Flop (didn't bet)



PokerStars Hand #238693650775:  Hold'em No Limit ($0.02/$0.05 USD) - 2022/09/17 15:07:48 PT [2022/09/17 18:07:48 ET]
Table 'Lamberta II' 9-max Seat #5 is the button
Seat 1: chensucht ($5.60 in chips) 
Seat 2: vietalva ($6.38 in chips) 
Seat 4: Dorex2007 ($5.05 in chips) 
Seat 5: SzNorbert12 ($9.87 in chips) 
Seat 6: AssosManiki ($10.13 in chips) 
Seat 7: notis-magia ($4.94 in chips) 
Seat 8: Almanza63 ($11.51 in chips) 
Seat 9: 6tee ($7.56 in chips) 
AssosManiki: posts small blind $0.02
notis-magia: posts big blind $0.05
*** HOLE CARDS ***
Dealt to Dorex2007 [Tc 2c]
Almanza63: folds 
6tee: folds 
chensucht: folds 
vietalva: folds 
Dorex2007: folds 
SzNorbert12: raises $0.07 to $0.12
AssosManiki: folds 
notis-magia: folds 
Uncalled bet ($0.07) returned to SzNorbert12
SzNorbert12 collected $0.12 from pot
SzNorbert12: doesn't show hand 
*** SUMMARY ***
Total pot $0.12 | Rake $0 
Seat 1: chensucht folded before Flop (didn't bet)
Seat 2: vietalva folded before Flop (didn't bet)
Seat 4: Dorex2007 folded before Flop (didn't bet)
Seat 5: SzNorbert12 (button) collected ($0.12)
Seat 6: AssosManiki (small blind) folded before Flop
Seat 7: notis-magia (big blind) folded before Flop
Seat 8: Almanza63 folded before Flop (didn't bet)
Seat 9: 6tee folded before Flop (didn't bet)



PokerStars Hand #238693658247:  Hold'em No Limit ($0.02/$0.05 USD) - 2022/09/17 15:08:09 PT [2022/09/17 18:08:09 ET]
Table 'Lamberta II' 9-max Seat #6 is the button
Seat 1: chensucht ($5.60 in chips) 
Seat 2: vietalva ($6.38 in chips) 
Seat 4: Dorex2007 ($5.05 in chips) 
Seat 5: SzNorbert12 ($9.94 in chips) 
Seat 6: AssosManiki ($10.11 in chips) 
Seat 7: notis-magia ($4.89 in chips) 
Seat 8: Almanza63 ($11.51 in chips) 
Seat 9: 6tee ($7.56 in chips) 
notis-magia: posts small blind $0.02
Almanza63: posts big blind $0.05
*** HOLE CARDS ***
Dealt to Dorex2007 [8c 3h]
6tee: folds 
chensucht: folds 
vietalva: folds 
Dorex2007: folds 
SzNorbert12: folds 
AssosManiki: raises $0.08 to $0.13
notis-magia: folds 
Almanza63: folds 
Uncalled bet ($0.08) returned to AssosManiki
AssosManiki collected $0.12 from pot
AssosManiki: doesn't show hand 
*** SUMMARY ***
Total pot $0.12 | Rake $0 
Seat 1: chensucht folded before Flop (didn't bet)
Seat 2: vietalva folded before Flop (didn't bet)
Seat 4: Dorex2007 folded before Flop (didn't bet)
Seat 5: SzNorbert12 folded before Flop (didn't bet)
Seat 6: AssosManiki (button) collected ($0.12)
Seat 7: notis-magia (small blind) folded before Flop
Seat 8: Almanza63 (big blind) folded before Flop
Seat 9: 6tee folded before Flop (didn't bet)



PokerStars Hand #238693665839:  Hold'em No Limit ($0.02/$0.05 USD) - 2022/09/17 15:08:30 PT [2022/09/17 18:08:30 ET]
Table 'Lamberta II' 9-max Seat #7 is the button
Seat 1: chensucht ($5.60 in chips) 
Seat 2: vietalva ($6.38 in chips) 
Seat 4: Dorex2007 ($5.05 in chips) 
Seat 5: SzNorbert12 ($9.94 in chips) 
Seat 6: AssosManiki ($10.18 in chips) 
Seat 7: notis-magia ($4.87 in chips) 
Seat 8: Almanza63 ($11.46 in chips) 
Seat 9: 6tee ($7.56 in chips) 
Almanza63: posts small blind $0.02
6tee: posts big blind $0.05
*** HOLE CARDS ***
Dealt to Dorex2007 [5d Qc]
chensucht: folds 
vietalva: folds 
loic6000 joins the table at seat #3 
Dorex2007: folds 
SzNorbert12: folds 
AssosManiki: raises $0.08 to $0.13
notis-magia: folds 
Almanza63: folds 
6tee: folds 
Uncalled bet ($0.08) returned to AssosManiki
AssosManiki collected $0.12 from pot
AssosManiki: doesn't show hand 
*** SUMMARY ***
Total pot $0.12 | Rake $0 
Seat 1: chensucht folded before Flop (didn't bet)
Seat 2: vietalva folded before Flop (didn't bet)
Seat 4: Dorex2007 folded before Flop (didn't bet)
Seat 5: SzNorbert12 folded before Flop (didn't bet)
Seat 6: AssosManiki collected ($0.12)
Seat 7: notis-magia (button) folded before Flop (didn't bet)
Seat 8: Almanza63 (small blind) folded before Flop
Seat 9: 6tee (big blind) folded before Flop



PokerStars Hand #238693681493:  Hold'em No Limit ($0.02/$0.05 USD) - 2022/09/17 15:09:15 PT [2022/09/17 18:09:15 ET]
Table 'Lamberta II' 9-max Seat #8 is the button
Seat 1: chensucht ($5.60 in chips) 
Seat 2: vietalva ($6.38 in chips) 
Seat 4: Dorex2007 ($5.05 in chips) 
Seat 5: SzNorbert12 ($9.94 in chips) 
Seat 6: AssosManiki ($10.25 in chips) 
Seat 7: notis-magia ($4.87 in chips) 
Seat 8: Almanza63 ($11.44 in chips) 
Seat 9: 6tee ($7.51 in chips) 
6tee: posts small blind $0.02
chensucht: posts big blind $0.05
loic6000: sits out 
*** HOLE CARDS ***
Dealt to Dorex2007 [3h 3s]
vietalva: folds 
Dorex2007: calls $0.05
SzNorbert12: raises $0.15 to $0.20
AssosManiki: calls $0.20
notis-magia: folds 
Almanza63: folds 
6tee: folds 
chensucht: folds 
Dorex2007: folds 
*** FLOP *** [Qd Kh Js]
SzNorbert12: bets $0.25
AssosManiki: calls $0.25
*** TURN *** [Qd Kh Js] [9h]
SzNorbert12: checks 
AssosManiki: checks 
*** RIVER *** [Qd Kh Js 9h] [3c]
SzNorbert12: checks 
AssosManiki: checks 
*** SHOW DOWN ***
SzNorbert12: shows [7h 7s] (a pair of Sevens)
AssosManiki: shows [Kc Ad] (a pair of Kings)
AssosManiki collected $0.98 from pot
*** SUMMARY ***
Total pot $1.02 | Rake $0.04 
Board [Qd Kh Js 9h 3c]
Seat 1: chensucht (big blind) folded before Flop
Seat 2: vietalva folded before Flop (didn't bet)
Seat 4: Dorex2007 folded before Flop
Seat 5: SzNorbert12 showed [7h 7s] and lost with a pair of Sevens
Seat 6: AssosManiki showed [Kc Ad] and won ($0.98) with a pair of Kings
Seat 7: notis-magia folded before Flop (didn't bet)
Seat 8: Almanza63 (button) folded before Flop (didn't bet)
Seat 9: 6tee (small blind) folded before Flop



PokerStars Hand #238693697199:  Hold'em No Limit ($0.02/$0.05 USD) - 2022/09/17 15:09:59 PT [2022/09/17 18:09:59 ET]
Table 'Lamberta II' 9-max Seat #9 is the button
Seat 1: chensucht ($5.55 in chips) 
Seat 2: vietalva ($6.38 in chips) 
Seat 4: Dorex2007 ($5 in chips) 
Seat 5: SzNorbert12 ($9.49 in chips) 
Seat 6: AssosManiki ($10.78 in chips) 
Seat 7: notis-magia ($4.87 in chips) 
Seat 8: Almanza63 ($11.44 in chips) 
Seat 9: 6tee ($7.49 in chips) 
chensucht: posts small blind $0.02
vietalva: posts big blind $0.05
loic6000: sits out 
*** HOLE CARDS ***
Dealt to Dorex2007 [9d 7d]
Dorex2007: folds 
SzNorbert12: folds 
AssosManiki: folds 
notis-magia: folds 
Almanza63: raises $0.08 to $0.13
6tee: folds 
chensucht: folds 
vietalva: folds 
Uncalled bet ($0.08) returned to Almanza63
Almanza63 collected $0.12 from pot
Almanza63: doesn't show hand 
*** SUMMARY ***
Total pot $0.12 | Rake $0 
Seat 1: chensucht (small blind) folded before Flop
Seat 2: vietalva (big blind) folded before Flop
Seat 4: Dorex2007 folded before Flop (didn't bet)
Seat 5: SzNorbert12 folded before Flop (didn't bet)
Seat 6: AssosManiki folded before Flop (didn't bet)
Seat 7: notis-magia folded before Flop (didn't bet)
Seat 8: Almanza63 collected ($0.12)
Seat 9: 6tee (button) folded before Flop (didn't bet)



PokerStars Hand #238693706799:  Hold'em No Limit ($0.02/$0.05 USD) - 2022/09/17 15:10:26 PT [2022/09/17 18:10:26 ET]
Table 'Lamberta II' 9-max Seat #1 is the button
Seat 1: chensucht ($5.53 in chips) 
Seat 2: vietalva ($6.33 in chips) 
Seat 3: loic6000 ($2 in chips) 
Seat 4: Dorex2007 ($5 in chips) 
Seat 5: SzNorbert12 ($9.49 in chips) 
Seat 6: AssosManiki ($10.78 in chips) 
Seat 7: notis-magia ($4.87 in chips) 
Seat 8: Almanza63 ($11.51 in chips) 
Seat 9: 6tee ($7.49 in chips) 
vietalva: posts small blind $0.02
loic6000: posts big blind $0.05
*** HOLE CARDS ***
Dealt to Dorex2007 [9c Qh]
Dorex2007: folds 
SzNorbert12: folds 
AssosManiki: folds 
notis-magia: folds 
Almanza63: folds 
6tee: folds 
chensucht: raises $0.10 to $0.15
vietalva: folds 
loic6000: folds 
Uncalled bet ($0.10) returned to chensucht
chensucht collected $0.12 from pot
*** SUMMARY ***
Total pot $0.12 | Rake $0 
Seat 1: chensucht (button) collected ($0.12)
Seat 2: vietalva (small blind) folded before Flop
Seat 3: loic6000 (big blind) folded before Flop
Seat 4: Dorex2007 folded before Flop (didn't bet)
Seat 5: SzNorbert12 folded before Flop (didn't bet)
Seat 6: AssosManiki folded before Flop (didn't bet)
Seat 7: notis-magia folded before Flop (didn't bet)
Seat 8: Almanza63 folded before Flop (didn't bet)
Seat 9: 6tee folded before Flop (didn't bet)



PokerStars Hand #238693711980:  Hold'em No Limit ($0.02/$0.05 USD) - 2022/09/17 15:10:40 PT [2022/09/17 18:10:40 ET]
Table 'Lamberta II' 9-max Seat #2 is the button
Seat 1: chensucht ($5.60 in chips) 
Seat 2: vietalva ($6.31 in chips) 
Seat 3: loic6000 ($1.95 in chips) 
Seat 4: Dorex2007 ($5 in chips) 
Seat 5: SzNorbert12 ($9.49 in chips) 
Seat 6: AssosManiki ($10.78 in chips) 
Seat 7: notis-magia ($4.87 in chips) 
Seat 8: Almanza63 ($11.51 in chips) 
Seat 9: 6tee ($7.49 in chips) 
loic6000: posts small blind $0.02
Dorex2007: posts big blind $0.05
*** HOLE CARDS ***
Dealt to Dorex2007 [8s Jh]
SzNorbert12: folds 
SzNorbert12 leaves the table
AssosManiki: folds 
notis-magia: folds 
Almanza63: folds 
6tee: folds 
chensucht: folds 
vietalva: folds 
loic6000: folds 
Uncalled bet ($0.03) returned to Dorex2007
Dorex2007 collected $0.04 from pot
Dorex2007: doesn't show hand 
*** SUMMARY ***
Total pot $0.04 | Rake $0 
Seat 1: chensucht folded before Flop (didn't bet)
Seat 2: vietalva (button) folded before Flop (didn't bet)
Seat 3: loic6000 (small blind) folded before Flop
Seat 4: Dorex2007 (big blind) collected ($0.04)
Seat 5: SzNorbert12 folded before Flop (didn't bet)
Seat 6: AssosManiki folded before Flop (didn't bet)
Seat 7: notis-magia folded before Flop (didn't bet)
Seat 8: Almanza63 folded before Flop (didn't bet)
Seat 9: 6tee folded before Flop (didn't bet)



PokerStars Hand #238693717765:  Hold'em No Limit ($0.02/$0.05 USD) - 2022/09/17 15:10:57 PT [2022/09/17 18:10:57 ET]
Table 'Lamberta II' 9-max Seat #3 is the button
Seat 1: chensucht ($5.60 in chips) 
Seat 2: vietalva ($6.31 in chips) 
Seat 3: loic6000 ($1.93 in chips) 
Seat 4: Dorex2007 ($5.02 in chips) 
Seat 6: AssosManiki ($10.78 in chips) 
Seat 7: notis-magia ($4.87 in chips) 
Seat 8: Almanza63 ($11.51 in chips) 
Seat 9: 6tee ($7.49 in chips) 
Dorex2007: posts small blind $0.02
AssosManiki: posts big blind $0.05
*** HOLE CARDS ***
Dealt to Dorex2007 [6s Qc]
notis-magia: folds 
Almanza63: folds 
6tee: folds 
chensucht: folds 
vietalva: raises $0.10 to $0.15
loic6000: calls $0.15
Dorex2007: folds 
AssosManiki: folds 
*** FLOP *** [8s 4s Ac]
vietalva: checks 
loic6000: bets $0.10
vietalva: calls $0.10
*** TURN *** [8s 4s Ac] [Td]
vietalva: checks 
loic6000: bets $0.10
vietalva: calls $0.10
*** RIVER *** [8s 4s Ac Td] [5h]
vietalva: checks 
loic6000: checks 
*** SHOW DOWN ***
vietalva: shows [9d Kd] (high card Ace)
loic6000: shows [Ah Js] (a pair of Aces)
loic6000 collected $0.74 from pot
*** SUMMARY ***
Total pot $0.77 | Rake $0.03 
Board [8s 4s Ac Td 5h]
Seat 1: chensucht folded before Flop (didn't bet)
Seat 2: vietalva showed [9d Kd] and lost with high card Ace
Seat 3: loic6000 (button) showed [Ah Js] and won ($0.74) with a pair of Aces
Seat 4: Dorex2007 (small blind) folded before Flop
Seat 6: AssosManiki (big blind) folded before Flop
Seat 7: notis-magia folded before Flop (didn't bet)
Seat 8: Almanza63 folded before Flop (didn't bet)
Seat 9: 6tee folded before Flop (didn't bet)



PokerStars Hand #238693732591:  Hold'em No Limit ($0.02/$0.05 USD) - 2022/09/17 15:11:39 PT [2022/09/17 18:11:39 ET]
Table 'Lamberta II' 9-max Seat #4 is the button
Seat 1: chensucht ($5.60 in chips) 
Seat 2: vietalva ($5.96 in chips) 
Seat 3: loic6000 ($2.32 in chips) 
Seat 4: Dorex2007 ($5 in chips) 
Seat 6: AssosManiki ($10.73 in chips) 
Seat 7: notis-magia ($4.87 in chips) 
Seat 8: Almanza63 ($11.51 in chips) 
Seat 9: 6tee ($7.49 in chips) 
AssosManiki: posts small blind $0.02
notis-magia: posts big blind $0.05
*** HOLE CARDS ***
Dealt to Dorex2007 [8s Qs]
Almanza63: raises $0.10 to $0.15
6tee: folds 
chensucht: folds 
chensucht leaves the table
vietalva: folds 
loic6000: folds 
Dorex2007: folds 
AssosManiki: folds 
notis-magia: folds 
Uncalled bet ($0.10) returned to Almanza63
Almanza63 collected $0.12 from pot
Almanza63: doesn't show hand 
*** SUMMARY ***
Total pot $0.12 | Rake $0 
Seat 1: chensucht folded before Flop (didn't bet)
Seat 2: vietalva folded before Flop (didn't bet)
Seat 3: loic6000 folded before Flop (didn't bet)
Seat 4: Dorex2007 (button) folded before Flop (didn't bet)
Seat 6: AssosManiki (small blind) folded before Flop
Seat 7: notis-magia (big blind) folded before Flop
Seat 8: Almanza63 collected ($0.12)
Seat 9: 6tee folded before Flop (didn't bet)



PokerStars Hand #238693738430:  Hold'em No Limit ($0.02/$0.05 USD) - 2022/09/17 15:11:56 PT [2022/09/17 18:11:56 ET]
Table 'Lamberta II' 9-max Seat #6 is the button
Seat 2: vietalva ($5.96 in chips) 
Seat 3: loic6000 ($2.32 in chips) 
Seat 4: Dorex2007 ($5 in chips) 
Seat 6: AssosManiki ($10.71 in chips) 
Seat 7: notis-magia ($4.82 in chips) 
Seat 8: Almanza63 ($11.58 in chips) 
Seat 9: 6tee ($7.49 in chips) 
notis-magia: posts small blind $0.02
Almanza63: posts big blind $0.05
*** HOLE CARDS ***
Dealt to Dorex2007 [7d Qs]
6tee: folds 
vietalva: folds 
loic6000: folds 
Dorex2007: folds 
AssosManiki: folds 
notis-magia: folds 
Uncalled bet ($0.03) returned to Almanza63
Almanza63 collected $0.04 from pot
Almanza63: doesn't show hand 
*** SUMMARY ***
Total pot $0.04 | Rake $0 
Seat 2: vietalva folded before Flop (didn't bet)
Seat 3: loic6000 folded before Flop (didn't bet)
Seat 4: Dorex2007 folded before Flop (didn't bet)
Seat 6: AssosManiki (button) folded before Flop (didn't bet)
Seat 7: notis-magia (small blind) folded before Flop
Seat 8: Almanza63 (big blind) collected ($0.04)
Seat 9: 6tee folded before Flop (didn't bet)



PokerStars Hand #238693744584:  Hold'em No Limit ($0.02/$0.05 USD) - 2022/09/17 15:12:14 PT [2022/09/17 18:12:14 ET]
Table 'Lamberta II' 9-max Seat #7 is the button
Seat 2: vietalva ($5.96 in chips) 
Seat 3: loic6000 ($2.32 in chips) 
Seat 4: Dorex2007 ($5 in chips) 
Seat 6: AssosManiki ($10.71 in chips) 
Seat 7: notis-magia ($4.80 in chips) 
Seat 8: Almanza63 ($11.60 in chips) 
Seat 9: 6tee ($7.49 in chips) 
Almanza63: posts small blind $0.02
6tee: posts big blind $0.05
*** HOLE CARDS ***
Dealt to Dorex2007 [Ks 2d]
vietalva: raises $0.15 to $0.20
loic6000: folds 
Dorex2007: folds 
AssosManiki: folds 
notis-magia: folds 
Almanza63: folds 
6tee: folds 
Uncalled bet ($0.15) returned to vietalva
vietalva collected $0.12 from pot
vietalva: doesn't show hand 
*** SUMMARY ***
Total pot $0.12 | Rake $0 
Seat 2: vietalva collected ($0.12)
Seat 3: loic6000 folded before Flop (didn't bet)
Seat 4: Dorex2007 folded before Flop (didn't bet)
Seat 6: AssosManiki folded before Flop (didn't bet)
Seat 7: notis-magia (button) folded before Flop (didn't bet)
Seat 8: Almanza63 (small blind) folded before Flop
Seat 9: 6tee (big blind) folded before Flop



PokerStars Hand #238693751133:  Hold'em No Limit ($0.02/$0.05 USD) - 2022/09/17 15:12:32 PT [2022/09/17 18:12:32 ET]
Table 'Lamberta II' 9-max Seat #8 is the button
Seat 2: vietalva ($6.03 in chips) 
Seat 3: loic6000 ($2.32 in chips) 
Seat 4: Dorex2007 ($5 in chips) 
Seat 6: AssosManiki ($10.71 in chips) 
Seat 7: notis-magia ($4.80 in chips) 
Seat 8: Almanza63 ($11.58 in chips) 
Seat 9: 6tee ($7.44 in chips) 
6tee: posts small blind $0.02
vietalva: posts big blind $0.05
*** HOLE CARDS ***
Dealt to Dorex2007 [8c 7h]
loic6000: folds 
Dorex2007: folds 
AssosManiki: raises $0.08 to $0.13
notis-magia: folds 
Almanza63: folds 
6tee: folds 
vietalva: calls $0.08
*** FLOP *** [Kh Kc Jh]
vietalva: checks 
AssosManiki: bets $0.18
vietalva: calls $0.18
*** TURN *** [Kh Kc Jh] [9h]
vietalva: checks 
AssosManiki: checks 
*** RIVER *** [Kh Kc Jh 9h] [Qs]
vietalva: bets $0.20
AssosManiki: calls $0.20
*** SHOW DOWN ***
vietalva: shows [Ah Tc] (a straight, Ten to Ace)
AssosManiki: mucks hand 
vietalva collected $0.99 from pot
*** SUMMARY ***
Total pot $1.04 | Rake $0.05 
Board [Kh Kc Jh 9h Qs]
Seat 2: vietalva (big blind) showed [Ah Tc] and won ($0.99) with a straight, Ten to Ace
Seat 3: loic6000 folded before Flop (didn't bet)
Seat 4: Dorex2007 folded before Flop (didn't bet)
Seat 6: AssosManiki mucked [As Ad]
Seat 7: notis-magia folded before Flop (didn't bet)
Seat 8: Almanza63 (button) folded before Flop (didn't bet)
Seat 9: 6tee (small blind) folded before Flop



PokerStars Hand #238693765080:  Hold'em No Limit ($0.02/$0.05 USD) - 2022/09/17 15:13:11 PT [2022/09/17 18:13:11 ET]
Table 'Lamberta II' 9-max Seat #9 is the button
Seat 2: vietalva ($6.51 in chips) 
Seat 3: loic6000 ($2.32 in chips) 
Seat 4: Dorex2007 ($5 in chips) 
Seat 6: AssosManiki ($10.20 in chips) 
Seat 7: notis-magia ($4.80 in chips) 
Seat 8: Almanza63 ($11.58 in chips) 
Seat 9: 6tee ($7.42 in chips) 
vietalva: posts small blind $0.02
loic6000: posts big blind $0.05
*** HOLE CARDS ***
Dealt to Dorex2007 [Tc 8h]
Dorex2007: folds 
AssosManiki: folds 
notis-magia: folds 
Almanza63: raises $0.08 to $0.13
6tee: folds 
vietalva: folds 
loic6000: folds 
Uncalled bet ($0.08) returned to Almanza63
Almanza63 collected $0.12 from pot
Almanza63: doesn't show hand 
*** SUMMARY ***
Total pot $0.12 | Rake $0 
Seat 2: vietalva (small blind) folded before Flop
Seat 3: loic6000 (big blind) folded before Flop
Seat 4: Dorex2007 folded before Flop (didn't bet)
Seat 6: AssosManiki folded before Flop (didn't bet)
Seat 7: notis-magia folded before Flop (didn't bet)
Seat 8: Almanza63 collected ($0.12)
Seat 9: 6tee (button) folded before Flop (didn't bet)



PokerStars Hand #238693773421:  Hold'em No Limit ($0.02/$0.05 USD) - 2022/09/17 15:13:35 PT [2022/09/17 18:13:35 ET]
Table 'Lamberta II' 9-max Seat #2 is the button
Seat 2: vietalva ($6.49 in chips) 
Seat 3: loic6000 ($2.27 in chips) 
Seat 4: Dorex2007 ($5 in chips) 
Seat 6: AssosManiki ($10.20 in chips) 
Seat 7: notis-magia ($4.80 in chips) 
Seat 8: Almanza63 ($11.65 in chips) 
Seat 9: 6tee ($7.42 in chips) 
loic6000: posts small blind $0.02
Dorex2007: posts big blind $0.05
*** HOLE CARDS ***
Dealt to Dorex2007 [Qc 5c]
AssosManiki: folds 
AssosManiki leaves the table
notis-magia: folds 
Almanza63: raises $0.08 to $0.13
6tee: calls $0.13
vietalva: folds 
loic6000: folds 
Dorex2007: folds 
*** FLOP *** [Jd Jc 9d]
Almanza63: checks 
6tee: checks 
*** TURN *** [Jd Jc 9d] [8s]
Almanza63: checks 
6tee: bets $0.16
Almanza63: folds 
Uncalled bet ($0.16) returned to 6tee
6tee collected $0.32 from pot
*** SUMMARY ***
Total pot $0.33 | Rake $0.01 
Board [Jd Jc 9d 8s]
Seat 2: vietalva (button) folded before Flop (didn't bet)
Seat 3: loic6000 (small blind) folded before Flop
Seat 4: Dorex2007 (big blind) folded before Flop
Seat 6: AssosManiki folded before Flop (didn't bet)
Seat 7: notis-magia folded before Flop (didn't bet)
Seat 8: Almanza63 folded on the Turn
Seat 9: 6tee collected ($0.32)



PokerStars Hand #238693791353:  Hold'em No Limit ($0.02/$0.05 USD) - 2022/09/17 15:14:26 PT [2022/09/17 18:14:26 ET]
Table 'Lamberta II' 9-max Seat #3 is the button
Seat 2: vietalva ($6.49 in chips) 
Seat 3: loic6000 ($2.25 in chips) 
Seat 4: Dorex2007 ($5 in chips) 
Seat 7: notis-magia ($4.80 in chips) 
Seat 8: Almanza63 ($11.52 in chips) 
Seat 9: 6tee ($7.61 in chips) 
Dorex2007: posts small blind $0.02
notis-magia: posts big blind $0.05
*** HOLE CARDS ***
Dealt to Dorex2007 [9s 4c]
Almanza63: folds 
6tee: folds 
vietalva: folds 
loic6000: folds 
Dorex2007: folds 
Uncalled bet ($0.03) returned to notis-magia
notis-magia collected $0.04 from pot
notis-magia: doesn't show hand 
*** SUMMARY ***
Total pot $0.04 | Rake $0 
Seat 2: vietalva folded before Flop (didn't bet)
Seat 3: loic6000 (button) folded before Flop (didn't bet)
Seat 4: Dorex2007 (small blind) folded before Flop
Seat 7: notis-magia (big blind) collected ($0.04)
Seat 8: Almanza63 folded before Flop (didn't bet)
Seat 9: 6tee folded before Flop (didn't bet)



PokerStars Hand #238693797340:  Hold'em No Limit ($0.02/$0.05 USD) - 2022/09/17 15:14:43 PT [2022/09/17 18:14:43 ET]
Table 'Lamberta II' 9-max Seat #4 is the button
Seat 2: vietalva ($6.49 in chips) 
Seat 3: loic6000 ($2.25 in chips) 
Seat 4: Dorex2007 ($5 in chips) 
Seat 7: notis-magia ($4.82 in chips) 
Seat 8: Almanza63 ($11.52 in chips) 
Seat 9: 6tee ($7.61 in chips) 
notis-magia: posts small blind $0.02
Almanza63: posts big blind $0.05
*** HOLE CARDS ***
Dealt to Dorex2007 [2h 8h]
6tee: folds 
vietalva: folds 
loic6000: folds 
Dorex2007: folds 
notis-magia: folds 
Uncalled bet ($0.03) returned to Almanza63
Almanza63 collected $0.04 from pot
Almanza63: doesn't show hand 
*** SUMMARY ***
Total pot $0.04 | Rake $0 
Seat 2: vietalva folded before Flop (didn't bet)
Seat 3: loic6000 folded before Flop (didn't bet)
Seat 4: Dorex2007 (button) folded before Flop (didn't bet)
Seat 7: notis-magia (small blind) folded before Flop
Seat 8: Almanza63 (big blind) collected ($0.04)
Seat 9: 6tee folded before Flop (didn't bet)



PokerStars Hand #238693804130:  Hold'em No Limit ($0.02/$0.05 USD) - 2022/09/17 15:15:03 PT [2022/09/17 18:15:03 ET]
Table 'Lamberta II' 9-max Seat #7 is the button
Seat 2: vietalva ($6.49 in chips) 
Seat 3: loic6000 ($2.25 in chips) 
Seat 4: Dorex2007 ($5 in chips) 
Seat 7: notis-magia ($4.80 in chips) 
Seat 8: Almanza63 ($11.54 in chips) 
Seat 9: 6tee ($7.61 in chips) 
Almanza63: posts small blind $0.02
6tee: posts big blind $0.05
*** HOLE CARDS ***
Dealt to Dorex2007 [7d 4c]
vietalva: folds 
loic6000: folds 
Dorex2007: folds 
notis-magia: folds 
Almanza63: raises $0.08 to $0.13
6tee: folds 
Uncalled bet ($0.08) returned to Almanza63
Almanza63 collected $0.10 from pot
Almanza63: doesn't show hand 
*** SUMMARY ***
Total pot $0.10 | Rake $0 
Seat 2: vietalva folded before Flop (didn't bet)
Seat 3: loic6000 folded before Flop (didn't bet)
Seat 4: Dorex2007 folded before Flop (didn't bet)
Seat 7: notis-magia (button) folded before Flop (didn't bet)
Seat 8: Almanza63 (small blind) collected ($0.10)
Seat 9: 6tee (big blind) folded before Flop



PokerStars Hand #238693811806:  Hold'em No Limit ($0.02/$0.05 USD) - 2022/09/17 15:15:25 PT [2022/09/17 18:15:25 ET]
Table 'Lamberta II' 9-max Seat #8 is the button
Seat 2: vietalva ($6.49 in chips) 
Seat 3: loic6000 ($2.25 in chips) 
Seat 4: Dorex2007 ($5 in chips) 
Seat 7: notis-magia ($4.80 in chips) 
Seat 8: Almanza63 ($11.59 in chips) 
Seat 9: 6tee ($7.56 in chips) 
6tee: posts small blind $0.02
vietalva: posts big blind $0.05
*** HOLE CARDS ***
Dealt to Dorex2007 [Ks Th]
loic6000: folds 
Dorex2007: raises $0.05 to $0.10
notis-magia: folds 
Almanza63: folds 
6tee: folds 
vietalva: folds 
Uncalled bet ($0.05) returned to Dorex2007
Dorex2007 collected $0.12 from pot
Dorex2007: doesn't show hand 
*** SUMMARY ***
Total pot $0.12 | Rake $0 
Seat 2: vietalva (big blind) folded before Flop
Seat 3: loic6000 folded before Flop (didn't bet)
Seat 4: Dorex2007 collected ($0.12)
Seat 7: notis-magia folded before Flop (didn't bet)
Seat 8: Almanza63 (button) folded before Flop (didn't bet)
Seat 9: 6tee (small blind) folded before Flop



PokerStars Hand #238693818234:  Hold'em No Limit ($0.02/$0.05 USD) - 2022/09/17 15:15:43 PT [2022/09/17 18:15:43 ET]
Table 'Lamberta II' 9-max Seat #9 is the button
Seat 2: vietalva ($6.44 in chips) 
Seat 3: loic6000 ($2.25 in chips) 
Seat 4: Dorex2007 ($5.07 in chips) 
Seat 7: notis-magia ($4.80 in chips) 
Seat 8: Almanza63 ($11.59 in chips) 
Seat 9: 6tee ($7.54 in chips) 
vietalva: posts small blind $0.02
loic6000: posts big blind $0.05
*** HOLE CARDS ***
Dealt to Dorex2007 [3c Kh]
Dorex2007: folds 
notis-magia: folds 
Almanza63: folds 
Almanza63 leaves the table
6tee: calls $0.05
vietalva: folds 
loic6000: checks 
*** FLOP *** [5d 3s 9h]
loic6000: checks 
6tee: checks 
*** TURN *** [5d 3s 9h] [Ah]
loic6000: checks 
6tee: bets $0.12
loic6000: folds 
Uncalled bet ($0.12) returned to 6tee
6tee collected $0.12 from pot
*** SUMMARY ***
Total pot $0.12 | Rake $0 
Board [5d 3s 9h Ah]
Seat 2: vietalva (small blind) folded before Flop
Seat 3: loic6000 (big blind) folded on the Turn
Seat 4: Dorex2007 folded before Flop (didn't bet)
Seat 7: notis-magia folded before Flop (didn't bet)
Seat 8: Almanza63 folded before Flop (didn't bet)
Seat 9: 6tee (button) collected ($0.12)



PokerStars Hand #238693829483:  Hold'em No Limit ($0.02/$0.05 USD) - 2022/09/17 15:16:15 PT [2022/09/17 18:16:15 ET]
Table 'Lamberta II' 9-max Seat #2 is the button
Seat 2: vietalva ($6.42 in chips) 
Seat 3: loic6000 ($2.20 in chips) 
Seat 4: Dorex2007 ($5.07 in chips) 
Seat 7: notis-magia ($4.80 in chips) 
Seat 9: 6tee ($7.61 in chips) 
loic6000: posts small blind $0.02
Dorex2007: posts big blind $0.05
*** HOLE CARDS ***
Dealt to Dorex2007 [9d Qs]
notis-magia: folds 
6tee: folds 
vietalva: folds 
loic6000: folds 
Uncalled bet ($0.03) returned to Dorex2007
Dorex2007 collected $0.04 from pot
Dorex2007: doesn't show hand 
*** SUMMARY ***
Total pot $0.04 | Rake $0 
Seat 2: vietalva (button) folded before Flop (didn't bet)
Seat 3: loic6000 (small blind) folded before Flop
Seat 4: Dorex2007 (big blind) collected ($0.04)
Seat 7: notis-magia folded before Flop (didn't bet)
Seat 9: 6tee folded before Flop (didn't bet)



PokerStars Hand #238693833111:  Hold'em No Limit ($0.02/$0.05 USD) - 2022/09/17 15:16:26 PT [2022/09/17 18:16:26 ET]
Table 'Lamberta II' 9-max Seat #3 is the button
Seat 2: vietalva ($6.42 in chips) 
Seat 3: loic6000 ($2.18 in chips) 
Seat 4: Dorex2007 ($5.09 in chips) 
Seat 7: notis-magia ($4.80 in chips) 
Seat 9: 6tee ($7.61 in chips) 
Dorex2007: posts small blind $0.02
notis-magia: posts big blind $0.05
*** HOLE CARDS ***
Dealt to Dorex2007 [Ks 9d]
6tee: folds 
vietalva: folds 
loic6000: folds 
Dorex2007: folds 
Uncalled bet ($0.03) returned to notis-magia
notis-magia collected $0.04 from pot
notis-magia: doesn't show hand 
*** SUMMARY ***
Total pot $0.04 | Rake $0 
Seat 2: vietalva folded before Flop (didn't bet)
Seat 3: loic6000 (button) folded before Flop (didn't bet)
Seat 4: Dorex2007 (small blind) folded before Flop
Seat 7: notis-magia (big blind) collected ($0.04)
Seat 9: 6tee folded before Flop (didn't bet)



