PokerStars Hand #237716171112:  Hold'em No Limit ($0.02/$0.05 USD) - 2022/07/31 20:25:04 PT [2022/07/31 23:25:04 ET]
Table 'Tarvos II' 9-max Seat #5 is the button
Seat 1: jmlvf15 ($1.19 in chips) 
Seat 2: G-ROC_4-adam ($1.98 in chips) 
Seat 3: matt blakk ($10.56 in chips) 
Seat 4: Dorex2007 ($5 in chips) 
Seat 5: mafiaalan10 ($2.84 in chips) 
Seat 6: acad2011 ($2.72 in chips) 
Seat 7: enixblr ($5 in chips) 
Seat 8: GioTF-RJ ($2.81 in chips) 
Seat 9: gravyankle ($6.46 in chips) 
acad2011: posts small blind $0.02
enixblr: posts big blind $0.05
Dorex2007: posts big blind $0.05
*** HOLE CARDS ***
Dealt to Dorex2007 [3h Kd]
GioTF-RJ: calls $0.05
gravyankle: folds 
jmlvf15: folds 
G-ROC_4-adam: folds 
matt blakk: folds 
Dorex2007: checks 
mafiaalan10: folds 
acad2011: calls $0.03
enixblr: checks 
*** FLOP *** [8h 7d 4c]
acad2011: checks 
enixblr: checks 
GioTF-RJ: checks 
Dorex2007: checks 
*** TURN *** [8h 7d 4c] [5c]
acad2011: bets $0.05
enixblr: folds 
GioTF-RJ has timed out
GioTF-RJ: folds 
Dorex2007: folds 
Uncalled bet ($0.05) returned to acad2011
acad2011 collected $0.19 from pot
acad2011: doesn't show hand 
*** SUMMARY ***
Total pot $0.20 | Rake $0.01 
Board [8h 7d 4c 5c]
Seat 1: jmlvf15 folded before Flop (didn't bet)
Seat 2: G-ROC_4-adam folded before Flop (didn't bet)
Seat 3: matt blakk folded before Flop (didn't bet)
Seat 4: Dorex2007 folded on the Turn (didn't bet)
Seat 5: mafiaalan10 (button) folded before Flop (didn't bet)
Seat 6: acad2011 (small blind) collected ($0.19)
Seat 7: enixblr (big blind) folded on the Turn
Seat 8: GioTF-RJ folded on the Turn
Seat 9: gravyankle folded before Flop (didn't bet)



PokerStars Hand #237716183780:  Hold'em No Limit ($0.02/$0.05 USD) - 2022/07/31 20:26:35 PT [2022/07/31 23:26:35 ET]
Table 'Tarvos II' 9-max Seat #6 is the button
Seat 1: jmlvf15 ($1.19 in chips) 
Seat 2: G-ROC_4-adam ($1.98 in chips) 
Seat 3: matt blakk ($10.56 in chips) 
Seat 4: Dorex2007 ($5 in chips) 
Seat 5: mafiaalan10 ($2.84 in chips) 
Seat 6: acad2011 ($2.86 in chips) 
Seat 7: enixblr ($5 in chips) 
Seat 9: gravyankle ($6.46 in chips) 
enixblr: posts small blind $0.02
gravyankle: posts big blind $0.05
*** HOLE CARDS ***
Dealt to Dorex2007 [Td Qh]
jmlvf15: folds 
G-ROC_4-adam: folds 
matt blakk: raises $0.10 to $0.15
Dorex2007: folds 
mafiaalan10: calls $0.15
acad2011: folds 
enixblr: folds 
gravyankle: folds 
*** FLOP *** [2d Js Jc]
matt blakk: bets $0.16
mafiaalan10: calls $0.16
*** TURN *** [2d Js Jc] [Ts]
matt blakk: checks 
mafiaalan10: bets $0.35
matt blakk: folds 
Uncalled bet ($0.35) returned to mafiaalan10
mafiaalan10 collected $0.66 from pot
mafiaalan10: doesn't show hand 
*** SUMMARY ***
Total pot $0.69 | Rake $0.03 
Board [2d Js Jc Ts]
Seat 1: jmlvf15 folded before Flop (didn't bet)
Seat 2: G-ROC_4-adam folded before Flop (didn't bet)
Seat 3: matt blakk folded on the Turn
Seat 4: Dorex2007 folded before Flop (didn't bet)
Seat 5: mafiaalan10 collected ($0.66)
Seat 6: acad2011 (button) folded before Flop (didn't bet)
Seat 7: enixblr (small blind) folded before Flop
Seat 9: gravyankle (big blind) folded before Flop



PokerStars Hand #237716191855:  Hold'em No Limit ($0.02/$0.05 USD) - 2022/07/31 20:27:34 PT [2022/07/31 23:27:34 ET]
Table 'Tarvos II' 9-max Seat #7 is the button
Seat 1: jmlvf15 ($1.19 in chips) 
Seat 2: G-ROC_4-adam ($1.98 in chips) 
Seat 3: matt blakk ($10.25 in chips) 
Seat 4: Dorex2007 ($5 in chips) 
Seat 5: mafiaalan10 ($3.19 in chips) 
Seat 6: acad2011 ($2.86 in chips) 
Seat 7: enixblr ($5 in chips) 
Seat 9: gravyankle ($6.41 in chips) 
gravyankle: posts small blind $0.02
jmlvf15: posts big blind $0.05
*** HOLE CARDS ***
Dealt to Dorex2007 [Ts 8c]
G-ROC_4-adam: folds 
matt blakk: folds 
Dorex2007: folds 
mafiaalan10: folds 
acad2011: folds 
enixblr: raises $0.07 to $0.12
gravyankle: folds 
jmlvf15: folds 
Uncalled bet ($0.07) returned to enixblr
enixblr collected $0.12 from pot
enixblr: doesn't show hand 
*** SUMMARY ***
Total pot $0.12 | Rake $0 
Seat 1: jmlvf15 (big blind) folded before Flop
Seat 2: G-ROC_4-adam folded before Flop (didn't bet)
Seat 3: matt blakk folded before Flop (didn't bet)
Seat 4: Dorex2007 folded before Flop (didn't bet)
Seat 5: mafiaalan10 folded before Flop (didn't bet)
Seat 6: acad2011 folded before Flop (didn't bet)
Seat 7: enixblr (button) collected ($0.12)
Seat 9: gravyankle (small blind) folded before Flop



PokerStars Hand #237716195336:  Hold'em No Limit ($0.02/$0.05 USD) - 2022/07/31 20:27:59 PT [2022/07/31 23:27:59 ET]
Table 'Tarvos II' 9-max Seat #9 is the button
Seat 1: jmlvf15 ($1.14 in chips) 
Seat 2: G-ROC_4-adam ($1.98 in chips) 
Seat 3: matt blakk ($10.25 in chips) 
Seat 4: Dorex2007 ($5 in chips) 
Seat 5: mafiaalan10 ($3.19 in chips) 
Seat 6: acad2011 ($2.86 in chips) 
Seat 7: enixblr ($5.07 in chips) 
Seat 8: GioTF-RJ ($2.76 in chips) 
Seat 9: gravyankle ($6.39 in chips) 
jmlvf15: posts small blind $0.02
G-ROC_4-adam: posts big blind $0.05
GioTF-RJ: posts small & big blinds $0.07
*** HOLE CARDS ***
Dealt to Dorex2007 [6c Qd]
matt blakk: folds 
Dorex2007: folds 
mafiaalan10: folds 
acad2011: calls $0.05
enixblr: folds 
GioTF-RJ: checks 
gravyankle: folds 
jmlvf15: calls $0.03
G-ROC_4-adam: checks 
*** FLOP *** [Th Ah 3s]
jmlvf15: checks 
G-ROC_4-adam: checks 
acad2011: checks 
GioTF-RJ: checks 
*** TURN *** [Th Ah 3s] [As]
jmlvf15: checks 
G-ROC_4-adam: checks 
acad2011: bets $0.05
GioTF-RJ: calls $0.05
jmlvf15: calls $0.05
G-ROC_4-adam: folds 
*** RIVER *** [Th Ah 3s As] [5h]
jmlvf15: checks 
acad2011: checks 
GioTF-RJ: checks 
*** SHOW DOWN ***
jmlvf15: shows [7d 7s] (two pair, Aces and Sevens)
acad2011: mucks hand 
GioTF-RJ: shows [8d Td] (two pair, Aces and Tens)
GioTF-RJ collected $0.35 from pot
*** SUMMARY ***
Total pot $0.37 | Rake $0.02 
Board [Th Ah 3s As 5h]
Seat 1: jmlvf15 (small blind) showed [7d 7s] and lost with two pair, Aces and Sevens
Seat 2: G-ROC_4-adam (big blind) folded on the Turn
Seat 3: matt blakk folded before Flop (didn't bet)
Seat 4: Dorex2007 folded before Flop (didn't bet)
Seat 5: mafiaalan10 folded before Flop (didn't bet)
Seat 6: acad2011 mucked [4c 4h]
Seat 7: enixblr folded before Flop (didn't bet)
Seat 8: GioTF-RJ showed [8d Td] and won ($0.35) with two pair, Aces and Tens
Seat 9: gravyankle (button) folded before Flop (didn't bet)



PokerStars Hand #237716214684:  Hold'em No Limit ($0.02/$0.05 USD) - 2022/07/31 20:29:27 PT [2022/07/31 23:29:27 ET]
Table 'Tarvos II' 9-max Seat #1 is the button
Seat 1: jmlvf15 ($1.04 in chips) 
Seat 2: G-ROC_4-adam ($1.93 in chips) 
Seat 3: matt blakk ($10.25 in chips) 
Seat 4: Dorex2007 ($5 in chips) 
Seat 5: mafiaalan10 ($3.19 in chips) 
Seat 6: acad2011 ($2.76 in chips) 
Seat 7: enixblr ($5.07 in chips) 
Seat 8: GioTF-RJ ($2.99 in chips) 
Seat 9: gravyankle ($6.39 in chips) 
G-ROC_4-adam: posts small blind $0.02
matt blakk: posts big blind $0.05
*** HOLE CARDS ***
Dealt to Dorex2007 [2d 8s]
Dorex2007: folds 
mafiaalan10: raises $0.25 to $0.30
acad2011: folds 
gravyankle is disconnected 
enixblr: folds 
GioTF-RJ: folds 
gravyankle is connected 
gravyankle: folds 
jmlvf15: folds 
G-ROC_4-adam: folds 
matt blakk: raises $0.60 to $0.90
mafiaalan10: raises $2.29 to $3.19 and is all-in
matt blakk: calls $2.29
*** FLOP *** [5s Qd 7c]
*** TURN *** [5s Qd 7c] [3c]
*** RIVER *** [5s Qd 7c 3c] [2s]
*** SHOW DOWN ***
matt blakk: shows [As Kh] (high card Ace)
mafiaalan10: shows [Ks Kc] (a pair of Kings)
mafiaalan10 collected $6.13 from pot
*** SUMMARY ***
Total pot $6.40 | Rake $0.27 
Board [5s Qd 7c 3c 2s]
Seat 1: jmlvf15 (button) folded before Flop (didn't bet)
Seat 2: G-ROC_4-adam (small blind) folded before Flop
Seat 3: matt blakk (big blind) showed [As Kh] and lost with high card Ace
Seat 4: Dorex2007 folded before Flop (didn't bet)
Seat 5: mafiaalan10 showed [Ks Kc] and won ($6.13) with a pair of Kings
Seat 6: acad2011 folded before Flop (didn't bet)
Seat 7: enixblr folded before Flop (didn't bet)
Seat 8: GioTF-RJ folded before Flop (didn't bet)
Seat 9: gravyankle folded before Flop (didn't bet)



PokerStars Hand #237716232578:  Hold'em No Limit ($0.02/$0.05 USD) - 2022/07/31 20:30:25 PT [2022/07/31 23:30:25 ET]
Table 'Tarvos II' 9-max Seat #2 is the button
Seat 1: jmlvf15 ($1.04 in chips) 
Seat 2: G-ROC_4-adam ($1.91 in chips) 
Seat 3: matt blakk ($7.06 in chips) 
Seat 4: Dorex2007 ($5 in chips) 
Seat 5: mafiaalan10 ($6.13 in chips) 
Seat 6: acad2011 ($2.76 in chips) 
Seat 7: enixblr ($5.07 in chips) 
Seat 8: GioTF-RJ ($2.99 in chips) 
Seat 9: gravyankle ($6.39 in chips) 
matt blakk: posts small blind $0.02
Dorex2007: posts big blind $0.05
*** HOLE CARDS ***
Dealt to Dorex2007 [Kc Js]
mafiaalan10: raises $0.15 to $0.20
acad2011: folds 
enixblr: folds 
GioTF-RJ: folds 
gravyankle: folds 
jmlvf15: folds 
G-ROC_4-adam: folds 
matt blakk: folds 
Dorex2007: folds 
Uncalled bet ($0.15) returned to mafiaalan10
mafiaalan10 collected $0.12 from pot
mafiaalan10: doesn't show hand 
*** SUMMARY ***
Total pot $0.12 | Rake $0 
Seat 1: jmlvf15 folded before Flop (didn't bet)
Seat 2: G-ROC_4-adam (button) folded before Flop (didn't bet)
Seat 3: matt blakk (small blind) folded before Flop
Seat 4: Dorex2007 (big blind) folded before Flop
Seat 5: mafiaalan10 collected ($0.12)
Seat 6: acad2011 folded before Flop (didn't bet)
Seat 7: enixblr folded before Flop (didn't bet)
Seat 8: GioTF-RJ folded before Flop (didn't bet)
Seat 9: gravyankle folded before Flop (didn't bet)



PokerStars Hand #237716236092:  Hold'em No Limit ($0.02/$0.05 USD) - 2022/07/31 20:30:50 PT [2022/07/31 23:30:50 ET]
Table 'Tarvos II' 9-max Seat #3 is the button
Seat 1: jmlvf15 ($1.04 in chips) 
Seat 2: G-ROC_4-adam ($1.91 in chips) 
Seat 3: matt blakk ($7.04 in chips) 
Seat 4: Dorex2007 ($5 in chips) 
Seat 5: mafiaalan10 ($6.20 in chips) 
Seat 6: acad2011 ($2.76 in chips) 
Seat 7: enixblr ($5.07 in chips) 
Seat 8: GioTF-RJ ($2.99 in chips) 
Seat 9: gravyankle ($6.39 in chips) 
Dorex2007: posts small blind $0.02
mafiaalan10: posts big blind $0.05
*** HOLE CARDS ***
Dealt to Dorex2007 [5h 7s]
acad2011: folds 
enixblr: folds 
GioTF-RJ: raises $0.05 to $0.10
gravyankle: folds 
jmlvf15: folds 
G-ROC_4-adam: folds 
matt blakk: calls $0.10
Dorex2007: folds 
mafiaalan10: raises $0.05 to $0.15
GioTF-RJ: calls $0.05
matt blakk: calls $0.05
*** FLOP *** [4c 9s 6d]
mafiaalan10: checks 
GioTF-RJ: checks 
matt blakk: checks 
*** TURN *** [4c 9s 6d] [5c]
mafiaalan10: checks 
GioTF-RJ: checks 
matt blakk: checks 
*** RIVER *** [4c 9s 6d 5c] [Qc]
mafiaalan10: bets $0.15
GioTF-RJ: folds 
matt blakk: calls $0.15
*** SHOW DOWN ***
mafiaalan10: shows [Ts Qs] (a pair of Queens)
matt blakk: mucks hand 
mafiaalan10 collected $0.74 from pot
*** SUMMARY ***
Total pot $0.77 | Rake $0.03 
Board [4c 9s 6d 5c Qc]
Seat 1: jmlvf15 folded before Flop (didn't bet)
Seat 2: G-ROC_4-adam folded before Flop (didn't bet)
Seat 3: matt blakk (button) mucked [7h Qh]
Seat 4: Dorex2007 (small blind) folded before Flop
Seat 5: mafiaalan10 (big blind) showed [Ts Qs] and won ($0.74) with a pair of Queens
Seat 6: acad2011 folded before Flop (didn't bet)
Seat 7: enixblr folded before Flop (didn't bet)
Seat 8: GioTF-RJ folded on the River
Seat 9: gravyankle folded before Flop (didn't bet)



PokerStars Hand #237716246209:  Hold'em No Limit ($0.02/$0.05 USD) - 2022/07/31 20:32:04 PT [2022/07/31 23:32:04 ET]
Table 'Tarvos II' 9-max Seat #4 is the button
Seat 1: jmlvf15 ($1.04 in chips) 
Seat 2: G-ROC_4-adam ($1.91 in chips) 
Seat 3: matt blakk ($6.74 in chips) 
Seat 4: Dorex2007 ($5 in chips) 
Seat 5: mafiaalan10 ($6.64 in chips) 
Seat 7: enixblr ($5.07 in chips) 
Seat 8: GioTF-RJ ($2.84 in chips) 
Seat 9: gravyankle ($6.39 in chips) 
mafiaalan10: posts small blind $0.02
acad2011: is sitting out 
enixblr: posts big blind $0.05
*** HOLE CARDS ***
Dealt to Dorex2007 [3s 3d]
GioTF-RJ: calls $0.05
acad2011 leaves the table
gravyankle: raises $0.15 to $0.20
jmlvf15: folds 
jmlvf15 leaves the table
G-ROC_4-adam: calls $0.20
matt blakk: folds 
Dorex2007: folds 
mafiaalan10: folds 
enixblr: folds 
GioTF-RJ: calls $0.15
*** FLOP *** [4d Ad 9d]
GioTF-RJ: checks 
gravyankle: bets $0.40
G-ROC_4-adam: folds 
GioTF-RJ: calls $0.40
*** TURN *** [4d Ad 9d] [2s]
Jessytheriver joins the table at seat #6 
GioTF-RJ: checks 
gravyankle: bets $0.60
GioTF-RJ: calls $0.60
*** RIVER *** [4d Ad 9d 2s] [8s]
GioTF-RJ: checks 
gravyankle: bets $1.28
GioTF-RJ: raises $0.36 to $1.64 and is all-in
gravyankle: calls $0.36
*** SHOW DOWN ***
GioTF-RJ: shows [Qd 7d] (a flush, Ace high)
gravyankle: shows [Ah Ac] (three of a kind, Aces)
GioTF-RJ collected $5.70 from pot
*** SUMMARY ***
Total pot $5.95 | Rake $0.25 
Board [4d Ad 9d 2s 8s]
Seat 1: jmlvf15 folded before Flop (didn't bet)
Seat 2: G-ROC_4-adam folded on the Flop
Seat 3: matt blakk folded before Flop (didn't bet)
Seat 4: Dorex2007 (button) folded before Flop (didn't bet)
Seat 5: mafiaalan10 (small blind) folded before Flop
Seat 7: enixblr (big blind) folded before Flop
Seat 8: GioTF-RJ showed [Qd 7d] and won ($5.70) with a flush, Ace high
Seat 9: gravyankle showed [Ah Ac] and lost with three of a kind, Aces



PokerStars Hand #237716256796:  Hold'em No Limit ($0.02/$0.05 USD) - 2022/07/31 20:33:21 PT [2022/07/31 23:33:21 ET]
Table 'Tarvos II' 9-max Seat #5 is the button
Seat 2: G-ROC_4-adam ($1.71 in chips) 
Seat 3: matt blakk ($6.74 in chips) 
Seat 4: Dorex2007 ($5 in chips) 
Seat 5: mafiaalan10 ($6.62 in chips) 
Seat 7: enixblr ($5.02 in chips) 
Seat 8: GioTF-RJ ($5.70 in chips) 
Seat 9: gravyankle ($3.55 in chips) 
enixblr: posts small blind $0.02
GioTF-RJ: posts big blind $0.05
*** HOLE CARDS ***
Dealt to Dorex2007 [7d 4d]
gravyankle: folds 
G-ROC_4-adam: folds 
matt blakk: folds 
Dorex2007: folds 
mafiaalan10: folds 
enixblr: raises $0.10 to $0.15
GioTF-RJ: calls $0.10
*** FLOP *** [2s 3h 6c]
enixblr: checks 
GioTF-RJ: checks 
*** TURN *** [2s 3h 6c] [3d]
enixblr: checks 
GioTF-RJ: checks 
*** RIVER *** [2s 3h 6c 3d] [As]
AndrewHeisen joins the table at seat #1 
enixblr: checks 
GioTF-RJ: checks 
*** SHOW DOWN ***
enixblr: shows [Ts Jc] (a pair of Threes)
GioTF-RJ: shows [6h Jd] (two pair, Sixes and Threes)
GioTF-RJ collected $0.29 from pot
*** SUMMARY ***
Total pot $0.30 | Rake $0.01 
Board [2s 3h 6c 3d As]
Seat 2: G-ROC_4-adam folded before Flop (didn't bet)
Seat 3: matt blakk folded before Flop (didn't bet)
Seat 4: Dorex2007 folded before Flop (didn't bet)
Seat 5: mafiaalan10 (button) folded before Flop (didn't bet)
Seat 7: enixblr (small blind) showed [Ts Jc] and lost with a pair of Threes
Seat 8: GioTF-RJ (big blind) showed [6h Jd] and won ($0.29) with two pair, Sixes and Threes
Seat 9: gravyankle folded before Flop (didn't bet)



PokerStars Hand #237716262004:  Hold'em No Limit ($0.02/$0.05 USD) - 2022/07/31 20:33:59 PT [2022/07/31 23:33:59 ET]
Table 'Tarvos II' 9-max Seat #7 is the button
Seat 1: AndrewHeisen ($4 in chips) 
Seat 2: G-ROC_4-adam ($1.71 in chips) 
Seat 3: matt blakk ($6.74 in chips) 
Seat 4: Dorex2007 ($5 in chips) 
Seat 5: mafiaalan10 ($6.62 in chips) 
Seat 7: enixblr ($5 in chips) 
Seat 8: GioTF-RJ ($5.84 in chips) 
Seat 9: gravyankle ($3.55 in chips) 
GioTF-RJ: posts small blind $0.02
gravyankle: posts big blind $0.05
AndrewHeisen: posts big blind $0.05
Jessytheriver: sits out 
*** HOLE CARDS ***
Dealt to Dorex2007 [4d Jh]
AndrewHeisen: raises $0.15 to $0.20
G-ROC_4-adam: folds 
matt blakk: folds 
Dorex2007: folds 
mafiaalan10: folds 
enixblr: folds 
GioTF-RJ: calls $0.18
gravyankle: calls $0.15
*** FLOP *** [6d 5s 9c]
GioTF-RJ: checks 
gravyankle: bets $0.30
AndrewHeisen: folds 
GioTF-RJ: folds 
Uncalled bet ($0.30) returned to gravyankle
gravyankle collected $0.58 from pot
gravyankle: doesn't show hand 
*** SUMMARY ***
Total pot $0.60 | Rake $0.02 
Board [6d 5s 9c]
Seat 1: AndrewHeisen folded on the Flop
Seat 2: G-ROC_4-adam folded before Flop (didn't bet)
Seat 3: matt blakk folded before Flop (didn't bet)
Seat 4: Dorex2007 folded before Flop (didn't bet)
Seat 5: mafiaalan10 folded before Flop (didn't bet)
Seat 7: enixblr (button) folded before Flop (didn't bet)
Seat 8: GioTF-RJ (small blind) folded on the Flop
Seat 9: gravyankle (big blind) collected ($0.58)



PokerStars Hand #237716268218:  Hold'em No Limit ($0.02/$0.05 USD) - 2022/07/31 20:34:45 PT [2022/07/31 23:34:45 ET]
Table 'Tarvos II' 9-max Seat #8 is the button
Seat 1: AndrewHeisen ($3.80 in chips) 
Seat 2: G-ROC_4-adam ($1.71 in chips) 
Seat 3: matt blakk ($6.74 in chips) 
Seat 4: Dorex2007 ($5 in chips) 
Seat 5: mafiaalan10 ($6.62 in chips) 
Seat 7: enixblr ($5 in chips) 
Seat 8: GioTF-RJ ($5.64 in chips) 
Seat 9: gravyankle ($3.93 in chips) 
gravyankle: posts small blind $0.02
AndrewHeisen: posts big blind $0.05
Jessytheriver: sits out 
*** HOLE CARDS ***
Dealt to Dorex2007 [Ah 8h]
G-ROC_4-adam: calls $0.05
matt blakk: raises $0.15 to $0.20
Dorex2007: folds 
mafiaalan10: folds 
enixblr: folds 
GioTF-RJ: folds 
GioTF-RJ leaves the table
gravyankle: folds 
AndrewHeisen: folds 
G-ROC_4-adam: calls $0.15
*** FLOP *** [6c 6d 9h]
G-ROC_4-adam: checks 
matt blakk: checks 
*** TURN *** [6c 6d 9h] [3s]
G-ROC_4-adam: checks 
matt blakk: bets $0.21
G-ROC_4-adam: folds 
Uncalled bet ($0.21) returned to matt blakk
matt blakk collected $0.45 from pot
*** SUMMARY ***
Total pot $0.47 | Rake $0.02 
Board [6c 6d 9h 3s]
Seat 1: AndrewHeisen (big blind) folded before Flop
Seat 2: G-ROC_4-adam folded on the Turn
Seat 3: matt blakk collected ($0.45)
Seat 4: Dorex2007 folded before Flop (didn't bet)
Seat 5: mafiaalan10 folded before Flop (didn't bet)
Seat 7: enixblr folded before Flop (didn't bet)
Seat 8: GioTF-RJ (button) folded before Flop (didn't bet)
Seat 9: gravyankle (small blind) folded before Flop



PokerStars Hand #237716273029:  Hold'em No Limit ($0.02/$0.05 USD) - 2022/07/31 20:35:20 PT [2022/07/31 23:35:20 ET]
Table 'Tarvos II' 9-max Seat #9 is the button
Seat 1: AndrewHeisen ($3.75 in chips) 
Seat 3: matt blakk ($6.99 in chips) 
Seat 4: Dorex2007 ($5 in chips) 
Seat 5: mafiaalan10 ($6.62 in chips) 
Seat 7: enixblr ($5 in chips) 
Seat 9: gravyankle ($3.91 in chips) 
geniuss joins the table at seat #8 
AndrewHeisen: posts small blind $0.02
matt blakk: posts big blind $0.05
Jessytheriver: sits out 
*** HOLE CARDS ***
Dealt to Dorex2007 [Ad 5c]
Dorex2007: folds 
mafiaalan10: folds 
enixblr: folds 
G-ROC_4-adam leaves the table
zanozaN1 joins the table at seat #2 
gravyankle has timed out
gravyankle: folds 
AndrewHeisen: folds 
Uncalled bet ($0.03) returned to matt blakk
matt blakk collected $0.04 from pot
*** SUMMARY ***
Total pot $0.04 | Rake $0 
Seat 1: AndrewHeisen (small blind) folded before Flop
Seat 3: matt blakk (big blind) collected ($0.04)
Seat 4: Dorex2007 folded before Flop (didn't bet)
Seat 5: mafiaalan10 folded before Flop (didn't bet)
Seat 7: enixblr folded before Flop (didn't bet)
Seat 9: gravyankle (button) folded before Flop (didn't bet)



PokerStars Hand #237716275850:  Hold'em No Limit ($0.02/$0.05 USD) - 2022/07/31 20:35:41 PT [2022/07/31 23:35:41 ET]
Table 'Tarvos II' 9-max Seat #1 is the button
Seat 1: AndrewHeisen ($3.73 in chips) 
Seat 3: matt blakk ($7.01 in chips) 
Seat 4: Dorex2007 ($5 in chips) 
Seat 5: mafiaalan10 ($6.62 in chips) 
Seat 7: enixblr ($5 in chips) 
Seat 9: gravyankle ($3.91 in chips) 
matt blakk: posts small blind $0.02
Dorex2007: posts big blind $0.05
Jessytheriver: sits out 
geniuss: sits out 
*** HOLE CARDS ***
Dealt to Dorex2007 [Jd 3d]
mafiaalan10: folds 
enixblr: folds 
gravyankle: raises $0.05 to $0.10
AndrewHeisen: folds 
matt blakk: calls $0.08
Dorex2007: folds 
*** FLOP *** [7h 7d Jh]
matt blakk: checks 
gravyankle: checks 
*** TURN *** [7h 7d Jh] [Qh]
matt blakk: checks 
gravyankle: bets $0.25
matt blakk: folds 
Uncalled bet ($0.25) returned to gravyankle
gravyankle collected $0.24 from pot
gravyankle: doesn't show hand 
*** SUMMARY ***
Total pot $0.25 | Rake $0.01 
Board [7h 7d Jh Qh]
Seat 1: AndrewHeisen (button) folded before Flop (didn't bet)
Seat 3: matt blakk (small blind) folded on the Turn
Seat 4: Dorex2007 (big blind) folded before Flop
Seat 5: mafiaalan10 folded before Flop (didn't bet)
Seat 7: enixblr folded before Flop (didn't bet)
Seat 9: gravyankle collected ($0.24)



PokerStars Hand #237716280985:  Hold'em No Limit ($0.02/$0.05 USD) - 2022/07/31 20:36:19 PT [2022/07/31 23:36:19 ET]
Table 'Tarvos II' 9-max Seat #3 is the button
Seat 1: AndrewHeisen ($3.73 in chips) 
Seat 3: matt blakk ($6.91 in chips) 
Seat 4: Dorex2007 ($5 in chips) 
Seat 5: mafiaalan10 ($6.62 in chips) 
Seat 7: enixblr ($5 in chips) 
Seat 9: gravyankle ($4.05 in chips) 
Dorex2007: posts small blind $0.02
mafiaalan10: posts big blind $0.05
Jessytheriver: sits out 
geniuss: sits out 
zanozaN1: sits out 
*** HOLE CARDS ***
Dealt to Dorex2007 [7h 6h]
enixblr: folds 
gravyankle: folds 
AndrewHeisen: folds 
matt blakk: folds 
Dorex2007: calls $0.03
mafiaalan10: checks 
*** FLOP *** [2h 9h 3h]
Dorex2007: checks 
mafiaalan10: checks 
*** TURN *** [2h 9h 3h] [5s]
Dorex2007: bets $0.07
mafiaalan10: folds 
Uncalled bet ($0.07) returned to Dorex2007
Dorex2007 collected $0.10 from pot
Dorex2007: doesn't show hand 
*** SUMMARY ***
Total pot $0.10 | Rake $0 
Board [2h 9h 3h 5s]
Seat 1: AndrewHeisen folded before Flop (didn't bet)
Seat 3: matt blakk (button) folded before Flop (didn't bet)
Seat 4: Dorex2007 (small blind) collected ($0.10)
Seat 5: mafiaalan10 (big blind) folded on the Turn
Seat 7: enixblr folded before Flop (didn't bet)
Seat 9: gravyankle folded before Flop (didn't bet)



PokerStars Hand #237716284584:  Hold'em No Limit ($0.02/$0.05 USD) - 2022/07/31 20:36:45 PT [2022/07/31 23:36:45 ET]
Table 'Tarvos II' 9-max Seat #4 is the button
Seat 1: AndrewHeisen ($3.73 in chips) 
Seat 3: matt blakk ($6.91 in chips) 
Seat 4: Dorex2007 ($5.05 in chips) 
Seat 5: mafiaalan10 ($6.57 in chips) 
Seat 6: Jessytheriver ($5 in chips) 
Seat 7: enixblr ($5 in chips) 
Seat 9: gravyankle ($4.05 in chips) 
mafiaalan10: posts small blind $0.02
Jessytheriver: posts big blind $0.05
geniuss: sits out 
zanozaN1: sits out 
*** HOLE CARDS ***
Dealt to Dorex2007 [6s Kh]
enixblr: raises $0.05 to $0.10
gravyankle: calls $0.10
AndrewHeisen: folds 
matt blakk: folds 
Dorex2007: folds 
mafiaalan10: folds 
Jessytheriver: folds 
*** FLOP *** [Th 9c 5d]
enixblr: checks 
gravyankle: bets $0.20
enixblr: folds 
Uncalled bet ($0.20) returned to gravyankle
gravyankle collected $0.26 from pot
gravyankle: doesn't show hand 
*** SUMMARY ***
Total pot $0.27 | Rake $0.01 
Board [Th 9c 5d]
Seat 1: AndrewHeisen folded before Flop (didn't bet)
Seat 3: matt blakk folded before Flop (didn't bet)
Seat 4: Dorex2007 (button) folded before Flop (didn't bet)
Seat 5: mafiaalan10 (small blind) folded before Flop
Seat 6: Jessytheriver (big blind) folded before Flop
Seat 7: enixblr folded on the Flop
Seat 9: gravyankle collected ($0.26)



PokerStars Hand #237716291064:  Hold'em No Limit ($0.02/$0.05 USD) - 2022/07/31 20:37:33 PT [2022/07/31 23:37:33 ET]
Table 'Tarvos II' 9-max Seat #5 is the button
Seat 1: AndrewHeisen ($3.73 in chips) 
Seat 3: matt blakk ($6.91 in chips) 
Seat 4: Dorex2007 ($5.05 in chips) 
Seat 5: mafiaalan10 ($6.55 in chips) 
Seat 6: Jessytheriver ($4.95 in chips) 
Seat 7: enixblr ($5 in chips) 
Seat 9: gravyankle ($4.21 in chips) 
Jessytheriver: posts small blind $0.02
enixblr: posts big blind $0.05
geniuss: sits out 
zanozaN1: sits out 
*** HOLE CARDS ***
Dealt to Dorex2007 [7s Kh]
gravyankle: folds 
AndrewHeisen: folds 
matt blakk: raises $0.10 to $0.15
Dorex2007: folds 
mafiaalan10: folds 
Jessytheriver: folds 
enixblr: calls $0.10
*** FLOP *** [Jd Ah Ts]
enixblr: checks 
matt blakk: bets $0.21
enixblr: folds 
Uncalled bet ($0.21) returned to matt blakk
matt blakk collected $0.31 from pot
*** SUMMARY ***
Total pot $0.32 | Rake $0.01 
Board [Jd Ah Ts]
Seat 1: AndrewHeisen folded before Flop (didn't bet)
Seat 3: matt blakk collected ($0.31)
Seat 4: Dorex2007 folded before Flop (didn't bet)
Seat 5: mafiaalan10 (button) folded before Flop (didn't bet)
Seat 6: Jessytheriver (small blind) folded before Flop
Seat 7: enixblr (big blind) folded on the Flop
Seat 9: gravyankle folded before Flop (didn't bet)



PokerStars Hand #237716296774:  Hold'em No Limit ($0.02/$0.05 USD) - 2022/07/31 20:38:16 PT [2022/07/31 23:38:16 ET]
Table 'Tarvos II' 9-max Seat #6 is the button
Seat 1: AndrewHeisen ($3.73 in chips) 
Seat 3: matt blakk ($7.07 in chips) 
Seat 4: Dorex2007 ($5.05 in chips) 
Seat 5: mafiaalan10 ($6.55 in chips) 
Seat 6: Jessytheriver ($4.93 in chips) 
Seat 7: enixblr ($5 in chips) 
Seat 8: geniuss ($5 in chips) 
Seat 9: gravyankle ($4.21 in chips) 
enixblr: posts small blind $0.02
geniuss: posts big blind $0.05
zanozaN1: sits out 
*** HOLE CARDS ***
Dealt to Dorex2007 [9h 7d]
gravyankle has timed out
gravyankle: folds 
AndrewHeisen: folds 
matt blakk: folds 
Dorex2007: folds 
mafiaalan10: raises $0.05 to $0.10
Jessytheriver: folds 
enixblr: folds 
geniuss: folds 
Uncalled bet ($0.05) returned to mafiaalan10
mafiaalan10 collected $0.12 from pot
mafiaalan10: doesn't show hand 
*** SUMMARY ***
Total pot $0.12 | Rake $0 
Seat 1: AndrewHeisen folded before Flop (didn't bet)
Seat 3: matt blakk folded before Flop (didn't bet)
Seat 4: Dorex2007 folded before Flop (didn't bet)
Seat 5: mafiaalan10 collected ($0.12)
Seat 6: Jessytheriver (button) folded before Flop (didn't bet)
Seat 7: enixblr (small blind) folded before Flop
Seat 8: geniuss (big blind) folded before Flop
Seat 9: gravyankle folded before Flop (didn't bet)



PokerStars Hand #237716300641:  Hold'em No Limit ($0.02/$0.05 USD) - 2022/07/31 20:38:46 PT [2022/07/31 23:38:46 ET]
Table 'Tarvos II' 9-max Seat #7 is the button
Seat 1: AndrewHeisen ($3.73 in chips) 
Seat 3: matt blakk ($7.07 in chips) 
Seat 4: Dorex2007 ($5.05 in chips) 
Seat 5: mafiaalan10 ($6.62 in chips) 
Seat 6: Jessytheriver ($5 in chips) 
Seat 7: enixblr ($5 in chips) 
Seat 8: geniuss ($5 in chips) 
Seat 9: gravyankle ($4.21 in chips) 
geniuss: posts small blind $0.02
gravyankle: posts big blind $0.05
zanozaN1: sits out 
*** HOLE CARDS ***
Dealt to Dorex2007 [Qh 2d]
AndrewHeisen: folds 
matt blakk: folds 
Dorex2007: folds 
mafiaalan10: folds 
Jessytheriver: folds 
enixblr: folds 
geniuss: folds 
Uncalled bet ($0.03) returned to gravyankle
gravyankle collected $0.04 from pot
gravyankle: doesn't show hand 
*** SUMMARY ***
Total pot $0.04 | Rake $0 
Seat 1: AndrewHeisen folded before Flop (didn't bet)
Seat 3: matt blakk folded before Flop (didn't bet)
Seat 4: Dorex2007 folded before Flop (didn't bet)
Seat 5: mafiaalan10 folded before Flop (didn't bet)
Seat 6: Jessytheriver folded before Flop (didn't bet)
Seat 7: enixblr (button) folded before Flop (didn't bet)
Seat 8: geniuss (small blind) folded before Flop
Seat 9: gravyankle (big blind) collected ($0.04)



PokerStars Hand #237716303133:  Hold'em No Limit ($0.02/$0.05 USD) - 2022/07/31 20:39:05 PT [2022/07/31 23:39:05 ET]
Table 'Tarvos II' 9-max Seat #8 is the button
Seat 1: AndrewHeisen ($3.73 in chips) 
Seat 3: matt blakk ($7.07 in chips) 
Seat 4: Dorex2007 ($5.05 in chips) 
Seat 5: mafiaalan10 ($6.62 in chips) 
Seat 6: Jessytheriver ($5 in chips) 
Seat 7: enixblr ($5 in chips) 
Seat 8: geniuss ($5 in chips) 
Seat 9: gravyankle ($4.23 in chips) 
gravyankle: posts small blind $0.02
AndrewHeisen: posts big blind $0.05
zanozaN1: sits out 
*** HOLE CARDS ***
Dealt to Dorex2007 [2d Kh]
matt blakk: folds 
Dorex2007: folds 
mafiaalan10: folds 
Jessytheriver: folds 
enixblr: raises $0.07 to $0.12
geniuss: folds 
gravyankle: calls $0.10
AndrewHeisen: folds 
*** FLOP *** [8s Qh 3h]
gravyankle: bets $0.05
enixblr: raises $0.29 to $0.34
gravyankle: folds 
Uncalled bet ($0.29) returned to enixblr
enixblr collected $0.37 from pot
enixblr: doesn't show hand 
*** SUMMARY ***
Total pot $0.39 | Rake $0.02 
Board [8s Qh 3h]
Seat 1: AndrewHeisen (big blind) folded before Flop
Seat 3: matt blakk folded before Flop (didn't bet)
Seat 4: Dorex2007 folded before Flop (didn't bet)
Seat 5: mafiaalan10 folded before Flop (didn't bet)
Seat 6: Jessytheriver folded before Flop (didn't bet)
Seat 7: enixblr collected ($0.37)
Seat 8: geniuss (button) folded before Flop (didn't bet)
Seat 9: gravyankle (small blind) folded on the Flop



PokerStars Hand #237716316182:  Hold'em No Limit ($0.02/$0.05 USD) - 2022/07/31 20:39:53 PT [2022/07/31 23:39:53 ET]
Table 'Tarvos II' 9-max Seat #9 is the button
Seat 1: AndrewHeisen ($3.68 in chips) 
Seat 2: zanozaN1 ($5 in chips) 
Seat 3: matt blakk ($7.07 in chips) 
Seat 4: Dorex2007 ($5.05 in chips) 
Seat 5: mafiaalan10 ($6.62 in chips) 
Seat 6: Jessytheriver ($5 in chips) 
Seat 7: enixblr ($5.20 in chips) 
Seat 8: geniuss ($5 in chips) 
Seat 9: gravyankle ($4.06 in chips) 
AndrewHeisen: posts small blind $0.02
zanozaN1: posts big blind $0.05
*** HOLE CARDS ***
Dealt to Dorex2007 [3c 2c]
matt blakk has timed out
matt blakk: folds 
Dorex2007: folds 
mafiaalan10: folds 
Jessytheriver: folds 
enixblr: folds 
geniuss: folds 
gravyankle: folds 
AndrewHeisen: raises $0.10 to $0.15
zanozaN1: folds 
Uncalled bet ($0.10) returned to AndrewHeisen
AndrewHeisen collected $0.10 from pot
AndrewHeisen: doesn't show hand 
*** SUMMARY ***
Total pot $0.10 | Rake $0 
Seat 1: AndrewHeisen (small blind) collected ($0.10)
Seat 2: zanozaN1 (big blind) folded before Flop
Seat 3: matt blakk folded before Flop (didn't bet)
Seat 4: Dorex2007 folded before Flop (didn't bet)
Seat 5: mafiaalan10 folded before Flop (didn't bet)
Seat 6: Jessytheriver folded before Flop (didn't bet)
Seat 7: enixblr folded before Flop (didn't bet)
Seat 8: geniuss folded before Flop (didn't bet)
Seat 9: gravyankle (button) folded before Flop (didn't bet)



PokerStars Hand #237716320138:  Hold'em No Limit ($0.02/$0.05 USD) - 2022/07/31 20:40:22 PT [2022/07/31 23:40:22 ET]
Table 'Tarvos II' 9-max Seat #1 is the button
Seat 1: AndrewHeisen ($3.73 in chips) 
Seat 2: zanozaN1 ($5 in chips) 
Seat 3: matt blakk ($7.07 in chips) 
Seat 4: Dorex2007 ($5.05 in chips) 
Seat 5: mafiaalan10 ($6.62 in chips) 
Seat 6: Jessytheriver ($5 in chips) 
Seat 7: enixblr ($5.20 in chips) 
Seat 8: geniuss ($5 in chips) 
Seat 9: gravyankle ($4.06 in chips) 
zanozaN1: posts small blind $0.02
matt blakk: posts big blind $0.05
*** HOLE CARDS ***
Dealt to Dorex2007 [3h 6s]
Dorex2007: folds 
mafiaalan10: folds 
Jessytheriver: folds 
enixblr: folds 
geniuss: folds 
gravyankle: folds 
AndrewHeisen: folds 
zanozaN1: raises $0.12 to $0.17
matt blakk: folds 
Uncalled bet ($0.12) returned to zanozaN1
zanozaN1 collected $0.10 from pot
zanozaN1: doesn't show hand 
*** SUMMARY ***
Total pot $0.10 | Rake $0 
Seat 1: AndrewHeisen (button) folded before Flop (didn't bet)
Seat 2: zanozaN1 (small blind) collected ($0.10)
Seat 3: matt blakk (big blind) folded before Flop
Seat 4: Dorex2007 folded before Flop (didn't bet)
Seat 5: mafiaalan10 folded before Flop (didn't bet)
Seat 6: Jessytheriver folded before Flop (didn't bet)
Seat 7: enixblr folded before Flop (didn't bet)
Seat 8: geniuss folded before Flop (didn't bet)
Seat 9: gravyankle folded before Flop (didn't bet)



PokerStars Hand #237716323746:  Hold'em No Limit ($0.02/$0.05 USD) - 2022/07/31 20:40:49 PT [2022/07/31 23:40:49 ET]
Table 'Tarvos II' 9-max Seat #2 is the button
Seat 1: AndrewHeisen ($3.73 in chips) 
Seat 2: zanozaN1 ($5.05 in chips) 
Seat 3: matt blakk ($7.02 in chips) 
Seat 4: Dorex2007 ($5.05 in chips) 
Seat 5: mafiaalan10 ($6.62 in chips) 
Seat 6: Jessytheriver ($5 in chips) 
Seat 7: enixblr ($5.20 in chips) 
Seat 8: geniuss ($5 in chips) 
Seat 9: gravyankle ($4.06 in chips) 
matt blakk: posts small blind $0.02
Dorex2007: posts big blind $0.05
*** HOLE CARDS ***
Dealt to Dorex2007 [6h 4d]
mafiaalan10: raises $0.05 to $0.10
Jessytheriver: folds 
enixblr: folds 
geniuss: folds 
gravyankle: folds 
AndrewHeisen: folds 
zanozaN1: folds 
matt blakk: folds 
Dorex2007: folds 
Uncalled bet ($0.05) returned to mafiaalan10
mafiaalan10 collected $0.12 from pot
mafiaalan10: doesn't show hand 
*** SUMMARY ***
Total pot $0.12 | Rake $0 
Seat 1: AndrewHeisen folded before Flop (didn't bet)
Seat 2: zanozaN1 (button) folded before Flop (didn't bet)
Seat 3: matt blakk (small blind) folded before Flop
Seat 4: Dorex2007 (big blind) folded before Flop
Seat 5: mafiaalan10 collected ($0.12)
Seat 6: Jessytheriver folded before Flop (didn't bet)
Seat 7: enixblr folded before Flop (didn't bet)
Seat 8: geniuss folded before Flop (didn't bet)
Seat 9: gravyankle folded before Flop (didn't bet)



PokerStars Hand #237716327487:  Hold'em No Limit ($0.02/$0.05 USD) - 2022/07/31 20:41:18 PT [2022/07/31 23:41:18 ET]
Table 'Tarvos II' 9-max Seat #3 is the button
Seat 1: AndrewHeisen ($3.73 in chips) 
Seat 2: zanozaN1 ($5.05 in chips) 
Seat 3: matt blakk ($7 in chips) 
Seat 4: Dorex2007 ($5 in chips) 
Seat 5: mafiaalan10 ($6.69 in chips) 
Seat 6: Jessytheriver ($5 in chips) 
Seat 7: enixblr ($5.20 in chips) 
Seat 8: geniuss ($5 in chips) 
Seat 9: gravyankle ($4.06 in chips) 
Dorex2007: posts small blind $0.02
mafiaalan10: posts big blind $0.05
*** HOLE CARDS ***
Dealt to Dorex2007 [2c 8s]
Jessytheriver: folds 
enixblr: raises $0.07 to $0.12
geniuss: folds 
gravyankle: folds 
AndrewHeisen: folds 
zanozaN1: folds 
matt blakk: calls $0.12
Dorex2007: folds 
mafiaalan10: calls $0.07
*** FLOP *** [7c Th 5s]
mafiaalan10: bets $0.10
enixblr: calls $0.10
matt blakk: calls $0.10
*** TURN *** [7c Th 5s] [4s]
mafiaalan10: bets $0.15
enixblr: calls $0.15
matt blakk: folds 
*** RIVER *** [7c Th 5s 4s] [5d]
mafiaalan10: bets $0.25
enixblr: calls $0.25
*** SHOW DOWN ***
mafiaalan10: shows [Tc As] (two pair, Tens and Fives)
enixblr: mucks hand 
mafiaalan10 collected $1.42 from pot
*** SUMMARY ***
Total pot $1.48 | Rake $0.06 
Board [7c Th 5s 4s 5d]
Seat 1: AndrewHeisen folded before Flop (didn't bet)
Seat 2: zanozaN1 folded before Flop (didn't bet)
Seat 3: matt blakk (button) folded on the Turn
Seat 4: Dorex2007 (small blind) folded before Flop
Seat 5: mafiaalan10 (big blind) showed [Tc As] and won ($1.42) with two pair, Tens and Fives
Seat 6: Jessytheriver folded before Flop (didn't bet)
Seat 7: enixblr mucked [Jd Td]
Seat 8: geniuss folded before Flop (didn't bet)
Seat 9: gravyankle folded before Flop (didn't bet)



PokerStars Hand #237716335054:  Hold'em No Limit ($0.02/$0.05 USD) - 2022/07/31 20:42:15 PT [2022/07/31 23:42:15 ET]
Table 'Tarvos II' 9-max Seat #4 is the button
Seat 1: AndrewHeisen ($3.73 in chips) 
Seat 2: zanozaN1 ($5.05 in chips) 
Seat 3: matt blakk ($6.78 in chips) 
Seat 4: Dorex2007 ($5 in chips) 
Seat 5: mafiaalan10 ($7.49 in chips) 
Seat 6: Jessytheriver ($5 in chips) 
Seat 7: enixblr ($5 in chips) 
Seat 8: geniuss ($5 in chips) 
Seat 9: gravyankle ($4.06 in chips) 
mafiaalan10: posts small blind $0.02
Jessytheriver: posts big blind $0.05
*** HOLE CARDS ***
Dealt to Dorex2007 [Qh As]
enixblr: raises $0.07 to $0.12
geniuss: folds 
gravyankle: folds 
AndrewHeisen: folds 
zanozaN1: folds 
matt blakk: folds 
Dorex2007: calls $0.12
mafiaalan10: folds 
Jessytheriver: calls $0.07
*** FLOP *** [9s 2c 4c]
Jessytheriver: checks 
enixblr: bets $0.24
Dorex2007: folds 
Jessytheriver: raises $0.46 to $0.70
enixblr: calls $0.46
*** TURN *** [9s 2c 4c] [5h]
Jessytheriver: bets $0.80
enixblr: calls $0.80
*** RIVER *** [9s 2c 4c 5h] [Ks]
Jessytheriver: checks 
enixblr: checks 
*** SHOW DOWN ***
Jessytheriver: shows [9h 7c] (a pair of Nines)
enixblr: mucks hand 
Jessytheriver collected $3.24 from pot
*** SUMMARY ***
Total pot $3.38 | Rake $0.14 
Board [9s 2c 4c 5h Ks]
Seat 1: AndrewHeisen folded before Flop (didn't bet)
Seat 2: zanozaN1 folded before Flop (didn't bet)
Seat 3: matt blakk folded before Flop (didn't bet)
Seat 4: Dorex2007 (button) folded on the Flop
Seat 5: mafiaalan10 (small blind) folded before Flop
Seat 6: Jessytheriver (big blind) showed [9h 7c] and won ($3.24) with a pair of Nines
Seat 7: enixblr mucked [Ac Qc]
Seat 8: geniuss folded before Flop (didn't bet)
Seat 9: gravyankle folded before Flop (didn't bet)



PokerStars Hand #237716344454:  Hold'em No Limit ($0.02/$0.05 USD) - 2022/07/31 20:43:26 PT [2022/07/31 23:43:26 ET]
Table 'Tarvos II' 9-max Seat #5 is the button
Seat 1: AndrewHeisen ($3.73 in chips) 
Seat 2: zanozaN1 ($5.05 in chips) 
Seat 3: matt blakk ($6.78 in chips) 
Seat 4: Dorex2007 ($5 in chips) 
Seat 5: mafiaalan10 ($7.47 in chips) 
Seat 6: Jessytheriver ($6.62 in chips) 
Seat 7: enixblr ($5 in chips) 
Seat 8: geniuss ($5 in chips) 
Seat 9: gravyankle ($4.06 in chips) 
Jessytheriver: posts small blind $0.02
enixblr: posts big blind $0.05
*** HOLE CARDS ***
Dealt to Dorex2007 [8d 7d]
geniuss: folds 
gravyankle: folds 
AndrewHeisen: folds 
zanozaN1: folds 
matt blakk: folds 
Dorex2007: raises $0.10 to $0.15
mafiaalan10: folds 
Jessytheriver: folds 
enixblr: folds 
Uncalled bet ($0.10) returned to Dorex2007
Dorex2007 collected $0.12 from pot
Dorex2007: doesn't show hand 
*** SUMMARY ***
Total pot $0.12 | Rake $0 
Seat 1: AndrewHeisen folded before Flop (didn't bet)
Seat 2: zanozaN1 folded before Flop (didn't bet)
Seat 3: matt blakk folded before Flop (didn't bet)
Seat 4: Dorex2007 collected ($0.12)
Seat 5: mafiaalan10 (button) folded before Flop (didn't bet)
Seat 6: Jessytheriver (small blind) folded before Flop
Seat 7: enixblr (big blind) folded before Flop
Seat 8: geniuss folded before Flop (didn't bet)
Seat 9: gravyankle folded before Flop (didn't bet)



PokerStars Hand #237716348977:  Hold'em No Limit ($0.02/$0.05 USD) - 2022/07/31 20:44:01 PT [2022/07/31 23:44:01 ET]
Table 'Tarvos II' 9-max Seat #6 is the button
Seat 1: AndrewHeisen ($3.73 in chips) 
Seat 2: zanozaN1 ($5.05 in chips) 
Seat 3: matt blakk ($6.78 in chips) 
Seat 4: Dorex2007 ($5.07 in chips) 
Seat 5: mafiaalan10 ($7.47 in chips) 
Seat 6: Jessytheriver ($6.60 in chips) 
Seat 7: enixblr ($5 in chips) 
Seat 8: geniuss ($5 in chips) 
Seat 9: gravyankle ($4.06 in chips) 
enixblr: posts small blind $0.02
geniuss: posts big blind $0.05
*** HOLE CARDS ***
Dealt to Dorex2007 [3c 7s]
gravyankle: folds 
AndrewHeisen: raises $0.10 to $0.15
zanozaN1: folds 
matt blakk: folds 
Dorex2007: folds 
mafiaalan10: calls $0.15
Jessytheriver: folds 
enixblr: folds 
geniuss: folds 
*** FLOP *** [8d 6d 5c]
AndrewHeisen: checks 
mafiaalan10: checks 
*** TURN *** [8d 6d 5c] [6c]
AndrewHeisen: bets $0.20
mafiaalan10: folds 
Uncalled bet ($0.20) returned to AndrewHeisen
AndrewHeisen collected $0.35 from pot
AndrewHeisen: doesn't show hand 
*** SUMMARY ***
Total pot $0.37 | Rake $0.02 
Board [8d 6d 5c 6c]
Seat 1: AndrewHeisen collected ($0.35)
Seat 2: zanozaN1 folded before Flop (didn't bet)
Seat 3: matt blakk folded before Flop (didn't bet)
Seat 4: Dorex2007 folded before Flop (didn't bet)
Seat 5: mafiaalan10 folded on the Turn
Seat 6: Jessytheriver (button) folded before Flop (didn't bet)
Seat 7: enixblr (small blind) folded before Flop
Seat 8: geniuss (big blind) folded before Flop
Seat 9: gravyankle folded before Flop (didn't bet)



PokerStars Hand #237716355152:  Hold'em No Limit ($0.02/$0.05 USD) - 2022/07/31 20:44:48 PT [2022/07/31 23:44:48 ET]
Table 'Tarvos II' 9-max Seat #7 is the button
Seat 1: AndrewHeisen ($3.93 in chips) 
Seat 2: zanozaN1 ($5.05 in chips) 
Seat 3: matt blakk ($6.78 in chips) 
Seat 4: Dorex2007 ($5.07 in chips) 
Seat 5: mafiaalan10 ($7.32 in chips) 
Seat 6: Jessytheriver ($6.60 in chips) 
Seat 7: enixblr ($5 in chips) 
Seat 8: geniuss ($5 in chips) 
Seat 9: gravyankle ($4.06 in chips) 
geniuss: posts small blind $0.02
gravyankle: posts big blind $0.05
*** HOLE CARDS ***
Dealt to Dorex2007 [8h Ah]
AndrewHeisen: folds 
zanozaN1: folds 
matt blakk: folds 
Dorex2007: raises $0.05 to $0.10
mafiaalan10: calls $0.10
Jessytheriver: folds 
enixblr: folds 
geniuss: folds 
gravyankle: calls $0.05
*** FLOP *** [Kd 3c Ad]
gravyankle: checks 
Dorex2007: checks 
mafiaalan10: checks 
*** TURN *** [Kd 3c Ad] [9d]
gravyankle: checks 
Dorex2007: bets $0.21
mafiaalan10: folds 
gravyankle: folds 
Uncalled bet ($0.21) returned to Dorex2007
Dorex2007 collected $0.31 from pot
Dorex2007: doesn't show hand 
*** SUMMARY ***
Total pot $0.32 | Rake $0.01 
Board [Kd 3c Ad 9d]
Seat 1: AndrewHeisen folded before Flop (didn't bet)
Seat 2: zanozaN1 folded before Flop (didn't bet)
Seat 3: matt blakk folded before Flop (didn't bet)
Seat 4: Dorex2007 collected ($0.31)
Seat 5: mafiaalan10 folded on the Turn
Seat 6: Jessytheriver folded before Flop (didn't bet)
Seat 7: enixblr (button) folded before Flop (didn't bet)
Seat 8: geniuss (small blind) folded before Flop
Seat 9: gravyankle (big blind) folded on the Turn



PokerStars Hand #237716361473:  Hold'em No Limit ($0.02/$0.05 USD) - 2022/07/31 20:45:36 PT [2022/07/31 23:45:36 ET]
Table 'Tarvos II' 9-max Seat #8 is the button
Seat 1: AndrewHeisen ($3.93 in chips) 
Seat 2: zanozaN1 ($5.05 in chips) 
Seat 3: matt blakk ($6.78 in chips) 
Seat 4: Dorex2007 ($5.28 in chips) 
Seat 5: mafiaalan10 ($7.22 in chips) 
Seat 6: Jessytheriver ($6.60 in chips) 
Seat 7: enixblr ($5 in chips) 
Seat 8: geniuss ($5 in chips) 
Seat 9: gravyankle ($3.96 in chips) 
gravyankle: posts small blind $0.02
AndrewHeisen: posts big blind $0.05
*** HOLE CARDS ***
Dealt to Dorex2007 [9d Th]
zanozaN1: raises $0.10 to $0.15
matt blakk: folds 
Dorex2007: folds 
mafiaalan10: folds 
Jessytheriver: calls $0.15
enixblr: folds 
geniuss: folds 
gravyankle: calls $0.13
AndrewHeisen: folds 
*** FLOP *** [Qs 5h Kd]
gravyankle: checks 
zanozaN1: bets $0.25
Jessytheriver: folds 
gravyankle: folds 
Uncalled bet ($0.25) returned to zanozaN1
zanozaN1 collected $0.48 from pot
zanozaN1: doesn't show hand 
*** SUMMARY ***
Total pot $0.50 | Rake $0.02 
Board [Qs 5h Kd]
Seat 1: AndrewHeisen (big blind) folded before Flop
Seat 2: zanozaN1 collected ($0.48)
Seat 3: matt blakk folded before Flop (didn't bet)
Seat 4: Dorex2007 folded before Flop (didn't bet)
Seat 5: mafiaalan10 folded before Flop (didn't bet)
Seat 6: Jessytheriver folded on the Flop
Seat 7: enixblr folded before Flop (didn't bet)
Seat 8: geniuss (button) folded before Flop (didn't bet)
Seat 9: gravyankle (small blind) folded on the Flop



PokerStars Hand #237716367208:  Hold'em No Limit ($0.02/$0.05 USD) - 2022/07/31 20:46:20 PT [2022/07/31 23:46:20 ET]
Table 'Tarvos II' 9-max Seat #9 is the button
Seat 1: AndrewHeisen ($3.88 in chips) 
Seat 2: zanozaN1 ($5.38 in chips) 
Seat 3: matt blakk ($6.78 in chips) 
Seat 4: Dorex2007 ($5.28 in chips) 
Seat 5: mafiaalan10 ($7.22 in chips) 
Seat 6: Jessytheriver ($6.45 in chips) 
Seat 7: enixblr ($5 in chips) 
Seat 8: geniuss ($5 in chips) 
Seat 9: gravyankle ($3.81 in chips) 
AndrewHeisen: posts small blind $0.02
zanozaN1: posts big blind $0.05
*** HOLE CARDS ***
Dealt to Dorex2007 [As Kc]
matt blakk: folds 
Dorex2007: raises $0.15 to $0.20
mafiaalan10: folds 
Jessytheriver: folds 
enixblr: raises $0.55 to $0.75
geniuss: folds 
gravyankle: calls $0.75
AndrewHeisen: folds 
zanozaN1: folds 
Dorex2007: folds 
*** FLOP *** [Ac Ah 4h]
enixblr: bets $0.53
gravyankle: folds 
Uncalled bet ($0.53) returned to enixblr
enixblr collected $1.70 from pot
enixblr: doesn't show hand 
*** SUMMARY ***
Total pot $1.77 | Rake $0.07 
Board [Ac Ah 4h]
Seat 1: AndrewHeisen (small blind) folded before Flop
Seat 2: zanozaN1 (big blind) folded before Flop
Seat 3: matt blakk folded before Flop (didn't bet)
Seat 4: Dorex2007 folded before Flop
Seat 5: mafiaalan10 folded before Flop (didn't bet)
Seat 6: Jessytheriver folded before Flop (didn't bet)
Seat 7: enixblr collected ($1.70)
Seat 8: geniuss folded before Flop (didn't bet)
Seat 9: gravyankle (button) folded on the Flop



PokerStars Hand #237716372309:  Hold'em No Limit ($0.02/$0.05 USD) - 2022/07/31 20:46:59 PT [2022/07/31 23:46:59 ET]
Table 'Tarvos II' 9-max Seat #1 is the button
Seat 1: AndrewHeisen ($3.86 in chips) 
Seat 2: zanozaN1 ($5.33 in chips) 
Seat 3: matt blakk ($6.78 in chips) 
Seat 4: Dorex2007 ($5.08 in chips) 
Seat 5: mafiaalan10 ($7.22 in chips) 
Seat 6: Jessytheriver ($6.45 in chips) 
Seat 7: enixblr ($5.95 in chips) 
Seat 8: geniuss ($5 in chips) 
Seat 9: gravyankle ($3.06 in chips) 
zanozaN1: posts small blind $0.02
matt blakk: posts big blind $0.05
*** HOLE CARDS ***
Dealt to Dorex2007 [3h 2c]
Dorex2007: folds 
mafiaalan10: folds 
Jessytheriver: raises $0.10 to $0.15
enixblr: folds 
geniuss: folds 
gravyankle: folds 
AndrewHeisen: calls $0.15
zanozaN1: folds 
matt blakk: folds 
*** FLOP *** [4c Ks 8h]
Jessytheriver: checks 
AndrewHeisen: checks 
*** TURN *** [4c Ks 8h] [Kc]
Jessytheriver: bets $0.20
AndrewHeisen: calls $0.20
*** RIVER *** [4c Ks 8h Kc] [3d]
Jessytheriver: checks 
AndrewHeisen: bets $0.20
Jessytheriver: folds 
Uncalled bet ($0.20) returned to AndrewHeisen
AndrewHeisen collected $0.74 from pot
AndrewHeisen: doesn't show hand 
*** SUMMARY ***
Total pot $0.77 | Rake $0.03 
Board [4c Ks 8h Kc 3d]
Seat 1: AndrewHeisen (button) collected ($0.74)
Seat 2: zanozaN1 (small blind) folded before Flop
Seat 3: matt blakk (big blind) folded before Flop
Seat 4: Dorex2007 folded before Flop (didn't bet)
Seat 5: mafiaalan10 folded before Flop (didn't bet)
Seat 6: Jessytheriver folded on the River
Seat 7: enixblr folded before Flop (didn't bet)
Seat 8: geniuss folded before Flop (didn't bet)
Seat 9: gravyankle folded before Flop (didn't bet)



PokerStars Hand #237716381524:  Hold'em No Limit ($0.02/$0.05 USD) - 2022/07/31 20:48:12 PT [2022/07/31 23:48:12 ET]
Table 'Tarvos II' 9-max Seat #2 is the button
Seat 1: AndrewHeisen ($4.25 in chips) 
Seat 2: zanozaN1 ($5.31 in chips) 
Seat 3: matt blakk ($6.73 in chips) 
Seat 4: Dorex2007 ($5.08 in chips) 
Seat 5: mafiaalan10 ($7.22 in chips) 
Seat 6: Jessytheriver ($6.10 in chips) 
Seat 7: enixblr ($5.95 in chips) 
Seat 8: geniuss ($5 in chips) 
Seat 9: gravyankle ($3.06 in chips) 
matt blakk: posts small blind $0.02
Dorex2007: posts big blind $0.05
*** HOLE CARDS ***
Dealt to Dorex2007 [9s 6h]
mafiaalan10: raises $0.10 to $0.15
Jessytheriver: folds 
enixblr: folds 
geniuss: folds 
gravyankle: calls $0.15
AndrewHeisen: folds 
zanozaN1: folds 
matt blakk: folds 
Dorex2007: folds 
*** FLOP *** [7d 5d 4c]
mafiaalan10: bets $0.15
gravyankle: calls $0.15
*** TURN *** [7d 5d 4c] [2h]
mafiaalan10: bets $0.30
gravyankle: calls $0.30
*** RIVER *** [7d 5d 4c 2h] [Kc]
mafiaalan10: bets $0.30
gravyankle: folds 
Uncalled bet ($0.30) returned to mafiaalan10
mafiaalan10 collected $1.22 from pot
mafiaalan10: doesn't show hand 
*** SUMMARY ***
Total pot $1.27 | Rake $0.05 
Board [7d 5d 4c 2h Kc]
Seat 1: AndrewHeisen folded before Flop (didn't bet)
Seat 2: zanozaN1 (button) folded before Flop (didn't bet)
Seat 3: matt blakk (small blind) folded before Flop
Seat 4: Dorex2007 (big blind) folded before Flop
Seat 5: mafiaalan10 collected ($1.22)
Seat 6: Jessytheriver folded before Flop (didn't bet)
Seat 7: enixblr folded before Flop (didn't bet)
Seat 8: geniuss folded before Flop (didn't bet)
Seat 9: gravyankle folded on the River



PokerStars Hand #237716389647:  Hold'em No Limit ($0.02/$0.05 USD) - 2022/07/31 20:49:16 PT [2022/07/31 23:49:16 ET]
Table 'Tarvos II' 9-max Seat #3 is the button
Seat 1: AndrewHeisen ($4.25 in chips) 
Seat 2: zanozaN1 ($5.31 in chips) 
Seat 3: matt blakk ($6.71 in chips) 
Seat 4: Dorex2007 ($5.03 in chips) 
Seat 5: mafiaalan10 ($7.84 in chips) 
Seat 6: Jessytheriver ($6.10 in chips) 
Seat 7: enixblr ($5.95 in chips) 
Seat 8: geniuss ($5 in chips) 
Seat 9: gravyankle ($2.46 in chips) 
Dorex2007: posts small blind $0.02
mafiaalan10: posts big blind $0.05
*** HOLE CARDS ***
Dealt to Dorex2007 [2c Qs]
Jessytheriver: folds 
enixblr: folds 
geniuss: folds 
gravyankle: raises $0.15 to $0.20
AndrewHeisen: folds 
zanozaN1: folds 
matt blakk: folds 
Dorex2007: folds 
mafiaalan10: folds 
Uncalled bet ($0.15) returned to gravyankle
gravyankle collected $0.12 from pot
gravyankle: doesn't show hand 
*** SUMMARY ***
Total pot $0.12 | Rake $0 
Seat 1: AndrewHeisen folded before Flop (didn't bet)
Seat 2: zanozaN1 folded before Flop (didn't bet)
Seat 3: matt blakk (button) folded before Flop (didn't bet)
Seat 4: Dorex2007 (small blind) folded before Flop
Seat 5: mafiaalan10 (big blind) folded before Flop
Seat 6: Jessytheriver folded before Flop (didn't bet)
Seat 7: enixblr folded before Flop (didn't bet)
Seat 8: geniuss folded before Flop (didn't bet)
Seat 9: gravyankle collected ($0.12)



PokerStars Hand #237716392133:  Hold'em No Limit ($0.02/$0.05 USD) - 2022/07/31 20:49:36 PT [2022/07/31 23:49:36 ET]
Table 'Tarvos II' 9-max Seat #4 is the button
Seat 1: AndrewHeisen ($4.25 in chips) 
Seat 2: zanozaN1 ($5.31 in chips) 
Seat 3: matt blakk ($6.71 in chips) 
Seat 4: Dorex2007 ($5.01 in chips) 
Seat 5: mafiaalan10 ($7.79 in chips) 
Seat 6: Jessytheriver ($6.10 in chips) 
Seat 7: enixblr ($5.95 in chips) 
Seat 8: geniuss ($5 in chips) 
Seat 9: gravyankle ($2.53 in chips) 
mafiaalan10: posts small blind $0.02
Jessytheriver: posts big blind $0.05
*** HOLE CARDS ***
Dealt to Dorex2007 [2d Td]
enixblr: folds 
geniuss: folds 
gravyankle: folds 
AndrewHeisen: folds 
zanozaN1: raises $0.10 to $0.15
matt blakk: folds 
Dorex2007: folds 
mafiaalan10: folds 
Jessytheriver: folds 
Uncalled bet ($0.10) returned to zanozaN1
zanozaN1 collected $0.12 from pot
zanozaN1: doesn't show hand 
*** SUMMARY ***
Total pot $0.12 | Rake $0 
Seat 1: AndrewHeisen folded before Flop (didn't bet)
Seat 2: zanozaN1 collected ($0.12)
Seat 3: matt blakk folded before Flop (didn't bet)
Seat 4: Dorex2007 (button) folded before Flop (didn't bet)
Seat 5: mafiaalan10 (small blind) folded before Flop
Seat 6: Jessytheriver (big blind) folded before Flop
Seat 7: enixblr folded before Flop (didn't bet)
Seat 8: geniuss folded before Flop (didn't bet)
Seat 9: gravyankle folded before Flop (didn't bet)



PokerStars Hand #237716395278:  Hold'em No Limit ($0.02/$0.05 USD) - 2022/07/31 20:50:01 PT [2022/07/31 23:50:01 ET]
Table 'Tarvos II' 9-max Seat #5 is the button
Seat 1: AndrewHeisen ($4.25 in chips) 
Seat 2: zanozaN1 ($5.38 in chips) 
Seat 3: matt blakk ($6.71 in chips) 
Seat 4: Dorex2007 ($5.01 in chips) 
Seat 5: mafiaalan10 ($7.77 in chips) 
Seat 6: Jessytheriver ($6.05 in chips) 
Seat 7: enixblr ($5.95 in chips) 
Seat 8: geniuss ($5 in chips) 
Seat 9: gravyankle ($2.53 in chips) 
Jessytheriver: posts small blind $0.02
enixblr: posts big blind $0.05
*** HOLE CARDS ***
Dealt to Dorex2007 [6s 5s]
geniuss: folds 
gravyankle: folds 
AndrewHeisen: folds 
zanozaN1: folds 
matt blakk: folds 
Dorex2007: raises $0.10 to $0.15
mafiaalan10: folds 
Jessytheriver: folds 
enixblr: folds 
Uncalled bet ($0.10) returned to Dorex2007
Dorex2007 collected $0.12 from pot
Dorex2007: doesn't show hand 
*** SUMMARY ***
Total pot $0.12 | Rake $0 
Seat 1: AndrewHeisen folded before Flop (didn't bet)
Seat 2: zanozaN1 folded before Flop (didn't bet)
Seat 3: matt blakk folded before Flop (didn't bet)
Seat 4: Dorex2007 collected ($0.12)
Seat 5: mafiaalan10 (button) folded before Flop (didn't bet)
Seat 6: Jessytheriver (small blind) folded before Flop
Seat 7: enixblr (big blind) folded before Flop
Seat 8: geniuss folded before Flop (didn't bet)
Seat 9: gravyankle folded before Flop (didn't bet)



PokerStars Hand #237716397593:  Hold'em No Limit ($0.02/$0.05 USD) - 2022/07/31 20:50:20 PT [2022/07/31 23:50:20 ET]
Table 'Tarvos II' 9-max Seat #6 is the button
Seat 1: AndrewHeisen ($4.25 in chips) 
Seat 2: zanozaN1 ($5.38 in chips) 
Seat 3: matt blakk ($6.71 in chips) 
Seat 4: Dorex2007 ($5.08 in chips) 
Seat 5: mafiaalan10 ($7.77 in chips) 
Seat 6: Jessytheriver ($6.03 in chips) 
Seat 7: enixblr ($5.90 in chips) 
Seat 8: geniuss ($5 in chips) 
Seat 9: gravyankle ($2.53 in chips) 
enixblr: posts small blind $0.02
geniuss: posts big blind $0.05
*** HOLE CARDS ***
Dealt to Dorex2007 [5d Jd]
gravyankle: folds 
AndrewHeisen: folds 
zanozaN1: folds 
matt blakk: folds 
Dorex2007: folds 
mafiaalan10: folds 
Jessytheriver: raises $0.15 to $0.20
enixblr: folds 
geniuss: folds 
Uncalled bet ($0.15) returned to Jessytheriver
Jessytheriver collected $0.12 from pot
Jessytheriver: doesn't show hand 
*** SUMMARY ***
Total pot $0.12 | Rake $0 
Seat 1: AndrewHeisen folded before Flop (didn't bet)
Seat 2: zanozaN1 folded before Flop (didn't bet)
Seat 3: matt blakk folded before Flop (didn't bet)
Seat 4: Dorex2007 folded before Flop (didn't bet)
Seat 5: mafiaalan10 folded before Flop (didn't bet)
Seat 6: Jessytheriver (button) collected ($0.12)
Seat 7: enixblr (small blind) folded before Flop
Seat 8: geniuss (big blind) folded before Flop
Seat 9: gravyankle folded before Flop (didn't bet)



PokerStars Hand #237716400291:  Hold'em No Limit ($0.02/$0.05 USD) - 2022/07/31 20:50:41 PT [2022/07/31 23:50:41 ET]
Table 'Tarvos II' 9-max Seat #7 is the button
Seat 1: AndrewHeisen ($4.25 in chips) 
Seat 2: zanozaN1 ($5.38 in chips) 
Seat 3: matt blakk ($6.71 in chips) 
Seat 4: Dorex2007 ($5.08 in chips) 
Seat 5: mafiaalan10 ($7.77 in chips) 
Seat 6: Jessytheriver ($6.10 in chips) 
Seat 7: enixblr ($5.88 in chips) 
Seat 8: geniuss ($5 in chips) 
Seat 9: gravyankle ($2.53 in chips) 
geniuss: posts small blind $0.02
gravyankle: posts big blind $0.05
*** HOLE CARDS ***
Dealt to Dorex2007 [Th 5h]
AndrewHeisen: folds 
zanozaN1: folds 
matt blakk: raises $0.10 to $0.15
Dorex2007: folds 
mafiaalan10: folds 
Jessytheriver: calls $0.15
enixblr: folds 
geniuss: folds 
gravyankle: calls $0.10
*** FLOP *** [3d Tc Qc]
gravyankle: bets $0.25
matt blakk: calls $0.25
Jessytheriver: calls $0.25
*** TURN *** [3d Tc Qc] [9c]
gravyankle: checks 
matt blakk: bets $0.80
Jessytheriver: folds 
gravyankle: folds 
Uncalled bet ($0.80) returned to matt blakk
matt blakk collected $1.17 from pot
*** SUMMARY ***
Total pot $1.22 | Rake $0.05 
Board [3d Tc Qc 9c]
Seat 1: AndrewHeisen folded before Flop (didn't bet)
Seat 2: zanozaN1 folded before Flop (didn't bet)
Seat 3: matt blakk collected ($1.17)
Seat 4: Dorex2007 folded before Flop (didn't bet)
Seat 5: mafiaalan10 folded before Flop (didn't bet)
Seat 6: Jessytheriver folded on the Turn
Seat 7: enixblr (button) folded before Flop (didn't bet)
Seat 8: geniuss (small blind) folded before Flop
Seat 9: gravyankle (big blind) folded on the Turn



PokerStars Hand #237716408164:  Hold'em No Limit ($0.02/$0.05 USD) - 2022/07/31 20:51:44 PT [2022/07/31 23:51:44 ET]
Table 'Tarvos II' 9-max Seat #8 is the button
Seat 1: AndrewHeisen ($4.25 in chips) 
Seat 2: zanozaN1 ($5.38 in chips) 
Seat 3: matt blakk ($7.48 in chips) 
Seat 4: Dorex2007 ($5.08 in chips) 
Seat 5: mafiaalan10 ($7.77 in chips) 
Seat 6: Jessytheriver ($5.70 in chips) 
Seat 7: enixblr ($5.88 in chips) 
Seat 8: geniuss ($5 in chips) 
Seat 9: gravyankle ($2.13 in chips) 
gravyankle: posts small blind $0.02
AndrewHeisen: posts big blind $0.05
*** HOLE CARDS ***
Dealt to Dorex2007 [As 8s]
zanozaN1: calls $0.05
matt blakk: folds 
Dorex2007: raises $0.10 to $0.15
mafiaalan10: folds 
Jessytheriver: calls $0.15
enixblr: folds 
geniuss: folds 
gravyankle: raises $0.20 to $0.35
AndrewHeisen: calls $0.30
zanozaN1: calls $0.30
Dorex2007: folds 
Jessytheriver: calls $0.20
*** FLOP *** [3h 2h 4s]
gravyankle: bets $0.74
AndrewHeisen: folds 
zanozaN1: raises $0.74 to $1.48
Jessytheriver: folds 
gravyankle: raises $0.30 to $1.78 and is all-in
zanozaN1: calls $0.30
*** TURN *** [3h 2h 4s] [9h]
*** RIVER *** [3h 2h 4s 9h] [5h]
*** SHOW DOWN ***
gravyankle: shows [Qc Ad] (a straight, Ace to Five)
zanozaN1: shows [Th Ts] (a flush, Ten high)
zanozaN1 collected $4.90 from pot
*** SUMMARY ***
Total pot $5.11 | Rake $0.21 
Board [3h 2h 4s 9h 5h]
Seat 1: AndrewHeisen (big blind) folded on the Flop
Seat 2: zanozaN1 showed [Th Ts] and won ($4.90) with a flush, Ten high
Seat 3: matt blakk folded before Flop (didn't bet)
Seat 4: Dorex2007 folded before Flop
Seat 5: mafiaalan10 folded before Flop (didn't bet)
Seat 6: Jessytheriver folded on the Flop
Seat 7: enixblr folded before Flop (didn't bet)
Seat 8: geniuss (button) folded before Flop (didn't bet)
Seat 9: gravyankle (small blind) showed [Qc Ad] and lost with a straight, Ace to Five



PokerStars Hand #237716417033:  Hold'em No Limit ($0.02/$0.05 USD) - 2022/07/31 20:52:54 PT [2022/07/31 23:52:54 ET]
Table 'Tarvos II' 9-max Seat #1 is the button
Seat 1: AndrewHeisen ($3.90 in chips) 
Seat 2: zanozaN1 ($8.15 in chips) 
Seat 3: matt blakk ($7.48 in chips) 
Seat 4: Dorex2007 ($5 in chips) 
Seat 5: mafiaalan10 ($7.77 in chips) 
Seat 6: Jessytheriver ($5.35 in chips) 
Seat 7: enixblr ($5.88 in chips) 
Seat 8: geniuss ($5 in chips) 
zanozaN1: posts small blind $0.02
matt blakk: posts big blind $0.05
*** HOLE CARDS ***
Dealt to Dorex2007 [6c 9h]
Dorex2007: folds 
mafiaalan10: folds 
Jessytheriver: folds 
enixblr: folds 
geniuss: folds 
AndrewHeisen: raises $0.10 to $0.15
zanozaN1: folds 
gravyankle leaves the table
matt blakk: folds 
Uncalled bet ($0.10) returned to AndrewHeisen
AndrewHeisen collected $0.12 from pot
AndrewHeisen: doesn't show hand 
*** SUMMARY ***
Total pot $0.12 | Rake $0 
Seat 1: AndrewHeisen (button) collected ($0.12)
Seat 2: zanozaN1 (small blind) folded before Flop
Seat 3: matt blakk (big blind) folded before Flop
Seat 4: Dorex2007 folded before Flop (didn't bet)
Seat 5: mafiaalan10 folded before Flop (didn't bet)
Seat 6: Jessytheriver folded before Flop (didn't bet)
Seat 7: enixblr folded before Flop (didn't bet)
Seat 8: geniuss folded before Flop (didn't bet)



PokerStars Hand #237716420514:  Hold'em No Limit ($0.02/$0.05 USD) - 2022/07/31 20:53:14 PT [2022/07/31 23:53:14 ET]
Table 'Tarvos II' 9-max Seat #2 is the button
Seat 1: AndrewHeisen ($3.97 in chips) 
Seat 2: zanozaN1 ($8.13 in chips) 
Seat 3: matt blakk ($7.43 in chips) 
Seat 4: Dorex2007 ($5 in chips) 
Seat 5: mafiaalan10 ($7.77 in chips) 
Seat 6: Jessytheriver ($5.35 in chips) 
Seat 7: enixblr ($5.88 in chips) 
Seat 8: geniuss ($5 in chips) 
matt blakk: posts small blind $0.02
Dorex2007: posts big blind $0.05
*** HOLE CARDS ***
Dealt to Dorex2007 [8h Ks]
mafiaalan10: raises $0.05 to $0.10
Jessytheriver: folds 
enixblr: folds 
geniuss: folds 
AndrewHeisen: folds 
zanozaN1: folds 
matt blakk: folds 
Dorex2007: folds 
Uncalled bet ($0.05) returned to mafiaalan10
mafiaalan10 collected $0.12 from pot
mafiaalan10: doesn't show hand 
*** SUMMARY ***
Total pot $0.12 | Rake $0 
Seat 1: AndrewHeisen folded before Flop (didn't bet)
Seat 2: zanozaN1 (button) folded before Flop (didn't bet)
Seat 3: matt blakk (small blind) folded before Flop
Seat 4: Dorex2007 (big blind) folded before Flop
Seat 5: mafiaalan10 collected ($0.12)
Seat 6: Jessytheriver folded before Flop (didn't bet)
Seat 7: enixblr folded before Flop (didn't bet)
Seat 8: geniuss folded before Flop (didn't bet)



