PokerStars Hand #237776357470:  Hold'em No Limit ($0.02/$0.05 USD) - 2022/08/03 19:52:23 PT [2022/08/03 22:52:23 ET]
Table 'Vladimir II' 9-max Seat #3 is the button
Seat 1: Dorex2007 ($5 in chips) 
Seat 2: Almanza63 ($7.30 in chips) 
Seat 3: caironluck ($12.52 in chips) 
Seat 6: Kallem28 ($5.73 in chips) 
Seat 7: JayJayJohnson ($5 in chips) 
Seat 8: Ramkha ($5.19 in chips) 
Seat 9: DLoVeBoss ($3.96 in chips) 
Kallem28: posts small blind $0.02
JayJayJohnson: posts big blind $0.05
Dorex2007: posts big blind $0.05
*** HOLE CARDS ***
Dealt to Dorex2007 [3s 8c]
Ramkha: folds 
DLoVeBoss: raises $0.10 to $0.15
Dorex2007: folds 
Almanza63: folds 
caironluck: folds 
caironluck leaves the table
Kallem28: folds 
JayJayJohnson: folds 
Uncalled bet ($0.10) returned to DLoVeBoss
DLoVeBoss collected $0.17 from pot
*** SUMMARY ***
Total pot $0.17 | Rake $0 
Seat 1: Dorex2007 folded before Flop (didn't bet)
Seat 2: Almanza63 folded before Flop (didn't bet)
Seat 3: caironluck (button) folded before Flop (didn't bet)
Seat 6: Kallem28 (small blind) folded before Flop
Seat 7: JayJayJohnson (big blind) folded before Flop
Seat 8: Ramkha folded before Flop (didn't bet)
Seat 9: DLoVeBoss collected ($0.17)



PokerStars Hand #237776360193:  Hold'em No Limit ($0.02/$0.05 USD) - 2022/08/03 19:52:39 PT [2022/08/03 22:52:39 ET]
Table 'Vladimir II' 9-max Seat #6 is the button
Seat 1: Dorex2007 ($5 in chips) 
Seat 2: Almanza63 ($7.30 in chips) 
Seat 6: Kallem28 ($5.71 in chips) 
Seat 7: JayJayJohnson ($4.95 in chips) 
Seat 8: Ramkha ($5.19 in chips) 
Seat 9: DLoVeBoss ($4.08 in chips) 
JayJayJohnson: posts small blind $0.02
Ramkha: posts big blind $0.05
*** HOLE CARDS ***
Dealt to Dorex2007 [Kc Qh]
DLoVeBoss: calls $0.05
Templar85 leaves the table
Dorex2007: raises $0.10 to $0.15
Almanza63: folds 
Kallem28: calls $0.15
JayJayJohnson: calls $0.13
Ramkha: calls $0.10
DLoVeBoss: calls $0.10
*** FLOP *** [Tc 8c 8h]
JayJayJohnson: checks 
Ramkha: checks 
DLoVeBoss: checks 
Dorex2007: bets $0.36
Kallem28: calls $0.36
Quiet Sunday joins the table at seat #3 
JayJayJohnson: calls $0.36
Ramkha: folds 
DLoVeBoss: folds 
*** TURN *** [Tc 8c 8h] [2d]
JayJayJohnson: checks 
Dorex2007: checks 
Kallem28: checks 
*** RIVER *** [Tc 8c 8h 2d] [As]
JayJayJohnson: checks 
Dorex2007: bets $0.87
Kallem28: folds 
JayJayJohnson: folds 
Uncalled bet ($0.87) returned to Dorex2007
Dorex2007 collected $1.75 from pot
Dorex2007: doesn't show hand 
*** SUMMARY ***
Total pot $1.83 | Rake $0.08 
Board [Tc 8c 8h 2d As]
Seat 1: Dorex2007 collected ($1.75)
Seat 2: Almanza63 folded before Flop (didn't bet)
Seat 6: Kallem28 (button) folded on the River
Seat 7: JayJayJohnson (small blind) folded on the River
Seat 8: Ramkha (big blind) folded on the Flop
Seat 9: DLoVeBoss folded on the Flop



PokerStars Hand #237776374063:  Hold'em No Limit ($0.02/$0.05 USD) - 2022/08/03 19:54:00 PT [2022/08/03 22:54:00 ET]
Table 'Vladimir II' 9-max Seat #7 is the button
Seat 1: Dorex2007 ($6.24 in chips) 
Seat 2: Almanza63 ($7.30 in chips) 
Seat 6: Kallem28 ($5.20 in chips) 
Seat 7: JayJayJohnson ($4.44 in chips) 
Seat 8: Ramkha ($5.04 in chips) 
Seat 9: DLoVeBoss ($3.93 in chips) 
Ramkha: posts small blind $0.02
DLoVeBoss: posts big blind $0.05
Quiet Sunday: sits out 
*** HOLE CARDS ***
Dealt to Dorex2007 [Ks Ts]
Dorex2007: calls $0.05
VoltaWatts joins the table at seat #4 
Almanza63 has timed out
Almanza63: folds 
Kallem28: folds 
JayJayJohnson: folds 
Ramkha: folds 
DLoVeBoss: checks 
*** FLOP *** [Ac 7c Qh]
DLoVeBoss: checks 
Almanza63 is disconnected 
Dorex2007: checks 
*** TURN *** [Ac 7c Qh] [Jd]
DLoVeBoss: checks 
Dorex2007: bets $0.12
DLoVeBoss: folds 
Uncalled bet ($0.12) returned to Dorex2007
Dorex2007 collected $0.12 from pot
Dorex2007: doesn't show hand 
*** SUMMARY ***
Total pot $0.12 | Rake $0 
Board [Ac 7c Qh Jd]
Seat 1: Dorex2007 collected ($0.12)
Seat 2: Almanza63 folded before Flop (didn't bet)
Seat 6: Kallem28 folded before Flop (didn't bet)
Seat 7: JayJayJohnson (button) folded before Flop (didn't bet)
Seat 8: Ramkha (small blind) folded before Flop
Seat 9: DLoVeBoss (big blind) folded on the Turn



PokerStars Hand #237776381514:  Hold'em No Limit ($0.02/$0.05 USD) - 2022/08/03 19:54:44 PT [2022/08/03 22:54:44 ET]
Table 'Vladimir II' 9-max Seat #8 is the button
Seat 1: Dorex2007 ($6.31 in chips) 
Seat 4: VoltaWatts ($5 in chips) 
Seat 6: Kallem28 ($5.20 in chips) 
Seat 7: JayJayJohnson ($5 in chips) 
Seat 8: Ramkha ($5.02 in chips) 
Seat 9: DLoVeBoss ($3.88 in chips) 
DLoVeBoss: posts small blind $0.02
Dorex2007: posts big blind $0.05
Quiet Sunday: sits out 
VoltaWatts: posts big blind $0.05
*** HOLE CARDS ***
Dealt to Dorex2007 [Js Qd]
VoltaWatts: raises $0.10 to $0.15
Kallem28: folds 
JayJayJohnson: folds 
Ramkha: folds 
DLoVeBoss: folds 
Dorex2007: calls $0.10
*** FLOP *** [6s Qc Th]
Dorex2007: checks 
VoltaWatts: bets $0.15
Dorex2007: raises $0.26 to $0.41
VoltaWatts: calls $0.26
*** TURN *** [6s Qc Th] [9d]
Dorex2007: bets $0.73
VoltaWatts: folds 
Uncalled bet ($0.73) returned to Dorex2007
Dorex2007 collected $1.09 from pot
Dorex2007: doesn't show hand 
*** SUMMARY ***
Total pot $1.14 | Rake $0.05 
Board [6s Qc Th 9d]
Seat 1: Dorex2007 (big blind) collected ($1.09)
Seat 4: VoltaWatts folded on the Turn
Seat 6: Kallem28 folded before Flop (didn't bet)
Seat 7: JayJayJohnson folded before Flop (didn't bet)
Seat 8: Ramkha (button) folded before Flop (didn't bet)
Seat 9: DLoVeBoss (small blind) folded before Flop



PokerStars Hand #237776389792:  Hold'em No Limit ($0.02/$0.05 USD) - 2022/08/03 19:55:38 PT [2022/08/03 22:55:38 ET]
Table 'Vladimir II' 9-max Seat #9 is the button
Seat 1: Dorex2007 ($6.84 in chips) 
Seat 3: Quiet Sunday ($5 in chips) 
Seat 4: VoltaWatts ($4.44 in chips) 
Seat 6: Kallem28 ($5.20 in chips) 
Seat 7: JayJayJohnson ($5 in chips) 
Seat 8: Ramkha ($5.02 in chips) 
Seat 9: DLoVeBoss ($3.86 in chips) 
Dorex2007: posts small blind $0.02
Almanza63 has timed out
Almanza63: is sitting out 
Quiet Sunday: posts big blind $0.05
*** HOLE CARDS ***
Dealt to Dorex2007 [8c Ks]
VoltaWatts: folds 
Kallem28: folds 
JayJayJohnson: folds 
Ramkha: folds 
DLoVeBoss: calls $0.05
Dorex2007: folds 
Quiet Sunday: checks 
*** FLOP *** [9c Jd 6s]
Quiet Sunday: checks 
Almanza63 is disconnected 
DLoVeBoss: bets $0.15
Quiet Sunday: folds 
Uncalled bet ($0.15) returned to DLoVeBoss
DLoVeBoss collected $0.12 from pot
*** SUMMARY ***
Total pot $0.12 | Rake $0 
Board [9c Jd 6s]
Seat 1: Dorex2007 (small blind) folded before Flop
Seat 3: Quiet Sunday (big blind) folded on the Flop
Seat 4: VoltaWatts folded before Flop (didn't bet)
Seat 6: Kallem28 folded before Flop (didn't bet)
Seat 7: JayJayJohnson folded before Flop (didn't bet)
Seat 8: Ramkha folded before Flop (didn't bet)
Seat 9: DLoVeBoss (button) collected ($0.12)



PokerStars Hand #237776396331:  Hold'em No Limit ($0.02/$0.05 USD) - 2022/08/03 19:56:23 PT [2022/08/03 22:56:23 ET]
Table 'Vladimir II' 9-max Seat #1 is the button
Seat 1: Dorex2007 ($6.82 in chips) 
Seat 3: Quiet Sunday ($4.95 in chips) 
Seat 4: VoltaWatts ($4.44 in chips) 
Seat 6: Kallem28 ($5.20 in chips) 
Seat 7: JayJayJohnson ($5 in chips) 
Seat 8: Ramkha ($5.02 in chips) 
Seat 9: DLoVeBoss ($3.93 in chips) 
Quiet Sunday: posts small blind $0.02
VoltaWatts: posts big blind $0.05
*** HOLE CARDS ***
Dealt to Dorex2007 [7h 9c]
Kallem28: raises $0.15 to $0.20
JayJayJohnson: folds 
Ramkha: folds 
DLoVeBoss: calls $0.20
Dorex2007: folds 
Quiet Sunday: folds 
VoltaWatts: calls $0.15
*** FLOP *** [5h 8h 5s]
VoltaWatts: checks 
Kallem28: bets $0.19
DLoVeBoss: calls $0.19
VoltaWatts: calls $0.19
*** TURN *** [5h 8h 5s] [2h]
VoltaWatts: checks 
Kallem28: bets $0.38
DLoVeBoss: folds 
VoltaWatts: folds 
Uncalled bet ($0.38) returned to Kallem28
Kallem28 collected $1.14 from pot
Kallem28: doesn't show hand 
*** SUMMARY ***
Total pot $1.19 | Rake $0.05 
Board [5h 8h 5s 2h]
Seat 1: Dorex2007 (button) folded before Flop (didn't bet)
Seat 3: Quiet Sunday (small blind) folded before Flop
Seat 4: VoltaWatts (big blind) folded on the Turn
Seat 6: Kallem28 collected ($1.14)
Seat 7: JayJayJohnson folded before Flop (didn't bet)
Seat 8: Ramkha folded before Flop (didn't bet)
Seat 9: DLoVeBoss folded on the Turn



PokerStars Hand #237776404025:  Hold'em No Limit ($0.02/$0.05 USD) - 2022/08/03 19:57:17 PT [2022/08/03 22:57:17 ET]
Table 'Vladimir II' 9-max Seat #3 is the button
Seat 1: Dorex2007 ($6.82 in chips) 
Seat 3: Quiet Sunday ($4.93 in chips) 
Seat 4: VoltaWatts ($4.05 in chips) 
Seat 6: Kallem28 ($5.95 in chips) 
Seat 7: JayJayJohnson ($5 in chips) 
Seat 8: Ramkha ($5.02 in chips) 
Seat 9: DLoVeBoss ($3.54 in chips) 
VoltaWatts: posts small blind $0.02
Kallem28: posts big blind $0.05
*** HOLE CARDS ***
Dealt to Dorex2007 [Jh 2s]
JayJayJohnson: folds 
Ramkha: folds 
DLoVeBoss: calls $0.05
Dorex2007: folds 
Quiet Sunday: folds 
VoltaWatts: folds 
Kallem28: checks 
*** FLOP *** [7h 4d 5h]
Kallem28: bets $0.07
DLoVeBoss: calls $0.07
*** TURN *** [7h 4d 5h] [4s]
Kallem28: bets $0.08
DLoVeBoss: calls $0.08
*** RIVER *** [7h 4d 5h 4s] [As]
Kallem28: checks 
DLoVeBoss: checks 
*** SHOW DOWN ***
Kallem28: shows [8d Ts] (a pair of Fours)
DLoVeBoss: shows [8c 7d] (two pair, Sevens and Fours)
DLoVeBoss collected $0.40 from pot
*** SUMMARY ***
Total pot $0.42 | Rake $0.02 
Board [7h 4d 5h 4s As]
Seat 1: Dorex2007 folded before Flop (didn't bet)
Seat 3: Quiet Sunday (button) folded before Flop (didn't bet)
Seat 4: VoltaWatts (small blind) folded before Flop
Seat 6: Kallem28 (big blind) showed [8d Ts] and lost with a pair of Fours
Seat 7: JayJayJohnson folded before Flop (didn't bet)
Seat 8: Ramkha folded before Flop (didn't bet)
Seat 9: DLoVeBoss showed [8c 7d] and won ($0.40) with two pair, Sevens and Fours



PokerStars Hand #237776408141:  Hold'em No Limit ($0.02/$0.05 USD) - 2022/08/03 19:57:46 PT [2022/08/03 22:57:46 ET]
Table 'Vladimir II' 9-max Seat #4 is the button
Seat 1: Dorex2007 ($6.82 in chips) 
Seat 3: Quiet Sunday ($4.93 in chips) 
Seat 4: VoltaWatts ($4.03 in chips) 
Seat 6: Kallem28 ($5.75 in chips) 
Seat 7: JayJayJohnson ($5 in chips) 
Seat 8: Ramkha ($5.02 in chips) 
Seat 9: DLoVeBoss ($3.74 in chips) 
Kallem28: posts small blind $0.02
JayJayJohnson: posts big blind $0.05
*** HOLE CARDS ***
Dealt to Dorex2007 [2d As]
Ramkha: folds 
DLoVeBoss: folds 
Dorex2007: folds 
Quiet Sunday: folds 
VoltaWatts: raises $0.10 to $0.15
Kallem28: folds 
JayJayJohnson: folds 
Uncalled bet ($0.10) returned to VoltaWatts
VoltaWatts collected $0.12 from pot
VoltaWatts: doesn't show hand 
*** SUMMARY ***
Total pot $0.12 | Rake $0 
Seat 1: Dorex2007 folded before Flop (didn't bet)
Seat 3: Quiet Sunday folded before Flop (didn't bet)
Seat 4: VoltaWatts (button) collected ($0.12)
Seat 6: Kallem28 (small blind) folded before Flop
Seat 7: JayJayJohnson (big blind) folded before Flop
Seat 8: Ramkha folded before Flop (didn't bet)
Seat 9: DLoVeBoss folded before Flop (didn't bet)



PokerStars Hand #237776411776:  Hold'em No Limit ($0.02/$0.05 USD) - 2022/08/03 19:58:11 PT [2022/08/03 22:58:11 ET]
Table 'Vladimir II' 9-max Seat #6 is the button
Seat 1: Dorex2007 ($6.82 in chips) 
Seat 2: Almanza63 ($7.30 in chips) 
Seat 3: Quiet Sunday ($4.93 in chips) 
Seat 4: VoltaWatts ($4.10 in chips) 
Seat 6: Kallem28 ($5.73 in chips) 
Seat 7: JayJayJohnson ($4.95 in chips) 
Seat 8: Ramkha ($5.02 in chips) 
Seat 9: DLoVeBoss ($3.74 in chips) 
JayJayJohnson: posts small blind $0.02
Ramkha: posts big blind $0.05
osalustiano leaves the table
Almanza63: posts small & big blinds $0.07
*** HOLE CARDS ***
Dealt to Dorex2007 [5s 8d]
DLoVeBoss: folds 
Samoels joins the table at seat #5 
Dorex2007: folds 
Almanza63: checks 
Quiet Sunday: raises $0.25 to $0.30
VoltaWatts: folds 
Kallem28: folds 
JayJayJohnson: folds 
Ramkha: folds 
Almanza63: folds 
Uncalled bet ($0.25) returned to Quiet Sunday
Quiet Sunday collected $0.19 from pot
Quiet Sunday: doesn't show hand 
*** SUMMARY ***
Total pot $0.19 | Rake $0 
Seat 1: Dorex2007 folded before Flop (didn't bet)
Seat 2: Almanza63 folded before Flop (didn't bet)
Seat 3: Quiet Sunday collected ($0.19)
Seat 4: VoltaWatts folded before Flop (didn't bet)
Seat 6: Kallem28 (button) folded before Flop (didn't bet)
Seat 7: JayJayJohnson (small blind) folded before Flop
Seat 8: Ramkha (big blind) folded before Flop
Seat 9: DLoVeBoss folded before Flop (didn't bet)



PokerStars Hand #237776417528:  Hold'em No Limit ($0.02/$0.05 USD) - 2022/08/03 19:58:51 PT [2022/08/03 22:58:51 ET]
Table 'Vladimir II' 9-max Seat #7 is the button
Seat 1: Dorex2007 ($6.82 in chips) 
Seat 2: Almanza63 ($7.23 in chips) 
Seat 3: Quiet Sunday ($5.07 in chips) 
Seat 4: VoltaWatts ($4.10 in chips) 
Seat 5: Samoels ($4 in chips) 
Seat 6: Kallem28 ($5.73 in chips) 
Seat 7: JayJayJohnson ($4.93 in chips) 
Seat 8: Ramkha ($5 in chips) 
Seat 9: DLoVeBoss ($3.74 in chips) 
Ramkha: posts small blind $0.02
DLoVeBoss: posts big blind $0.05
Samoels: posts big blind $0.05
*** HOLE CARDS ***
Dealt to Dorex2007 [Qs 6h]
Dorex2007: folds 
Almanza63: folds 
Quiet Sunday: raises $0.15 to $0.20
VoltaWatts: folds 
Samoels: raises $0.23 to $0.43
Kallem28: folds 
JayJayJohnson: folds 
Ramkha: folds 
DLoVeBoss: folds 
Quiet Sunday: calls $0.23
*** FLOP *** [9s 5h 2s]
Quiet Sunday: checks 
Samoels: bets $0.44
Quiet Sunday: calls $0.44
*** TURN *** [9s 5h 2s] [6c]
Quiet Sunday: checks 
Samoels: checks 
*** RIVER *** [9s 5h 2s 6c] [Th]
Quiet Sunday: bets $4.20 and is all-in
Samoels: folds 
Uncalled bet ($4.20) returned to Quiet Sunday
Quiet Sunday collected $1.73 from pot
Quiet Sunday: doesn't show hand 
*** SUMMARY ***
Total pot $1.81 | Rake $0.08 
Board [9s 5h 2s 6c Th]
Seat 1: Dorex2007 folded before Flop (didn't bet)
Seat 2: Almanza63 folded before Flop (didn't bet)
Seat 3: Quiet Sunday collected ($1.73)
Seat 4: VoltaWatts folded before Flop (didn't bet)
Seat 5: Samoels folded on the River
Seat 6: Kallem28 folded before Flop (didn't bet)
Seat 7: JayJayJohnson (button) folded before Flop (didn't bet)
Seat 8: Ramkha (small blind) folded before Flop
Seat 9: DLoVeBoss (big blind) folded before Flop



PokerStars Hand #237776430499:  Hold'em No Limit ($0.02/$0.05 USD) - 2022/08/03 20:00:12 PT [2022/08/03 23:00:12 ET]
Table 'Vladimir II' 9-max Seat #8 is the button
Seat 1: Dorex2007 ($6.82 in chips) 
Seat 2: Almanza63 ($7.23 in chips) 
Seat 3: Quiet Sunday ($5.93 in chips) 
Seat 4: VoltaWatts ($4.10 in chips) 
Seat 5: Samoels ($3.13 in chips) 
Seat 6: Kallem28 ($5.73 in chips) 
Seat 7: JayJayJohnson ($4.93 in chips) 
Seat 8: Ramkha ($5 in chips) 
Seat 9: DLoVeBoss ($3.69 in chips) 
DLoVeBoss: posts small blind $0.02
Dorex2007: posts big blind $0.05
*** HOLE CARDS ***
Dealt to Dorex2007 [As Ad]
Almanza63: folds 
Quiet Sunday: raises $0.15 to $0.20
VoltaWatts: folds 
Samoels: folds 
Kallem28: folds 
JayJayJohnson: folds 
Ramkha: raises $0.35 to $0.55
DLoVeBoss: folds 
Dorex2007: raises $6.27 to $6.82 and is all-in
Quiet Sunday: folds 
Ramkha: folds 
Uncalled bet ($6.27) returned to Dorex2007
Dorex2007 collected $1.32 from pot
Dorex2007: doesn't show hand 
*** SUMMARY ***
Total pot $1.32 | Rake $0 
Seat 1: Dorex2007 (big blind) collected ($1.32)
Seat 2: Almanza63 folded before Flop (didn't bet)
Seat 3: Quiet Sunday folded before Flop
Seat 4: VoltaWatts folded before Flop (didn't bet)
Seat 5: Samoels folded before Flop (didn't bet)
Seat 6: Kallem28 folded before Flop (didn't bet)
Seat 7: JayJayJohnson folded before Flop (didn't bet)
Seat 8: Ramkha (button) folded before Flop
Seat 9: DLoVeBoss (small blind) folded before Flop



PokerStars Hand #237776438211:  Hold'em No Limit ($0.02/$0.05 USD) - 2022/08/03 20:01:02 PT [2022/08/03 23:01:02 ET]
Table 'Vladimir II' 9-max Seat #9 is the button
Seat 1: Dorex2007 ($7.59 in chips) 
Seat 3: Quiet Sunday ($5.73 in chips) 
Seat 4: VoltaWatts ($4.10 in chips) 
Seat 5: Samoels ($3.13 in chips) 
Seat 6: Kallem28 ($5.73 in chips) 
Seat 7: JayJayJohnson ($4.93 in chips) 
Seat 8: Ramkha ($5 in chips) 
Seat 9: DLoVeBoss ($3.67 in chips) 
Dorex2007: posts small blind $0.02
Almanza63 has timed out
Almanza63: is sitting out 
Quiet Sunday: posts big blind $0.05
*** HOLE CARDS ***
Dealt to Dorex2007 [3c Jc]
VoltaWatts: folds 
Samoels: folds 
Almanza63 is disconnected 
Kallem28: raises $0.15 to $0.20
JayJayJohnson: folds 
Ramkha: folds 
DLoVeBoss: folds 
Dorex2007: folds 
Quiet Sunday: folds 
Uncalled bet ($0.15) returned to Kallem28
Kallem28 collected $0.12 from pot
Kallem28: doesn't show hand 
*** SUMMARY ***
Total pot $0.12 | Rake $0 
Seat 1: Dorex2007 (small blind) folded before Flop
Seat 3: Quiet Sunday (big blind) folded before Flop
Seat 4: VoltaWatts folded before Flop (didn't bet)
Seat 5: Samoels folded before Flop (didn't bet)
Seat 6: Kallem28 collected ($0.12)
Seat 7: JayJayJohnson folded before Flop (didn't bet)
Seat 8: Ramkha folded before Flop (didn't bet)
Seat 9: DLoVeBoss (button) folded before Flop (didn't bet)



PokerStars Hand #237776442627:  Hold'em No Limit ($0.02/$0.05 USD) - 2022/08/03 20:01:28 PT [2022/08/03 23:01:28 ET]
Table 'Vladimir II' 9-max Seat #1 is the button
Seat 1: Dorex2007 ($7.57 in chips) 
Seat 3: Quiet Sunday ($5.68 in chips) 
Seat 4: VoltaWatts ($4.10 in chips) 
Seat 5: Samoels ($3.13 in chips) 
Seat 6: Kallem28 ($5.80 in chips) 
Seat 7: JayJayJohnson ($4.93 in chips) 
Seat 8: Ramkha ($5 in chips) 
Seat 9: DLoVeBoss ($3.67 in chips) 
Quiet Sunday: posts small blind $0.02
VoltaWatts: posts big blind $0.05
*** HOLE CARDS ***
Dealt to Dorex2007 [5s 9d]
Samoels: folds 
Kallem28: folds 
JayJayJohnson: raises $0.10 to $0.15
Ramkha: folds 
DLoVeBoss: folds 
Dorex2007: folds 
Quiet Sunday: folds 
Almanza63 leaves the table
VoltaWatts: raises $0.25 to $0.40
JayJayJohnson: calls $0.25
*** FLOP *** [4s 7d 4h]
VoltaWatts: bets $0.26
JayJayJohnson: calls $0.26
*** TURN *** [4s 7d 4h] [Ts]
VoltaWatts: bets $0.96
JayJayJohnson: folds 
Uncalled bet ($0.96) returned to VoltaWatts
VoltaWatts collected $1.28 from pot
VoltaWatts: doesn't show hand 
*** SUMMARY ***
Total pot $1.34 | Rake $0.06 
Board [4s 7d 4h Ts]
Seat 1: Dorex2007 (button) folded before Flop (didn't bet)
Seat 3: Quiet Sunday (small blind) folded before Flop
Seat 4: VoltaWatts (big blind) collected ($1.28)
Seat 5: Samoels folded before Flop (didn't bet)
Seat 6: Kallem28 folded before Flop (didn't bet)
Seat 7: JayJayJohnson folded on the Turn
Seat 8: Ramkha folded before Flop (didn't bet)
Seat 9: DLoVeBoss folded before Flop (didn't bet)



PokerStars Hand #237776450014:  Hold'em No Limit ($0.02/$0.05 USD) - 2022/08/03 20:02:13 PT [2022/08/03 23:02:13 ET]
Table 'Vladimir II' 9-max Seat #3 is the button
Seat 1: Dorex2007 ($7.57 in chips) 
Seat 3: Quiet Sunday ($5.66 in chips) 
Seat 4: VoltaWatts ($4.72 in chips) 
Seat 5: Samoels ($3.13 in chips) 
Seat 6: Kallem28 ($5.80 in chips) 
Seat 7: JayJayJohnson ($4.27 in chips) 
Seat 8: Ramkha ($5 in chips) 
Seat 9: DLoVeBoss ($3.67 in chips) 
VoltaWatts: posts small blind $0.02
Samoels: posts big blind $0.05
*** HOLE CARDS ***
Dealt to Dorex2007 [7h Qc]
Kallem28: folds 
JayJayJohnson: folds 
Ramkha: folds 
DLoVeBoss: folds 
Dorex2007: folds 
Quiet Sunday: folds 
VoltaWatts: raises $0.10 to $0.15
Samoels: calls $0.10
*** FLOP *** [3s 3d 9d]
VoltaWatts: checks 
Samoels: checks 
*** TURN *** [3s 3d 9d] [5h]
VoltaWatts: checks 
Samoels: checks 
*** RIVER *** [3s 3d 9d 5h] [Qd]
VoltaWatts: checks 
Samoels: checks 
*** SHOW DOWN ***
VoltaWatts: shows [Kc Tc] (a pair of Threes)
Samoels: shows [Kh 5s] (two pair, Fives and Threes)
Samoels collected $0.29 from pot
*** SUMMARY ***
Total pot $0.30 | Rake $0.01 
Board [3s 3d 9d 5h Qd]
Seat 1: Dorex2007 folded before Flop (didn't bet)
Seat 3: Quiet Sunday (button) folded before Flop (didn't bet)
Seat 4: VoltaWatts (small blind) showed [Kc Tc] and lost with a pair of Threes
Seat 5: Samoels (big blind) showed [Kh 5s] and won ($0.29) with two pair, Fives and Threes
Seat 6: Kallem28 folded before Flop (didn't bet)
Seat 7: JayJayJohnson folded before Flop (didn't bet)
Seat 8: Ramkha folded before Flop (didn't bet)
Seat 9: DLoVeBoss folded before Flop (didn't bet)



PokerStars Hand #237776462222:  Hold'em No Limit ($0.02/$0.05 USD) - 2022/08/03 20:03:19 PT [2022/08/03 23:03:19 ET]
Table 'Vladimir II' 9-max Seat #4 is the button
Seat 1: Dorex2007 ($7.57 in chips) 
Seat 3: Quiet Sunday ($5.66 in chips) 
Seat 4: VoltaWatts ($4.57 in chips) 
Seat 5: Samoels ($3.27 in chips) 
Seat 6: Kallem28 ($5.80 in chips) 
Seat 7: JayJayJohnson ($5 in chips) 
Seat 8: Ramkha ($5 in chips) 
Seat 9: DLoVeBoss ($3.67 in chips) 
Samoels: posts small blind $0.02
Kallem28: posts big blind $0.05
*** HOLE CARDS ***
Dealt to Dorex2007 [Kh 6h]
JayJayJohnson: folds 
Ramkha: folds 
DLoVeBoss: raises $0.05 to $0.10
Dorex2007: folds 
Quiet Sunday: folds 
VoltaWatts: calls $0.10
Samoels: folds 
Kallem28: calls $0.05
*** FLOP *** [9h 6d Ts]
Kallem28: bets $0.15
DLoVeBoss: calls $0.15
VoltaWatts: folds 
*** TURN *** [9h 6d Ts] [2d]
harbaka joins the table at seat #2 
Kallem28: bets $0.19
DLoVeBoss: calls $0.19
*** RIVER *** [9h 6d Ts 2d] [Ac]
Kallem28: checks 
DLoVeBoss: checks 
*** SHOW DOWN ***
Kallem28: shows [Js Th] (a pair of Tens)
DLoVeBoss: mucks hand 
Kallem28 collected $0.96 from pot
*** SUMMARY ***
Total pot $1 | Rake $0.04 
Board [9h 6d Ts 2d Ac]
Seat 1: Dorex2007 folded before Flop (didn't bet)
Seat 3: Quiet Sunday folded before Flop (didn't bet)
Seat 4: VoltaWatts (button) folded on the Flop
Seat 5: Samoels (small blind) folded before Flop
Seat 6: Kallem28 (big blind) showed [Js Th] and won ($0.96) with a pair of Tens
Seat 7: JayJayJohnson folded before Flop (didn't bet)
Seat 8: Ramkha folded before Flop (didn't bet)
Seat 9: DLoVeBoss mucked [Kc Jh]



PokerStars Hand #237776469423:  Hold'em No Limit ($0.02/$0.05 USD) - 2022/08/03 20:04:04 PT [2022/08/03 23:04:04 ET]
Table 'Vladimir II' 9-max Seat #5 is the button
Seat 1: Dorex2007 ($7.57 in chips) 
Seat 3: Quiet Sunday ($5.66 in chips) 
Seat 4: VoltaWatts ($4.47 in chips) 
Seat 5: Samoels ($3.25 in chips) 
Seat 6: Kallem28 ($6.32 in chips) 
Seat 7: JayJayJohnson ($5 in chips) 
Seat 8: Ramkha ($5 in chips) 
Seat 9: DLoVeBoss ($3.23 in chips) 
Kallem28: posts small blind $0.02
JayJayJohnson: posts big blind $0.05
harbaka: sits out 
*** HOLE CARDS ***
Dealt to Dorex2007 [5h 6s]
Ramkha: folds 
DLoVeBoss: raises $0.05 to $0.10
Dorex2007: folds 
Quiet Sunday: calls $0.10
VoltaWatts: folds 
Samoels: folds 
Kallem28: raises $0.15 to $0.25
JayJayJohnson: calls $0.20
DLoVeBoss: calls $0.15
Quiet Sunday: calls $0.15
*** FLOP *** [3c Ah Td]
Kallem28: bets $6.07 and is all-in
JayJayJohnson: folds 
DLoVeBoss: folds 
Quiet Sunday: folds 
Uncalled bet ($6.07) returned to Kallem28
Kallem28 collected $0.96 from pot
Kallem28: doesn't show hand 
*** SUMMARY ***
Total pot $1 | Rake $0.04 
Board [3c Ah Td]
Seat 1: Dorex2007 folded before Flop (didn't bet)
Seat 3: Quiet Sunday folded on the Flop
Seat 4: VoltaWatts folded before Flop (didn't bet)
Seat 5: Samoels (button) folded before Flop (didn't bet)
Seat 6: Kallem28 (small blind) collected ($0.96)
Seat 7: JayJayJohnson (big blind) folded on the Flop
Seat 8: Ramkha folded before Flop (didn't bet)
Seat 9: DLoVeBoss folded on the Flop



PokerStars Hand #237776481347:  Hold'em No Limit ($0.02/$0.05 USD) - 2022/08/03 20:05:00 PT [2022/08/03 23:05:00 ET]
Table 'Vladimir II' 9-max Seat #6 is the button
Seat 1: Dorex2007 ($7.57 in chips) 
Seat 3: Quiet Sunday ($5.41 in chips) 
Seat 4: VoltaWatts ($4.47 in chips) 
Seat 5: Samoels ($3.25 in chips) 
Seat 6: Kallem28 ($7.03 in chips) 
Seat 7: JayJayJohnson ($4.75 in chips) 
Seat 8: Ramkha ($5 in chips) 
Seat 9: DLoVeBoss ($2.98 in chips) 
JayJayJohnson: posts small blind $0.02
Ramkha: posts big blind $0.05
harbaka: sits out 
*** HOLE CARDS ***
Dealt to Dorex2007 [Td 3d]
DLoVeBoss: folds 
Dorex2007: folds 
Quiet Sunday: raises $0.10 to $0.15
VoltaWatts: folds 
Samoels: folds 
Kallem28: folds 
JayJayJohnson: calls $0.13
Ramkha: folds 
*** FLOP *** [9s 5c 6c]
JayJayJohnson: checks 
Quiet Sunday: checks 
*** TURN *** [9s 5c 6c] [Th]
JayJayJohnson: bets $0.15
Quiet Sunday: calls $0.15
*** RIVER *** [9s 5c 6c Th] [Jd]
JayJayJohnson: bets $0.40
Quiet Sunday: raises $4.71 to $5.11 and is all-in
JayJayJohnson: folds 
Uncalled bet ($4.71) returned to Quiet Sunday
Quiet Sunday collected $1.39 from pot
Quiet Sunday: doesn't show hand 
*** SUMMARY ***
Total pot $1.45 | Rake $0.06 
Board [9s 5c 6c Th Jd]
Seat 1: Dorex2007 folded before Flop (didn't bet)
Seat 3: Quiet Sunday collected ($1.39)
Seat 4: VoltaWatts folded before Flop (didn't bet)
Seat 5: Samoels folded before Flop (didn't bet)
Seat 6: Kallem28 (button) folded before Flop (didn't bet)
Seat 7: JayJayJohnson (small blind) folded on the River
Seat 8: Ramkha (big blind) folded before Flop
Seat 9: DLoVeBoss folded before Flop (didn't bet)



PokerStars Hand #237776489073:  Hold'em No Limit ($0.02/$0.05 USD) - 2022/08/03 20:05:47 PT [2022/08/03 23:05:47 ET]
Table 'Vladimir II' 9-max Seat #7 is the button
Seat 1: Dorex2007 ($7.57 in chips) 
Seat 3: Quiet Sunday ($6.10 in chips) 
Seat 4: VoltaWatts ($4.47 in chips) 
Seat 5: Samoels ($3.25 in chips) 
Seat 6: Kallem28 ($7.03 in chips) 
Seat 7: JayJayJohnson ($4.05 in chips) 
Seat 8: Ramkha ($5 in chips) 
Seat 9: DLoVeBoss ($2.98 in chips) 
Ramkha: posts small blind $0.02
DLoVeBoss: posts big blind $0.05
harbaka: sits out 
*** HOLE CARDS ***
Dealt to Dorex2007 [8d 9d]
Dorex2007: calls $0.05
Quiet Sunday: folds 
VoltaWatts: folds 
Samoels: raises $0.13 to $0.18
Kallem28: folds 
JayJayJohnson: folds 
Ramkha: folds 
DLoVeBoss: folds 
Dorex2007: calls $0.13
*** FLOP *** [3h 5s Ts]
Dorex2007: checks 
Samoels: bets $0.20
Dorex2007: folds 
Uncalled bet ($0.20) returned to Samoels
Samoels collected $0.41 from pot
Samoels: doesn't show hand 
*** SUMMARY ***
Total pot $0.43 | Rake $0.02 
Board [3h 5s Ts]
Seat 1: Dorex2007 folded on the Flop
Seat 3: Quiet Sunday folded before Flop (didn't bet)
Seat 4: VoltaWatts folded before Flop (didn't bet)
Seat 5: Samoels collected ($0.41)
Seat 6: Kallem28 folded before Flop (didn't bet)
Seat 7: JayJayJohnson (button) folded before Flop (didn't bet)
Seat 8: Ramkha (small blind) folded before Flop
Seat 9: DLoVeBoss (big blind) folded before Flop



PokerStars Hand #237776503992:  Hold'em No Limit ($0.02/$0.05 USD) - 2022/08/03 20:06:29 PT [2022/08/03 23:06:29 ET]
Table 'Vladimir II' 9-max Seat #8 is the button
Seat 1: Dorex2007 ($7.39 in chips) 
Seat 3: Quiet Sunday ($6.10 in chips) 
Seat 4: VoltaWatts ($4.47 in chips) 
Seat 5: Samoels ($3.48 in chips) 
Seat 6: Kallem28 ($7.03 in chips) 
Seat 7: JayJayJohnson ($5 in chips) 
Seat 8: Ramkha ($5 in chips) 
Seat 9: DLoVeBoss ($2.93 in chips) 
DLoVeBoss: posts small blind $0.02
Dorex2007: posts big blind $0.05
harbaka: sits out 
*** HOLE CARDS ***
Dealt to Dorex2007 [7d 8d]
Quiet Sunday: folds 
VoltaWatts: raises $0.10 to $0.15
Samoels: folds 
Kallem28: calls $0.15
JayJayJohnson: folds 
Ramkha: folds 
DLoVeBoss: folds 
Dorex2007: folds 
*** FLOP *** [Ts 9s Qc]
VoltaWatts: checks 
Kallem28: bets $0.15
VoltaWatts: calls $0.15
*** TURN *** [Ts 9s Qc] [8s]
VoltaWatts: checks 
Kallem28: bets $0.21
VoltaWatts: folds 
Uncalled bet ($0.21) returned to Kallem28
Kallem28 collected $0.64 from pot
Kallem28: doesn't show hand 
*** SUMMARY ***
Total pot $0.67 | Rake $0.03 
Board [Ts 9s Qc 8s]
Seat 1: Dorex2007 (big blind) folded before Flop
Seat 3: Quiet Sunday folded before Flop (didn't bet)
Seat 4: VoltaWatts folded on the Turn
Seat 5: Samoels folded before Flop (didn't bet)
Seat 6: Kallem28 collected ($0.64)
Seat 7: JayJayJohnson folded before Flop (didn't bet)
Seat 8: Ramkha (button) folded before Flop (didn't bet)
Seat 9: DLoVeBoss (small blind) folded before Flop



PokerStars Hand #237776511116:  Hold'em No Limit ($0.02/$0.05 USD) - 2022/08/03 20:07:13 PT [2022/08/03 23:07:13 ET]
Table 'Vladimir II' 9-max Seat #9 is the button
Seat 1: Dorex2007 ($7.34 in chips) 
Seat 2: harbaka ($2 in chips) 
Seat 3: Quiet Sunday ($6.10 in chips) 
Seat 4: VoltaWatts ($4.17 in chips) 
Seat 5: Samoels ($3.48 in chips) 
Seat 6: Kallem28 ($7.37 in chips) 
Seat 7: JayJayJohnson ($5 in chips) 
Seat 8: Ramkha ($5 in chips) 
Seat 9: DLoVeBoss ($2.91 in chips) 
Dorex2007: posts small blind $0.02
harbaka: posts big blind $0.05
*** HOLE CARDS ***
Dealt to Dorex2007 [8s 3d]
Quiet Sunday: raises $0.10 to $0.15
VoltaWatts: folds 
Samoels: folds 
Kallem28: folds 
JayJayJohnson: folds 
Ramkha: folds 
DLoVeBoss: folds 
Dorex2007: folds 
harbaka: folds 
Uncalled bet ($0.10) returned to Quiet Sunday
Quiet Sunday collected $0.12 from pot
Quiet Sunday: doesn't show hand 
*** SUMMARY ***
Total pot $0.12 | Rake $0 
Seat 1: Dorex2007 (small blind) folded before Flop
Seat 2: harbaka (big blind) folded before Flop
Seat 3: Quiet Sunday collected ($0.12)
Seat 4: VoltaWatts folded before Flop (didn't bet)
Seat 5: Samoels folded before Flop (didn't bet)
Seat 6: Kallem28 folded before Flop (didn't bet)
Seat 7: JayJayJohnson folded before Flop (didn't bet)
Seat 8: Ramkha folded before Flop (didn't bet)
Seat 9: DLoVeBoss (button) folded before Flop (didn't bet)



PokerStars Hand #237776514351:  Hold'em No Limit ($0.02/$0.05 USD) - 2022/08/03 20:07:33 PT [2022/08/03 23:07:33 ET]
Table 'Vladimir II' 9-max Seat #1 is the button
Seat 1: Dorex2007 ($7.32 in chips) 
Seat 2: harbaka ($1.95 in chips) 
Seat 3: Quiet Sunday ($6.17 in chips) 
Seat 4: VoltaWatts ($4.17 in chips) 
Seat 5: Samoels ($3.48 in chips) 
Seat 6: Kallem28 ($7.37 in chips) 
Seat 7: JayJayJohnson ($5 in chips) 
Seat 8: Ramkha ($5 in chips) 
Seat 9: DLoVeBoss ($2.91 in chips) 
harbaka: posts small blind $0.02
Quiet Sunday: posts big blind $0.05
*** HOLE CARDS ***
Dealt to Dorex2007 [9h Tc]
VoltaWatts: folds 
Samoels: folds 
Kallem28: folds 
JayJayJohnson: raises $0.10 to $0.15
Ramkha: folds 
DLoVeBoss: calls $0.15
Dorex2007: folds 
harbaka: folds 
Quiet Sunday: calls $0.10
*** FLOP *** [As 9d 9s]
Quiet Sunday: checks 
JayJayJohnson: checks 
DLoVeBoss: checks 
*** TURN *** [As 9d 9s] [7d]
Quiet Sunday: bets $0.22
JayJayJohnson: calls $0.22
DLoVeBoss: calls $0.22
*** RIVER *** [As 9d 9s 7d] [6s]
Quiet Sunday: bets $0.54
JayJayJohnson: folds 
DLoVeBoss: calls $0.54
*** SHOW DOWN ***
Quiet Sunday: shows [7s 7c] (a full house, Sevens full of Nines)
DLoVeBoss: mucks hand 
Quiet Sunday collected $2.12 from pot
*** SUMMARY ***
Total pot $2.21 | Rake $0.09 
Board [As 9d 9s 7d 6s]
Seat 1: Dorex2007 (button) folded before Flop (didn't bet)
Seat 2: harbaka (small blind) folded before Flop
Seat 3: Quiet Sunday (big blind) showed [7s 7c] and won ($2.12) with a full house, Sevens full of Nines
Seat 4: VoltaWatts folded before Flop (didn't bet)
Seat 5: Samoels folded before Flop (didn't bet)
Seat 6: Kallem28 folded before Flop (didn't bet)
Seat 7: JayJayJohnson folded on the River
Seat 8: Ramkha folded before Flop (didn't bet)
Seat 9: DLoVeBoss mucked [Qc 9c]



PokerStars Hand #237776520888:  Hold'em No Limit ($0.02/$0.05 USD) - 2022/08/03 20:08:15 PT [2022/08/03 23:08:15 ET]
Table 'Vladimir II' 9-max Seat #2 is the button
Seat 1: Dorex2007 ($7.32 in chips) 
Seat 2: harbaka ($1.93 in chips) 
Seat 3: Quiet Sunday ($7.38 in chips) 
Seat 4: VoltaWatts ($4.17 in chips) 
Seat 5: Samoels ($3.48 in chips) 
Seat 6: Kallem28 ($7.37 in chips) 
Seat 7: JayJayJohnson ($4.63 in chips) 
Seat 8: Ramkha ($5 in chips) 
Seat 9: DLoVeBoss ($2 in chips) 
Quiet Sunday: posts small blind $0.02
VoltaWatts: posts big blind $0.05
*** HOLE CARDS ***
Dealt to Dorex2007 [Js 4c]
Samoels: folds 
Kallem28: folds 
JayJayJohnson: folds 
Ramkha: folds 
DLoVeBoss: folds 
Dorex2007: folds 
harbaka: folds 
Quiet Sunday: raises $0.10 to $0.15
VoltaWatts: calls $0.10
*** FLOP *** [Ac Jh 9d]
Quiet Sunday: checks 
VoltaWatts: checks 
*** TURN *** [Ac Jh 9d] [Ks]
Quiet Sunday: checks 
VoltaWatts: bets $0.10
Quiet Sunday: folds 
Uncalled bet ($0.10) returned to VoltaWatts
VoltaWatts collected $0.29 from pot
VoltaWatts: doesn't show hand 
*** SUMMARY ***
Total pot $0.30 | Rake $0.01 
Board [Ac Jh 9d Ks]
Seat 1: Dorex2007 folded before Flop (didn't bet)
Seat 2: harbaka (button) folded before Flop (didn't bet)
Seat 3: Quiet Sunday (small blind) folded on the Turn
Seat 4: VoltaWatts (big blind) collected ($0.29)
Seat 5: Samoels folded before Flop (didn't bet)
Seat 6: Kallem28 folded before Flop (didn't bet)
Seat 7: JayJayJohnson folded before Flop (didn't bet)
Seat 8: Ramkha folded before Flop (didn't bet)
Seat 9: DLoVeBoss folded before Flop (didn't bet)



PokerStars Hand #237776527397:  Hold'em No Limit ($0.02/$0.05 USD) - 2022/08/03 20:08:57 PT [2022/08/03 23:08:57 ET]
Table 'Vladimir II' 9-max Seat #3 is the button
Seat 1: Dorex2007 ($7.32 in chips) 
Seat 2: harbaka ($1.93 in chips) 
Seat 3: Quiet Sunday ($7.23 in chips) 
Seat 4: VoltaWatts ($4.31 in chips) 
Seat 5: Samoels ($3.48 in chips) 
Seat 6: Kallem28 ($7.37 in chips) 
Seat 7: JayJayJohnson ($5 in chips) 
Seat 8: Ramkha ($5 in chips) 
Seat 9: DLoVeBoss ($2 in chips) 
VoltaWatts: posts small blind $0.02
Samoels: posts big blind $0.05
*** HOLE CARDS ***
Dealt to Dorex2007 [5c Ts]
Kallem28: folds 
JayJayJohnson: raises $0.10 to $0.15
Ramkha: folds 
DLoVeBoss: raises $0.37 to $0.52
Dorex2007: folds 
harbaka: folds 
Quiet Sunday: folds 
VoltaWatts: folds 
Samoels: folds 
JayJayJohnson: folds 
Uncalled bet ($0.37) returned to DLoVeBoss
DLoVeBoss collected $0.37 from pot
*** SUMMARY ***
Total pot $0.37 | Rake $0 
Seat 1: Dorex2007 folded before Flop (didn't bet)
Seat 2: harbaka folded before Flop (didn't bet)
Seat 3: Quiet Sunday (button) folded before Flop (didn't bet)
Seat 4: VoltaWatts (small blind) folded before Flop
Seat 5: Samoels (big blind) folded before Flop
Seat 6: Kallem28 folded before Flop (didn't bet)
Seat 7: JayJayJohnson folded before Flop
Seat 8: Ramkha folded before Flop (didn't bet)
Seat 9: DLoVeBoss collected ($0.37)



PokerStars Hand #237776530556:  Hold'em No Limit ($0.02/$0.05 USD) - 2022/08/03 20:09:16 PT [2022/08/03 23:09:16 ET]
Table 'Vladimir II' 9-max Seat #4 is the button
Seat 1: Dorex2007 ($7.32 in chips) 
Seat 2: harbaka ($1.93 in chips) 
Seat 3: Quiet Sunday ($7.23 in chips) 
Seat 4: VoltaWatts ($4.29 in chips) 
Seat 5: Samoels ($3.43 in chips) 
Seat 6: Kallem28 ($7.37 in chips) 
Seat 7: JayJayJohnson ($4.85 in chips) 
Seat 8: Ramkha ($5 in chips) 
Seat 9: DLoVeBoss ($2.22 in chips) 
Samoels: posts small blind $0.02
Kallem28: posts big blind $0.05
*** HOLE CARDS ***
Dealt to Dorex2007 [4c Kc]
JayJayJohnson: folds 
Ramkha: raises $0.07 to $0.12
DLoVeBoss: calls $0.12
Dorex2007: folds 
harbaka: folds 
Quiet Sunday: folds 
VoltaWatts: calls $0.12
Samoels: folds 
Kallem28: calls $0.07
*** FLOP *** [3s Qh 7d]
Kallem28: bets $0.10
Ramkha: raises $0.15 to $0.25
DLoVeBoss: calls $0.25
VoltaWatts: folds 
Kallem28: calls $0.15
*** TURN *** [3s Qh 7d] [2h]
Kallem28: checks 
Ramkha: bets $0.90
DLoVeBoss: calls $0.90
Kallem28: folds 
*** RIVER *** [3s Qh 7d 2h] [6d]
Ramkha: bets $1.10
DLoVeBoss: calls $0.95 and is all-in
Uncalled bet ($0.15) returned to Ramkha
*** SHOW DOWN ***
Ramkha: shows [7c 7h] (three of a kind, Sevens)
DLoVeBoss: shows [Th Qd] (a pair of Queens)
Ramkha collected $4.74 from pot
*** SUMMARY ***
Total pot $4.95 | Rake $0.21 
Board [3s Qh 7d 2h 6d]
Seat 1: Dorex2007 folded before Flop (didn't bet)
Seat 2: harbaka folded before Flop (didn't bet)
Seat 3: Quiet Sunday folded before Flop (didn't bet)
Seat 4: VoltaWatts (button) folded on the Flop
Seat 5: Samoels (small blind) folded before Flop
Seat 6: Kallem28 (big blind) folded on the Turn
Seat 7: JayJayJohnson folded before Flop (didn't bet)
Seat 8: Ramkha showed [7c 7h] and won ($4.74) with three of a kind, Sevens
Seat 9: DLoVeBoss showed [Th Qd] and lost with a pair of Queens



PokerStars Hand #237776540658:  Hold'em No Limit ($0.02/$0.05 USD) - 2022/08/03 20:10:20 PT [2022/08/03 23:10:20 ET]
Table 'Vladimir II' 9-max Seat #5 is the button
Seat 1: Dorex2007 ($7.32 in chips) 
Seat 2: harbaka ($1.93 in chips) 
Seat 3: Quiet Sunday ($7.23 in chips) 
Seat 4: VoltaWatts ($4.17 in chips) 
Seat 5: Samoels ($3.41 in chips) 
Seat 6: Kallem28 ($7 in chips) 
Seat 7: JayJayJohnson ($4.85 in chips) 
Seat 8: Ramkha ($7.52 in chips) 
Kallem28: posts small blind $0.02
JayJayJohnson: posts big blind $0.05
*** HOLE CARDS ***
Dealt to Dorex2007 [2h 7c]
Ramkha: raises $0.07 to $0.12
Dorex2007: folds 
harbaka: folds 
Quiet Sunday: folds 
DLoVeBoss is disconnected 
VoltaWatts: folds 
Samoels: raises $0.28 to $0.40
Kallem28: folds 
JayJayJohnson: folds 
Ramkha: folds 
Uncalled bet ($0.28) returned to Samoels
Samoels collected $0.31 from pot
Samoels: doesn't show hand 
*** SUMMARY ***
Total pot $0.31 | Rake $0 
Seat 1: Dorex2007 folded before Flop (didn't bet)
Seat 2: harbaka folded before Flop (didn't bet)
Seat 3: Quiet Sunday folded before Flop (didn't bet)
Seat 4: VoltaWatts folded before Flop (didn't bet)
Seat 5: Samoels (button) collected ($0.31)
Seat 6: Kallem28 (small blind) folded before Flop
Seat 7: JayJayJohnson (big blind) folded before Flop
Seat 8: Ramkha folded before Flop



PokerStars Hand #237776544295:  Hold'em No Limit ($0.02/$0.05 USD) - 2022/08/03 20:10:43 PT [2022/08/03 23:10:43 ET]
Table 'Vladimir II' 9-max Seat #6 is the button
Seat 1: Dorex2007 ($7.32 in chips) 
Seat 2: harbaka ($1.93 in chips) 
Seat 3: Quiet Sunday ($7.23 in chips) 
Seat 4: VoltaWatts ($4.17 in chips) 
Seat 5: Samoels ($3.60 in chips) 
Seat 6: Kallem28 ($6.98 in chips) 
Seat 7: JayJayJohnson ($4.80 in chips) 
Seat 8: Ramkha ($7.40 in chips) 
JayJayJohnson: posts small blind $0.02
Ramkha: posts big blind $0.05
*** HOLE CARDS ***
Dealt to Dorex2007 [2d Js]
Dorex2007: folds 
harbaka: folds 
Quiet Sunday: folds 
VoltaWatts: raises $0.10 to $0.15
Samoels: folds 
Kallem28: folds 
JayJayJohnson: folds 
Ramkha: folds 
Uncalled bet ($0.10) returned to VoltaWatts
VoltaWatts collected $0.12 from pot
VoltaWatts: doesn't show hand 
*** SUMMARY ***
Total pot $0.12 | Rake $0 
Seat 1: Dorex2007 folded before Flop (didn't bet)
Seat 2: harbaka folded before Flop (didn't bet)
Seat 3: Quiet Sunday folded before Flop (didn't bet)
Seat 4: VoltaWatts collected ($0.12)
Seat 5: Samoels folded before Flop (didn't bet)
Seat 6: Kallem28 (button) folded before Flop (didn't bet)
Seat 7: JayJayJohnson (small blind) folded before Flop
Seat 8: Ramkha (big blind) folded before Flop



PokerStars Hand #237776546815:  Hold'em No Limit ($0.02/$0.05 USD) - 2022/08/03 20:10:59 PT [2022/08/03 23:10:59 ET]
Table 'Vladimir II' 9-max Seat #7 is the button
Seat 1: Dorex2007 ($7.32 in chips) 
Seat 2: harbaka ($1.93 in chips) 
Seat 3: Quiet Sunday ($7.23 in chips) 
Seat 4: VoltaWatts ($4.24 in chips) 
Seat 5: Samoels ($3.60 in chips) 
Seat 6: Kallem28 ($6.98 in chips) 
Seat 7: JayJayJohnson ($4.78 in chips) 
Seat 8: Ramkha ($7.35 in chips) 
Ramkha: posts small blind $0.02
Dorex2007: posts big blind $0.05
*** HOLE CARDS ***
Dealt to Dorex2007 [8d 7h]
harbaka: raises $0.10 to $0.15
Quiet Sunday: folds 
VoltaWatts: folds 
Samoels: folds 
Kallem28: folds 
JayJayJohnson: folds 
Ramkha: folds 
Dorex2007: folds 
Uncalled bet ($0.10) returned to harbaka
harbaka collected $0.12 from pot
harbaka: doesn't show hand 
*** SUMMARY ***
Total pot $0.12 | Rake $0 
Seat 1: Dorex2007 (big blind) folded before Flop
Seat 2: harbaka collected ($0.12)
Seat 3: Quiet Sunday folded before Flop (didn't bet)
Seat 4: VoltaWatts folded before Flop (didn't bet)
Seat 5: Samoels folded before Flop (didn't bet)
Seat 6: Kallem28 folded before Flop (didn't bet)
Seat 7: JayJayJohnson (button) folded before Flop (didn't bet)
Seat 8: Ramkha (small blind) folded before Flop



PokerStars Hand #237776548947:  Hold'em No Limit ($0.02/$0.05 USD) - 2022/08/03 20:11:13 PT [2022/08/03 23:11:13 ET]
Table 'Vladimir II' 9-max Seat #8 is the button
Seat 1: Dorex2007 ($7.27 in chips) 
Seat 2: harbaka ($2 in chips) 
Seat 3: Quiet Sunday ($7.23 in chips) 
Seat 4: VoltaWatts ($4.24 in chips) 
Seat 5: Samoels ($3.60 in chips) 
Seat 6: Kallem28 ($6.98 in chips) 
Seat 7: JayJayJohnson ($4.78 in chips) 
Seat 8: Ramkha ($7.33 in chips) 
Dorex2007: posts small blind $0.02
harbaka: posts big blind $0.05
*** HOLE CARDS ***
Dealt to Dorex2007 [4h Td]
Quiet Sunday: raises $0.10 to $0.15
VoltaWatts: folds 
Samoels: folds 
Kallem28: folds 
JayJayJohnson: folds 
Ramkha: folds 
Dorex2007: folds 
harbaka: folds 
Uncalled bet ($0.10) returned to Quiet Sunday
Quiet Sunday collected $0.12 from pot
Quiet Sunday: doesn't show hand 
*** SUMMARY ***
Total pot $0.12 | Rake $0 
Seat 1: Dorex2007 (small blind) folded before Flop
Seat 2: harbaka (big blind) folded before Flop
Seat 3: Quiet Sunday collected ($0.12)
Seat 4: VoltaWatts folded before Flop (didn't bet)
Seat 5: Samoels folded before Flop (didn't bet)
Seat 6: Kallem28 folded before Flop (didn't bet)
Seat 7: JayJayJohnson folded before Flop (didn't bet)
Seat 8: Ramkha (button) folded before Flop (didn't bet)



PokerStars Hand #237776551108:  Hold'em No Limit ($0.02/$0.05 USD) - 2022/08/03 20:11:26 PT [2022/08/03 23:11:26 ET]
Table 'Vladimir II' 9-max Seat #1 is the button
Seat 1: Dorex2007 ($7.25 in chips) 
Seat 2: harbaka ($1.95 in chips) 
Seat 3: Quiet Sunday ($7.30 in chips) 
Seat 4: VoltaWatts ($4.24 in chips) 
Seat 5: Samoels ($3.60 in chips) 
Seat 6: Kallem28 ($6.98 in chips) 
Seat 7: JayJayJohnson ($4.78 in chips) 
Seat 8: Ramkha ($7.33 in chips) 
harbaka: posts small blind $0.02
Quiet Sunday: posts big blind $0.05
*** HOLE CARDS ***
Dealt to Dorex2007 [8h 7d]
VoltaWatts: folds 
Samoels: folds 
Kallem28: folds 
JayJayJohnson: folds 
Ramkha: raises $0.07 to $0.12
Dorex2007: folds 
harbaka: folds 
Quiet Sunday: calls $0.07
*** FLOP *** [3d 6d Qd]
Quiet Sunday: checks 
Ramkha: bets $0.08
Quiet Sunday: folds 
Uncalled bet ($0.08) returned to Ramkha
Ramkha collected $0.25 from pot
Ramkha: doesn't show hand 
*** SUMMARY ***
Total pot $0.26 | Rake $0.01 
Board [3d 6d Qd]
Seat 1: Dorex2007 (button) folded before Flop (didn't bet)
Seat 2: harbaka (small blind) folded before Flop
Seat 3: Quiet Sunday (big blind) folded on the Flop
Seat 4: VoltaWatts folded before Flop (didn't bet)
Seat 5: Samoels folded before Flop (didn't bet)
Seat 6: Kallem28 folded before Flop (didn't bet)
Seat 7: JayJayJohnson folded before Flop (didn't bet)
Seat 8: Ramkha collected ($0.25)



PokerStars Hand #237776556221:  Hold'em No Limit ($0.02/$0.05 USD) - 2022/08/03 20:11:58 PT [2022/08/03 23:11:58 ET]
Table 'Vladimir II' 9-max Seat #2 is the button
Seat 1: Dorex2007 ($7.25 in chips) 
Seat 2: harbaka ($1.93 in chips) 
Seat 3: Quiet Sunday ($7.18 in chips) 
Seat 4: VoltaWatts ($4.24 in chips) 
Seat 5: Samoels ($3.60 in chips) 
Seat 6: Kallem28 ($6.98 in chips) 
Seat 7: JayJayJohnson ($4.78 in chips) 
Seat 8: Ramkha ($7.46 in chips) 
Quiet Sunday: posts small blind $0.02
VoltaWatts: posts big blind $0.05
*** HOLE CARDS ***
Dealt to Dorex2007 [4s 9d]
Samoels: raises $0.07 to $0.12
Kallem28: calls $0.12
JayJayJohnson: folds 
Ramkha: folds 
Dorex2007: folds 
harbaka: folds 
Quiet Sunday: folds 
VoltaWatts: folds 
*** FLOP *** [8c Qd 3d]
Samoels: checks 
Kallem28: checks 
*** TURN *** [8c Qd 3d] [2c]
Samoels: checks 
Kallem28: checks 
*** RIVER *** [8c Qd 3d 2c] [Ts]
Samoels: bets $0.15
Kallem28: folds 
Uncalled bet ($0.15) returned to Samoels
Samoels collected $0.30 from pot
Samoels: doesn't show hand 
*** SUMMARY ***
Total pot $0.31 | Rake $0.01 
Board [8c Qd 3d 2c Ts]
Seat 1: Dorex2007 folded before Flop (didn't bet)
Seat 2: harbaka (button) folded before Flop (didn't bet)
Seat 3: Quiet Sunday (small blind) folded before Flop
Seat 4: VoltaWatts (big blind) folded before Flop
Seat 5: Samoels collected ($0.30)
Seat 6: Kallem28 folded on the River
Seat 7: JayJayJohnson folded before Flop (didn't bet)
Seat 8: Ramkha folded before Flop (didn't bet)



PokerStars Hand #237776561516:  Hold'em No Limit ($0.02/$0.05 USD) - 2022/08/03 20:12:31 PT [2022/08/03 23:12:31 ET]
Table 'Vladimir II' 9-max Seat #3 is the button
Seat 1: Dorex2007 ($7.25 in chips) 
Seat 2: harbaka ($1.93 in chips) 
Seat 3: Quiet Sunday ($7.16 in chips) 
Seat 4: VoltaWatts ($4.19 in chips) 
Seat 5: Samoels ($3.78 in chips) 
Seat 6: Kallem28 ($6.86 in chips) 
Seat 7: JayJayJohnson ($4.78 in chips) 
Seat 8: Ramkha ($7.46 in chips) 
VoltaWatts: posts small blind $0.02
Samoels: posts big blind $0.05
*** HOLE CARDS ***
Dealt to Dorex2007 [Kd 6h]
Kallem28: folds 
JayJayJohnson: folds 
Ramkha: folds 
Dorex2007: folds 
harbaka: folds 
Quiet Sunday: raises $0.10 to $0.15
VoltaWatts: folds 
Samoels: folds 
Uncalled bet ($0.10) returned to Quiet Sunday
Quiet Sunday collected $0.12 from pot
Quiet Sunday: doesn't show hand 
*** SUMMARY ***
Total pot $0.12 | Rake $0 
Seat 1: Dorex2007 folded before Flop (didn't bet)
Seat 2: harbaka folded before Flop (didn't bet)
Seat 3: Quiet Sunday (button) collected ($0.12)
Seat 4: VoltaWatts (small blind) folded before Flop
Seat 5: Samoels (big blind) folded before Flop
Seat 6: Kallem28 folded before Flop (didn't bet)
Seat 7: JayJayJohnson folded before Flop (didn't bet)
Seat 8: Ramkha folded before Flop (didn't bet)



PokerStars Hand #237776565039:  Hold'em No Limit ($0.02/$0.05 USD) - 2022/08/03 20:12:54 PT [2022/08/03 23:12:54 ET]
Table 'Vladimir II' 9-max Seat #4 is the button
Seat 1: Dorex2007 ($7.25 in chips) 
Seat 2: harbaka ($1.93 in chips) 
Seat 3: Quiet Sunday ($7.23 in chips) 
Seat 4: VoltaWatts ($4.17 in chips) 
Seat 5: Samoels ($3.73 in chips) 
Seat 6: Kallem28 ($6.86 in chips) 
Seat 7: JayJayJohnson ($4.78 in chips) 
Seat 8: Ramkha ($7.46 in chips) 
Samoels: posts small blind $0.02
Kallem28: posts big blind $0.05
*** HOLE CARDS ***
Dealt to Dorex2007 [9h 9c]
JayJayJohnson: raises $0.10 to $0.15
Ramkha: folds 
Dorex2007: calls $0.15
harbaka: folds 
Quiet Sunday: folds 
VoltaWatts: folds 
Samoels: folds 
Kallem28: folds 
*** FLOP *** [As 7d 5h]
JayJayJohnson: checks 
Dorex2007: checks 
*** TURN *** [As 7d 5h] [2s]
JayJayJohnson: bets $0.22
Dorex2007: calls $0.22
*** RIVER *** [As 7d 5h 2s] [Ad]
JayJayJohnson: bets $0.60
Dorex2007: calls $0.60
*** SHOW DOWN ***
JayJayJohnson: shows [Ks Qs] (a pair of Aces)
Dorex2007: shows [9h 9c] (two pair, Aces and Nines)
Dorex2007 collected $1.93 from pot
*** SUMMARY ***
Total pot $2.01 | Rake $0.08 
Board [As 7d 5h 2s Ad]
Seat 1: Dorex2007 showed [9h 9c] and won ($1.93) with two pair, Aces and Nines
Seat 2: harbaka folded before Flop (didn't bet)
Seat 3: Quiet Sunday folded before Flop (didn't bet)
Seat 4: VoltaWatts (button) folded before Flop (didn't bet)
Seat 5: Samoels (small blind) folded before Flop
Seat 6: Kallem28 (big blind) folded before Flop
Seat 7: JayJayJohnson showed [Ks Qs] and lost with a pair of Aces
Seat 8: Ramkha folded before Flop (didn't bet)



PokerStars Hand #237776572016:  Hold'em No Limit ($0.02/$0.05 USD) - 2022/08/03 20:13:39 PT [2022/08/03 23:13:39 ET]
Table 'Vladimir II' 9-max Seat #5 is the button
Seat 1: Dorex2007 ($8.21 in chips) 
Seat 2: harbaka ($1.93 in chips) 
Seat 3: Quiet Sunday ($7.23 in chips) 
Seat 4: VoltaWatts ($4.17 in chips) 
Seat 5: Samoels ($3.71 in chips) 
Seat 6: Kallem28 ($6.81 in chips) 
Seat 7: JayJayJohnson ($3.81 in chips) 
Seat 8: Ramkha ($7.46 in chips) 
Kallem28: posts small blind $0.02
JayJayJohnson: posts big blind $0.05
*** HOLE CARDS ***
Dealt to Dorex2007 [2c Jd]
Ramkha: folds 
Dorex2007: folds 
harbaka: folds 
Quiet Sunday: folds 
VoltaWatts: raises $0.10 to $0.15
Samoels: folds 
Kallem28: folds 
JayJayJohnson: folds 
Uncalled bet ($0.10) returned to VoltaWatts
VoltaWatts collected $0.12 from pot
VoltaWatts: doesn't show hand 
*** SUMMARY ***
Total pot $0.12 | Rake $0 
Seat 1: Dorex2007 folded before Flop (didn't bet)
Seat 2: harbaka folded before Flop (didn't bet)
Seat 3: Quiet Sunday folded before Flop (didn't bet)
Seat 4: VoltaWatts collected ($0.12)
Seat 5: Samoels (button) folded before Flop (didn't bet)
Seat 6: Kallem28 (small blind) folded before Flop
Seat 7: JayJayJohnson (big blind) folded before Flop
Seat 8: Ramkha folded before Flop (didn't bet)



PokerStars Hand #237776574125:  Hold'em No Limit ($0.02/$0.05 USD) - 2022/08/03 20:13:52 PT [2022/08/03 23:13:52 ET]
Table 'Vladimir II' 9-max Seat #6 is the button
Seat 1: Dorex2007 ($8.21 in chips) 
Seat 2: harbaka ($1.93 in chips) 
Seat 3: Quiet Sunday ($7.23 in chips) 
Seat 4: VoltaWatts ($4.24 in chips) 
Seat 5: Samoels ($3.71 in chips) 
Seat 6: Kallem28 ($6.79 in chips) 
Seat 7: JayJayJohnson ($4.95 in chips) 
Seat 8: Ramkha ($7.46 in chips) 
JayJayJohnson: posts small blind $0.02
Ramkha: posts big blind $0.05
*** HOLE CARDS ***
Dealt to Dorex2007 [4c Ac]
Dorex2007: folds 
harbaka: folds 
Quiet Sunday: folds 
VoltaWatts: folds 
Samoels: raises $0.08 to $0.13
Kallem28: raises $0.08 to $0.21
JayJayJohnson: folds 
Ramkha: folds 
Samoels: raises $0.44 to $0.65
Kallem28: calls $0.44
*** FLOP *** [2h Qh 3s]
Samoels: bets $1.31
Kallem28: folds 
Uncalled bet ($1.31) returned to Samoels
Samoels collected $1.31 from pot
Samoels: doesn't show hand 
*** SUMMARY ***
Total pot $1.37 | Rake $0.06 
Board [2h Qh 3s]
Seat 1: Dorex2007 folded before Flop (didn't bet)
Seat 2: harbaka folded before Flop (didn't bet)
Seat 3: Quiet Sunday folded before Flop (didn't bet)
Seat 4: VoltaWatts folded before Flop (didn't bet)
Seat 5: Samoels collected ($1.31)
Seat 6: Kallem28 (button) folded on the Flop
Seat 7: JayJayJohnson (small blind) folded before Flop
Seat 8: Ramkha (big blind) folded before Flop



PokerStars Hand #237776580974:  Hold'em No Limit ($0.02/$0.05 USD) - 2022/08/03 20:14:36 PT [2022/08/03 23:14:36 ET]
Table 'Vladimir II' 9-max Seat #7 is the button
Seat 1: Dorex2007 ($8.21 in chips) 
Seat 2: harbaka ($1.93 in chips) 
Seat 3: Quiet Sunday ($7.23 in chips) 
Seat 4: VoltaWatts ($4.24 in chips) 
Seat 5: Samoels ($4.37 in chips) 
Seat 6: Kallem28 ($6.14 in chips) 
Seat 7: JayJayJohnson ($4.93 in chips) 
Seat 8: Ramkha ($7.41 in chips) 
Ramkha: posts small blind $0.02
Dorex2007: posts big blind $0.05
*** HOLE CARDS ***
Dealt to Dorex2007 [3c 2s]
harbaka: folds 
Quiet Sunday: folds 
VoltaWatts: folds 
Samoels: folds 
Kallem28: raises $0.15 to $0.20
JayJayJohnson: folds 
Ramkha: raises $0.40 to $0.60
Dorex2007: folds 
Kallem28: calls $0.40
*** FLOP *** [7h Qd 5s]
Ramkha: bets $0.60
Kallem28: raises $4.94 to $5.54 and is all-in
Ramkha: folds 
Uncalled bet ($4.94) returned to Kallem28
Kallem28 collected $2.35 from pot
Kallem28: doesn't show hand 
*** SUMMARY ***
Total pot $2.45 | Rake $0.10 
Board [7h Qd 5s]
Seat 1: Dorex2007 (big blind) folded before Flop
Seat 2: harbaka folded before Flop (didn't bet)
Seat 3: Quiet Sunday folded before Flop (didn't bet)
Seat 4: VoltaWatts folded before Flop (didn't bet)
Seat 5: Samoels folded before Flop (didn't bet)
Seat 6: Kallem28 collected ($2.35)
Seat 7: JayJayJohnson (button) folded before Flop (didn't bet)
Seat 8: Ramkha (small blind) folded on the Flop



PokerStars Hand #237776589449:  Hold'em No Limit ($0.02/$0.05 USD) - 2022/08/03 20:15:30 PT [2022/08/03 23:15:30 ET]
Table 'Vladimir II' 9-max Seat #8 is the button
Seat 1: Dorex2007 ($8.16 in chips) 
Seat 2: harbaka ($1.93 in chips) 
Seat 3: Quiet Sunday ($7.23 in chips) 
Seat 4: VoltaWatts ($4.24 in chips) 
Seat 5: Samoels ($4.37 in chips) 
Seat 6: Kallem28 ($7.29 in chips) 
Seat 7: JayJayJohnson ($4.93 in chips) 
Seat 8: Ramkha ($6.21 in chips) 
Dorex2007: posts small blind $0.02
harbaka: posts big blind $0.05
*** HOLE CARDS ***
Dealt to Dorex2007 [7d Ts]
Quiet Sunday: folds 
VoltaWatts: folds 
Samoels: folds 
Kallem28: folds 
JayJayJohnson: raises $0.10 to $0.15
Ramkha: folds 
Dorex2007: folds 
harbaka: folds 
Uncalled bet ($0.10) returned to JayJayJohnson
JayJayJohnson collected $0.12 from pot
*** SUMMARY ***
Total pot $0.12 | Rake $0 
Seat 1: Dorex2007 (small blind) folded before Flop
Seat 2: harbaka (big blind) folded before Flop
Seat 3: Quiet Sunday folded before Flop (didn't bet)
Seat 4: VoltaWatts folded before Flop (didn't bet)
Seat 5: Samoels folded before Flop (didn't bet)
Seat 6: Kallem28 folded before Flop (didn't bet)
Seat 7: JayJayJohnson collected ($0.12)
Seat 8: Ramkha (button) folded before Flop (didn't bet)



PokerStars Hand #237776593568:  Hold'em No Limit ($0.02/$0.05 USD) - 2022/08/03 20:15:56 PT [2022/08/03 23:15:56 ET]
Table 'Vladimir II' 9-max Seat #1 is the button
Seat 1: Dorex2007 ($8.14 in chips) 
Seat 2: harbaka ($1.88 in chips) 
Seat 3: Quiet Sunday ($7.23 in chips) 
Seat 4: VoltaWatts ($4.24 in chips) 
Seat 5: Samoels ($4.37 in chips) 
Seat 6: Kallem28 ($7.29 in chips) 
Seat 7: JayJayJohnson ($5 in chips) 
Seat 8: Ramkha ($6.21 in chips) 
harbaka: posts small blind $0.02
Quiet Sunday: posts big blind $0.05
*** HOLE CARDS ***
Dealt to Dorex2007 [Ad 7c]
VoltaWatts: folds 
Samoels: raises $0.07 to $0.12
Kallem28: raises $0.28 to $0.40
JayJayJohnson: folds 
Ramkha: folds 
Dorex2007: folds 
harbaka: folds 
Quiet Sunday: folds 
Samoels: calls $0.28
*** FLOP *** [Ks 9s Qh]
Samoels: checks 
Kallem28: bets $6.89 and is all-in
Samoels: calls $3.97 and is all-in
Uncalled bet ($2.92) returned to Kallem28
*** TURN *** [Ks 9s Qh] [6h]
*** RIVER *** [Ks 9s Qh 6h] [8c]
*** SHOW DOWN ***
Samoels: shows [Ac Jh] (high card Ace)
Kallem28: shows [Kd As] (a pair of Kings)
Kallem28 cashed out the hand for $7.01 | Cash Out Fee $0.07
*** SUMMARY ***
Total pot $8.81 | Rake $0.37 
Board [Ks 9s Qh 6h 8c]
Seat 1: Dorex2007 (button) folded before Flop (didn't bet)
Seat 2: harbaka (small blind) folded before Flop
Seat 3: Quiet Sunday (big blind) folded before Flop
Seat 4: VoltaWatts folded before Flop (didn't bet)
Seat 5: Samoels showed [Ac Jh] and lost with high card Ace
Seat 6: Kallem28 showed [Kd As] and won ($8.44) with a pair of Kings (pot not awarded as player cashed out)
Seat 7: JayJayJohnson folded before Flop (didn't bet)
Seat 8: Ramkha folded before Flop (didn't bet)



PokerStars Hand #237776602852:  Hold'em No Limit ($0.02/$0.05 USD) - 2022/08/03 20:16:46 PT [2022/08/03 23:16:46 ET]
Table 'Vladimir II' 9-max Seat #2 is the button
Seat 1: Dorex2007 ($8.14 in chips) 
Seat 2: harbaka ($1.86 in chips) 
Seat 3: Quiet Sunday ($7.18 in chips) 
Seat 4: VoltaWatts ($4.24 in chips) 
Seat 6: Kallem28 ($9.93 in chips) 
Seat 7: JayJayJohnson ($5 in chips) 
Seat 8: Ramkha ($6.21 in chips) 
Quiet Sunday: posts small blind $0.02
VoltaWatts: posts big blind $0.05
*** HOLE CARDS ***
Dealt to Dorex2007 [8c 8h]
Kallem28: raises $0.15 to $0.20
JayJayJohnson: folds 
Ramkha: folds 
Samoels leaves the table
Dorex2007: folds 
montreal555 joins the table at seat #5 
harbaka: folds 
Quiet Sunday: folds 
VoltaWatts: calls $0.15
*** FLOP *** [5c 7s 8d]
VoltaWatts: checks 
Kallem28: checks 
*** TURN *** [5c 7s 8d] [3d]
VoltaWatts: bets $0.30
Kallem28: folds 
Uncalled bet ($0.30) returned to VoltaWatts
VoltaWatts collected $0.40 from pot
VoltaWatts: doesn't show hand 
*** SUMMARY ***
Total pot $0.42 | Rake $0.02 
Board [5c 7s 8d 3d]
Seat 1: Dorex2007 folded before Flop (didn't bet)
Seat 2: harbaka (button) folded before Flop (didn't bet)
Seat 3: Quiet Sunday (small blind) folded before Flop
Seat 4: VoltaWatts (big blind) collected ($0.40)
Seat 6: Kallem28 folded on the Turn
Seat 7: JayJayJohnson folded before Flop (didn't bet)
Seat 8: Ramkha folded before Flop (didn't bet)



PokerStars Hand #237776608444:  Hold'em No Limit ($0.02/$0.05 USD) - 2022/08/03 20:17:22 PT [2022/08/03 23:17:22 ET]
Table 'Vladimir II' 9-max Seat #3 is the button
Seat 1: Dorex2007 ($8.14 in chips) 
Seat 2: harbaka ($1.86 in chips) 
Seat 3: Quiet Sunday ($7.16 in chips) 
Seat 4: VoltaWatts ($4.44 in chips) 
Seat 5: montreal555 ($5 in chips) 
Seat 6: Kallem28 ($9.73 in chips) 
Seat 7: JayJayJohnson ($5 in chips) 
Seat 8: Ramkha ($6.21 in chips) 
VoltaWatts: posts small blind $0.02
montreal555: posts big blind $0.05
*** HOLE CARDS ***
Dealt to Dorex2007 [4d 9c]
Kallem28: folds 
JayJayJohnson: folds 
Ramkha: folds 
Dorex2007: folds 
harbaka: folds 
Quiet Sunday: folds 
VoltaWatts: folds 
Uncalled bet ($0.03) returned to montreal555
montreal555 collected $0.04 from pot
*** SUMMARY ***
Total pot $0.04 | Rake $0 
Seat 1: Dorex2007 folded before Flop (didn't bet)
Seat 2: harbaka folded before Flop (didn't bet)
Seat 3: Quiet Sunday (button) folded before Flop (didn't bet)
Seat 4: VoltaWatts (small blind) folded before Flop
Seat 5: montreal555 (big blind) collected ($0.04)
Seat 6: Kallem28 folded before Flop (didn't bet)
Seat 7: JayJayJohnson folded before Flop (didn't bet)
Seat 8: Ramkha folded before Flop (didn't bet)



PokerStars Hand #237776611161:  Hold'em No Limit ($0.02/$0.05 USD) - 2022/08/03 20:17:39 PT [2022/08/03 23:17:39 ET]
Table 'Vladimir II' 9-max Seat #4 is the button
Seat 1: Dorex2007 ($8.14 in chips) 
Seat 2: harbaka ($1.86 in chips) 
Seat 3: Quiet Sunday ($7.16 in chips) 
Seat 4: VoltaWatts ($4.42 in chips) 
Seat 5: montreal555 ($5.02 in chips) 
Seat 6: Kallem28 ($9.73 in chips) 
Seat 7: JayJayJohnson ($5 in chips) 
Seat 8: Ramkha ($6.21 in chips) 
montreal555: posts small blind $0.02
Kallem28: posts big blind $0.05
*** HOLE CARDS ***
Dealt to Dorex2007 [6c Qh]
JayJayJohnson: folds 
Ramkha: folds 
Dorex2007: folds 
harbaka: folds 
Quiet Sunday: folds 
VoltaWatts: raises $0.10 to $0.15
montreal555: calls $0.13
Kallem28: folds 
*** FLOP *** [Qd 9d 8s]
montreal555: bets $0.05
VoltaWatts: calls $0.05
*** TURN *** [Qd 9d 8s] [9c]
montreal555: checks 
VoltaWatts: checks 
*** RIVER *** [Qd 9d 8s 9c] [Kc]
montreal555: checks 
VoltaWatts: checks 
*** SHOW DOWN ***
montreal555: shows [Jd Kd] (two pair, Kings and Nines)
VoltaWatts: mucks hand 
montreal555 collected $0.43 from pot
*** SUMMARY ***
Total pot $0.45 | Rake $0.02 
Board [Qd 9d 8s 9c Kc]
Seat 1: Dorex2007 folded before Flop (didn't bet)
Seat 2: harbaka folded before Flop (didn't bet)
Seat 3: Quiet Sunday folded before Flop (didn't bet)
Seat 4: VoltaWatts (button) mucked [Ts Ac]
Seat 5: montreal555 (small blind) showed [Jd Kd] and won ($0.43) with two pair, Kings and Nines
Seat 6: Kallem28 (big blind) folded before Flop
Seat 7: JayJayJohnson folded before Flop (didn't bet)
Seat 8: Ramkha folded before Flop (didn't bet)



PokerStars Hand #237776618264:  Hold'em No Limit ($0.02/$0.05 USD) - 2022/08/03 20:18:24 PT [2022/08/03 23:18:24 ET]
Table 'Vladimir II' 9-max Seat #5 is the button
Seat 1: Dorex2007 ($8.14 in chips) 
Seat 2: harbaka ($1.86 in chips) 
Seat 3: Quiet Sunday ($7.16 in chips) 
Seat 4: VoltaWatts ($4.22 in chips) 
Seat 5: montreal555 ($5.25 in chips) 
Seat 6: Kallem28 ($9.68 in chips) 
Seat 7: JayJayJohnson ($5 in chips) 
Seat 8: Ramkha ($6.21 in chips) 
Kallem28: posts small blind $0.02
JayJayJohnson: posts big blind $0.05
*** HOLE CARDS ***
Dealt to Dorex2007 [9c 9h]
Ramkha: folds 
Dorex2007: raises $0.05 to $0.10
harbaka: folds 
Quiet Sunday: raises $0.29 to $0.39
VoltaWatts: folds 
montreal555: folds 
Kallem28: folds 
JayJayJohnson: folds 
Dorex2007: folds 
Uncalled bet ($0.29) returned to Quiet Sunday
Quiet Sunday collected $0.27 from pot
Quiet Sunday: doesn't show hand 
*** SUMMARY ***
Total pot $0.27 | Rake $0 
Seat 1: Dorex2007 folded before Flop
Seat 2: harbaka folded before Flop (didn't bet)
Seat 3: Quiet Sunday collected ($0.27)
Seat 4: VoltaWatts folded before Flop (didn't bet)
Seat 5: montreal555 (button) folded before Flop (didn't bet)
Seat 6: Kallem28 (small blind) folded before Flop
Seat 7: JayJayJohnson (big blind) folded before Flop
Seat 8: Ramkha folded before Flop (didn't bet)



PokerStars Hand #237776623213:  Hold'em No Limit ($0.02/$0.05 USD) - 2022/08/03 20:18:55 PT [2022/08/03 23:18:55 ET]
Table 'Vladimir II' 9-max Seat #6 is the button
Seat 1: Dorex2007 ($8.04 in chips) 
Seat 2: harbaka ($1.86 in chips) 
Seat 3: Quiet Sunday ($7.33 in chips) 
Seat 4: VoltaWatts ($4.22 in chips) 
Seat 5: montreal555 ($5.25 in chips) 
Seat 6: Kallem28 ($9.66 in chips) 
Seat 7: JayJayJohnson ($4.95 in chips) 
Seat 8: Ramkha ($6.21 in chips) 
JayJayJohnson: posts small blind $0.02
Ramkha: posts big blind $0.05
*** HOLE CARDS ***
Dealt to Dorex2007 [8d Kc]
Dorex2007: folds 
harbaka: folds 
Quiet Sunday: raises $0.10 to $0.15
VoltaWatts: folds 
montreal555: folds 
Kallem28: folds 
JayJayJohnson: folds 
Ramkha: calls $0.10
*** FLOP *** [Qc 6s 4h]
Ramkha: checks 
Quiet Sunday: checks 
*** TURN *** [Qc 6s 4h] [9c]
Ramkha: checks 
Quiet Sunday: bets $0.15
Ramkha: folds 
Uncalled bet ($0.15) returned to Quiet Sunday
Quiet Sunday collected $0.31 from pot
Quiet Sunday: doesn't show hand 
*** SUMMARY ***
Total pot $0.32 | Rake $0.01 
Board [Qc 6s 4h 9c]
Seat 1: Dorex2007 folded before Flop (didn't bet)
Seat 2: harbaka folded before Flop (didn't bet)
Seat 3: Quiet Sunday collected ($0.31)
Seat 4: VoltaWatts folded before Flop (didn't bet)
Seat 5: montreal555 folded before Flop (didn't bet)
Seat 6: Kallem28 (button) folded before Flop (didn't bet)
Seat 7: JayJayJohnson (small blind) folded before Flop
Seat 8: Ramkha (big blind) folded on the Turn



PokerStars Hand #237776632222:  Hold'em No Limit ($0.02/$0.05 USD) - 2022/08/03 20:19:51 PT [2022/08/03 23:19:51 ET]
Table 'Vladimir II' 9-max Seat #7 is the button
Seat 1: Dorex2007 ($8.04 in chips) 
Seat 2: harbaka ($1.86 in chips) 
Seat 3: Quiet Sunday ($7.49 in chips) 
Seat 4: VoltaWatts ($4.22 in chips) 
Seat 5: montreal555 ($5.25 in chips) 
Seat 6: Kallem28 ($9.66 in chips) 
Seat 7: JayJayJohnson ($4.93 in chips) 
Seat 8: Ramkha ($6.06 in chips) 
Ramkha: posts small blind $0.02
Dorex2007: posts big blind $0.05
*** HOLE CARDS ***
Dealt to Dorex2007 [5h Ad]
harbaka: folds 
Quiet Sunday: folds 
VoltaWatts: raises $0.10 to $0.15
montreal555: folds 
Kallem28: folds 
JayJayJohnson: folds 
Ramkha: folds 
Dorex2007: folds 
Uncalled bet ($0.10) returned to VoltaWatts
VoltaWatts collected $0.12 from pot
VoltaWatts: doesn't show hand 
*** SUMMARY ***
Total pot $0.12 | Rake $0 
Seat 1: Dorex2007 (big blind) folded before Flop
Seat 2: harbaka folded before Flop (didn't bet)
Seat 3: Quiet Sunday folded before Flop (didn't bet)
Seat 4: VoltaWatts collected ($0.12)
Seat 5: montreal555 folded before Flop (didn't bet)
Seat 6: Kallem28 folded before Flop (didn't bet)
Seat 7: JayJayJohnson (button) folded before Flop (didn't bet)
Seat 8: Ramkha (small blind) folded before Flop



PokerStars Hand #237776635949:  Hold'em No Limit ($0.02/$0.05 USD) - 2022/08/03 20:20:15 PT [2022/08/03 23:20:15 ET]
Table 'Vladimir II' 9-max Seat #8 is the button
Seat 1: Dorex2007 ($7.99 in chips) 
Seat 2: harbaka ($1.86 in chips) 
Seat 3: Quiet Sunday ($7.49 in chips) 
Seat 4: VoltaWatts ($4.29 in chips) 
Seat 5: montreal555 ($5.25 in chips) 
Seat 6: Kallem28 ($9.66 in chips) 
Seat 7: JayJayJohnson ($4.93 in chips) 
Seat 8: Ramkha ($6.04 in chips) 
Dorex2007: posts small blind $0.02
harbaka: posts big blind $0.05
*** HOLE CARDS ***
Dealt to Dorex2007 [7h Jc]
Quiet Sunday: folds 
VoltaWatts: folds 
montreal555: folds 
Kallem28: folds 
JayJayJohnson: folds 
DLoVeBoss leaves the table
Ramkha: raises $0.07 to $0.12
kdu paliva joins the table at seat #9 
Dorex2007: folds 
harbaka: folds 
Uncalled bet ($0.07) returned to Ramkha
Ramkha collected $0.12 from pot
Ramkha: doesn't show hand 
*** SUMMARY ***
Total pot $0.12 | Rake $0 
Seat 1: Dorex2007 (small blind) folded before Flop
Seat 2: harbaka (big blind) folded before Flop
Seat 3: Quiet Sunday folded before Flop (didn't bet)
Seat 4: VoltaWatts folded before Flop (didn't bet)
Seat 5: montreal555 folded before Flop (didn't bet)
Seat 6: Kallem28 folded before Flop (didn't bet)
Seat 7: JayJayJohnson folded before Flop (didn't bet)
Seat 8: Ramkha (button) collected ($0.12)



PokerStars Hand #237776639957:  Hold'em No Limit ($0.02/$0.05 USD) - 2022/08/03 20:20:41 PT [2022/08/03 23:20:41 ET]
Table 'Vladimir II' 9-max Seat #1 is the button
Seat 1: Dorex2007 ($7.97 in chips) 
Seat 2: harbaka ($1.81 in chips) 
Seat 3: Quiet Sunday ($7.49 in chips) 
Seat 4: VoltaWatts ($4.29 in chips) 
Seat 5: montreal555 ($5.25 in chips) 
Seat 6: Kallem28 ($9.66 in chips) 
Seat 7: JayJayJohnson ($4.93 in chips) 
Seat 8: Ramkha ($6.11 in chips) 
Seat 9: kdu paliva ($5 in chips) 
harbaka: posts small blind $0.02
Quiet Sunday: posts big blind $0.05
kdu paliva: posts big blind $0.05
*** HOLE CARDS ***
Dealt to Dorex2007 [Kh 5c]
VoltaWatts: raises $0.10 to $0.15
montreal555: folds 
Kallem28: folds 
JayJayJohnson: folds 
Ramkha: folds 
kdu paliva: calls $0.10
Dorex2007: folds 
harbaka: folds 
Quiet Sunday: folds 
*** FLOP *** [7h 5h 8d]
Quiet Sunday leaves the table
Luigiams joins the table at seat #3 
VoltaWatts: bets $0.12
kdu paliva: raises $0.13 to $0.25
VoltaWatts: calls $0.13
*** TURN *** [7h 5h 8d] [7c]
VoltaWatts: checks 
kdu paliva: bets $0.35
VoltaWatts: calls $0.35
*** RIVER *** [7h 5h 8d 7c] [Js]
VoltaWatts: bets $1.55
kdu paliva: folds 
Uncalled bet ($1.55) returned to VoltaWatts
VoltaWatts collected $1.50 from pot
VoltaWatts: doesn't show hand 
*** SUMMARY ***
Total pot $1.57 | Rake $0.07 
Board [7h 5h 8d 7c Js]
Seat 1: Dorex2007 (button) folded before Flop (didn't bet)
Seat 2: harbaka (small blind) folded before Flop
Seat 3: Quiet Sunday (big blind) folded before Flop
Seat 4: VoltaWatts collected ($1.50)
Seat 5: montreal555 folded before Flop (didn't bet)
Seat 6: Kallem28 folded before Flop (didn't bet)
Seat 7: JayJayJohnson folded before Flop (didn't bet)
Seat 8: Ramkha folded before Flop (didn't bet)
Seat 9: kdu paliva folded on the River



PokerStars Hand #237776655491:  Hold'em No Limit ($0.02/$0.05 USD) - 2022/08/03 20:22:21 PT [2022/08/03 23:22:21 ET]
Table 'Vladimir II' 9-max Seat #2 is the button
Seat 1: Dorex2007 ($7.97 in chips) 
Seat 2: harbaka ($1.79 in chips) 
Seat 4: VoltaWatts ($5.04 in chips) 
Seat 5: montreal555 ($5.25 in chips) 
Seat 6: Kallem28 ($9.66 in chips) 
Seat 7: JayJayJohnson ($4.93 in chips) 
Seat 8: Ramkha ($6.11 in chips) 
Seat 9: kdu paliva ($4.25 in chips) 
VoltaWatts: posts small blind $0.02
montreal555: posts big blind $0.05
*** HOLE CARDS ***
Dealt to Dorex2007 [Qh 4s]
Kallem28: folds 
JayJayJohnson: folds 
Ramkha: folds 
kdu paliva: folds 
Dorex2007: folds 
harbaka: folds 
VoltaWatts: calls $0.03
montreal555: checks 
*** FLOP *** [Th Ac Kd]
VoltaWatts: bets $0.05
montreal555: folds 
Uncalled bet ($0.05) returned to VoltaWatts
VoltaWatts collected $0.10 from pot
VoltaWatts: doesn't show hand 
*** SUMMARY ***
Total pot $0.10 | Rake $0 
Board [Th Ac Kd]
Seat 1: Dorex2007 folded before Flop (didn't bet)
Seat 2: harbaka (button) folded before Flop (didn't bet)
Seat 4: VoltaWatts (small blind) collected ($0.10)
Seat 5: montreal555 (big blind) folded on the Flop
Seat 6: Kallem28 folded before Flop (didn't bet)
Seat 7: JayJayJohnson folded before Flop (didn't bet)
Seat 8: Ramkha folded before Flop (didn't bet)
Seat 9: kdu paliva folded before Flop (didn't bet)



PokerStars Hand #237776662932:  Hold'em No Limit ($0.02/$0.05 USD) - 2022/08/03 20:22:45 PT [2022/08/03 23:22:45 ET]
Table 'Vladimir II' 9-max Seat #4 is the button
Seat 1: Dorex2007 ($7.97 in chips) 
Seat 2: harbaka ($1.79 in chips) 
Seat 4: VoltaWatts ($5.09 in chips) 
Seat 5: montreal555 ($5.20 in chips) 
Seat 6: Kallem28 ($9.66 in chips) 
Seat 7: JayJayJohnson ($4.93 in chips) 
Seat 8: Ramkha ($6.11 in chips) 
Seat 9: kdu paliva ($4.25 in chips) 
montreal555: posts small blind $0.02
Kallem28: posts big blind $0.05
Luigiams: sits out 
*** HOLE CARDS ***
Dealt to Dorex2007 [9s Th]
JayJayJohnson: folds 
Ramkha: folds 
kdu paliva: folds 
Dorex2007: folds 
harbaka: raises $0.10 to $0.15
VoltaWatts: folds 
montreal555: folds 
Kallem28: folds 
Uncalled bet ($0.10) returned to harbaka
harbaka collected $0.12 from pot
harbaka: doesn't show hand 
*** SUMMARY ***
Total pot $0.12 | Rake $0 
Seat 1: Dorex2007 folded before Flop (didn't bet)
Seat 2: harbaka collected ($0.12)
Seat 4: VoltaWatts (button) folded before Flop (didn't bet)
Seat 5: montreal555 (small blind) folded before Flop
Seat 6: Kallem28 (big blind) folded before Flop
Seat 7: JayJayJohnson folded before Flop (didn't bet)
Seat 8: Ramkha folded before Flop (didn't bet)
Seat 9: kdu paliva folded before Flop (didn't bet)



PokerStars Hand #237776671287:  Hold'em No Limit ($0.02/$0.05 USD) - 2022/08/03 20:23:23 PT [2022/08/03 23:23:23 ET]
Table 'Vladimir II' 9-max Seat #5 is the button
Seat 1: Dorex2007 ($7.97 in chips) 
Seat 2: harbaka ($1.86 in chips) 
Seat 4: VoltaWatts ($5.09 in chips) 
Seat 5: montreal555 ($5.18 in chips) 
Seat 6: Kallem28 ($9.61 in chips) 
Seat 7: JayJayJohnson ($4.93 in chips) 
Seat 8: Ramkha ($6.11 in chips) 
Seat 9: kdu paliva ($4.25 in chips) 
Kallem28: posts small blind $0.02
JayJayJohnson: posts big blind $0.05
Luigiams: sits out 
*** HOLE CARDS ***
Dealt to Dorex2007 [8h Qh]
Ramkha: folds 
kdu paliva: calls $0.05
Dorex2007: folds 
harbaka: folds 
VoltaWatts: folds 
montreal555: calls $0.05
Kallem28: raises $0.10 to $0.15
JayJayJohnson: calls $0.10
kdu paliva: calls $0.10
montreal555: calls $0.10
*** FLOP *** [2c 4c Ts]
Kallem28: bets $0.19
JayJayJohnson: folds 
kdu paliva: calls $0.19
montreal555: calls $0.19
*** TURN *** [2c 4c Ts] [Ac]
Kallem28: checks 
kdu paliva: bets $0.30
montreal555: calls $0.30
Kallem28: folds 
*** RIVER *** [2c 4c Ts Ac] [5c]
kdu paliva: bets $0.40
montreal555: calls $0.40
*** SHOW DOWN ***
kdu paliva: shows [Jc Qc] (a flush, Ace high)
montreal555: mucks hand 
kdu paliva collected $2.46 from pot
*** SUMMARY ***
Total pot $2.57 | Rake $0.11 
Board [2c 4c Ts Ac 5c]
Seat 1: Dorex2007 folded before Flop (didn't bet)
Seat 2: harbaka folded before Flop (didn't bet)
Seat 4: VoltaWatts folded before Flop (didn't bet)
Seat 5: montreal555 (button) mucked [Tc 8c]
Seat 6: Kallem28 (small blind) folded on the Turn
Seat 7: JayJayJohnson (big blind) folded on the Flop
Seat 8: Ramkha folded before Flop (didn't bet)
Seat 9: kdu paliva showed [Jc Qc] and won ($2.46) with a flush, Ace high



PokerStars Hand #237776682223:  Hold'em No Limit ($0.02/$0.05 USD) - 2022/08/03 20:24:33 PT [2022/08/03 23:24:33 ET]
Table 'Vladimir II' 9-max Seat #6 is the button
Seat 1: Dorex2007 ($7.97 in chips) 
Seat 2: harbaka ($1.86 in chips) 
Seat 4: VoltaWatts ($5.09 in chips) 
Seat 5: montreal555 ($4.14 in chips) 
Seat 6: Kallem28 ($9.27 in chips) 
Seat 7: JayJayJohnson ($4.78 in chips) 
Seat 8: Ramkha ($6.11 in chips) 
Seat 9: kdu paliva ($5.67 in chips) 
JayJayJohnson: posts small blind $0.02
Ramkha: posts big blind $0.05
Luigiams: sits out 
*** HOLE CARDS ***
Dealt to Dorex2007 [7d 3s]
kdu paliva: calls $0.05
Dorex2007: folds 
harbaka: folds 
VoltaWatts: folds 
montreal555: calls $0.05
Kallem28: calls $0.05
JayJayJohnson: folds 
Ramkha: checks 
*** FLOP *** [As 5c 5h]
Ramkha: checks 
kdu paliva: checks 
montreal555: bets $0.21
Kallem28: folds 
Ramkha: calls $0.21
kdu paliva: folds 
*** TURN *** [As 5c 5h] [Th]
Ramkha: checks 
montreal555: bets $0.20
Ramkha: calls $0.20
*** RIVER *** [As 5c 5h Th] [Js]
Ramkha: checks 
montreal555: checks 
*** SHOW DOWN ***
Ramkha: shows [5d 8c] (three of a kind, Fives)
Kallem28 leaves the table
montreal555: mucks hand 
Ramkha collected $1 from pot
*** SUMMARY ***
Total pot $1.04 | Rake $0.04 
Board [As 5c 5h Th Js]
Seat 1: Dorex2007 folded before Flop (didn't bet)
Seat 2: harbaka folded before Flop (didn't bet)
Seat 4: VoltaWatts folded before Flop (didn't bet)
Seat 5: montreal555 mucked [Tc Ah]
Seat 6: Kallem28 (button) folded on the Flop
Seat 7: JayJayJohnson (small blind) folded before Flop
Seat 8: Ramkha (big blind) showed [5d 8c] and won ($1) with three of a kind, Fives
Seat 9: kdu paliva folded on the Flop



PokerStars Hand #237776691757:  Hold'em No Limit ($0.02/$0.05 USD) - 2022/08/03 20:25:33 PT [2022/08/03 23:25:33 ET]
Table 'Vladimir II' 9-max Seat #7 is the button
Seat 1: Dorex2007 ($7.97 in chips) 
Seat 2: harbaka ($1.86 in chips) 
Seat 4: VoltaWatts ($5.09 in chips) 
Seat 5: montreal555 ($3.68 in chips) 
Seat 7: JayJayJohnson ($4.76 in chips) 
Seat 8: Ramkha ($6.65 in chips) 
Seat 9: kdu paliva ($5.62 in chips) 
Ramkha: posts small blind $0.02
kdu paliva: posts big blind $0.05
Luigiams: sits out 
*** HOLE CARDS ***
Dealt to Dorex2007 [2c Qd]
Dorex2007: folds 
harbaka: folds 
VoltaWatts: folds 
montreal555: folds 
JayJayJohnson: folds 
Ramkha: folds 
Uncalled bet ($0.03) returned to kdu paliva
kdu paliva collected $0.04 from pot
*** SUMMARY ***
Total pot $0.04 | Rake $0 
Seat 1: Dorex2007 folded before Flop (didn't bet)
Seat 2: harbaka folded before Flop (didn't bet)
Seat 4: VoltaWatts folded before Flop (didn't bet)
Seat 5: montreal555 folded before Flop (didn't bet)
Seat 7: JayJayJohnson (button) folded before Flop (didn't bet)
Seat 8: Ramkha (small blind) folded before Flop
Seat 9: kdu paliva (big blind) collected ($0.04)



PokerStars Hand #237776695619:  Hold'em No Limit ($0.02/$0.05 USD) - 2022/08/03 20:25:58 PT [2022/08/03 23:25:58 ET]
Table 'Vladimir II' 9-max Seat #8 is the button
Seat 1: Dorex2007 ($7.97 in chips) 
Seat 2: harbaka ($1.86 in chips) 
Seat 4: VoltaWatts ($5.09 in chips) 
Seat 5: montreal555 ($3.68 in chips) 
Seat 7: JayJayJohnson ($4.76 in chips) 
Seat 8: Ramkha ($6.63 in chips) 
Seat 9: kdu paliva ($5.64 in chips) 
kdu paliva: posts small blind $0.02
Dorex2007: posts big blind $0.05
Luigiams: sits out 
*** HOLE CARDS ***
Dealt to Dorex2007 [2s Ac]
harbaka: folds 
harbaka leaves the table
VoltaWatts: folds 
montreal555: folds 
JayJayJohnson: raises $0.10 to $0.15
Ramkha: folds 
kdu paliva: folds 
Dorex2007: folds 
Uncalled bet ($0.10) returned to JayJayJohnson
JayJayJohnson collected $0.12 from pot
*** SUMMARY ***
Total pot $0.12 | Rake $0 
Seat 1: Dorex2007 (big blind) folded before Flop
Seat 2: harbaka folded before Flop (didn't bet)
Seat 4: VoltaWatts folded before Flop (didn't bet)
Seat 5: montreal555 folded before Flop (didn't bet)
Seat 7: JayJayJohnson collected ($0.12)
Seat 8: Ramkha (button) folded before Flop (didn't bet)
Seat 9: kdu paliva (small blind) folded before Flop



PokerStars Hand #237776699799:  Hold'em No Limit ($0.02/$0.05 USD) - 2022/08/03 20:26:25 PT [2022/08/03 23:26:25 ET]
Table 'Vladimir II' 9-max Seat #9 is the button
Seat 1: Dorex2007 ($7.92 in chips) 
Seat 3: Luigiams ($5 in chips) 
Seat 4: VoltaWatts ($5.09 in chips) 
Seat 5: montreal555 ($3.68 in chips) 
Seat 7: JayJayJohnson ($4.83 in chips) 
Seat 8: Ramkha ($6.63 in chips) 
Seat 9: kdu paliva ($5.62 in chips) 
Dorex2007: posts small blind $0.02
Luigiams: posts big blind $0.05
*** HOLE CARDS ***
Dealt to Dorex2007 [8s 2d]
VoltaWatts: folds 
montreal555: folds 
JayJayJohnson: folds 
Ramkha: folds 
kdu paliva: folds 
Dorex2007: folds 
Uncalled bet ($0.03) returned to Luigiams
Luigiams collected $0.04 from pot
*** SUMMARY ***
Total pot $0.04 | Rake $0 
Seat 1: Dorex2007 (small blind) folded before Flop
Seat 3: Luigiams (big blind) collected ($0.04)
Seat 4: VoltaWatts folded before Flop (didn't bet)
Seat 5: montreal555 folded before Flop (didn't bet)
Seat 7: JayJayJohnson folded before Flop (didn't bet)
Seat 8: Ramkha folded before Flop (didn't bet)
Seat 9: kdu paliva (button) folded before Flop (didn't bet)



PokerStars Hand #237776702704:  Hold'em No Limit ($0.02/$0.05 USD) - 2022/08/03 20:26:43 PT [2022/08/03 23:26:43 ET]
Table 'Vladimir II' 9-max Seat #1 is the button
Seat 1: Dorex2007 ($7.90 in chips) 
Seat 3: Luigiams ($5.02 in chips) 
Seat 4: VoltaWatts ($5.09 in chips) 
Seat 5: montreal555 ($3.68 in chips) 
Seat 7: JayJayJohnson ($4.83 in chips) 
Seat 8: Ramkha ($6.63 in chips) 
Seat 9: kdu paliva ($5.62 in chips) 
Luigiams: posts small blind $0.02
VoltaWatts: posts big blind $0.05
*** HOLE CARDS ***
Dealt to Dorex2007 [2d 4s]
montreal555: folds 
JayJayJohnson: raises $0.10 to $0.15
Ramkha: folds 
kdu paliva: folds 
Dorex2007: folds 
Luigiams: folds 
VoltaWatts: calls $0.10
*** FLOP *** [2c 2s Jc]
VoltaWatts: checks 
JayJayJohnson: checks 
*** TURN *** [2c 2s Jc] [7d]
VoltaWatts: checks 
JayJayJohnson: checks 
*** RIVER *** [2c 2s Jc 7d] [Ts]
VoltaWatts: checks 
JayJayJohnson: checks 
*** SHOW DOWN ***
VoltaWatts: shows [3s 5s] (a pair of Deuces)
JayJayJohnson: shows [Ad Qh] (a pair of Deuces - Ace kicker)
JayJayJohnson collected $0.31 from pot
*** SUMMARY ***
Total pot $0.32 | Rake $0.01 
Board [2c 2s Jc 7d Ts]
Seat 1: Dorex2007 (button) folded before Flop (didn't bet)
Seat 3: Luigiams (small blind) folded before Flop
Seat 4: VoltaWatts (big blind) showed [3s 5s] and lost with a pair of Deuces
Seat 5: montreal555 folded before Flop (didn't bet)
Seat 7: JayJayJohnson showed [Ad Qh] and won ($0.31) with a pair of Deuces
Seat 8: Ramkha folded before Flop (didn't bet)
Seat 9: kdu paliva folded before Flop (didn't bet)



PokerStars Hand #237776711104:  Hold'em No Limit ($0.02/$0.05 USD) - 2022/08/03 20:27:37 PT [2022/08/03 23:27:37 ET]
Table 'Vladimir II' 9-max Seat #3 is the button
Seat 1: Dorex2007 ($7.90 in chips) 
Seat 3: Luigiams ($5 in chips) 
Seat 4: VoltaWatts ($4.94 in chips) 
Seat 5: montreal555 ($3.68 in chips) 
Seat 7: JayJayJohnson ($4.99 in chips) 
Seat 8: Ramkha ($6.63 in chips) 
Seat 9: kdu paliva ($5.62 in chips) 
VoltaWatts: posts small blind $0.02
montreal555: posts big blind $0.05
*** HOLE CARDS ***
Dealt to Dorex2007 [3h Kd]
JayJayJohnson: folds 
Ramkha: folds 
kdu paliva: raises $0.10 to $0.15
Dorex2007: folds 
Luigiams: folds 
VoltaWatts: calls $0.13
montreal555: folds 
*** FLOP *** [4s 4h 7c]
VoltaWatts: checks 
kdu paliva: bets $0.20
VoltaWatts: calls $0.20
*** TURN *** [4s 4h 7c] [9d]
VoltaWatts: checks 
kdu paliva: checks 
*** RIVER *** [4s 4h 7c 9d] [3s]
VoltaWatts: checks 
kdu paliva: checks 
*** SHOW DOWN ***
VoltaWatts: shows [6c 6s] (two pair, Sixes and Fours)
kdu paliva: mucks hand 
VoltaWatts collected $0.72 from pot
*** SUMMARY ***
Total pot $0.75 | Rake $0.03 
Board [4s 4h 7c 9d 3s]
Seat 1: Dorex2007 folded before Flop (didn't bet)
Seat 3: Luigiams (button) folded before Flop (didn't bet)
Seat 4: VoltaWatts (small blind) showed [6c 6s] and won ($0.72) with two pair, Sixes and Fours
Seat 5: montreal555 (big blind) folded before Flop
Seat 7: JayJayJohnson folded before Flop (didn't bet)
Seat 8: Ramkha folded before Flop (didn't bet)
Seat 9: kdu paliva mucked [Ah 8h]



PokerStars Hand #237776722254:  Hold'em No Limit ($0.02/$0.05 USD) - 2022/08/03 20:28:31 PT [2022/08/03 23:28:31 ET]
Table 'Vladimir II' 9-max Seat #4 is the button
Seat 1: Dorex2007 ($7.90 in chips) 
Seat 3: Luigiams ($5 in chips) 
Seat 4: VoltaWatts ($5.31 in chips) 
Seat 5: montreal555 ($3.63 in chips) 
Seat 7: JayJayJohnson ($4.99 in chips) 
Seat 8: Ramkha ($6.63 in chips) 
Seat 9: kdu paliva ($5.27 in chips) 
montreal555: posts small blind $0.02
JayJayJohnson: posts big blind $0.05
*** HOLE CARDS ***
Dealt to Dorex2007 [5h 4d]
Ramkha: raises $0.07 to $0.12
kdu paliva: folds 
Dorex2007: folds 
Luigiams: folds 
VoltaWatts: folds 
montreal555: folds 
JayJayJohnson: raises $0.32 to $0.44
Ramkha: folds 
Uncalled bet ($0.32) returned to JayJayJohnson
JayJayJohnson collected $0.26 from pot
*** SUMMARY ***
Total pot $0.26 | Rake $0 
Seat 1: Dorex2007 folded before Flop (didn't bet)
Seat 3: Luigiams folded before Flop (didn't bet)
Seat 4: VoltaWatts (button) folded before Flop (didn't bet)
Seat 5: montreal555 (small blind) folded before Flop
Seat 7: JayJayJohnson (big blind) collected ($0.26)
Seat 8: Ramkha folded before Flop
Seat 9: kdu paliva folded before Flop (didn't bet)



PokerStars Hand #237776731424:  Hold'em No Limit ($0.02/$0.05 USD) - 2022/08/03 20:29:31 PT [2022/08/03 23:29:31 ET]
Table 'Vladimir II' 9-max Seat #5 is the button
Seat 1: Dorex2007 ($7.90 in chips) 
Seat 3: Luigiams ($5 in chips) 
Seat 4: VoltaWatts ($5.31 in chips) 
Seat 5: montreal555 ($3.61 in chips) 
Seat 7: JayJayJohnson ($5.13 in chips) 
Seat 8: Ramkha ($6.51 in chips) 
Seat 9: kdu paliva ($5.27 in chips) 
JayJayJohnson: posts small blind $0.02
Ramkha: posts big blind $0.05
*** HOLE CARDS ***
Dealt to Dorex2007 [Ks Qs]
kdu paliva: folds 
Dorex2007: raises $0.10 to $0.15
Luigiams: folds 
VoltaWatts: folds 
montreal555: folds 
JayJayJohnson: folds 
Ramkha: folds 
Uncalled bet ($0.10) returned to Dorex2007
Dorex2007 collected $0.12 from pot
Dorex2007: doesn't show hand 
*** SUMMARY ***
Total pot $0.12 | Rake $0 
Seat 1: Dorex2007 collected ($0.12)
Seat 3: Luigiams folded before Flop (didn't bet)
Seat 4: VoltaWatts folded before Flop (didn't bet)
Seat 5: montreal555 (button) folded before Flop (didn't bet)
Seat 7: JayJayJohnson (small blind) folded before Flop
Seat 8: Ramkha (big blind) folded before Flop
Seat 9: kdu paliva folded before Flop (didn't bet)



PokerStars Hand #237776734107:  Hold'em No Limit ($0.02/$0.05 USD) - 2022/08/03 20:29:49 PT [2022/08/03 23:29:49 ET]
Table 'Vladimir II' 9-max Seat #7 is the button
Seat 1: Dorex2007 ($7.97 in chips) 
Seat 3: Luigiams ($5 in chips) 
Seat 4: VoltaWatts ($5.31 in chips) 
Seat 5: montreal555 ($3.61 in chips) 
Seat 7: JayJayJohnson ($5.11 in chips) 
Seat 8: Ramkha ($6.46 in chips) 
Seat 9: kdu paliva ($5.27 in chips) 
Ramkha: posts small blind $0.02
kdu paliva: posts big blind $0.05
*** HOLE CARDS ***
Dealt to Dorex2007 [Jd Qd]
Dorex2007: folds 
Luigiams: calls $0.05
VoltaWatts: calls $0.05
montreal555: folds 
JayJayJohnson: folds 
Ramkha: folds 
kdu paliva: checks 
*** FLOP *** [3c 3d 7s]
kdu paliva: checks 
Luigiams: checks 
VoltaWatts: checks 
*** TURN *** [3c 3d 7s] [Ah]
kdu paliva: checks 
Luigiams: checks 
VoltaWatts: bets $0.05
kdu paliva: calls $0.05
Luigiams: folds 
*** RIVER *** [3c 3d 7s Ah] [Ac]
kdu paliva: checks 
VoltaWatts: bets $0.09
kdu paliva: calls $0.09
*** SHOW DOWN ***
VoltaWatts: shows [Ad 4d] (a full house, Aces full of Threes)
kdu paliva: mucks hand 
VoltaWatts collected $0.43 from pot
*** SUMMARY ***
Total pot $0.45 | Rake $0.02 
Board [3c 3d 7s Ah Ac]
Seat 1: Dorex2007 folded before Flop (didn't bet)
Seat 3: Luigiams folded on the Turn
Seat 4: VoltaWatts showed [Ad 4d] and won ($0.43) with a full house, Aces full of Threes
Seat 5: montreal555 folded before Flop (didn't bet)
Seat 7: JayJayJohnson (button) folded before Flop (didn't bet)
Seat 8: Ramkha (small blind) folded before Flop
Seat 9: kdu paliva (big blind) mucked [Qh 7h]



PokerStars Hand #237776742820:  Hold'em No Limit ($0.02/$0.05 USD) - 2022/08/03 20:30:46 PT [2022/08/03 23:30:46 ET]
Table 'Vladimir II' 9-max Seat #8 is the button
Seat 1: Dorex2007 ($7.97 in chips) 
Seat 3: Luigiams ($4.95 in chips) 
Seat 4: VoltaWatts ($5.55 in chips) 
Seat 5: montreal555 ($3.61 in chips) 
Seat 7: JayJayJohnson ($5.11 in chips) 
Seat 8: Ramkha ($6.44 in chips) 
Seat 9: kdu paliva ($5.08 in chips) 
kdu paliva: posts small blind $0.02
Dorex2007: posts big blind $0.05
*** HOLE CARDS ***
Dealt to Dorex2007 [Ks 7h]
Luigiams: folds 
VoltaWatts: folds 
montreal555: folds 
JayJayJohnson: raises $0.10 to $0.15
Ramkha: folds 
kdu paliva: folds 
Dorex2007: folds 
Uncalled bet ($0.10) returned to JayJayJohnson
JayJayJohnson collected $0.12 from pot
*** SUMMARY ***
Total pot $0.12 | Rake $0 
Seat 1: Dorex2007 (big blind) folded before Flop
Seat 3: Luigiams folded before Flop (didn't bet)
Seat 4: VoltaWatts folded before Flop (didn't bet)
Seat 5: montreal555 folded before Flop (didn't bet)
Seat 7: JayJayJohnson collected ($0.12)
Seat 8: Ramkha (button) folded before Flop (didn't bet)
Seat 9: kdu paliva (small blind) folded before Flop



PokerStars Hand #237776745514:  Hold'em No Limit ($0.02/$0.05 USD) - 2022/08/03 20:31:03 PT [2022/08/03 23:31:03 ET]
Table 'Vladimir II' 9-max Seat #9 is the button
Seat 1: Dorex2007 ($7.92 in chips) 
Seat 3: Luigiams ($4.95 in chips) 
Seat 4: VoltaWatts ($5.55 in chips) 
Seat 5: montreal555 ($3.61 in chips) 
Seat 7: JayJayJohnson ($5.18 in chips) 
Seat 8: Ramkha ($6.44 in chips) 
Seat 9: kdu paliva ($5.06 in chips) 
Dorex2007: posts small blind $0.02
Luigiams: posts big blind $0.05
*** HOLE CARDS ***
Dealt to Dorex2007 [9c 4d]
VoltaWatts: raises $0.10 to $0.15
montreal555: folds 
JayJayJohnson: folds 
Ramkha: folds 
kdu paliva: folds 
Dorex2007: folds 
ThiagoKbelo joins the table at seat #6 
Luigiams: folds 
Uncalled bet ($0.10) returned to VoltaWatts
VoltaWatts collected $0.12 from pot
VoltaWatts: doesn't show hand 
*** SUMMARY ***
Total pot $0.12 | Rake $0 
Seat 1: Dorex2007 (small blind) folded before Flop
Seat 3: Luigiams (big blind) folded before Flop
Seat 4: VoltaWatts collected ($0.12)
Seat 5: montreal555 folded before Flop (didn't bet)
Seat 7: JayJayJohnson folded before Flop (didn't bet)
Seat 8: Ramkha folded before Flop (didn't bet)
Seat 9: kdu paliva (button) folded before Flop (didn't bet)



PokerStars Hand #237776747654:  Hold'em No Limit ($0.02/$0.05 USD) - 2022/08/03 20:31:18 PT [2022/08/03 23:31:18 ET]
Table 'Vladimir II' 9-max Seat #1 is the button
Seat 1: Dorex2007 ($7.90 in chips) 
Seat 3: Luigiams ($4.90 in chips) 
Seat 4: VoltaWatts ($5.62 in chips) 
Seat 5: montreal555 ($3.61 in chips) 
Seat 7: JayJayJohnson ($5.18 in chips) 
Seat 8: Ramkha ($6.44 in chips) 
Seat 9: kdu paliva ($5.06 in chips) 
Luigiams: posts small blind $0.02
VoltaWatts: posts big blind $0.05
ThiagoKbelo: sits out 
*** HOLE CARDS ***
Dealt to Dorex2007 [4c Td]
montreal555: folds 
JayJayJohnson: raises $0.10 to $0.15
montreal555 leaves the table
Ramkha: folds 
kdu paliva: folds 
Dorex2007: folds 
Luigiams: folds 
VoltaWatts: calls $0.10
*** FLOP *** [7d 6c Ah]
VoltaWatts: checks 
JayJayJohnson: bets $0.15
VoltaWatts: raises $0.25 to $0.40
JayJayJohnson: folds 
Uncalled bet ($0.25) returned to VoltaWatts
VoltaWatts collected $0.59 from pot
VoltaWatts: doesn't show hand 
*** SUMMARY ***
Total pot $0.62 | Rake $0.03 
Board [7d 6c Ah]
Seat 1: Dorex2007 (button) folded before Flop (didn't bet)
Seat 3: Luigiams (small blind) folded before Flop
Seat 4: VoltaWatts (big blind) collected ($0.59)
Seat 5: montreal555 folded before Flop (didn't bet)
Seat 7: JayJayJohnson folded on the Flop
Seat 8: Ramkha folded before Flop (didn't bet)
Seat 9: kdu paliva folded before Flop (didn't bet)



PokerStars Hand #237776756208:  Hold'em No Limit ($0.02/$0.05 USD) - 2022/08/03 20:32:15 PT [2022/08/03 23:32:15 ET]
Table 'Vladimir II' 9-max Seat #3 is the button
Seat 1: Dorex2007 ($7.90 in chips) 
Seat 3: Luigiams ($4.88 in chips) 
Seat 4: VoltaWatts ($5.91 in chips) 
Seat 6: ThiagoKbelo ($5 in chips) 
Seat 7: JayJayJohnson ($4.88 in chips) 
Seat 8: Ramkha ($6.44 in chips) 
Seat 9: kdu paliva ($5.06 in chips) 
VoltaWatts: posts small blind $0.02
ThiagoKbelo: posts big blind $0.05
*** HOLE CARDS ***
Dealt to Dorex2007 [7c Th]
JayJayJohnson: folds 
Ramkha: folds 
kdu paliva: folds 
Dorex2007: folds 
Luigiams: raises $0.10 to $0.15
VoltaWatts: folds 
ThiagoKbelo: calls $0.10
*** FLOP *** [4h 4s Ad]
ThiagoKbelo: checks 
Luigiams: bets $0.15
ThiagoKbelo: folds 
Uncalled bet ($0.15) returned to Luigiams
Luigiams collected $0.31 from pot
*** SUMMARY ***
Total pot $0.32 | Rake $0.01 
Board [4h 4s Ad]
Seat 1: Dorex2007 folded before Flop (didn't bet)
Seat 3: Luigiams (button) collected ($0.31)
Seat 4: VoltaWatts (small blind) folded before Flop
Seat 6: ThiagoKbelo (big blind) folded on the Flop
Seat 7: JayJayJohnson folded before Flop (didn't bet)
Seat 8: Ramkha folded before Flop (didn't bet)
Seat 9: kdu paliva folded before Flop (didn't bet)



PokerStars Hand #237776760248:  Hold'em No Limit ($0.02/$0.05 USD) - 2022/08/03 20:32:42 PT [2022/08/03 23:32:42 ET]
Table 'Vladimir II' 9-max Seat #4 is the button
Seat 1: Dorex2007 ($7.90 in chips) 
Seat 3: Luigiams ($5.04 in chips) 
Seat 4: VoltaWatts ($5.89 in chips) 
Seat 6: ThiagoKbelo ($5 in chips) 
Seat 7: JayJayJohnson ($4.88 in chips) 
Seat 8: Ramkha ($6.44 in chips) 
Seat 9: kdu paliva ($5.06 in chips) 
ThiagoKbelo: posts small blind $0.02
JayJayJohnson: posts big blind $0.05
*** HOLE CARDS ***
Dealt to Dorex2007 [2c 2h]
Ramkha: raises $0.07 to $0.12
kdu paliva: folds 
Dorex2007: calls $0.12
Luigiams: folds 
VoltaWatts has timed out
VoltaWatts: folds 
ThiagoKbelo: folds 
JayJayJohnson: folds 
*** FLOP *** [2d 5h Kd]
Ramkha: checks 
Dorex2007: bets $0.20
Ramkha: calls $0.20
*** TURN *** [2d 5h Kd] [8c]
Ramkha: checks 
Dorex2007: bets $0.68
Ramkha: folds 
Uncalled bet ($0.68) returned to Dorex2007
Dorex2007 collected $0.68 from pot
Dorex2007: doesn't show hand 
*** SUMMARY ***
Total pot $0.71 | Rake $0.03 
Board [2d 5h Kd 8c]
Seat 1: Dorex2007 collected ($0.68)
Seat 3: Luigiams folded before Flop (didn't bet)
Seat 4: VoltaWatts (button) folded before Flop (didn't bet)
Seat 6: ThiagoKbelo (small blind) folded before Flop
Seat 7: JayJayJohnson (big blind) folded before Flop
Seat 8: Ramkha folded on the Turn
Seat 9: kdu paliva folded before Flop (didn't bet)



PokerStars Hand #237776770356:  Hold'em No Limit ($0.02/$0.05 USD) - 2022/08/03 20:33:50 PT [2022/08/03 23:33:50 ET]
Table 'Vladimir II' 9-max Seat #6 is the button
Seat 1: Dorex2007 ($8.26 in chips) 
Seat 3: Luigiams ($5.04 in chips) 
Seat 4: VoltaWatts ($5.89 in chips) 
Seat 6: ThiagoKbelo ($5 in chips) 
Seat 7: JayJayJohnson ($4.83 in chips) 
Seat 8: Ramkha ($6.12 in chips) 
Seat 9: kdu paliva ($5.06 in chips) 
JayJayJohnson: posts small blind $0.02
Ramkha: posts big blind $0.05
*** HOLE CARDS ***
Dealt to Dorex2007 [6c Ks]
kdu paliva: folds 
Dorex2007: folds 
Luigiams: folds 
VoltaWatts: raises $0.10 to $0.15
ThiagoKbelo: folds 
JayJayJohnson: folds 
Ramkha: folds 
Uncalled bet ($0.10) returned to VoltaWatts
VoltaWatts collected $0.12 from pot
VoltaWatts: doesn't show hand 
*** SUMMARY ***
Total pot $0.12 | Rake $0 
Seat 1: Dorex2007 folded before Flop (didn't bet)
Seat 3: Luigiams folded before Flop (didn't bet)
Seat 4: VoltaWatts collected ($0.12)
Seat 6: ThiagoKbelo (button) folded before Flop (didn't bet)
Seat 7: JayJayJohnson (small blind) folded before Flop
Seat 8: Ramkha (big blind) folded before Flop
Seat 9: kdu paliva folded before Flop (didn't bet)



PokerStars Hand #237776773071:  Hold'em No Limit ($0.02/$0.05 USD) - 2022/08/03 20:34:08 PT [2022/08/03 23:34:08 ET]
Table 'Vladimir II' 9-max Seat #7 is the button
Seat 1: Dorex2007 ($8.26 in chips) 
Seat 3: Luigiams ($5.04 in chips) 
Seat 4: VoltaWatts ($5.96 in chips) 
Seat 6: ThiagoKbelo ($5 in chips) 
Seat 7: JayJayJohnson ($4.81 in chips) 
Seat 8: Ramkha ($6.07 in chips) 
Seat 9: kdu paliva ($5.06 in chips) 
Ramkha: posts small blind $0.02
kdu paliva: posts big blind $0.05
*** HOLE CARDS ***
Dealt to Dorex2007 [6h 6c]
Dorex2007: calls $0.05
Luigiams: calls $0.05
VoltaWatts: folds 
ThiagoKbelo: folds 
JayJayJohnson: raises $0.20 to $0.25
Ramkha: raises $0.65 to $0.90
kdu paliva: folds 
Dorex2007: folds 
Luigiams: folds 
JayJayJohnson: calls $0.65
*** FLOP *** [Ks 7c 9d]
Ramkha: bets $0.60
JayJayJohnson: calls $0.60
*** TURN *** [Ks 7c 9d] [5s]
Ramkha: checks 
JayJayJohnson: checks 
*** RIVER *** [Ks 7c 9d 5s] [Js]
Ramkha: checks 
JayJayJohnson: bets $1.35
Ramkha: calls $1.35
*** SHOW DOWN ***
JayJayJohnson: shows [Kc Ad] (a pair of Kings)
Ramkha: mucks hand 
JayJayJohnson collected $5.61 from pot
*** SUMMARY ***
Total pot $5.85 | Rake $0.24 
Board [Ks 7c 9d 5s Js]
Seat 1: Dorex2007 folded before Flop
Seat 3: Luigiams folded before Flop
Seat 4: VoltaWatts folded before Flop (didn't bet)
Seat 6: ThiagoKbelo folded before Flop (didn't bet)
Seat 7: JayJayJohnson (button) showed [Kc Ad] and won ($5.61) with a pair of Kings
Seat 8: Ramkha (small blind) mucked [Td Tc]
Seat 9: kdu paliva (big blind) folded before Flop



PokerStars Hand #237776784501:  Hold'em No Limit ($0.02/$0.05 USD) - 2022/08/03 20:35:25 PT [2022/08/03 23:35:25 ET]
Table 'Vladimir II' 9-max Seat #8 is the button
Seat 1: Dorex2007 ($8.21 in chips) 
Seat 3: Luigiams ($4.99 in chips) 
Seat 4: VoltaWatts ($5.96 in chips) 
Seat 6: ThiagoKbelo ($5 in chips) 
Seat 7: JayJayJohnson ($7.57 in chips) 
Seat 8: Ramkha ($5 in chips) 
Seat 9: kdu paliva ($5.01 in chips) 
kdu paliva: posts small blind $0.02
Dorex2007: posts big blind $0.05
*** HOLE CARDS ***
Dealt to Dorex2007 [4d 9s]
Herbert CNR joins the table at seat #2 
Luigiams: folds 
VoltaWatts: folds 
ThiagoKbelo: folds 
JayJayJohnson: folds 
Ramkha: raises $0.07 to $0.12
kdu paliva: folds 
Dorex2007: folds 
Uncalled bet ($0.07) returned to Ramkha
Ramkha collected $0.12 from pot
Ramkha: doesn't show hand 
*** SUMMARY ***
Total pot $0.12 | Rake $0 
Seat 1: Dorex2007 (big blind) folded before Flop
Seat 3: Luigiams folded before Flop (didn't bet)
Seat 4: VoltaWatts folded before Flop (didn't bet)
Seat 6: ThiagoKbelo folded before Flop (didn't bet)
Seat 7: JayJayJohnson folded before Flop (didn't bet)
Seat 8: Ramkha (button) collected ($0.12)
Seat 9: kdu paliva (small blind) folded before Flop



PokerStars Hand #237776787292:  Hold'em No Limit ($0.02/$0.05 USD) - 2022/08/03 20:35:44 PT [2022/08/03 23:35:44 ET]
Table 'Vladimir II' 9-max Seat #9 is the button
Seat 1: Dorex2007 ($8.16 in chips) 
Seat 2: Herbert CNR ($5 in chips) 
Seat 3: Luigiams ($4.99 in chips) 
Seat 4: VoltaWatts ($5.96 in chips) 
Seat 6: ThiagoKbelo ($5 in chips) 
Seat 7: JayJayJohnson ($7.57 in chips) 
Seat 8: Ramkha ($5.07 in chips) 
Seat 9: kdu paliva ($4.99 in chips) 
Dorex2007: posts small blind $0.02
Herbert CNR: posts big blind $0.05
*** HOLE CARDS ***
Dealt to Dorex2007 [5d Ts]
Luigiams: folds 
VoltaWatts: raises $0.10 to $0.15
ThiagoKbelo: folds 
JayJayJohnson: calls $0.15
Ramkha: folds 
kdu paliva: folds 
Dorex2007: folds 
Herbert CNR: folds 
*** FLOP *** [3h 3c 6c]
VoltaWatts: bets $0.12
JayJayJohnson: raises $0.30 to $0.42
VoltaWatts: calls $0.30
*** TURN *** [3h 3c 6c] [Jc]
VoltaWatts: checks 
JayJayJohnson: checks 
*** RIVER *** [3h 3c 6c Jc] [4s]
VoltaWatts: checks 
JayJayJohnson: bets $0.55
VoltaWatts: calls $0.55
*** SHOW DOWN ***
JayJayJohnson: shows [Ks Jh] (two pair, Jacks and Threes)
VoltaWatts: shows [Qd Qh] (two pair, Queens and Threes)
VoltaWatts collected $2.21 from pot
*** SUMMARY ***
Total pot $2.31 | Rake $0.10 
Board [3h 3c 6c Jc 4s]
Seat 1: Dorex2007 (small blind) folded before Flop
Seat 2: Herbert CNR (big blind) folded before Flop
Seat 3: Luigiams folded before Flop (didn't bet)
Seat 4: VoltaWatts showed [Qd Qh] and won ($2.21) with two pair, Queens and Threes
Seat 6: ThiagoKbelo folded before Flop (didn't bet)
Seat 7: JayJayJohnson showed [Ks Jh] and lost with two pair, Jacks and Threes
Seat 8: Ramkha folded before Flop (didn't bet)
Seat 9: kdu paliva (button) folded before Flop (didn't bet)



PokerStars Hand #237776806096:  Hold'em No Limit ($0.02/$0.05 USD) - 2022/08/03 20:36:58 PT [2022/08/03 23:36:58 ET]
Table 'Vladimir II' 9-max Seat #1 is the button
Seat 1: Dorex2007 ($8.14 in chips) 
Seat 2: Herbert CNR ($4.95 in chips) 
Seat 3: Luigiams ($4.99 in chips) 
Seat 4: VoltaWatts ($7.05 in chips) 
Seat 6: ThiagoKbelo ($5 in chips) 
Seat 7: JayJayJohnson ($6.45 in chips) 
Seat 8: Ramkha ($5.07 in chips) 
Seat 9: kdu paliva ($4.99 in chips) 
Herbert CNR: posts small blind $0.02
Luigiams: posts big blind $0.05
*** HOLE CARDS ***
Dealt to Dorex2007 [5c 5h]
VoltaWatts: raises $0.10 to $0.15
ThiagoKbelo: folds 
JayJayJohnson: raises $0.30 to $0.45
ricardofilho20 joins the table at seat #5 
Ramkha: folds 
kdu paliva: folds 
Dorex2007: folds 
Herbert CNR: folds 
Luigiams: folds 
VoltaWatts: calls $0.30
*** FLOP *** [7c 9h Kd]
VoltaWatts: checks 
JayJayJohnson: checks 
*** TURN *** [7c 9h Kd] [9d]
VoltaWatts: checks 
JayJayJohnson: checks 
*** RIVER *** [7c 9h Kd 9d] [4d]
VoltaWatts: checks 
JayJayJohnson: checks 
*** SHOW DOWN ***
VoltaWatts: shows [6h 6c] (two pair, Nines and Sixes)
JayJayJohnson: mucks hand 
VoltaWatts collected $0.93 from pot
*** SUMMARY ***
Total pot $0.97 | Rake $0.04 
Board [7c 9h Kd 9d 4d]
Seat 1: Dorex2007 (button) folded before Flop (didn't bet)
Seat 2: Herbert CNR (small blind) folded before Flop
Seat 3: Luigiams (big blind) folded before Flop
Seat 4: VoltaWatts showed [6h 6c] and won ($0.93) with two pair, Nines and Sixes
Seat 6: ThiagoKbelo folded before Flop (didn't bet)
Seat 7: JayJayJohnson mucked [Ac Ts]
Seat 8: Ramkha folded before Flop (didn't bet)
Seat 9: kdu paliva folded before Flop (didn't bet)



PokerStars Hand #237776817774:  Hold'em No Limit ($0.02/$0.05 USD) - 2022/08/03 20:37:52 PT [2022/08/03 23:37:52 ET]
Table 'Vladimir II' 9-max Seat #2 is the button
Seat 1: Dorex2007 ($8.14 in chips) 
Seat 2: Herbert CNR ($4.93 in chips) 
Seat 3: Luigiams ($4.94 in chips) 
Seat 4: VoltaWatts ($7.53 in chips) 
Seat 6: ThiagoKbelo ($5 in chips) 
Seat 7: JayJayJohnson ($6 in chips) 
Seat 8: Ramkha ($5.07 in chips) 
Seat 9: kdu paliva ($4.99 in chips) 
Luigiams: posts small blind $0.02
VoltaWatts: posts big blind $0.05
ricardofilho20: sits out 
*** HOLE CARDS ***
Dealt to Dorex2007 [8c Kc]
ThiagoKbelo: folds 
JayJayJohnson: folds 
Ramkha: folds 
kdu paliva: folds 
Dorex2007: folds 
Herbert CNR: folds 
Luigiams: folds 
Uncalled bet ($0.03) returned to VoltaWatts
VoltaWatts collected $0.04 from pot
VoltaWatts: doesn't show hand 
*** SUMMARY ***
Total pot $0.04 | Rake $0 
Seat 1: Dorex2007 folded before Flop (didn't bet)
Seat 2: Herbert CNR (button) folded before Flop (didn't bet)
Seat 3: Luigiams (small blind) folded before Flop
Seat 4: VoltaWatts (big blind) collected ($0.04)
Seat 6: ThiagoKbelo folded before Flop (didn't bet)
Seat 7: JayJayJohnson folded before Flop (didn't bet)
Seat 8: Ramkha folded before Flop (didn't bet)
Seat 9: kdu paliva folded before Flop (didn't bet)



PokerStars Hand #237776820051:  Hold'em No Limit ($0.02/$0.05 USD) - 2022/08/03 20:38:07 PT [2022/08/03 23:38:07 ET]
Table 'Vladimir II' 9-max Seat #3 is the button
Seat 1: Dorex2007 ($8.14 in chips) 
Seat 2: Herbert CNR ($4.93 in chips) 
Seat 3: Luigiams ($4.92 in chips) 
Seat 4: VoltaWatts ($7.55 in chips) 
Seat 5: ricardofilho20 ($4 in chips) 
Seat 6: ThiagoKbelo ($5 in chips) 
Seat 7: JayJayJohnson ($6 in chips) 
Seat 8: Ramkha ($5.07 in chips) 
Seat 9: kdu paliva ($4.99 in chips) 
VoltaWatts: posts small blind $0.02
ricardofilho20: posts big blind $0.05
*** HOLE CARDS ***
Dealt to Dorex2007 [4s Kc]
ThiagoKbelo: folds 
JayJayJohnson: raises $0.10 to $0.15
Ramkha: folds 
kdu paliva: folds 
Dorex2007: folds 
Herbert CNR: folds 
Luigiams: folds 
VoltaWatts: folds 
ricardofilho20: folds 
Uncalled bet ($0.10) returned to JayJayJohnson
JayJayJohnson collected $0.12 from pot
*** SUMMARY ***
Total pot $0.12 | Rake $0 
Seat 1: Dorex2007 folded before Flop (didn't bet)
Seat 2: Herbert CNR folded before Flop (didn't bet)
Seat 3: Luigiams (button) folded before Flop (didn't bet)
Seat 4: VoltaWatts (small blind) folded before Flop
Seat 5: ricardofilho20 (big blind) folded before Flop
Seat 6: ThiagoKbelo folded before Flop (didn't bet)
Seat 7: JayJayJohnson collected ($0.12)
Seat 8: Ramkha folded before Flop (didn't bet)
Seat 9: kdu paliva folded before Flop (didn't bet)



PokerStars Hand #237776822957:  Hold'em No Limit ($0.02/$0.05 USD) - 2022/08/03 20:38:27 PT [2022/08/03 23:38:27 ET]
Table 'Vladimir II' 9-max Seat #4 is the button
Seat 1: Dorex2007 ($8.14 in chips) 
Seat 2: Herbert CNR ($4.93 in chips) 
Seat 3: Luigiams ($4.92 in chips) 
Seat 4: VoltaWatts ($7.53 in chips) 
Seat 5: ricardofilho20 ($3.95 in chips) 
Seat 6: ThiagoKbelo ($5 in chips) 
Seat 7: JayJayJohnson ($6.07 in chips) 
Seat 8: Ramkha ($5.07 in chips) 
Seat 9: kdu paliva ($4.99 in chips) 
ricardofilho20: posts small blind $0.02
ThiagoKbelo: posts big blind $0.05
*** HOLE CARDS ***
Dealt to Dorex2007 [2h 3c]
JayJayJohnson: folds 
Ramkha: folds 
kdu paliva: raises $0.10 to $0.15
Dorex2007: folds 
Herbert CNR: folds 
Luigiams: calls $0.15
VoltaWatts: folds 
JayJayJohnson leaves the table
ricardofilho20: calls $0.13
ThiagoKbelo: folds 
*** FLOP *** [5h 4d 5s]
ricardofilho20: checks 
kdu paliva: bets $0.25
Luigiams: folds 
ricardofilho20: calls $0.25
*** TURN *** [5h 4d 5s] [2s]
ricardofilho20: checks 
kdu paliva: bets $0.60
ricardofilho20: calls $0.60
*** RIVER *** [5h 4d 5s 2s] [9h]
ricardofilho20: bets $1.15
kdu paliva: calls $1.15
*** SHOW DOWN ***
ricardofilho20: shows [2c 2d] (a full house, Deuces full of Fives)
kdu paliva: mucks hand 
ricardofilho20 collected $4.31 from pot
*** SUMMARY ***
Total pot $4.50 | Rake $0.19 
Board [5h 4d 5s 2s 9h]
Seat 1: Dorex2007 folded before Flop (didn't bet)
Seat 2: Herbert CNR folded before Flop (didn't bet)
Seat 3: Luigiams folded on the Flop
Seat 4: VoltaWatts (button) folded before Flop (didn't bet)
Seat 5: ricardofilho20 (small blind) showed [2c 2d] and won ($4.31) with a full house, Deuces full of Fives
Seat 6: ThiagoKbelo (big blind) folded before Flop
Seat 7: JayJayJohnson folded before Flop (didn't bet)
Seat 8: Ramkha folded before Flop (didn't bet)
Seat 9: kdu paliva mucked [Jh Js]



PokerStars Hand #237776840100:  Hold'em No Limit ($0.02/$0.05 USD) - 2022/08/03 20:39:48 PT [2022/08/03 23:39:48 ET]
Table 'Vladimir II' 9-max Seat #5 is the button
Seat 1: Dorex2007 ($8.14 in chips) 
Seat 2: Herbert CNR ($4.93 in chips) 
Seat 3: Luigiams ($4.77 in chips) 
Seat 4: VoltaWatts ($7.53 in chips) 
Seat 5: ricardofilho20 ($6.11 in chips) 
Seat 6: ThiagoKbelo ($5 in chips) 
Seat 8: Ramkha ($5.07 in chips) 
Seat 9: kdu paliva ($2.84 in chips) 
ThiagoKbelo: posts small blind $0.02
Ramkha: posts big blind $0.05
*** HOLE CARDS ***
Dealt to Dorex2007 [6d 9h]
kdu paliva: folds 
Dorex2007: folds 
Herbert CNR: folds 
Luigiams: folds 
VoltaWatts: folds 
ricardofilho20: raises $0.05 to $0.10
ThiagoKbelo: folds 
Ramkha: raises $0.35 to $0.45
ricardofilho20: folds 
Uncalled bet ($0.35) returned to Ramkha
Ramkha collected $0.22 from pot
Ramkha: doesn't show hand 
*** SUMMARY ***
Total pot $0.22 | Rake $0 
Seat 1: Dorex2007 folded before Flop (didn't bet)
Seat 2: Herbert CNR folded before Flop (didn't bet)
Seat 3: Luigiams folded before Flop (didn't bet)
Seat 4: VoltaWatts folded before Flop (didn't bet)
Seat 5: ricardofilho20 (button) folded before Flop
Seat 6: ThiagoKbelo (small blind) folded before Flop
Seat 8: Ramkha (big blind) collected ($0.22)
Seat 9: kdu paliva folded before Flop (didn't bet)



PokerStars Hand #237776844023:  Hold'em No Limit ($0.02/$0.05 USD) - 2022/08/03 20:40:15 PT [2022/08/03 23:40:15 ET]
Table 'Vladimir II' 9-max Seat #6 is the button
Seat 1: Dorex2007 ($8.14 in chips) 
Seat 2: Herbert CNR ($4.93 in chips) 
Seat 3: Luigiams ($4.77 in chips) 
Seat 4: VoltaWatts ($7.53 in chips) 
Seat 5: ricardofilho20 ($6.01 in chips) 
Seat 6: ThiagoKbelo ($5 in chips) 
Seat 8: Ramkha ($5.19 in chips) 
Seat 9: kdu paliva ($2.84 in chips) 
Ramkha: posts small blind $0.02
kdu paliva: posts big blind $0.05
*** HOLE CARDS ***
Dealt to Dorex2007 [Td 7c]
Dorex2007: folds 
Herbert CNR: folds 
Luigiams: raises $0.05 to $0.10
VoltaWatts: folds 
ricardofilho20: calls $0.10
ThiagoKbelo: calls $0.10
Ramkha: folds 
kdu paliva: calls $0.05
*** FLOP *** [5c Tc 8s]
kdu paliva: checks 
Luigiams: checks 
ricardofilho20: checks 
ThiagoKbelo: checks 
*** TURN *** [5c Tc 8s] [2d]
kdu paliva: bets $0.15
Luigiams: folds 
ricardofilho20: calls $0.15
ThiagoKbelo: calls $0.15
*** RIVER *** [5c Tc 8s 2d] [As]
kdu paliva: checks 
ricardofilho20: bets $0.26
ThiagoKbelo: folds 
kdu paliva: calls $0.26
*** SHOW DOWN ***
ricardofilho20: shows [4h Ah] (a pair of Aces)
kdu paliva: mucks hand 
ricardofilho20 collected $1.33 from pot
*** SUMMARY ***
Total pot $1.39 | Rake $0.06 
Board [5c Tc 8s 2d As]
Seat 1: Dorex2007 folded before Flop (didn't bet)
Seat 2: Herbert CNR folded before Flop (didn't bet)
Seat 3: Luigiams folded on the Turn
Seat 4: VoltaWatts folded before Flop (didn't bet)
Seat 5: ricardofilho20 showed [4h Ah] and won ($1.33) with a pair of Aces
Seat 6: ThiagoKbelo (button) folded on the River
Seat 8: Ramkha (small blind) folded before Flop
Seat 9: kdu paliva (big blind) mucked [Jc Th]



PokerStars Hand #237776855499:  Hold'em No Limit ($0.02/$0.05 USD) - 2022/08/03 20:41:34 PT [2022/08/03 23:41:34 ET]
Table 'Vladimir II' 9-max Seat #8 is the button
Seat 1: Dorex2007 ($8.14 in chips) 
Seat 2: Herbert CNR ($4.93 in chips) 
Seat 3: Luigiams ($4.67 in chips) 
Seat 4: VoltaWatts ($7.53 in chips) 
Seat 5: ricardofilho20 ($6.83 in chips) 
Seat 6: ThiagoKbelo ($5 in chips) 
Seat 8: Ramkha ($5.17 in chips) 
Seat 9: kdu paliva ($2.33 in chips) 
kdu paliva: posts small blind $0.02
Dorex2007: posts big blind $0.05
*** HOLE CARDS ***
Dealt to Dorex2007 [8s Th]
Herbert CNR: folds 
Luigiams: calls $0.05
VoltaWatts: folds 
ricardofilho20: raises $0.05 to $0.10
ThiagoKbelo: folds 
Ramkha: folds 
kdu paliva: folds 
Dorex2007: folds 
Luigiams: calls $0.05
*** FLOP *** [9d 6c 4c]
Luigiams: checks 
ricardofilho20: bets $0.15
Luigiams: folds 
Uncalled bet ($0.15) returned to ricardofilho20
ricardofilho20 collected $0.26 from pot
*** SUMMARY ***
Total pot $0.27 | Rake $0.01 
Board [9d 6c 4c]
Seat 1: Dorex2007 (big blind) folded before Flop
Seat 2: Herbert CNR folded before Flop (didn't bet)
Seat 3: Luigiams folded on the Flop
Seat 4: VoltaWatts folded before Flop (didn't bet)
Seat 5: ricardofilho20 collected ($0.26)
Seat 6: ThiagoKbelo folded before Flop (didn't bet)
Seat 8: Ramkha (button) folded before Flop (didn't bet)
Seat 9: kdu paliva (small blind) folded before Flop



PokerStars Hand #237776860950:  Hold'em No Limit ($0.02/$0.05 USD) - 2022/08/03 20:42:11 PT [2022/08/03 23:42:11 ET]
Table 'Vladimir II' 9-max Seat #9 is the button
Seat 1: Dorex2007 ($8.09 in chips) 
Seat 2: Herbert CNR ($4.93 in chips) 
Seat 3: Luigiams ($4.57 in chips) 
Seat 4: VoltaWatts ($7.53 in chips) 
Seat 5: ricardofilho20 ($6.99 in chips) 
Seat 6: ThiagoKbelo ($5 in chips) 
Seat 8: Ramkha ($5.17 in chips) 
Seat 9: kdu paliva ($2.31 in chips) 
Dorex2007: posts small blind $0.02
Herbert CNR: posts big blind $0.05
*** HOLE CARDS ***
Dealt to Dorex2007 [6s 8c]
Luigiams: folds 
VoltaWatts: folds 
ricardofilho20: folds 
ThiagoKbelo: folds 
Ramkha: folds 
kdu paliva: folds 
Dorex2007: folds 
Uncalled bet ($0.03) returned to Herbert CNR
Herbert CNR collected $0.04 from pot
Herbert CNR: doesn't show hand 
*** SUMMARY ***
Total pot $0.04 | Rake $0 
Seat 1: Dorex2007 (small blind) folded before Flop
Seat 2: Herbert CNR (big blind) collected ($0.04)
Seat 3: Luigiams folded before Flop (didn't bet)
Seat 4: VoltaWatts folded before Flop (didn't bet)
Seat 5: ricardofilho20 folded before Flop (didn't bet)
Seat 6: ThiagoKbelo folded before Flop (didn't bet)
Seat 8: Ramkha folded before Flop (didn't bet)
Seat 9: kdu paliva (button) folded before Flop (didn't bet)



PokerStars Hand #237776864293:  Hold'em No Limit ($0.02/$0.05 USD) - 2022/08/03 20:42:34 PT [2022/08/03 23:42:34 ET]
Table 'Vladimir II' 9-max Seat #1 is the button
Seat 1: Dorex2007 ($8.07 in chips) 
Seat 2: Herbert CNR ($4.95 in chips) 
Seat 3: Luigiams ($4.57 in chips) 
Seat 4: VoltaWatts ($7.53 in chips) 
Seat 5: ricardofilho20 ($6.99 in chips) 
Seat 6: ThiagoKbelo ($5 in chips) 
Seat 8: Ramkha ($5.17 in chips) 
Seat 9: kdu paliva ($2.31 in chips) 
Herbert CNR: posts small blind $0.02
Luigiams: posts big blind $0.05
*** HOLE CARDS ***
Dealt to Dorex2007 [6c Th]
VoltaWatts: folds 
ricardofilho20: folds 
ThiagoKbelo: raises $0.10 to $0.15
Ramkha: folds 
kdu paliva: folds 
Dorex2007: folds 
Herbert CNR: folds 
Luigiams: folds 
Uncalled bet ($0.10) returned to ThiagoKbelo
ThiagoKbelo collected $0.12 from pot
ThiagoKbelo: doesn't show hand 
*** SUMMARY ***
Total pot $0.12 | Rake $0 
Seat 1: Dorex2007 (button) folded before Flop (didn't bet)
Seat 2: Herbert CNR (small blind) folded before Flop
Seat 3: Luigiams (big blind) folded before Flop
Seat 4: VoltaWatts folded before Flop (didn't bet)
Seat 5: ricardofilho20 folded before Flop (didn't bet)
Seat 6: ThiagoKbelo collected ($0.12)
Seat 8: Ramkha folded before Flop (didn't bet)
Seat 9: kdu paliva folded before Flop (didn't bet)



PokerStars Hand #237776867552:  Hold'em No Limit ($0.02/$0.05 USD) - 2022/08/03 20:42:56 PT [2022/08/03 23:42:56 ET]
Table 'Vladimir II' 9-max Seat #2 is the button
Seat 1: Dorex2007 ($8.07 in chips) 
Seat 2: Herbert CNR ($4.93 in chips) 
Seat 3: Luigiams ($4.52 in chips) 
Seat 4: VoltaWatts ($7.53 in chips) 
Seat 5: ricardofilho20 ($6.99 in chips) 
Seat 6: ThiagoKbelo ($5.07 in chips) 
Seat 8: Ramkha ($5.17 in chips) 
Seat 9: kdu paliva ($2.31 in chips) 
Luigiams: posts small blind $0.02
VoltaWatts: posts big blind $0.05
*** HOLE CARDS ***
Dealt to Dorex2007 [5h 4c]
ricardofilho20: folds 
ThiagoKbelo: folds 
Ramkha: folds 
kdu paliva: folds 
Dorex2007: folds 
Herbert CNR: folds 
Luigiams: calls $0.03
VoltaWatts: checks 
*** FLOP *** [6s Ts Ks]
Luigiams: bets $0.10
VoltaWatts: calls $0.10
*** TURN *** [6s Ts Ks] [2h]
Luigiams: bets $0.05
VoltaWatts: calls $0.05
*** RIVER *** [6s Ts Ks 2h] [Qh]
Luigiams: checks 
VoltaWatts: checks 
*** SHOW DOWN ***
Luigiams: shows [Kd 9h] (a pair of Kings)
VoltaWatts: mucks hand 
Luigiams collected $0.38 from pot
*** SUMMARY ***
Total pot $0.40 | Rake $0.02 
Board [6s Ts Ks 2h Qh]
Seat 1: Dorex2007 folded before Flop (didn't bet)
Seat 2: Herbert CNR (button) folded before Flop (didn't bet)
Seat 3: Luigiams (small blind) showed [Kd 9h] and won ($0.38) with a pair of Kings
Seat 4: VoltaWatts (big blind) mucked [Tc Ad]
Seat 5: ricardofilho20 folded before Flop (didn't bet)
Seat 6: ThiagoKbelo folded before Flop (didn't bet)
Seat 8: Ramkha folded before Flop (didn't bet)
Seat 9: kdu paliva folded before Flop (didn't bet)



PokerStars Hand #237776875818:  Hold'em No Limit ($0.02/$0.05 USD) - 2022/08/03 20:43:53 PT [2022/08/03 23:43:53 ET]
Table 'Vladimir II' 9-max Seat #3 is the button
Seat 1: Dorex2007 ($8.07 in chips) 
Seat 2: Herbert CNR ($4.93 in chips) 
Seat 3: Luigiams ($4.70 in chips) 
Seat 4: VoltaWatts ($7.33 in chips) 
Seat 5: ricardofilho20 ($6.99 in chips) 
Seat 6: ThiagoKbelo ($5.07 in chips) 
Seat 8: Ramkha ($5.17 in chips) 
Seat 9: kdu paliva ($2.31 in chips) 
VoltaWatts: posts small blind $0.02
ricardofilho20: posts big blind $0.05
*** HOLE CARDS ***
Dealt to Dorex2007 [7c Qd]
ThiagoKbelo: folds 
Ramkha: folds 
kdu paliva: folds 
Dorex2007: folds 
Herbert CNR: calls $0.05
Luigiams: folds 
VoltaWatts: folds 
ricardofilho20: checks 
*** FLOP *** [Ad Ac 3d]
ricardofilho20: checks 
Herbert CNR: checks 
*** TURN *** [Ad Ac 3d] [5c]
ricardofilho20: bets $0.10
Herbert CNR: calls $0.10
*** RIVER *** [Ad Ac 3d 5c] [Th]
ricardofilho20: checks 
Herbert CNR: bets $0.30
ricardofilho20: folds 
Uncalled bet ($0.30) returned to Herbert CNR
Herbert CNR collected $0.31 from pot
Herbert CNR: doesn't show hand 
*** SUMMARY ***
Total pot $0.32 | Rake $0.01 
Board [Ad Ac 3d 5c Th]
Seat 1: Dorex2007 folded before Flop (didn't bet)
Seat 2: Herbert CNR collected ($0.31)
Seat 3: Luigiams (button) folded before Flop (didn't bet)
Seat 4: VoltaWatts (small blind) folded before Flop
Seat 5: ricardofilho20 (big blind) folded on the River
Seat 6: ThiagoKbelo folded before Flop (didn't bet)
Seat 8: Ramkha folded before Flop (didn't bet)
Seat 9: kdu paliva folded before Flop (didn't bet)



