PokerStars Hand #234245289264:  Hold'em No Limit ($0.01/$0.02 USD) - 2022/02/20 12:47:57 PT [2022/02/20 15:47:57 ET]
Table 'Raimonda V' 9-max Seat #8 is the button
Seat 1: gochoman111 ($1.91 in chips) 
Seat 2: Stoudemir3 ($2.86 in chips) 
Seat 3: famedi ($2.05 in chips) 
Seat 4: coolfire10 ($0.52 in chips) 
Seat 5: airdestiny ($2.01 in chips) 
Seat 6: POLLO ISRA75 ($3.45 in chips) 
Seat 7: Dorex2007 ($2 in chips) 
Seat 8: fukazapam ($2.06 in chips) 
Seat 9: Hipack ($3.25 in chips) 
Hipack: posts small blind $0.01
gochoman111: posts big blind $0.02
Dorex2007: posts big blind $0.02
*** HOLE CARDS ***
Dealt to Dorex2007 [7h Ks]
Stoudemir3: folds 
famedi: folds 
coolfire10: folds 
airdestiny: folds 
POLLO ISRA75: folds 
Dorex2007: checks 
fukazapam: raises $0.06 to $0.08
Hipack: folds 
gochoman111: raises $0.19 to $0.27
Dorex2007: folds 
fukazapam: folds 
Uncalled bet ($0.19) returned to gochoman111
gochoman111 collected $0.19 from pot
gochoman111: doesn't show hand 
*** SUMMARY ***
Total pot $0.19 | Rake $0 
Seat 1: gochoman111 (big blind) collected ($0.19)
Seat 2: Stoudemir3 folded before Flop (didn't bet)
Seat 3: famedi folded before Flop (didn't bet)
Seat 4: coolfire10 folded before Flop (didn't bet)
Seat 5: airdestiny folded before Flop (didn't bet)
Seat 6: POLLO ISRA75 folded before Flop (didn't bet)
Seat 7: Dorex2007 folded before Flop (didn't bet)
Seat 8: fukazapam (button) folded before Flop
Seat 9: Hipack (small blind) folded before Flop



PokerStars Hand #234245316793:  Hold'em No Limit ($0.01/$0.02 USD) - 2022/02/20 12:48:41 PT [2022/02/20 15:48:41 ET]
Table 'Raimonda V' 9-max Seat #9 is the button
Seat 1: gochoman111 ($2.02 in chips) 
Seat 2: Stoudemir3 ($2.86 in chips) 
Seat 3: famedi ($2.05 in chips) 
Seat 4: coolfire10 ($0.52 in chips) 
Seat 5: airdestiny ($2.01 in chips) 
Seat 6: POLLO ISRA75 ($3.45 in chips) 
Seat 7: Dorex2007 ($2 in chips) 
Seat 8: fukazapam ($2 in chips) 
Seat 9: Hipack ($3.24 in chips) 
gochoman111: posts small blind $0.01
Stoudemir3: posts big blind $0.02
*** HOLE CARDS ***
Dealt to Dorex2007 [3d 8s]
famedi: folds 
coolfire10: folds 
airdestiny: folds 
POLLO ISRA75: calls $0.02
Dorex2007: folds 
fukazapam: folds 
Hipack: folds 
gochoman111: calls $0.01
Stoudemir3: checks 
*** FLOP *** [Qs Td 5d]
gochoman111: checks 
Stoudemir3: checks 
POLLO ISRA75: bets $0.03
gochoman111: calls $0.03
Stoudemir3: folds 
*** TURN *** [Qs Td 5d] [3h]
gochoman111: checks 
POLLO ISRA75: bets $0.06
gochoman111: folds 
Uncalled bet ($0.06) returned to POLLO ISRA75
POLLO ISRA75 collected $0.12 from pot
POLLO ISRA75: doesn't show hand 
*** SUMMARY ***
Total pot $0.12 | Rake $0 
Board [Qs Td 5d 3h]
Seat 1: gochoman111 (small blind) folded on the Turn
Seat 2: Stoudemir3 (big blind) folded on the Flop
Seat 3: famedi folded before Flop (didn't bet)
Seat 4: coolfire10 folded before Flop (didn't bet)
Seat 5: airdestiny folded before Flop (didn't bet)
Seat 6: POLLO ISRA75 collected ($0.12)
Seat 7: Dorex2007 folded before Flop (didn't bet)
Seat 8: fukazapam folded before Flop (didn't bet)
Seat 9: Hipack (button) folded before Flop (didn't bet)



PokerStars Hand #234245357608:  Hold'em No Limit ($0.01/$0.02 USD) - 2022/02/20 12:49:45 PT [2022/02/20 15:49:45 ET]
Table 'Raimonda V' 9-max Seat #1 is the button
Seat 1: gochoman111 ($1.97 in chips) 
Seat 2: Stoudemir3 ($2.84 in chips) 
Seat 3: famedi ($2.05 in chips) 
Seat 4: coolfire10 ($0.52 in chips) 
Seat 5: airdestiny ($2.01 in chips) 
Seat 6: POLLO ISRA75 ($3.52 in chips) 
Seat 7: Dorex2007 ($2 in chips) 
Seat 8: fukazapam ($2 in chips) 
Seat 9: Hipack ($3.24 in chips) 
Stoudemir3: posts small blind $0.01
famedi: posts big blind $0.02
*** HOLE CARDS ***
Dealt to Dorex2007 [Ah 7s]
coolfire10: calls $0.02
airdestiny: folds 
POLLO ISRA75: folds 
Dorex2007: folds 
fukazapam: folds 
Hipack: raises $0.04 to $0.06
gochoman111: calls $0.06
Stoudemir3: folds 
famedi: folds 
coolfire10: calls $0.04
*** FLOP *** [Td 6c 5d]
coolfire10: checks 
Hipack: bets $0.10
gochoman111: folds 
coolfire10: folds 
Uncalled bet ($0.10) returned to Hipack
Hipack collected $0.20 from pot
Hipack: doesn't show hand 
*** SUMMARY ***
Total pot $0.21 | Rake $0.01 
Board [Td 6c 5d]
Seat 1: gochoman111 (button) folded on the Flop
Seat 2: Stoudemir3 (small blind) folded before Flop
Seat 3: famedi (big blind) folded before Flop
Seat 4: coolfire10 folded on the Flop
Seat 5: airdestiny folded before Flop (didn't bet)
Seat 6: POLLO ISRA75 folded before Flop (didn't bet)
Seat 7: Dorex2007 folded before Flop (didn't bet)
Seat 8: fukazapam folded before Flop (didn't bet)
Seat 9: Hipack collected ($0.20)



PokerStars Hand #234245393460:  Hold'em No Limit ($0.01/$0.02 USD) - 2022/02/20 12:50:42 PT [2022/02/20 15:50:42 ET]
Table 'Raimonda V' 9-max Seat #2 is the button
Seat 1: gochoman111 ($1.91 in chips) 
Seat 2: Stoudemir3 ($2.83 in chips) 
Seat 3: famedi ($2.03 in chips) 
Seat 4: coolfire10 ($0.46 in chips) 
Seat 5: airdestiny ($2.01 in chips) 
Seat 6: POLLO ISRA75 ($3.52 in chips) 
Seat 7: Dorex2007 ($2 in chips) 
Seat 8: fukazapam ($2 in chips) 
Seat 9: Hipack ($3.38 in chips) 
famedi: posts small blind $0.01
coolfire10: posts big blind $0.02
*** HOLE CARDS ***
Dealt to Dorex2007 [Qs 5d]
airdestiny: raises $0.06 to $0.08
POLLO ISRA75: calls $0.08
Dorex2007: folds 
fukazapam: calls $0.08
Hipack: folds 
gochoman111: folds 
Stoudemir3: folds 
famedi: folds 
coolfire10: folds 
*** FLOP *** [2s 7h Kc]
airdestiny: bets $0.12
POLLO ISRA75: folds 
fukazapam: folds 
Uncalled bet ($0.12) returned to airdestiny
airdestiny collected $0.26 from pot
airdestiny: doesn't show hand 
*** SUMMARY ***
Total pot $0.27 | Rake $0.01 
Board [2s 7h Kc]
Seat 1: gochoman111 folded before Flop (didn't bet)
Seat 2: Stoudemir3 (button) folded before Flop (didn't bet)
Seat 3: famedi (small blind) folded before Flop
Seat 4: coolfire10 (big blind) folded before Flop
Seat 5: airdestiny collected ($0.26)
Seat 6: POLLO ISRA75 folded on the Flop
Seat 7: Dorex2007 folded before Flop (didn't bet)
Seat 8: fukazapam folded on the Flop
Seat 9: Hipack folded before Flop (didn't bet)



PokerStars Hand #234245416215:  Hold'em No Limit ($0.01/$0.02 USD) - 2022/02/20 12:51:18 PT [2022/02/20 15:51:18 ET]
Table 'Raimonda V' 9-max Seat #3 is the button
Seat 1: gochoman111 ($1.91 in chips) 
Seat 2: Stoudemir3 ($2.83 in chips) 
Seat 3: famedi ($2.02 in chips) 
Seat 4: coolfire10 ($0.44 in chips) 
Seat 5: airdestiny ($2.19 in chips) 
Seat 6: POLLO ISRA75 ($3.44 in chips) 
Seat 7: Dorex2007 ($2 in chips) 
Seat 8: fukazapam ($2 in chips) 
Seat 9: Hipack ($3.38 in chips) 
coolfire10: posts small blind $0.01
airdestiny: posts big blind $0.02
*** HOLE CARDS ***
Dealt to Dorex2007 [9s Qh]
POLLO ISRA75: folds 
Dorex2007: folds 
fukazapam: raises $0.04 to $0.06
Hipack: folds 
gochoman111: calls $0.06
Stoudemir3: folds 
famedi: folds 
coolfire10: folds 
airdestiny: folds 
*** FLOP *** [7c 5d Jd]
fukazapam: bets $0.12
gochoman111: folds 
Uncalled bet ($0.12) returned to fukazapam
fukazapam collected $0.14 from pot
*** SUMMARY ***
Total pot $0.15 | Rake $0.01 
Board [7c 5d Jd]
Seat 1: gochoman111 folded on the Flop
Seat 2: Stoudemir3 folded before Flop (didn't bet)
Seat 3: famedi (button) folded before Flop (didn't bet)
Seat 4: coolfire10 (small blind) folded before Flop
Seat 5: airdestiny (big blind) folded before Flop
Seat 6: POLLO ISRA75 folded before Flop (didn't bet)
Seat 7: Dorex2007 folded before Flop (didn't bet)
Seat 8: fukazapam collected ($0.14)
Seat 9: Hipack folded before Flop (didn't bet)



PokerStars Hand #234245450541:  Hold'em No Limit ($0.01/$0.02 USD) - 2022/02/20 12:52:12 PT [2022/02/20 15:52:12 ET]
Table 'Raimonda V' 9-max Seat #4 is the button
Seat 1: gochoman111 ($1.85 in chips) 
Seat 2: Stoudemir3 ($2.83 in chips) 
Seat 3: famedi ($2.02 in chips) 
Seat 4: coolfire10 ($0.43 in chips) 
Seat 5: airdestiny ($2.17 in chips) 
Seat 6: POLLO ISRA75 ($3.44 in chips) 
Seat 7: Dorex2007 ($2 in chips) 
Seat 8: fukazapam ($2.08 in chips) 
Seat 9: Hipack ($3.38 in chips) 
airdestiny: posts small blind $0.01
POLLO ISRA75: posts big blind $0.02
*** HOLE CARDS ***
Dealt to Dorex2007 [6c Kd]
Dorex2007: folds 
fukazapam: folds 
Hipack: folds 
gochoman111: folds 
Stoudemir3: raises $0.04 to $0.06
famedi: folds 
coolfire10: calls $0.06
airdestiny: folds 
POLLO ISRA75: folds 
*** FLOP *** [Td 3s Jd]
Stoudemir3: checks 
coolfire10: bets $0.14
Stoudemir3: folds 
Uncalled bet ($0.14) returned to coolfire10
coolfire10 collected $0.14 from pot
*** SUMMARY ***
Total pot $0.15 | Rake $0.01 
Board [Td 3s Jd]
Seat 1: gochoman111 folded before Flop (didn't bet)
Seat 2: Stoudemir3 folded on the Flop
Seat 3: famedi folded before Flop (didn't bet)
Seat 4: coolfire10 (button) collected ($0.14)
Seat 5: airdestiny (small blind) folded before Flop
Seat 6: POLLO ISRA75 (big blind) folded before Flop
Seat 7: Dorex2007 folded before Flop (didn't bet)
Seat 8: fukazapam folded before Flop (didn't bet)
Seat 9: Hipack folded before Flop (didn't bet)



PokerStars Hand #234245573566:  Hold'em No Limit ($0.01/$0.02 USD) - 2022/02/20 12:55:47 PT [2022/02/20 15:55:47 ET]
Table 'Raimonda V' 9-max Seat #8 is the button
Seat 1: gochoman111 ($1.76 in chips) 
Seat 2: Stoudemir3 ($2.52 in chips) 
Seat 3: famedi ($2.02 in chips) 
Seat 4: coolfire10 ($0.51 in chips) 
Seat 5: airdestiny ($2.16 in chips) 
Seat 6: POLLO ISRA75 ($3.79 in chips) 
Seat 7: Dorex2007 ($2 in chips) 
Seat 8: fukazapam ($2.05 in chips) 
Seat 9: Hipack ($3.36 in chips) 
Hipack: posts small blind $0.01
gochoman111: posts big blind $0.02
Dorex2007: posts small & big blinds $0.03
*** HOLE CARDS ***
Dealt to Dorex2007 [2c Kc]
Stoudemir3: folds 
famedi: folds 
coolfire10: raises $0.08 to $0.10
airdestiny: folds 
POLLO ISRA75: folds 
Dorex2007: folds 
fukazapam: folds 
Hipack: folds 
gochoman111: calls $0.08
*** FLOP *** [8s Ac As]
gochoman111: checks 
coolfire10: checks 
*** TURN *** [8s Ac As] [6d]
gochoman111: checks 
coolfire10: bets $0.12
gochoman111: calls $0.12
*** RIVER *** [8s Ac As 6d] [5h]
gochoman111: checks 
coolfire10: bets $0.29 and is all-in
gochoman111: calls $0.29
*** SHOW DOWN ***
coolfire10: shows [Ad Ks] (three of a kind, Aces)
gochoman111: shows [8c Tc] (two pair, Aces and Eights)
coolfire10 collected $1.02 from pot
*** SUMMARY ***
Total pot $1.06 | Rake $0.04 
Board [8s Ac As 6d 5h]
Seat 1: gochoman111 (big blind) showed [8c Tc] and lost with two pair, Aces and Eights
Seat 2: Stoudemir3 folded before Flop (didn't bet)
Seat 3: famedi folded before Flop (didn't bet)
Seat 4: coolfire10 showed [Ad Ks] and won ($1.02) with three of a kind, Aces
Seat 5: airdestiny folded before Flop (didn't bet)
Seat 6: POLLO ISRA75 folded before Flop (didn't bet)
Seat 7: Dorex2007 folded before Flop (didn't bet)
Seat 8: fukazapam (button) folded before Flop (didn't bet)
Seat 9: Hipack (small blind) folded before Flop



PokerStars Hand #234245605431:  Hold'em No Limit ($0.01/$0.02 USD) - 2022/02/20 12:56:53 PT [2022/02/20 15:56:53 ET]
Table 'Raimonda V' 9-max Seat #9 is the button
Seat 1: gochoman111 ($1.25 in chips) 
Seat 2: Stoudemir3 ($2.52 in chips) 
Seat 3: famedi ($2.02 in chips) 
Seat 4: coolfire10 ($1.02 in chips) 
Seat 5: airdestiny ($2.16 in chips) 
Seat 6: POLLO ISRA75 ($3.79 in chips) 
Seat 7: Dorex2007 ($2 in chips) 
Seat 8: fukazapam ($2.05 in chips) 
Seat 9: Hipack ($3.35 in chips) 
gochoman111: posts small blind $0.01
Stoudemir3: posts big blind $0.02
*** HOLE CARDS ***
Dealt to Dorex2007 [2s 3c]
famedi: folds 
coolfire10: folds 
airdestiny: folds 
POLLO ISRA75: calls $0.02
Dorex2007: folds 
fukazapam: folds 
Hipack: folds 
gochoman111: folds 
Stoudemir3: raises $0.08 to $0.10
POLLO ISRA75: calls $0.08
*** FLOP *** [Ts 8c As]
Stoudemir3: bets $0.10
POLLO ISRA75: folds 
Uncalled bet ($0.10) returned to Stoudemir3
Stoudemir3 collected $0.20 from pot
Stoudemir3: doesn't show hand 
*** SUMMARY ***
Total pot $0.21 | Rake $0.01 
Board [Ts 8c As]
Seat 1: gochoman111 (small blind) folded before Flop
Seat 2: Stoudemir3 (big blind) collected ($0.20)
Seat 3: famedi folded before Flop (didn't bet)
Seat 4: coolfire10 folded before Flop (didn't bet)
Seat 5: airdestiny folded before Flop (didn't bet)
Seat 6: POLLO ISRA75 folded on the Flop
Seat 7: Dorex2007 folded before Flop (didn't bet)
Seat 8: fukazapam folded before Flop (didn't bet)
Seat 9: Hipack (button) folded before Flop (didn't bet)



PokerStars Hand #234245624226:  Hold'em No Limit ($0.01/$0.02 USD) - 2022/02/20 12:57:41 PT [2022/02/20 15:57:41 ET]
Table 'Raimonda V' 9-max Seat #1 is the button
Seat 1: gochoman111 ($1.24 in chips) 
Seat 2: Stoudemir3 ($2.62 in chips) 
Seat 3: famedi ($2.02 in chips) 
Seat 4: coolfire10 ($1.02 in chips) 
Seat 5: airdestiny ($2.16 in chips) 
Seat 6: POLLO ISRA75 ($3.69 in chips) 
Seat 7: Dorex2007 ($2 in chips) 
Seat 8: fukazapam ($2.05 in chips) 
Seat 9: Hipack ($3.35 in chips) 
Stoudemir3: posts small blind $0.01
famedi: posts big blind $0.02
*** HOLE CARDS ***
Dealt to Dorex2007 [Tc 9d]
coolfire10: calls $0.02
airdestiny: folds 
POLLO ISRA75: folds 
Dorex2007: folds 
fukazapam: folds 
Hipack: raises $0.04 to $0.06
gochoman111: folds 
Stoudemir3: folds 
famedi: folds 
coolfire10: calls $0.04
*** FLOP *** [3c 7c 3s]
coolfire10: checks 
Hipack: bets $0.07
coolfire10: folds 
Uncalled bet ($0.07) returned to Hipack
Hipack collected $0.14 from pot
Hipack: doesn't show hand 
*** SUMMARY ***
Total pot $0.15 | Rake $0.01 
Board [3c 7c 3s]
Seat 1: gochoman111 (button) folded before Flop (didn't bet)
Seat 2: Stoudemir3 (small blind) folded before Flop
Seat 3: famedi (big blind) folded before Flop
Seat 4: coolfire10 folded on the Flop
Seat 5: airdestiny folded before Flop (didn't bet)
Seat 6: POLLO ISRA75 folded before Flop (didn't bet)
Seat 7: Dorex2007 folded before Flop (didn't bet)
Seat 8: fukazapam folded before Flop (didn't bet)
Seat 9: Hipack collected ($0.14)



PokerStars Hand #234245646812:  Hold'em No Limit ($0.01/$0.02 USD) - 2022/02/20 12:58:37 PT [2022/02/20 15:58:37 ET]
Table 'Raimonda V' 9-max Seat #2 is the button
Seat 1: gochoman111 ($1.24 in chips) 
Seat 2: Stoudemir3 ($2.61 in chips) 
Seat 3: famedi ($2 in chips) 
Seat 4: coolfire10 ($0.96 in chips) 
Seat 5: airdestiny ($2.16 in chips) 
Seat 6: POLLO ISRA75 ($3.69 in chips) 
Seat 7: Dorex2007 ($2 in chips) 
Seat 8: fukazapam ($2.05 in chips) 
Seat 9: Hipack ($3.43 in chips) 
famedi: posts small blind $0.01
coolfire10: posts big blind $0.02
*** HOLE CARDS ***
Dealt to Dorex2007 [Kc 9c]
airdestiny: folds 
POLLO ISRA75: folds 
Dorex2007: folds 
fukazapam: folds 
Hipack: folds 
gochoman111: folds 
Stoudemir3: folds 
famedi: folds 
Uncalled bet ($0.01) returned to coolfire10
coolfire10 collected $0.02 from pot
*** SUMMARY ***
Total pot $0.02 | Rake $0 
Seat 1: gochoman111 folded before Flop (didn't bet)
Seat 2: Stoudemir3 (button) folded before Flop (didn't bet)
Seat 3: famedi (small blind) folded before Flop
Seat 4: coolfire10 (big blind) collected ($0.02)
Seat 5: airdestiny folded before Flop (didn't bet)
Seat 6: POLLO ISRA75 folded before Flop (didn't bet)
Seat 7: Dorex2007 folded before Flop (didn't bet)
Seat 8: fukazapam folded before Flop (didn't bet)
Seat 9: Hipack folded before Flop (didn't bet)



PokerStars Hand #234245658167:  Hold'em No Limit ($0.01/$0.02 USD) - 2022/02/20 12:59:05 PT [2022/02/20 15:59:05 ET]
Table 'Raimonda V' 9-max Seat #3 is the button
Seat 1: gochoman111 ($1.24 in chips) 
Seat 2: Stoudemir3 ($2.61 in chips) 
Seat 3: famedi ($1.99 in chips) 
Seat 4: coolfire10 ($0.97 in chips) 
Seat 5: airdestiny ($2.16 in chips) 
Seat 6: POLLO ISRA75 ($3.69 in chips) 
Seat 7: Dorex2007 ($2 in chips) 
Seat 8: fukazapam ($2.05 in chips) 
Seat 9: Hipack ($3.43 in chips) 
coolfire10: posts small blind $0.01
airdestiny: posts big blind $0.02
*** HOLE CARDS ***
Dealt to Dorex2007 [5h 2h]
POLLO ISRA75: folds 
Dorex2007: folds 
fukazapam: raises $0.02 to $0.04
Hipack: calls $0.04
gochoman111: folds 
Stoudemir3: folds 
famedi: folds 
coolfire10: folds 
airdestiny: folds 
*** FLOP *** [5d Qc 7h]
Stoudemir3 leaves the table
fukazapam: checks 
Hipack: checks 
*** TURN *** [5d Qc 7h] [7s]
fukazapam: checks 
Hipack: checks 
*** RIVER *** [5d Qc 7h 7s] [2c]
fukazapam: checks 
Hipack: checks 
*** SHOW DOWN ***
fukazapam: shows [Jd 9d] (a pair of Sevens)
Hipack: shows [Ac 6c] (a pair of Sevens - Ace kicker)
Hipack collected $0.11 from pot
*** SUMMARY ***
Total pot $0.11 | Rake $0 
Board [5d Qc 7h 7s 2c]
Seat 1: gochoman111 folded before Flop (didn't bet)
Seat 2: Stoudemir3 folded before Flop (didn't bet)
Seat 3: famedi (button) folded before Flop (didn't bet)
Seat 4: coolfire10 (small blind) folded before Flop
Seat 5: airdestiny (big blind) folded before Flop
Seat 6: POLLO ISRA75 folded before Flop (didn't bet)
Seat 7: Dorex2007 folded before Flop (didn't bet)
Seat 8: fukazapam showed [Jd 9d] and lost with a pair of Sevens
Seat 9: Hipack showed [Ac 6c] and won ($0.11) with a pair of Sevens



PokerStars Hand #234245681903:  Hold'em No Limit ($0.01/$0.02 USD) - 2022/02/20 13:00:04 PT [2022/02/20 16:00:04 ET]
Table 'Raimonda V' 9-max Seat #4 is the button
Seat 1: gochoman111 ($1.24 in chips) 
Seat 3: famedi ($1.99 in chips) 
Seat 4: coolfire10 ($0.96 in chips) 
Seat 5: airdestiny ($2.14 in chips) 
Seat 6: POLLO ISRA75 ($3.69 in chips) 
Seat 7: Dorex2007 ($2 in chips) 
Seat 8: fukazapam ($2.01 in chips) 
Seat 9: Hipack ($3.50 in chips) 
airdestiny: posts small blind $0.01
POLLO ISRA75: posts big blind $0.02
*** HOLE CARDS ***
Dealt to Dorex2007 [4d Qs]
Meister4218 joins the table at seat #2 
Dorex2007: folds 
fukazapam: folds 
Hipack: folds 
gochoman111: folds 
famedi: folds 
coolfire10: folds 
airdestiny: raises $0.06 to $0.08
POLLO ISRA75: folds 
Uncalled bet ($0.06) returned to airdestiny
airdestiny collected $0.04 from pot
airdestiny: doesn't show hand 
*** SUMMARY ***
Total pot $0.04 | Rake $0 
Seat 1: gochoman111 folded before Flop (didn't bet)
Seat 3: famedi folded before Flop (didn't bet)
Seat 4: coolfire10 (button) folded before Flop (didn't bet)
Seat 5: airdestiny (small blind) collected ($0.04)
Seat 6: POLLO ISRA75 (big blind) folded before Flop
Seat 7: Dorex2007 folded before Flop (didn't bet)
Seat 8: fukazapam folded before Flop (didn't bet)
Seat 9: Hipack folded before Flop (didn't bet)



PokerStars Hand #234245694065:  Hold'em No Limit ($0.01/$0.02 USD) - 2022/02/20 13:00:32 PT [2022/02/20 16:00:32 ET]
Table 'Raimonda V' 9-max Seat #5 is the button
Seat 1: gochoman111 ($2 in chips) 
Seat 3: famedi ($1.99 in chips) 
Seat 4: coolfire10 ($0.96 in chips) 
Seat 5: airdestiny ($2.16 in chips) 
Seat 6: POLLO ISRA75 ($3.67 in chips) 
Seat 7: Dorex2007 ($2 in chips) 
Seat 8: fukazapam ($2.01 in chips) 
Seat 9: Hipack ($3.50 in chips) 
POLLO ISRA75: posts small blind $0.01
Dorex2007: posts big blind $0.02
Meister4218: sits out 
*** HOLE CARDS ***
Dealt to Dorex2007 [4h 9c]
fukazapam: raises $0.04 to $0.06
Hipack: folds 
gochoman111: folds 
famedi: raises $0.12 to $0.18
Meister4218 leaves the table
coolfire10: raises $0.12 to $0.30
airdestiny: folds 
POLLO ISRA75: folds 
Dorex2007: folds 
fukazapam: folds 
Ramkha joins the table at seat #2 
famedi: raises $0.60 to $0.90
coolfire10: raises $0.06 to $0.96 and is all-in
famedi: calls $0.06
*** FLOP *** [Ks 7s Js]
*** TURN *** [Ks 7s Js] [Qc]
*** RIVER *** [Ks 7s Js Qc] [7h]
*** SHOW DOWN ***
famedi: shows [Ac Ah] (two pair, Aces and Sevens)
coolfire10: shows [Kd As] (two pair, Kings and Sevens)
famedi collected $1.94 from pot
*** SUMMARY ***
Total pot $2.01 | Rake $0.07 
Board [Ks 7s Js Qc 7h]
Seat 1: gochoman111 folded before Flop (didn't bet)
Seat 3: famedi showed [Ac Ah] and won ($1.94) with two pair, Aces and Sevens
Seat 4: coolfire10 showed [Kd As] and lost with two pair, Kings and Sevens
Seat 5: airdestiny (button) folded before Flop (didn't bet)
Seat 6: POLLO ISRA75 (small blind) folded before Flop
Seat 7: Dorex2007 (big blind) folded before Flop
Seat 8: fukazapam folded before Flop
Seat 9: Hipack folded before Flop (didn't bet)



PokerStars Hand #234245719838:  Hold'em No Limit ($0.01/$0.02 USD) - 2022/02/20 13:01:25 PT [2022/02/20 16:01:25 ET]
Table 'Raimonda V' 9-max Seat #6 is the button
Seat 1: gochoman111 ($2 in chips) 
Seat 3: famedi ($2.97 in chips) 
Seat 5: airdestiny ($2.16 in chips) 
Seat 6: POLLO ISRA75 ($3.66 in chips) 
Seat 7: Dorex2007 ($2 in chips) 
Seat 8: fukazapam ($2 in chips) 
Seat 9: Hipack ($3.50 in chips) 
Dorex2007: posts small blind $0.01
fukazapam: posts big blind $0.02
Ramkha: sits out 
*** HOLE CARDS ***
Dealt to Dorex2007 [4s 9c]
Hipack: raises $0.04 to $0.06
gochoman111: folds 
famedi: folds 
airdestiny: folds 
POLLO ISRA75: folds 
Dorex2007: folds 
fukazapam: raises $0.14 to $0.20
Hipack: folds 
Uncalled bet ($0.14) returned to fukazapam
fukazapam collected $0.13 from pot
*** SUMMARY ***
Total pot $0.13 | Rake $0 
Seat 1: gochoman111 folded before Flop (didn't bet)
Seat 3: famedi folded before Flop (didn't bet)
Seat 5: airdestiny folded before Flop (didn't bet)
Seat 6: POLLO ISRA75 (button) folded before Flop (didn't bet)
Seat 7: Dorex2007 (small blind) folded before Flop
Seat 8: fukazapam (big blind) collected ($0.13)
Seat 9: Hipack folded before Flop



PokerStars Hand #234245737435:  Hold'em No Limit ($0.01/$0.02 USD) - 2022/02/20 13:01:58 PT [2022/02/20 16:01:58 ET]
Table 'Raimonda V' 9-max Seat #7 is the button
Seat 1: gochoman111 ($2 in chips) 
Seat 3: famedi ($2.97 in chips) 
Seat 5: airdestiny ($2.16 in chips) 
Seat 6: POLLO ISRA75 ($3.66 in chips) 
Seat 7: Dorex2007 ($2 in chips) 
Seat 8: fukazapam ($2.07 in chips) 
fukazapam: posts small blind $0.01
Hipack: is sitting out 
gochoman111: posts big blind $0.02
Ramkha: sits out 
*** HOLE CARDS ***
Dealt to Dorex2007 [4d 8h]
famedi: folds 
Hipack leaves the table
airdestiny: raises $0.06 to $0.08
POLLO ISRA75: folds 
Dorex2007: folds 
fukazapam: folds 
gochoman111: calls $0.06
*** FLOP *** [7c Jd Jh]
gochoman111: checks 
airdestiny: bets $0.12
gochoman111: folds 
Uncalled bet ($0.12) returned to airdestiny
airdestiny collected $0.16 from pot
airdestiny: doesn't show hand 
*** SUMMARY ***
Total pot $0.17 | Rake $0.01 
Board [7c Jd Jh]
Seat 1: gochoman111 (big blind) folded on the Flop
Seat 3: famedi folded before Flop (didn't bet)
Seat 5: airdestiny collected ($0.16)
Seat 6: POLLO ISRA75 folded before Flop (didn't bet)
Seat 7: Dorex2007 (button) folded before Flop (didn't bet)
Seat 8: fukazapam (small blind) folded before Flop



PokerStars Hand #234245771942:  Hold'em No Limit ($0.01/$0.02 USD) - 2022/02/20 13:02:38 PT [2022/02/20 16:02:38 ET]
Table 'Raimonda V' 9-max Seat #8 is the button
Seat 1: gochoman111 ($1.92 in chips) 
Seat 2: Ramkha ($2 in chips) 
Seat 3: famedi ($2.97 in chips) 
Seat 5: airdestiny ($2.24 in chips) 
Seat 6: POLLO ISRA75 ($3.66 in chips) 
Seat 7: Dorex2007 ($2 in chips) 
Seat 8: fukazapam ($2.06 in chips) 
gochoman111: posts small blind $0.01
Ramkha: posts big blind $0.02
*** HOLE CARDS ***
Dealt to Dorex2007 [6h Kc]
famedi: folds 
airdestiny: folds 
johnnick221 joins the table at seat #9 
POLLO ISRA75: folds 
Dorex2007: folds 
fukazapam: folds 
gochoman111: calls $0.01
Ramkha: checks 
*** FLOP *** [8s 9s Td]
gochoman111: checks 
Ramkha: checks 
*** TURN *** [8s 9s Td] [6c]
gochoman111: checks 
Ramkha: checks 
*** RIVER *** [8s 9s Td 6c] [Jh]
gochoman111: bets $0.04
Ramkha: raises $0.09 to $0.13
gochoman111: calls $0.09
*** SHOW DOWN ***
Ramkha: shows [Qs 3s] (a straight, Eight to Queen)
gochoman111: shows [2h Qh] (a straight, Eight to Queen)
gochoman111 collected $0.15 from pot
Ramkha collected $0.14 from pot
*** SUMMARY ***
Total pot $0.30 | Rake $0.01 
Board [8s 9s Td 6c Jh]
Seat 1: gochoman111 (small blind) showed [2h Qh] and won ($0.15) with a straight, Eight to Queen
Seat 2: Ramkha (big blind) showed [Qs 3s] and won ($0.14) with a straight, Eight to Queen
Seat 3: famedi folded before Flop (didn't bet)
Seat 5: airdestiny folded before Flop (didn't bet)
Seat 6: POLLO ISRA75 folded before Flop (didn't bet)
Seat 7: Dorex2007 folded before Flop (didn't bet)
Seat 8: fukazapam (button) folded before Flop (didn't bet)



PokerStars Hand #234245822612:  Hold'em No Limit ($0.01/$0.02 USD) - 2022/02/20 13:03:47 PT [2022/02/20 16:03:47 ET]
Table 'Raimonda V' 9-max Seat #1 is the button
Seat 1: gochoman111 ($1.92 in chips) 
Seat 2: Ramkha ($2 in chips) 
Seat 3: famedi ($2.97 in chips) 
Seat 5: airdestiny ($2.24 in chips) 
Seat 6: POLLO ISRA75 ($3.66 in chips) 
Seat 7: Dorex2007 ($2 in chips) 
Seat 8: fukazapam ($2.06 in chips) 
Ramkha: posts small blind $0.01
famedi: posts big blind $0.02
johnnick221: sits out 
*** HOLE CARDS ***
Dealt to Dorex2007 [4d Jh]
airdestiny: folds 
POLLO ISRA75: folds 
Dorex2007: folds 
fukazapam: folds 
gochoman111: calls $0.02
Ramkha: raises $0.08 to $0.10
famedi: folds 
gochoman111: folds 
Uncalled bet ($0.08) returned to Ramkha
Ramkha collected $0.06 from pot
Ramkha: doesn't show hand 
*** SUMMARY ***
Total pot $0.06 | Rake $0 
Seat 1: gochoman111 (button) folded before Flop
Seat 2: Ramkha (small blind) collected ($0.06)
Seat 3: famedi (big blind) folded before Flop
Seat 5: airdestiny folded before Flop (didn't bet)
Seat 6: POLLO ISRA75 folded before Flop (didn't bet)
Seat 7: Dorex2007 folded before Flop (didn't bet)
Seat 8: fukazapam folded before Flop (didn't bet)



PokerStars Hand #234245836041:  Hold'em No Limit ($0.01/$0.02 USD) - 2022/02/20 13:04:08 PT [2022/02/20 16:04:08 ET]
Table 'Raimonda V' 9-max Seat #2 is the button
Seat 1: gochoman111 ($1.90 in chips) 
Seat 2: Ramkha ($2.04 in chips) 
Seat 3: famedi ($2.95 in chips) 
Seat 5: airdestiny ($2.24 in chips) 
Seat 6: POLLO ISRA75 ($3.66 in chips) 
Seat 7: Dorex2007 ($2 in chips) 
Seat 8: fukazapam ($2.06 in chips) 
Seat 9: johnnick221 ($0.89 in chips) 
famedi: posts small blind $0.01
airdestiny: posts big blind $0.02
johnnick221: posts big blind $0.02
*** HOLE CARDS ***
Dealt to Dorex2007 [2s 2h]
POLLO ISRA75: calls $0.02
Dorex2007: calls $0.02
fukazapam: calls $0.02
johnnick221: checks 
gochoman111: calls $0.02
Ramkha: folds 
famedi: folds 
airdestiny: checks 
*** FLOP *** [Ac 8c 2d]
airdestiny: checks 
POLLO ISRA75: checks 
Dorex2007: bets $1.98 and is all-in
fukazapam: folds 
johnnick221: folds 
gochoman111: folds 
airdestiny: folds 
POLLO ISRA75: folds 
Uncalled bet ($1.98) returned to Dorex2007
Dorex2007 collected $0.13 from pot
Dorex2007: doesn't show hand 
*** SUMMARY ***
Total pot $0.13 | Rake $0 
Board [Ac 8c 2d]
Seat 1: gochoman111 folded on the Flop
Seat 2: Ramkha (button) folded before Flop (didn't bet)
Seat 3: famedi (small blind) folded before Flop
Seat 5: airdestiny (big blind) folded on the Flop
Seat 6: POLLO ISRA75 folded on the Flop
Seat 7: Dorex2007 collected ($0.13)
Seat 8: fukazapam folded on the Flop
Seat 9: johnnick221 folded on the Flop (didn't bet)



PokerStars Hand #234245875062:  Hold'em No Limit ($0.01/$0.02 USD) - 2022/02/20 13:05:10 PT [2022/02/20 16:05:10 ET]
Table 'Raimonda V' 9-max Seat #3 is the button
Seat 1: gochoman111 ($1.88 in chips) 
Seat 2: Ramkha ($2.04 in chips) 
Seat 3: famedi ($2.94 in chips) 
Seat 5: airdestiny ($2.22 in chips) 
Seat 6: POLLO ISRA75 ($3.64 in chips) 
Seat 7: Dorex2007 ($2.11 in chips) 
Seat 8: fukazapam ($2.04 in chips) 
Seat 9: johnnick221 ($0.87 in chips) 
airdestiny: posts small blind $0.01
POLLO ISRA75: posts big blind $0.02
*** HOLE CARDS ***
Dealt to Dorex2007 [Ks 4c]
Dorex2007: folds 
fukazapam: folds 
johnnick221: calls $0.02
gochoman111: folds 
Ramkha: folds 
famedi: folds 
airdestiny: folds 
POLLO ISRA75: checks 
*** FLOP *** [9s 3c 3h]
POLLO ISRA75: checks 
johnnick221: bets $0.04
POLLO ISRA75: folds 
Uncalled bet ($0.04) returned to johnnick221
johnnick221 collected $0.05 from pot
johnnick221: doesn't show hand 
*** SUMMARY ***
Total pot $0.05 | Rake $0 
Board [9s 3c 3h]
Seat 1: gochoman111 folded before Flop (didn't bet)
Seat 2: Ramkha folded before Flop (didn't bet)
Seat 3: famedi (button) folded before Flop (didn't bet)
Seat 5: airdestiny (small blind) folded before Flop
Seat 6: POLLO ISRA75 (big blind) folded on the Flop
Seat 7: Dorex2007 folded before Flop (didn't bet)
Seat 8: fukazapam folded before Flop (didn't bet)
Seat 9: johnnick221 collected ($0.05)



PokerStars Hand #234245898127:  Hold'em No Limit ($0.01/$0.02 USD) - 2022/02/20 13:05:47 PT [2022/02/20 16:05:47 ET]
Table 'Raimonda V' 9-max Seat #5 is the button
Seat 1: gochoman111 ($1.88 in chips) 
Seat 2: Ramkha ($2.04 in chips) 
Seat 3: famedi ($2.94 in chips) 
Seat 5: airdestiny ($2.21 in chips) 
Seat 6: POLLO ISRA75 ($3.62 in chips) 
Seat 7: Dorex2007 ($2.11 in chips) 
Seat 8: fukazapam ($2.04 in chips) 
Seat 9: johnnick221 ($0.90 in chips) 
POLLO ISRA75: posts small blind $0.01
Dorex2007: posts big blind $0.02
*** HOLE CARDS ***
Dealt to Dorex2007 [6c 2h]
fukazapam: folds 
johnnick221: folds 
gochoman111: calls $0.02
Ramkha: folds 
famedi: folds 
airdestiny: raises $0.08 to $0.10
POLLO ISRA75: calls $0.09
Dorex2007: folds 
gochoman111: calls $0.08
*** FLOP *** [6h Ac Kc]
POLLO ISRA75: checks 
gochoman111: checks 
airdestiny: checks 
*** TURN *** [6h Ac Kc] [9c]
POLLO ISRA75: checks 
gochoman111: checks 
airdestiny: checks 
*** RIVER *** [6h Ac Kc 9c] [6d]
POLLO ISRA75: checks 
gochoman111: checks 
airdestiny: checks 
*** SHOW DOWN ***
POLLO ISRA75: shows [As 3s] (two pair, Aces and Sixes)
gochoman111: mucks hand 
airdestiny: mucks hand 
POLLO ISRA75 collected $0.31 from pot
*** SUMMARY ***
Total pot $0.32 | Rake $0.01 
Board [6h Ac Kc 9c 6d]
Seat 1: gochoman111 mucked [Jh 8h]
Seat 2: Ramkha folded before Flop (didn't bet)
Seat 3: famedi folded before Flop (didn't bet)
Seat 5: airdestiny (button) mucked [Ts Ks]
Seat 6: POLLO ISRA75 (small blind) showed [As 3s] and won ($0.31) with two pair, Aces and Sixes
Seat 7: Dorex2007 (big blind) folded before Flop
Seat 8: fukazapam folded before Flop (didn't bet)
Seat 9: johnnick221 folded before Flop (didn't bet)



PokerStars Hand #234245942826:  Hold'em No Limit ($0.01/$0.02 USD) - 2022/02/20 13:06:58 PT [2022/02/20 16:06:58 ET]
Table 'Raimonda V' 9-max Seat #6 is the button
Seat 1: gochoman111 ($1.78 in chips) 
Seat 2: Ramkha ($2.04 in chips) 
Seat 3: famedi ($2.94 in chips) 
Seat 5: airdestiny ($2.11 in chips) 
Seat 6: POLLO ISRA75 ($3.83 in chips) 
Seat 7: Dorex2007 ($2.09 in chips) 
Seat 8: fukazapam ($2.04 in chips) 
Seat 9: johnnick221 ($0.90 in chips) 
Dorex2007: posts small blind $0.01
fukazapam: posts big blind $0.02
*** HOLE CARDS ***
Dealt to Dorex2007 [5c 8d]
johnnick221: folds 
gochoman111: folds 
Ramkha: raises $0.03 to $0.05
famedi: folds 
airdestiny: folds 
POLLO ISRA75: folds 
Dorex2007: folds 
fukazapam: calls $0.03
*** FLOP *** [3c 8h 3d]
fukazapam: checks 
Ramkha: bets $0.03
fukazapam: folds 
Uncalled bet ($0.03) returned to Ramkha
Ramkha collected $0.11 from pot
Ramkha: doesn't show hand 
*** SUMMARY ***
Total pot $0.11 | Rake $0 
Board [3c 8h 3d]
Seat 1: gochoman111 folded before Flop (didn't bet)
Seat 2: Ramkha collected ($0.11)
Seat 3: famedi folded before Flop (didn't bet)
Seat 5: airdestiny folded before Flop (didn't bet)
Seat 6: POLLO ISRA75 (button) folded before Flop (didn't bet)
Seat 7: Dorex2007 (small blind) folded before Flop
Seat 8: fukazapam (big blind) folded on the Flop
Seat 9: johnnick221 folded before Flop (didn't bet)



PokerStars Hand #234245973977:  Hold'em No Limit ($0.01/$0.02 USD) - 2022/02/20 13:07:48 PT [2022/02/20 16:07:48 ET]
Table 'Raimonda V' 9-max Seat #7 is the button
Seat 1: gochoman111 ($1.78 in chips) 
Seat 2: Ramkha ($2.10 in chips) 
Seat 3: famedi ($2.94 in chips) 
Seat 5: airdestiny ($2.11 in chips) 
Seat 6: POLLO ISRA75 ($3.83 in chips) 
Seat 7: Dorex2007 ($2.08 in chips) 
Seat 8: fukazapam ($2 in chips) 
Seat 9: johnnick221 ($0.90 in chips) 
fukazapam: posts small blind $0.01
johnnick221: posts big blind $0.02
*** HOLE CARDS ***
Dealt to Dorex2007 [Kc 9s]
gochoman111: raises $0.05 to $0.07
Ramkha: folds 
famedi: folds 
airdestiny: folds 
POLLO ISRA75: folds 
Dorex2007: folds 
fukazapam: folds 
johnnick221: calls $0.05
*** FLOP *** [Qd 3s Qs]
johnnick221: checks 
gochoman111: checks 
*** TURN *** [Qd 3s Qs] [5c]
johnnick221: checks 
gochoman111: checks 
*** RIVER *** [Qd 3s Qs 5c] [Qh]
johnnick221: checks 
gochoman111: checks 
*** SHOW DOWN ***
johnnick221: shows [Th 9h] (three of a kind, Queens)
gochoman111: shows [Ac Ks] (three of a kind, Queens - Ace kicker)
gochoman111 collected $0.14 from pot
*** SUMMARY ***
Total pot $0.15 | Rake $0.01 
Board [Qd 3s Qs 5c Qh]
Seat 1: gochoman111 showed [Ac Ks] and won ($0.14) with three of a kind, Queens
Seat 2: Ramkha folded before Flop (didn't bet)
Seat 3: famedi folded before Flop (didn't bet)
Seat 5: airdestiny folded before Flop (didn't bet)
Seat 6: POLLO ISRA75 folded before Flop (didn't bet)
Seat 7: Dorex2007 (button) folded before Flop (didn't bet)
Seat 8: fukazapam (small blind) folded before Flop
Seat 9: johnnick221 (big blind) showed [Th 9h] and lost with three of a kind, Queens



PokerStars Hand #234246001775:  Hold'em No Limit ($0.01/$0.02 USD) - 2022/02/20 13:08:33 PT [2022/02/20 16:08:33 ET]
Table 'Raimonda V' 9-max Seat #8 is the button
Seat 1: gochoman111 ($1.85 in chips) 
Seat 2: Ramkha ($2.10 in chips) 
Seat 3: famedi ($2.94 in chips) 
Seat 5: airdestiny ($2.11 in chips) 
Seat 6: POLLO ISRA75 ($3.83 in chips) 
Seat 7: Dorex2007 ($2.08 in chips) 
Seat 8: fukazapam ($2 in chips) 
Seat 9: johnnick221 ($0.83 in chips) 
johnnick221: posts small blind $0.01
gochoman111: posts big blind $0.02
*** HOLE CARDS ***
Dealt to Dorex2007 [2h 7c]
Ramkha: folds 
famedi: folds 
coolfire10 leaves the table
airdestiny: folds 
POLLO ISRA75: calls $0.02
Dorex2007: folds 
fukazapam: calls $0.02
johnnick221: calls $0.01
gochoman111: checks 
*** FLOP *** [Ac 4d 8s]
johnnick221: checks 
gochoman111: checks 
POLLO ISRA75: checks 
fukazapam: checks 
*** TURN *** [Ac 4d 8s] [7d]
johnnick221: bets $0.12
gochoman111: folds 
POLLO ISRA75: folds 
Mechanic1995 joins the table at seat #4 
fukazapam: folds 
Uncalled bet ($0.12) returned to johnnick221
johnnick221 collected $0.08 from pot
johnnick221: doesn't show hand 
*** SUMMARY ***
Total pot $0.08 | Rake $0 
Board [Ac 4d 8s 7d]
Seat 1: gochoman111 (big blind) folded on the Turn
Seat 2: Ramkha folded before Flop (didn't bet)
Seat 3: famedi folded before Flop (didn't bet)
Seat 5: airdestiny folded before Flop (didn't bet)
Seat 6: POLLO ISRA75 folded on the Turn
Seat 7: Dorex2007 folded before Flop (didn't bet)
Seat 8: fukazapam (button) folded on the Turn
Seat 9: johnnick221 (small blind) collected ($0.08)



PokerStars Hand #234246050737:  Hold'em No Limit ($0.01/$0.02 USD) - 2022/02/20 13:09:49 PT [2022/02/20 16:09:49 ET]
Table 'Raimonda V' 9-max Seat #9 is the button
Seat 1: gochoman111 ($1.83 in chips) 
Seat 2: Ramkha ($2.10 in chips) 
Seat 3: famedi ($2.94 in chips) 
Seat 5: airdestiny ($2.11 in chips) 
Seat 6: POLLO ISRA75 ($3.81 in chips) 
Seat 7: Dorex2007 ($2.08 in chips) 
Seat 8: fukazapam ($2 in chips) 
Seat 9: johnnick221 ($0.89 in chips) 
gochoman111: posts small blind $0.01
Ramkha: posts big blind $0.02
Mechanic1995: sits out 
*** HOLE CARDS ***
Dealt to Dorex2007 [5c 4s]
famedi: folds 
airdestiny: folds 
POLLO ISRA75: folds 
Dorex2007: folds 
fukazapam: folds 
johnnick221: folds 
gochoman111: calls $0.01
Ramkha: checks 
*** FLOP *** [Td 3s 2h]
gochoman111: checks 
Ramkha: checks 
*** TURN *** [Td 3s 2h] [3c]
gochoman111: checks 
Ramkha: checks 
*** RIVER *** [Td 3s 2h 3c] [7h]
gochoman111: checks 
Ramkha: checks 
*** SHOW DOWN ***
gochoman111: shows [Kc 8c] (a pair of Threes)
Ramkha: mucks hand 
gochoman111 collected $0.04 from pot
*** SUMMARY ***
Total pot $0.04 | Rake $0 
Board [Td 3s 2h 3c 7h]
Seat 1: gochoman111 (small blind) showed [Kc 8c] and won ($0.04) with a pair of Threes
Seat 2: Ramkha (big blind) mucked [8d 9h]
Seat 3: famedi folded before Flop (didn't bet)
Seat 5: airdestiny folded before Flop (didn't bet)
Seat 6: POLLO ISRA75 folded before Flop (didn't bet)
Seat 7: Dorex2007 folded before Flop (didn't bet)
Seat 8: fukazapam folded before Flop (didn't bet)
Seat 9: johnnick221 (button) folded before Flop (didn't bet)



PokerStars Hand #234246082818:  Hold'em No Limit ($0.01/$0.02 USD) - 2022/02/20 13:10:41 PT [2022/02/20 16:10:41 ET]
Table 'Raimonda V' 9-max Seat #1 is the button
Seat 1: gochoman111 ($1.85 in chips) 
Seat 2: Ramkha ($2.08 in chips) 
Seat 3: famedi ($2.94 in chips) 
Seat 5: airdestiny ($2.11 in chips) 
Seat 6: POLLO ISRA75 ($3.81 in chips) 
Seat 7: Dorex2007 ($2.08 in chips) 
Seat 8: fukazapam ($2 in chips) 
Seat 9: johnnick221 ($0.89 in chips) 
Ramkha: posts small blind $0.01
famedi: posts big blind $0.02
Mechanic1995: sits out 
*** HOLE CARDS ***
Dealt to Dorex2007 [7h 5c]
airdestiny: folds 
POLLO ISRA75: calls $0.02
Dorex2007: folds 
fukazapam: calls $0.02
johnnick221: calls $0.02
gochoman111: folds 
Ramkha: folds 
famedi: checks 
*** FLOP *** [7s Qc 3d]
famedi: checks 
POLLO ISRA75 has timed out
POLLO ISRA75: checks 
fukazapam: checks 
johnnick221: bets $0.06
famedi: folds 
POLLO ISRA75 has timed out
POLLO ISRA75: folds 
fukazapam: folds 
Uncalled bet ($0.06) returned to johnnick221
johnnick221 collected $0.09 from pot
johnnick221: doesn't show hand 
*** SUMMARY ***
Total pot $0.09 | Rake $0 
Board [7s Qc 3d]
Seat 1: gochoman111 (button) folded before Flop (didn't bet)
Seat 2: Ramkha (small blind) folded before Flop
Seat 3: famedi (big blind) folded on the Flop
Seat 5: airdestiny folded before Flop (didn't bet)
Seat 6: POLLO ISRA75 folded on the Flop
Seat 7: Dorex2007 folded before Flop (didn't bet)
Seat 8: fukazapam folded on the Flop
Seat 9: johnnick221 collected ($0.09)



PokerStars Hand #234246146532:  Hold'em No Limit ($0.01/$0.02 USD) - 2022/02/20 13:12:26 PT [2022/02/20 16:12:26 ET]
Table 'Raimonda V' 9-max Seat #2 is the button
Seat 1: gochoman111 ($1.85 in chips) 
Seat 2: Ramkha ($2.07 in chips) 
Seat 3: famedi ($2.92 in chips) 
Seat 4: Mechanic1995 ($2 in chips) 
Seat 5: airdestiny ($2.11 in chips) 
Seat 7: Dorex2007 ($2.08 in chips) 
Seat 8: fukazapam ($2 in chips) 
Seat 9: johnnick221 ($0.96 in chips) 
famedi: posts small blind $0.01
Mechanic1995: posts big blind $0.02
*** HOLE CARDS ***
Dealt to Dorex2007 [Ah 3s]
airdestiny: raises $0.06 to $0.08
Dorex2007: folds 
fukazapam: folds 
johnnick221: folds 
gochoman111: folds 
Ramkha: folds 
famedi: folds 
Mechanic1995: folds 
Uncalled bet ($0.06) returned to airdestiny
airdestiny collected $0.05 from pot
airdestiny: doesn't show hand 
*** SUMMARY ***
Total pot $0.05 | Rake $0 
Seat 1: gochoman111 folded before Flop (didn't bet)
Seat 2: Ramkha (button) folded before Flop (didn't bet)
Seat 3: famedi (small blind) folded before Flop
Seat 4: Mechanic1995 (big blind) folded before Flop
Seat 5: airdestiny collected ($0.05)
Seat 7: Dorex2007 folded before Flop (didn't bet)
Seat 8: fukazapam folded before Flop (didn't bet)
Seat 9: johnnick221 folded before Flop (didn't bet)



PokerStars Hand #234246170777:  Hold'em No Limit ($0.01/$0.02 USD) - 2022/02/20 13:13:06 PT [2022/02/20 16:13:06 ET]
Table 'Raimonda V' 9-max Seat #3 is the button
Seat 1: gochoman111 ($1.85 in chips) 
Seat 2: Ramkha ($2.07 in chips) 
Seat 3: famedi ($2.91 in chips) 
Seat 4: Mechanic1995 ($2 in chips) 
Seat 5: airdestiny ($2.14 in chips) 
Seat 7: Dorex2007 ($2.08 in chips) 
Seat 8: fukazapam ($2 in chips) 
Seat 9: johnnick221 ($0.96 in chips) 
Mechanic1995: posts small blind $0.01
airdestiny: posts big blind $0.02
*** HOLE CARDS ***
Dealt to Dorex2007 [Js 7d]
Dorex2007: folds 
fukazapam: folds 
johnnick221: folds 
gochoman111: calls $0.02
Ramkha: folds 
famedi: folds 
Mechanic1995: raises $0.06 to $0.08
airdestiny: raises $0.16 to $0.24
gochoman111: folds 
Mechanic1995: folds 
Uncalled bet ($0.16) returned to airdestiny
airdestiny collected $0.18 from pot
airdestiny: doesn't show hand 
*** SUMMARY ***
Total pot $0.18 | Rake $0 
Seat 1: gochoman111 folded before Flop
Seat 2: Ramkha folded before Flop (didn't bet)
Seat 3: famedi (button) folded before Flop (didn't bet)
Seat 4: Mechanic1995 (small blind) folded before Flop
Seat 5: airdestiny (big blind) collected ($0.18)
Seat 7: Dorex2007 folded before Flop (didn't bet)
Seat 8: fukazapam folded before Flop (didn't bet)
Seat 9: johnnick221 folded before Flop (didn't bet)



PokerStars Hand #234246189843:  Hold'em No Limit ($0.01/$0.02 USD) - 2022/02/20 13:13:37 PT [2022/02/20 16:13:37 ET]
Table 'Raimonda V' 9-max Seat #4 is the button
Seat 1: gochoman111 ($1.83 in chips) 
Seat 2: Ramkha ($2.07 in chips) 
Seat 3: famedi ($2.91 in chips) 
Seat 4: Mechanic1995 ($2 in chips) 
Seat 5: airdestiny ($2.24 in chips) 
Seat 7: Dorex2007 ($2.08 in chips) 
Seat 8: fukazapam ($2 in chips) 
Seat 9: johnnick221 ($0.96 in chips) 
airdestiny: posts small blind $0.01
Dorex2007: posts big blind $0.02
*** HOLE CARDS ***
Dealt to Dorex2007 [4c 8s]
fukazapam: raises $0.04 to $0.06
johnnick221: folds 
gochoman111: folds 
Ramkha: folds 
famedi: raises $0.12 to $0.18
Mechanic1995: folds 
airdestiny: folds 
Dorex2007: folds 
fukazapam: calls $0.12
*** FLOP *** [5d Jc 6h]
fukazapam: checks 
famedi: bets $0.29
fukazapam: folds 
Uncalled bet ($0.29) returned to famedi
famedi collected $0.38 from pot
famedi: doesn't show hand 
*** SUMMARY ***
Total pot $0.39 | Rake $0.01 
Board [5d Jc 6h]
Seat 1: gochoman111 folded before Flop (didn't bet)
Seat 2: Ramkha folded before Flop (didn't bet)
Seat 3: famedi collected ($0.38)
Seat 4: Mechanic1995 (button) folded before Flop (didn't bet)
Seat 5: airdestiny (small blind) folded before Flop
Seat 7: Dorex2007 (big blind) folded before Flop
Seat 8: fukazapam folded on the Flop
Seat 9: johnnick221 folded before Flop (didn't bet)



PokerStars Hand #234246220080:  Hold'em No Limit ($0.01/$0.02 USD) - 2022/02/20 13:14:20 PT [2022/02/20 16:14:20 ET]
Table 'Raimonda V' 9-max Seat #5 is the button
Seat 1: gochoman111 ($1.83 in chips) 
Seat 2: Ramkha ($2.07 in chips) 
Seat 3: famedi ($3.11 in chips) 
Seat 4: Mechanic1995 ($2 in chips) 
Seat 5: airdestiny ($2.23 in chips) 
Seat 7: Dorex2007 ($2.06 in chips) 
Seat 8: fukazapam ($2 in chips) 
Seat 9: johnnick221 ($0.96 in chips) 
Dorex2007: posts small blind $0.01
fukazapam: posts big blind $0.02
*** HOLE CARDS ***
Dealt to Dorex2007 [4h 2c]
johnnick221: folds 
gochoman111: raises $0.05 to $0.07
Ramkha: folds 
famedi: folds 
Mechanic1995: folds 
airdestiny: folds 
Dorex2007: folds 
fukazapam: folds 
Uncalled bet ($0.05) returned to gochoman111
gochoman111 collected $0.05 from pot
gochoman111: doesn't show hand 
*** SUMMARY ***
Total pot $0.05 | Rake $0 
Seat 1: gochoman111 collected ($0.05)
Seat 2: Ramkha folded before Flop (didn't bet)
Seat 3: famedi folded before Flop (didn't bet)
Seat 4: Mechanic1995 folded before Flop (didn't bet)
Seat 5: airdestiny (button) folded before Flop (didn't bet)
Seat 7: Dorex2007 (small blind) folded before Flop
Seat 8: fukazapam (big blind) folded before Flop
Seat 9: johnnick221 folded before Flop (didn't bet)



PokerStars Hand #234246235681:  Hold'em No Limit ($0.01/$0.02 USD) - 2022/02/20 13:14:47 PT [2022/02/20 16:14:47 ET]
Table 'Raimonda V' 9-max Seat #7 is the button
Seat 1: gochoman111 ($1.86 in chips) 
Seat 2: Ramkha ($2.07 in chips) 
Seat 3: famedi ($3.11 in chips) 
Seat 4: Mechanic1995 ($2 in chips) 
Seat 5: airdestiny ($2.23 in chips) 
Seat 7: Dorex2007 ($2.05 in chips) 
Seat 8: fukazapam ($2 in chips) 
Seat 9: johnnick221 ($0.96 in chips) 
fukazapam: posts small blind $0.01
johnnick221: posts big blind $0.02
*** HOLE CARDS ***
Dealt to Dorex2007 [Th 4c]
gochoman111: folds 
Ramkha: folds 
famedi: folds 
Mechanic1995: folds 
airdestiny: folds 
Dorex2007: folds 
fukazapam: raises $0.02 to $0.04
johnnick221: calls $0.02
*** FLOP *** [4s 4h 3c]
fukazapam: checks 
johnnick221: bets $0.06
fukazapam: folds 
Uncalled bet ($0.06) returned to johnnick221
johnnick221 collected $0.08 from pot
johnnick221: doesn't show hand 
*** SUMMARY ***
Total pot $0.08 | Rake $0 
Board [4s 4h 3c]
Seat 1: gochoman111 folded before Flop (didn't bet)
Seat 2: Ramkha folded before Flop (didn't bet)
Seat 3: famedi folded before Flop (didn't bet)
Seat 4: Mechanic1995 folded before Flop (didn't bet)
Seat 5: airdestiny folded before Flop (didn't bet)
Seat 7: Dorex2007 (button) folded before Flop (didn't bet)
Seat 8: fukazapam (small blind) folded on the Flop
Seat 9: johnnick221 (big blind) collected ($0.08)



PokerStars Hand #234246266564:  Hold'em No Limit ($0.01/$0.02 USD) - 2022/02/20 13:15:38 PT [2022/02/20 16:15:38 ET]
Table 'Raimonda V' 9-max Seat #8 is the button
Seat 1: gochoman111 ($1.86 in chips) 
Seat 2: Ramkha ($2.07 in chips) 
Seat 3: famedi ($3.11 in chips) 
Seat 4: Mechanic1995 ($2 in chips) 
Seat 5: airdestiny ($2.23 in chips) 
Seat 7: Dorex2007 ($2.05 in chips) 
Seat 8: fukazapam ($2 in chips) 
Seat 9: johnnick221 ($1 in chips) 
johnnick221: posts small blind $0.01
gochoman111: posts big blind $0.02
*** HOLE CARDS ***
Dealt to Dorex2007 [5h 2h]
Ramkha: folds 
famedi: folds 
Mechanic1995: folds 
airdestiny: folds 
Dorex2007: folds 
fukazapam: raises $0.02 to $0.04
johnnick221: folds 
gochoman111: calls $0.02
*** FLOP *** [7c Ah 2d]
gochoman111: checks 
fukazapam: checks 
*** TURN *** [7c Ah 2d] [5d]
gochoman111: checks 
fukazapam: checks 
*** RIVER *** [7c Ah 2d 5d] [5c]
gochoman111: checks 
fukazapam: checks 
*** SHOW DOWN ***
gochoman111: shows [8s 9h] (a pair of Fives)
fukazapam: shows [Kh Tc] (a pair of Fives - Ace+King kicker)
fukazapam collected $0.09 from pot
*** SUMMARY ***
Total pot $0.09 | Rake $0 
Board [7c Ah 2d 5d 5c]
Seat 1: gochoman111 (big blind) showed [8s 9h] and lost with a pair of Fives
Seat 2: Ramkha folded before Flop (didn't bet)
Seat 3: famedi folded before Flop (didn't bet)
Seat 4: Mechanic1995 folded before Flop (didn't bet)
Seat 5: airdestiny folded before Flop (didn't bet)
Seat 7: Dorex2007 folded before Flop (didn't bet)
Seat 8: fukazapam (button) showed [Kh Tc] and won ($0.09) with a pair of Fives
Seat 9: johnnick221 (small blind) folded before Flop



PokerStars Hand #234246297409:  Hold'em No Limit ($0.01/$0.02 USD) - 2022/02/20 13:16:27 PT [2022/02/20 16:16:27 ET]
Table 'Raimonda V' 9-max Seat #9 is the button
Seat 1: gochoman111 ($1.82 in chips) 
Seat 2: Ramkha ($2.07 in chips) 
Seat 3: famedi ($3.11 in chips) 
Seat 4: Mechanic1995 ($2 in chips) 
Seat 5: airdestiny ($2.23 in chips) 
Seat 7: Dorex2007 ($2.05 in chips) 
Seat 8: fukazapam ($2.05 in chips) 
Seat 9: johnnick221 ($0.99 in chips) 
gochoman111: posts small blind $0.01
Ramkha: posts big blind $0.02
*** HOLE CARDS ***
Dealt to Dorex2007 [9d 2d]
famedi: folds 
Mechanic1995: folds 
airdestiny: folds 
Dorex2007: folds 
fukazapam: folds 
johnnick221: folds 
gochoman111: calls $0.01
Ramkha: checks 
*** FLOP *** [Qs 9h Qh]
gochoman111: checks 
Ramkha: checks 
*** TURN *** [Qs 9h Qh] [Kh]
gochoman111: checks 
Ramkha: bets $0.04
gochoman111: raises $0.12 to $0.16
Ramkha: calls $0.12
*** RIVER *** [Qs 9h Qh Kh] [Ks]
gochoman111: checks 
Ramkha: bets $0.26
gochoman111: folds 
Uncalled bet ($0.26) returned to Ramkha
Ramkha collected $0.35 from pot
Ramkha: doesn't show hand 
*** SUMMARY ***
Total pot $0.36 | Rake $0.01 
Board [Qs 9h Qh Kh Ks]
Seat 1: gochoman111 (small blind) folded on the River
Seat 2: Ramkha (big blind) collected ($0.35)
Seat 3: famedi folded before Flop (didn't bet)
Seat 4: Mechanic1995 folded before Flop (didn't bet)
Seat 5: airdestiny folded before Flop (didn't bet)
Seat 7: Dorex2007 folded before Flop (didn't bet)
Seat 8: fukazapam folded before Flop (didn't bet)
Seat 9: johnnick221 (button) folded before Flop (didn't bet)



PokerStars Hand #234246347066:  Hold'em No Limit ($0.01/$0.02 USD) - 2022/02/20 13:17:48 PT [2022/02/20 16:17:48 ET]
Table 'Raimonda V' 9-max Seat #1 is the button
Seat 1: gochoman111 ($1.64 in chips) 
Seat 2: Ramkha ($2.24 in chips) 
Seat 3: famedi ($3.11 in chips) 
Seat 4: Mechanic1995 ($2 in chips) 
Seat 5: airdestiny ($2.23 in chips) 
Seat 7: Dorex2007 ($2.05 in chips) 
Seat 8: fukazapam ($2.05 in chips) 
Seat 9: johnnick221 ($0.99 in chips) 
Ramkha: posts small blind $0.01
famedi: posts big blind $0.02
*** HOLE CARDS ***
Dealt to Dorex2007 [7s Jc]
Mechanic1995: folds 
airdestiny: folds 
Dorex2007: folds 
fukazapam: folds 
johnnick221: calls $0.02
gochoman111: folds 
Ramkha: folds 
famedi: raises $0.04 to $0.06
johnnick221: calls $0.04
*** FLOP *** [9h Qs Ac]
famedi: bets $0.10
johnnick221: folds 
Uncalled bet ($0.10) returned to famedi
famedi collected $0.13 from pot
famedi: doesn't show hand 
*** SUMMARY ***
Total pot $0.13 | Rake $0 
Board [9h Qs Ac]
Seat 1: gochoman111 (button) folded before Flop (didn't bet)
Seat 2: Ramkha (small blind) folded before Flop
Seat 3: famedi (big blind) collected ($0.13)
Seat 4: Mechanic1995 folded before Flop (didn't bet)
Seat 5: airdestiny folded before Flop (didn't bet)
Seat 7: Dorex2007 folded before Flop (didn't bet)
Seat 8: fukazapam folded before Flop (didn't bet)
Seat 9: johnnick221 folded on the Flop



PokerStars Hand #234246364799:  Hold'em No Limit ($0.01/$0.02 USD) - 2022/02/20 13:18:16 PT [2022/02/20 16:18:16 ET]
Table 'Raimonda V' 9-max Seat #2 is the button
Seat 1: gochoman111 ($1.64 in chips) 
Seat 2: Ramkha ($2.23 in chips) 
Seat 3: famedi ($3.18 in chips) 
Seat 4: Mechanic1995 ($2 in chips) 
Seat 5: airdestiny ($2.23 in chips) 
Seat 7: Dorex2007 ($2.05 in chips) 
Seat 8: fukazapam ($2.05 in chips) 
Seat 9: johnnick221 ($0.93 in chips) 
famedi: posts small blind $0.01
Mechanic1995: posts big blind $0.02
*** HOLE CARDS ***
Dealt to Dorex2007 [Th Ac]
airdestiny: folds 
Dorex2007: folds 
fukazapam: folds 
johnnick221: folds 
gochoman111: calls $0.02
Ramkha: folds 
famedi: folds 
Mechanic1995: checks 
*** FLOP *** [7s Tc Qs]
Mechanic1995: checks 
gochoman111: checks 
*** TURN *** [7s Tc Qs] [4h]
Mechanic1995: checks 
gochoman111: checks 
*** RIVER *** [7s Tc Qs 4h] [8s]
Mechanic1995: checks 
gochoman111: bets $0.10
Mechanic1995: folds 
Uncalled bet ($0.10) returned to gochoman111
gochoman111 collected $0.05 from pot
gochoman111: doesn't show hand 
*** SUMMARY ***
Total pot $0.05 | Rake $0 
Board [7s Tc Qs 4h 8s]
Seat 1: gochoman111 collected ($0.05)
Seat 2: Ramkha (button) folded before Flop (didn't bet)
Seat 3: famedi (small blind) folded before Flop
Seat 4: Mechanic1995 (big blind) folded on the River
Seat 5: airdestiny folded before Flop (didn't bet)
Seat 7: Dorex2007 folded before Flop (didn't bet)
Seat 8: fukazapam folded before Flop (didn't bet)
Seat 9: johnnick221 folded before Flop (didn't bet)



PokerStars Hand #234246401716:  Hold'em No Limit ($0.01/$0.02 USD) - 2022/02/20 13:19:15 PT [2022/02/20 16:19:15 ET]
Table 'Raimonda V' 9-max Seat #3 is the button
Seat 1: gochoman111 ($1.67 in chips) 
Seat 2: Ramkha ($2.23 in chips) 
Seat 3: famedi ($3.17 in chips) 
Seat 4: Mechanic1995 ($2 in chips) 
Seat 5: airdestiny ($2.23 in chips) 
Seat 7: Dorex2007 ($2.05 in chips) 
Seat 8: fukazapam ($2.05 in chips) 
Seat 9: johnnick221 ($0.93 in chips) 
Mechanic1995: posts small blind $0.01
airdestiny: posts big blind $0.02
*** HOLE CARDS ***
Dealt to Dorex2007 [5d 6c]
Dorex2007: folds 
fukazapam: raises $0.02 to $0.04
johnnick221: raises $0.06 to $0.10
gochoman111: folds 
Ramkha: folds 
famedi: folds 
Mechanic1995: calls $0.09
airdestiny: folds 
fukazapam: calls $0.06
*** FLOP *** [Ac Ah 5h]
Mechanic1995: checks 
fukazapam: checks 
johnnick221: bets $0.20
Mechanic1995: folds 
fukazapam: folds 
Uncalled bet ($0.20) returned to johnnick221
johnnick221 collected $0.31 from pot
johnnick221: doesn't show hand 
*** SUMMARY ***
Total pot $0.32 | Rake $0.01 
Board [Ac Ah 5h]
Seat 1: gochoman111 folded before Flop (didn't bet)
Seat 2: Ramkha folded before Flop (didn't bet)
Seat 3: famedi (button) folded before Flop (didn't bet)
Seat 4: Mechanic1995 (small blind) folded on the Flop
Seat 5: airdestiny (big blind) folded before Flop
Seat 7: Dorex2007 folded before Flop (didn't bet)
Seat 8: fukazapam folded on the Flop
Seat 9: johnnick221 collected ($0.31)



PokerStars Hand #234246432544:  Hold'em No Limit ($0.01/$0.02 USD) - 2022/02/20 13:20:06 PT [2022/02/20 16:20:06 ET]
Table 'Raimonda V' 9-max Seat #4 is the button
Seat 1: gochoman111 ($1.67 in chips) 
Seat 2: Ramkha ($2.23 in chips) 
Seat 3: famedi ($3.17 in chips) 
Seat 4: Mechanic1995 ($2 in chips) 
Seat 5: airdestiny ($2.21 in chips) 
Seat 7: Dorex2007 ($2.05 in chips) 
Seat 8: fukazapam ($2 in chips) 
Seat 9: johnnick221 ($1.14 in chips) 
airdestiny: posts small blind $0.01
Dorex2007: posts big blind $0.02
*** HOLE CARDS ***
Dealt to Dorex2007 [5h 7c]
fukazapam: folds 
johnnick221: raises $0.02 to $0.04
gochoman111: folds 
Ramkha: folds 
famedi: folds 
Mechanic1995: folds 
airdestiny: calls $0.03
Dorex2007: folds 
*** FLOP *** [4s Ts Ks]
airdestiny: checks 
johnnick221: checks 
*** TURN *** [4s Ts Ks] [5d]
airdestiny: checks 
johnnick221: checks 
*** RIVER *** [4s Ts Ks 5d] [9h]
airdestiny: checks 
johnnick221: checks 
*** SHOW DOWN ***
airdestiny: shows [2h Kh] (a pair of Kings)
johnnick221: mucks hand 
airdestiny collected $0.10 from pot
*** SUMMARY ***
Total pot $0.10 | Rake $0 
Board [4s Ts Ks 5d 9h]
Seat 1: gochoman111 folded before Flop (didn't bet)
Seat 2: Ramkha folded before Flop (didn't bet)
Seat 3: famedi folded before Flop (didn't bet)
Seat 4: Mechanic1995 (button) folded before Flop (didn't bet)
Seat 5: airdestiny (small blind) showed [2h Kh] and won ($0.10) with a pair of Kings
Seat 7: Dorex2007 (big blind) folded before Flop
Seat 8: fukazapam folded before Flop (didn't bet)
Seat 9: johnnick221 mucked [3s 3h]



PokerStars Hand #234246455213:  Hold'em No Limit ($0.01/$0.02 USD) - 2022/02/20 13:20:42 PT [2022/02/20 16:20:42 ET]
Table 'Raimonda V' 9-max Seat #5 is the button
Seat 1: gochoman111 ($1.67 in chips) 
Seat 2: Ramkha ($2.23 in chips) 
Seat 3: famedi ($3.17 in chips) 
Seat 4: Mechanic1995 ($2 in chips) 
Seat 5: airdestiny ($2.27 in chips) 
Seat 7: Dorex2007 ($2.03 in chips) 
Seat 8: fukazapam ($2 in chips) 
Seat 9: johnnick221 ($1.10 in chips) 
Dorex2007: posts small blind $0.01
fukazapam: posts big blind $0.02
*** HOLE CARDS ***
Dealt to Dorex2007 [Qd 2h]
johnnick221: raises $0.04 to $0.06
gochoman111: calls $0.06
Ramkha: folds 
famedi: folds 
Mechanic1995: folds 
airdestiny: calls $0.06
Dorex2007: folds 
fukazapam: calls $0.04
*** FLOP *** [9h 2c 2d]
fukazapam: bets $0.10
johnnick221: raises $0.10 to $0.20
gochoman111 is connected 
gochoman111 is disconnected 
gochoman111 is connected 
gochoman111 has timed out
gochoman111: folds 
airdestiny: folds 
fukazapam: calls $0.10
*** TURN *** [9h 2c 2d] [8d]
fukazapam: checks 
johnnick221: bets $0.20
fukazapam: calls $0.20
*** RIVER *** [9h 2c 2d 8d] [Qs]
fukazapam: checks 
johnnick221: bets $0.20
fukazapam: calls $0.20
*** SHOW DOWN ***
johnnick221: shows [Kh Kc] (two pair, Kings and Deuces)
fukazapam: mucks hand 
johnnick221 collected $1.40 from pot
*** SUMMARY ***
Total pot $1.45 | Rake $0.05 
Board [9h 2c 2d 8d Qs]
Seat 1: gochoman111 folded on the Flop
Seat 2: Ramkha folded before Flop (didn't bet)
Seat 3: famedi folded before Flop (didn't bet)
Seat 4: Mechanic1995 folded before Flop (didn't bet)
Seat 5: airdestiny (button) folded on the Flop
Seat 7: Dorex2007 (small blind) folded before Flop
Seat 8: fukazapam (big blind) mucked [Th Ts]
Seat 9: johnnick221 showed [Kh Kc] and won ($1.40) with two pair, Kings and Deuces



PokerStars Hand #234246526620:  Hold'em No Limit ($0.01/$0.02 USD) - 2022/02/20 13:22:39 PT [2022/02/20 16:22:39 ET]
Table 'Raimonda V' 9-max Seat #7 is the button
Seat 1: gochoman111 ($1.61 in chips) 
Seat 2: Ramkha ($2.23 in chips) 
Seat 3: famedi ($3.17 in chips) 
Seat 4: Mechanic1995 ($2 in chips) 
Seat 5: airdestiny ($2.21 in chips) 
Seat 6: POLLO ISRA75 ($3.79 in chips) 
Seat 7: Dorex2007 ($2.02 in chips) 
Seat 8: fukazapam ($2 in chips) 
Seat 9: johnnick221 ($1.84 in chips) 
fukazapam: posts small blind $0.01
johnnick221: posts big blind $0.02
POLLO ISRA75: posts small & big blinds $0.03
*** HOLE CARDS ***
Dealt to Dorex2007 [Qs 8s]
gochoman111: folds 
Ramkha: folds 
famedi: raises $0.04 to $0.06
Mechanic1995: folds 
airdestiny: folds 
POLLO ISRA75: folds 
Dorex2007: folds 
fukazapam: calls $0.05
johnnick221: calls $0.04
*** FLOP *** [Kc 3c 5d]
fukazapam: checks 
johnnick221: checks 
famedi: checks 
*** TURN *** [Kc 3c 5d] [3d]
fukazapam: checks 
gochoman111 leaves the table
johnnick221: checks 
famedi: checks 
*** RIVER *** [Kc 3c 5d 3d] [Jd]
fukazapam: bets $0.18
A$APTwigg joins the table at seat #1 
johnnick221: folds 
famedi: calls $0.18
*** SHOW DOWN ***
fukazapam: shows [2d Ad] (a flush, Ace high)
famedi: mucks hand 
fukazapam collected $0.55 from pot
*** SUMMARY ***
Total pot $0.57 | Rake $0.02 
Board [Kc 3c 5d 3d Jd]
Seat 1: gochoman111 folded before Flop (didn't bet)
Seat 2: Ramkha folded before Flop (didn't bet)
Seat 3: famedi mucked [Ah Jh]
Seat 4: Mechanic1995 folded before Flop (didn't bet)
Seat 5: airdestiny folded before Flop (didn't bet)
Seat 6: POLLO ISRA75 folded before Flop (didn't bet)
Seat 7: Dorex2007 (button) folded before Flop (didn't bet)
Seat 8: fukazapam (small blind) showed [2d Ad] and won ($0.55) with a flush, Ace high
Seat 9: johnnick221 (big blind) folded on the River



PokerStars Hand #234246577982:  Hold'em No Limit ($0.01/$0.02 USD) - 2022/02/20 13:24:03 PT [2022/02/20 16:24:03 ET]
Table 'Raimonda V' 9-max Seat #8 is the button
Seat 2: Ramkha ($2.23 in chips) 
Seat 3: famedi ($2.93 in chips) 
Seat 4: Mechanic1995 ($2 in chips) 
Seat 5: airdestiny ($2.21 in chips) 
Seat 6: POLLO ISRA75 ($3.76 in chips) 
Seat 7: Dorex2007 ($2.02 in chips) 
Seat 8: fukazapam ($2.31 in chips) 
Seat 9: johnnick221 ($1.78 in chips) 
johnnick221: posts small blind $0.01
A$APTwigg has timed out
A$APTwigg: is sitting out 
Ramkha: posts big blind $0.02
*** HOLE CARDS ***
Dealt to Dorex2007 [6c Qc]
famedi: folds 
Mechanic1995: folds 
airdestiny: folds 
POLLO ISRA75: calls $0.02
Dorex2007: folds 
fukazapam: folds 
johnnick221: calls $0.01
A$APTwigg is disconnected 
Ramkha: checks 
*** FLOP *** [Ad Th 5d]
johnnick221: checks 
Ramkha: checks 
POLLO ISRA75: checks 
*** TURN *** [Ad Th 5d] [3d]
johnnick221: checks 
Ramkha: bets $0.04
POLLO ISRA75: folds 
johnnick221: folds 
Uncalled bet ($0.04) returned to Ramkha
Ramkha collected $0.06 from pot
Ramkha: doesn't show hand 
*** SUMMARY ***
Total pot $0.06 | Rake $0 
Board [Ad Th 5d 3d]
Seat 2: Ramkha (big blind) collected ($0.06)
Seat 3: famedi folded before Flop (didn't bet)
Seat 4: Mechanic1995 folded before Flop (didn't bet)
Seat 5: airdestiny folded before Flop (didn't bet)
Seat 6: POLLO ISRA75 folded on the Turn
Seat 7: Dorex2007 folded before Flop (didn't bet)
Seat 8: fukazapam (button) folded before Flop (didn't bet)
Seat 9: johnnick221 (small blind) folded on the Turn



PokerStars Hand #234246635055:  Hold'em No Limit ($0.01/$0.02 USD) - 2022/02/20 13:25:35 PT [2022/02/20 16:25:35 ET]
Table 'Raimonda V' 9-max Seat #9 is the button
Seat 2: Ramkha ($2.27 in chips) 
Seat 3: famedi ($2.93 in chips) 
Seat 4: Mechanic1995 ($2 in chips) 
Seat 5: airdestiny ($2.21 in chips) 
Seat 6: POLLO ISRA75 ($3.74 in chips) 
Seat 7: Dorex2007 ($2.02 in chips) 
Seat 8: fukazapam ($2.31 in chips) 
Seat 9: johnnick221 ($1.76 in chips) 
Ramkha: posts small blind $0.01
famedi: posts big blind $0.02
*** HOLE CARDS ***
Dealt to Dorex2007 [Jc 2s]
Mechanic1995: folds 
airdestiny: folds 
POLLO ISRA75: calls $0.02
Dorex2007: folds 
fukazapam: calls $0.02
johnnick221: calls $0.02
Ramkha: folds 
famedi: checks 
*** FLOP *** [4c 9d Kh]
famedi: checks 
POLLO ISRA75: checks 
fukazapam: checks 
johnnick221: bets $0.06
famedi: folds 
POLLO ISRA75 has timed out
POLLO ISRA75: folds 
fukazapam: calls $0.06
*** TURN *** [4c 9d Kh] [Ts]
fukazapam: checks 
johnnick221: bets $0.10
fukazapam: folds 
Uncalled bet ($0.10) returned to johnnick221
johnnick221 collected $0.20 from pot
johnnick221: doesn't show hand 
*** SUMMARY ***
Total pot $0.21 | Rake $0.01 
Board [4c 9d Kh Ts]
Seat 2: Ramkha (small blind) folded before Flop
Seat 3: famedi (big blind) folded on the Flop
Seat 4: Mechanic1995 folded before Flop (didn't bet)
Seat 5: airdestiny folded before Flop (didn't bet)
Seat 6: POLLO ISRA75 folded on the Flop
Seat 7: Dorex2007 folded before Flop (didn't bet)
Seat 8: fukazapam folded on the Turn
Seat 9: johnnick221 (button) collected ($0.20)



PokerStars Hand #234246688585:  Hold'em No Limit ($0.01/$0.02 USD) - 2022/02/20 13:26:55 PT [2022/02/20 16:26:55 ET]
Table 'Raimonda V' 9-max Seat #2 is the button
Seat 1: A$APTwigg ($1.60 in chips) 
Seat 2: Ramkha ($2.26 in chips) 
Seat 3: famedi ($2.91 in chips) 
Seat 4: Mechanic1995 ($2 in chips) 
Seat 5: airdestiny ($2.21 in chips) 
Seat 7: Dorex2007 ($2.02 in chips) 
Seat 8: fukazapam ($2.23 in chips) 
Seat 9: johnnick221 ($1.88 in chips) 
famedi: posts small blind $0.01
Mechanic1995: posts big blind $0.02
A$APTwigg: posts big blind $0.02
*** HOLE CARDS ***
Dealt to Dorex2007 [Td Js]
airdestiny: folds 
Dorex2007: folds 
fukazapam: calls $0.02
johnnick221: calls $0.02
A$APTwigg: checks 
Ramkha: raises $0.12 to $0.14
famedi: folds 
Mechanic1995: folds 
fukazapam: folds 
johnnick221: calls $0.12
A$APTwigg: folds 
*** FLOP *** [7c 7d 6h]
johnnick221: checks 
Ramkha: bets $0.17
johnnick221: folds 
Uncalled bet ($0.17) returned to Ramkha
Ramkha collected $0.34 from pot
Ramkha: doesn't show hand 
*** SUMMARY ***
Total pot $0.35 | Rake $0.01 
Board [7c 7d 6h]
Seat 1: A$APTwigg folded before Flop (didn't bet)
Seat 2: Ramkha (button) collected ($0.34)
Seat 3: famedi (small blind) folded before Flop
Seat 4: Mechanic1995 (big blind) folded before Flop
Seat 5: airdestiny folded before Flop (didn't bet)
Seat 7: Dorex2007 folded before Flop (didn't bet)
Seat 8: fukazapam folded before Flop
Seat 9: johnnick221 folded on the Flop



PokerStars Hand #234246721736:  Hold'em No Limit ($0.01/$0.02 USD) - 2022/02/20 13:27:51 PT [2022/02/20 16:27:51 ET]
Table 'Raimonda V' 9-max Seat #3 is the button
Seat 1: A$APTwigg ($1.58 in chips) 
Seat 2: Ramkha ($2.46 in chips) 
Seat 3: famedi ($2.90 in chips) 
Seat 4: Mechanic1995 ($2 in chips) 
Seat 5: airdestiny ($2.21 in chips) 
Seat 7: Dorex2007 ($2.02 in chips) 
Seat 8: fukazapam ($2.21 in chips) 
Seat 9: johnnick221 ($1.74 in chips) 
Mechanic1995: posts small blind $0.01
airdestiny: posts big blind $0.02
*** HOLE CARDS ***
Dealt to Dorex2007 [Ks Kc]
Dorex2007: raises $0.02 to $0.04
fukazapam: folds 
johnnick221: folds 
A$APTwigg: calls $0.04
Ramkha: folds 
famedi: folds 
Mechanic1995: folds 
airdestiny: folds 
*** FLOP *** [Jh 5h 7d]
Dorex2007: bets $0.11
A$APTwigg: calls $0.11
*** TURN *** [Jh 5h 7d] [9s]
Dorex2007: bets $0.32
A$APTwigg: calls $0.32
*** RIVER *** [Jh 5h 7d 9s] [6d]
Dorex2007: bets $1.55 and is all-in
A$APTwigg: calls $1.11 and is all-in
Uncalled bet ($0.44) returned to Dorex2007
*** SHOW DOWN ***
Dorex2007: shows [Ks Kc] (a pair of Kings)
A$APTwigg: shows [Ad 7h] (a pair of Sevens)
Dorex2007 collected $3.08 from pot
*** SUMMARY ***
Total pot $3.19 | Rake $0.11 
Board [Jh 5h 7d 9s 6d]
Seat 1: A$APTwigg showed [Ad 7h] and lost with a pair of Sevens
Seat 2: Ramkha folded before Flop (didn't bet)
Seat 3: famedi (button) folded before Flop (didn't bet)
Seat 4: Mechanic1995 (small blind) folded before Flop
Seat 5: airdestiny (big blind) folded before Flop
Seat 7: Dorex2007 showed [Ks Kc] and won ($3.08) with a pair of Kings
Seat 8: fukazapam folded before Flop (didn't bet)
Seat 9: johnnick221 folded before Flop (didn't bet)



PokerStars Hand #234246758275:  Hold'em No Limit ($0.01/$0.02 USD) - 2022/02/20 13:28:52 PT [2022/02/20 16:28:52 ET]
Table 'Raimonda V' 9-max Seat #4 is the button
Seat 2: Ramkha ($2.46 in chips) 
Seat 3: famedi ($2.90 in chips) 
Seat 4: Mechanic1995 ($2 in chips) 
Seat 5: airdestiny ($2.19 in chips) 
Seat 7: Dorex2007 ($3.52 in chips) 
Seat 8: fukazapam ($2.21 in chips) 
Seat 9: johnnick221 ($1.74 in chips) 
airdestiny: posts small blind $0.01
Dorex2007: posts big blind $0.02
*** HOLE CARDS ***
Dealt to Dorex2007 [Td 6h]
fukazapam: folds 
johnnick221: calls $0.02
Ramkha: folds 
A$APTwigg is disconnected 
famedi: folds 
Mechanic1995: folds 
airdestiny: folds 
Dorex2007: checks 
*** FLOP *** [6c 4d 2c]
Dorex2007: checks 
johnnick221: bets $0.04
Dorex2007: calls $0.04
*** TURN *** [6c 4d 2c] [Ad]
Dorex2007: checks 
johnnick221: bets $0.08
Dorex2007: folds 
Uncalled bet ($0.08) returned to johnnick221
johnnick221 collected $0.13 from pot
johnnick221: doesn't show hand 
*** SUMMARY ***
Total pot $0.13 | Rake $0 
Board [6c 4d 2c Ad]
Seat 2: Ramkha folded before Flop (didn't bet)
Seat 3: famedi folded before Flop (didn't bet)
Seat 4: Mechanic1995 (button) folded before Flop (didn't bet)
Seat 5: airdestiny (small blind) folded before Flop
Seat 7: Dorex2007 (big blind) folded on the Turn
Seat 8: fukazapam folded before Flop (didn't bet)
Seat 9: johnnick221 collected ($0.13)



PokerStars Hand #234246782986:  Hold'em No Limit ($0.01/$0.02 USD) - 2022/02/20 13:29:33 PT [2022/02/20 16:29:33 ET]
Table 'Raimonda V' 9-max Seat #5 is the button
Seat 2: Ramkha ($2.46 in chips) 
Seat 3: famedi ($2.90 in chips) 
Seat 4: Mechanic1995 ($2 in chips) 
Seat 5: airdestiny ($2.18 in chips) 
Seat 7: Dorex2007 ($3.46 in chips) 
Seat 8: fukazapam ($2.21 in chips) 
Seat 9: johnnick221 ($1.81 in chips) 
Dorex2007: posts small blind $0.01
fukazapam: posts big blind $0.02
*** HOLE CARDS ***
Dealt to Dorex2007 [6s 6c]
johnnick221: folds 
Ramkha: folds 
famedi: folds 
Mechanic1995: raises $0.04 to $0.06
airdestiny: folds 
Dorex2007: folds 
fukazapam: calls $0.04
*** FLOP *** [2d Ts Th]
fukazapam: checks 
Mechanic1995: bets $0.07
fukazapam: calls $0.07
*** TURN *** [2d Ts Th] [2h]
fukazapam: checks 
Mechanic1995: bets $0.14
fukazapam: calls $0.14
*** RIVER *** [2d Ts Th 2h] [Ks]
fukazapam: checks 
Mechanic1995: checks 
*** SHOW DOWN ***
fukazapam: shows [3h 3s] (two pair, Tens and Threes)
Mechanic1995: shows [9h 9c] (two pair, Tens and Nines)
Mechanic1995 collected $0.53 from pot
*** SUMMARY ***
Total pot $0.55 | Rake $0.02 
Board [2d Ts Th 2h Ks]
Seat 2: Ramkha folded before Flop (didn't bet)
Seat 3: famedi folded before Flop (didn't bet)
Seat 4: Mechanic1995 showed [9h 9c] and won ($0.53) with two pair, Tens and Nines
Seat 5: airdestiny (button) folded before Flop (didn't bet)
Seat 7: Dorex2007 (small blind) folded before Flop
Seat 8: fukazapam (big blind) showed [3h 3s] and lost with two pair, Tens and Threes
Seat 9: johnnick221 folded before Flop (didn't bet)



PokerStars Hand #234246809301:  Hold'em No Limit ($0.01/$0.02 USD) - 2022/02/20 13:30:17 PT [2022/02/20 16:30:17 ET]
Table 'Raimonda V' 9-max Seat #7 is the button
Seat 2: Ramkha ($2.46 in chips) 
Seat 3: famedi ($2.90 in chips) 
Seat 4: Mechanic1995 ($2.26 in chips) 
Seat 5: airdestiny ($2.18 in chips) 
Seat 7: Dorex2007 ($3.45 in chips) 
Seat 8: fukazapam ($2 in chips) 
Seat 9: johnnick221 ($1.81 in chips) 
fukazapam: posts small blind $0.01
johnnick221: posts big blind $0.02
*** HOLE CARDS ***
Dealt to Dorex2007 [7c Qs]
Ramkha: folds 
famedi: folds 
Mechanic1995: folds 
airdestiny: raises $0.04 to $0.06
Dorex2007: folds 
fukazapam: folds 
johnnick221: folds 
Uncalled bet ($0.04) returned to airdestiny
airdestiny collected $0.05 from pot
airdestiny: doesn't show hand 
*** SUMMARY ***
Total pot $0.05 | Rake $0 
Seat 2: Ramkha folded before Flop (didn't bet)
Seat 3: famedi folded before Flop (didn't bet)
Seat 4: Mechanic1995 folded before Flop (didn't bet)
Seat 5: airdestiny collected ($0.05)
Seat 7: Dorex2007 (button) folded before Flop (didn't bet)
Seat 8: fukazapam (small blind) folded before Flop
Seat 9: johnnick221 (big blind) folded before Flop



PokerStars Hand #234246826009:  Hold'em No Limit ($0.01/$0.02 USD) - 2022/02/20 13:30:45 PT [2022/02/20 16:30:45 ET]
Table 'Raimonda V' 9-max Seat #8 is the button
Seat 2: Ramkha ($2.46 in chips) 
Seat 3: famedi ($2.90 in chips) 
Seat 4: Mechanic1995 ($2.26 in chips) 
Seat 5: airdestiny ($2.21 in chips) 
Seat 7: Dorex2007 ($3.45 in chips) 
Seat 8: fukazapam ($2 in chips) 
Seat 9: johnnick221 ($1.79 in chips) 
johnnick221: posts small blind $0.01
Ramkha: posts big blind $0.02
*** HOLE CARDS ***
Dealt to Dorex2007 [Qs 2s]
famedi: folds 
Mechanic1995: folds 
airdestiny: folds 
Dorex2007: folds 
fukazapam: folds 
johnnick221: calls $0.01
Ramkha: checks 
*** FLOP *** [2h 2d Td]
johnnick221: checks 
Ramkha: checks 
*** TURN *** [2h 2d Td] [Ah]
johnnick221: checks 
Ramkha: bets $0.04
johnnick221: folds 
Uncalled bet ($0.04) returned to Ramkha
Ramkha collected $0.04 from pot
Ramkha: doesn't show hand 
*** SUMMARY ***
Total pot $0.04 | Rake $0 
Board [2h 2d Td Ah]
Seat 2: Ramkha (big blind) collected ($0.04)
Seat 3: famedi folded before Flop (didn't bet)
Seat 4: Mechanic1995 folded before Flop (didn't bet)
Seat 5: airdestiny folded before Flop (didn't bet)
Seat 7: Dorex2007 folded before Flop (didn't bet)
Seat 8: fukazapam (button) folded before Flop (didn't bet)
Seat 9: johnnick221 (small blind) folded on the Turn



PokerStars Hand #234246851550:  Hold'em No Limit ($0.01/$0.02 USD) - 2022/02/20 13:31:27 PT [2022/02/20 16:31:27 ET]
Table 'Raimonda V' 9-max Seat #9 is the button
Seat 2: Ramkha ($2.48 in chips) 
Seat 3: famedi ($2.90 in chips) 
Seat 4: Mechanic1995 ($2.26 in chips) 
Seat 5: airdestiny ($2.21 in chips) 
Seat 7: Dorex2007 ($3.45 in chips) 
Seat 8: fukazapam ($2 in chips) 
Seat 9: johnnick221 ($1.77 in chips) 
Ramkha: posts small blind $0.01
famedi: posts big blind $0.02
*** HOLE CARDS ***
Dealt to Dorex2007 [9h 5s]
Mechanic1995: folds 
airdestiny: raises $0.06 to $0.08
Dorex2007: folds 
fukazapam: folds 
fukazapam leaves the table
johnnick221: folds 
TheWoman591 joins the table at seat #8 
Ramkha: folds 
famedi: folds 
Uncalled bet ($0.06) returned to airdestiny
airdestiny collected $0.05 from pot
airdestiny: doesn't show hand 
*** SUMMARY ***
Total pot $0.05 | Rake $0 
Seat 2: Ramkha (small blind) folded before Flop
Seat 3: famedi (big blind) folded before Flop
Seat 4: Mechanic1995 folded before Flop (didn't bet)
Seat 5: airdestiny collected ($0.05)
Seat 7: Dorex2007 folded before Flop (didn't bet)
Seat 8: fukazapam folded before Flop (didn't bet)
Seat 9: johnnick221 (button) folded before Flop (didn't bet)



PokerStars Hand #234246865061:  Hold'em No Limit ($0.01/$0.02 USD) - 2022/02/20 13:31:50 PT [2022/02/20 16:31:50 ET]
Table 'Raimonda V' 9-max Seat #2 is the button
Seat 2: Ramkha ($2.47 in chips) 
Seat 3: famedi ($2.88 in chips) 
Seat 4: Mechanic1995 ($2.26 in chips) 
Seat 5: airdestiny ($2.24 in chips) 
Seat 7: Dorex2007 ($3.45 in chips) 
Seat 9: johnnick221 ($1.77 in chips) 
famedi: posts small blind $0.01
Mechanic1995: posts big blind $0.02
TheWoman591: sits out 
*** HOLE CARDS ***
Dealt to Dorex2007 [7d 7s]
airdestiny: folds 
Dorex2007: calls $0.02
johnnick221: calls $0.02
Ramkha: folds 
famedi: folds 
Mechanic1995: raises $0.12 to $0.14
Dorex2007: folds 
johnnick221: folds 
Uncalled bet ($0.12) returned to Mechanic1995
Mechanic1995 collected $0.07 from pot
Mechanic1995: doesn't show hand 
*** SUMMARY ***
Total pot $0.07 | Rake $0 
Seat 2: Ramkha (button) folded before Flop (didn't bet)
Seat 3: famedi (small blind) folded before Flop
Seat 4: Mechanic1995 (big blind) collected ($0.07)
Seat 5: airdestiny folded before Flop (didn't bet)
Seat 7: Dorex2007 folded before Flop
Seat 9: johnnick221 folded before Flop



PokerStars Hand #234246900575:  Hold'em No Limit ($0.01/$0.02 USD) - 2022/02/20 13:32:34 PT [2022/02/20 16:32:34 ET]
Table 'Raimonda V' 9-max Seat #3 is the button
Seat 2: Ramkha ($2.47 in chips) 
Seat 3: famedi ($2.87 in chips) 
Seat 4: Mechanic1995 ($2.31 in chips) 
Seat 5: airdestiny ($2.24 in chips) 
Seat 7: Dorex2007 ($3.43 in chips) 
Seat 8: TheWoman591 ($2 in chips) 
Seat 9: johnnick221 ($1.75 in chips) 
Mechanic1995: posts small blind $0.01
airdestiny: posts big blind $0.02
TheWoman591: posts big blind $0.02
*** HOLE CARDS ***
Dealt to Dorex2007 [3c Kc]
Dorex2007: folds 
TheWoman591: checks 
johnnick221: folds 
Ramkha: folds 
famedi: folds 
Mechanic1995: folds 
airdestiny: checks 
*** FLOP *** [Qh 4c Kd]
airdestiny: checks 
TheWoman591: checks 
*** TURN *** [Qh 4c Kd] [Ts]
airdestiny: checks 
TheWoman591: checks 
*** RIVER *** [Qh 4c Kd Ts] [7h]
airdestiny: checks 
TheWoman591: checks 
*** SHOW DOWN ***
airdestiny: shows [Js 2d] (high card King)
TheWoman591: shows [4h Th] (two pair, Tens and Fours)
TheWoman591 collected $0.05 from pot
*** SUMMARY ***
Total pot $0.05 | Rake $0 
Board [Qh 4c Kd Ts 7h]
Seat 2: Ramkha folded before Flop (didn't bet)
Seat 3: famedi (button) folded before Flop (didn't bet)
Seat 4: Mechanic1995 (small blind) folded before Flop
Seat 5: airdestiny (big blind) showed [Js 2d] and lost with high card King
Seat 7: Dorex2007 folded before Flop (didn't bet)
Seat 8: TheWoman591 showed [4h Th] and won ($0.05) with two pair, Tens and Fours
Seat 9: johnnick221 folded before Flop (didn't bet)



PokerStars Hand #234246916760:  Hold'em No Limit ($0.01/$0.02 USD) - 2022/02/20 13:33:01 PT [2022/02/20 16:33:01 ET]
Table 'Raimonda V' 9-max Seat #4 is the button
Seat 2: Ramkha ($2.47 in chips) 
Seat 3: famedi ($2.87 in chips) 
Seat 4: Mechanic1995 ($2.30 in chips) 
Seat 5: airdestiny ($2.22 in chips) 
Seat 7: Dorex2007 ($3.43 in chips) 
Seat 8: TheWoman591 ($2.03 in chips) 
Seat 9: johnnick221 ($1.75 in chips) 
airdestiny: posts small blind $0.01
Dorex2007: posts big blind $0.02
*** HOLE CARDS ***
Dealt to Dorex2007 [Ad 5d]
TheWoman591: calls $0.02
johnnick221: folds 
Ramkha: folds 
famedi: folds 
Mechanic1995: folds 
airdestiny: folds 
Dorex2007: checks 
*** FLOP *** [5h 6h 6s]
Dorex2007: checks 
TheWoman591: checks 
*** TURN *** [5h 6h 6s] [Kd]
Dorex2007: checks 
TheWoman591: checks 
*** RIVER *** [5h 6h 6s Kd] [Ah]
Dorex2007: bets $0.05
TheWoman591: raises $0.15 to $0.20
Dorex2007: calls $0.15
*** SHOW DOWN ***
TheWoman591: shows [Qd 6d] (three of a kind, Sixes)
Dorex2007: mucks hand 
TheWoman591 collected $0.43 from pot
*** SUMMARY ***
Total pot $0.45 | Rake $0.02 
Board [5h 6h 6s Kd Ah]
Seat 2: Ramkha folded before Flop (didn't bet)
Seat 3: famedi folded before Flop (didn't bet)
Seat 4: Mechanic1995 (button) folded before Flop (didn't bet)
Seat 5: airdestiny (small blind) folded before Flop
Seat 7: Dorex2007 (big blind) mucked [Ad 5d]
Seat 8: TheWoman591 showed [Qd 6d] and won ($0.43) with three of a kind, Sixes
Seat 9: johnnick221 folded before Flop (didn't bet)



PokerStars Hand #234246948301:  Hold'em No Limit ($0.01/$0.02 USD) - 2022/02/20 13:33:55 PT [2022/02/20 16:33:55 ET]
Table 'Raimonda V' 9-max Seat #5 is the button
Seat 2: Ramkha ($2.47 in chips) 
Seat 3: famedi ($2.87 in chips) 
Seat 4: Mechanic1995 ($2.30 in chips) 
Seat 5: airdestiny ($2.21 in chips) 
Seat 7: Dorex2007 ($3.21 in chips) 
Seat 8: TheWoman591 ($2.24 in chips) 
Seat 9: johnnick221 ($1.75 in chips) 
Dorex2007: posts small blind $0.01
TheWoman591: posts big blind $0.02
*** HOLE CARDS ***
Dealt to Dorex2007 [3h 7s]
johnnick221: calls $0.02
Ramkha: folds 
famedi: folds 
Mechanic1995: raises $0.08 to $0.10
airdestiny: raises $0.20 to $0.30
Dorex2007: folds 
TheWoman591: folds 
johnnick221: folds 
Mechanic1995: folds 
Uncalled bet ($0.20) returned to airdestiny
airdestiny collected $0.25 from pot
airdestiny: doesn't show hand 
*** SUMMARY ***
Total pot $0.25 | Rake $0 
Seat 2: Ramkha folded before Flop (didn't bet)
Seat 3: famedi folded before Flop (didn't bet)
Seat 4: Mechanic1995 folded before Flop
Seat 5: airdestiny (button) collected ($0.25)
Seat 7: Dorex2007 (small blind) folded before Flop
Seat 8: TheWoman591 (big blind) folded before Flop
Seat 9: johnnick221 folded before Flop



PokerStars Hand #234246965694:  Hold'em No Limit ($0.01/$0.02 USD) - 2022/02/20 13:34:25 PT [2022/02/20 16:34:25 ET]
Table 'Raimonda V' 9-max Seat #7 is the button
Seat 2: Ramkha ($2.47 in chips) 
Seat 3: famedi ($2.87 in chips) 
Seat 4: Mechanic1995 ($2.20 in chips) 
Seat 5: airdestiny ($2.36 in chips) 
Seat 6: POLLO ISRA75 ($3.72 in chips) 
Seat 7: Dorex2007 ($3.20 in chips) 
Seat 8: TheWoman591 ($2.22 in chips) 
Seat 9: johnnick221 ($1.73 in chips) 
TheWoman591: posts small blind $0.01
johnnick221: posts big blind $0.02
POLLO ISRA75: posts small & big blinds $0.03
*** HOLE CARDS ***
Dealt to Dorex2007 [Kh 4d]
Ramkha: folds 
famedi: raises $0.04 to $0.06
Mechanic1995: raises $0.22 to $0.28
airdestiny: folds 
POLLO ISRA75 has timed out
POLLO ISRA75: folds 
Dorex2007: folds 
TheWoman591: folds 
johnnick221: folds 
famedi: calls $0.22
*** FLOP *** [5d 8d Js]
famedi: checks 
Mechanic1995: bets $0.20
famedi: raises $0.75 to $0.95
Mechanic1995: folds 
Uncalled bet ($0.75) returned to famedi
famedi collected $0.98 from pot
famedi: doesn't show hand 
*** SUMMARY ***
Total pot $1.02 | Rake $0.04 
Board [5d 8d Js]
Seat 2: Ramkha folded before Flop (didn't bet)
Seat 3: famedi collected ($0.98)
Seat 4: Mechanic1995 folded on the Flop
Seat 5: airdestiny folded before Flop (didn't bet)
Seat 6: POLLO ISRA75 folded before Flop (didn't bet)
Seat 7: Dorex2007 (button) folded before Flop (didn't bet)
Seat 8: TheWoman591 (small blind) folded before Flop
Seat 9: johnnick221 (big blind) folded before Flop



PokerStars Hand #234247025234:  Hold'em No Limit ($0.01/$0.02 USD) - 2022/02/20 13:36:06 PT [2022/02/20 16:36:06 ET]
Table 'Raimonda V' 9-max Seat #8 is the button
Seat 2: Ramkha ($2.47 in chips) 
Seat 3: famedi ($3.37 in chips) 
Seat 4: Mechanic1995 ($2 in chips) 
Seat 5: airdestiny ($2.36 in chips) 
Seat 7: Dorex2007 ($3.20 in chips) 
Seat 8: TheWoman591 ($2.21 in chips) 
Seat 9: johnnick221 ($1.71 in chips) 
johnnick221: posts small blind $0.01
Ramkha: posts big blind $0.02
*** HOLE CARDS ***
Dealt to Dorex2007 [2s Ad]
famedi: folds 
Mechanic1995: folds 
airdestiny: raises $0.06 to $0.08
Dorex2007: folds 
TheWoman591: folds 
johnnick221: calls $0.07
Ramkha: folds 
*** FLOP *** [3h 9c Kh]
johnnick221: checks 
airdestiny: bets $0.12
johnnick221: calls $0.12
*** TURN *** [3h 9c Kh] [Ah]
johnnick221: bets $0.08
airdestiny: folds 
Uncalled bet ($0.08) returned to johnnick221
johnnick221 collected $0.41 from pot
johnnick221: doesn't show hand 
*** SUMMARY ***
Total pot $0.42 | Rake $0.01 
Board [3h 9c Kh Ah]
Seat 2: Ramkha (big blind) folded before Flop
Seat 3: famedi folded before Flop (didn't bet)
Seat 4: Mechanic1995 folded before Flop (didn't bet)
Seat 5: airdestiny folded on the Turn
Seat 7: Dorex2007 folded before Flop (didn't bet)
Seat 8: TheWoman591 (button) folded before Flop (didn't bet)
Seat 9: johnnick221 (small blind) collected ($0.41)



PokerStars Hand #234247049349:  Hold'em No Limit ($0.01/$0.02 USD) - 2022/02/20 13:36:47 PT [2022/02/20 16:36:47 ET]
Table 'Raimonda V' 9-max Seat #9 is the button
Seat 2: Ramkha ($2.45 in chips) 
Seat 3: famedi ($3.37 in chips) 
Seat 4: Mechanic1995 ($2 in chips) 
Seat 5: airdestiny ($2.16 in chips) 
Seat 7: Dorex2007 ($3.20 in chips) 
Seat 8: TheWoman591 ($2.21 in chips) 
Seat 9: johnnick221 ($1.92 in chips) 
Ramkha: posts small blind $0.01
famedi: posts big blind $0.02
*** HOLE CARDS ***
Dealt to Dorex2007 [Ad 9s]
Mechanic1995: folds 
airdestiny: folds 
Dorex2007: folds 
TheWoman591: folds 
johnnick221: calls $0.02
Ramkha: folds 
famedi: checks 
*** FLOP *** [2c Qs 5c]
famedi: checks 
johnnick221: bets $0.08
famedi: raises $0.08 to $0.16
johnnick221: calls $0.08
*** TURN *** [2c Qs 5c] [Jd]
famedi: bets $0.02
johnnick221: raises $0.02 to $0.04
famedi: folds 
Uncalled bet ($0.02) returned to johnnick221
johnnick221 collected $0.40 from pot
johnnick221: doesn't show hand 
*** SUMMARY ***
Total pot $0.41 | Rake $0.01 
Board [2c Qs 5c Jd]
Seat 2: Ramkha (small blind) folded before Flop
Seat 3: famedi (big blind) folded on the Turn
Seat 4: Mechanic1995 folded before Flop (didn't bet)
Seat 5: airdestiny folded before Flop (didn't bet)
Seat 7: Dorex2007 folded before Flop (didn't bet)
Seat 8: TheWoman591 folded before Flop (didn't bet)
Seat 9: johnnick221 (button) collected ($0.40)



PokerStars Hand #234247082123:  Hold'em No Limit ($0.01/$0.02 USD) - 2022/02/20 13:37:41 PT [2022/02/20 16:37:41 ET]
Table 'Raimonda V' 9-max Seat #2 is the button
Seat 2: Ramkha ($2.44 in chips) 
Seat 3: famedi ($3.17 in chips) 
Seat 4: Mechanic1995 ($2 in chips) 
Seat 5: airdestiny ($2.16 in chips) 
Seat 7: Dorex2007 ($3.20 in chips) 
Seat 8: TheWoman591 ($2.21 in chips) 
Seat 9: johnnick221 ($2.12 in chips) 
famedi: posts small blind $0.01
Mechanic1995: posts big blind $0.02
*** HOLE CARDS ***
Dealt to Dorex2007 [Qd 3d]
airdestiny: raises $0.06 to $0.08
Dorex2007: folds 
TheWoman591: calls $0.08
johnnick221: folds 
Ramkha: folds 
famedi: folds 
Mechanic1995: raises $0.26 to $0.34
airdestiny: folds 
TheWoman591: folds 
Uncalled bet ($0.26) returned to Mechanic1995
Mechanic1995 collected $0.25 from pot
Mechanic1995: doesn't show hand 
*** SUMMARY ***
Total pot $0.25 | Rake $0 
Seat 2: Ramkha (button) folded before Flop (didn't bet)
Seat 3: famedi (small blind) folded before Flop
Seat 4: Mechanic1995 (big blind) collected ($0.25)
Seat 5: airdestiny folded before Flop
Seat 7: Dorex2007 folded before Flop (didn't bet)
Seat 8: TheWoman591 folded before Flop
Seat 9: johnnick221 folded before Flop (didn't bet)



PokerStars Hand #234247102931:  Hold'em No Limit ($0.01/$0.02 USD) - 2022/02/20 13:38:17 PT [2022/02/20 16:38:17 ET]
Table 'Raimonda V' 9-max Seat #3 is the button
Seat 2: Ramkha ($2.44 in chips) 
Seat 3: famedi ($3.16 in chips) 
Seat 4: Mechanic1995 ($2.17 in chips) 
Seat 5: airdestiny ($2.08 in chips) 
Seat 7: Dorex2007 ($3.20 in chips) 
Seat 8: TheWoman591 ($2.13 in chips) 
Seat 9: johnnick221 ($2.12 in chips) 
Mechanic1995: posts small blind $0.01
airdestiny: posts big blind $0.02
*** HOLE CARDS ***
Dealt to Dorex2007 [Ts Qc]
Dorex2007: folds 
TheWoman591: folds 
johnnick221: calls $0.02
Ramkha: raises $0.08 to $0.10
famedi: folds 
Mechanic1995: folds 
airdestiny: folds 
johnnick221: calls $0.08
*** FLOP *** [2s Ks 7s]
johnnick221: checks 
Ramkha: checks 
*** TURN *** [2s Ks 7s] [5d]
johnnick221: checks 
Ramkha: bets $0.07
johnnick221: folds 
Uncalled bet ($0.07) returned to Ramkha
Ramkha collected $0.22 from pot
Ramkha: doesn't show hand 
*** SUMMARY ***
Total pot $0.23 | Rake $0.01 
Board [2s Ks 7s 5d]
Seat 2: Ramkha collected ($0.22)
Seat 3: famedi (button) folded before Flop (didn't bet)
Seat 4: Mechanic1995 (small blind) folded before Flop
Seat 5: airdestiny (big blind) folded before Flop
Seat 7: Dorex2007 folded before Flop (didn't bet)
Seat 8: TheWoman591 folded before Flop (didn't bet)
Seat 9: johnnick221 folded on the Turn



PokerStars Hand #234247130077:  Hold'em No Limit ($0.01/$0.02 USD) - 2022/02/20 13:39:04 PT [2022/02/20 16:39:04 ET]
Table 'Raimonda V' 9-max Seat #4 is the button
Seat 2: Ramkha ($2.56 in chips) 
Seat 3: famedi ($3.16 in chips) 
Seat 4: Mechanic1995 ($2.16 in chips) 
Seat 5: airdestiny ($2.06 in chips) 
Seat 7: Dorex2007 ($3.20 in chips) 
Seat 8: TheWoman591 ($2.13 in chips) 
Seat 9: johnnick221 ($2.02 in chips) 
airdestiny: posts small blind $0.01
Dorex2007: posts big blind $0.02
*** HOLE CARDS ***
Dealt to Dorex2007 [Th 7c]
A$APTwigg leaves the table
TheWoman591: folds 
johnnick221: calls $0.02
Ramkha: folds 
famedi: folds 
Mechanic1995: folds 
airdestiny: raises $0.08 to $0.10
Dorex2007: folds 
johnnick221: folds 
Uncalled bet ($0.08) returned to airdestiny
airdestiny collected $0.06 from pot
airdestiny: doesn't show hand 
FACCHETADE$ joins the table at seat #1 
*** SUMMARY ***
Total pot $0.06 | Rake $0 
Seat 2: Ramkha folded before Flop (didn't bet)
Seat 3: famedi folded before Flop (didn't bet)
Seat 4: Mechanic1995 (button) folded before Flop (didn't bet)
Seat 5: airdestiny (small blind) collected ($0.06)
Seat 7: Dorex2007 (big blind) folded before Flop
Seat 8: TheWoman591 folded before Flop (didn't bet)
Seat 9: johnnick221 folded before Flop



PokerStars Hand #234247144791:  Hold'em No Limit ($0.01/$0.02 USD) - 2022/02/20 13:39:29 PT [2022/02/20 16:39:29 ET]
Table 'Raimonda V' 9-max Seat #5 is the button
Seat 2: Ramkha ($2.56 in chips) 
Seat 3: famedi ($3.16 in chips) 
Seat 4: Mechanic1995 ($2.16 in chips) 
Seat 5: airdestiny ($2.10 in chips) 
Seat 7: Dorex2007 ($3.18 in chips) 
Seat 8: TheWoman591 ($2.13 in chips) 
Seat 9: johnnick221 ($2 in chips) 
Dorex2007: posts small blind $0.01
TheWoman591: posts big blind $0.02
FACCHETADE$: sits out 
*** HOLE CARDS ***
Dealt to Dorex2007 [Js Jd]
johnnick221: calls $0.02
Ramkha: folds 
famedi: folds 
Mechanic1995: folds 
airdestiny: raises $0.08 to $0.10
Dorex2007: calls $0.09
TheWoman591: calls $0.08
johnnick221: folds 
*** FLOP *** [5c 9c 7d]
Dorex2007: bets $0.31
TheWoman591: calls $0.31
airdestiny: folds 
*** TURN *** [5c 9c 7d] [5s]
Dorex2007: checks 
TheWoman591: checks 
*** RIVER *** [5c 9c 7d 5s] [9d]
Dorex2007: bets $0.46
TheWoman591: folds 
Uncalled bet ($0.46) returned to Dorex2007
Dorex2007 collected $0.91 from pot
Dorex2007: doesn't show hand 
*** SUMMARY ***
Total pot $0.94 | Rake $0.03 
Board [5c 9c 7d 5s 9d]
Seat 2: Ramkha folded before Flop (didn't bet)
Seat 3: famedi folded before Flop (didn't bet)
Seat 4: Mechanic1995 folded before Flop (didn't bet)
Seat 5: airdestiny (button) folded on the Flop
Seat 7: Dorex2007 (small blind) collected ($0.91)
Seat 8: TheWoman591 (big blind) folded on the River
Seat 9: johnnick221 folded before Flop



PokerStars Hand #234247179648:  Hold'em No Limit ($0.01/$0.02 USD) - 2022/02/20 13:40:30 PT [2022/02/20 16:40:30 ET]
Table 'Raimonda V' 9-max Seat #7 is the button
Seat 2: Ramkha ($2.56 in chips) 
Seat 3: famedi ($3.16 in chips) 
Seat 4: Mechanic1995 ($2.16 in chips) 
Seat 5: airdestiny ($2 in chips) 
Seat 7: Dorex2007 ($3.68 in chips) 
Seat 8: TheWoman591 ($1.72 in chips) 
Seat 9: johnnick221 ($1.98 in chips) 
TheWoman591: posts small blind $0.01
johnnick221: posts big blind $0.02
FACCHETADE$: sits out 
*** HOLE CARDS ***
Dealt to Dorex2007 [Qh 4c]
Ramkha: folds 
famedi: raises $0.04 to $0.06
Mechanic1995: folds 
airdestiny: folds 
Dorex2007: folds 
TheWoman591: folds 
johnnick221: calls $0.04
*** FLOP *** [8d Ad Ks]
johnnick221: bets $0.06
famedi: folds 
Uncalled bet ($0.06) returned to johnnick221
johnnick221 collected $0.13 from pot
johnnick221: doesn't show hand 
*** SUMMARY ***
Total pot $0.13 | Rake $0 
Board [8d Ad Ks]
Seat 2: Ramkha folded before Flop (didn't bet)
Seat 3: famedi folded on the Flop
Seat 4: Mechanic1995 folded before Flop (didn't bet)
Seat 5: airdestiny folded before Flop (didn't bet)
Seat 7: Dorex2007 (button) folded before Flop (didn't bet)
Seat 8: TheWoman591 (small blind) folded before Flop
Seat 9: johnnick221 (big blind) collected ($0.13)



PokerStars Hand #234247202380:  Hold'em No Limit ($0.01/$0.02 USD) - 2022/02/20 13:40:57 PT [2022/02/20 16:40:57 ET]
Table 'Raimonda V' 9-max Seat #8 is the button
Seat 1: FACCHETADE$ ($2 in chips) 
Seat 2: Ramkha ($2.56 in chips) 
Seat 3: famedi ($3.10 in chips) 
Seat 4: Mechanic1995 ($2.16 in chips) 
Seat 5: airdestiny ($2 in chips) 
Seat 7: Dorex2007 ($3.68 in chips) 
Seat 8: TheWoman591 ($1.71 in chips) 
Seat 9: johnnick221 ($2.05 in chips) 
johnnick221: posts small blind $0.01
FACCHETADE$: posts big blind $0.02
*** HOLE CARDS ***
Dealt to Dorex2007 [Kd 7c]
Ramkha: folds 
famedi: folds 
Mechanic1995: folds 
airdestiny: raises $0.06 to $0.08
Dorex2007: folds 
TheWoman591: folds 
johnnick221: calls $0.07
FACCHETADE$ has timed out
FACCHETADE$: folds 
*** FLOP *** [Qd Js 2s]
johnnick221: checks 
airdestiny: bets $0.12
johnnick221: calls $0.12
*** TURN *** [Qd Js 2s] [Tc]
johnnick221: checks 
airdestiny: checks 
*** RIVER *** [Qd Js 2s Tc] [4h]
johnnick221: bets $0.16
airdestiny: folds 
Uncalled bet ($0.16) returned to johnnick221
johnnick221 collected $0.41 from pot
johnnick221: doesn't show hand 
*** SUMMARY ***
Total pot $0.42 | Rake $0.01 
Board [Qd Js 2s Tc 4h]
Seat 1: FACCHETADE$ (big blind) folded before Flop
Seat 2: Ramkha folded before Flop (didn't bet)
Seat 3: famedi folded before Flop (didn't bet)
Seat 4: Mechanic1995 folded before Flop (didn't bet)
Seat 5: airdestiny folded on the River
Seat 7: Dorex2007 folded before Flop (didn't bet)
Seat 8: TheWoman591 (button) folded before Flop (didn't bet)
Seat 9: johnnick221 (small blind) collected ($0.41)



PokerStars Hand #234247243309:  Hold'em No Limit ($0.01/$0.02 USD) - 2022/02/20 13:42:08 PT [2022/02/20 16:42:08 ET]
Table 'Raimonda V' 9-max Seat #9 is the button
Seat 1: FACCHETADE$ ($1.98 in chips) 
Seat 2: Ramkha ($2.56 in chips) 
Seat 3: famedi ($3.10 in chips) 
Seat 4: Mechanic1995 ($2.16 in chips) 
Seat 5: airdestiny ($2 in chips) 
Seat 7: Dorex2007 ($3.68 in chips) 
Seat 8: TheWoman591 ($1.71 in chips) 
Seat 9: johnnick221 ($2.26 in chips) 
FACCHETADE$: posts small blind $0.01
Ramkha: posts big blind $0.02
*** HOLE CARDS ***
Dealt to Dorex2007 [4h Kd]
famedi: folds 
Mechanic1995: folds 
airdestiny: raises $0.06 to $0.08
Dorex2007: folds 
TheWoman591: folds 
johnnick221: calls $0.08
FACCHETADE$: folds 
Ramkha: folds 
*** FLOP *** [9h 6s 5h]
airdestiny: checks 
johnnick221: checks 
*** TURN *** [9h 6s 5h] [7s]
airdestiny: checks 
johnnick221: checks 
*** RIVER *** [9h 6s 5h 7s] [8h]
airdestiny: checks 
johnnick221: checks 
*** SHOW DOWN ***
airdestiny: shows [2d Ad] (a straight, Five to Nine)
johnnick221: shows [Qd Ks] (a straight, Five to Nine)
airdestiny collected $0.09 from pot
johnnick221 collected $0.09 from pot
*** SUMMARY ***
Total pot $0.19 | Rake $0.01 
Board [9h 6s 5h 7s 8h]
Seat 1: FACCHETADE$ (small blind) folded before Flop
Seat 2: Ramkha (big blind) folded before Flop
Seat 3: famedi folded before Flop (didn't bet)
Seat 4: Mechanic1995 folded before Flop (didn't bet)
Seat 5: airdestiny showed [2d Ad] and won ($0.09) with a straight, Five to Nine
Seat 7: Dorex2007 folded before Flop (didn't bet)
Seat 8: TheWoman591 folded before Flop (didn't bet)
Seat 9: johnnick221 (button) showed [Qd Ks] and won ($0.09) with a straight, Five to Nine



PokerStars Hand #234247263466:  Hold'em No Limit ($0.01/$0.02 USD) - 2022/02/20 13:42:43 PT [2022/02/20 16:42:43 ET]
Table 'Raimonda V' 9-max Seat #1 is the button
Seat 1: FACCHETADE$ ($1.97 in chips) 
Seat 2: Ramkha ($2.54 in chips) 
Seat 3: famedi ($3.10 in chips) 
Seat 4: Mechanic1995 ($2.16 in chips) 
Seat 5: airdestiny ($2.01 in chips) 
Seat 7: Dorex2007 ($3.68 in chips) 
Seat 8: TheWoman591 ($1.71 in chips) 
Seat 9: johnnick221 ($2.27 in chips) 
Ramkha: posts small blind $0.01
famedi: posts big blind $0.02
*** HOLE CARDS ***
Dealt to Dorex2007 [Jd 6d]
Mechanic1995: folds 
airdestiny: folds 
Dorex2007: folds 
TheWoman591: folds 
johnnick221: calls $0.02
FACCHETADE$: folds 
Ramkha: folds 
famedi: checks 
*** FLOP *** [5s 8s Qd]
famedi: checks 
johnnick221: bets $0.06
famedi: calls $0.06
*** TURN *** [5s 8s Qd] [5h]
famedi: checks 
johnnick221: bets $0.10
famedi: folds 
Uncalled bet ($0.10) returned to johnnick221
johnnick221 collected $0.16 from pot
johnnick221: doesn't show hand 
*** SUMMARY ***
Total pot $0.17 | Rake $0.01 
Board [5s 8s Qd 5h]
Seat 1: FACCHETADE$ (button) folded before Flop (didn't bet)
Seat 2: Ramkha (small blind) folded before Flop
Seat 3: famedi (big blind) folded on the Turn
Seat 4: Mechanic1995 folded before Flop (didn't bet)
Seat 5: airdestiny folded before Flop (didn't bet)
Seat 7: Dorex2007 folded before Flop (didn't bet)
Seat 8: TheWoman591 folded before Flop (didn't bet)
Seat 9: johnnick221 collected ($0.16)



PokerStars Hand #234247292150:  Hold'em No Limit ($0.01/$0.02 USD) - 2022/02/20 13:43:33 PT [2022/02/20 16:43:33 ET]
Table 'Raimonda V' 9-max Seat #2 is the button
Seat 1: FACCHETADE$ ($1.97 in chips) 
Seat 2: Ramkha ($2.53 in chips) 
Seat 3: famedi ($3.02 in chips) 
Seat 4: Mechanic1995 ($2.16 in chips) 
Seat 5: airdestiny ($2.01 in chips) 
Seat 7: Dorex2007 ($3.68 in chips) 
Seat 8: TheWoman591 ($1.71 in chips) 
Seat 9: johnnick221 ($2.35 in chips) 
famedi: posts small blind $0.01
Mechanic1995: posts big blind $0.02
*** HOLE CARDS ***
Dealt to Dorex2007 [7d 3s]
airdestiny: folds 
Dorex2007: folds 
TheWoman591: folds 
johnnick221: raises $0.08 to $0.10
FACCHETADE$: folds 
Ramkha: folds 
famedi: folds 
Mechanic1995: calls $0.08
*** FLOP *** [Jd Qh 4d]
Mechanic1995: checks 
johnnick221: bets $0.10
Mechanic1995: folds 
Uncalled bet ($0.10) returned to johnnick221
johnnick221 collected $0.20 from pot
johnnick221: doesn't show hand 
*** SUMMARY ***
Total pot $0.21 | Rake $0.01 
Board [Jd Qh 4d]
Seat 1: FACCHETADE$ folded before Flop (didn't bet)
Seat 2: Ramkha (button) folded before Flop (didn't bet)
Seat 3: famedi (small blind) folded before Flop
Seat 4: Mechanic1995 (big blind) folded on the Flop
Seat 5: airdestiny folded before Flop (didn't bet)
Seat 7: Dorex2007 folded before Flop (didn't bet)
Seat 8: TheWoman591 folded before Flop (didn't bet)
Seat 9: johnnick221 collected ($0.20)



PokerStars Hand #234247315874:  Hold'em No Limit ($0.01/$0.02 USD) - 2022/02/20 13:44:15 PT [2022/02/20 16:44:15 ET]
Table 'Raimonda V' 9-max Seat #3 is the button
Seat 1: FACCHETADE$ ($1.97 in chips) 
Seat 2: Ramkha ($2.53 in chips) 
Seat 3: famedi ($3.01 in chips) 
Seat 4: Mechanic1995 ($2.06 in chips) 
Seat 5: airdestiny ($2.01 in chips) 
Seat 7: Dorex2007 ($3.68 in chips) 
Seat 8: TheWoman591 ($1.71 in chips) 
Seat 9: johnnick221 ($2.45 in chips) 
Mechanic1995: posts small blind $0.01
airdestiny: posts big blind $0.02
*** HOLE CARDS ***
Dealt to Dorex2007 [9c Kc]
Dorex2007: folds 
TheWoman591: calls $0.02
johnnick221: folds 
FACCHETADE$: folds 
Ramkha: folds 
famedi: raises $0.04 to $0.06
Mechanic1995: folds 
airdestiny: calls $0.04
TheWoman591: calls $0.04
*** FLOP *** [7c 5h 3d]
airdestiny: checks 
TheWoman591: checks 
famedi: bets $0.09
airdestiny: folds 
TheWoman591: calls $0.09
*** TURN *** [7c 5h 3d] [3c]
TheWoman591: checks 
famedi: checks 
*** RIVER *** [7c 5h 3d 3c] [5c]
TheWoman591: checks 
famedi: checks 
*** SHOW DOWN ***
TheWoman591: shows [Kh 6s] (two pair, Fives and Threes)
famedi: mucks hand 
TheWoman591 collected $0.36 from pot
*** SUMMARY ***
Total pot $0.37 | Rake $0.01 
Board [7c 5h 3d 3c 5c]
Seat 1: FACCHETADE$ folded before Flop (didn't bet)
Seat 2: Ramkha folded before Flop (didn't bet)
Seat 3: famedi (button) mucked [Jd Td]
Seat 4: Mechanic1995 (small blind) folded before Flop
Seat 5: airdestiny (big blind) folded on the Flop
Seat 7: Dorex2007 folded before Flop (didn't bet)
Seat 8: TheWoman591 showed [Kh 6s] and won ($0.36) with two pair, Fives and Threes
Seat 9: johnnick221 folded before Flop (didn't bet)



PokerStars Hand #234247344967:  Hold'em No Limit ($0.01/$0.02 USD) - 2022/02/20 13:45:07 PT [2022/02/20 16:45:07 ET]
Table 'Raimonda V' 9-max Seat #4 is the button
Seat 1: FACCHETADE$ ($1.97 in chips) 
Seat 2: Ramkha ($2.53 in chips) 
Seat 3: famedi ($2.86 in chips) 
Seat 4: Mechanic1995 ($2.05 in chips) 
Seat 5: airdestiny ($2 in chips) 
Seat 7: Dorex2007 ($3.68 in chips) 
Seat 8: TheWoman591 ($1.92 in chips) 
Seat 9: johnnick221 ($2.45 in chips) 
airdestiny: posts small blind $0.01
Dorex2007: posts big blind $0.02
*** HOLE CARDS ***
Dealt to Dorex2007 [6d Kh]
TheWoman591: calls $0.02
johnnick221: calls $0.02
FACCHETADE$: folds 
Ramkha: folds 
famedi: calls $0.02
Mechanic1995: raises $0.18 to $0.20
airdestiny: folds 
Dorex2007: folds 
TheWoman591: folds 
johnnick221: folds 
famedi: folds 
Uncalled bet ($0.18) returned to Mechanic1995
Mechanic1995 collected $0.11 from pot
Mechanic1995: doesn't show hand 
*** SUMMARY ***
Total pot $0.11 | Rake $0 
Seat 1: FACCHETADE$ folded before Flop (didn't bet)
Seat 2: Ramkha folded before Flop (didn't bet)
Seat 3: famedi folded before Flop
Seat 4: Mechanic1995 (button) collected ($0.11)
Seat 5: airdestiny (small blind) folded before Flop
Seat 7: Dorex2007 (big blind) folded before Flop
Seat 8: TheWoman591 folded before Flop
Seat 9: johnnick221 folded before Flop



PokerStars Hand #234247366564:  Hold'em No Limit ($0.01/$0.02 USD) - 2022/02/20 13:45:44 PT [2022/02/20 16:45:44 ET]
Table 'Raimonda V' 9-max Seat #5 is the button
Seat 1: FACCHETADE$ ($1.97 in chips) 
Seat 2: Ramkha ($2.53 in chips) 
Seat 3: famedi ($2.84 in chips) 
Seat 4: Mechanic1995 ($2.14 in chips) 
Seat 5: airdestiny ($2 in chips) 
Seat 7: Dorex2007 ($3.66 in chips) 
Seat 8: TheWoman591 ($1.90 in chips) 
Seat 9: johnnick221 ($2.43 in chips) 
Dorex2007: posts small blind $0.01
TheWoman591: posts big blind $0.02
*** HOLE CARDS ***
Dealt to Dorex2007 [5h 4d]
johnnick221: folds 
FACCHETADE$: folds 
Ramkha: folds 
famedi: folds 
Mechanic1995: folds 
airdestiny: raises $0.06 to $0.08
Dorex2007: folds 
TheWoman591: calls $0.06
*** FLOP *** [4s 9h Tc]
TheWoman591: checks 
airdestiny: bets $0.12
TheWoman591: calls $0.12
*** TURN *** [4s 9h Tc] [8s]
TheWoman591: checks 
airdestiny: checks 
*** RIVER *** [4s 9h Tc 8s] [Qs]
TheWoman591: bets $0.40
airdestiny: folds 
Uncalled bet ($0.40) returned to TheWoman591
TheWoman591 collected $0.40 from pot
TheWoman591: doesn't show hand 
*** SUMMARY ***
Total pot $0.41 | Rake $0.01 
Board [4s 9h Tc 8s Qs]
Seat 1: FACCHETADE$ folded before Flop (didn't bet)
Seat 2: Ramkha folded before Flop (didn't bet)
Seat 3: famedi folded before Flop (didn't bet)
Seat 4: Mechanic1995 folded before Flop (didn't bet)
Seat 5: airdestiny (button) folded on the River
Seat 7: Dorex2007 (small blind) folded before Flop
Seat 8: TheWoman591 (big blind) collected ($0.40)
Seat 9: johnnick221 folded before Flop (didn't bet)



PokerStars Hand #234247397074:  Hold'em No Limit ($0.01/$0.02 USD) - 2022/02/20 13:46:37 PT [2022/02/20 16:46:37 ET]
Table 'Raimonda V' 9-max Seat #7 is the button
Seat 1: FACCHETADE$ ($1.97 in chips) 
Seat 2: Ramkha ($2.53 in chips) 
Seat 3: famedi ($2.84 in chips) 
Seat 4: Mechanic1995 ($2.14 in chips) 
Seat 5: airdestiny ($2 in chips) 
Seat 6: POLLO ISRA75 ($3.69 in chips) 
Seat 7: Dorex2007 ($3.65 in chips) 
Seat 8: TheWoman591 ($2.10 in chips) 
Seat 9: johnnick221 ($2.43 in chips) 
TheWoman591: posts small blind $0.01
johnnick221: posts big blind $0.02
POLLO ISRA75: posts small & big blinds $0.03
*** HOLE CARDS ***
Dealt to Dorex2007 [9c 7s]
FACCHETADE$: folds 
Ramkha: folds 
famedi: folds 
Mechanic1995: folds 
airdestiny: folds 
POLLO ISRA75: checks 
Dorex2007: folds 
TheWoman591: calls $0.01
johnnick221: checks 
*** FLOP *** [Kh Ks 3c]
TheWoman591: checks 
johnnick221: checks 
POLLO ISRA75 has timed out
POLLO ISRA75: checks 
*** TURN *** [Kh Ks 3c] [8d]
TheWoman591: checks 
johnnick221: checks 
POLLO ISRA75: checks 
*** RIVER *** [Kh Ks 3c 8d] [8c]
TheWoman591: checks 
johnnick221: checks 
POLLO ISRA75: checks 
*** SHOW DOWN ***
TheWoman591: shows [Ad 7c] (two pair, Kings and Eights)
johnnick221: mucks hand 
POLLO ISRA75: shows [9d Ac] (two pair, Kings and Eights)
TheWoman591 collected $0.04 from pot
POLLO ISRA75 collected $0.03 from pot
*** SUMMARY ***
Total pot $0.07 | Rake $0 
Board [Kh Ks 3c 8d 8c]
Seat 1: FACCHETADE$ folded before Flop (didn't bet)
Seat 2: Ramkha folded before Flop (didn't bet)
Seat 3: famedi folded before Flop (didn't bet)
Seat 4: Mechanic1995 folded before Flop (didn't bet)
Seat 5: airdestiny folded before Flop (didn't bet)
Seat 6: POLLO ISRA75 showed [9d Ac] and won ($0.03) with two pair, Kings and Eights
Seat 7: Dorex2007 (button) folded before Flop (didn't bet)
Seat 8: TheWoman591 (small blind) showed [Ad 7c] and won ($0.04) with two pair, Kings and Eights
Seat 9: johnnick221 (big blind) mucked [Tc 5c]



