PokerStars Hand #237494801842:  Hold'em No Limit ($0.02/$0.05 USD) - 2022/07/21 9:31:51 PT [2022/07/21 12:31:51 ET]
Table 'Tethys' 9-max Seat #3 is the button
Seat 1: mumisber ($5.01 in chips) 
Seat 2: Schott o Mago ($6.53 in chips) 
Seat 3: 1tillit1 ($5.25 in chips) 
Seat 4: SpringsPike ($3.69 in chips) 
Seat 6: Dorex2007 ($5 in chips) 
Seat 7: Calam777 ($5.48 in chips) 
Seat 8: RybakhinV ($2.50 in chips) 
Seat 9: Swaz85 ($5.68 in chips) 
SpringsPike: posts small blind $0.02
KidBananan: is sitting out 
KidBananan leaves the table
Dorex2007: posts big blind $0.05
*** HOLE CARDS ***
Dealt to Dorex2007 [Qc 7h]
Calam777: folds 
RybakhinV: folds 
Swaz85: folds 
mumisber: folds 
Schott o Mago: calls $0.05
1tillit1: folds 
SpringsPike: folds 
Dorex2007: checks 
*** FLOP *** [Ac 6s Ad]
Dorex2007: checks 
Schott o Mago: bets $0.05
Dorex2007: folds 
Uncalled bet ($0.05) returned to Schott o Mago
Schott o Mago collected $0.12 from pot
*** SUMMARY ***
Total pot $0.12 | Rake $0 
Board [Ac 6s Ad]
Seat 1: mumisber folded before Flop (didn't bet)
Seat 2: Schott o Mago collected ($0.12)
Seat 3: 1tillit1 (button) folded before Flop (didn't bet)
Seat 4: SpringsPike (small blind) folded before Flop
Seat 6: Dorex2007 (big blind) folded on the Flop
Seat 7: Calam777 folded before Flop (didn't bet)
Seat 8: RybakhinV folded before Flop (didn't bet)
Seat 9: Swaz85 folded before Flop (didn't bet)



PokerStars Hand #237494811356:  Hold'em No Limit ($0.02/$0.05 USD) - 2022/07/21 9:32:21 PT [2022/07/21 12:32:21 ET]
Table 'Tethys' 9-max Seat #4 is the button
Seat 1: mumisber ($5.01 in chips) 
Seat 2: Schott o Mago ($6.60 in chips) 
Seat 3: 1tillit1 ($5.25 in chips) 
Seat 4: SpringsPike ($3.67 in chips) 
Seat 6: Dorex2007 ($5 in chips) 
Seat 7: Calam777 ($5.48 in chips) 
Seat 8: RybakhinV ($2.50 in chips) 
Seat 9: Swaz85 ($5.68 in chips) 
Dorex2007: posts small blind $0.02
Calam777: posts big blind $0.05
*** HOLE CARDS ***
Dealt to Dorex2007 [Th 2d]
RybakhinV: raises $0.05 to $0.10
Swaz85: folds 
mumisber: folds 
Schott o Mago: folds 
1tillit1: calls $0.10
SpringsPike: folds 
Dorex2007: folds 
FACCHETADE$ joins the table at seat #5 
Calam777: folds 
*** FLOP *** [4d 3h 5d]
RybakhinV: checks 
1tillit1: bets $0.17
RybakhinV: folds 
Uncalled bet ($0.17) returned to 1tillit1
1tillit1 collected $0.26 from pot
*** SUMMARY ***
Total pot $0.27 | Rake $0.01 
Board [4d 3h 5d]
Seat 1: mumisber folded before Flop (didn't bet)
Seat 2: Schott o Mago folded before Flop (didn't bet)
Seat 3: 1tillit1 collected ($0.26)
Seat 4: SpringsPike (button) folded before Flop (didn't bet)
Seat 6: Dorex2007 (small blind) folded before Flop
Seat 7: Calam777 (big blind) folded before Flop
Seat 8: RybakhinV folded on the Flop
Seat 9: Swaz85 folded before Flop (didn't bet)



PokerStars Hand #237494827131:  Hold'em No Limit ($0.02/$0.05 USD) - 2022/07/21 9:33:11 PT [2022/07/21 12:33:11 ET]
Table 'Tethys' 9-max Seat #6 is the button
Seat 1: mumisber ($5.01 in chips) 
Seat 2: Schott o Mago ($6.60 in chips) 
Seat 3: 1tillit1 ($5.41 in chips) 
Seat 4: SpringsPike ($3.67 in chips) 
Seat 5: FACCHETADE$ ($5 in chips) 
Seat 6: Dorex2007 ($5 in chips) 
Seat 7: Calam777 ($5.43 in chips) 
Seat 8: RybakhinV ($2.40 in chips) 
Seat 9: Swaz85 ($5.68 in chips) 
Calam777: posts small blind $0.02
RybakhinV: posts big blind $0.05
FACCHETADE$: posts big blind $0.05
*** HOLE CARDS ***
Dealt to Dorex2007 [6h 2d]
Swaz85: folds 
mumisber: folds 
Schott o Mago has timed out
Schott o Mago: folds 
1tillit1: raises $0.20 to $0.25
SpringsPike: folds 
FACCHETADE$: folds 
Dorex2007: folds 
Calam777: folds 
RybakhinV: calls $0.20
*** FLOP *** [Qs 5d Qc]
RybakhinV: checks 
1tillit1: checks 
*** TURN *** [Qs 5d Qc] [7c]
RybakhinV: bets $0.22
1tillit1: folds 
Uncalled bet ($0.22) returned to RybakhinV
RybakhinV collected $0.55 from pot
*** SUMMARY ***
Total pot $0.57 | Rake $0.02 
Board [Qs 5d Qc 7c]
Seat 1: mumisber folded before Flop (didn't bet)
Seat 2: Schott o Mago folded before Flop (didn't bet)
Seat 3: 1tillit1 folded on the Turn
Seat 4: SpringsPike folded before Flop (didn't bet)
Seat 5: FACCHETADE$ folded before Flop (didn't bet)
Seat 6: Dorex2007 (button) folded before Flop (didn't bet)
Seat 7: Calam777 (small blind) folded before Flop
Seat 8: RybakhinV (big blind) collected ($0.55)
Seat 9: Swaz85 folded before Flop (didn't bet)



PokerStars Hand #237494844017:  Hold'em No Limit ($0.02/$0.05 USD) - 2022/07/21 9:34:04 PT [2022/07/21 12:34:04 ET]
Table 'Tethys' 9-max Seat #7 is the button
Seat 1: mumisber ($5.01 in chips) 
Seat 2: Schott o Mago ($6.60 in chips) 
Seat 3: 1tillit1 ($5.16 in chips) 
Seat 4: SpringsPike ($3.67 in chips) 
Seat 5: FACCHETADE$ ($4.95 in chips) 
Seat 6: Dorex2007 ($5 in chips) 
Seat 7: Calam777 ($5.41 in chips) 
Seat 8: RybakhinV ($2.70 in chips) 
Seat 9: Swaz85 ($5.68 in chips) 
RybakhinV: posts small blind $0.02
Swaz85: posts big blind $0.05
*** HOLE CARDS ***
Dealt to Dorex2007 [6d 5c]
mumisber: folds 
Schott o Mago: calls $0.05
1tillit1: folds 
SpringsPike: folds 
FACCHETADE$: folds 
Dorex2007: folds 
Calam777: raises $0.05 to $0.10
RybakhinV: calls $0.08
Swaz85: calls $0.05
Schott o Mago: calls $0.05
*** FLOP *** [Qc 2s Qd]
RybakhinV: checks 
Swaz85: checks 
Schott o Mago: bets $0.05
Calam777: calls $0.05
RybakhinV: raises $0.25 to $0.30
Swaz85: folds 
Schott o Mago: folds 
Calam777: calls $0.25
*** TURN *** [Qc 2s Qd] [6c]
RybakhinV: bets $0.40
Calam777: calls $0.40
*** RIVER *** [Qc 2s Qd 6c] [4c]
RybakhinV: bets $0.43
Calam777: calls $0.43
*** SHOW DOWN ***
RybakhinV: shows [Tc Ts] (two pair, Queens and Tens)
Calam777: shows [Qh 5h] (three of a kind, Queens)
Calam777 collected $2.60 from pot
*** SUMMARY ***
Total pot $2.71 | Rake $0.11 
Board [Qc 2s Qd 6c 4c]
Seat 1: mumisber folded before Flop (didn't bet)
Seat 2: Schott o Mago folded on the Flop
Seat 3: 1tillit1 folded before Flop (didn't bet)
Seat 4: SpringsPike folded before Flop (didn't bet)
Seat 5: FACCHETADE$ folded before Flop (didn't bet)
Seat 6: Dorex2007 folded before Flop (didn't bet)
Seat 7: Calam777 (button) showed [Qh 5h] and won ($2.60) with three of a kind, Queens
Seat 8: RybakhinV (small blind) showed [Tc Ts] and lost with two pair, Queens and Tens
Seat 9: Swaz85 (big blind) folded on the Flop



PokerStars Hand #237494871503:  Hold'em No Limit ($0.02/$0.05 USD) - 2022/07/21 9:35:30 PT [2022/07/21 12:35:30 ET]
Table 'Tethys' 9-max Seat #8 is the button
Seat 1: mumisber ($5.01 in chips) 
Seat 2: Schott o Mago ($6.45 in chips) 
Seat 3: 1tillit1 ($5.16 in chips) 
Seat 4: SpringsPike ($3.67 in chips) 
Seat 5: FACCHETADE$ ($4.95 in chips) 
Seat 6: Dorex2007 ($5 in chips) 
Seat 7: Calam777 ($6.78 in chips) 
Seat 8: RybakhinV ($1.47 in chips) 
Seat 9: Swaz85 ($5.58 in chips) 
Swaz85: posts small blind $0.02
mumisber: posts big blind $0.05
*** HOLE CARDS ***
Dealt to Dorex2007 [7h Ts]
Schott o Mago: folds 
1tillit1: folds 
SpringsPike: folds 
FACCHETADE$: folds 
Dorex2007: folds 
Calam777: folds 
RybakhinV: folds 
RybakhinV leaves the table
Swaz85: folds 
Uncalled bet ($0.03) returned to mumisber
mumisber collected $0.04 from pot
*** SUMMARY ***
Total pot $0.04 | Rake $0 
Seat 1: mumisber (big blind) collected ($0.04)
Seat 2: Schott o Mago folded before Flop (didn't bet)
Seat 3: 1tillit1 folded before Flop (didn't bet)
Seat 4: SpringsPike folded before Flop (didn't bet)
Seat 5: FACCHETADE$ folded before Flop (didn't bet)
Seat 6: Dorex2007 folded before Flop (didn't bet)
Seat 7: Calam777 folded before Flop (didn't bet)
Seat 8: RybakhinV (button) folded before Flop (didn't bet)
Seat 9: Swaz85 (small blind) folded before Flop



PokerStars Hand #237494876834:  Hold'em No Limit ($0.02/$0.05 USD) - 2022/07/21 9:35:47 PT [2022/07/21 12:35:47 ET]
Table 'Tethys' 9-max Seat #9 is the button
Seat 1: mumisber ($5.03 in chips) 
Seat 2: Schott o Mago ($6.45 in chips) 
Seat 3: 1tillit1 ($5.16 in chips) 
Seat 4: SpringsPike ($3.67 in chips) 
Seat 5: FACCHETADE$ ($4.95 in chips) 
Seat 6: Dorex2007 ($5 in chips) 
Seat 7: Calam777 ($6.78 in chips) 
Seat 9: Swaz85 ($5.56 in chips) 
mumisber: posts small blind $0.02
Schott o Mago: posts big blind $0.05
*** HOLE CARDS ***
Dealt to Dorex2007 [Td 5c]
1tillit1: folds 
SpringsPike: folds 
FACCHETADE$: folds 
Dorex2007: folds 
Calam777: folds 
Swaz85: folds 
mumisber: folds 
Uncalled bet ($0.03) returned to Schott o Mago
Schott o Mago collected $0.04 from pot
*** SUMMARY ***
Total pot $0.04 | Rake $0 
Seat 1: mumisber (small blind) folded before Flop
Seat 2: Schott o Mago (big blind) collected ($0.04)
Seat 3: 1tillit1 folded before Flop (didn't bet)
Seat 4: SpringsPike folded before Flop (didn't bet)
Seat 5: FACCHETADE$ folded before Flop (didn't bet)
Seat 6: Dorex2007 folded before Flop (didn't bet)
Seat 7: Calam777 folded before Flop (didn't bet)
Seat 9: Swaz85 (button) folded before Flop (didn't bet)



PokerStars Hand #237494883751:  Hold'em No Limit ($0.02/$0.05 USD) - 2022/07/21 9:36:09 PT [2022/07/21 12:36:09 ET]
Table 'Tethys' 9-max Seat #1 is the button
Seat 1: mumisber ($5.01 in chips) 
Seat 2: Schott o Mago ($6.47 in chips) 
Seat 3: 1tillit1 ($5.16 in chips) 
Seat 4: SpringsPike ($3.67 in chips) 
Seat 5: FACCHETADE$ ($4.95 in chips) 
Seat 6: Dorex2007 ($5 in chips) 
Seat 7: Calam777 ($6.78 in chips) 
Seat 9: Swaz85 ($5.56 in chips) 
Schott o Mago: posts small blind $0.02
1tillit1: posts big blind $0.05
*** HOLE CARDS ***
Dealt to Dorex2007 [Jc Jd]
SpringsPike: folds 
FACCHETADE$: folds 
Dorex2007: raises $0.05 to $0.10
Calam777: folds 
Swaz85: folds 
mumisber: raises $0.05 to $0.15
Schott o Mago: calls $0.13
1tillit1: folds 
Dorex2007: raises $0.25 to $0.40
mumisber: calls $0.25
Schott o Mago: calls $0.25
*** FLOP *** [2h Js 6s]
Pokerinthepoon joins the table at seat #8 
Schott o Mago: bets $0.05
Dorex2007: calls $0.05
mumisber: calls $0.05
*** TURN *** [2h Js 6s] [3h]
Schott o Mago: bets $1.34
Dorex2007: raises $3.21 to $4.55 and is all-in
mumisber: folds 
Schott o Mago: calls $3.21
*** RIVER *** [2h Js 6s 3h] [Kc]
*** SHOW DOWN ***
Schott o Mago: shows [As Ah] (a pair of Aces)
Dorex2007: shows [Jc Jd] (three of a kind, Jacks)
Dorex2007 cashed out the hand for $9.50 | Cash Out Fee $0.10
*** SUMMARY ***
Total pot $10.50 | Rake $0.44 
Board [2h Js 6s 3h Kc]
Seat 1: mumisber (button) folded on the Turn
Seat 2: Schott o Mago (small blind) showed [As Ah] and lost with a pair of Aces
Seat 3: 1tillit1 (big blind) folded before Flop
Seat 4: SpringsPike folded before Flop (didn't bet)
Seat 5: FACCHETADE$ folded before Flop (didn't bet)
Seat 6: Dorex2007 showed [Jc Jd] and won ($10.06) with three of a kind, Jacks (pot not awarded as player cashed out)
Seat 7: Calam777 folded before Flop (didn't bet)
Seat 9: Swaz85 folded before Flop (didn't bet)



PokerStars Hand #237494915766:  Hold'em No Limit ($0.02/$0.05 USD) - 2022/07/21 9:37:46 PT [2022/07/21 12:37:46 ET]
Table 'Tethys' 9-max Seat #2 is the button
Seat 1: mumisber ($4.56 in chips) 
Seat 2: Schott o Mago ($1.47 in chips) 
Seat 3: 1tillit1 ($5.11 in chips) 
Seat 4: SpringsPike ($3.67 in chips) 
Seat 5: FACCHETADE$ ($4.95 in chips) 
Seat 6: Dorex2007 ($9.50 in chips) 
Seat 7: Calam777 ($6.78 in chips) 
Seat 8: Pokerinthepoon ($5 in chips) 
Seat 9: Swaz85 ($5.56 in chips) 
1tillit1: posts small blind $0.02
SpringsPike: posts big blind $0.05
Pokerinthepoon: posts big blind $0.05
*** HOLE CARDS ***
Dealt to Dorex2007 [9h 9c]
FACCHETADE$: raises $0.05 to $0.10
Dorex2007: calls $0.10
Calam777: folds 
Pokerinthepoon: calls $0.05
Swaz85: folds 
mumisber: folds 
Schott o Mago: folds 
Schott o Mago leaves the table
1tillit1: folds 
SpringsPike: folds 
*** FLOP *** [3s 5s 8s]
FACCHETADE$: checks 
Poker DanielTas joins the table at seat #2 
Dorex2007: checks 
Pokerinthepoon: bets $0.05
FACCHETADE$: calls $0.05
Dorex2007: calls $0.05
*** TURN *** [3s 5s 8s] [Kd]
FACCHETADE$: checks 
Dorex2007: checks 
Pokerinthepoon: bets $0.05
FACCHETADE$: folds 
Dorex2007: folds 
Uncalled bet ($0.05) returned to Pokerinthepoon
Pokerinthepoon collected $0.50 from pot
*** SUMMARY ***
Total pot $0.52 | Rake $0.02 
Board [3s 5s 8s Kd]
Seat 1: mumisber folded before Flop (didn't bet)
Seat 2: Schott o Mago (button) folded before Flop (didn't bet)
Seat 3: 1tillit1 (small blind) folded before Flop
Seat 4: SpringsPike (big blind) folded before Flop
Seat 5: FACCHETADE$ folded on the Turn
Seat 6: Dorex2007 folded on the Turn
Seat 7: Calam777 folded before Flop (didn't bet)
Seat 8: Pokerinthepoon collected ($0.50)
Seat 9: Swaz85 folded before Flop (didn't bet)



PokerStars Hand #237494930305:  Hold'em No Limit ($0.02/$0.05 USD) - 2022/07/21 9:38:30 PT [2022/07/21 12:38:30 ET]
Table 'Tethys' 9-max Seat #3 is the button
Seat 1: mumisber ($4.56 in chips) 
Seat 3: 1tillit1 ($5.09 in chips) 
Seat 4: SpringsPike ($3.62 in chips) 
Seat 6: Dorex2007 ($9.35 in chips) 
Seat 7: Calam777 ($6.78 in chips) 
Seat 8: Pokerinthepoon ($5.35 in chips) 
Seat 9: Swaz85 ($5.56 in chips) 
SpringsPike: posts small blind $0.02
FACCHETADE$: is sitting out 
Dorex2007: posts big blind $0.05
Poker DanielTas: sits out 
*** HOLE CARDS ***
Dealt to Dorex2007 [Qh 5h]
Calam777: folds 
Pokerinthepoon: calls $0.05
Swaz85: raises $0.15 to $0.20
mumisber: folds 
1tillit1: folds 
SpringsPike: folds 
Dorex2007: folds 
FACCHETADE$ leaves the table
Pokerinthepoon: calls $0.15
*** FLOP *** [Kc 7h 3h]
Pokerinthepoon: bets $0.05
Swaz85: raises $0.29 to $0.34
Pokerinthepoon: calls $0.29
*** TURN *** [Kc 7h 3h] [2s]
Pokerinthepoon: bets $0.10
Swaz85: raises $0.72 to $0.82
Pokerinthepoon: folds 
Uncalled bet ($0.72) returned to Swaz85
Swaz85 collected $1.27 from pot
*** SUMMARY ***
Total pot $1.35 | Rake $0.08 
Board [Kc 7h 3h 2s]
Seat 1: mumisber folded before Flop (didn't bet)
Seat 3: 1tillit1 (button) folded before Flop (didn't bet)
Seat 4: SpringsPike (small blind) folded before Flop
Seat 6: Dorex2007 (big blind) folded before Flop
Seat 7: Calam777 folded before Flop (didn't bet)
Seat 8: Pokerinthepoon folded on the Turn
Seat 9: Swaz85 collected ($1.27)



PokerStars Hand #237494946826:  Hold'em No Limit ($0.02/$0.05 USD) - 2022/07/21 9:39:20 PT [2022/07/21 12:39:20 ET]
Table 'Tethys' 9-max Seat #4 is the button
Seat 1: mumisber ($4.56 in chips) 
Seat 3: 1tillit1 ($5.09 in chips) 
Seat 4: SpringsPike ($3.60 in chips) 
Seat 6: Dorex2007 ($9.30 in chips) 
Seat 7: Calam777 ($6.78 in chips) 
Seat 8: Pokerinthepoon ($4.71 in chips) 
Seat 9: Swaz85 ($6.19 in chips) 
Dorex2007: posts small blind $0.02
Calam777: posts big blind $0.05
Poker DanielTas: sits out 
*** HOLE CARDS ***
Dealt to Dorex2007 [3d 2h]
Pokerinthepoon: raises $0.05 to $0.10
Swaz85: folds 
mumisber: folds 
1tillit1: folds 
SpringsPike: calls $0.10
Dorex2007: folds 
Calam777: calls $0.05
*** FLOP *** [5d Td 7h]
Calam777: checks 
Pokerinthepoon: bets $0.05
SpringsPike: calls $0.05
Calam777: calls $0.05
*** TURN *** [5d Td 7h] [6c]
Calam777: checks 
Pokerinthepoon: bets $0.05
SpringsPike: folds 
Calam777: calls $0.05
*** RIVER *** [5d Td 7h 6c] [Qd]
Calam777: checks 
Pokerinthepoon: bets $0.20
Calam777: folds 
Uncalled bet ($0.20) returned to Pokerinthepoon
Pokerinthepoon collected $0.55 from pot
*** SUMMARY ***
Total pot $0.57 | Rake $0.02 
Board [5d Td 7h 6c Qd]
Seat 1: mumisber folded before Flop (didn't bet)
Seat 3: 1tillit1 folded before Flop (didn't bet)
Seat 4: SpringsPike (button) folded on the Turn
Seat 6: Dorex2007 (small blind) folded before Flop
Seat 7: Calam777 (big blind) folded on the River
Seat 8: Pokerinthepoon collected ($0.55)
Seat 9: Swaz85 folded before Flop (didn't bet)



PokerStars Hand #237494959770:  Hold'em No Limit ($0.02/$0.05 USD) - 2022/07/21 9:40:00 PT [2022/07/21 12:40:00 ET]
Table 'Tethys' 9-max Seat #6 is the button
Seat 1: mumisber ($4.56 in chips) 
Seat 2: Poker DanielTas ($5 in chips) 
Seat 3: 1tillit1 ($5.09 in chips) 
Seat 4: SpringsPike ($3.45 in chips) 
Seat 6: Dorex2007 ($9.28 in chips) 
Seat 7: Calam777 ($6.58 in chips) 
Seat 8: Pokerinthepoon ($5.06 in chips) 
Seat 9: Swaz85 ($6.19 in chips) 
Calam777: posts small blind $0.02
Pokerinthepoon: posts big blind $0.05
Poker DanielTas: posts big blind $0.05
*** HOLE CARDS ***
Dealt to Dorex2007 [Ts 2c]
MD.W00D joins the table at seat #5 
Swaz85: folds 
mumisber: raises $0.05 to $0.10
Poker DanielTas: calls $0.05
1tillit1: folds 
SpringsPike: folds 
Dorex2007: folds 
Calam777: calls $0.08
Pokerinthepoon: calls $0.05
*** FLOP *** [As 6d 9d]
Calam777: checks 
Pokerinthepoon: bets $0.05
mumisber: calls $0.05
Poker DanielTas: raises $0.27 to $0.32
Calam777: folds 
Pokerinthepoon: raises $0.27 to $0.59
mumisber: folds 
Poker DanielTas: calls $0.27
*** TURN *** [As 6d 9d] [4d]
Pokerinthepoon: bets $0.30
Poker DanielTas: calls $0.30
*** RIVER *** [As 6d 9d 4d] [2h]
Pokerinthepoon: bets $0.50
Poker DanielTas: calls $0.50
*** SHOW DOWN ***
Pokerinthepoon: shows [Kc Kh] (a pair of Kings)
Poker DanielTas: shows [5c Ah] (a pair of Aces)
Poker DanielTas collected $3.10 from pot
*** SUMMARY ***
Total pot $3.23 | Rake $0.13 
Board [As 6d 9d 4d 2h]
Seat 1: mumisber folded on the Flop
Seat 2: Poker DanielTas showed [5c Ah] and won ($3.10) with a pair of Aces
Seat 3: 1tillit1 folded before Flop (didn't bet)
Seat 4: SpringsPike folded before Flop (didn't bet)
Seat 6: Dorex2007 (button) folded before Flop (didn't bet)
Seat 7: Calam777 (small blind) folded on the Flop
Seat 8: Pokerinthepoon (big blind) showed [Kc Kh] and lost with a pair of Kings
Seat 9: Swaz85 folded before Flop (didn't bet)



PokerStars Hand #237494986023:  Hold'em No Limit ($0.02/$0.05 USD) - 2022/07/21 9:41:19 PT [2022/07/21 12:41:19 ET]
Table 'Tethys' 9-max Seat #7 is the button
Seat 1: mumisber ($4.41 in chips) 
Seat 2: Poker DanielTas ($6.61 in chips) 
Seat 3: 1tillit1 ($5.09 in chips) 
Seat 4: SpringsPike ($3.45 in chips) 
Seat 6: Dorex2007 ($9.28 in chips) 
Seat 7: Calam777 ($6.48 in chips) 
Seat 8: Pokerinthepoon ($3.57 in chips) 
Seat 9: Swaz85 ($6.19 in chips) 
Pokerinthepoon: posts small blind $0.02
Swaz85: posts big blind $0.05
MD.W00D: sits out 
*** HOLE CARDS ***
Dealt to Dorex2007 [As 8d]
mumisber: folds 
Poker DanielTas: folds 
1tillit1: folds 
SpringsPike: calls $0.05
Dorex2007: folds 
Calam777: calls $0.05
Pokerinthepoon: calls $0.03
Swaz85: checks 
*** FLOP *** [Kd Ts 6c]
Pokerinthepoon: bets $0.05
Swaz85: folds 
SpringsPike: folds 
Calam777: calls $0.05
*** TURN *** [Kd Ts 6c] [Td]
Pokerinthepoon: bets $0.05
Calam777: calls $0.05
*** RIVER *** [Kd Ts 6c Td] [2c]
Pokerinthepoon: bets $0.10
Calam777: raises $0.58 to $0.68
Pokerinthepoon: folds 
Uncalled bet ($0.58) returned to Calam777
Calam777 collected $0.58 from pot
*** SUMMARY ***
Total pot $0.60 | Rake $0.02 
Board [Kd Ts 6c Td 2c]
Seat 1: mumisber folded before Flop (didn't bet)
Seat 2: Poker DanielTas folded before Flop (didn't bet)
Seat 3: 1tillit1 folded before Flop (didn't bet)
Seat 4: SpringsPike folded on the Flop
Seat 6: Dorex2007 folded before Flop (didn't bet)
Seat 7: Calam777 (button) collected ($0.58)
Seat 8: Pokerinthepoon (small blind) folded on the River
Seat 9: Swaz85 (big blind) folded on the Flop



PokerStars Hand #237494998056:  Hold'em No Limit ($0.02/$0.05 USD) - 2022/07/21 9:41:56 PT [2022/07/21 12:41:56 ET]
Table 'Tethys' 9-max Seat #8 is the button
Seat 1: mumisber ($4.41 in chips) 
Seat 2: Poker DanielTas ($6.61 in chips) 
Seat 3: 1tillit1 ($5.09 in chips) 
Seat 4: SpringsPike ($3.40 in chips) 
Seat 6: Dorex2007 ($9.28 in chips) 
Seat 7: Calam777 ($6.81 in chips) 
Seat 8: Pokerinthepoon ($3.32 in chips) 
Seat 9: Swaz85 ($6.14 in chips) 
Swaz85: posts small blind $0.02
mumisber: posts big blind $0.05
MD.W00D: sits out 
*** HOLE CARDS ***
Dealt to Dorex2007 [7h 4c]
Poker DanielTas: calls $0.05
1tillit1: folds 
SpringsPike: folds 
Dorex2007: folds 
Calam777: folds 
Pokerinthepoon: calls $0.05
Swaz85: calls $0.03
mumisber: checks 
*** FLOP *** [2h 8d 6c]
Swaz85: checks 
mumisber: checks 
Poker DanielTas: checks 
Pokerinthepoon: bets $0.05
Swaz85: calls $0.05
mumisber: folds 
Poker DanielTas: folds 
*** TURN *** [2h 8d 6c] [2d]
Swaz85: checks 
Pokerinthepoon: bets $0.10
Swaz85: calls $0.10
*** RIVER *** [2h 8d 6c 2d] [3c]
Swaz85: checks 
Pokerinthepoon: checks 
*** SHOW DOWN ***
Swaz85: shows [8h 9d] (two pair, Eights and Deuces)
Pokerinthepoon: mucks hand 
Swaz85 collected $0.48 from pot
*** SUMMARY ***
Total pot $0.50 | Rake $0.02 
Board [2h 8d 6c 2d 3c]
Seat 1: mumisber (big blind) folded on the Flop
Seat 2: Poker DanielTas folded on the Flop
Seat 3: 1tillit1 folded before Flop (didn't bet)
Seat 4: SpringsPike folded before Flop (didn't bet)
Seat 6: Dorex2007 folded before Flop (didn't bet)
Seat 7: Calam777 folded before Flop (didn't bet)
Seat 8: Pokerinthepoon (button) mucked [Qh 5s]
Seat 9: Swaz85 (small blind) showed [8h 9d] and won ($0.48) with two pair, Eights and Deuces



PokerStars Hand #237495020843:  Hold'em No Limit ($0.02/$0.05 USD) - 2022/07/21 9:42:51 PT [2022/07/21 12:42:51 ET]
Table 'Tethys' 9-max Seat #9 is the button
Seat 1: mumisber ($4.36 in chips) 
Seat 2: Poker DanielTas ($6.56 in chips) 
Seat 3: 1tillit1 ($5.09 in chips) 
Seat 4: SpringsPike ($3.40 in chips) 
Seat 6: Dorex2007 ($9.28 in chips) 
Seat 7: Calam777 ($6.81 in chips) 
Seat 8: Pokerinthepoon ($3.12 in chips) 
Seat 9: Swaz85 ($6.42 in chips) 
mumisber: posts small blind $0.02
Poker DanielTas: posts big blind $0.05
MD.W00D: sits out 
*** HOLE CARDS ***
Dealt to Dorex2007 [7c 9d]
1tillit1: folds 
SpringsPike: folds 
Dorex2007: folds 
Calam777: folds 
Pokerinthepoon: raises $0.05 to $0.10
Swaz85: folds 
mumisber: folds 
Poker DanielTas: folds 
Uncalled bet ($0.05) returned to Pokerinthepoon
Pokerinthepoon collected $0.12 from pot
*** SUMMARY ***
Total pot $0.12 | Rake $0 
Seat 1: mumisber (small blind) folded before Flop
Seat 2: Poker DanielTas (big blind) folded before Flop
Seat 3: 1tillit1 folded before Flop (didn't bet)
Seat 4: SpringsPike folded before Flop (didn't bet)
Seat 6: Dorex2007 folded before Flop (didn't bet)
Seat 7: Calam777 folded before Flop (didn't bet)
Seat 8: Pokerinthepoon collected ($0.12)
Seat 9: Swaz85 (button) folded before Flop (didn't bet)



PokerStars Hand #237495031229:  Hold'em No Limit ($0.02/$0.05 USD) - 2022/07/21 9:43:12 PT [2022/07/21 12:43:12 ET]
Table 'Tethys' 9-max Seat #1 is the button
Seat 1: mumisber ($4.34 in chips) 
Seat 2: Poker DanielTas ($6.51 in chips) 
Seat 3: 1tillit1 ($5.09 in chips) 
Seat 4: SpringsPike ($3.40 in chips) 
Seat 6: Dorex2007 ($9.28 in chips) 
Seat 7: Calam777 ($6.81 in chips) 
Seat 8: Pokerinthepoon ($3.19 in chips) 
Seat 9: Swaz85 ($6.42 in chips) 
Poker DanielTas: posts small blind $0.02
1tillit1: posts big blind $0.05
MD.W00D: sits out 
*** HOLE CARDS ***
Dealt to Dorex2007 [Tc 5c]
SpringsPike: raises $0.10 to $0.15
Dorex2007: folds 
Calam777: calls $0.15
Pokerinthepoon: calls $0.15
Swaz85: folds 
mumisber: folds 
Poker DanielTas: folds 
1tillit1: folds 
*** FLOP *** [Qd 7s 2h]
SpringsPike: checks 
Calam777: bets $0.50
Pokerinthepoon: calls $0.50
SpringsPike: folds 
*** TURN *** [Qd 7s 2h] [7h]
Calam777: bets $0.73
Pokerinthepoon: folds 
Uncalled bet ($0.73) returned to Calam777
Calam777 collected $1.46 from pot
*** SUMMARY ***
Total pot $1.52 | Rake $0.06 
Board [Qd 7s 2h 7h]
Seat 1: mumisber (button) folded before Flop (didn't bet)
Seat 2: Poker DanielTas (small blind) folded before Flop
Seat 3: 1tillit1 (big blind) folded before Flop
Seat 4: SpringsPike folded on the Flop
Seat 6: Dorex2007 folded before Flop (didn't bet)
Seat 7: Calam777 collected ($1.46)
Seat 8: Pokerinthepoon folded on the Turn
Seat 9: Swaz85 folded before Flop (didn't bet)



PokerStars Hand #237495043014:  Hold'em No Limit ($0.02/$0.05 USD) - 2022/07/21 9:43:49 PT [2022/07/21 12:43:49 ET]
Table 'Tethys' 9-max Seat #2 is the button
Seat 1: mumisber ($4.34 in chips) 
Seat 2: Poker DanielTas ($6.49 in chips) 
Seat 3: 1tillit1 ($5.04 in chips) 
Seat 4: SpringsPike ($3.25 in chips) 
Seat 6: Dorex2007 ($9.28 in chips) 
Seat 7: Calam777 ($7.62 in chips) 
Seat 8: Pokerinthepoon ($2.54 in chips) 
Seat 9: Swaz85 ($6.42 in chips) 
1tillit1: posts small blind $0.02
SpringsPike: posts big blind $0.05
MD.W00D: sits out 
*** HOLE CARDS ***
Dealt to Dorex2007 [Ks 2h]
Dorex2007: folds 
Calam777: calls $0.05
Pokerinthepoon: raises $0.05 to $0.10
Swaz85: calls $0.10
mumisber: raises $0.10 to $0.20
Poker DanielTas: folds 
1tillit1: folds 
SpringsPike: folds 
Calam777: folds 
Pokerinthepoon: calls $0.10
Swaz85: calls $0.10
*** FLOP *** [Qh 7c 9h]
Pokerinthepoon: bets $0.05
Swaz85: calls $0.05
mumisber: folds 
*** TURN *** [Qh 7c 9h] [Kh]
Pokerinthepoon: bets $0.05
Swaz85: calls $0.05
*** RIVER *** [Qh 7c 9h Kh] [3s]
Pokerinthepoon: bets $0.50
MD.W00D leaves the table
Swaz85: calls $0.50
*** SHOW DOWN ***
Pokerinthepoon: shows [Qs 3h] (two pair, Queens and Threes)
Swaz85: mucks hand 
Pokerinthepoon collected $1.84 from pot
*** SUMMARY ***
Total pot $1.92 | Rake $0.08 
Board [Qh 7c 9h Kh 3s]
Seat 1: mumisber folded on the Flop
Seat 2: Poker DanielTas (button) folded before Flop (didn't bet)
Seat 3: 1tillit1 (small blind) folded before Flop
Seat 4: SpringsPike (big blind) folded before Flop
Seat 6: Dorex2007 folded before Flop (didn't bet)
Seat 7: Calam777 folded before Flop
Seat 8: Pokerinthepoon showed [Qs 3h] and won ($1.84) with two pair, Queens and Threes
Seat 9: Swaz85 mucked [4d 4c]



PokerStars Hand #237495066701:  Hold'em No Limit ($0.02/$0.05 USD) - 2022/07/21 9:45:03 PT [2022/07/21 12:45:03 ET]
Table 'Tethys' 9-max Seat #3 is the button
Seat 1: mumisber ($4.14 in chips) 
Seat 2: Poker DanielTas ($6.49 in chips) 
Seat 3: 1tillit1 ($5.02 in chips) 
Seat 4: SpringsPike ($3.20 in chips) 
Seat 6: Dorex2007 ($9.28 in chips) 
Seat 7: Calam777 ($7.57 in chips) 
Seat 8: Pokerinthepoon ($3.58 in chips) 
Seat 9: Swaz85 ($5.62 in chips) 
SpringsPike: posts small blind $0.02
Dorex2007: posts big blind $0.05
*** HOLE CARDS ***
Dealt to Dorex2007 [4h 8s]
Calam777: folds 
Pokerinthepoon: raises $0.05 to $0.10
Swaz85: calls $0.10
mumisber: folds 
Poker DanielTas: folds 
1tillit1: folds 
SpringsPike: folds 
Poker DanielTas leaves the table
Dorex2007: folds 
*** FLOP *** [7h 4c Ac]
Pokerinthepoon: bets $0.05
DEdPo0L joins the table at seat #5 
Swaz85: calls $0.05
*** TURN *** [7h 4c Ac] [9d]
Pokerinthepoon: bets $0.10
Swaz85: calls $0.10
*** RIVER *** [7h 4c Ac 9d] [Kd]
Pokerinthepoon: bets $0.25
Swaz85: calls $0.25
*** SHOW DOWN ***
Pokerinthepoon: shows [Ah 7d] (two pair, Aces and Sevens)
Swaz85: mucks hand 
Pokerinthepoon collected $1.03 from pot
*** SUMMARY ***
Total pot $1.07 | Rake $0.04 
Board [7h 4c Ac 9d Kd]
Seat 1: mumisber folded before Flop (didn't bet)
Seat 2: Poker DanielTas folded before Flop (didn't bet)
Seat 3: 1tillit1 (button) folded before Flop (didn't bet)
Seat 4: SpringsPike (small blind) folded before Flop
Seat 6: Dorex2007 (big blind) folded before Flop
Seat 7: Calam777 folded before Flop (didn't bet)
Seat 8: Pokerinthepoon showed [Ah 7d] and won ($1.03) with two pair, Aces and Sevens
Seat 9: Swaz85 mucked [Kh Qc]



PokerStars Hand #237495080950:  Hold'em No Limit ($0.02/$0.05 USD) - 2022/07/21 9:45:38 PT [2022/07/21 12:45:38 ET]
Table 'Tethys' 9-max Seat #4 is the button
Seat 1: mumisber ($4.14 in chips) 
Seat 3: 1tillit1 ($5.02 in chips) 
Seat 4: SpringsPike ($3.18 in chips) 
Seat 6: Dorex2007 ($9.23 in chips) 
Seat 7: Calam777 ($7.57 in chips) 
Seat 8: Pokerinthepoon ($4.11 in chips) 
Seat 9: Swaz85 ($5.12 in chips) 
Dorex2007: posts small blind $0.02
Calam777: posts big blind $0.05
*** HOLE CARDS ***
Dealt to Dorex2007 [6s 5h]
Pokerinthepoon: calls $0.05
Swaz85: calls $0.05
mumisber: folds 
1tillit1: calls $0.05
twk7 joins the table at seat #2 
SpringsPike: raises $0.40 to $0.45
Dorex2007: folds 
Calam777: folds 
Pokerinthepoon: calls $0.40
Swaz85: folds 
1tillit1: folds 
*** FLOP *** [6d Qd Jd]
Pokerinthepoon: bets $0.10
SpringsPike: raises $0.10 to $0.20
Pokerinthepoon: calls $0.10
*** TURN *** [6d Qd Jd] [9s]
Pokerinthepoon: bets $0.40
SpringsPike: calls $0.40
*** RIVER *** [6d Qd Jd 9s] [4s]
Pokerinthepoon: bets $1
SpringsPike: calls $1
*** SHOW DOWN ***
Pokerinthepoon: shows [8s 7h] (high card Queen)
SpringsPike: shows [Ks Kd] (a pair of Kings)
SpringsPike collected $4.05 from pot
*** SUMMARY ***
Total pot $4.27 | Rake $0.22 
Board [6d Qd Jd 9s 4s]
Seat 1: mumisber folded before Flop (didn't bet)
Seat 3: 1tillit1 folded before Flop
Seat 4: SpringsPike (button) showed [Ks Kd] and won ($4.05) with a pair of Kings
Seat 6: Dorex2007 (small blind) folded before Flop
Seat 7: Calam777 (big blind) folded before Flop
Seat 8: Pokerinthepoon showed [8s 7h] and lost with high card Queen
Seat 9: Swaz85 folded before Flop



PokerStars Hand #237495101986:  Hold'em No Limit ($0.02/$0.05 USD) - 2022/07/21 9:46:43 PT [2022/07/21 12:46:43 ET]
Table 'Tethys' 9-max Seat #6 is the button
Seat 1: mumisber ($4.14 in chips) 
Seat 3: 1tillit1 ($5 in chips) 
Seat 4: SpringsPike ($5.18 in chips) 
Seat 5: DEdPo0L ($5 in chips) 
Seat 6: Dorex2007 ($9.21 in chips) 
Seat 7: Calam777 ($7.52 in chips) 
Seat 8: Pokerinthepoon ($2.06 in chips) 
Seat 9: Swaz85 ($5.07 in chips) 
Calam777: posts small blind $0.02
Pokerinthepoon: posts big blind $0.05
twk7: sits out 
DEdPo0L: posts big blind $0.05
*** HOLE CARDS ***
Dealt to Dorex2007 [Ah 3d]
Swaz85: folds 
mumisber: folds 
1tillit1: folds 
SpringsPike: folds 
DEdPo0L: checks 
Dorex2007: folds 
Calam777: folds 
Pokerinthepoon: raises $0.05 to $0.10
DEdPo0L: calls $0.05
*** FLOP *** [9s 4s Jh]
Pokerinthepoon: bets $0.05
DEdPo0L: calls $0.05
*** TURN *** [9s 4s Jh] [6h]
Pokerinthepoon: bets $0.10
DEdPo0L: raises $0.40 to $0.50
Pokerinthepoon: raises $0.40 to $0.90
DEdPo0L: raises $3.95 to $4.85 and is all-in
Pokerinthepoon: calls $1.01 and is all-in
Uncalled bet ($2.94) returned to DEdPo0L
*** RIVER *** [9s 4s Jh 6h] [6c]
*** SHOW DOWN ***
Pokerinthepoon: shows [Jc 5h] (two pair, Jacks and Sixes)
DEdPo0L: shows [Th 8h] (a pair of Sixes)
Pokerinthepoon collected $3.97 from pot
*** SUMMARY ***
Total pot $4.14 | Rake $0.17 
Board [9s 4s Jh 6h 6c]
Seat 1: mumisber folded before Flop (didn't bet)
Seat 3: 1tillit1 folded before Flop (didn't bet)
Seat 4: SpringsPike folded before Flop (didn't bet)
Seat 5: DEdPo0L showed [Th 8h] and lost with a pair of Sixes
Seat 6: Dorex2007 (button) folded before Flop (didn't bet)
Seat 7: Calam777 (small blind) folded before Flop
Seat 8: Pokerinthepoon (big blind) showed [Jc 5h] and won ($3.97) with two pair, Jacks and Sixes
Seat 9: Swaz85 folded before Flop (didn't bet)



PokerStars Hand #237495114746:  Hold'em No Limit ($0.02/$0.05 USD) - 2022/07/21 9:47:23 PT [2022/07/21 12:47:23 ET]
Table 'Tethys' 9-max Seat #7 is the button
Seat 1: mumisber ($4.14 in chips) 
Seat 3: 1tillit1 ($5 in chips) 
Seat 4: SpringsPike ($5.18 in chips) 
Seat 5: DEdPo0L ($5 in chips) 
Seat 6: Dorex2007 ($9.21 in chips) 
Seat 7: Calam777 ($7.50 in chips) 
Seat 8: Pokerinthepoon ($3.97 in chips) 
Seat 9: Swaz85 ($5.07 in chips) 
Pokerinthepoon: posts small blind $0.02
Swaz85: posts big blind $0.05
twk7: sits out 
*** HOLE CARDS ***
Dealt to Dorex2007 [Kd 2h]
mumisber: folds 
1tillit1: folds 
SpringsPike: folds 
DEdPo0L: folds 
Dorex2007: folds 
Calam777: raises $0.05 to $0.10
Pokerinthepoon: calls $0.08
Swaz85: calls $0.05
*** FLOP *** [8d Ks 5c]
Pokerinthepoon: bets $0.05
Swaz85: calls $0.05
Calam777: calls $0.05
*** TURN *** [8d Ks 5c] [Th]
Pokerinthepoon: bets $0.10
Swaz85: calls $0.10
Calam777: calls $0.10
*** RIVER *** [8d Ks 5c Th] [Qs]
Pokerinthepoon: bets $0.70
Swaz85: folds 
Calam777: folds 
Uncalled bet ($0.70) returned to Pokerinthepoon
Pokerinthepoon collected $0.72 from pot
*** SUMMARY ***
Total pot $0.75 | Rake $0.03 
Board [8d Ks 5c Th Qs]
Seat 1: mumisber folded before Flop (didn't bet)
Seat 3: 1tillit1 folded before Flop (didn't bet)
Seat 4: SpringsPike folded before Flop (didn't bet)
Seat 5: DEdPo0L folded before Flop (didn't bet)
Seat 6: Dorex2007 folded before Flop (didn't bet)
Seat 7: Calam777 (button) folded on the River
Seat 8: Pokerinthepoon (small blind) collected ($0.72)
Seat 9: Swaz85 (big blind) folded on the River



PokerStars Hand #237495132000:  Hold'em No Limit ($0.02/$0.05 USD) - 2022/07/21 9:48:17 PT [2022/07/21 12:48:17 ET]
Table 'Tethys' 9-max Seat #8 is the button
Seat 1: mumisber ($4.14 in chips) 
Seat 3: 1tillit1 ($5 in chips) 
Seat 4: SpringsPike ($5.18 in chips) 
Seat 5: DEdPo0L ($5 in chips) 
Seat 6: Dorex2007 ($9.21 in chips) 
Seat 7: Calam777 ($7.25 in chips) 
Seat 8: Pokerinthepoon ($4.44 in chips) 
Seat 9: Swaz85 ($4.82 in chips) 
Swaz85: posts small blind $0.02
mumisber: posts big blind $0.05
twk7: sits out 
*** HOLE CARDS ***
Dealt to Dorex2007 [Ah Td]
1tillit1: folds 
SpringsPike: folds 
DEdPo0L: folds 
Dorex2007: calls $0.05
Calam777: folds 
Pokerinthepoon: raises $0.05 to $0.10
Swaz85: folds 
mumisber: folds 
Dorex2007: calls $0.05
*** FLOP *** [7c Ks 7d]
Dorex2007: checks 
Pokerinthepoon: bets $0.10
Dorex2007: folds 
Uncalled bet ($0.10) returned to Pokerinthepoon
Pokerinthepoon collected $0.26 from pot
*** SUMMARY ***
Total pot $0.27 | Rake $0.01 
Board [7c Ks 7d]
Seat 1: mumisber (big blind) folded before Flop
Seat 3: 1tillit1 folded before Flop (didn't bet)
Seat 4: SpringsPike folded before Flop (didn't bet)
Seat 5: DEdPo0L folded before Flop (didn't bet)
Seat 6: Dorex2007 folded on the Flop
Seat 7: Calam777 folded before Flop (didn't bet)
Seat 8: Pokerinthepoon (button) collected ($0.26)
Seat 9: Swaz85 (small blind) folded before Flop



PokerStars Hand #237495143801:  Hold'em No Limit ($0.02/$0.05 USD) - 2022/07/21 9:48:54 PT [2022/07/21 12:48:54 ET]
Table 'Tethys' 9-max Seat #9 is the button
Seat 1: mumisber ($4.09 in chips) 
Seat 2: twk7 ($5 in chips) 
Seat 3: 1tillit1 ($5 in chips) 
Seat 4: SpringsPike ($5.18 in chips) 
Seat 5: DEdPo0L ($5 in chips) 
Seat 6: Dorex2007 ($9.11 in chips) 
Seat 7: Calam777 ($7.25 in chips) 
Seat 8: Pokerinthepoon ($4.60 in chips) 
Seat 9: Swaz85 ($4.80 in chips) 
mumisber: posts small blind $0.02
twk7: posts big blind $0.05
*** HOLE CARDS ***
Dealt to Dorex2007 [2h Qc]
1tillit1: folds 
SpringsPike: folds 
DEdPo0L: folds 
Dorex2007: folds 
Calam777: folds 
Pokerinthepoon: raises $0.05 to $0.10
Swaz85: folds 
mumisber: folds 
twk7: folds 
Uncalled bet ($0.05) returned to Pokerinthepoon
Pokerinthepoon collected $0.12 from pot
*** SUMMARY ***
Total pot $0.12 | Rake $0 
Seat 1: mumisber (small blind) folded before Flop
Seat 2: twk7 (big blind) folded before Flop
Seat 3: 1tillit1 folded before Flop (didn't bet)
Seat 4: SpringsPike folded before Flop (didn't bet)
Seat 5: DEdPo0L folded before Flop (didn't bet)
Seat 6: Dorex2007 folded before Flop (didn't bet)
Seat 7: Calam777 folded before Flop (didn't bet)
Seat 8: Pokerinthepoon collected ($0.12)
Seat 9: Swaz85 (button) folded before Flop (didn't bet)



PokerStars Hand #237495152315:  Hold'em No Limit ($0.02/$0.05 USD) - 2022/07/21 9:49:21 PT [2022/07/21 12:49:21 ET]
Table 'Tethys' 9-max Seat #1 is the button
Seat 1: mumisber ($4.07 in chips) 
Seat 2: twk7 ($5 in chips) 
Seat 3: 1tillit1 ($5 in chips) 
Seat 4: SpringsPike ($5.18 in chips) 
Seat 5: DEdPo0L ($5 in chips) 
Seat 6: Dorex2007 ($9.11 in chips) 
Seat 7: Calam777 ($7.25 in chips) 
Seat 8: Pokerinthepoon ($4.67 in chips) 
Seat 9: Swaz85 ($4.80 in chips) 
twk7: posts small blind $0.02
1tillit1: posts big blind $0.05
*** HOLE CARDS ***
Dealt to Dorex2007 [8c 4d]
SpringsPike: calls $0.05
DEdPo0L: raises $0.20 to $0.25
Dorex2007: folds 
Calam777: folds 
Pokerinthepoon: calls $0.25
Swaz85: folds 
mumisber: folds 
twk7: folds 
1tillit1: folds 
SpringsPike: calls $0.20
*** FLOP *** [Qd 5d Jh]
SpringsPike: checks 
DEdPo0L: checks 
Pokerinthepoon: bets $0.05
SpringsPike: calls $0.05
DEdPo0L: calls $0.05
*** TURN *** [Qd 5d Jh] [2d]
SpringsPike: checks 
DEdPo0L: checks 
Pokerinthepoon: bets $0.30
SpringsPike: folds 
DEdPo0L: folds 
Uncalled bet ($0.30) returned to Pokerinthepoon
Pokerinthepoon collected $0.93 from pot
*** SUMMARY ***
Total pot $0.97 | Rake $0.04 
Board [Qd 5d Jh 2d]
Seat 1: mumisber (button) folded before Flop (didn't bet)
Seat 2: twk7 (small blind) folded before Flop
Seat 3: 1tillit1 (big blind) folded before Flop
Seat 4: SpringsPike folded on the Turn
Seat 5: DEdPo0L folded on the Turn
Seat 6: Dorex2007 folded before Flop (didn't bet)
Seat 7: Calam777 folded before Flop (didn't bet)
Seat 8: Pokerinthepoon collected ($0.93)
Seat 9: Swaz85 folded before Flop (didn't bet)



PokerStars Hand #237495170462:  Hold'em No Limit ($0.02/$0.05 USD) - 2022/07/21 9:50:18 PT [2022/07/21 12:50:18 ET]
Table 'Tethys' 9-max Seat #2 is the button
Seat 1: mumisber ($4.07 in chips) 
Seat 2: twk7 ($5 in chips) 
Seat 3: 1tillit1 ($5 in chips) 
Seat 4: SpringsPike ($4.88 in chips) 
Seat 5: DEdPo0L ($5 in chips) 
Seat 6: Dorex2007 ($9.11 in chips) 
Seat 7: Calam777 ($7.25 in chips) 
Seat 8: Pokerinthepoon ($5.30 in chips) 
Seat 9: Swaz85 ($4.80 in chips) 
1tillit1: posts small blind $0.02
SpringsPike: posts big blind $0.05
*** HOLE CARDS ***
Dealt to Dorex2007 [Kd Jh]
DEdPo0L: folds 
Dorex2007: folds 
Calam777: folds 
Pokerinthepoon: calls $0.05
Swaz85: folds 
mumisber: folds 
twk7: folds 
1tillit1: folds 
SpringsPike: checks 
*** FLOP *** [7h 2s 3d]
SpringsPike: checks 
Pokerinthepoon: bets $0.05
SpringsPike: calls $0.05
*** TURN *** [7h 2s 3d] [As]
SpringsPike: checks 
Pokerinthepoon: bets $0.05
SpringsPike: calls $0.05
*** RIVER *** [7h 2s 3d As] [Ac]
SpringsPike: checks 
Pokerinthepoon: bets $0.05
SpringsPike: calls $0.05
*** SHOW DOWN ***
Pokerinthepoon: shows [3h 9d] (two pair, Aces and Threes)
SpringsPike: mucks hand 
Pokerinthepoon collected $0.40 from pot
*** SUMMARY ***
Total pot $0.42 | Rake $0.02 
Board [7h 2s 3d As Ac]
Seat 1: mumisber folded before Flop (didn't bet)
Seat 2: twk7 (button) folded before Flop (didn't bet)
Seat 3: 1tillit1 (small blind) folded before Flop
Seat 4: SpringsPike (big blind) mucked [3s 4h]
Seat 5: DEdPo0L folded before Flop (didn't bet)
Seat 6: Dorex2007 folded before Flop (didn't bet)
Seat 7: Calam777 folded before Flop (didn't bet)
Seat 8: Pokerinthepoon showed [3h 9d] and won ($0.40) with two pair, Aces and Threes
Seat 9: Swaz85 folded before Flop (didn't bet)



PokerStars Hand #237495185371:  Hold'em No Limit ($0.02/$0.05 USD) - 2022/07/21 9:51:05 PT [2022/07/21 12:51:05 ET]
Table 'Tethys' 9-max Seat #3 is the button
Seat 1: mumisber ($4.07 in chips) 
Seat 2: twk7 ($5 in chips) 
Seat 3: 1tillit1 ($5 in chips) 
Seat 4: SpringsPike ($4.68 in chips) 
Seat 5: DEdPo0L ($5 in chips) 
Seat 6: Dorex2007 ($9.11 in chips) 
Seat 7: Calam777 ($7.25 in chips) 
Seat 8: Pokerinthepoon ($5.50 in chips) 
Seat 9: Swaz85 ($4.80 in chips) 
SpringsPike: posts small blind $0.02
DEdPo0L: posts big blind $0.05
*** HOLE CARDS ***
Dealt to Dorex2007 [7h Kh]
Dorex2007: folds 
Calam777: folds 
Pokerinthepoon: calls $0.05
Swaz85: folds 
mumisber: folds 
twk7: folds 
1tillit1: folds 
SpringsPike: folds 
DEdPo0L: raises $0.15 to $0.20
Pokerinthepoon: calls $0.15
*** FLOP *** [3s Qc 9d]
DEdPo0L: bets $0.25
Pokerinthepoon: calls $0.25
*** TURN *** [3s Qc 9d] [Qd]
DEdPo0L: checks 
Pokerinthepoon: bets $0.20
DEdPo0L: folds 
Uncalled bet ($0.20) returned to Pokerinthepoon
Pokerinthepoon collected $0.88 from pot
*** SUMMARY ***
Total pot $0.92 | Rake $0.04 
Board [3s Qc 9d Qd]
Seat 1: mumisber folded before Flop (didn't bet)
Seat 2: twk7 folded before Flop (didn't bet)
Seat 3: 1tillit1 (button) folded before Flop (didn't bet)
Seat 4: SpringsPike (small blind) folded before Flop
Seat 5: DEdPo0L (big blind) folded on the Turn
Seat 6: Dorex2007 folded before Flop (didn't bet)
Seat 7: Calam777 folded before Flop (didn't bet)
Seat 8: Pokerinthepoon collected ($0.88)
Seat 9: Swaz85 folded before Flop (didn't bet)



PokerStars Hand #237495196809:  Hold'em No Limit ($0.02/$0.05 USD) - 2022/07/21 9:51:41 PT [2022/07/21 12:51:41 ET]
Table 'Tethys' 9-max Seat #4 is the button
Seat 1: mumisber ($4.07 in chips) 
Seat 2: twk7 ($5 in chips) 
Seat 3: 1tillit1 ($5 in chips) 
Seat 4: SpringsPike ($4.66 in chips) 
Seat 5: DEdPo0L ($5 in chips) 
Seat 6: Dorex2007 ($9.11 in chips) 
Seat 7: Calam777 ($7.25 in chips) 
Seat 8: Pokerinthepoon ($5.93 in chips) 
Seat 9: Swaz85 ($4.80 in chips) 
DEdPo0L: posts small blind $0.02
Dorex2007: posts big blind $0.05
*** HOLE CARDS ***
Dealt to Dorex2007 [9s 8d]
Calam777: folds 
Pokerinthepoon: calls $0.05
Swaz85: folds 
mumisber: raises $0.10 to $0.15
twk7: folds 
1tillit1: folds 
SpringsPike: folds 
DEdPo0L: folds 
Dorex2007: folds 
Pokerinthepoon: calls $0.10
*** FLOP *** [8s 2d 3h]
Pokerinthepoon: bets $0.10
mumisber: raises $0.28 to $0.38
Pokerinthepoon: calls $0.28
*** TURN *** [8s 2d 3h] [2h]
Pokerinthepoon: bets $0.40
mumisber: calls $0.40
*** RIVER *** [8s 2d 3h 2h] [7d]
Pokerinthepoon: bets $0.50
mumisber: calls $0.50
*** SHOW DOWN ***
Pokerinthepoon: shows [6c 3s] (two pair, Threes and Deuces)
mumisber: shows [Js Jc] (two pair, Jacks and Deuces)
mumisber collected $2.81 from pot
*** SUMMARY ***
Total pot $2.93 | Rake $0.12 
Board [8s 2d 3h 2h 7d]
Seat 1: mumisber showed [Js Jc] and won ($2.81) with two pair, Jacks and Deuces
Seat 2: twk7 folded before Flop (didn't bet)
Seat 3: 1tillit1 folded before Flop (didn't bet)
Seat 4: SpringsPike (button) folded before Flop (didn't bet)
Seat 5: DEdPo0L (small blind) folded before Flop
Seat 6: Dorex2007 (big blind) folded before Flop
Seat 7: Calam777 folded before Flop (didn't bet)
Seat 8: Pokerinthepoon showed [6c 3s] and lost with two pair, Threes and Deuces
Seat 9: Swaz85 folded before Flop (didn't bet)



PokerStars Hand #237495213660:  Hold'em No Limit ($0.02/$0.05 USD) - 2022/07/21 9:52:34 PT [2022/07/21 12:52:34 ET]
Table 'Tethys' 9-max Seat #5 is the button
Seat 1: mumisber ($5.45 in chips) 
Seat 2: twk7 ($5 in chips) 
Seat 3: 1tillit1 ($5 in chips) 
Seat 4: SpringsPike ($4.66 in chips) 
Seat 5: DEdPo0L ($5 in chips) 
Seat 6: Dorex2007 ($9.06 in chips) 
Seat 7: Calam777 ($7.25 in chips) 
Seat 8: Pokerinthepoon ($4.50 in chips) 
Seat 9: Swaz85 ($4.80 in chips) 
Dorex2007: posts small blind $0.02
Calam777: posts big blind $0.05
*** HOLE CARDS ***
Dealt to Dorex2007 [Th 3h]
Pokerinthepoon: raises $0.05 to $0.10
Swaz85: folds 
mumisber: folds 
twk7 has timed out
twk7: folds 
1tillit1: raises $0.30 to $0.40
SpringsPike: folds 
DEdPo0L: folds 
Dorex2007: folds 
Calam777: folds 
Pokerinthepoon: calls $0.30
*** FLOP *** [2c 7s 7c]
Pokerinthepoon: bets $0.20
1tillit1: calls $0.20
*** TURN *** [2c 7s 7c] [9s]
Pokerinthepoon: bets $0.25
1tillit1: calls $0.25
*** RIVER *** [2c 7s 7c 9s] [5s]
Pokerinthepoon: bets $0.65
1tillit1: calls $0.65
*** SHOW DOWN ***
Pokerinthepoon: shows [Jh 2h] (two pair, Sevens and Deuces)
1tillit1: shows [Ac Ah] (two pair, Aces and Sevens)
1tillit1 collected $2.91 from pot
*** SUMMARY ***
Total pot $3.07 | Rake $0.16 
Board [2c 7s 7c 9s 5s]
Seat 1: mumisber folded before Flop (didn't bet)
Seat 2: twk7 folded before Flop (didn't bet)
Seat 3: 1tillit1 showed [Ac Ah] and won ($2.91) with two pair, Aces and Sevens
Seat 4: SpringsPike folded before Flop (didn't bet)
Seat 5: DEdPo0L (button) folded before Flop (didn't bet)
Seat 6: Dorex2007 (small blind) folded before Flop
Seat 7: Calam777 (big blind) folded before Flop
Seat 8: Pokerinthepoon showed [Jh 2h] and lost with two pair, Sevens and Deuces
Seat 9: Swaz85 folded before Flop (didn't bet)



PokerStars Hand #237495237801:  Hold'em No Limit ($0.02/$0.05 USD) - 2022/07/21 9:53:50 PT [2022/07/21 12:53:50 ET]
Table 'Tethys' 9-max Seat #6 is the button
Seat 1: mumisber ($5.45 in chips) 
Seat 3: 1tillit1 ($6.41 in chips) 
Seat 4: SpringsPike ($4.66 in chips) 
Seat 5: DEdPo0L ($5 in chips) 
Seat 6: Dorex2007 ($9.04 in chips) 
Seat 7: Calam777 ($7.20 in chips) 
Seat 8: Pokerinthepoon ($3 in chips) 
Seat 9: Swaz85 ($4.80 in chips) 
Calam777: posts small blind $0.02
Pokerinthepoon: posts big blind $0.05
*** HOLE CARDS ***
Dealt to Dorex2007 [7s 5s]
Swaz85: folds 
mumisber: folds 
1tillit1: folds 
SpringsPike: folds 
DEdPo0L: folds 
Dorex2007: folds 
Calam777: calls $0.03
Pokerinthepoon: raises $0.05 to $0.10
Calam777: calls $0.05
*** FLOP *** [Jd 4d Tc]
Calam777: checks 
Pokerinthepoon: checks 
*** TURN *** [Jd 4d Tc] [4c]
twk7 is disconnected 
Calam777: bets $0.10
Pokerinthepoon: calls $0.10
*** RIVER *** [Jd 4d Tc 4c] [8c]
Calam777: bets $0.19
Pokerinthepoon: folds 
Uncalled bet ($0.19) returned to Calam777
Calam777 collected $0.38 from pot
*** SUMMARY ***
Total pot $0.40 | Rake $0.02 
Board [Jd 4d Tc 4c 8c]
Seat 1: mumisber folded before Flop (didn't bet)
Seat 3: 1tillit1 folded before Flop (didn't bet)
Seat 4: SpringsPike folded before Flop (didn't bet)
Seat 5: DEdPo0L folded before Flop (didn't bet)
Seat 6: Dorex2007 (button) folded before Flop (didn't bet)
Seat 7: Calam777 (small blind) collected ($0.38)
Seat 8: Pokerinthepoon (big blind) folded on the River
Seat 9: Swaz85 folded before Flop (didn't bet)



PokerStars Hand #237495254886:  Hold'em No Limit ($0.02/$0.05 USD) - 2022/07/21 9:54:44 PT [2022/07/21 12:54:44 ET]
Table 'Tethys' 9-max Seat #7 is the button
Seat 1: mumisber ($5.45 in chips) 
Seat 3: 1tillit1 ($6.41 in chips) 
Seat 4: SpringsPike ($4.66 in chips) 
Seat 5: DEdPo0L ($5 in chips) 
Seat 6: Dorex2007 ($9.04 in chips) 
Seat 7: Calam777 ($7.38 in chips) 
Seat 8: Pokerinthepoon ($2.80 in chips) 
Seat 9: Swaz85 ($4.80 in chips) 
Pokerinthepoon: posts small blind $0.02
Swaz85: posts big blind $0.05
*** HOLE CARDS ***
Dealt to Dorex2007 [Kh 9c]
mumisber: folds 
1tillit1: folds 
SpringsPike: folds 
DEdPo0L: raises $0.10 to $0.15
Dorex2007: folds 
Calam777: folds 
Pokerinthepoon: calls $0.13
Swaz85: folds 
*** FLOP *** [8c 3c 7h]
Pokerinthepoon: bets $0.10
DEdPo0L: folds 
Uncalled bet ($0.10) returned to Pokerinthepoon
Pokerinthepoon collected $0.34 from pot
*** SUMMARY ***
Total pot $0.35 | Rake $0.01 
Board [8c 3c 7h]
Seat 1: mumisber folded before Flop (didn't bet)
Seat 3: 1tillit1 folded before Flop (didn't bet)
Seat 4: SpringsPike folded before Flop (didn't bet)
Seat 5: DEdPo0L folded on the Flop
Seat 6: Dorex2007 folded before Flop (didn't bet)
Seat 7: Calam777 (button) folded before Flop (didn't bet)
Seat 8: Pokerinthepoon (small blind) collected ($0.34)
Seat 9: Swaz85 (big blind) folded before Flop



PokerStars Hand #237495263927:  Hold'em No Limit ($0.02/$0.05 USD) - 2022/07/21 9:55:13 PT [2022/07/21 12:55:13 ET]
Table 'Tethys' 9-max Seat #8 is the button
Seat 1: mumisber ($5.45 in chips) 
Seat 3: 1tillit1 ($6.41 in chips) 
Seat 4: SpringsPike ($4.66 in chips) 
Seat 5: DEdPo0L ($5 in chips) 
Seat 6: Dorex2007 ($9.04 in chips) 
Seat 7: Calam777 ($7.38 in chips) 
Seat 8: Pokerinthepoon ($2.99 in chips) 
Seat 9: Swaz85 ($4.75 in chips) 
Swaz85: posts small blind $0.02
mumisber: posts big blind $0.05
*** HOLE CARDS ***
Dealt to Dorex2007 [3c 2c]
1tillit1: folds 
SpringsPike: folds 
DEdPo0L: folds 
Dorex2007: folds 
Calam777: calls $0.05
Pokerinthepoon: calls $0.05
Swaz85: calls $0.03
mumisber: checks 
*** FLOP *** [Qh 3d Kc]
Swaz85: checks 
mumisber: bets $0.10
Calam777: calls $0.10
Pokerinthepoon: calls $0.10
Swaz85: folds 
*** TURN *** [Qh 3d Kc] [8c]
mumisber: bets $0.15
Calam777: folds 
Pokerinthepoon: raises $0.15 to $0.30
mumisber: calls $0.15
*** RIVER *** [Qh 3d Kc 8c] [3s]
mumisber: bets $0.52
Pokerinthepoon: calls $0.52
*** SHOW DOWN ***
mumisber: shows [7h Kd] (two pair, Kings and Threes)
Pokerinthepoon: mucks hand 
mumisber collected $2.05 from pot
*** SUMMARY ***
Total pot $2.14 | Rake $0.09 
Board [Qh 3d Kc 8c 3s]
Seat 1: mumisber (big blind) showed [7h Kd] and won ($2.05) with two pair, Kings and Threes
Seat 3: 1tillit1 folded before Flop (didn't bet)
Seat 4: SpringsPike folded before Flop (didn't bet)
Seat 5: DEdPo0L folded before Flop (didn't bet)
Seat 6: Dorex2007 folded before Flop (didn't bet)
Seat 7: Calam777 folded on the Turn
Seat 8: Pokerinthepoon (button) mucked [8h 5h]
Seat 9: Swaz85 (small blind) folded on the Flop



PokerStars Hand #237495277477:  Hold'em No Limit ($0.02/$0.05 USD) - 2022/07/21 9:56:10 PT [2022/07/21 12:56:10 ET]
Table 'Tethys' 9-max Seat #9 is the button
Seat 1: mumisber ($6.53 in chips) 
Seat 3: 1tillit1 ($6.41 in chips) 
Seat 4: SpringsPike ($4.66 in chips) 
Seat 6: Dorex2007 ($9.04 in chips) 
Seat 7: Calam777 ($7.23 in chips) 
Seat 8: Pokerinthepoon ($2.02 in chips) 
Seat 9: Swaz85 ($4.70 in chips) 
mumisber: posts small blind $0.02
1tillit1: posts big blind $0.05
*** HOLE CARDS ***
Dealt to Dorex2007 [Js Qh]
SpringsPike: folds 
Dorex2007: calls $0.05
Calam777: folds 
Pokerinthepoon: calls $0.05
Swaz85: calls $0.05
mumisber: folds 
1tillit1: checks 
*** FLOP *** [2h 6h Qd]
1tillit1: checks 
Dorex2007: bets $0.21
Pokerinthepoon: calls $0.21
Swaz85: folds 
1tillit1: folds 
*** TURN *** [2h 6h Qd] [6c]
Dorex2007: bets $0.61
Pokerinthepoon: raises $0.61 to $1.22
Dorex2007: raises $7.56 to $8.78 and is all-in
Pokerinthepoon: calls $0.54 and is all-in
Uncalled bet ($7.02) returned to Dorex2007
*** RIVER *** [2h 6h Qd 6c] [Jc]
*** SHOW DOWN ***
Dorex2007: shows [Js Qh] (two pair, Queens and Jacks)
Pokerinthepoon: shows [4h Qs] (two pair, Queens and Sixes)
Dorex2007 cashed out the hand for $3.46 | Cash Out Fee $0.04
*** SUMMARY ***
Total pot $4.16 | Rake $0.17 
Board [2h 6h Qd 6c Jc]
Seat 1: mumisber (small blind) folded before Flop
Seat 3: 1tillit1 (big blind) folded on the Flop
Seat 4: SpringsPike folded before Flop (didn't bet)
Seat 6: Dorex2007 showed [Js Qh] and won ($3.99) with two pair, Queens and Jacks (pot not awarded as player cashed out)
Seat 7: Calam777 folded before Flop (didn't bet)
Seat 8: Pokerinthepoon showed [4h Qs] and lost with two pair, Queens and Sixes
Seat 9: Swaz85 (button) folded on the Flop



PokerStars Hand #237495297552:  Hold'em No Limit ($0.02/$0.05 USD) - 2022/07/21 9:57:33 PT [2022/07/21 12:57:33 ET]
Table 'Tethys' 9-max Seat #1 is the button
Seat 1: mumisber ($6.51 in chips) 
Seat 3: 1tillit1 ($6.36 in chips) 
Seat 4: SpringsPike ($4.66 in chips) 
Seat 6: Dorex2007 ($10.48 in chips) 
Seat 7: Calam777 ($7.23 in chips) 
Seat 9: Swaz85 ($4.65 in chips) 
1tillit1: posts small blind $0.02
SpringsPike: posts big blind $0.05
*** HOLE CARDS ***
Dealt to Dorex2007 [6s As]
Dorex2007: folds 
Calam777: folds 
Swaz85: folds 
mumisber: folds 
1tillit1: raises $0.10 to $0.15
SpringsPike: folds 
Uncalled bet ($0.10) returned to 1tillit1
1tillit1 collected $0.10 from pot
*** SUMMARY ***
Total pot $0.10 | Rake $0 
Seat 1: mumisber (button) folded before Flop (didn't bet)
Seat 3: 1tillit1 (small blind) collected ($0.10)
Seat 4: SpringsPike (big blind) folded before Flop
Seat 6: Dorex2007 folded before Flop (didn't bet)
Seat 7: Calam777 folded before Flop (didn't bet)
Seat 9: Swaz85 folded before Flop (didn't bet)



PokerStars Hand #237495301304:  Hold'em No Limit ($0.02/$0.05 USD) - 2022/07/21 9:57:48 PT [2022/07/21 12:57:48 ET]
Table 'Tethys' 9-max Seat #3 is the button
Seat 1: mumisber ($6.51 in chips) 
Seat 3: 1tillit1 ($6.41 in chips) 
Seat 4: SpringsPike ($4.61 in chips) 
Seat 6: Dorex2007 ($10.48 in chips) 
Seat 7: Calam777 ($7.23 in chips) 
Seat 8: Pokerinthepoon ($5 in chips) 
Seat 9: Swaz85 ($4.65 in chips) 
SpringsPike: posts small blind $0.02
Dorex2007: posts big blind $0.05
*** HOLE CARDS ***
Dealt to Dorex2007 [5s 8c]
Calam777: raises $0.05 to $0.10
Pokerinthepoon: calls $0.10
Swaz85: calls $0.10
mumisber: raises $0.20 to $0.30
1tillit1: folds 
SpringsPike: folds 
Dorex2007: folds 
Calam777: calls $0.20
Pokerinthepoon: calls $0.20
Swaz85: calls $0.20
*** FLOP *** [6c 6d 4d]
Calam777: checks 
Pokerinthepoon: bets $0.05
Swaz85: calls $0.05
mumisber: folds 
Calam777: calls $0.05
*** TURN *** [6c 6d 4d] [Qc]
Calam777: checks 
Pokerinthepoon: bets $0.05
Swaz85: raises $0.85 to $0.90
Calam777: calls $0.90
Pokerinthepoon: folds 
*** RIVER *** [6c 6d 4d Qc] [Kc]
Calam777: bets $3.13
Swaz85: calls $3.13
*** SHOW DOWN ***
Calam777: shows [7c Ac] (a flush, Ace high)
Swaz85: mucks hand 
Calam777 collected $9.13 from pot
*** SUMMARY ***
Total pot $9.53 | Rake $0.40 
Board [6c 6d 4d Qc Kc]
Seat 1: mumisber folded on the Flop
Seat 3: 1tillit1 (button) folded before Flop (didn't bet)
Seat 4: SpringsPike (small blind) folded before Flop
Seat 6: Dorex2007 (big blind) folded before Flop
Seat 7: Calam777 showed [7c Ac] and won ($9.13) with a flush, Ace high
Seat 8: Pokerinthepoon folded on the Turn
Seat 9: Swaz85 mucked [7s 6s]



PokerStars Hand #237495324289:  Hold'em No Limit ($0.02/$0.05 USD) - 2022/07/21 9:58:48 PT [2022/07/21 12:58:48 ET]
Table 'Tethys' 9-max Seat #4 is the button
Seat 1: mumisber ($6.21 in chips) 
Seat 3: 1tillit1 ($6.41 in chips) 
Seat 4: SpringsPike ($4.59 in chips) 
Seat 6: Dorex2007 ($10.43 in chips) 
Seat 7: Calam777 ($11.98 in chips) 
Seat 8: Pokerinthepoon ($4.60 in chips) 
Seat 9: Swaz85 ($0.27 in chips) 
Dorex2007: posts small blind $0.02
Calam777: posts big blind $0.05
twk7: sits out 
*** HOLE CARDS ***
Dealt to Dorex2007 [8d 9c]
Pokerinthepoon: calls $0.05
Swaz85: folds 
mumisber: raises $0.05 to $0.10
1tillit1: raises $0.40 to $0.50
SpringsPike: folds 
Dorex2007: folds 
Calam777: calls $0.45
Pokerinthepoon: folds 
mumisber: folds 
*** FLOP *** [3s 4s Jc]
Calam777: checks 
1tillit1: bets $0.75
Calam777: folds 
Uncalled bet ($0.75) returned to 1tillit1
1tillit1 collected $1.11 from pot
*** SUMMARY ***
Total pot $1.17 | Rake $0.06 
Board [3s 4s Jc]
Seat 1: mumisber folded before Flop
Seat 3: 1tillit1 collected ($1.11)
Seat 4: SpringsPike (button) folded before Flop (didn't bet)
Seat 6: Dorex2007 (small blind) folded before Flop
Seat 7: Calam777 (big blind) folded on the Flop
Seat 8: Pokerinthepoon folded before Flop
Seat 9: Swaz85 folded before Flop (didn't bet)



PokerStars Hand #237495336379:  Hold'em No Limit ($0.02/$0.05 USD) - 2022/07/21 9:59:37 PT [2022/07/21 12:59:37 ET]
Table 'Tethys' 9-max Seat #6 is the button
Seat 1: mumisber ($6.11 in chips) 
Seat 3: 1tillit1 ($7.02 in chips) 
Seat 4: SpringsPike ($4.59 in chips) 
Seat 6: Dorex2007 ($10.41 in chips) 
Seat 7: Calam777 ($11.48 in chips) 
Seat 8: Pokerinthepoon ($4.55 in chips) 
Seat 9: Swaz85 ($0.27 in chips) 
Calam777: posts small blind $0.02
Pokerinthepoon: posts big blind $0.05
twk7: sits out 
*** HOLE CARDS ***
Dealt to Dorex2007 [4s 6c]
Swaz85: folds 
mumisber: folds 
1tillit1: folds 
SpringsPike: folds 
Dorex2007: folds 
Calam777: calls $0.03
Pokerinthepoon: checks 
*** FLOP *** [Kd Tc 9d]
Calam777: bets $0.10
Pokerinthepoon: raises $0.10 to $0.20
Calam777: calls $0.10
*** TURN *** [Kd Tc 9d] [8d]
Calam777: checks 
Pokerinthepoon: bets $0.15
Calam777: calls $0.15
*** RIVER *** [Kd Tc 9d 8d] [7s]
Calam777: checks 
Pokerinthepoon: bets $0.50
Calam777: folds 
Uncalled bet ($0.50) returned to Pokerinthepoon
Pokerinthepoon collected $0.77 from pot
*** SUMMARY ***
Total pot $0.80 | Rake $0.03 
Board [Kd Tc 9d 8d 7s]
Seat 1: mumisber folded before Flop (didn't bet)
Seat 3: 1tillit1 folded before Flop (didn't bet)
Seat 4: SpringsPike folded before Flop (didn't bet)
Seat 6: Dorex2007 (button) folded before Flop (didn't bet)
Seat 7: Calam777 (small blind) folded on the River
Seat 8: Pokerinthepoon (big blind) collected ($0.77)
Seat 9: Swaz85 folded before Flop (didn't bet)



PokerStars Hand #237495345192:  Hold'em No Limit ($0.02/$0.05 USD) - 2022/07/21 10:00:11 PT [2022/07/21 13:00:11 ET]
Table 'Tethys' 9-max Seat #7 is the button
Seat 1: mumisber ($6.11 in chips) 
Seat 3: 1tillit1 ($7.02 in chips) 
Seat 4: SpringsPike ($4.59 in chips) 
Seat 6: Dorex2007 ($10.41 in chips) 
Seat 7: Calam777 ($11.08 in chips) 
Seat 8: Pokerinthepoon ($4.92 in chips) 
Seat 9: Swaz85 ($0.27 in chips) 
Pokerinthepoon: posts small blind $0.02
Swaz85: posts big blind $0.05
twk7: sits out 
DEdPo0L: sits out 
*** HOLE CARDS ***
Dealt to Dorex2007 [7s 5s]
mumisber: folds 
1tillit1: folds 
SpringsPike: folds 
Dorex2007: folds 
Calam777: calls $0.05
Pokerinthepoon: calls $0.03
Swaz85: checks 
*** FLOP *** [Ks Jd 4c]
Pokerinthepoon: checks 
Swaz85: checks 
Calam777: bets $0.10
Pokerinthepoon: calls $0.10
Swaz85: folds 
*** TURN *** [Ks Jd 4c] [Kd]
Pokerinthepoon: bets $0.05
Calam777: folds 
Uncalled bet ($0.05) returned to Pokerinthepoon
Pokerinthepoon collected $0.34 from pot
*** SUMMARY ***
Total pot $0.35 | Rake $0.01 
Board [Ks Jd 4c Kd]
Seat 1: mumisber folded before Flop (didn't bet)
Seat 3: 1tillit1 folded before Flop (didn't bet)
Seat 4: SpringsPike folded before Flop (didn't bet)
Seat 6: Dorex2007 folded before Flop (didn't bet)
Seat 7: Calam777 (button) folded on the Turn
Seat 8: Pokerinthepoon (small blind) collected ($0.34)
Seat 9: Swaz85 (big blind) folded on the Flop



PokerStars Hand #237495357381:  Hold'em No Limit ($0.02/$0.05 USD) - 2022/07/21 10:00:58 PT [2022/07/21 13:00:58 ET]
Table 'Tethys' 9-max Seat #8 is the button
Seat 1: mumisber ($6.11 in chips) 
Seat 3: 1tillit1 ($7.02 in chips) 
Seat 4: SpringsPike ($4.59 in chips) 
Seat 6: Dorex2007 ($10.41 in chips) 
Seat 7: Calam777 ($10.93 in chips) 
Seat 8: Pokerinthepoon ($5.11 in chips) 
Seat 9: Swaz85 ($0.22 in chips) 
Swaz85: posts small blind $0.02
mumisber: posts big blind $0.05
twk7: sits out 
DEdPo0L: sits out 
*** HOLE CARDS ***
Dealt to Dorex2007 [4c Kc]
1tillit1: raises $0.12 to $0.17
SpringsPike: folds 
Dorex2007: folds 
Calam777: calls $0.17
Pokerinthepoon: calls $0.17
Swaz85: folds 
mumisber: folds 
*** FLOP *** [Kd 8s 3s]
1tillit1: bets $0.30
Calam777: calls $0.30
Pokerinthepoon: raises $0.30 to $0.60
1tillit1: calls $0.30
Calam777: raises $10.16 to $10.76 and is all-in
Pokerinthepoon: calls $4.34 and is all-in
1tillit1: calls $6.25 and is all-in
Uncalled bet ($3.91) returned to Calam777
*** TURN *** [Kd 8s 3s] [Ac]
*** RIVER *** [Kd 8s 3s Ac] [Qd]
*** SHOW DOWN ***
1tillit1: shows [Qs As] (two pair, Aces and Queens)
Calam777: shows [8h 8c] (three of a kind, Eights)
Calam777 collected $3.66 from side pot
Pokerinthepoon: shows [Ks 9c] (a pair of Kings)
Calam777 collected $14.76 from main pot
*** SUMMARY ***
Total pot $19.22 Main pot $14.76. Side pot $3.66. | Rake $0.80 
Board [Kd 8s 3s Ac Qd]
Seat 1: mumisber (big blind) folded before Flop
Seat 3: 1tillit1 showed [Qs As] and lost with two pair, Aces and Queens
Seat 4: SpringsPike folded before Flop (didn't bet)
Seat 6: Dorex2007 folded before Flop (didn't bet)
Seat 7: Calam777 showed [8h 8c] and won ($18.42) with three of a kind, Eights
Seat 8: Pokerinthepoon (button) showed [Ks 9c] and lost with a pair of Kings
Seat 9: Swaz85 (small blind) folded before Flop



PokerStars Hand #237495375474:  Hold'em No Limit ($0.02/$0.05 USD) - 2022/07/21 10:01:59 PT [2022/07/21 13:01:59 ET]
Table 'Tethys' 9-max Seat #9 is the button
Seat 1: mumisber ($6.06 in chips) 
Seat 2: twk7 ($5 in chips) 
Seat 3: 1tillit1 ($5 in chips) 
Seat 4: SpringsPike ($4.59 in chips) 
Seat 6: Dorex2007 ($10.41 in chips) 
Seat 7: Calam777 ($22.33 in chips) 
Seat 9: Swaz85 ($0.20 in chips) 
mumisber: posts small blind $0.02
twk7: posts big blind $0.05
DEdPo0L: sits out 
*** HOLE CARDS ***
Dealt to Dorex2007 [7s Jh]
1tillit1: folds 
SpringsPike: folds 
Dorex2007: folds 
Calam777: folds 
Swaz85: folds 
mumisber: folds 
Uncalled bet ($0.03) returned to twk7
twk7 collected $0.04 from pot
*** SUMMARY ***
Total pot $0.04 | Rake $0 
Seat 1: mumisber (small blind) folded before Flop
Seat 2: twk7 (big blind) collected ($0.04)
Seat 3: 1tillit1 folded before Flop (didn't bet)
Seat 4: SpringsPike folded before Flop (didn't bet)
Seat 6: Dorex2007 folded before Flop (didn't bet)
Seat 7: Calam777 folded before Flop (didn't bet)
Seat 9: Swaz85 (button) folded before Flop (didn't bet)



PokerStars Hand #237495381505:  Hold'em No Limit ($0.02/$0.05 USD) - 2022/07/21 10:02:18 PT [2022/07/21 13:02:18 ET]
Table 'Tethys' 9-max Seat #1 is the button
Seat 1: mumisber ($6.04 in chips) 
Seat 2: twk7 ($5.02 in chips) 
Seat 3: 1tillit1 ($5 in chips) 
Seat 4: SpringsPike ($4.59 in chips) 
Seat 6: Dorex2007 ($10.41 in chips) 
Seat 7: Calam777 ($22.33 in chips) 
twk7: posts small blind $0.02
1tillit1: posts big blind $0.05
DEdPo0L: sits out 
*** HOLE CARDS ***
Dealt to Dorex2007 [4d Qc]
SpringsPike: folds 
Dorex2007: folds 
Calam777: calls $0.05
mumisber: folds 
twk7: folds 
1tillit1: checks 
*** FLOP *** [5d 4h 4s]
1tillit1: bets $0.08
Calam777: calls $0.08
*** TURN *** [5d 4h 4s] [As]
1tillit1: bets $0.20
Calam777: calls $0.20
*** RIVER *** [5d 4h 4s As] [9c]
1tillit1: bets $0.40
Calam777: folds 
Uncalled bet ($0.40) returned to 1tillit1
1tillit1 collected $0.64 from pot
*** SUMMARY ***
Total pot $0.68 | Rake $0.04 
Board [5d 4h 4s As 9c]
Seat 1: mumisber (button) folded before Flop (didn't bet)
Seat 2: twk7 (small blind) folded before Flop
Seat 3: 1tillit1 (big blind) collected ($0.64)
Seat 4: SpringsPike folded before Flop (didn't bet)
Seat 6: Dorex2007 folded before Flop (didn't bet)
Seat 7: Calam777 folded on the River



PokerStars Hand #237495395033:  Hold'em No Limit ($0.02/$0.05 USD) - 2022/07/21 10:02:59 PT [2022/07/21 13:02:59 ET]
Table 'Tethys' 9-max Seat #2 is the button
Seat 1: mumisber ($6.04 in chips) 
Seat 2: twk7 ($5 in chips) 
Seat 3: 1tillit1 ($5.31 in chips) 
Seat 4: SpringsPike ($4.59 in chips) 
Seat 6: Dorex2007 ($10.41 in chips) 
Seat 7: Calam777 ($22 in chips) 
1tillit1: posts small blind $0.02
SpringsPike: posts big blind $0.05
DEdPo0L: sits out 
*** HOLE CARDS ***
Dealt to Dorex2007 [3c 5d]
Dorex2007: folds 
Calam777: folds 
mumisber: folds 
twk7: folds 
1tillit1: raises $0.10 to $0.15
SpringsPike: folds 
Uncalled bet ($0.10) returned to 1tillit1
1tillit1 collected $0.10 from pot
*** SUMMARY ***
Total pot $0.10 | Rake $0 
Seat 1: mumisber folded before Flop (didn't bet)
Seat 2: twk7 (button) folded before Flop (didn't bet)
Seat 3: 1tillit1 (small blind) collected ($0.10)
Seat 4: SpringsPike (big blind) folded before Flop
Seat 6: Dorex2007 folded before Flop (didn't bet)
Seat 7: Calam777 folded before Flop (didn't bet)



PokerStars Hand #237495401009:  Hold'em No Limit ($0.02/$0.05 USD) - 2022/07/21 10:03:18 PT [2022/07/21 13:03:18 ET]
Table 'Tethys' 9-max Seat #3 is the button
Seat 1: mumisber ($6.04 in chips) 
Seat 2: twk7 ($5 in chips) 
Seat 3: 1tillit1 ($5.36 in chips) 
Seat 4: SpringsPike ($4.54 in chips) 
Seat 5: DEdPo0L ($5 in chips) 
Seat 6: Dorex2007 ($10.41 in chips) 
Seat 7: Calam777 ($22 in chips) 
Seat 8: Pokerinthepoon ($5 in chips) 
SpringsPike: posts small blind $0.02
DEdPo0L: posts big blind $0.05
*** HOLE CARDS ***
Dealt to Dorex2007 [2s Ah]
Dorex2007: folds 
Calam777: folds 
Pokerinthepoon: calls $0.05
mumisber: folds 
twk7: folds 
1tillit1: folds 
SpringsPike: folds 
DEdPo0L: checks 
*** FLOP *** [8c Qh 8d]
DEdPo0L: checks 
Pokerinthepoon: checks 
*** TURN *** [8c Qh 8d] [9d]
DEdPo0L: checks 
Pokerinthepoon: bets $0.05
DEdPo0L: folds 
Uncalled bet ($0.05) returned to Pokerinthepoon
Pokerinthepoon collected $0.12 from pot
*** SUMMARY ***
Total pot $0.12 | Rake $0 
Board [8c Qh 8d 9d]
Seat 1: mumisber folded before Flop (didn't bet)
Seat 2: twk7 folded before Flop (didn't bet)
Seat 3: 1tillit1 (button) folded before Flop (didn't bet)
Seat 4: SpringsPike (small blind) folded before Flop
Seat 5: DEdPo0L (big blind) folded on the Turn
Seat 6: Dorex2007 folded before Flop (didn't bet)
Seat 7: Calam777 folded before Flop (didn't bet)
Seat 8: Pokerinthepoon collected ($0.12)



PokerStars Hand #237495410009:  Hold'em No Limit ($0.02/$0.05 USD) - 2022/07/21 10:03:46 PT [2022/07/21 13:03:46 ET]
Table 'Tethys' 9-max Seat #4 is the button
Seat 1: mumisber ($6.04 in chips) 
Seat 2: twk7 ($5 in chips) 
Seat 3: 1tillit1 ($5.36 in chips) 
Seat 4: SpringsPike ($4.52 in chips) 
Seat 5: DEdPo0L ($5 in chips) 
Seat 6: Dorex2007 ($10.41 in chips) 
Seat 7: Calam777 ($22 in chips) 
Seat 8: Pokerinthepoon ($5.07 in chips) 
DEdPo0L: posts small blind $0.02
Dorex2007: posts big blind $0.05
*** HOLE CARDS ***
Dealt to Dorex2007 [Qh 9h]
Calam777: folds 
Pokerinthepoon: calls $0.05
mumisber: folds 
twk7: raises $0.10 to $0.15
1tillit1: raises $0.45 to $0.60
SpringsPike: folds 
DEdPo0L: folds 
Dorex2007: folds 
Pokerinthepoon: folds 
twk7: folds 
Uncalled bet ($0.45) returned to 1tillit1
1tillit1 collected $0.42 from pot
*** SUMMARY ***
Total pot $0.42 | Rake $0 
Seat 1: mumisber folded before Flop (didn't bet)
Seat 2: twk7 folded before Flop
Seat 3: 1tillit1 collected ($0.42)
Seat 4: SpringsPike (button) folded before Flop (didn't bet)
Seat 5: DEdPo0L (small blind) folded before Flop
Seat 6: Dorex2007 (big blind) folded before Flop
Seat 7: Calam777 folded before Flop (didn't bet)
Seat 8: Pokerinthepoon folded before Flop



PokerStars Hand #237495418896:  Hold'em No Limit ($0.02/$0.05 USD) - 2022/07/21 10:04:14 PT [2022/07/21 13:04:14 ET]
Table 'Tethys' 9-max Seat #5 is the button
Seat 1: mumisber ($6.04 in chips) 
Seat 2: twk7 ($5 in chips) 
Seat 3: 1tillit1 ($5.63 in chips) 
Seat 4: SpringsPike ($4.52 in chips) 
Seat 5: DEdPo0L ($5 in chips) 
Seat 6: Dorex2007 ($10.36 in chips) 
Seat 7: Calam777 ($22 in chips) 
Seat 8: Pokerinthepoon ($5.02 in chips) 
Dorex2007: posts small blind $0.02
Calam777: posts big blind $0.05
*** HOLE CARDS ***
Dealt to Dorex2007 [Ad 6d]
Pokerinthepoon: calls $0.05
mumisber: folds 
twk7: folds 
1tillit1: folds 
SpringsPike: folds 
DEdPo0L: folds 
Dorex2007: folds 
Calam777: checks 
*** FLOP *** [Qc Kh Qd]
Calam777: checks 
Pokerinthepoon: bets $0.05
Calam777: folds 
Uncalled bet ($0.05) returned to Pokerinthepoon
Pokerinthepoon collected $0.12 from pot
*** SUMMARY ***
Total pot $0.12 | Rake $0 
Board [Qc Kh Qd]
Seat 1: mumisber folded before Flop (didn't bet)
Seat 2: twk7 folded before Flop (didn't bet)
Seat 3: 1tillit1 folded before Flop (didn't bet)
Seat 4: SpringsPike folded before Flop (didn't bet)
Seat 5: DEdPo0L (button) folded before Flop (didn't bet)
Seat 6: Dorex2007 (small blind) folded before Flop
Seat 7: Calam777 (big blind) folded on the Flop
Seat 8: Pokerinthepoon collected ($0.12)



PokerStars Hand #237495430506:  Hold'em No Limit ($0.02/$0.05 USD) - 2022/07/21 10:04:50 PT [2022/07/21 13:04:50 ET]
Table 'Tethys' 9-max Seat #6 is the button
Seat 1: mumisber ($6.04 in chips) 
Seat 2: twk7 ($5 in chips) 
Seat 3: 1tillit1 ($5.63 in chips) 
Seat 4: SpringsPike ($4.52 in chips) 
Seat 5: DEdPo0L ($5 in chips) 
Seat 6: Dorex2007 ($10.34 in chips) 
Seat 7: Calam777 ($21.95 in chips) 
Seat 8: Pokerinthepoon ($5.09 in chips) 
Calam777: posts small blind $0.02
Pokerinthepoon: posts big blind $0.05
*** HOLE CARDS ***
Dealt to Dorex2007 [Ks 2d]
mumisber: folds 
twk7: raises $0.10 to $0.15
1tillit1: folds 
SpringsPike: folds 
DEdPo0L: folds 
Dorex2007: folds 
Calam777: folds 
Pokerinthepoon: raises $0.10 to $0.25
twk7: calls $0.10
*** FLOP *** [6d Kh 7s]
Pokerinthepoon: bets $0.10
twk7: folds 
Uncalled bet ($0.10) returned to Pokerinthepoon
Pokerinthepoon collected $0.50 from pot
*** SUMMARY ***
Total pot $0.52 | Rake $0.02 
Board [6d Kh 7s]
Seat 1: mumisber folded before Flop (didn't bet)
Seat 2: twk7 folded on the Flop
Seat 3: 1tillit1 folded before Flop (didn't bet)
Seat 4: SpringsPike folded before Flop (didn't bet)
Seat 5: DEdPo0L folded before Flop (didn't bet)
Seat 6: Dorex2007 (button) folded before Flop (didn't bet)
Seat 7: Calam777 (small blind) folded before Flop
Seat 8: Pokerinthepoon (big blind) collected ($0.50)



PokerStars Hand #237495440379:  Hold'em No Limit ($0.02/$0.05 USD) - 2022/07/21 10:05:20 PT [2022/07/21 13:05:20 ET]
Table 'Tethys' 9-max Seat #7 is the button
Seat 1: mumisber ($6.04 in chips) 
Seat 2: twk7 ($5 in chips) 
Seat 3: 1tillit1 ($5.63 in chips) 
Seat 4: SpringsPike ($4.52 in chips) 
Seat 5: DEdPo0L ($5 in chips) 
Seat 6: Dorex2007 ($10.34 in chips) 
Seat 7: Calam777 ($21.93 in chips) 
Seat 8: Pokerinthepoon ($5.34 in chips) 
Pokerinthepoon: posts small blind $0.02
mumisber: posts big blind $0.05
*** HOLE CARDS ***
Dealt to Dorex2007 [8c 4c]
twk7: folds 
1tillit1 has timed out
1tillit1: folds 
SpringsPike: folds 
DEdPo0L: raises $0.10 to $0.15
Dorex2007: folds 
Calam777: calls $0.15
Pokerinthepoon: calls $0.13
mumisber: folds 
*** FLOP *** [Qc 3d 6h]
Pokerinthepoon: bets $0.10
DEdPo0L: calls $0.10
Calam777: folds 
*** TURN *** [Qc 3d 6h] [6s]
Pokerinthepoon: bets $0.20
DEdPo0L: folds 
Uncalled bet ($0.20) returned to Pokerinthepoon
Pokerinthepoon collected $0.67 from pot
*** SUMMARY ***
Total pot $0.70 | Rake $0.03 
Board [Qc 3d 6h 6s]
Seat 1: mumisber (big blind) folded before Flop
Seat 2: twk7 folded before Flop (didn't bet)
Seat 3: 1tillit1 folded before Flop (didn't bet)
Seat 4: SpringsPike folded before Flop (didn't bet)
Seat 5: DEdPo0L folded on the Turn
Seat 6: Dorex2007 folded before Flop (didn't bet)
Seat 7: Calam777 (button) folded on the Flop
Seat 8: Pokerinthepoon (small blind) collected ($0.67)



PokerStars Hand #237495454092:  Hold'em No Limit ($0.02/$0.05 USD) - 2022/07/21 10:06:02 PT [2022/07/21 13:06:02 ET]
Table 'Tethys' 9-max Seat #8 is the button
Seat 1: mumisber ($5.99 in chips) 
Seat 2: twk7 ($5 in chips) 
Seat 3: 1tillit1 ($5.63 in chips) 
Seat 4: SpringsPike ($4.52 in chips) 
Seat 5: DEdPo0L ($5 in chips) 
Seat 6: Dorex2007 ($10.34 in chips) 
Seat 7: Calam777 ($21.78 in chips) 
Seat 8: Pokerinthepoon ($5.76 in chips) 
mumisber: posts small blind $0.02
twk7: posts big blind $0.05
*** HOLE CARDS ***
Dealt to Dorex2007 [3h 7s]
1tillit1: folds 
SpringsPike: folds 
DEdPo0L: folds 
Dorex2007: folds 
Calam777: folds 
Pokerinthepoon: calls $0.05
mumisber: folds 
twk7: checks 
*** FLOP *** [7c 8d Js]
twk7: checks 
Pokerinthepoon: bets $0.05
twk7: folds 
Uncalled bet ($0.05) returned to Pokerinthepoon
Pokerinthepoon collected $0.12 from pot
*** SUMMARY ***
Total pot $0.12 | Rake $0 
Board [7c 8d Js]
Seat 1: mumisber (small blind) folded before Flop
Seat 2: twk7 (big blind) folded on the Flop
Seat 3: 1tillit1 folded before Flop (didn't bet)
Seat 4: SpringsPike folded before Flop (didn't bet)
Seat 5: DEdPo0L folded before Flop (didn't bet)
Seat 6: Dorex2007 folded before Flop (didn't bet)
Seat 7: Calam777 folded before Flop (didn't bet)
Seat 8: Pokerinthepoon (button) collected ($0.12)



PokerStars Hand #237495461212:  Hold'em No Limit ($0.02/$0.05 USD) - 2022/07/21 10:06:24 PT [2022/07/21 13:06:24 ET]
Table 'Tethys' 9-max Seat #1 is the button
Seat 1: mumisber ($5.97 in chips) 
Seat 2: twk7 ($5 in chips) 
Seat 3: 1tillit1 ($5.63 in chips) 
Seat 4: SpringsPike ($4.52 in chips) 
Seat 5: DEdPo0L ($5 in chips) 
Seat 6: Dorex2007 ($10.34 in chips) 
Seat 7: Calam777 ($21.78 in chips) 
Seat 8: Pokerinthepoon ($5.83 in chips) 
Seat 9: Swaz85 ($0.20 in chips) 
twk7: posts small blind $0.02
1tillit1: posts big blind $0.05
Swaz85: posts small & big blinds $0.07
*** HOLE CARDS ***
Dealt to Dorex2007 [Kd Ks]
SpringsPike: folds 
DEdPo0L: folds 
Dorex2007: raises $0.10 to $0.15
Calam777: folds 
Pokerinthepoon: calls $0.15
Swaz85: folds 
mumisber: calls $0.15
twk7: folds 
1tillit1: calls $0.10
*** FLOP *** [As Ac 3c]
1tillit1: checks 
Dorex2007: bets $0.33
Pokerinthepoon: raises $0.33 to $0.66
mumisber: folds 
1tillit1: folds 
Dorex2007: folds 
Uncalled bet ($0.33) returned to Pokerinthepoon
Pokerinthepoon collected $1.29 from pot
*** SUMMARY ***
Total pot $1.35 | Rake $0.06 
Board [As Ac 3c]
Seat 1: mumisber (button) folded on the Flop
Seat 2: twk7 (small blind) folded before Flop
Seat 3: 1tillit1 (big blind) folded on the Flop
Seat 4: SpringsPike folded before Flop (didn't bet)
Seat 5: DEdPo0L folded before Flop (didn't bet)
Seat 6: Dorex2007 folded on the Flop
Seat 7: Calam777 folded before Flop (didn't bet)
Seat 8: Pokerinthepoon collected ($1.29)
Seat 9: Swaz85 folded before Flop (didn't bet)



PokerStars Hand #237495476178:  Hold'em No Limit ($0.02/$0.05 USD) - 2022/07/21 10:07:10 PT [2022/07/21 13:07:10 ET]
Table 'Tethys' 9-max Seat #2 is the button
Seat 1: mumisber ($5.82 in chips) 
Seat 2: twk7 ($5 in chips) 
Seat 3: 1tillit1 ($5.48 in chips) 
Seat 4: SpringsPike ($4.52 in chips) 
Seat 5: DEdPo0L ($5 in chips) 
Seat 6: Dorex2007 ($9.86 in chips) 
Seat 7: Calam777 ($21.78 in chips) 
Seat 8: Pokerinthepoon ($6.64 in chips) 
Seat 9: Swaz85 ($0.13 in chips) 
1tillit1: posts small blind $0.02
SpringsPike: posts big blind $0.05
*** HOLE CARDS ***
Dealt to Dorex2007 [As 6h]
DEdPo0L: folds 
Dorex2007: folds 
Calam777: folds 
Pokerinthepoon: calls $0.05
Swaz85: calls $0.05
mumisber: folds 
twk7: folds 
1tillit1: folds 
SpringsPike: checks 
*** FLOP *** [6c 5h 4s]
SpringsPike: checks 
Pokerinthepoon: bets $0.10
Swaz85: calls $0.08 and is all-in
SpringsPike: folds 
Uncalled bet ($0.02) returned to Pokerinthepoon
*** TURN *** [6c 5h 4s] [3d]
*** RIVER *** [6c 5h 4s 3d] [8h]
*** SHOW DOWN ***
Pokerinthepoon: shows [Qc 5d] (a pair of Fives)
Swaz85: shows [8d Jd] (a pair of Eights)
Swaz85 collected $0.32 from pot
*** SUMMARY ***
Total pot $0.33 | Rake $0.01 
Board [6c 5h 4s 3d 8h]
Seat 1: mumisber folded before Flop (didn't bet)
Seat 2: twk7 (button) folded before Flop (didn't bet)
Seat 3: 1tillit1 (small blind) folded before Flop
Seat 4: SpringsPike (big blind) folded on the Flop
Seat 5: DEdPo0L folded before Flop (didn't bet)
Seat 6: Dorex2007 folded before Flop (didn't bet)
Seat 7: Calam777 folded before Flop (didn't bet)
Seat 8: Pokerinthepoon showed [Qc 5d] and lost with a pair of Fives
Seat 9: Swaz85 showed [8d Jd] and won ($0.32) with a pair of Eights



PokerStars Hand #237495486197:  Hold'em No Limit ($0.02/$0.05 USD) - 2022/07/21 10:07:42 PT [2022/07/21 13:07:42 ET]
Table 'Tethys' 9-max Seat #3 is the button
Seat 1: mumisber ($5.82 in chips) 
Seat 2: twk7 ($5 in chips) 
Seat 3: 1tillit1 ($5.46 in chips) 
Seat 4: SpringsPike ($4.47 in chips) 
Seat 5: DEdPo0L ($5 in chips) 
Seat 6: Dorex2007 ($9.86 in chips) 
Seat 7: Calam777 ($21.78 in chips) 
Seat 8: Pokerinthepoon ($6.51 in chips) 
Seat 9: Swaz85 ($0.32 in chips) 
SpringsPike: posts small blind $0.02
DEdPo0L: posts big blind $0.05
*** HOLE CARDS ***
Dealt to Dorex2007 [3c Kh]
Dorex2007: folds 
Calam777: calls $0.05
Pokerinthepoon: raises $0.05 to $0.10
Swaz85: raises $0.22 to $0.32 and is all-in
mumisber: folds 
twk7: folds 
1tillit1: folds 
SpringsPike: folds 
DEdPo0L: folds 
Calam777: folds 
Pokerinthepoon: calls $0.22
*** FLOP *** [5d 4s 7c]
*** TURN *** [5d 4s 7c] [3d]
*** RIVER *** [5d 4s 7c 3d] [2h]
*** SHOW DOWN ***
Pokerinthepoon: shows [3h 4d] (two pair, Fours and Threes)
Swaz85: shows [6s As] (a straight, Three to Seven)
Swaz85 collected $0.72 from pot
*** SUMMARY ***
Total pot $0.76 | Rake $0.04 
Board [5d 4s 7c 3d 2h]
Seat 1: mumisber folded before Flop (didn't bet)
Seat 2: twk7 folded before Flop (didn't bet)
Seat 3: 1tillit1 (button) folded before Flop (didn't bet)
Seat 4: SpringsPike (small blind) folded before Flop
Seat 5: DEdPo0L (big blind) folded before Flop
Seat 6: Dorex2007 folded before Flop (didn't bet)
Seat 7: Calam777 folded before Flop
Seat 8: Pokerinthepoon showed [3h 4d] and lost with two pair, Fours and Threes
Seat 9: Swaz85 showed [6s As] and won ($0.72) with a straight, Three to Seven



PokerStars Hand #237495497092:  Hold'em No Limit ($0.02/$0.05 USD) - 2022/07/21 10:08:16 PT [2022/07/21 13:08:16 ET]
Table 'Tethys' 9-max Seat #4 is the button
Seat 1: mumisber ($5.82 in chips) 
Seat 2: twk7 ($5 in chips) 
Seat 3: 1tillit1 ($5.46 in chips) 
Seat 4: SpringsPike ($4.45 in chips) 
Seat 5: DEdPo0L ($5 in chips) 
Seat 6: Dorex2007 ($9.86 in chips) 
Seat 7: Calam777 ($21.73 in chips) 
Seat 8: Pokerinthepoon ($6.19 in chips) 
Seat 9: Swaz85 ($0.72 in chips) 
DEdPo0L: posts small blind $0.02
Dorex2007: posts big blind $0.05
*** HOLE CARDS ***
Dealt to Dorex2007 [8d Td]
Calam777: folds 
Pokerinthepoon: raises $0.05 to $0.10
Swaz85: folds 
mumisber: folds 
twk7: folds 
1tillit1: calls $0.10
SpringsPike: folds 
DEdPo0L: calls $0.08
Dorex2007: folds 
*** FLOP *** [6s Jd 9h]
DEdPo0L: checks 
Pokerinthepoon: bets $0.05
1tillit1: raises $0.15 to $0.20
DEdPo0L: calls $0.20
Pokerinthepoon: calls $0.15
*** TURN *** [6s Jd 9h] [Kd]
DEdPo0L: checks 
Pokerinthepoon: bets $0.20
1tillit1: calls $0.20
DEdPo0L: calls $0.20
*** RIVER *** [6s Jd 9h Kd] [5c]
DEdPo0L: checks 
Pokerinthepoon: bets $0.50
1tillit1: folds 
DEdPo0L: calls $0.50
*** SHOW DOWN ***
Pokerinthepoon: shows [As Kh] (a pair of Kings)
DEdPo0L: mucks hand 
Pokerinthepoon collected $2.44 from pot
*** SUMMARY ***
Total pot $2.55 | Rake $0.11 
Board [6s Jd 9h Kd 5c]
Seat 1: mumisber folded before Flop (didn't bet)
Seat 2: twk7 folded before Flop (didn't bet)
Seat 3: 1tillit1 folded on the River
Seat 4: SpringsPike (button) folded before Flop (didn't bet)
Seat 5: DEdPo0L (small blind) mucked [Js Qs]
Seat 6: Dorex2007 (big blind) folded before Flop
Seat 7: Calam777 folded before Flop (didn't bet)
Seat 8: Pokerinthepoon showed [As Kh] and won ($2.44) with a pair of Kings
Seat 9: Swaz85 folded before Flop (didn't bet)



PokerStars Hand #237495515014:  Hold'em No Limit ($0.02/$0.05 USD) - 2022/07/21 10:09:11 PT [2022/07/21 13:09:11 ET]
Table 'Tethys' 9-max Seat #5 is the button
Seat 1: mumisber ($5.82 in chips) 
Seat 2: twk7 ($5 in chips) 
Seat 3: 1tillit1 ($5 in chips) 
Seat 5: DEdPo0L ($5 in chips) 
Seat 6: Dorex2007 ($9.81 in chips) 
Seat 7: Calam777 ($21.73 in chips) 
Seat 8: Pokerinthepoon ($7.63 in chips) 
Seat 9: Swaz85 ($0.72 in chips) 
Dorex2007: posts small blind $0.02
Calam777: posts big blind $0.05
*** HOLE CARDS ***
Dealt to Dorex2007 [Jd 7c]
Pokerinthepoon: calls $0.05
Swaz85: folds 
mumisber: folds 
twk7: folds 
1tillit1: folds 
DEdPo0L: folds 
Dorex2007: folds 
Calam777: checks 
*** FLOP *** [9s Qd 6c]
Calam777: bets $0.06
Pokerinthepoon: calls $0.06
*** TURN *** [9s Qd 6c] [5d]
Calam777: bets $0.23
Pokerinthepoon: calls $0.23
*** RIVER *** [9s Qd 6c 5d] [9h]
Calam777: bets $0.82
Pokerinthepoon: folds 
Uncalled bet ($0.82) returned to Calam777
Calam777 collected $0.67 from pot
*** SUMMARY ***
Total pot $0.70 | Rake $0.03 
Board [9s Qd 6c 5d 9h]
Seat 1: mumisber folded before Flop (didn't bet)
Seat 2: twk7 folded before Flop (didn't bet)
Seat 3: 1tillit1 folded before Flop (didn't bet)
Seat 5: DEdPo0L (button) folded before Flop (didn't bet)
Seat 6: Dorex2007 (small blind) folded before Flop
Seat 7: Calam777 (big blind) collected ($0.67)
Seat 8: Pokerinthepoon folded on the River
Seat 9: Swaz85 folded before Flop (didn't bet)



PokerStars Hand #237495530590:  Hold'em No Limit ($0.02/$0.05 USD) - 2022/07/21 10:09:58 PT [2022/07/21 13:09:58 ET]
Table 'Tethys' 9-max Seat #6 is the button
Seat 1: mumisber ($5.82 in chips) 
Seat 2: twk7 ($5 in chips) 
Seat 3: 1tillit1 ($5 in chips) 
Seat 5: DEdPo0L ($5 in chips) 
Seat 6: Dorex2007 ($9.79 in chips) 
Seat 7: Calam777 ($22.06 in chips) 
Seat 8: Pokerinthepoon ($7.29 in chips) 
Seat 9: Swaz85 ($0.72 in chips) 
Calam777: posts small blind $0.02
Pokerinthepoon: posts big blind $0.05
*** HOLE CARDS ***
Dealt to Dorex2007 [Jd Ts]
Swaz85: folds 
mumisber: folds 
twk7: folds 
1tillit1: folds 
DEdPo0L: folds 
Dorex2007: folds 
Calam777: calls $0.03
Pokerinthepoon: checks 
*** FLOP *** [5h Kh 4d]
Calam777: checks 
SpringsPike leaves the table
Pokerinthepoon: bets $0.10
H!TM@N1989 joins the table at seat #4 
Calam777: folds 
Uncalled bet ($0.10) returned to Pokerinthepoon
Pokerinthepoon collected $0.10 from pot
*** SUMMARY ***
Total pot $0.10 | Rake $0 
Board [5h Kh 4d]
Seat 1: mumisber folded before Flop (didn't bet)
Seat 2: twk7 folded before Flop (didn't bet)
Seat 3: 1tillit1 folded before Flop (didn't bet)
Seat 5: DEdPo0L folded before Flop (didn't bet)
Seat 6: Dorex2007 (button) folded before Flop (didn't bet)
Seat 7: Calam777 (small blind) folded on the Flop
Seat 8: Pokerinthepoon (big blind) collected ($0.10)
Seat 9: Swaz85 folded before Flop (didn't bet)



PokerStars Hand #237495537566:  Hold'em No Limit ($0.02/$0.05 USD) - 2022/07/21 10:10:20 PT [2022/07/21 13:10:20 ET]
Table 'Tethys' 9-max Seat #7 is the button
Seat 1: mumisber ($5.82 in chips) 
Seat 2: twk7 ($5 in chips) 
Seat 3: 1tillit1 ($5 in chips) 
Seat 5: DEdPo0L ($5 in chips) 
Seat 6: Dorex2007 ($9.79 in chips) 
Seat 7: Calam777 ($22.01 in chips) 
Seat 8: Pokerinthepoon ($7.34 in chips) 
Seat 9: Swaz85 ($0.72 in chips) 
Pokerinthepoon: posts small blind $0.02
Swaz85: posts big blind $0.05
H!TM@N1989: sits out 
*** HOLE CARDS ***
Dealt to Dorex2007 [Kd Kc]
mumisber: folds 
twk7: raises $0.07 to $0.12
1tillit1: folds 
DEdPo0L: folds 
Dorex2007: raises $0.18 to $0.30
Calam777: folds 
Pokerinthepoon: calls $0.28
Swaz85: folds 
twk7: calls $0.18
*** FLOP *** [9h 9d Ac]
Pokerinthepoon: bets $0.05
twk7: folds 
Dorex2007: calls $0.05
*** TURN *** [9h 9d Ac] [8c]
Pokerinthepoon: bets $0.10
Dorex2007: folds 
Uncalled bet ($0.10) returned to Pokerinthepoon
Pokerinthepoon collected $1.01 from pot
*** SUMMARY ***
Total pot $1.05 | Rake $0.04 
Board [9h 9d Ac 8c]
Seat 1: mumisber folded before Flop (didn't bet)
Seat 2: twk7 folded on the Flop
Seat 3: 1tillit1 folded before Flop (didn't bet)
Seat 5: DEdPo0L folded before Flop (didn't bet)
Seat 6: Dorex2007 folded on the Turn
Seat 7: Calam777 (button) folded before Flop (didn't bet)
Seat 8: Pokerinthepoon (small blind) collected ($1.01)
Seat 9: Swaz85 (big blind) folded before Flop



PokerStars Hand #237495554029:  Hold'em No Limit ($0.02/$0.05 USD) - 2022/07/21 10:11:10 PT [2022/07/21 13:11:10 ET]
Table 'Tethys' 9-max Seat #8 is the button
Seat 1: mumisber ($5.82 in chips) 
Seat 2: twk7 ($5 in chips) 
Seat 3: 1tillit1 ($5 in chips) 
Seat 5: DEdPo0L ($5 in chips) 
Seat 6: Dorex2007 ($9.44 in chips) 
Seat 7: Calam777 ($22.01 in chips) 
Seat 8: Pokerinthepoon ($8 in chips) 
Seat 9: Swaz85 ($0.67 in chips) 
Swaz85: posts small blind $0.02
mumisber: posts big blind $0.05
H!TM@N1989: sits out 
*** HOLE CARDS ***
Dealt to Dorex2007 [Qc 6c]
twk7: folds 
1tillit1: folds 
DEdPo0L: folds 
Dorex2007: folds 
Calam777: folds 
Pokerinthepoon: calls $0.05
Swaz85: raises $0.10 to $0.15
mumisber: folds 
Pokerinthepoon: calls $0.10
*** FLOP *** [Td 8c Qd]
Swaz85: bets $0.20
Pokerinthepoon: calls $0.20
*** TURN *** [Td 8c Qd] [9s]
Swaz85: bets $0.32 and is all-in
Pokerinthepoon: calls $0.32
*** RIVER *** [Td 8c Qd 9s] [7h]
*** SHOW DOWN ***
Swaz85: shows [Ks Kh] (a pair of Kings)
Pokerinthepoon: shows [Js 6h] (a straight, Eight to Queen)
Pokerinthepoon collected $1.33 from pot
*** SUMMARY ***
Total pot $1.39 | Rake $0.06 
Board [Td 8c Qd 9s 7h]
Seat 1: mumisber (big blind) folded before Flop
Seat 2: twk7 folded before Flop (didn't bet)
Seat 3: 1tillit1 folded before Flop (didn't bet)
Seat 5: DEdPo0L folded before Flop (didn't bet)
Seat 6: Dorex2007 folded before Flop (didn't bet)
Seat 7: Calam777 folded before Flop (didn't bet)
Seat 8: Pokerinthepoon (button) showed [Js 6h] and won ($1.33) with a straight, Eight to Queen
Seat 9: Swaz85 (small blind) showed [Ks Kh] and lost with a pair of Kings



PokerStars Hand #237495565649:  Hold'em No Limit ($0.02/$0.05 USD) - 2022/07/21 10:11:46 PT [2022/07/21 13:11:46 ET]
Table 'Tethys' 9-max Seat #9 is the button
Seat 1: mumisber ($5.77 in chips) 
Seat 2: twk7 ($5 in chips) 
Seat 3: 1tillit1 ($5 in chips) 
Seat 5: DEdPo0L ($5 in chips) 
Seat 6: Dorex2007 ($9.44 in chips) 
Seat 7: Calam777 ($22.01 in chips) 
Seat 8: Pokerinthepoon ($8.66 in chips) 
Seat 9: Swaz85 ($5 in chips) 
mumisber: posts small blind $0.02
twk7: posts big blind $0.05
H!TM@N1989: sits out 
*** HOLE CARDS ***
Dealt to Dorex2007 [8c 3d]
1tillit1: folds 
DEdPo0L has timed out
DEdPo0L: folds 
Dorex2007: folds 
Calam777: calls $0.05
Pokerinthepoon: raises $0.05 to $0.10
Swaz85: calls $0.10
mumisber: folds 
twk7: folds 
Calam777: calls $0.05
*** FLOP *** [2d 4s 2s]
Calam777: checks 
Pokerinthepoon: bets $0.20
Swaz85: folds 
Calam777: folds 
Uncalled bet ($0.20) returned to Pokerinthepoon
Pokerinthepoon collected $0.35 from pot
*** SUMMARY ***
Total pot $0.37 | Rake $0.02 
Board [2d 4s 2s]
Seat 1: mumisber (small blind) folded before Flop
Seat 2: twk7 (big blind) folded before Flop
Seat 3: 1tillit1 folded before Flop (didn't bet)
Seat 5: DEdPo0L folded before Flop (didn't bet)
Seat 6: Dorex2007 folded before Flop (didn't bet)
Seat 7: Calam777 folded on the Flop
Seat 8: Pokerinthepoon collected ($0.35)
Seat 9: Swaz85 (button) folded on the Flop



PokerStars Hand #237495579437:  Hold'em No Limit ($0.02/$0.05 USD) - 2022/07/21 10:12:28 PT [2022/07/21 13:12:28 ET]
Table 'Tethys' 9-max Seat #1 is the button
Seat 1: mumisber ($5.75 in chips) 
Seat 2: twk7 ($5 in chips) 
Seat 3: 1tillit1 ($5 in chips) 
Seat 5: DEdPo0L ($5 in chips) 
Seat 6: Dorex2007 ($9.44 in chips) 
Seat 7: Calam777 ($21.91 in chips) 
Seat 8: Pokerinthepoon ($8.91 in chips) 
Seat 9: Swaz85 ($4.90 in chips) 
twk7: posts small blind $0.02
1tillit1: posts big blind $0.05
H!TM@N1989: sits out 
*** HOLE CARDS ***
Dealt to Dorex2007 [9d Qd]
DEdPo0L: raises $0.12 to $0.17
Dorex2007: folds 
Calam777: folds 
Pokerinthepoon: calls $0.17
Swaz85: folds 
mumisber: folds 
twk7: folds 
1tillit1: folds 
*** FLOP *** [6h 2s Kc]
DEdPo0L: bets $0.25
Pokerinthepoon: calls $0.25
*** TURN *** [6h 2s Kc] [9s]
DEdPo0L: checks 
Pokerinthepoon: checks 
*** RIVER *** [6h 2s Kc 9s] [3h]
DEdPo0L: checks 
Pokerinthepoon: bets $0.10
DEdPo0L: folds 
Uncalled bet ($0.10) returned to Pokerinthepoon
Pokerinthepoon collected $0.87 from pot
*** SUMMARY ***
Total pot $0.91 | Rake $0.04 
Board [6h 2s Kc 9s 3h]
Seat 1: mumisber (button) folded before Flop (didn't bet)
Seat 2: twk7 (small blind) folded before Flop
Seat 3: 1tillit1 (big blind) folded before Flop
Seat 5: DEdPo0L folded on the River
Seat 6: Dorex2007 folded before Flop (didn't bet)
Seat 7: Calam777 folded before Flop (didn't bet)
Seat 8: Pokerinthepoon collected ($0.87)
Seat 9: Swaz85 folded before Flop (didn't bet)



PokerStars Hand #237495593235:  Hold'em No Limit ($0.02/$0.05 USD) - 2022/07/21 10:13:11 PT [2022/07/21 13:13:11 ET]
Table 'Tethys' 9-max Seat #2 is the button
Seat 1: mumisber ($5.75 in chips) 
Seat 2: twk7 ($5 in chips) 
Seat 3: 1tillit1 ($5 in chips) 
Seat 4: H!TM@N1989 ($5 in chips) 
Seat 5: DEdPo0L ($5 in chips) 
Seat 6: Dorex2007 ($9.44 in chips) 
Seat 7: Calam777 ($21.91 in chips) 
Seat 8: Pokerinthepoon ($9.36 in chips) 
Seat 9: Swaz85 ($4.90 in chips) 
1tillit1: posts small blind $0.02
H!TM@N1989: posts big blind $0.05
*** HOLE CARDS ***
Dealt to Dorex2007 [Th 9d]
DEdPo0L: folds 
Dorex2007: folds 
Calam777: calls $0.05
Pokerinthepoon: calls $0.05
Swaz85: folds 
mumisber: folds 
twk7: raises $0.10 to $0.15
1tillit1: folds 
H!TM@N1989: folds 
Calam777: calls $0.10
Pokerinthepoon: calls $0.10
*** FLOP *** [Jc 3h Ac]
Calam777: checks 
Pokerinthepoon: checks 
twk7: bets $0.35
Calam777: folds 
Pokerinthepoon: calls $0.35
*** TURN *** [Jc 3h Ac] [Ts]
Pokerinthepoon: checks 
twk7: bets $0.76
Pokerinthepoon: folds 
Uncalled bet ($0.76) returned to twk7
twk7 collected $1.17 from pot
*** SUMMARY ***
Total pot $1.22 | Rake $0.05 
Board [Jc 3h Ac Ts]
Seat 1: mumisber folded before Flop (didn't bet)
Seat 2: twk7 (button) collected ($1.17)
Seat 3: 1tillit1 (small blind) folded before Flop
Seat 4: H!TM@N1989 (big blind) folded before Flop
Seat 5: DEdPo0L folded before Flop (didn't bet)
Seat 6: Dorex2007 folded before Flop (didn't bet)
Seat 7: Calam777 folded on the Flop
Seat 8: Pokerinthepoon folded on the Turn
Seat 9: Swaz85 folded before Flop (didn't bet)



PokerStars Hand #237495611129:  Hold'em No Limit ($0.02/$0.05 USD) - 2022/07/21 10:14:05 PT [2022/07/21 13:14:05 ET]
Table 'Tethys' 9-max Seat #3 is the button
Seat 1: mumisber ($5.75 in chips) 
Seat 2: twk7 ($5.67 in chips) 
Seat 3: 1tillit1 ($5 in chips) 
Seat 4: H!TM@N1989 ($5 in chips) 
Seat 5: DEdPo0L ($5 in chips) 
Seat 6: Dorex2007 ($9.44 in chips) 
Seat 7: Calam777 ($21.76 in chips) 
Seat 8: Pokerinthepoon ($8.86 in chips) 
Seat 9: Swaz85 ($4.90 in chips) 
H!TM@N1989: posts small blind $0.02
DEdPo0L: posts big blind $0.05
*** HOLE CARDS ***
Dealt to Dorex2007 [Ad Kc]
Dorex2007: raises $0.05 to $0.10
Calam777: folds 
Calam777 leaves the table
Pokerinthepoon: calls $0.10
Swaz85: folds 
mumisber: folds 
twk7: folds 
1tillit1: folds 
H!TM@N1989: folds 
DEdPo0L: calls $0.05
*** FLOP *** [Ah 8d 8h]
DEdPo0L: checks 
Dorex2007: checks 
Pokerinthepoon: bets $0.05
DEdPo0L: folds 
Dorex2007: raises $0.21 to $0.26
codybud1995 joins the table at seat #7 
Pokerinthepoon: folds 
Uncalled bet ($0.21) returned to Dorex2007
Dorex2007 collected $0.40 from pot
*** SUMMARY ***
Total pot $0.42 | Rake $0.02 
Board [Ah 8d 8h]
Seat 1: mumisber folded before Flop (didn't bet)
Seat 2: twk7 folded before Flop (didn't bet)
Seat 3: 1tillit1 (button) folded before Flop (didn't bet)
Seat 4: H!TM@N1989 (small blind) folded before Flop
Seat 5: DEdPo0L (big blind) folded on the Flop
Seat 6: Dorex2007 collected ($0.40)
Seat 7: Calam777 folded before Flop (didn't bet)
Seat 8: Pokerinthepoon folded on the Flop
Seat 9: Swaz85 folded before Flop (didn't bet)



PokerStars Hand #237495623128:  Hold'em No Limit ($0.02/$0.05 USD) - 2022/07/21 10:14:42 PT [2022/07/21 13:14:42 ET]
Table 'Tethys' 9-max Seat #4 is the button
Seat 1: mumisber ($5.75 in chips) 
Seat 2: twk7 ($5.67 in chips) 
Seat 3: 1tillit1 ($5 in chips) 
Seat 4: H!TM@N1989 ($5 in chips) 
Seat 5: DEdPo0L ($5 in chips) 
Seat 6: Dorex2007 ($9.69 in chips) 
Seat 7: codybud1995 ($3.28 in chips) 
Seat 8: Pokerinthepoon ($8.71 in chips) 
Seat 9: Swaz85 ($4.90 in chips) 
DEdPo0L: posts small blind $0.02
Dorex2007: posts big blind $0.05
codybud1995: posts big blind $0.05
*** HOLE CARDS ***
Dealt to Dorex2007 [9h 8c]
codybud1995: checks 
Pokerinthepoon: calls $0.05
Swaz85: calls $0.05
mumisber: folds 
twk7: folds 
1tillit1: folds 
H!TM@N1989: folds 
DEdPo0L: calls $0.03
Dorex2007: checks 
*** FLOP *** [7s 6h Jc]
DEdPo0L: checks 
Dorex2007: checks 
codybud1995: checks 
Pokerinthepoon: bets $0.05
Swaz85: folds 
DEdPo0L: calls $0.05
Dorex2007: calls $0.05
codybud1995: calls $0.05
*** TURN *** [7s 6h Jc] [3d]
DEdPo0L: checks 
Dorex2007: checks 
codybud1995: checks 
Pokerinthepoon: bets $0.20
DEdPo0L: calls $0.20
Dorex2007: calls $0.20
codybud1995: calls $0.20
*** RIVER *** [7s 6h Jc 3d] [5c]
DEdPo0L: checks 
Dorex2007: bets $0.80
codybud1995: raises $0.80 to $1.60
Pokerinthepoon: folds 
DEdPo0L: folds 
Dorex2007: calls $0.80
*** SHOW DOWN ***
codybud1995: shows [2c 4c] (a straight, Three to Seven)
Dorex2007: shows [9h 8c] (a straight, Five to Nine)
Dorex2007 collected $4.27 from pot
*** SUMMARY ***
Total pot $4.45 | Rake $0.18 
Board [7s 6h Jc 3d 5c]
Seat 1: mumisber folded before Flop (didn't bet)
Seat 2: twk7 folded before Flop (didn't bet)
Seat 3: 1tillit1 folded before Flop (didn't bet)
Seat 4: H!TM@N1989 (button) folded before Flop (didn't bet)
Seat 5: DEdPo0L (small blind) folded on the River
Seat 6: Dorex2007 (big blind) showed [9h 8c] and won ($4.27) with a straight, Five to Nine
Seat 7: codybud1995 showed [2c 4c] and lost with a straight, Three to Seven
Seat 8: Pokerinthepoon folded on the River
Seat 9: Swaz85 folded on the Flop



PokerStars Hand #237495651192:  Hold'em No Limit ($0.02/$0.05 USD) - 2022/07/21 10:16:08 PT [2022/07/21 13:16:08 ET]
Table 'Tethys' 9-max Seat #5 is the button
Seat 1: mumisber ($5.75 in chips) 
Seat 2: twk7 ($5.67 in chips) 
Seat 3: 1tillit1 ($5 in chips) 
Seat 4: H!TM@N1989 ($5 in chips) 
Seat 5: DEdPo0L ($5 in chips) 
Seat 6: Dorex2007 ($12.06 in chips) 
Seat 7: codybud1995 ($1.38 in chips) 
Seat 8: Pokerinthepoon ($8.41 in chips) 
Seat 9: Swaz85 ($4.85 in chips) 
Dorex2007: posts small blind $0.02
codybud1995: posts big blind $0.05
*** HOLE CARDS ***
Dealt to Dorex2007 [4c 3c]
Pokerinthepoon: calls $0.05
Swaz85: folds 
mumisber: folds 
twk7: folds 
1tillit1: folds 
H!TM@N1989: folds 
DEdPo0L: folds 
DEdPo0L leaves the table
Dorex2007: folds 
codybud1995: folds 
codybud1995 leaves the table
Pokerinthepoon collected $0.12 from pot
*** SUMMARY ***
Total pot $0.12 | Rake $0 
Seat 1: mumisber folded before Flop (didn't bet)
Seat 2: twk7 folded before Flop (didn't bet)
Seat 3: 1tillit1 folded before Flop (didn't bet)
Seat 4: H!TM@N1989 folded before Flop (didn't bet)
Seat 5: DEdPo0L (button) folded before Flop (didn't bet)
Seat 6: Dorex2007 (small blind) folded before Flop
Seat 7: codybud1995 (big blind) folded before Flop
Seat 8: Pokerinthepoon collected ($0.12)
Seat 9: Swaz85 folded before Flop (didn't bet)



PokerStars Hand #237495656191:  Hold'em No Limit ($0.02/$0.05 USD) - 2022/07/21 10:16:23 PT [2022/07/21 13:16:23 ET]
Table 'Tethys' 9-max Seat #6 is the button
Seat 1: mumisber ($5.75 in chips) 
Seat 2: twk7 ($5.67 in chips) 
Seat 3: 1tillit1 ($5 in chips) 
Seat 4: H!TM@N1989 ($5 in chips) 
Seat 6: Dorex2007 ($12.04 in chips) 
Seat 8: Pokerinthepoon ($8.48 in chips) 
Seat 9: Swaz85 ($4.85 in chips) 
Pokerinthepoon: posts small blind $0.02
Swaz85: posts big blind $0.05
*** HOLE CARDS ***
Dealt to Dorex2007 [2c 8s]
alexahk joins the table at seat #5 
mumisber: folds 
twk7: folds 
1tillit1: raises $0.10 to $0.15
tanyaa1956 joins the table at seat #7 
H!TM@N1989: folds 
Dorex2007: folds 
Pokerinthepoon: calls $0.13
Swaz85: calls $0.10
*** FLOP *** [7h 4d 9s]
Pokerinthepoon: bets $0.05
Swaz85: calls $0.05
1tillit1: calls $0.05
*** TURN *** [7h 4d 9s] [Jh]
Pokerinthepoon: bets $0.20
Swaz85: folds 
1tillit1: calls $0.20
*** RIVER *** [7h 4d 9s Jh] [Ac]
Pokerinthepoon: bets $0.20
1tillit1: calls $0.20
*** SHOW DOWN ***
Pokerinthepoon: shows [Jc Qd] (a pair of Jacks)
1tillit1: shows [8h Ah] (a pair of Aces)
1tillit1 collected $1.32 from pot
*** SUMMARY ***
Total pot $1.40 | Rake $0.08 
Board [7h 4d 9s Jh Ac]
Seat 1: mumisber folded before Flop (didn't bet)
Seat 2: twk7 folded before Flop (didn't bet)
Seat 3: 1tillit1 showed [8h Ah] and won ($1.32) with a pair of Aces
Seat 4: H!TM@N1989 folded before Flop (didn't bet)
Seat 6: Dorex2007 (button) folded before Flop (didn't bet)
Seat 8: Pokerinthepoon (small blind) showed [Jc Qd] and lost with a pair of Jacks
Seat 9: Swaz85 (big blind) folded on the Turn



PokerStars Hand #237495675174:  Hold'em No Limit ($0.02/$0.05 USD) - 2022/07/21 10:17:20 PT [2022/07/21 13:17:20 ET]
Table 'Tethys' 9-max Seat #8 is the button
Seat 1: mumisber ($5.75 in chips) 
Seat 2: twk7 ($5.67 in chips) 
Seat 3: 1tillit1 ($5.72 in chips) 
Seat 4: H!TM@N1989 ($5 in chips) 
Seat 6: Dorex2007 ($12.04 in chips) 
Seat 8: Pokerinthepoon ($7.88 in chips) 
Seat 9: Swaz85 ($4.65 in chips) 
Swaz85: posts small blind $0.02
mumisber: posts big blind $0.05
alexahk: sits out 
tanyaa1956: sits out 
*** HOLE CARDS ***
Dealt to Dorex2007 [Ac Jh]
twk7: folds 
1tillit1: folds 
H!TM@N1989: folds 
Dorex2007: folds 
Pokerinthepoon: calls $0.05
Swaz85: folds 
mumisber: checks 
*** FLOP *** [7d 6h 3c]
mumisber: checks 
Pokerinthepoon: bets $0.05
mumisber: calls $0.05
*** TURN *** [7d 6h 3c] [6d]
mumisber: checks 
Pokerinthepoon: checks 
*** RIVER *** [7d 6h 3c 6d] [9h]
mumisber: bets $0.10
Pokerinthepoon: folds 
Uncalled bet ($0.10) returned to mumisber
mumisber collected $0.21 from pot
*** SUMMARY ***
Total pot $0.22 | Rake $0.01 
Board [7d 6h 3c 6d 9h]
Seat 1: mumisber (big blind) collected ($0.21)
Seat 2: twk7 folded before Flop (didn't bet)
Seat 3: 1tillit1 folded before Flop (didn't bet)
Seat 4: H!TM@N1989 folded before Flop (didn't bet)
Seat 6: Dorex2007 folded before Flop (didn't bet)
Seat 8: Pokerinthepoon (button) folded on the River
Seat 9: Swaz85 (small blind) folded before Flop



PokerStars Hand #237495697192:  Hold'em No Limit ($0.02/$0.05 USD) - 2022/07/21 10:18:28 PT [2022/07/21 13:18:28 ET]
Table 'Tethys' 9-max Seat #9 is the button
Seat 1: mumisber ($5.86 in chips) 
Seat 2: twk7 ($5.67 in chips) 
Seat 3: 1tillit1 ($5.72 in chips) 
Seat 4: H!TM@N1989 ($5 in chips) 
Seat 6: Dorex2007 ($12.04 in chips) 
Seat 8: Pokerinthepoon ($7.78 in chips) 
Seat 9: Swaz85 ($4.63 in chips) 
mumisber: posts small blind $0.02
twk7: posts big blind $0.05
alexahk: sits out 
tanyaa1956: sits out 
*** HOLE CARDS ***
Dealt to Dorex2007 [Kc 3d]
1tillit1: folds 
H!TM@N1989: folds 
Dorex2007: folds 
Pokerinthepoon: calls $0.05
Swaz85: folds 
mumisber: calls $0.03
twk7: checks 
*** FLOP *** [5c 6d 9s]
mumisber: checks 
twk7: checks 
Pokerinthepoon: bets $0.10
mumisber: calls $0.10
twk7: calls $0.10
*** TURN *** [5c 6d 9s] [Qh]
mumisber: checks 
twk7: checks 
Pokerinthepoon: bets $0.10
mumisber: folds 
twk7: calls $0.10
*** RIVER *** [5c 6d 9s Qh] [3c]
twk7: checks 
Pokerinthepoon: bets $0.20
twk7: folds 
Uncalled bet ($0.20) returned to Pokerinthepoon
Pokerinthepoon collected $0.62 from pot
*** SUMMARY ***
Total pot $0.65 | Rake $0.03 
Board [5c 6d 9s Qh 3c]
Seat 1: mumisber (small blind) folded on the Turn
Seat 2: twk7 (big blind) folded on the River
Seat 3: 1tillit1 folded before Flop (didn't bet)
Seat 4: H!TM@N1989 folded before Flop (didn't bet)
Seat 6: Dorex2007 folded before Flop (didn't bet)
Seat 8: Pokerinthepoon collected ($0.62)
Seat 9: Swaz85 (button) folded before Flop (didn't bet)



PokerStars Hand #237495728420:  Hold'em No Limit ($0.02/$0.05 USD) - 2022/07/21 10:19:44 PT [2022/07/21 13:19:44 ET]
Table 'Tethys' 9-max Seat #1 is the button
Seat 1: mumisber ($5.71 in chips) 
Seat 2: twk7 ($5.42 in chips) 
Seat 3: 1tillit1 ($5.72 in chips) 
Seat 4: H!TM@N1989 ($5 in chips) 
Seat 6: Dorex2007 ($12.04 in chips) 
Seat 8: Pokerinthepoon ($8.15 in chips) 
Seat 9: Swaz85 ($4.63 in chips) 
twk7: posts small blind $0.02
1tillit1: posts big blind $0.05
alexahk: sits out 
tanyaa1956: sits out 
*** HOLE CARDS ***
Dealt to Dorex2007 [2s Tc]
H!TM@N1989: folds 
Dorex2007: folds 
Pokerinthepoon: calls $0.05
Swaz85: folds 
mumisber: folds 
twk7: folds 
1tillit1: checks 
*** FLOP *** [4c 3h 6d]
1tillit1: checks 
Pokerinthepoon: bets $0.05
1tillit1: folds 
Uncalled bet ($0.05) returned to Pokerinthepoon
Pokerinthepoon collected $0.12 from pot
*** SUMMARY ***
Total pot $0.12 | Rake $0 
Board [4c 3h 6d]
Seat 1: mumisber (button) folded before Flop (didn't bet)
Seat 2: twk7 (small blind) folded before Flop
Seat 3: 1tillit1 (big blind) folded on the Flop
Seat 4: H!TM@N1989 folded before Flop (didn't bet)
Seat 6: Dorex2007 folded before Flop (didn't bet)
Seat 8: Pokerinthepoon collected ($0.12)
Seat 9: Swaz85 folded before Flop (didn't bet)



PokerStars Hand #237495736952:  Hold'em No Limit ($0.02/$0.05 USD) - 2022/07/21 10:20:10 PT [2022/07/21 13:20:10 ET]
Table 'Tethys' 9-max Seat #2 is the button
Seat 1: mumisber ($5.71 in chips) 
Seat 2: twk7 ($5.40 in chips) 
Seat 3: 1tillit1 ($5.67 in chips) 
Seat 4: H!TM@N1989 ($5 in chips) 
Seat 6: Dorex2007 ($12.04 in chips) 
Seat 8: Pokerinthepoon ($8.22 in chips) 
Seat 9: Swaz85 ($4.63 in chips) 
1tillit1: posts small blind $0.02
H!TM@N1989: posts big blind $0.05
alexahk: sits out 
tanyaa1956: sits out 
*** HOLE CARDS ***
Dealt to Dorex2007 [Jh Qd]
Dorex2007: calls $0.05
Pokerinthepoon: raises $0.05 to $0.10
Swaz85: folds 
mumisber: folds 
twk7: folds 
1tillit1: calls $0.08
H!TM@N1989: raises $0.55 to $0.65
Dorex2007: calls $0.60
Pokerinthepoon: calls $0.55
1tillit1: folds 
*** FLOP *** [Kd 9h Td]
H!TM@N1989: bets $1.31
Dorex2007: raises $10.08 to $11.39 and is all-in
Pokerinthepoon: folds 
H!TM@N1989: calls $3.04 and is all-in
Uncalled bet ($7.04) returned to Dorex2007
H!TM@N1989 has timed out
*** TURN *** [Kd 9h Td] [Kc]
*** RIVER *** [Kd 9h Td Kc] [3c]
*** SHOW DOWN ***
H!TM@N1989: shows [Ac Kh] (three of a kind, Kings)
Dorex2007: shows [Jh Qd] (a straight, Nine to King)
Dorex2007 cashed out the hand for $9.81 | Cash Out Fee $0.10
*** SUMMARY ***
Total pot $10.75 | Rake $0.45 
Board [Kd 9h Td Kc 3c]
Seat 1: mumisber folded before Flop (didn't bet)
Seat 2: twk7 (button) folded before Flop (didn't bet)
Seat 3: 1tillit1 (small blind) folded before Flop
Seat 4: H!TM@N1989 (big blind) showed [Ac Kh] and lost with three of a kind, Kings
Seat 6: Dorex2007 showed [Jh Qd] and won ($10.30) with a straight, Nine to King (pot not awarded as player cashed out)
Seat 8: Pokerinthepoon folded on the Flop
Seat 9: Swaz85 folded before Flop (didn't bet)



PokerStars Hand #237495765092:  Hold'em No Limit ($0.02/$0.05 USD) - 2022/07/21 10:21:36 PT [2022/07/21 13:21:36 ET]
Table 'Tethys' 9-max Seat #3 is the button
Seat 1: mumisber ($5.71 in chips) 
Seat 2: twk7 ($5.40 in chips) 
Seat 3: 1tillit1 ($5.57 in chips) 
Seat 4: H!TM@N1989 ($5 in chips) 
Seat 5: alexahk ($5 in chips) 
Seat 6: Dorex2007 ($16.85 in chips) 
Seat 8: Pokerinthepoon ($7.57 in chips) 
Seat 9: Swaz85 ($4.63 in chips) 
H!TM@N1989: posts small blind $0.02
alexahk: posts big blind $0.05
tanyaa1956: sits out 
*** HOLE CARDS ***
Dealt to Dorex2007 [5d 6d]
Dorex2007: folds 
Pokerinthepoon: calls $0.05
Swaz85: folds 
mumisber: folds 
twk7: folds 
1tillit1: folds 
H!TM@N1989: raises $0.20 to $0.25
alexahk: folds 
Pokerinthepoon: calls $0.20
*** FLOP *** [Jh Qd Qh]
H!TM@N1989: checks 
Pokerinthepoon: bets $0.20
H!TM@N1989: folds 
Uncalled bet ($0.20) returned to Pokerinthepoon
Pokerinthepoon collected $0.53 from pot
*** SUMMARY ***
Total pot $0.55 | Rake $0.02 
Board [Jh Qd Qh]
Seat 1: mumisber folded before Flop (didn't bet)
Seat 2: twk7 folded before Flop (didn't bet)
Seat 3: 1tillit1 (button) folded before Flop (didn't bet)
Seat 4: H!TM@N1989 (small blind) folded on the Flop
Seat 5: alexahk (big blind) folded before Flop
Seat 6: Dorex2007 folded before Flop (didn't bet)
Seat 8: Pokerinthepoon collected ($0.53)
Seat 9: Swaz85 folded before Flop (didn't bet)



PokerStars Hand #237495779559:  Hold'em No Limit ($0.02/$0.05 USD) - 2022/07/21 10:22:20 PT [2022/07/21 13:22:20 ET]
Table 'Tethys' 9-max Seat #4 is the button
Seat 1: mumisber ($5.71 in chips) 
Seat 2: twk7 ($5.40 in chips) 
Seat 3: 1tillit1 ($5.57 in chips) 
Seat 4: H!TM@N1989 ($5 in chips) 
Seat 5: alexahk ($5 in chips) 
Seat 6: Dorex2007 ($16.85 in chips) 
Seat 8: Pokerinthepoon ($7.85 in chips) 
Seat 9: Swaz85 ($4.63 in chips) 
alexahk: posts small blind $0.02
Dorex2007: posts big blind $0.05
tanyaa1956: sits out 
*** HOLE CARDS ***
Dealt to Dorex2007 [Th Kh]
Pokerinthepoon: raises $0.05 to $0.10
Swaz85: folds 
mumisber: folds 
twk7: folds 
1tillit1: folds 
H!TM@N1989: folds 
alexahk: folds 
Dorex2007: calls $0.05
*** FLOP *** [6c 2d 3h]
Dorex2007: checks 
Pokerinthepoon: bets $0.10
Dorex2007: folds 
Uncalled bet ($0.10) returned to Pokerinthepoon
Pokerinthepoon collected $0.21 from pot
*** SUMMARY ***
Total pot $0.22 | Rake $0.01 
Board [6c 2d 3h]
Seat 1: mumisber folded before Flop (didn't bet)
Seat 2: twk7 folded before Flop (didn't bet)
Seat 3: 1tillit1 folded before Flop (didn't bet)
Seat 4: H!TM@N1989 (button) folded before Flop (didn't bet)
Seat 5: alexahk (small blind) folded before Flop
Seat 6: Dorex2007 (big blind) folded on the Flop
Seat 8: Pokerinthepoon collected ($0.21)
Seat 9: Swaz85 folded before Flop (didn't bet)



PokerStars Hand #237495789202:  Hold'em No Limit ($0.02/$0.05 USD) - 2022/07/21 10:22:50 PT [2022/07/21 13:22:50 ET]
Table 'Tethys' 9-max Seat #5 is the button
Seat 1: mumisber ($5.71 in chips) 
Seat 2: twk7 ($5.40 in chips) 
Seat 3: 1tillit1 ($5.57 in chips) 
Seat 4: H!TM@N1989 ($5 in chips) 
Seat 5: alexahk ($5 in chips) 
Seat 6: Dorex2007 ($16.75 in chips) 
Seat 7: tanyaa1956 ($5 in chips) 
Seat 8: Pokerinthepoon ($7.96 in chips) 
Seat 9: Swaz85 ($4.63 in chips) 
Dorex2007: posts small blind $0.02
tanyaa1956: posts big blind $0.05
*** HOLE CARDS ***
Dealt to Dorex2007 [5d 2h]
Pokerinthepoon: raises $0.05 to $0.10
Swaz85: folds 
mumisber: folds 
twk7: calls $0.10
1tillit1: calls $0.10
H!TM@N1989: folds 
alexahk: folds 
Dorex2007: folds 
tanyaa1956: folds 
*** FLOP *** [Tc 4s 3c]
Pokerinthepoon: bets $0.05
twk7: raises $0.10 to $0.15
1tillit1: raises $0.45 to $0.60
Pokerinthepoon: calls $0.55
twk7: folds 
*** TURN *** [Tc 4s 3c] [7h]
Pokerinthepoon: bets $0.10
1tillit1: raises $0.85 to $0.95
Pokerinthepoon: calls $0.85
*** RIVER *** [Tc 4s 3c 7h] [Kh]
Pokerinthepoon: bets $0.30
1tillit1: raises $1.08 to $1.38
Pokerinthepoon: folds 
Uncalled bet ($1.08) returned to 1tillit1
1tillit1 collected $4 from pot
*** SUMMARY ***
Total pot $4.22 | Rake $0.22 
Board [Tc 4s 3c 7h Kh]
Seat 1: mumisber folded before Flop (didn't bet)
Seat 2: twk7 folded on the Flop
Seat 3: 1tillit1 collected ($4)
Seat 4: H!TM@N1989 folded before Flop (didn't bet)
Seat 5: alexahk (button) folded before Flop (didn't bet)
Seat 6: Dorex2007 (small blind) folded before Flop
Seat 7: tanyaa1956 (big blind) folded before Flop
Seat 8: Pokerinthepoon folded on the River
Seat 9: Swaz85 folded before Flop (didn't bet)



PokerStars Hand #237495816187:  Hold'em No Limit ($0.02/$0.05 USD) - 2022/07/21 10:24:12 PT [2022/07/21 13:24:12 ET]
Table 'Tethys' 9-max Seat #6 is the button
Seat 1: mumisber ($5.71 in chips) 
Seat 2: twk7 ($5.15 in chips) 
Seat 3: 1tillit1 ($7.62 in chips) 
Seat 4: H!TM@N1989 ($5 in chips) 
Seat 5: alexahk ($5 in chips) 
Seat 6: Dorex2007 ($16.73 in chips) 
Seat 7: tanyaa1956 ($5 in chips) 
Seat 8: Pokerinthepoon ($6.01 in chips) 
Seat 9: Swaz85 ($4.63 in chips) 
tanyaa1956: posts small blind $0.02
Pokerinthepoon: posts big blind $0.05
*** HOLE CARDS ***
Dealt to Dorex2007 [9d 4d]
Swaz85: folds 
mumisber: folds 
twk7: folds 
1tillit1: folds 
H!TM@N1989: folds 
alexahk: folds 
Dorex2007: folds 
tanyaa1956: raises $0.10 to $0.15
Pokerinthepoon: calls $0.10
*** FLOP *** [9h Th Jh]
tanyaa1956: bets $0.20
Pokerinthepoon: raises $0.20 to $0.40
tanyaa1956: raises $4.45 to $4.85 and is all-in
Pokerinthepoon: calls $4.45
*** TURN *** [9h Th Jh] [Ks]
*** RIVER *** [9h Th Jh Ks] [Qh]
*** SHOW DOWN ***
tanyaa1956: shows [Kc Kh] (a straight flush, Nine to King)
Pokerinthepoon: shows [Kd Qs] (a straight, Nine to King)
tanyaa1956 collected $9.58 from pot
*** SUMMARY ***
Total pot $10 | Rake $0.42 
Board [9h Th Jh Ks Qh]
Seat 1: mumisber folded before Flop (didn't bet)
Seat 2: twk7 folded before Flop (didn't bet)
Seat 3: 1tillit1 folded before Flop (didn't bet)
Seat 4: H!TM@N1989 folded before Flop (didn't bet)
Seat 5: alexahk folded before Flop (didn't bet)
Seat 6: Dorex2007 (button) folded before Flop (didn't bet)
Seat 7: tanyaa1956 (small blind) showed [Kc Kh] and won ($9.58) with a straight flush, Nine to King
Seat 8: Pokerinthepoon (big blind) showed [Kd Qs] and lost with a straight, Nine to King
Seat 9: Swaz85 folded before Flop (didn't bet)



PokerStars Hand #237495833193:  Hold'em No Limit ($0.02/$0.05 USD) - 2022/07/21 10:25:03 PT [2022/07/21 13:25:03 ET]
Table 'Tethys' 9-max Seat #7 is the button
Seat 1: mumisber ($5.71 in chips) 
Seat 2: twk7 ($5.15 in chips) 
Seat 3: 1tillit1 ($7.62 in chips) 
Seat 4: H!TM@N1989 ($5 in chips) 
Seat 5: alexahk ($5 in chips) 
Seat 6: Dorex2007 ($16.73 in chips) 
Seat 7: tanyaa1956 ($9.58 in chips) 
Seat 8: Pokerinthepoon ($1.01 in chips) 
Seat 9: Swaz85 ($4.63 in chips) 
Pokerinthepoon: posts small blind $0.02
Swaz85: posts big blind $0.05
*** HOLE CARDS ***
Dealt to Dorex2007 [4d 5s]
mumisber: folds 
twk7: folds 
1tillit1: folds 
H!TM@N1989: folds 
alexahk: folds 
Dorex2007: folds 
tanyaa1956: folds 
Pokerinthepoon: calls $0.03
Swaz85: checks 
*** FLOP *** [3s 4s 7d]
Pokerinthepoon: bets $0.05
Swaz85: folds 
Uncalled bet ($0.05) returned to Pokerinthepoon
Pokerinthepoon collected $0.10 from pot
*** SUMMARY ***
Total pot $0.10 | Rake $0 
Board [3s 4s 7d]
Seat 1: mumisber folded before Flop (didn't bet)
Seat 2: twk7 folded before Flop (didn't bet)
Seat 3: 1tillit1 folded before Flop (didn't bet)
Seat 4: H!TM@N1989 folded before Flop (didn't bet)
Seat 5: alexahk folded before Flop (didn't bet)
Seat 6: Dorex2007 folded before Flop (didn't bet)
Seat 7: tanyaa1956 (button) folded before Flop (didn't bet)
Seat 8: Pokerinthepoon (small blind) collected ($0.10)
Seat 9: Swaz85 (big blind) folded on the Flop



PokerStars Hand #237495844991:  Hold'em No Limit ($0.02/$0.05 USD) - 2022/07/21 10:25:39 PT [2022/07/21 13:25:39 ET]
Table 'Tethys' 9-max Seat #8 is the button
Seat 1: mumisber ($5.71 in chips) 
Seat 2: twk7 ($5.15 in chips) 
Seat 3: 1tillit1 ($7.62 in chips) 
Seat 4: H!TM@N1989 ($5 in chips) 
Seat 5: alexahk ($5 in chips) 
Seat 6: Dorex2007 ($16.73 in chips) 
Seat 7: tanyaa1956 ($9.58 in chips) 
Seat 8: Pokerinthepoon ($1.06 in chips) 
Seat 9: Swaz85 ($4.58 in chips) 
Swaz85: posts small blind $0.02
mumisber: posts big blind $0.05
*** HOLE CARDS ***
Dealt to Dorex2007 [Jd Ah]
twk7: folds 
1tillit1: folds 
H!TM@N1989: folds 
alexahk: folds 
Dorex2007: raises $0.05 to $0.10
tanyaa1956: folds 
Pokerinthepoon: calls $0.10
Swaz85: calls $0.08
mumisber: folds 
*** FLOP *** [3d 7d 6d]
Swaz85: checks 
Dorex2007: checks 
Pokerinthepoon: bets $0.10
Swaz85: calls $0.10
Dorex2007: calls $0.10
*** TURN *** [3d 7d 6d] [Qs]
Swaz85: checks 
Dorex2007: checks 
Pokerinthepoon: bets $0.86 and is all-in
Swaz85: folds 
Dorex2007: folds 
Uncalled bet ($0.86) returned to Pokerinthepoon
Pokerinthepoon collected $0.62 from pot
*** SUMMARY ***
Total pot $0.65 | Rake $0.03 
Board [3d 7d 6d Qs]
Seat 1: mumisber (big blind) folded before Flop
Seat 2: twk7 folded before Flop (didn't bet)
Seat 3: 1tillit1 folded before Flop (didn't bet)
Seat 4: H!TM@N1989 folded before Flop (didn't bet)
Seat 5: alexahk folded before Flop (didn't bet)
Seat 6: Dorex2007 folded on the Turn
Seat 7: tanyaa1956 folded before Flop (didn't bet)
Seat 8: Pokerinthepoon (button) collected ($0.62)
Seat 9: Swaz85 (small blind) folded on the Turn



PokerStars Hand #237495860527:  Hold'em No Limit ($0.02/$0.05 USD) - 2022/07/21 10:26:26 PT [2022/07/21 13:26:26 ET]
Table 'Tethys' 9-max Seat #9 is the button
Seat 1: mumisber ($5.66 in chips) 
Seat 2: twk7 ($5.15 in chips) 
Seat 3: 1tillit1 ($7.62 in chips) 
Seat 4: H!TM@N1989 ($5 in chips) 
Seat 5: alexahk ($5 in chips) 
Seat 6: Dorex2007 ($16.53 in chips) 
Seat 7: tanyaa1956 ($9.58 in chips) 
Seat 8: Pokerinthepoon ($1.48 in chips) 
Seat 9: Swaz85 ($4.38 in chips) 
mumisber: posts small blind $0.02
twk7: posts big blind $0.05
*** HOLE CARDS ***
Dealt to Dorex2007 [3c Kd]
1tillit1: folds 
H!TM@N1989: folds 
alexahk: folds 
Dorex2007: folds 
tanyaa1956: folds 
Pokerinthepoon: calls $0.05
Swaz85: folds 
mumisber: folds 
twk7: raises $0.20 to $0.25
Pokerinthepoon: calls $0.20
*** FLOP *** [7h 9c Ad]
twk7: bets $4.90 and is all-in
Pokerinthepoon: calls $1.23 and is all-in
Uncalled bet ($3.67) returned to twk7
*** TURN *** [7h 9c Ad] [8c]
*** RIVER *** [7h 9c Ad 8c] [7c]
*** SHOW DOWN ***
twk7: shows [Ac Qc] (a flush, Ace high)
Pokerinthepoon: shows [Js 9d] (two pair, Nines and Sevens)
twk7 collected $2.86 from pot
*** SUMMARY ***
Total pot $2.98 | Rake $0.12 
Board [7h 9c Ad 8c 7c]
Seat 1: mumisber (small blind) folded before Flop
Seat 2: twk7 (big blind) showed [Ac Qc] and won ($2.86) with a flush, Ace high
Seat 3: 1tillit1 folded before Flop (didn't bet)
Seat 4: H!TM@N1989 folded before Flop (didn't bet)
Seat 5: alexahk folded before Flop (didn't bet)
Seat 6: Dorex2007 folded before Flop (didn't bet)
Seat 7: tanyaa1956 folded before Flop (didn't bet)
Seat 8: Pokerinthepoon showed [Js 9d] and lost with two pair, Nines and Sevens
Seat 9: Swaz85 (button) folded before Flop (didn't bet)



PokerStars Hand #237495871258:  Hold'em No Limit ($0.02/$0.05 USD) - 2022/07/21 10:26:59 PT [2022/07/21 13:26:59 ET]
Table 'Tethys' 9-max Seat #1 is the button
Seat 1: mumisber ($5.64 in chips) 
Seat 2: twk7 ($6.53 in chips) 
Seat 3: 1tillit1 ($7.62 in chips) 
Seat 4: H!TM@N1989 ($5 in chips) 
Seat 5: alexahk ($5 in chips) 
Seat 6: Dorex2007 ($16.53 in chips) 
Seat 7: tanyaa1956 ($9.58 in chips) 
Seat 9: Swaz85 ($4.38 in chips) 
twk7: posts small blind $0.02
1tillit1: posts big blind $0.05
*** HOLE CARDS ***
Dealt to Dorex2007 [Jd 8c]
H!TM@N1989: folds 
alexahk: folds 
Dorex2007: folds 
tanyaa1956: folds 
Swaz85: folds 
mumisber: folds 
twk7: folds 
Uncalled bet ($0.03) returned to 1tillit1
1tillit1 collected $0.04 from pot
*** SUMMARY ***
Total pot $0.04 | Rake $0 
Seat 1: mumisber (button) folded before Flop (didn't bet)
Seat 2: twk7 (small blind) folded before Flop
Seat 3: 1tillit1 (big blind) collected ($0.04)
Seat 4: H!TM@N1989 folded before Flop (didn't bet)
Seat 5: alexahk folded before Flop (didn't bet)
Seat 6: Dorex2007 folded before Flop (didn't bet)
Seat 7: tanyaa1956 folded before Flop (didn't bet)
Seat 9: Swaz85 folded before Flop (didn't bet)



PokerStars Hand #237495876029:  Hold'em No Limit ($0.02/$0.05 USD) - 2022/07/21 10:27:13 PT [2022/07/21 13:27:13 ET]
Table 'Tethys' 9-max Seat #2 is the button
Seat 1: mumisber ($5.64 in chips) 
Seat 2: twk7 ($6.51 in chips) 
Seat 3: 1tillit1 ($7.64 in chips) 
Seat 4: H!TM@N1989 ($5 in chips) 
Seat 5: alexahk ($5 in chips) 
Seat 6: Dorex2007 ($16.53 in chips) 
Seat 7: tanyaa1956 ($9.58 in chips) 
Seat 9: Swaz85 ($4.38 in chips) 
1tillit1: posts small blind $0.02
H!TM@N1989: posts big blind $0.05
*** HOLE CARDS ***
Dealt to Dorex2007 [8s 6s]
alexahk: folds 
Dorex2007: folds 
tanyaa1956: folds 
Swaz85: folds 
mumisber: folds 
twk7: folds 
1tillit1: raises $0.10 to $0.15
H!TM@N1989: folds 
Uncalled bet ($0.10) returned to 1tillit1
1tillit1 collected $0.10 from pot
*** SUMMARY ***
Total pot $0.10 | Rake $0 
Seat 1: mumisber folded before Flop (didn't bet)
Seat 2: twk7 (button) folded before Flop (didn't bet)
Seat 3: 1tillit1 (small blind) collected ($0.10)
Seat 4: H!TM@N1989 (big blind) folded before Flop
Seat 5: alexahk folded before Flop (didn't bet)
Seat 6: Dorex2007 folded before Flop (didn't bet)
Seat 7: tanyaa1956 folded before Flop (didn't bet)
Seat 9: Swaz85 folded before Flop (didn't bet)



PokerStars Hand #237495881370:  Hold'em No Limit ($0.02/$0.05 USD) - 2022/07/21 10:27:29 PT [2022/07/21 13:27:29 ET]
Table 'Tethys' 9-max Seat #3 is the button
Seat 1: mumisber ($5.64 in chips) 
Seat 2: twk7 ($6.51 in chips) 
Seat 3: 1tillit1 ($7.69 in chips) 
Seat 4: H!TM@N1989 ($5 in chips) 
Seat 5: alexahk ($5 in chips) 
Seat 6: Dorex2007 ($16.53 in chips) 
Seat 7: tanyaa1956 ($9.58 in chips) 
Seat 8: Pokerinthepoon ($5 in chips) 
Seat 9: Swaz85 ($4.38 in chips) 
H!TM@N1989: posts small blind $0.02
alexahk: posts big blind $0.05
*** HOLE CARDS ***
Dealt to Dorex2007 [4h 2c]
Dorex2007: folds 
tanyaa1956: folds 
Pokerinthepoon: raises $0.05 to $0.10
Swaz85: folds 
mumisber: folds 
twk7: folds 
1tillit1: folds 
H!TM@N1989: folds 
alexahk: folds 
Uncalled bet ($0.05) returned to Pokerinthepoon
Pokerinthepoon collected $0.12 from pot
*** SUMMARY ***
Total pot $0.12 | Rake $0 
Seat 1: mumisber folded before Flop (didn't bet)
Seat 2: twk7 folded before Flop (didn't bet)
Seat 3: 1tillit1 (button) folded before Flop (didn't bet)
Seat 4: H!TM@N1989 (small blind) folded before Flop
Seat 5: alexahk (big blind) folded before Flop
Seat 6: Dorex2007 folded before Flop (didn't bet)
Seat 7: tanyaa1956 folded before Flop (didn't bet)
Seat 8: Pokerinthepoon collected ($0.12)
Seat 9: Swaz85 folded before Flop (didn't bet)



PokerStars Hand #237495886270:  Hold'em No Limit ($0.02/$0.05 USD) - 2022/07/21 10:27:44 PT [2022/07/21 13:27:44 ET]
Table 'Tethys' 9-max Seat #4 is the button
Seat 1: mumisber ($5.64 in chips) 
Seat 2: twk7 ($6.51 in chips) 
Seat 3: 1tillit1 ($7.69 in chips) 
Seat 4: H!TM@N1989 ($5 in chips) 
Seat 5: alexahk ($5 in chips) 
Seat 6: Dorex2007 ($16.53 in chips) 
Seat 7: tanyaa1956 ($9.58 in chips) 
Seat 8: Pokerinthepoon ($5.07 in chips) 
Seat 9: Swaz85 ($4.38 in chips) 
alexahk: posts small blind $0.02
Dorex2007: posts big blind $0.05
*** HOLE CARDS ***
Dealt to Dorex2007 [Ad Js]
tanyaa1956: folds 
Pokerinthepoon: calls $0.05
Swaz85: raises $0.15 to $0.20
mumisber: folds 
twk7: folds 
1tillit1: folds 
H!TM@N1989: folds 
alexahk: folds 
Dorex2007: folds 
Pokerinthepoon: calls $0.15
*** FLOP *** [7s Kh Ks]
Pokerinthepoon: bets $0.10
Swaz85: calls $0.10
*** TURN *** [7s Kh Ks] [Jd]
Pokerinthepoon: bets $0.20
Swaz85: calls $0.20
*** RIVER *** [7s Kh Ks Jd] [2d]
Pokerinthepoon: checks 
Swaz85: bets $0.60
Pokerinthepoon: folds 
Uncalled bet ($0.60) returned to Swaz85
Swaz85 collected $1.02 from pot
*** SUMMARY ***
Total pot $1.07 | Rake $0.05 
Board [7s Kh Ks Jd 2d]
Seat 1: mumisber folded before Flop (didn't bet)
Seat 2: twk7 folded before Flop (didn't bet)
Seat 3: 1tillit1 folded before Flop (didn't bet)
Seat 4: H!TM@N1989 (button) folded before Flop (didn't bet)
Seat 5: alexahk (small blind) folded before Flop
Seat 6: Dorex2007 (big blind) folded before Flop
Seat 7: tanyaa1956 folded before Flop (didn't bet)
Seat 8: Pokerinthepoon folded on the River
Seat 9: Swaz85 collected ($1.02)



PokerStars Hand #237495901750:  Hold'em No Limit ($0.02/$0.05 USD) - 2022/07/21 10:28:32 PT [2022/07/21 13:28:32 ET]
Table 'Tethys' 9-max Seat #5 is the button
Seat 1: mumisber ($5.64 in chips) 
Seat 2: twk7 ($6.51 in chips) 
Seat 3: 1tillit1 ($7.69 in chips) 
Seat 4: H!TM@N1989 ($5 in chips) 
Seat 5: alexahk ($5 in chips) 
Seat 6: Dorex2007 ($16.48 in chips) 
Seat 7: tanyaa1956 ($9.58 in chips) 
Seat 8: Pokerinthepoon ($4.57 in chips) 
Seat 9: Swaz85 ($4.90 in chips) 
Dorex2007: posts small blind $0.02
tanyaa1956: posts big blind $0.05
*** HOLE CARDS ***
Dealt to Dorex2007 [2s 6s]
Pokerinthepoon: calls $0.05
Swaz85: folds 
mumisber: folds 
twk7: folds 
1tillit1: folds 
H!TM@N1989: raises $0.10 to $0.15
alexahk: folds 
Dorex2007: folds 
tanyaa1956: folds 
Pokerinthepoon: raises $0.10 to $0.25
H!TM@N1989: folds 
Uncalled bet ($0.10) returned to Pokerinthepoon
Pokerinthepoon collected $0.37 from pot
*** SUMMARY ***
Total pot $0.37 | Rake $0 
Seat 1: mumisber folded before Flop (didn't bet)
Seat 2: twk7 folded before Flop (didn't bet)
Seat 3: 1tillit1 folded before Flop (didn't bet)
Seat 4: H!TM@N1989 folded before Flop
Seat 5: alexahk (button) folded before Flop (didn't bet)
Seat 6: Dorex2007 (small blind) folded before Flop
Seat 7: tanyaa1956 (big blind) folded before Flop
Seat 8: Pokerinthepoon collected ($0.37)
Seat 9: Swaz85 folded before Flop (didn't bet)



PokerStars Hand #237495909633:  Hold'em No Limit ($0.02/$0.05 USD) - 2022/07/21 10:28:56 PT [2022/07/21 13:28:56 ET]
Table 'Tethys' 9-max Seat #6 is the button
Seat 1: mumisber ($5.64 in chips) 
Seat 2: twk7 ($6.51 in chips) 
Seat 3: 1tillit1 ($7.69 in chips) 
Seat 4: H!TM@N1989 ($5 in chips) 
Seat 5: alexahk ($5 in chips) 
Seat 6: Dorex2007 ($16.46 in chips) 
Seat 7: tanyaa1956 ($9.53 in chips) 
Seat 8: Pokerinthepoon ($4.79 in chips) 
Seat 9: Swaz85 ($4.90 in chips) 
tanyaa1956: posts small blind $0.02
Pokerinthepoon: posts big blind $0.05
*** HOLE CARDS ***
Dealt to Dorex2007 [9d Ts]
Swaz85: folds 
mumisber: folds 
twk7: folds 
1tillit1: folds 
H!TM@N1989: folds 
alexahk: folds 
Dorex2007: folds 
tanyaa1956: raises $0.10 to $0.15
Pokerinthepoon: raises $0.10 to $0.25
tanyaa1956: raises $0.55 to $0.80
Pokerinthepoon: calls $0.55
*** FLOP *** [7s Jh 4d]
tanyaa1956: bets $0.84
Pokerinthepoon: calls $0.84
*** TURN *** [7s Jh 4d] [5d]
tanyaa1956: bets $7.89 and is all-in
Pokerinthepoon: folds 
Uncalled bet ($7.89) returned to tanyaa1956
tanyaa1956 collected $3.14 from pot
*** SUMMARY ***
Total pot $3.28 | Rake $0.14 
Board [7s Jh 4d 5d]
Seat 1: mumisber folded before Flop (didn't bet)
Seat 2: twk7 folded before Flop (didn't bet)
Seat 3: 1tillit1 folded before Flop (didn't bet)
Seat 4: H!TM@N1989 folded before Flop (didn't bet)
Seat 5: alexahk folded before Flop (didn't bet)
Seat 6: Dorex2007 (button) folded before Flop (didn't bet)
Seat 7: tanyaa1956 (small blind) collected ($3.14)
Seat 8: Pokerinthepoon (big blind) folded on the Turn
Seat 9: Swaz85 folded before Flop (didn't bet)



PokerStars Hand #237495922677:  Hold'em No Limit ($0.02/$0.05 USD) - 2022/07/21 10:29:36 PT [2022/07/21 13:29:36 ET]
Table 'Tethys' 9-max Seat #7 is the button
Seat 1: mumisber ($5.64 in chips) 
Seat 2: twk7 ($6.51 in chips) 
Seat 3: 1tillit1 ($7.69 in chips) 
Seat 4: H!TM@N1989 ($5 in chips) 
Seat 5: alexahk ($5 in chips) 
Seat 6: Dorex2007 ($16.46 in chips) 
Seat 7: tanyaa1956 ($11.03 in chips) 
Seat 8: Pokerinthepoon ($3.15 in chips) 
Seat 9: Swaz85 ($4.90 in chips) 
Pokerinthepoon: posts small blind $0.02
Swaz85: posts big blind $0.05
*** HOLE CARDS ***
Dealt to Dorex2007 [9s 6s]
mumisber: folds 
twk7: raises $0.10 to $0.15
1tillit1: folds 
H!TM@N1989: folds 
alexahk: folds 
Dorex2007: folds 
tanyaa1956: folds 
Pokerinthepoon: calls $0.13
Swaz85: folds 
*** FLOP *** [Qs 5c Td]
Pokerinthepoon: checks 
twk7 is disconnected 
twk7 has timed out while disconnected
twk7: checks 
*** TURN *** [Qs 5c Td] [8s]
Pokerinthepoon: checks 
twk7 is connected 
twk7: checks 
*** RIVER *** [Qs 5c Td 8s] [Jd]
Pokerinthepoon: checks 
twk7: checks 
*** SHOW DOWN ***
Pokerinthepoon: shows [Ks 6d] (high card King)
twk7: shows [Ad Jc] (a pair of Jacks)
twk7 collected $0.34 from pot
*** SUMMARY ***
Total pot $0.35 | Rake $0.01 
Board [Qs 5c Td 8s Jd]
Seat 1: mumisber folded before Flop (didn't bet)
Seat 2: twk7 showed [Ad Jc] and won ($0.34) with a pair of Jacks
Seat 3: 1tillit1 folded before Flop (didn't bet)
Seat 4: H!TM@N1989 folded before Flop (didn't bet)
Seat 5: alexahk folded before Flop (didn't bet)
Seat 6: Dorex2007 folded before Flop (didn't bet)
Seat 7: tanyaa1956 (button) folded before Flop (didn't bet)
Seat 8: Pokerinthepoon (small blind) showed [Ks 6d] and lost with high card King
Seat 9: Swaz85 (big blind) folded before Flop



PokerStars Hand #237495963081:  Hold'em No Limit ($0.02/$0.05 USD) - 2022/07/21 10:31:37 PT [2022/07/21 13:31:37 ET]
Table 'Tethys' 9-max Seat #8 is the button
Seat 1: mumisber ($5.64 in chips) 
Seat 2: twk7 ($6.70 in chips) 
Seat 3: 1tillit1 ($7.69 in chips) 
Seat 4: H!TM@N1989 ($5 in chips) 
Seat 5: alexahk ($5 in chips) 
Seat 6: Dorex2007 ($16.46 in chips) 
Seat 7: tanyaa1956 ($11.03 in chips) 
Seat 8: Pokerinthepoon ($3 in chips) 
Seat 9: Swaz85 ($4.85 in chips) 
Swaz85: posts small blind $0.02
mumisber: posts big blind $0.05
*** HOLE CARDS ***
Dealt to Dorex2007 [Kc 2s]
twk7: folds 
1tillit1: folds 
H!TM@N1989: folds 
alexahk: folds 
Dorex2007: folds 
tanyaa1956: folds 
Pokerinthepoon: calls $0.05
Swaz85: folds 
mumisber: checks 
*** FLOP *** [7c Kd 8s]
mumisber: checks 
Pokerinthepoon: bets $0.05
mumisber: folds 
Uncalled bet ($0.05) returned to Pokerinthepoon
Pokerinthepoon collected $0.12 from pot
*** SUMMARY ***
Total pot $0.12 | Rake $0 
Board [7c Kd 8s]
Seat 1: mumisber (big blind) folded on the Flop
Seat 2: twk7 folded before Flop (didn't bet)
Seat 3: 1tillit1 folded before Flop (didn't bet)
Seat 4: H!TM@N1989 folded before Flop (didn't bet)
Seat 5: alexahk folded before Flop (didn't bet)
Seat 6: Dorex2007 folded before Flop (didn't bet)
Seat 7: tanyaa1956 folded before Flop (didn't bet)
Seat 8: Pokerinthepoon (button) collected ($0.12)
Seat 9: Swaz85 (small blind) folded before Flop



PokerStars Hand #237495980823:  Hold'em No Limit ($0.02/$0.05 USD) - 2022/07/21 10:32:31 PT [2022/07/21 13:32:31 ET]
Table 'Tethys' 9-max Seat #9 is the button
Seat 1: mumisber ($5.59 in chips) 
Seat 2: twk7 ($6.70 in chips) 
Seat 3: 1tillit1 ($7.69 in chips) 
Seat 4: H!TM@N1989 ($5 in chips) 
Seat 5: alexahk ($5 in chips) 
Seat 6: Dorex2007 ($16.46 in chips) 
Seat 7: tanyaa1956 ($11.03 in chips) 
Seat 8: Pokerinthepoon ($3.07 in chips) 
Seat 9: Swaz85 ($4.83 in chips) 
mumisber: posts small blind $0.02
twk7: posts big blind $0.05
*** HOLE CARDS ***
Dealt to Dorex2007 [4c 7c]
1tillit1: folds 
H!TM@N1989: folds 
alexahk: folds 
Dorex2007: folds 
tanyaa1956: raises $0.10 to $0.15
Pokerinthepoon: calls $0.15
Swaz85 has timed out
Swaz85: folds 
mumisber: folds 
twk7: folds 
*** FLOP *** [5c Qd Kd]
tanyaa1956: bets $0.23
Pokerinthepoon: calls $0.23
*** TURN *** [5c Qd Kd] [Ac]
tanyaa1956: bets $0.54
Pokerinthepoon: raises $0.54 to $1.08
tanyaa1956: folds 
Uncalled bet ($0.54) returned to Pokerinthepoon
Pokerinthepoon collected $1.83 from pot
*** SUMMARY ***
Total pot $1.91 | Rake $0.08 
Board [5c Qd Kd Ac]
Seat 1: mumisber (small blind) folded before Flop
Seat 2: twk7 (big blind) folded before Flop
Seat 3: 1tillit1 folded before Flop (didn't bet)
Seat 4: H!TM@N1989 folded before Flop (didn't bet)
Seat 5: alexahk folded before Flop (didn't bet)
Seat 6: Dorex2007 folded before Flop (didn't bet)
Seat 7: tanyaa1956 folded on the Turn
Seat 8: Pokerinthepoon collected ($1.83)
Seat 9: Swaz85 (button) folded before Flop (didn't bet)



PokerStars Hand #237496013568:  Hold'em No Limit ($0.02/$0.05 USD) - 2022/07/21 10:33:33 PT [2022/07/21 13:33:33 ET]
Table 'Tethys' 9-max Seat #1 is the button
Seat 1: mumisber ($5.57 in chips) 
Seat 2: twk7 ($6.65 in chips) 
Seat 4: H!TM@N1989 ($5 in chips) 
Seat 5: alexahk ($5 in chips) 
Seat 6: Dorex2007 ($16.46 in chips) 
Seat 7: tanyaa1956 ($10.11 in chips) 
Seat 8: Pokerinthepoon ($3.98 in chips) 
Seat 9: Swaz85 ($4.83 in chips) 
twk7: posts small blind $0.02
1tillit1: is sitting out 
H!TM@N1989: posts big blind $0.05
*** HOLE CARDS ***
Dealt to Dorex2007 [2c 4s]
1tillit1 leaves the table
alexahk: folds 
Dorex2007: folds 
tanyaa1956: folds 
Pokerinthepoon: calls $0.05
Swaz85: raises $0.10 to $0.15
mumisber: folds 
twk7: folds 
H!TM@N1989: folds 
Pokerinthepoon: calls $0.10
*** FLOP *** [5h 5s 8h]
Pokerinthepoon: bets $0.05
Swaz85: calls $0.05
*** TURN *** [5h 5s 8h] [Tc]
Pokerinthepoon: bets $0.05
Swaz85: calls $0.05
*** RIVER *** [5h 5s 8h Tc] [Qh]
Pokerinthepoon: bets $0.05
Swaz85: raises $0.21 to $0.26
Pokerinthepoon: folds 
Uncalled bet ($0.21) returned to Swaz85
Swaz85 collected $0.63 from pot
*** SUMMARY ***
Total pot $0.67 | Rake $0.04 
Board [5h 5s 8h Tc Qh]
Seat 1: mumisber (button) folded before Flop (didn't bet)
Seat 2: twk7 (small blind) folded before Flop
Seat 4: H!TM@N1989 (big blind) folded before Flop
Seat 5: alexahk folded before Flop (didn't bet)
Seat 6: Dorex2007 folded before Flop (didn't bet)
Seat 7: tanyaa1956 folded before Flop (didn't bet)
Seat 8: Pokerinthepoon folded on the River
Seat 9: Swaz85 collected ($0.63)



PokerStars Hand #237496028024:  Hold'em No Limit ($0.02/$0.05 USD) - 2022/07/21 10:34:17 PT [2022/07/21 13:34:17 ET]
Table 'Tethys' 9-max Seat #2 is the button
Seat 1: mumisber ($5.57 in chips) 
Seat 2: twk7 ($6.63 in chips) 
Seat 4: H!TM@N1989 ($5 in chips) 
Seat 5: alexahk ($5 in chips) 
Seat 6: Dorex2007 ($16.46 in chips) 
Seat 7: tanyaa1956 ($10.11 in chips) 
Seat 8: Pokerinthepoon ($3.68 in chips) 
Seat 9: Swaz85 ($5.16 in chips) 
H!TM@N1989: posts small blind $0.02
alexahk: posts big blind $0.05
*** HOLE CARDS ***
Dealt to Dorex2007 [Th Td]
geniuss joins the table at seat #3 
Dorex2007: calls $0.05
tanyaa1956: calls $0.05
Pokerinthepoon: raises $0.05 to $0.10
Swaz85: folds 
mumisber: folds 
twk7: folds 
H!TM@N1989: folds 
alexahk: folds 
Dorex2007: calls $0.05
tanyaa1956: calls $0.05
*** FLOP *** [3c 6c Tc]
Dorex2007: checks 
tanyaa1956: checks 
Pokerinthepoon: bets $0.05
Dorex2007: raises $0.25 to $0.30
tanyaa1956: folds 
Pokerinthepoon: calls $0.25
*** TURN *** [3c 6c Tc] [Jh]
Dorex2007: bets $0.46
Pokerinthepoon: raises $0.46 to $0.92
Dorex2007: calls $0.46
*** RIVER *** [3c 6c Tc Jh] [7s]
Dorex2007: bets $1.34
Pokerinthepoon: raises $1.02 to $2.36 and is all-in
Dorex2007: calls $1.02
*** SHOW DOWN ***
Pokerinthepoon: shows [Qh Js] (a pair of Jacks)
Dorex2007: shows [Th Td] (three of a kind, Tens)
Dorex2007 collected $7.22 from pot
*** SUMMARY ***
Total pot $7.53 | Rake $0.31 
Board [3c 6c Tc Jh 7s]
Seat 1: mumisber folded before Flop (didn't bet)
Seat 2: twk7 (button) folded before Flop (didn't bet)
Seat 4: H!TM@N1989 (small blind) folded before Flop
Seat 5: alexahk (big blind) folded before Flop
Seat 6: Dorex2007 showed [Th Td] and won ($7.22) with three of a kind, Tens
Seat 7: tanyaa1956 folded on the Flop
Seat 8: Pokerinthepoon showed [Qh Js] and lost with a pair of Jacks
Seat 9: Swaz85 folded before Flop (didn't bet)



PokerStars Hand #237496050358:  Hold'em No Limit ($0.02/$0.05 USD) - 2022/07/21 10:35:24 PT [2022/07/21 13:35:24 ET]
Table 'Tethys' 9-max Seat #4 is the button
Seat 1: mumisber ($5.57 in chips) 
Seat 2: twk7 ($6.63 in chips) 
Seat 4: H!TM@N1989 ($5 in chips) 
Seat 5: alexahk ($5 in chips) 
Seat 6: Dorex2007 ($20 in chips) 
Seat 7: tanyaa1956 ($10.01 in chips) 
Seat 9: Swaz85 ($5.16 in chips) 
alexahk: posts small blind $0.02
Dorex2007: posts big blind $0.05
geniuss: sits out 
*** HOLE CARDS ***
Dealt to Dorex2007 [3c 9s]
tanyaa1956: folds 
Swaz85: folds 
mumisber: folds 
Pokerinthepoon leaves the table
twk7: folds 
OuthitPlayer joins the table at seat #8 
H!TM@N1989: raises $0.15 to $0.20
alexahk: folds 
Dorex2007: folds 
Uncalled bet ($0.15) returned to H!TM@N1989
H!TM@N1989 collected $0.12 from pot
*** SUMMARY ***
Total pot $0.12 | Rake $0 
Seat 1: mumisber folded before Flop (didn't bet)
Seat 2: twk7 folded before Flop (didn't bet)
Seat 4: H!TM@N1989 (button) collected ($0.12)
Seat 5: alexahk (small blind) folded before Flop
Seat 6: Dorex2007 (big blind) folded before Flop
Seat 7: tanyaa1956 folded before Flop (didn't bet)
Seat 9: Swaz85 folded before Flop (didn't bet)



PokerStars Hand #237496057157:  Hold'em No Limit ($0.02/$0.05 USD) - 2022/07/21 10:35:44 PT [2022/07/21 13:35:44 ET]
Table 'Tethys' 9-max Seat #5 is the button
Seat 1: mumisber ($5.57 in chips) 
Seat 2: twk7 ($6.63 in chips) 
Seat 5: alexahk ($5 in chips) 
Seat 6: Dorex2007 ($19.95 in chips) 
Seat 7: tanyaa1956 ($10.01 in chips) 
Seat 9: Swaz85 ($5.16 in chips) 
Dorex2007: posts small blind $0.02
tanyaa1956: posts big blind $0.05
OuthitPlayer: sits out 
geniuss: sits out 
*** HOLE CARDS ***
Dealt to Dorex2007 [9c Td]
Swaz85: folds 
mumisber: folds 
DaniBerg05 joins the table at seat #4 
twk7: folds 
alexahk: folds 
Dorex2007: folds 
Uncalled bet ($0.03) returned to tanyaa1956
tanyaa1956 collected $0.04 from pot
*** SUMMARY ***
Total pot $0.04 | Rake $0 
Seat 1: mumisber folded before Flop (didn't bet)
Seat 2: twk7 folded before Flop (didn't bet)
Seat 5: alexahk (button) folded before Flop (didn't bet)
Seat 6: Dorex2007 (small blind) folded before Flop
Seat 7: tanyaa1956 (big blind) collected ($0.04)
Seat 9: Swaz85 folded before Flop (didn't bet)



PokerStars Hand #237496060293:  Hold'em No Limit ($0.02/$0.05 USD) - 2022/07/21 10:35:54 PT [2022/07/21 13:35:54 ET]
Table 'Tethys' 9-max Seat #6 is the button
Seat 1: mumisber ($5.57 in chips) 
Seat 2: twk7 ($6.63 in chips) 
Seat 5: alexahk ($5 in chips) 
Seat 6: Dorex2007 ($19.93 in chips) 
Seat 7: tanyaa1956 ($10.03 in chips) 
Seat 8: OuthitPlayer ($5 in chips) 
Seat 9: Swaz85 ($5.16 in chips) 
tanyaa1956: posts small blind $0.02
OuthitPlayer: posts big blind $0.05
geniuss: sits out 
DaniBerg05: sits out 
*** HOLE CARDS ***
Dealt to Dorex2007 [9c 3d]
Swaz85: folds 
mumisber: folds 
twk7: folds 
alexahk: folds 
Dorex2007: folds 
tanyaa1956: raises $0.10 to $0.15
OuthitPlayer: raises $0.35 to $0.50
tanyaa1956: folds 
Uncalled bet ($0.35) returned to OuthitPlayer
OuthitPlayer collected $0.30 from pot
*** SUMMARY ***
Total pot $0.30 | Rake $0 
Seat 1: mumisber folded before Flop (didn't bet)
Seat 2: twk7 folded before Flop (didn't bet)
Seat 5: alexahk folded before Flop (didn't bet)
Seat 6: Dorex2007 (button) folded before Flop (didn't bet)
Seat 7: tanyaa1956 (small blind) folded before Flop
Seat 8: OuthitPlayer (big blind) collected ($0.30)
Seat 9: Swaz85 folded before Flop (didn't bet)



PokerStars Hand #237496068793:  Hold'em No Limit ($0.02/$0.05 USD) - 2022/07/21 10:36:19 PT [2022/07/21 13:36:19 ET]
Table 'Tethys' 9-max Seat #7 is the button
Seat 1: mumisber ($5.57 in chips) 
Seat 2: twk7 ($6.63 in chips) 
Seat 5: alexahk ($5 in chips) 
Seat 6: Dorex2007 ($19.93 in chips) 
Seat 7: tanyaa1956 ($9.88 in chips) 
Seat 8: OuthitPlayer ($5.15 in chips) 
Seat 9: Swaz85 ($5.16 in chips) 
OuthitPlayer: posts small blind $0.02
Swaz85: posts big blind $0.05
geniuss: sits out 
DaniBerg05: sits out 
*** HOLE CARDS ***
Dealt to Dorex2007 [2h 4h]
mumisber: folds 
twk7: folds 
alexahk: folds 
Dorex2007: folds 
tanyaa1956: folds 
OuthitPlayer: folds 
Uncalled bet ($0.03) returned to Swaz85
Swaz85 collected $0.04 from pot
*** SUMMARY ***
Total pot $0.04 | Rake $0 
Seat 1: mumisber folded before Flop (didn't bet)
Seat 2: twk7 folded before Flop (didn't bet)
Seat 5: alexahk folded before Flop (didn't bet)
Seat 6: Dorex2007 folded before Flop (didn't bet)
Seat 7: tanyaa1956 (button) folded before Flop (didn't bet)
Seat 8: OuthitPlayer (small blind) folded before Flop
Seat 9: Swaz85 (big blind) collected ($0.04)



PokerStars Hand #237496075971:  Hold'em No Limit ($0.02/$0.05 USD) - 2022/07/21 10:36:41 PT [2022/07/21 13:36:41 ET]
Table 'Tethys' 9-max Seat #8 is the button
Seat 1: mumisber ($5.57 in chips) 
Seat 2: twk7 ($6.63 in chips) 
Seat 5: alexahk ($5 in chips) 
Seat 6: Dorex2007 ($19.93 in chips) 
Seat 7: tanyaa1956 ($9.88 in chips) 
Seat 8: OuthitPlayer ($5.13 in chips) 
Seat 9: Swaz85 ($5.18 in chips) 
Swaz85: posts small blind $0.02
mumisber: posts big blind $0.05
geniuss: sits out 
DaniBerg05: sits out 
*** HOLE CARDS ***
Dealt to Dorex2007 [7d 6h]
twk7: folds 
twk7 leaves the table
alexahk: folds 
Dorex2007: folds 
tanyaa1956: folds 
OuthitPlayer: folds 
Swaz85: raises $0.10 to $0.15
mumisber: folds 
Uncalled bet ($0.10) returned to Swaz85
Swaz85 collected $0.10 from pot
*** SUMMARY ***
Total pot $0.10 | Rake $0 
Seat 1: mumisber (big blind) folded before Flop
Seat 2: twk7 folded before Flop (didn't bet)
Seat 5: alexahk folded before Flop (didn't bet)
Seat 6: Dorex2007 folded before Flop (didn't bet)
Seat 7: tanyaa1956 folded before Flop (didn't bet)
Seat 8: OuthitPlayer (button) folded before Flop (didn't bet)
Seat 9: Swaz85 (small blind) collected ($0.10)



PokerStars Hand #237496082726:  Hold'em No Limit ($0.02/$0.05 USD) - 2022/07/21 10:37:01 PT [2022/07/21 13:37:01 ET]
Table 'Tethys' 9-max Seat #9 is the button
Seat 1: mumisber ($5.52 in chips) 
Seat 3: geniuss ($5 in chips) 
Seat 5: alexahk ($5 in chips) 
Seat 6: Dorex2007 ($19.93 in chips) 
Seat 7: tanyaa1956 ($9.88 in chips) 
Seat 8: OuthitPlayer ($5.13 in chips) 
Seat 9: Swaz85 ($5.23 in chips) 
mumisber: posts small blind $0.02
geniuss: posts big blind $0.05
DaniBerg05: sits out 
*** HOLE CARDS ***
Dealt to Dorex2007 [4s Jc]
alexahk: folds 
Dorex2007: folds 
tanyaa1956: folds 
OuthitPlayer: folds 
Swaz85: folds 
mumisber: folds 
Uncalled bet ($0.03) returned to geniuss
geniuss collected $0.04 from pot
*** SUMMARY ***
Total pot $0.04 | Rake $0 
Seat 1: mumisber (small blind) folded before Flop
Seat 3: geniuss (big blind) collected ($0.04)
Seat 5: alexahk folded before Flop (didn't bet)
Seat 6: Dorex2007 folded before Flop (didn't bet)
Seat 7: tanyaa1956 folded before Flop (didn't bet)
Seat 8: OuthitPlayer folded before Flop (didn't bet)
Seat 9: Swaz85 (button) folded before Flop (didn't bet)



PokerStars Hand #237496087751:  Hold'em No Limit ($0.02/$0.05 USD) - 2022/07/21 10:37:16 PT [2022/07/21 13:37:16 ET]
Table 'Tethys' 9-max Seat #1 is the button
Seat 1: mumisber ($5.50 in chips) 
Seat 3: geniuss ($5.02 in chips) 
Seat 4: DaniBerg05 ($5 in chips) 
Seat 5: alexahk ($5 in chips) 
Seat 6: Dorex2007 ($19.93 in chips) 
Seat 7: tanyaa1956 ($9.88 in chips) 
Seat 8: OuthitPlayer ($5.13 in chips) 
Seat 9: Swaz85 ($5.23 in chips) 
geniuss: posts small blind $0.02
DaniBerg05: posts big blind $0.05
*** HOLE CARDS ***
Dealt to Dorex2007 [Ks 3s]
alexahk: folds 
Dorex2007: folds 
tanyaa1956: raises $0.10 to $0.15
OuthitPlayer: folds 
Swaz85: calls $0.15
mumisber: folds 
geniuss: folds 
DaniBerg05: folds 
*** FLOP *** [Jd 6c 8h]
dazza12373 joins the table at seat #2 
tanyaa1956: bets $0.23
Swaz85: calls $0.23
*** TURN *** [Jd 6c 8h] [8c]
tanyaa1956: bets $0.54
Swaz85: folds 
Uncalled bet ($0.54) returned to tanyaa1956
tanyaa1956 collected $0.80 from pot
*** SUMMARY ***
Total pot $0.83 | Rake $0.03 
Board [Jd 6c 8h 8c]
Seat 1: mumisber (button) folded before Flop (didn't bet)
Seat 3: geniuss (small blind) folded before Flop
Seat 4: DaniBerg05 (big blind) folded before Flop
Seat 5: alexahk folded before Flop (didn't bet)
Seat 6: Dorex2007 folded before Flop (didn't bet)
Seat 7: tanyaa1956 collected ($0.80)
Seat 8: OuthitPlayer folded before Flop (didn't bet)
Seat 9: Swaz85 folded on the Turn



PokerStars Hand #237496105806:  Hold'em No Limit ($0.02/$0.05 USD) - 2022/07/21 10:38:10 PT [2022/07/21 13:38:10 ET]
Table 'Tethys' 9-max Seat #3 is the button
Seat 1: mumisber ($5.50 in chips) 
Seat 2: dazza12373 ($5 in chips) 
Seat 3: geniuss ($5 in chips) 
Seat 4: DaniBerg05 ($5 in chips) 
Seat 5: alexahk ($5 in chips) 
Seat 6: Dorex2007 ($19.93 in chips) 
Seat 7: tanyaa1956 ($10.30 in chips) 
Seat 8: OuthitPlayer ($5.13 in chips) 
Seat 9: Swaz85 ($4.85 in chips) 
DaniBerg05: posts small blind $0.02
alexahk: posts big blind $0.05
dazza12373: posts big blind $0.05
*** HOLE CARDS ***
Dealt to Dorex2007 [Qc 3s]
Dorex2007: folds 
tanyaa1956: folds 
OuthitPlayer: folds 
Swaz85: folds 
mumisber: folds 
dazza12373: checks 
geniuss: folds 
DaniBerg05: folds 
alexahk: checks 
*** FLOP *** [7h Td 5s]
alexahk: checks 
dazza12373: checks 
*** TURN *** [7h Td 5s] [Jc]
alexahk: checks 
dazza12373: checks 
*** RIVER *** [7h Td 5s Jc] [Ts]
alexahk: checks 
dazza12373: checks 
*** SHOW DOWN ***
alexahk: shows [As 6h] (a pair of Tens)
dazza12373: mucks hand 
alexahk collected $0.12 from pot
*** SUMMARY ***
Total pot $0.12 | Rake $0 
Board [7h Td 5s Jc Ts]
Seat 1: mumisber folded before Flop (didn't bet)
Seat 2: dazza12373 mucked [Ks 4c]
Seat 3: geniuss (button) folded before Flop (didn't bet)
Seat 4: DaniBerg05 (small blind) folded before Flop
Seat 5: alexahk (big blind) showed [As 6h] and won ($0.12) with a pair of Tens
Seat 6: Dorex2007 folded before Flop (didn't bet)
Seat 7: tanyaa1956 folded before Flop (didn't bet)
Seat 8: OuthitPlayer folded before Flop (didn't bet)
Seat 9: Swaz85 folded before Flop (didn't bet)



PokerStars Hand #237496142921:  Hold'em No Limit ($0.02/$0.05 USD) - 2022/07/21 10:40:00 PT [2022/07/21 13:40:00 ET]
Table 'Tethys' 9-max Seat #4 is the button
Seat 1: mumisber ($5.50 in chips) 
Seat 2: dazza12373 ($4.95 in chips) 
Seat 3: geniuss ($5 in chips) 
Seat 4: DaniBerg05 ($5 in chips) 
Seat 5: alexahk ($5.07 in chips) 
Seat 6: Dorex2007 ($19.93 in chips) 
Seat 7: tanyaa1956 ($10.30 in chips) 
Seat 8: OuthitPlayer ($5.13 in chips) 
Seat 9: Swaz85 ($4.85 in chips) 
alexahk: posts small blind $0.02
Dorex2007: posts big blind $0.05
*** HOLE CARDS ***
Dealt to Dorex2007 [3d Qh]
tanyaa1956: folds 
OuthitPlayer: folds 
Swaz85: calls $0.05
mumisber: folds 
dazza12373: folds 
geniuss: folds 
DaniBerg05: folds 
alexahk: raises $0.20 to $0.25
Dorex2007: folds 
Swaz85: calls $0.20
*** FLOP *** [4c 6s 7h]
alexahk: checks 
Swaz85: checks 
*** TURN *** [4c 6s 7h] [Qs]
alexahk: checks 
Swaz85: bets $0.32
alexahk: folds 
Uncalled bet ($0.32) returned to Swaz85
Swaz85 collected $0.53 from pot
*** SUMMARY ***
Total pot $0.55 | Rake $0.02 
Board [4c 6s 7h Qs]
Seat 1: mumisber folded before Flop (didn't bet)
Seat 2: dazza12373 folded before Flop (didn't bet)
Seat 3: geniuss folded before Flop (didn't bet)
Seat 4: DaniBerg05 (button) folded before Flop (didn't bet)
Seat 5: alexahk (small blind) folded on the Turn
Seat 6: Dorex2007 (big blind) folded before Flop
Seat 7: tanyaa1956 folded before Flop (didn't bet)
Seat 8: OuthitPlayer folded before Flop (didn't bet)
Seat 9: Swaz85 collected ($0.53)



PokerStars Hand #237496161725:  Hold'em No Limit ($0.02/$0.05 USD) - 2022/07/21 10:40:56 PT [2022/07/21 13:40:56 ET]
Table 'Tethys' 9-max Seat #5 is the button
Seat 1: mumisber ($5.50 in chips) 
Seat 2: dazza12373 ($4.95 in chips) 
Seat 3: geniuss ($5 in chips) 
Seat 4: DaniBerg05 ($5 in chips) 
Seat 5: alexahk ($5 in chips) 
Seat 6: Dorex2007 ($19.88 in chips) 
Seat 8: OuthitPlayer ($5.13 in chips) 
Seat 9: Swaz85 ($5.13 in chips) 
Dorex2007: posts small blind $0.02
tanyaa1956: is sitting out 
OuthitPlayer: posts big blind $0.05
*** HOLE CARDS ***
Dealt to Dorex2007 [7d Qd]
Swaz85: folds 
mumisber: raises $0.10 to $0.15
dazza12373: folds 
geniuss: folds 
DaniBerg05: folds 
alexahk: folds 
Dorex2007: folds 
OuthitPlayer: folds 
Uncalled bet ($0.10) returned to mumisber
tanyaa1956 leaves the table
mumisber collected $0.12 from pot
*** SUMMARY ***
Total pot $0.12 | Rake $0 
Seat 1: mumisber collected ($0.12)
Seat 2: dazza12373 folded before Flop (didn't bet)
Seat 3: geniuss folded before Flop (didn't bet)
Seat 4: DaniBerg05 folded before Flop (didn't bet)
Seat 5: alexahk (button) folded before Flop (didn't bet)
Seat 6: Dorex2007 (small blind) folded before Flop
Seat 8: OuthitPlayer (big blind) folded before Flop
Seat 9: Swaz85 folded before Flop (didn't bet)



