PokerStars Hand #237239955008:  Hold'em No Limit ($0.01/$0.02 USD) - 2022/07/08 13:11:56 PT [2022/07/08 16:11:56 ET]
Table 'Sniadeckia II' 9-max Seat #3 is the button
Seat 1: mycarishin ($2.01 in chips) 
Seat 2: Dorex2007 ($2 in chips) 
Seat 3: Roboto713 ($0.52 in chips) 
Seat 4: Br0wnCheese ($6.32 in chips) 
Seat 5: LeandroAku ($2.02 in chips) 
Seat 6: Pasiolkietis ($1.46 in chips) 
Seat 7: Schieko7 ($1.32 in chips) 
Seat 8: Eropoker22 ($2.31 in chips) 
Seat 9: SMUTJAN72 ($2.14 in chips) 
Br0wnCheese: posts small blind $0.01
LeandroAku: posts big blind $0.02
Dorex2007: posts big blind $0.02
*** HOLE CARDS ***
Dealt to Dorex2007 [Kh Ad]
Pasiolkietis: folds 
Schieko7: folds 
Eropoker22: folds 
SMUTJAN72: folds 
mycarishin: calls $0.02
Dorex2007: checks 
Roboto713: calls $0.02
Br0wnCheese: folds 
LeandroAku: checks 
*** FLOP *** [Qc 8d 5h]
LeandroAku: checks 
mycarishin: checks 
Dorex2007: checks 
Roboto713: checks 
*** TURN *** [Qc 8d 5h] [As]
LeandroAku: checks 
mycarishin: checks 
Dorex2007: bets $0.06
Roboto713: folds 
LeandroAku: folds 
mycarishin: raises $0.06 to $0.12
LeandroAku leaves the table
Dorex2007: calls $0.06
*** RIVER *** [Qc 8d 5h As] [Jc]
mycarishin: checks 
Dorex2007: checks 
*** SHOW DOWN ***
mycarishin: shows [Ah 3d] (a pair of Aces)
Dorex2007: shows [Kh Ad] (a pair of Aces - King kicker)
Dorex2007 collected $0.32 from pot
*** SUMMARY ***
Total pot $0.33 | Rake $0.01 
Board [Qc 8d 5h As Jc]
Seat 1: mycarishin showed [Ah 3d] and lost with a pair of Aces
Seat 2: Dorex2007 showed [Kh Ad] and won ($0.32) with a pair of Aces
Seat 3: Roboto713 (button) folded on the Turn
Seat 4: Br0wnCheese (small blind) folded before Flop
Seat 5: LeandroAku (big blind) folded on the Turn
Seat 6: Pasiolkietis folded before Flop (didn't bet)
Seat 7: Schieko7 folded before Flop (didn't bet)
Seat 8: Eropoker22 folded before Flop (didn't bet)
Seat 9: SMUTJAN72 folded before Flop (didn't bet)



PokerStars Hand #237239975034:  Hold'em No Limit ($0.01/$0.02 USD) - 2022/07/08 13:12:52 PT [2022/07/08 16:12:52 ET]
Table 'Sniadeckia II' 9-max Seat #4 is the button
Seat 1: mycarishin ($1.87 in chips) 
Seat 2: Dorex2007 ($2.18 in chips) 
Seat 3: Roboto713 ($0.50 in chips) 
Seat 4: Br0wnCheese ($6.31 in chips) 
Seat 6: Pasiolkietis ($1.46 in chips) 
Seat 7: Schieko7 ($1.32 in chips) 
Seat 8: Eropoker22 ($2.31 in chips) 
Seat 9: SMUTJAN72 ($2.14 in chips) 
Pasiolkietis: posts small blind $0.01
Schieko7: posts big blind $0.02
*** HOLE CARDS ***
Dealt to Dorex2007 [As Ts]
Eropoker22: folds 
JhonataFloriano joins the table at seat #5 
SMUTJAN72: folds 
mycarishin: calls $0.02
Dorex2007: calls $0.02
Roboto713: calls $0.02
Br0wnCheese: calls $0.02
Pasiolkietis: folds 
Schieko7: checks 
*** FLOP *** [7s Js Jc]
Schieko7: checks 
mycarishin: checks 
Dorex2007: bets $0.07
Roboto713: calls $0.07
Br0wnCheese: folds 
Schieko7: folds 
mycarishin: folds 
*** TURN *** [7s Js Jc] [6s]
Dorex2007: checks 
Roboto713: bets $0.06
Dorex2007: calls $0.06
*** RIVER *** [7s Js Jc 6s] [3s]
Dorex2007: bets $0.18
Roboto713: calls $0.18
*** SHOW DOWN ***
Dorex2007: shows [As Ts] (a flush, Ace high)
Roboto713: mucks hand 
Dorex2007 collected $0.70 from pot
*** SUMMARY ***
Total pot $0.73 | Rake $0.03 
Board [7s Js Jc 6s 3s]
Seat 1: mycarishin folded on the Flop
Seat 2: Dorex2007 showed [As Ts] and won ($0.70) with a flush, Ace high
Seat 3: Roboto713 mucked [5c 5d]
Seat 4: Br0wnCheese (button) folded on the Flop
Seat 6: Pasiolkietis (small blind) folded before Flop
Seat 7: Schieko7 (big blind) folded on the Flop
Seat 8: Eropoker22 folded before Flop (didn't bet)
Seat 9: SMUTJAN72 folded before Flop (didn't bet)



PokerStars Hand #237239999691:  Hold'em No Limit ($0.01/$0.02 USD) - 2022/07/08 13:14:01 PT [2022/07/08 16:14:01 ET]
Table 'Sniadeckia II' 9-max Seat #6 is the button
Seat 1: mycarishin ($1.85 in chips) 
Seat 2: Dorex2007 ($2.55 in chips) 
Seat 3: Roboto713 ($0.17 in chips) 
Seat 4: Br0wnCheese ($6.29 in chips) 
Seat 6: Pasiolkietis ($1.45 in chips) 
Seat 7: Schieko7 ($1.30 in chips) 
Seat 8: Eropoker22 ($2.31 in chips) 
Seat 9: SMUTJAN72 ($2.14 in chips) 
Schieko7: posts small blind $0.01
Eropoker22: posts big blind $0.02
JhonataFloriano: sits out 
*** HOLE CARDS ***
Dealt to Dorex2007 [Tc 6h]
SMUTJAN72: folds 
mycarishin: folds 
Dorex2007: folds 
Roboto713: calls $0.02
Br0wnCheese: folds 
Pasiolkietis: raises $0.04 to $0.06
Schieko7: folds 
Eropoker22: calls $0.04
Roboto713: raises $0.11 to $0.17 and is all-in
Pasiolkietis: raises $0.41 to $0.58
Eropoker22: calls $0.52
*** FLOP *** [7c Th 3d]
Eropoker22: bets $1.73 and is all-in
Pasiolkietis: calls $0.87 and is all-in
Uncalled bet ($0.86) returned to Eropoker22
*** TURN *** [7c Th 3d] [Qd]
*** RIVER *** [7c Th 3d Qd] [9h]
*** SHOW DOWN ***
Eropoker22: shows [Qc Ad] (a pair of Queens)
Pasiolkietis: shows [Jd Jh] (a pair of Jacks)
Roboto713: shows [Ac 7d] (a pair of Sevens)
Eropoker22 cashed out the hand for $0.61 | Cash Out Fee $0.01
*** SUMMARY ***
Total pot $3.08 Main pot $0.50. Side pot $2.47. | Rake $0.11 
Board [7c Th 3d Qd 9h]
Seat 1: mycarishin folded before Flop (didn't bet)
Seat 2: Dorex2007 folded before Flop (didn't bet)
Seat 3: Roboto713 showed [Ac 7d] and lost with a pair of Sevens
Seat 4: Br0wnCheese folded before Flop (didn't bet)
Seat 6: Pasiolkietis (button) showed [Jd Jh] and lost with a pair of Jacks
Seat 7: Schieko7 (small blind) folded before Flop
Seat 8: Eropoker22 (big blind) showed [Qc Ad] and won ($2.97) with a pair of Queens (pot not awarded as player cashed out)
Seat 9: SMUTJAN72 folded before Flop (didn't bet)



PokerStars Hand #237240016546:  Hold'em No Limit ($0.01/$0.02 USD) - 2022/07/08 13:14:48 PT [2022/07/08 16:14:48 ET]
Table 'Sniadeckia II' 9-max Seat #7 is the button
Seat 1: mycarishin ($1.85 in chips) 
Seat 2: Dorex2007 ($2.55 in chips) 
Seat 4: Br0wnCheese ($6.29 in chips) 
Seat 7: Schieko7 ($1.29 in chips) 
Seat 8: Eropoker22 ($1.47 in chips) 
Seat 9: SMUTJAN72 ($2.14 in chips) 
Eropoker22: posts small blind $0.01
SMUTJAN72: posts big blind $0.02
JhonataFloriano: sits out 
*** HOLE CARDS ***
Dealt to Dorex2007 [6s Td]
Pasiolkietis leaves the table
mycarishin: folds 
Dorex2007: folds 
Br0wnCheese: raises $0.03 to $0.05
Schieko7: folds 
kauebueno joins the table at seat #6 
mycarishin leaves the table
Eropoker22: calls $0.04
Roboto713 leaves the table
SMUTJAN72: calls $0.03
*** FLOP *** [4d Js Ks]
Eropoker22: checks 
Guten777 joins the table at seat #3 
SMUTJAN72: checks 
Br0wnCheese: bets $0.08
krotov105 joins the table at seat #1 
Eropoker22: calls $0.08
SMUTJAN72: folds 
*** TURN *** [4d Js Ks] [5c]
Eropoker22: checks 
Br0wnCheese: bets $0.21
Eropoker22: calls $0.21
*** RIVER *** [4d Js Ks 5c] [2c]
Eropoker22: checks 
Br0wnCheese: bets $0.49
Eropoker22: calls $0.49
*** SHOW DOWN ***
Br0wnCheese: shows [Ad Ah] (a pair of Aces)
Eropoker22: mucks hand 
Br0wnCheese collected $1.65 from pot
*** SUMMARY ***
Total pot $1.71 | Rake $0.06 
Board [4d Js Ks 5c 2c]
Seat 1: mycarishin folded before Flop (didn't bet)
Seat 2: Dorex2007 folded before Flop (didn't bet)
Seat 4: Br0wnCheese showed [Ad Ah] and won ($1.65) with a pair of Aces
Seat 7: Schieko7 (button) folded before Flop (didn't bet)
Seat 8: Eropoker22 (small blind) mucked [6h Kh]
Seat 9: SMUTJAN72 (big blind) folded on the Flop



PokerStars Hand #237240037659:  Hold'em No Limit ($0.01/$0.02 USD) - 2022/07/08 13:15:45 PT [2022/07/08 16:15:45 ET]
Table 'Sniadeckia II' 9-max Seat #8 is the button
Seat 1: krotov105 ($2 in chips) 
Seat 2: Dorex2007 ($2.55 in chips) 
Seat 4: Br0wnCheese ($7.11 in chips) 
Seat 6: kauebueno ($0.80 in chips) 
Seat 7: Schieko7 ($1.29 in chips) 
Seat 8: Eropoker22 ($0.64 in chips) 
Seat 9: SMUTJAN72 ($2.09 in chips) 
SMUTJAN72: posts small blind $0.01
krotov105: posts big blind $0.02
Guten777: sits out 
JhonataFloriano: sits out 
kauebueno: posts big blind $0.02
*** HOLE CARDS ***
Dealt to Dorex2007 [2d 8d]
Dorex2007: folds 
Br0wnCheese has timed out
Br0wnCheese: folds 
kauebueno: checks 
Schieko7: calls $0.02
Eropoker22: folds 
SMUTJAN72: calls $0.01
krotov105: checks 
*** FLOP *** [5c Jd 3d]
SMUTJAN72: checks 
krotov105: checks 
kauebueno: checks 
Schieko7: checks 
*** TURN *** [5c Jd 3d] [Js]
SMUTJAN72: bets $0.02
krotov105: folds 
kauebueno: calls $0.02
Schieko7: folds 
*** RIVER *** [5c Jd 3d Js] [4d]
SMUTJAN72: bets $0.06
kauebueno: folds 
Uncalled bet ($0.06) returned to SMUTJAN72
SMUTJAN72 collected $0.12 from pot
*** SUMMARY ***
Total pot $0.12 | Rake $0 
Board [5c Jd 3d Js 4d]
Seat 1: krotov105 (big blind) folded on the Turn
Seat 2: Dorex2007 folded before Flop (didn't bet)
Seat 4: Br0wnCheese folded before Flop (didn't bet)
Seat 6: kauebueno folded on the River
Seat 7: Schieko7 folded on the Turn
Seat 8: Eropoker22 (button) folded before Flop (didn't bet)
Seat 9: SMUTJAN72 (small blind) collected ($0.12)



PokerStars Hand #237240061599:  Hold'em No Limit ($0.01/$0.02 USD) - 2022/07/08 13:16:48 PT [2022/07/08 16:16:48 ET]
Table 'Sniadeckia II' 9-max Seat #9 is the button
Seat 1: krotov105 ($1.98 in chips) 
Seat 2: Dorex2007 ($2.55 in chips) 
Seat 3: Guten777 ($1.60 in chips) 
Seat 4: Br0wnCheese ($7.11 in chips) 
Seat 6: kauebueno ($0.76 in chips) 
Seat 7: Schieko7 ($1.27 in chips) 
Seat 8: Eropoker22 ($0.64 in chips) 
Seat 9: SMUTJAN72 ($2.17 in chips) 
krotov105: posts small blind $0.01
Dorex2007: posts big blind $0.02
Guten777: posts big blind $0.02
JhonataFloriano: sits out 
*** HOLE CARDS ***
Dealt to Dorex2007 [2d 2s]
Guten777: checks 
Br0wnCheese: folds 
kauebueno: folds 
Schieko7: folds 
Eropoker22: folds 
SMUTJAN72: folds 
krotov105: calls $0.01
Dorex2007: checks 
*** FLOP *** [7h 5h 4d]
krotov105: bets $0.04
Dorex2007: folds 
Guten777: calls $0.04
*** TURN *** [7h 5h 4d] [Qs]
krotov105: checks 
Guten777: checks 
*** RIVER *** [7h 5h 4d Qs] [As]
krotov105: bets $0.06
Guten777: folds 
Uncalled bet ($0.06) returned to krotov105
krotov105 collected $0.14 from pot
*** SUMMARY ***
Total pot $0.14 | Rake $0 
Board [7h 5h 4d Qs As]
Seat 1: krotov105 (small blind) collected ($0.14)
Seat 2: Dorex2007 (big blind) folded on the Flop
Seat 3: Guten777 folded on the River
Seat 4: Br0wnCheese folded before Flop (didn't bet)
Seat 6: kauebueno folded before Flop (didn't bet)
Seat 7: Schieko7 folded before Flop (didn't bet)
Seat 8: Eropoker22 folded before Flop (didn't bet)
Seat 9: SMUTJAN72 (button) folded before Flop (didn't bet)



PokerStars Hand #237240085033:  Hold'em No Limit ($0.01/$0.02 USD) - 2022/07/08 13:17:50 PT [2022/07/08 16:17:50 ET]
Table 'Sniadeckia II' 9-max Seat #1 is the button
Seat 1: krotov105 ($2.06 in chips) 
Seat 2: Dorex2007 ($2.53 in chips) 
Seat 3: Guten777 ($1.54 in chips) 
Seat 4: Br0wnCheese ($7.11 in chips) 
Seat 6: kauebueno ($0.76 in chips) 
Seat 7: Schieko7 ($1.27 in chips) 
Seat 8: Eropoker22 ($0.64 in chips) 
Seat 9: SMUTJAN72 ($2.17 in chips) 
Dorex2007: posts small blind $0.01
Guten777: posts big blind $0.02
JhonataFloriano: sits out 
*** HOLE CARDS ***
Dealt to Dorex2007 [9c 2s]
Br0wnCheese: folds 
kauebueno: folds 
Schieko7: raises $0.12 to $0.14
Eropoker22: calls $0.14
SMUTJAN72: raises $2.03 to $2.17 and is all-in
krotov105: folds 
Dorex2007: folds 
Guten777: folds 
Schieko7: calls $1.13 and is all-in
Eropoker22: calls $0.50 and is all-in
Uncalled bet ($0.90) returned to SMUTJAN72
SMUTJAN72 has timed out
Schieko7 has timed out
*** FLOP *** [3s 9d 5s]
*** TURN *** [3s 9d 5s] [Ah]
*** RIVER *** [3s 9d 5s Ah] [4h]
*** SHOW DOWN ***
Schieko7: shows [Qh Kh] (high card Ace)
SMUTJAN72: shows [Ac As] (three of a kind, Aces)
SMUTJAN72 collected $1.22 from side pot
Eropoker22: shows [9s 8c] (a pair of Nines)
SMUTJAN72 collected $1.88 from main pot
*** SUMMARY ***
Total pot $3.21 Main pot $1.88. Side pot $1.22. | Rake $0.11 
Board [3s 9d 5s Ah 4h]
Seat 1: krotov105 (button) folded before Flop (didn't bet)
Seat 2: Dorex2007 (small blind) folded before Flop
Seat 3: Guten777 (big blind) folded before Flop
Seat 4: Br0wnCheese folded before Flop (didn't bet)
Seat 6: kauebueno folded before Flop (didn't bet)
Seat 7: Schieko7 showed [Qh Kh] and lost with high card Ace
Seat 8: Eropoker22 showed [9s 8c] and lost with a pair of Nines
Seat 9: SMUTJAN72 showed [Ac As] and won ($3.10) with three of a kind, Aces



PokerStars Hand #237240108334:  Hold'em No Limit ($0.01/$0.02 USD) - 2022/07/08 13:18:52 PT [2022/07/08 16:18:52 ET]
Table 'Sniadeckia II' 9-max Seat #2 is the button
Seat 1: krotov105 ($2.06 in chips) 
Seat 2: Dorex2007 ($2.52 in chips) 
Seat 3: Guten777 ($1.52 in chips) 
Seat 4: Br0wnCheese ($7.11 in chips) 
Seat 6: kauebueno ($0.76 in chips) 
Seat 9: SMUTJAN72 ($4 in chips) 
Guten777: posts small blind $0.01
Br0wnCheese: posts big blind $0.02
JhonataFloriano: sits out 
*** HOLE CARDS ***
Dealt to Dorex2007 [Ah 4s]
kauebueno: folds 
SMUTJAN72: folds 
krotov105: folds 
Dorex2007: folds 
Guten777: raises $0.04 to $0.06
Br0wnCheese: folds 
Uncalled bet ($0.04) returned to Guten777
Guten777 collected $0.04 from pot
*** SUMMARY ***
Total pot $0.04 | Rake $0 
Seat 1: krotov105 folded before Flop (didn't bet)
Seat 2: Dorex2007 (button) folded before Flop (didn't bet)
Seat 3: Guten777 (small blind) collected ($0.04)
Seat 4: Br0wnCheese (big blind) folded before Flop
Seat 6: kauebueno folded before Flop (didn't bet)
Seat 9: SMUTJAN72 folded before Flop (didn't bet)



PokerStars Hand #237240112659:  Hold'em No Limit ($0.01/$0.02 USD) - 2022/07/08 13:19:03 PT [2022/07/08 16:19:03 ET]
Table 'Sniadeckia II' 9-max Seat #3 is the button
Seat 1: krotov105 ($2.06 in chips) 
Seat 2: Dorex2007 ($2.52 in chips) 
Seat 3: Guten777 ($1.54 in chips) 
Seat 4: Br0wnCheese ($7.09 in chips) 
Seat 5: JhonataFloriano ($1 in chips) 
Seat 6: kauebueno ($0.76 in chips) 
Seat 8: Eropoker22 ($1.08 in chips) 
Seat 9: SMUTJAN72 ($4 in chips) 
Br0wnCheese: posts small blind $0.01
JhonataFloriano: posts big blind $0.02
*** HOLE CARDS ***
Dealt to Dorex2007 [6c Qh]
kauebueno: calls $0.02
Eropoker22: raises $0.04 to $0.06
SMUTJAN72: folds 
krotov105: folds 
Dorex2007: folds 
Guten777: folds 
Br0wnCheese: folds 
Schieko7 leaves the table
JhonataFloriano: calls $0.04
kauebueno: calls $0.04
*** FLOP *** [6d 9h 2d]
JhonataFloriano: bets $0.09
kauebueno: folds 
Eropoker22: raises $0.11 to $0.20
JhonataFloriano: calls $0.11
*** TURN *** [6d 9h 2d] [Td]
JhonataFloriano: checks 
Eropoker22: bets $0.32
JhonataFloriano: calls $0.32
*** RIVER *** [6d 9h 2d Td] [Ad]
JhonataFloriano: checks 
Eropoker22: bets $0.50 and is all-in
JhonataFloriano: calls $0.42 and is all-in
Uncalled bet ($0.08) returned to Eropoker22
*** SHOW DOWN ***
Eropoker22: shows [Js Jd] (a flush, Ace high)
JhonataFloriano: shows [8h 9d] (a flush, Ace high - lower cards)
Eropoker22 collected $2 from pot
*** SUMMARY ***
Total pot $2.07 | Rake $0.07 
Board [6d 9h 2d Td Ad]
Seat 1: krotov105 folded before Flop (didn't bet)
Seat 2: Dorex2007 folded before Flop (didn't bet)
Seat 3: Guten777 (button) folded before Flop (didn't bet)
Seat 4: Br0wnCheese (small blind) folded before Flop
Seat 5: JhonataFloriano (big blind) showed [8h 9d] and lost with a flush, Ace high
Seat 6: kauebueno folded on the Flop
Seat 8: Eropoker22 showed [Js Jd] and won ($2) with a flush, Ace high
Seat 9: SMUTJAN72 folded before Flop (didn't bet)



PokerStars Hand #237240137067:  Hold'em No Limit ($0.01/$0.02 USD) - 2022/07/08 13:19:52 PT [2022/07/08 16:19:52 ET]
Table 'Sniadeckia II' 9-max Seat #4 is the button
Seat 1: krotov105 ($2.06 in chips) 
Seat 2: Dorex2007 ($2.52 in chips) 
Seat 3: Guten777 ($1.54 in chips) 
Seat 4: Br0wnCheese ($7.08 in chips) 
Seat 6: kauebueno ($0.70 in chips) 
Seat 8: Eropoker22 ($2.08 in chips) 
Seat 9: SMUTJAN72 ($4 in chips) 
kauebueno: posts small blind $0.01
Eropoker22: posts big blind $0.02
*** HOLE CARDS ***
Dealt to Dorex2007 [5c 8d]
SMUTJAN72: folds 
krotov105: folds 
Dorex2007: folds 
Guten777: raises $0.04 to $0.06
Br0wnCheese: folds 
kauebueno: folds 
Eropoker22: folds 
Uncalled bet ($0.04) returned to Guten777
Guten777 collected $0.05 from pot
*** SUMMARY ***
Total pot $0.05 | Rake $0 
Seat 1: krotov105 folded before Flop (didn't bet)
Seat 2: Dorex2007 folded before Flop (didn't bet)
Seat 3: Guten777 collected ($0.05)
Seat 4: Br0wnCheese (button) folded before Flop (didn't bet)
Seat 6: kauebueno (small blind) folded before Flop
Seat 8: Eropoker22 (big blind) folded before Flop
Seat 9: SMUTJAN72 folded before Flop (didn't bet)



PokerStars Hand #237240144298:  Hold'em No Limit ($0.01/$0.02 USD) - 2022/07/08 13:20:11 PT [2022/07/08 16:20:11 ET]
Table 'Sniadeckia II' 9-max Seat #6 is the button
Seat 1: krotov105 ($2.06 in chips) 
Seat 2: Dorex2007 ($2.52 in chips) 
Seat 3: Guten777 ($1.57 in chips) 
Seat 4: Br0wnCheese ($7.08 in chips) 
Seat 5: JhonataFloriano ($1 in chips) 
Seat 6: kauebueno ($0.69 in chips) 
Seat 8: Eropoker22 ($2.06 in chips) 
Seat 9: SMUTJAN72 ($4 in chips) 
Eropoker22: posts small blind $0.01
SMUTJAN72: posts big blind $0.02
JhonataFloriano: posts small blind $0.01
*** HOLE CARDS ***
Dealt to Dorex2007 [Qd Kc]
krotov105: raises $0.04 to $0.06
Dorex2007: calls $0.06
Guten777: folds 
Br0wnCheese: folds 
JhonataFloriano: calls $0.06
kauebueno: folds 
Eropoker22: folds 
SMUTJAN72: folds 
*** FLOP *** [3d Kd 9d]
krotov105: checks 
Dorex2007: bets $0.14
JhonataFloriano: calls $0.14
krotov105: folds 
*** TURN *** [3d Kd 9d] [6c]
Dorex2007: bets $0.24
JhonataFloriano: calls $0.24
*** RIVER *** [3d Kd 9d 6c] [3c]
Dorex2007: bets $0.63
JhonataFloriano: calls $0.55 and is all-in
Uncalled bet ($0.08) returned to Dorex2007
*** SHOW DOWN ***
Dorex2007: shows [Qd Kc] (two pair, Kings and Threes)
JhonataFloriano: shows [As Ad] (two pair, Aces and Threes)
JhonataFloriano collected $2.01 from pot
*** SUMMARY ***
Total pot $2.08 | Rake $0.07 
Board [3d Kd 9d 6c 3c]
Seat 1: krotov105 folded on the Flop
Seat 2: Dorex2007 showed [Qd Kc] and lost with two pair, Kings and Threes
Seat 3: Guten777 folded before Flop (didn't bet)
Seat 4: Br0wnCheese folded before Flop (didn't bet)
Seat 5: JhonataFloriano showed [As Ad] and won ($2.01) with two pair, Aces and Threes
Seat 6: kauebueno (button) folded before Flop (didn't bet)
Seat 8: Eropoker22 (small blind) folded before Flop
Seat 9: SMUTJAN72 (big blind) folded before Flop



PokerStars Hand #237240162386:  Hold'em No Limit ($0.01/$0.02 USD) - 2022/07/08 13:20:59 PT [2022/07/08 16:20:59 ET]
Table 'Sniadeckia II' 9-max Seat #8 is the button
Seat 1: krotov105 ($2 in chips) 
Seat 2: Dorex2007 ($2 in chips) 
Seat 3: Guten777 ($1.57 in chips) 
Seat 4: Br0wnCheese ($7.08 in chips) 
Seat 5: JhonataFloriano ($2.01 in chips) 
Seat 6: kauebueno ($0.69 in chips) 
Seat 8: Eropoker22 ($2.05 in chips) 
Seat 9: SMUTJAN72 ($3.98 in chips) 
SMUTJAN72: posts small blind $0.01
krotov105: posts big blind $0.02
*** HOLE CARDS ***
Dealt to Dorex2007 [Ac Qd]
Dorex2007: raises $0.02 to $0.04
Guten777: folds 
Br0wnCheese: calls $0.04
JhonataFloriano: folds 
kauebueno: folds 
Eropoker22: folds 
SMUTJAN72: folds 
krotov105: folds 
*** FLOP *** [Ad As 8s]
Dorex2007: checks 
Br0wnCheese: checks 
*** TURN *** [Ad As 8s] [Ts]
Dorex2007: checks 
Br0wnCheese: checks 
*** RIVER *** [Ad As 8s Ts] [2d]
Dorex2007: bets $0.07
colopok65 joins the table at seat #7 
Br0wnCheese: folds 
Uncalled bet ($0.07) returned to Dorex2007
Dorex2007 collected $0.11 from pot
*** SUMMARY ***
Total pot $0.11 | Rake $0 
Board [Ad As 8s Ts 2d]
Seat 1: krotov105 (big blind) folded before Flop
Seat 2: Dorex2007 collected ($0.11)
Seat 3: Guten777 folded before Flop (didn't bet)
Seat 4: Br0wnCheese folded on the River
Seat 5: JhonataFloriano folded before Flop (didn't bet)
Seat 6: kauebueno folded before Flop (didn't bet)
Seat 8: Eropoker22 (button) folded before Flop (didn't bet)
Seat 9: SMUTJAN72 (small blind) folded before Flop



PokerStars Hand #237240181011:  Hold'em No Limit ($0.01/$0.02 USD) - 2022/07/08 13:21:48 PT [2022/07/08 16:21:48 ET]
Table 'Sniadeckia II' 9-max Seat #9 is the button
Seat 1: krotov105 ($1.98 in chips) 
Seat 2: Dorex2007 ($2.07 in chips) 
Seat 3: Guten777 ($1.57 in chips) 
Seat 4: Br0wnCheese ($7.04 in chips) 
Seat 5: JhonataFloriano ($2.01 in chips) 
Seat 6: kauebueno ($0.69 in chips) 
Seat 8: Eropoker22 ($2.05 in chips) 
Seat 9: SMUTJAN72 ($3.97 in chips) 
krotov105: posts small blind $0.01
Dorex2007: posts big blind $0.02
colopok65: sits out 
*** HOLE CARDS ***
Dealt to Dorex2007 [8c 5d]
Guten777: raises $0.06 to $0.08
Br0wnCheese: folds 
JhonataFloriano has timed out
JhonataFloriano: folds 
kauebueno: raises $0.61 to $0.69 and is all-in
Eropoker22: calls $0.69
SMUTJAN72: folds 
krotov105: folds 
Dorex2007: folds 
Guten777: folds 
*** FLOP *** [Ad 4c Ks]
*** TURN *** [Ad 4c Ks] [Ts]
*** RIVER *** [Ad 4c Ks Ts] [2c]
*** SHOW DOWN ***
kauebueno: shows [Jh Jd] (a pair of Jacks)
Eropoker22: shows [6d 6h] (a pair of Sixes)
kauebueno collected $1.44 from pot
Eropoker22 cashed out the hand for $0.26
*** SUMMARY ***
Total pot $1.49 | Rake $0.05 
Board [Ad 4c Ks Ts 2c]
Seat 1: krotov105 (small blind) folded before Flop
Seat 2: Dorex2007 (big blind) folded before Flop
Seat 3: Guten777 folded before Flop
Seat 4: Br0wnCheese folded before Flop (didn't bet)
Seat 5: JhonataFloriano folded before Flop (didn't bet)
Seat 6: kauebueno showed [Jh Jd] and won ($1.44) with a pair of Jacks
Seat 8: Eropoker22 showed [6d 6h] and lost with a pair of Sixes (cashed out).
Seat 9: SMUTJAN72 (button) folded before Flop (didn't bet)



PokerStars Hand #237240200198:  Hold'em No Limit ($0.01/$0.02 USD) - 2022/07/08 13:22:39 PT [2022/07/08 16:22:39 ET]
Table 'Sniadeckia II' 9-max Seat #1 is the button
Seat 1: krotov105 ($1.97 in chips) 
Seat 2: Dorex2007 ($2.05 in chips) 
Seat 3: Guten777 ($1.49 in chips) 
Seat 4: Br0wnCheese ($7.04 in chips) 
Seat 6: kauebueno ($1.44 in chips) 
Seat 8: Eropoker22 ($1.62 in chips) 
Seat 9: SMUTJAN72 ($3.97 in chips) 
Dorex2007: posts small blind $0.01
Guten777: posts big blind $0.02
colopok65: sits out 
*** HOLE CARDS ***
Dealt to Dorex2007 [8s Kc]
Br0wnCheese: folds 
kauebueno: folds 
Eropoker22: folds 
SMUTJAN72: raises $0.04 to $0.06
krotov105: folds 
Dorex2007: folds 
Guten777: calls $0.04
*** FLOP *** [Jd Qs 9s]
JhonataFloriano leaves the table
Guten777: checks 
SMUTJAN72: checks 
*** TURN *** [Jd Qs 9s] [Th]
makavelithedon3 joins the table at seat #5 
Guten777: checks 
SMUTJAN72: bets $0.02
Guten777: calls $0.02
*** RIVER *** [Jd Qs 9s Th] [6h]
Guten777: checks 
SMUTJAN72: bets $0.10
Guten777: calls $0.10
*** SHOW DOWN ***
SMUTJAN72: shows [8d Ad] (a straight, Eight to Queen)
Guten777: mucks hand 
SMUTJAN72 collected $0.36 from pot
*** SUMMARY ***
Total pot $0.37 | Rake $0.01 
Board [Jd Qs 9s Th 6h]
Seat 1: krotov105 (button) folded before Flop (didn't bet)
Seat 2: Dorex2007 (small blind) folded before Flop
Seat 3: Guten777 (big blind) mucked [Qh As]
Seat 4: Br0wnCheese folded before Flop (didn't bet)
Seat 6: kauebueno folded before Flop (didn't bet)
Seat 8: Eropoker22 folded before Flop (didn't bet)
Seat 9: SMUTJAN72 showed [8d Ad] and won ($0.36) with a straight, Eight to Queen



PokerStars Hand #237240230143:  Hold'em No Limit ($0.01/$0.02 USD) - 2022/07/08 13:23:34 PT [2022/07/08 16:23:34 ET]
Table 'Sniadeckia II' 9-max Seat #2 is the button
Seat 1: krotov105 ($1.97 in chips) 
Seat 2: Dorex2007 ($2.04 in chips) 
Seat 3: Guten777 ($1.31 in chips) 
Seat 4: Br0wnCheese ($7.04 in chips) 
Seat 6: kauebueno ($1.44 in chips) 
Seat 8: Eropoker22 ($1.62 in chips) 
Seat 9: SMUTJAN72 ($4.15 in chips) 
Guten777: posts small blind $0.01
Br0wnCheese: posts big blind $0.02
makavelithedon3: sits out 
colopok65: sits out 
*** HOLE CARDS ***
Dealt to Dorex2007 [Kd 9d]
kauebueno: calls $0.02
Eropoker22: folds 
SMUTJAN72: folds 
krotov105: folds 
Dorex2007: folds 
Guten777: calls $0.01
Br0wnCheese: checks 
*** FLOP *** [Tc 3s 4h]
Guten777: checks 
Br0wnCheese: checks 
kauebueno: checks 
*** TURN *** [Tc 3s 4h] [4s]
Guten777: checks 
Br0wnCheese: checks 
kauebueno: checks 
*** RIVER *** [Tc 3s 4h 4s] [7c]
Guten777: checks 
Br0wnCheese: checks 
kauebueno: checks 
*** SHOW DOWN ***
Guten777: shows [2c As] (a pair of Fours)
Br0wnCheese: mucks hand 
kauebueno: shows [Ac 5s] (a pair of Fours)
Guten777 collected $0.03 from pot
kauebueno collected $0.03 from pot
*** SUMMARY ***
Total pot $0.06 | Rake $0 
Board [Tc 3s 4h 4s 7c]
Seat 1: krotov105 folded before Flop (didn't bet)
Seat 2: Dorex2007 (button) folded before Flop (didn't bet)
Seat 3: Guten777 (small blind) showed [2c As] and won ($0.03) with a pair of Fours
Seat 4: Br0wnCheese (big blind) mucked [Jc 6d]
Seat 6: kauebueno showed [Ac 5s] and won ($0.03) with a pair of Fours
Seat 8: Eropoker22 folded before Flop (didn't bet)
Seat 9: SMUTJAN72 folded before Flop (didn't bet)



PokerStars Hand #237240250261:  Hold'em No Limit ($0.01/$0.02 USD) - 2022/07/08 13:24:28 PT [2022/07/08 16:24:28 ET]
Table 'Sniadeckia II' 9-max Seat #3 is the button
Seat 1: krotov105 ($1.97 in chips) 
Seat 2: Dorex2007 ($2.04 in chips) 
Seat 3: Guten777 ($1.32 in chips) 
Seat 4: Br0wnCheese ($7.02 in chips) 
Seat 5: makavelithedon3 ($1.70 in chips) 
Seat 6: kauebueno ($1.45 in chips) 
Seat 8: Eropoker22 ($1.62 in chips) 
Seat 9: SMUTJAN72 ($4.15 in chips) 
Br0wnCheese: posts small blind $0.01
makavelithedon3: posts big blind $0.02
colopok65: sits out 
*** HOLE CARDS ***
Dealt to Dorex2007 [Td 3c]
kauebueno: raises $0.02 to $0.04
Eropoker22: calls $0.04
SMUTJAN72: folds 
krotov105: folds 
Dorex2007: folds 
Guten777: folds 
Br0wnCheese: folds 
makavelithedon3: calls $0.02
*** FLOP *** [Tc 4s 9h]
makavelithedon3: checks 
kauebueno: checks 
Eropoker22: bets $0.06
makavelithedon3: calls $0.06
kauebueno: calls $0.06
*** TURN *** [Tc 4s 9h] [Ac]
makavelithedon3: checks 
kauebueno: bets $0.15
Eropoker22: calls $0.15
makavelithedon3: folds 
*** RIVER *** [Tc 4s 9h Ac] [6d]
kauebueno: bets $1.20 and is all-in
Eropoker22: folds 
Uncalled bet ($1.20) returned to kauebueno
kauebueno collected $0.59 from pot
*** SUMMARY ***
Total pot $0.61 | Rake $0.02 
Board [Tc 4s 9h Ac 6d]
Seat 1: krotov105 folded before Flop (didn't bet)
Seat 2: Dorex2007 folded before Flop (didn't bet)
Seat 3: Guten777 (button) folded before Flop (didn't bet)
Seat 4: Br0wnCheese (small blind) folded before Flop
Seat 5: makavelithedon3 (big blind) folded on the Turn
Seat 6: kauebueno collected ($0.59)
Seat 8: Eropoker22 folded on the River
Seat 9: SMUTJAN72 folded before Flop (didn't bet)



PokerStars Hand #237240276107:  Hold'em No Limit ($0.01/$0.02 USD) - 2022/07/08 13:25:36 PT [2022/07/08 16:25:36 ET]
Table 'Sniadeckia II' 9-max Seat #4 is the button
Seat 2: Dorex2007 ($2.04 in chips) 
Seat 3: Guten777 ($1.32 in chips) 
Seat 4: Br0wnCheese ($7.01 in chips) 
Seat 5: makavelithedon3 ($1.60 in chips) 
Seat 6: kauebueno ($1.79 in chips) 
Seat 8: Eropoker22 ($1.37 in chips) 
Seat 9: SMUTJAN72 ($4.15 in chips) 
makavelithedon3: posts small blind $0.01
kauebueno: posts big blind $0.02
colopok65: sits out 
*** HOLE CARDS ***
Dealt to Dorex2007 [Ah Jh]
Eropoker22: folds 
SMUTJAN72: folds 
Dorex2007: calls $0.02
Guten777: raises $0.06 to $0.08
Br0wnCheese: folds 
makavelithedon3: folds 
kauebueno: folds 
Dorex2007: calls $0.06
*** FLOP *** [4s 6h Tc]
Dorex2007: checks 
Guten777: checks 
*** TURN *** [4s 6h Tc] [8c]
Dorex2007: bets $0.09
Guten777: calls $0.09
*** RIVER *** [4s 6h Tc 8c] [2d]
Dorex2007: checks 
Guten777: bets $0.22
Dorex2007: folds 
Uncalled bet ($0.22) returned to Guten777
Guten777 collected $0.36 from pot
*** SUMMARY ***
Total pot $0.37 | Rake $0.01 
Board [4s 6h Tc 8c 2d]
Seat 2: Dorex2007 folded on the River
Seat 3: Guten777 collected ($0.36)
Seat 4: Br0wnCheese (button) folded before Flop (didn't bet)
Seat 5: makavelithedon3 (small blind) folded before Flop
Seat 6: kauebueno (big blind) folded before Flop
Seat 8: Eropoker22 folded before Flop (didn't bet)
Seat 9: SMUTJAN72 folded before Flop (didn't bet)



PokerStars Hand #237240294000:  Hold'em No Limit ($0.01/$0.02 USD) - 2022/07/08 13:26:24 PT [2022/07/08 16:26:24 ET]
Table 'Sniadeckia II' 9-max Seat #5 is the button
Seat 2: Dorex2007 ($2 in chips) 
Seat 3: Guten777 ($1.51 in chips) 
Seat 4: Br0wnCheese ($7.01 in chips) 
Seat 5: makavelithedon3 ($1.59 in chips) 
Seat 6: kauebueno ($1.77 in chips) 
Seat 7: colopok65 ($2 in chips) 
Seat 8: Eropoker22 ($1.37 in chips) 
Seat 9: SMUTJAN72 ($4.15 in chips) 
kauebueno: posts small blind $0.01
colopok65: posts big blind $0.02
*** HOLE CARDS ***
Dealt to Dorex2007 [Td 7d]
Eropoker22: folds 
SMUTJAN72: raises $0.04 to $0.06
Dorex2007: folds 
Guten777: folds 
Br0wnCheese: folds 
makavelithedon3: folds 
kauebueno: folds 
makavelithedon3 leaves the table
Il0vebear joins the table at seat #5 
colopok65: folds 
Uncalled bet ($0.04) returned to SMUTJAN72
SMUTJAN72 collected $0.05 from pot
*** SUMMARY ***
Total pot $0.05 | Rake $0 
Seat 2: Dorex2007 folded before Flop (didn't bet)
Seat 3: Guten777 folded before Flop (didn't bet)
Seat 4: Br0wnCheese folded before Flop (didn't bet)
Seat 5: makavelithedon3 (button) folded before Flop (didn't bet)
Seat 6: kauebueno (small blind) folded before Flop
Seat 7: colopok65 (big blind) folded before Flop
Seat 8: Eropoker22 folded before Flop (didn't bet)
Seat 9: SMUTJAN72 collected ($0.05)



PokerStars Hand #237240301594:  Hold'em No Limit ($0.01/$0.02 USD) - 2022/07/08 13:26:44 PT [2022/07/08 16:26:44 ET]
Table 'Sniadeckia II' 9-max Seat #6 is the button
Seat 2: Dorex2007 ($2 in chips) 
Seat 3: Guten777 ($1.51 in chips) 
Seat 4: Br0wnCheese ($7.01 in chips) 
Seat 6: kauebueno ($1.76 in chips) 
Seat 7: colopok65 ($1.98 in chips) 
Seat 8: Eropoker22 ($1.37 in chips) 
Seat 9: SMUTJAN72 ($4.18 in chips) 
colopok65: posts small blind $0.01
Eropoker22: posts big blind $0.02
Il0vebear: sits out 
*** HOLE CARDS ***
Dealt to Dorex2007 [Ts 7c]
SMUTJAN72: folds 
Dorex2007: folds 
Guten777: raises $0.04 to $0.06
Br0wnCheese: folds 
kauebueno: folds 
colopok65: folds 
Eropoker22: calls $0.04
*** FLOP *** [8d Kd 9h]
Eropoker22: checks 
Guten777: checks 
*** TURN *** [8d Kd 9h] [4d]
Eropoker22: bets $0.06
Guten777: folds 
Uncalled bet ($0.06) returned to Eropoker22
Eropoker22 collected $0.13 from pot
*** SUMMARY ***
Total pot $0.13 | Rake $0 
Board [8d Kd 9h 4d]
Seat 2: Dorex2007 folded before Flop (didn't bet)
Seat 3: Guten777 folded on the Turn
Seat 4: Br0wnCheese folded before Flop (didn't bet)
Seat 6: kauebueno (button) folded before Flop (didn't bet)
Seat 7: colopok65 (small blind) folded before Flop
Seat 8: Eropoker22 (big blind) collected ($0.13)
Seat 9: SMUTJAN72 folded before Flop (didn't bet)



PokerStars Hand #237240313991:  Hold'em No Limit ($0.01/$0.02 USD) - 2022/07/08 13:27:17 PT [2022/07/08 16:27:17 ET]
Table 'Sniadeckia II' 9-max Seat #7 is the button
Seat 2: Dorex2007 ($2 in chips) 
Seat 3: Guten777 ($1.45 in chips) 
Seat 4: Br0wnCheese ($7.01 in chips) 
Seat 6: kauebueno ($1.76 in chips) 
Seat 7: colopok65 ($1.97 in chips) 
Seat 8: Eropoker22 ($1.44 in chips) 
Seat 9: SMUTJAN72 ($4.18 in chips) 
Eropoker22: posts small blind $0.01
SMUTJAN72: posts big blind $0.02
Il0vebear: sits out 
*** HOLE CARDS ***
Dealt to Dorex2007 [2c 7d]
Dorex2007: folds 
Guten777: folds 
Br0wnCheese: raises $0.03 to $0.05
kauebueno: calls $0.05
colopok65: folds 
Eropoker22: raises $0.07 to $0.12
SMUTJAN72: folds 
Br0wnCheese: calls $0.07
kauebueno: calls $0.07
*** FLOP *** [8d 4h Qd]
Eropoker22: bets $0.18
Br0wnCheese: calls $0.18
kauebueno: folds 
*** TURN *** [8d 4h Qd] [6c]
Eropoker22: checks 
Br0wnCheese: checks 
*** RIVER *** [8d 4h Qd 6c] [7c]
Eropoker22: checks 
Br0wnCheese: checks 
*** SHOW DOWN ***
Eropoker22: shows [9h 9c] (a pair of Nines)
Br0wnCheese: shows [Qc Ks] (a pair of Queens)
Br0wnCheese collected $0.71 from pot
*** SUMMARY ***
Total pot $0.74 | Rake $0.03 
Board [8d 4h Qd 6c 7c]
Seat 2: Dorex2007 folded before Flop (didn't bet)
Seat 3: Guten777 folded before Flop (didn't bet)
Seat 4: Br0wnCheese showed [Qc Ks] and won ($0.71) with a pair of Queens
Seat 6: kauebueno folded on the Flop
Seat 7: colopok65 (button) folded before Flop (didn't bet)
Seat 8: Eropoker22 (small blind) showed [9h 9c] and lost with a pair of Nines
Seat 9: SMUTJAN72 (big blind) folded before Flop



PokerStars Hand #237240329509:  Hold'em No Limit ($0.01/$0.02 USD) - 2022/07/08 13:27:58 PT [2022/07/08 16:27:58 ET]
Table 'Sniadeckia II' 9-max Seat #8 is the button
Seat 2: Dorex2007 ($2 in chips) 
Seat 3: Guten777 ($1.45 in chips) 
Seat 4: Br0wnCheese ($7.42 in chips) 
Seat 6: kauebueno ($1.64 in chips) 
Seat 7: colopok65 ($1.97 in chips) 
Seat 8: Eropoker22 ($1.14 in chips) 
Seat 9: SMUTJAN72 ($4.16 in chips) 
SMUTJAN72: posts small blind $0.01
Dorex2007: posts big blind $0.02
Il0vebear: sits out 
*** HOLE CARDS ***
Dealt to Dorex2007 [3c Kc]
Guten777: folds 
Br0wnCheese: folds 
kauebueno: raises $0.06 to $0.08
colopok65: folds 
Eropoker22: calls $0.08
SMUTJAN72: folds 
Dorex2007: folds 
*** FLOP *** [Qc 4c Js]
kauebueno: bets $0.09
Eropoker22: calls $0.09
*** TURN *** [Qc 4c Js] [3s]
kauebueno: checks 
Eropoker22: checks 
*** RIVER *** [Qc 4c Js 3s] [Jh]
kauebueno: checks 
Eropoker22: checks 
*** SHOW DOWN ***
kauebueno: shows [9s 9c] (two pair, Jacks and Nines)
Eropoker22: mucks hand 
kauebueno collected $0.36 from pot
*** SUMMARY ***
Total pot $0.37 | Rake $0.01 
Board [Qc 4c Js 3s Jh]
Seat 2: Dorex2007 (big blind) folded before Flop
Seat 3: Guten777 folded before Flop (didn't bet)
Seat 4: Br0wnCheese folded before Flop (didn't bet)
Seat 6: kauebueno showed [9s 9c] and won ($0.36) with two pair, Jacks and Nines
Seat 7: colopok65 folded before Flop (didn't bet)
Seat 8: Eropoker22 (button) mucked [6s As]
Seat 9: SMUTJAN72 (small blind) folded before Flop



PokerStars Hand #237240343720:  Hold'em No Limit ($0.01/$0.02 USD) - 2022/07/08 13:28:36 PT [2022/07/08 16:28:36 ET]
Table 'Sniadeckia II' 9-max Seat #9 is the button
Seat 2: Dorex2007 ($2 in chips) 
Seat 3: Guten777 ($1.45 in chips) 
Seat 4: Br0wnCheese ($7.42 in chips) 
Seat 6: kauebueno ($1.83 in chips) 
Seat 7: colopok65 ($1.97 in chips) 
Seat 8: Eropoker22 ($0.97 in chips) 
Seat 9: SMUTJAN72 ($4.15 in chips) 
Dorex2007: posts small blind $0.01
Guten777: posts big blind $0.02
Il0vebear: sits out 
*** HOLE CARDS ***
Dealt to Dorex2007 [7s 4c]
Br0wnCheese: folds 
kauebueno: folds 
colopok65: calls $0.02
Eropoker22: folds 
SMUTJAN72: folds 
Dorex2007: folds 
Guten777: checks 
*** FLOP *** [7d 2d Jc]
Guten777: checks 
colopok65: checks 
*** TURN *** [7d 2d Jc] [3c]
Guten777: bets $0.05
colopok65: folds 
Uncalled bet ($0.05) returned to Guten777
Guten777 collected $0.05 from pot
*** SUMMARY ***
Total pot $0.05 | Rake $0 
Board [7d 2d Jc 3c]
Seat 2: Dorex2007 (small blind) folded before Flop
Seat 3: Guten777 (big blind) collected ($0.05)
Seat 4: Br0wnCheese folded before Flop (didn't bet)
Seat 6: kauebueno folded before Flop (didn't bet)
Seat 7: colopok65 folded on the Turn
Seat 8: Eropoker22 folded before Flop (didn't bet)
Seat 9: SMUTJAN72 (button) folded before Flop (didn't bet)



PokerStars Hand #237240358481:  Hold'em No Limit ($0.01/$0.02 USD) - 2022/07/08 13:29:15 PT [2022/07/08 16:29:15 ET]
Table 'Sniadeckia II' 9-max Seat #2 is the button
Seat 2: Dorex2007 ($2 in chips) 
Seat 3: Guten777 ($1.48 in chips) 
Seat 4: Br0wnCheese ($7.42 in chips) 
Seat 6: kauebueno ($1.83 in chips) 
Seat 7: colopok65 ($1.95 in chips) 
Seat 8: Eropoker22 ($0.97 in chips) 
Seat 9: SMUTJAN72 ($4.15 in chips) 
Guten777: posts small blind $0.01
Br0wnCheese: posts big blind $0.02
Il0vebear: sits out 
*** HOLE CARDS ***
Dealt to Dorex2007 [Kd 9s]
kauebueno: folds 
colopok65: folds 
Eropoker22: folds 
SMUTJAN72: folds 
Dorex2007: folds 
Guten777: calls $0.01
Br0wnCheese: checks 
*** FLOP *** [Ac Qc Kc]
Guten777: checks 
Br0wnCheese: checks 
*** TURN *** [Ac Qc Kc] [7h]
Guten777: bets $0.06
Br0wnCheese: folds 
Uncalled bet ($0.06) returned to Guten777
Guten777 collected $0.04 from pot
*** SUMMARY ***
Total pot $0.04 | Rake $0 
Board [Ac Qc Kc 7h]
Seat 2: Dorex2007 (button) folded before Flop (didn't bet)
Seat 3: Guten777 (small blind) collected ($0.04)
Seat 4: Br0wnCheese (big blind) folded on the Turn
Seat 6: kauebueno folded before Flop (didn't bet)
Seat 7: colopok65 folded before Flop (didn't bet)
Seat 8: Eropoker22 folded before Flop (didn't bet)
Seat 9: SMUTJAN72 folded before Flop (didn't bet)



PokerStars Hand #237240369456:  Hold'em No Limit ($0.01/$0.02 USD) - 2022/07/08 13:29:44 PT [2022/07/08 16:29:44 ET]
Table 'Sniadeckia II' 9-max Seat #3 is the button
Seat 2: Dorex2007 ($2 in chips) 
Seat 3: Guten777 ($1.50 in chips) 
Seat 4: Br0wnCheese ($7.40 in chips) 
Seat 5: Il0vebear ($2 in chips) 
Seat 6: kauebueno ($1.83 in chips) 
Seat 7: colopok65 ($1.95 in chips) 
Seat 8: Eropoker22 ($0.97 in chips) 
Seat 9: SMUTJAN72 ($4.15 in chips) 
Br0wnCheese: posts small blind $0.01
Il0vebear: posts big blind $0.02
*** HOLE CARDS ***
Dealt to Dorex2007 [3d 8c]
kauebueno: raises $0.02 to $0.04
colopok65: folds 
Eropoker22: folds 
SMUTJAN72: folds 
Dorex2007: folds 
Guten777: calls $0.04
Br0wnCheese: folds 
Il0vebear: folds 
*** FLOP *** [3c Ac Jh]
kauebueno: bets $0.11
Guten777: calls $0.11
*** TURN *** [3c Ac Jh] [9s]
kauebueno: checks 
Guten777: checks 
*** RIVER *** [3c Ac Jh 9s] [6c]
kauebueno: bets $0.32
Guten777: folds 
Uncalled bet ($0.32) returned to kauebueno
kauebueno collected $0.32 from pot
*** SUMMARY ***
Total pot $0.33 | Rake $0.01 
Board [3c Ac Jh 9s 6c]
Seat 2: Dorex2007 folded before Flop (didn't bet)
Seat 3: Guten777 (button) folded on the River
Seat 4: Br0wnCheese (small blind) folded before Flop
Seat 5: Il0vebear (big blind) folded before Flop
Seat 6: kauebueno collected ($0.32)
Seat 7: colopok65 folded before Flop (didn't bet)
Seat 8: Eropoker22 folded before Flop (didn't bet)
Seat 9: SMUTJAN72 folded before Flop (didn't bet)



PokerStars Hand #237240387869:  Hold'em No Limit ($0.01/$0.02 USD) - 2022/07/08 13:30:33 PT [2022/07/08 16:30:33 ET]
Table 'Sniadeckia II' 9-max Seat #4 is the button
Seat 2: Dorex2007 ($2 in chips) 
Seat 3: Guten777 ($1.35 in chips) 
Seat 4: Br0wnCheese ($7.39 in chips) 
Seat 5: Il0vebear ($2 in chips) 
Seat 6: kauebueno ($2 in chips) 
Seat 7: colopok65 ($1.95 in chips) 
Seat 8: Eropoker22 ($0.97 in chips) 
Seat 9: SMUTJAN72 ($4.15 in chips) 
Il0vebear: posts small blind $0.01
kauebueno: posts big blind $0.02
*** HOLE CARDS ***
Dealt to Dorex2007 [8s 8h]
colopok65: folds 
Eropoker22: folds 
SMUTJAN72: folds 
Dorex2007: raises $0.02 to $0.04
Guten777: folds 
Br0wnCheese: raises $0.08 to $0.12
Il0vebear: folds 
kauebueno: calls $0.10
Dorex2007: folds 
*** FLOP *** [Qs 2h As]
kauebueno: checks 
Br0wnCheese: bets $0.14
kauebueno: calls $0.14
*** TURN *** [Qs 2h As] [7c]
kauebueno: checks 
Br0wnCheese: checks 
*** RIVER *** [Qs 2h As 7c] [5d]
kauebueno: checks 
Br0wnCheese: bets $0.18
kauebueno: folds 
Uncalled bet ($0.18) returned to Br0wnCheese
Br0wnCheese collected $0.55 from pot
*** SUMMARY ***
Total pot $0.57 | Rake $0.02 
Board [Qs 2h As 7c 5d]
Seat 2: Dorex2007 folded before Flop
Seat 3: Guten777 folded before Flop (didn't bet)
Seat 4: Br0wnCheese (button) collected ($0.55)
Seat 5: Il0vebear (small blind) folded before Flop
Seat 6: kauebueno (big blind) folded on the River
Seat 7: colopok65 folded before Flop (didn't bet)
Seat 8: Eropoker22 folded before Flop (didn't bet)
Seat 9: SMUTJAN72 folded before Flop (didn't bet)



PokerStars Hand #237240406761:  Hold'em No Limit ($0.01/$0.02 USD) - 2022/07/08 13:31:23 PT [2022/07/08 16:31:23 ET]
Table 'Sniadeckia II' 9-max Seat #5 is the button
Seat 2: Dorex2007 ($2 in chips) 
Seat 3: Guten777 ($1.35 in chips) 
Seat 4: Br0wnCheese ($7.68 in chips) 
Seat 5: Il0vebear ($2 in chips) 
Seat 6: kauebueno ($1.74 in chips) 
Seat 7: colopok65 ($1.95 in chips) 
Seat 8: Eropoker22 ($0.97 in chips) 
Seat 9: SMUTJAN72 ($4.15 in chips) 
kauebueno: posts small blind $0.01
colopok65: posts big blind $0.02
krotov105: sits out 
*** HOLE CARDS ***
Dealt to Dorex2007 [Jh 7s]
Eropoker22: raises $0.04 to $0.06
SMUTJAN72: folds 
Dorex2007: folds 
Guten777: calls $0.06
Br0wnCheese: folds 
Il0vebear: folds 
kauebueno: folds 
colopok65: folds 
*** FLOP *** [6c Kc Ks]
Eropoker22: checks 
Guten777: checks 
*** TURN *** [6c Kc Ks] [Jc]
Eropoker22: bets $0.07
Guten777: calls $0.07
*** RIVER *** [6c Kc Ks Jc] [3c]
Eropoker22: checks 
Guten777: checks 
*** SHOW DOWN ***
Eropoker22: shows [Jd As] (two pair, Kings and Jacks)
Guten777: mucks hand 
Eropoker22 collected $0.28 from pot
*** SUMMARY ***
Total pot $0.29 | Rake $0.01 
Board [6c Kc Ks Jc 3c]
Seat 2: Dorex2007 folded before Flop (didn't bet)
Seat 3: Guten777 mucked [9d Ad]
Seat 4: Br0wnCheese folded before Flop (didn't bet)
Seat 5: Il0vebear (button) folded before Flop (didn't bet)
Seat 6: kauebueno (small blind) folded before Flop
Seat 7: colopok65 (big blind) folded before Flop
Seat 8: Eropoker22 showed [Jd As] and won ($0.28) with two pair, Kings and Jacks
Seat 9: SMUTJAN72 folded before Flop (didn't bet)



PokerStars Hand #237240421486:  Hold'em No Limit ($0.01/$0.02 USD) - 2022/07/08 13:32:02 PT [2022/07/08 16:32:02 ET]
Table 'Sniadeckia II' 9-max Seat #6 is the button
Seat 2: Dorex2007 ($2 in chips) 
Seat 3: Guten777 ($1.22 in chips) 
Seat 4: Br0wnCheese ($7.68 in chips) 
Seat 5: Il0vebear ($2 in chips) 
Seat 6: kauebueno ($1.73 in chips) 
Seat 7: colopok65 ($1.93 in chips) 
Seat 8: Eropoker22 ($1.12 in chips) 
Seat 9: SMUTJAN72 ($4.15 in chips) 
colopok65: posts small blind $0.01
Eropoker22: posts big blind $0.02
krotov105: sits out 
*** HOLE CARDS ***
Dealt to Dorex2007 [8s 3d]
SMUTJAN72: folds 
Dorex2007: folds 
Guten777: folds 
Br0wnCheese: folds 
Il0vebear: raises $0.04 to $0.06
kauebueno: calls $0.06
colopok65: folds 
Eropoker22: folds 
*** FLOP *** [4d Qd Jd]
Il0vebear: checks 
kauebueno: bets $0.14
Il0vebear: folds 
Uncalled bet ($0.14) returned to kauebueno
kauebueno collected $0.14 from pot
*** SUMMARY ***
Total pot $0.15 | Rake $0.01 
Board [4d Qd Jd]
Seat 2: Dorex2007 folded before Flop (didn't bet)
Seat 3: Guten777 folded before Flop (didn't bet)
Seat 4: Br0wnCheese folded before Flop (didn't bet)
Seat 5: Il0vebear folded on the Flop
Seat 6: kauebueno (button) collected ($0.14)
Seat 7: colopok65 (small blind) folded before Flop
Seat 8: Eropoker22 (big blind) folded before Flop
Seat 9: SMUTJAN72 folded before Flop (didn't bet)



PokerStars Hand #237240433120:  Hold'em No Limit ($0.01/$0.02 USD) - 2022/07/08 13:32:34 PT [2022/07/08 16:32:34 ET]
Table 'Sniadeckia II' 9-max Seat #7 is the button
Seat 2: Dorex2007 ($2 in chips) 
Seat 3: Guten777 ($1.22 in chips) 
Seat 4: Br0wnCheese ($7.68 in chips) 
Seat 5: Il0vebear ($2 in chips) 
Seat 6: kauebueno ($1.81 in chips) 
Seat 7: colopok65 ($1.92 in chips) 
Seat 8: Eropoker22 ($1.10 in chips) 
Seat 9: SMUTJAN72 ($4.15 in chips) 
Eropoker22: posts small blind $0.01
SMUTJAN72: posts big blind $0.02
krotov105: sits out 
*** HOLE CARDS ***
Dealt to Dorex2007 [7s 3s]
Dorex2007: folds 
Guten777: folds 
Br0wnCheese: folds 
Il0vebear: folds 
kauebueno: raises $0.16 to $0.18
colopok65: folds 
Eropoker22: calls $0.17
SMUTJAN72: folds 
*** FLOP *** [Ac 2h 8h]
Eropoker22: checks 
kauebueno: checks 
*** TURN *** [Ac 2h 8h] [Ts]
Eropoker22: checks 
kauebueno: checks 
*** RIVER *** [Ac 2h 8h Ts] [2c]
Eropoker22: bets $0.92 and is all-in
kauebueno: folds 
Uncalled bet ($0.92) returned to Eropoker22
Eropoker22 collected $0.37 from pot
*** SUMMARY ***
Total pot $0.38 | Rake $0.01 
Board [Ac 2h 8h Ts 2c]
Seat 2: Dorex2007 folded before Flop (didn't bet)
Seat 3: Guten777 folded before Flop (didn't bet)
Seat 4: Br0wnCheese folded before Flop (didn't bet)
Seat 5: Il0vebear folded before Flop (didn't bet)
Seat 6: kauebueno folded on the River
Seat 7: colopok65 (button) folded before Flop (didn't bet)
Seat 8: Eropoker22 (small blind) collected ($0.37)
Seat 9: SMUTJAN72 (big blind) folded before Flop



PokerStars Hand #237240448872:  Hold'em No Limit ($0.01/$0.02 USD) - 2022/07/08 13:33:16 PT [2022/07/08 16:33:16 ET]
Table 'Sniadeckia II' 9-max Seat #8 is the button
Seat 1: krotov105 ($1.97 in chips) 
Seat 2: Dorex2007 ($2 in chips) 
Seat 3: Guten777 ($1.22 in chips) 
Seat 4: Br0wnCheese ($7.68 in chips) 
Seat 5: Il0vebear ($2 in chips) 
Seat 6: kauebueno ($1.63 in chips) 
Seat 7: colopok65 ($1.92 in chips) 
Seat 8: Eropoker22 ($1.29 in chips) 
Seat 9: SMUTJAN72 ($4.13 in chips) 
SMUTJAN72: posts small blind $0.01
krotov105: posts big blind $0.02
*** HOLE CARDS ***
Dealt to Dorex2007 [7d 8d]
Dorex2007: folds 
Guten777: folds 
Br0wnCheese: folds 
Il0vebear: raises $0.04 to $0.06
kauebueno: folds 
colopok65: folds 
Eropoker22: folds 
SMUTJAN72: calls $0.05
krotov105: folds 
*** FLOP *** [3h 3c 8c]
SMUTJAN72: bets $0.02
Il0vebear: raises $0.12 to $0.14
SMUTJAN72: calls $0.12
*** TURN *** [3h 3c 8c] [Qc]
SMUTJAN72: checks 
Il0vebear: checks 
*** RIVER *** [3h 3c 8c Qc] [Qd]
SMUTJAN72: bets $0.02
Il0vebear: calls $0.02
*** SHOW DOWN ***
SMUTJAN72: shows [9c 9h] (two pair, Queens and Nines)
Il0vebear: shows [Kd Ks] (two pair, Kings and Queens)
Il0vebear collected $0.44 from pot
*** SUMMARY ***
Total pot $0.46 | Rake $0.02 
Board [3h 3c 8c Qc Qd]
Seat 1: krotov105 (big blind) folded before Flop
Seat 2: Dorex2007 folded before Flop (didn't bet)
Seat 3: Guten777 folded before Flop (didn't bet)
Seat 4: Br0wnCheese folded before Flop (didn't bet)
Seat 5: Il0vebear showed [Kd Ks] and won ($0.44) with two pair, Kings and Queens
Seat 6: kauebueno folded before Flop (didn't bet)
Seat 7: colopok65 folded before Flop (didn't bet)
Seat 8: Eropoker22 (button) folded before Flop (didn't bet)
Seat 9: SMUTJAN72 (small blind) showed [9c 9h] and lost with two pair, Queens and Nines



PokerStars Hand #237240469681:  Hold'em No Limit ($0.01/$0.02 USD) - 2022/07/08 13:34:11 PT [2022/07/08 16:34:11 ET]
Table 'Sniadeckia II' 9-max Seat #9 is the button
Seat 1: krotov105 ($1.95 in chips) 
Seat 2: Dorex2007 ($2 in chips) 
Seat 3: Guten777 ($1.22 in chips) 
Seat 4: Br0wnCheese ($7.68 in chips) 
Seat 5: Il0vebear ($2.22 in chips) 
Seat 6: kauebueno ($1.63 in chips) 
Seat 7: colopok65 ($1.92 in chips) 
Seat 8: Eropoker22 ($1.29 in chips) 
Seat 9: SMUTJAN72 ($3.91 in chips) 
krotov105: posts small blind $0.01
Dorex2007: posts big blind $0.02
*** HOLE CARDS ***
Dealt to Dorex2007 [Ah Qc]
Guten777: folds 
Br0wnCheese: folds 
Il0vebear: raises $0.04 to $0.06
kauebueno: folds 
colopok65: folds 
Eropoker22: folds 
SMUTJAN72: folds 
krotov105: calls $0.05
Dorex2007: calls $0.04
*** FLOP *** [6d Js 4c]
krotov105: checks 
Dorex2007: checks 
Il0vebear: checks 
*** TURN *** [6d Js 4c] [Ts]
krotov105: checks 
Dorex2007: checks 
Il0vebear: checks 
*** RIVER *** [6d Js 4c Ts] [5h]
krotov105: checks 
Dorex2007: bets $0.04
Il0vebear: folds 
krotov105: folds 
Uncalled bet ($0.04) returned to Dorex2007
Dorex2007 collected $0.17 from pot
*** SUMMARY ***
Total pot $0.18 | Rake $0.01 
Board [6d Js 4c Ts 5h]
Seat 1: krotov105 (small blind) folded on the River
Seat 2: Dorex2007 (big blind) collected ($0.17)
Seat 3: Guten777 folded before Flop (didn't bet)
Seat 4: Br0wnCheese folded before Flop (didn't bet)
Seat 5: Il0vebear folded on the River
Seat 6: kauebueno folded before Flop (didn't bet)
Seat 7: colopok65 folded before Flop (didn't bet)
Seat 8: Eropoker22 folded before Flop (didn't bet)
Seat 9: SMUTJAN72 (button) folded before Flop (didn't bet)



PokerStars Hand #237240495426:  Hold'em No Limit ($0.01/$0.02 USD) - 2022/07/08 13:35:20 PT [2022/07/08 16:35:20 ET]
Table 'Sniadeckia II' 9-max Seat #1 is the button
Seat 1: krotov105 ($1.89 in chips) 
Seat 2: Dorex2007 ($2.11 in chips) 
Seat 3: Guten777 ($1.22 in chips) 
Seat 4: Br0wnCheese ($7.68 in chips) 
Seat 5: Il0vebear ($2.16 in chips) 
Seat 6: kauebueno ($1.63 in chips) 
Seat 7: colopok65 ($1.92 in chips) 
Seat 8: Eropoker22 ($1.29 in chips) 
Seat 9: SMUTJAN72 ($3.91 in chips) 
Dorex2007: posts small blind $0.01
Guten777: posts big blind $0.02
*** HOLE CARDS ***
Dealt to Dorex2007 [Qd 6s]
Br0wnCheese: folds 
Il0vebear: folds 
kauebueno: calls $0.02
colopok65: folds 
Eropoker22: folds 
SMUTJAN72: folds 
krotov105: folds 
Dorex2007: folds 
Guten777: checks 
*** FLOP *** [7d 4d As]
Guten777: bets $0.04
kauebueno: folds 
Uncalled bet ($0.04) returned to Guten777
Guten777 collected $0.05 from pot
*** SUMMARY ***
Total pot $0.05 | Rake $0 
Board [7d 4d As]
Seat 1: krotov105 (button) folded before Flop (didn't bet)
Seat 2: Dorex2007 (small blind) folded before Flop
Seat 3: Guten777 (big blind) collected ($0.05)
Seat 4: Br0wnCheese folded before Flop (didn't bet)
Seat 5: Il0vebear folded before Flop (didn't bet)
Seat 6: kauebueno folded on the Flop
Seat 7: colopok65 folded before Flop (didn't bet)
Seat 8: Eropoker22 folded before Flop (didn't bet)
Seat 9: SMUTJAN72 folded before Flop (didn't bet)



PokerStars Hand #237240506642:  Hold'em No Limit ($0.01/$0.02 USD) - 2022/07/08 13:35:50 PT [2022/07/08 16:35:50 ET]
Table 'Sniadeckia II' 9-max Seat #2 is the button
Seat 2: Dorex2007 ($2.10 in chips) 
Seat 3: Guten777 ($1.25 in chips) 
Seat 4: Br0wnCheese ($7.68 in chips) 
Seat 5: Il0vebear ($2.16 in chips) 
Seat 6: kauebueno ($1.61 in chips) 
Seat 7: colopok65 ($1.92 in chips) 
Seat 8: Eropoker22 ($1.29 in chips) 
Seat 9: SMUTJAN72 ($3.91 in chips) 
Guten777: posts small blind $0.01
Br0wnCheese: posts big blind $0.02
*** HOLE CARDS ***
Dealt to Dorex2007 [9s 7h]
Il0vebear: folds 
Il0vebear leaves the table
kauebueno: folds 
colopok65: folds 
Eropoker22 has timed out
Eropoker22: folds 
SMUTJAN72: folds 
Dorex2007: folds 
Guten777: raises $0.08 to $0.10
Br0wnCheese: folds 
Uncalled bet ($0.08) returned to Guten777
Guten777 collected $0.04 from pot
*** SUMMARY ***
Total pot $0.04 | Rake $0 
Seat 2: Dorex2007 (button) folded before Flop (didn't bet)
Seat 3: Guten777 (small blind) collected ($0.04)
Seat 4: Br0wnCheese (big blind) folded before Flop
Seat 5: Il0vebear folded before Flop (didn't bet)
Seat 6: kauebueno folded before Flop (didn't bet)
Seat 7: colopok65 folded before Flop (didn't bet)
Seat 8: Eropoker22 folded before Flop (didn't bet)
Seat 9: SMUTJAN72 folded before Flop (didn't bet)



PokerStars Hand #237240515901:  Hold'em No Limit ($0.01/$0.02 USD) - 2022/07/08 13:36:15 PT [2022/07/08 16:36:15 ET]
Table 'Sniadeckia II' 9-max Seat #3 is the button
Seat 1: krotov105 ($1.89 in chips) 
Seat 2: Dorex2007 ($2.10 in chips) 
Seat 3: Guten777 ($1.27 in chips) 
Seat 4: Br0wnCheese ($7.66 in chips) 
Seat 6: kauebueno ($1.61 in chips) 
Seat 7: colopok65 ($1.92 in chips) 
Seat 8: Eropoker22 ($1.29 in chips) 
Seat 9: SMUTJAN72 ($3.91 in chips) 
Br0wnCheese: posts small blind $0.01
kauebueno: posts big blind $0.02
*** HOLE CARDS ***
Dealt to Dorex2007 [6c Jh]
colopok65: calls $0.02
Eropoker22 has timed out
Eropoker22: folds 
SMUTJAN72: raises $0.04 to $0.06
krotov105: folds 
Dorex2007: folds 
Guten777: folds 
Br0wnCheese: folds 
kauebueno: folds 
colopok65: calls $0.04
*** FLOP *** [Js 6s 6d]
colopok65: checks 
SMUTJAN72: bets $0.07
colopok65: raises $0.07 to $0.14
SMUTJAN72: calls $0.07
*** TURN *** [Js 6s 6d] [Jc]
K.P.1.2.B1980 joins the table at seat #5 
colopok65: bets $0.20
SMUTJAN72: calls $0.20
*** RIVER *** [Js 6s 6d Jc] [Qc]
colopok65: bets $0.40
SMUTJAN72: raises $0.40 to $0.80
colopok65: folds 
Uncalled bet ($0.40) returned to SMUTJAN72
SMUTJAN72 collected $1.57 from pot
*** SUMMARY ***
Total pot $1.63 | Rake $0.06 
Board [Js 6s 6d Jc Qc]
Seat 1: krotov105 folded before Flop (didn't bet)
Seat 2: Dorex2007 folded before Flop (didn't bet)
Seat 3: Guten777 (button) folded before Flop (didn't bet)
Seat 4: Br0wnCheese (small blind) folded before Flop
Seat 6: kauebueno (big blind) folded before Flop
Seat 7: colopok65 folded on the River
Seat 8: Eropoker22 folded before Flop (didn't bet)
Seat 9: SMUTJAN72 collected ($1.57)



PokerStars Hand #237240545181:  Hold'em No Limit ($0.01/$0.02 USD) - 2022/07/08 13:37:33 PT [2022/07/08 16:37:33 ET]
Table 'Sniadeckia II' 9-max Seat #4 is the button
Seat 1: krotov105 ($1.89 in chips) 
Seat 2: Dorex2007 ($2.10 in chips) 
Seat 3: Guten777 ($1.27 in chips) 
Seat 4: Br0wnCheese ($7.65 in chips) 
Seat 6: kauebueno ($1.59 in chips) 
Seat 7: colopok65 ($1.12 in chips) 
Seat 8: Eropoker22 ($1.29 in chips) 
Seat 9: SMUTJAN72 ($4.68 in chips) 
kauebueno: posts small blind $0.01
colopok65: posts big blind $0.02
*** HOLE CARDS ***
Dealt to Dorex2007 [9c Ks]
Eropoker22 has timed out
Eropoker22: folds 
SMUTJAN72: calls $0.02
krotov105: folds 
Dorex2007: folds 
Guten777: folds 
Br0wnCheese: folds 
kauebueno: calls $0.01
colopok65: checks 
*** FLOP *** [2d Kc Ac]
kauebueno: checks 
colopok65: checks 
SMUTJAN72: checks 
*** TURN *** [2d Kc Ac] [5d]
kauebueno: checks 
colopok65: checks 
SMUTJAN72: checks 
*** RIVER *** [2d Kc Ac 5d] [2s]
kauebueno: checks 
colopok65: checks 
SMUTJAN72: checks 
*** SHOW DOWN ***
kauebueno: shows [8d 7h] (a pair of Deuces)
colopok65: shows [8s Ah] (two pair, Aces and Deuces)
SMUTJAN72: mucks hand 
colopok65 collected $0.06 from pot
*** SUMMARY ***
Total pot $0.06 | Rake $0 
Board [2d Kc Ac 5d 2s]
Seat 1: krotov105 folded before Flop (didn't bet)
Seat 2: Dorex2007 folded before Flop (didn't bet)
Seat 3: Guten777 folded before Flop (didn't bet)
Seat 4: Br0wnCheese (button) folded before Flop (didn't bet)
Seat 6: kauebueno (small blind) showed [8d 7h] and lost with a pair of Deuces
Seat 7: colopok65 (big blind) showed [8s Ah] and won ($0.06) with two pair, Aces and Deuces
Seat 8: Eropoker22 folded before Flop (didn't bet)
Seat 9: SMUTJAN72 mucked [4d 4s]



PokerStars Hand #237240574628:  Hold'em No Limit ($0.01/$0.02 USD) - 2022/07/08 13:38:34 PT [2022/07/08 16:38:34 ET]
Table 'Sniadeckia II' 9-max Seat #6 is the button
Seat 1: krotov105 ($1.89 in chips) 
Seat 2: Dorex2007 ($2.10 in chips) 
Seat 3: Guten777 ($1.27 in chips) 
Seat 4: Br0wnCheese ($7.65 in chips) 
Seat 6: kauebueno ($1.57 in chips) 
Seat 7: colopok65 ($1.16 in chips) 
Seat 8: Eropoker22 ($1.29 in chips) 
Seat 9: SMUTJAN72 ($4.66 in chips) 
colopok65: posts small blind $0.01
Eropoker22: posts big blind $0.02
K.P.1.2.B1980: sits out 
*** HOLE CARDS ***
Dealt to Dorex2007 [3c 9h]
SMUTJAN72: raises $0.04 to $0.06
krotov105: folds 
Dorex2007: folds 
Guten777: folds 
Br0wnCheese: folds 
kauebueno: folds 
colopok65: folds 
Eropoker22: calls $0.04
*** FLOP *** [Qd 4c 3d]
Eropoker22: checks 
SMUTJAN72: bets $0.06
Eropoker22: calls $0.06
*** TURN *** [Qd 4c 3d] [6s]
Eropoker22: checks 
SMUTJAN72: bets $0.24
Eropoker22: calls $0.24
*** RIVER *** [Qd 4c 3d 6s] [Ts]
Eropoker22: checks 
SMUTJAN72: bets $0.14
Eropoker22: folds 
Uncalled bet ($0.14) returned to SMUTJAN72
SMUTJAN72 collected $0.70 from pot
*** SUMMARY ***
Total pot $0.73 | Rake $0.03 
Board [Qd 4c 3d 6s Ts]
Seat 1: krotov105 folded before Flop (didn't bet)
Seat 2: Dorex2007 folded before Flop (didn't bet)
Seat 3: Guten777 folded before Flop (didn't bet)
Seat 4: Br0wnCheese folded before Flop (didn't bet)
Seat 6: kauebueno (button) folded before Flop (didn't bet)
Seat 7: colopok65 (small blind) folded before Flop
Seat 8: Eropoker22 (big blind) folded on the River
Seat 9: SMUTJAN72 collected ($0.70)



PokerStars Hand #237240590994:  Hold'em No Limit ($0.01/$0.02 USD) - 2022/07/08 13:39:18 PT [2022/07/08 16:39:18 ET]
Table 'Sniadeckia II' 9-max Seat #7 is the button
Seat 1: krotov105 ($1.89 in chips) 
Seat 2: Dorex2007 ($2.10 in chips) 
Seat 3: Guten777 ($1.27 in chips) 
Seat 4: Br0wnCheese ($7.65 in chips) 
Seat 5: K.P.1.2.B1980 ($2 in chips) 
Seat 6: kauebueno ($1.57 in chips) 
Seat 7: colopok65 ($1.15 in chips) 
Seat 8: Eropoker22 ($0.93 in chips) 
Seat 9: SMUTJAN72 ($5 in chips) 
Eropoker22: posts small blind $0.01
SMUTJAN72: posts big blind $0.02
K.P.1.2.B1980: posts big blind $0.02
*** HOLE CARDS ***
Dealt to Dorex2007 [4c Qc]
krotov105: folds 
Dorex2007: folds 
Guten777: raises $0.06 to $0.08
Br0wnCheese: folds 
K.P.1.2.B1980: calls $0.06
kauebueno: folds 
colopok65: folds 
Eropoker22: folds 
SMUTJAN72: folds 
*** FLOP *** [Ah 5h Kd]
Guten777: checks 
K.P.1.2.B1980: checks 
*** TURN *** [Ah 5h Kd] [2h]
Guten777: bets $0.12
K.P.1.2.B1980: calls $0.12
*** RIVER *** [Ah 5h Kd 2h] [Qh]
Guten777: bets $0.16
K.P.1.2.B1980: folds 
Uncalled bet ($0.16) returned to Guten777
Guten777 collected $0.41 from pot
*** SUMMARY ***
Total pot $0.43 | Rake $0.02 
Board [Ah 5h Kd 2h Qh]
Seat 1: krotov105 folded before Flop (didn't bet)
Seat 2: Dorex2007 folded before Flop (didn't bet)
Seat 3: Guten777 collected ($0.41)
Seat 4: Br0wnCheese folded before Flop (didn't bet)
Seat 5: K.P.1.2.B1980 folded on the River
Seat 6: kauebueno folded before Flop (didn't bet)
Seat 7: colopok65 (button) folded before Flop (didn't bet)
Seat 8: Eropoker22 (small blind) folded before Flop
Seat 9: SMUTJAN72 (big blind) folded before Flop



PokerStars Hand #237240618805:  Hold'em No Limit ($0.01/$0.02 USD) - 2022/07/08 13:40:33 PT [2022/07/08 16:40:33 ET]
Table 'Sniadeckia II' 9-max Seat #8 is the button
Seat 1: krotov105 ($1.89 in chips) 
Seat 2: Dorex2007 ($2.10 in chips) 
Seat 3: Guten777 ($1.48 in chips) 
Seat 4: Br0wnCheese ($7.65 in chips) 
Seat 5: K.P.1.2.B1980 ($1.80 in chips) 
Seat 6: kauebueno ($1.57 in chips) 
Seat 7: colopok65 ($2 in chips) 
Seat 8: Eropoker22 ($0.92 in chips) 
Seat 9: SMUTJAN72 ($4.98 in chips) 
SMUTJAN72: posts small blind $0.01
krotov105: posts big blind $0.02
*** HOLE CARDS ***
Dealt to Dorex2007 [Qc Jh]
Dorex2007: folds 
Guten777: folds 
Br0wnCheese: folds 
K.P.1.2.B1980: calls $0.02
kauebueno: calls $0.02
colopok65: folds 
Eropoker22: folds 
SMUTJAN72: folds 
krotov105: raises $0.05 to $0.07
K.P.1.2.B1980: calls $0.05
kauebueno: calls $0.05
*** FLOP *** [Th 8d Ah]
krotov105: checks 
K.P.1.2.B1980: checks 
kauebueno: checks 
*** TURN *** [Th 8d Ah] [3d]
krotov105: bets $0.15
K.P.1.2.B1980: folds 
kauebueno: calls $0.15
*** RIVER *** [Th 8d Ah 3d] [7h]
krotov105: checks 
kauebueno: checks 
*** SHOW DOWN ***
krotov105: shows [Kd Ks] (a pair of Kings)
kauebueno: mucks hand 
krotov105 collected $0.50 from pot
*** SUMMARY ***
Total pot $0.52 | Rake $0.02 
Board [Th 8d Ah 3d 7h]
Seat 1: krotov105 (big blind) showed [Kd Ks] and won ($0.50) with a pair of Kings
Seat 2: Dorex2007 folded before Flop (didn't bet)
Seat 3: Guten777 folded before Flop (didn't bet)
Seat 4: Br0wnCheese folded before Flop (didn't bet)
Seat 5: K.P.1.2.B1980 folded on the Turn
Seat 6: kauebueno mucked [6d 7d]
Seat 7: colopok65 folded before Flop (didn't bet)
Seat 8: Eropoker22 (button) folded before Flop (didn't bet)
Seat 9: SMUTJAN72 (small blind) folded before Flop



PokerStars Hand #237240641752:  Hold'em No Limit ($0.01/$0.02 USD) - 2022/07/08 13:41:34 PT [2022/07/08 16:41:34 ET]
Table 'Sniadeckia II' 9-max Seat #9 is the button
Seat 1: krotov105 ($2.17 in chips) 
Seat 2: Dorex2007 ($2.10 in chips) 
Seat 3: Guten777 ($1.48 in chips) 
Seat 4: Br0wnCheese ($7.65 in chips) 
Seat 5: K.P.1.2.B1980 ($1.73 in chips) 
Seat 6: kauebueno ($1.35 in chips) 
Seat 7: colopok65 ($2 in chips) 
Seat 8: Eropoker22 ($0.92 in chips) 
Seat 9: SMUTJAN72 ($4.97 in chips) 
krotov105: posts small blind $0.01
Dorex2007: posts big blind $0.02
*** HOLE CARDS ***
Dealt to Dorex2007 [4h Qs]
Guten777: raises $0.04 to $0.06
Br0wnCheese: folds 
K.P.1.2.B1980: calls $0.06
kauebueno: folds 
colopok65: calls $0.06
Eropoker22: folds 
SMUTJAN72: folds 
krotov105: folds 
Dorex2007: folds 
*** FLOP *** [8s 8c Jh]
Guten777: bets $0.12
K.P.1.2.B1980: folds 
colopok65: folds 
Uncalled bet ($0.12) returned to Guten777
Guten777 collected $0.20 from pot
*** SUMMARY ***
Total pot $0.21 | Rake $0.01 
Board [8s 8c Jh]
Seat 1: krotov105 (small blind) folded before Flop
Seat 2: Dorex2007 (big blind) folded before Flop
Seat 3: Guten777 collected ($0.20)
Seat 4: Br0wnCheese folded before Flop (didn't bet)
Seat 5: K.P.1.2.B1980 folded on the Flop
Seat 6: kauebueno folded before Flop (didn't bet)
Seat 7: colopok65 folded on the Flop
Seat 8: Eropoker22 folded before Flop (didn't bet)
Seat 9: SMUTJAN72 (button) folded before Flop (didn't bet)



PokerStars Hand #237240652629:  Hold'em No Limit ($0.01/$0.02 USD) - 2022/07/08 13:42:04 PT [2022/07/08 16:42:04 ET]
Table 'Sniadeckia II' 9-max Seat #1 is the button
Seat 1: krotov105 ($2.16 in chips) 
Seat 2: Dorex2007 ($2.08 in chips) 
Seat 3: Guten777 ($1.62 in chips) 
Seat 4: Br0wnCheese ($7.65 in chips) 
Seat 5: K.P.1.2.B1980 ($1.67 in chips) 
Seat 6: kauebueno ($1.35 in chips) 
Seat 7: colopok65 ($1.94 in chips) 
Seat 8: Eropoker22 ($0.92 in chips) 
Seat 9: SMUTJAN72 ($4.97 in chips) 
Dorex2007: posts small blind $0.01
Guten777: posts big blind $0.02
*** HOLE CARDS ***
Dealt to Dorex2007 [4h 5s]
Br0wnCheese: folds 
K.P.1.2.B1980: raises $0.06 to $0.08
kauebueno: calls $0.08
colopok65: folds 
Eropoker22: folds 
SMUTJAN72: folds 
krotov105: folds 
Dorex2007: folds 
Guten777: folds 
*** FLOP *** [Qd 2d 2s]
K.P.1.2.B1980: bets $0.09
kauebueno: calls $0.09
*** TURN *** [Qd 2d 2s] [Qh]
K.P.1.2.B1980: checks 
kauebueno: checks 
*** RIVER *** [Qd 2d 2s Qh] [Qc]
colopok65 leaves the table
victordyfox joins the table at seat #7 
K.P.1.2.B1980: bets $0.22
kauebueno: calls $0.22
*** SHOW DOWN ***
K.P.1.2.B1980: shows [Ks As] (a full house, Queens full of Deuces)
kauebueno: shows [3s 3h] (a full house, Queens full of Threes)
kauebueno collected $0.78 from pot
*** SUMMARY ***
Total pot $0.81 | Rake $0.03 
Board [Qd 2d 2s Qh Qc]
Seat 1: krotov105 (button) folded before Flop (didn't bet)
Seat 2: Dorex2007 (small blind) folded before Flop
Seat 3: Guten777 (big blind) folded before Flop
Seat 4: Br0wnCheese folded before Flop (didn't bet)
Seat 5: K.P.1.2.B1980 showed [Ks As] and lost with a full house, Queens full of Deuces
Seat 6: kauebueno showed [3s 3h] and won ($0.78) with a full house, Queens full of Threes
Seat 7: colopok65 folded before Flop (didn't bet)
Seat 8: Eropoker22 folded before Flop (didn't bet)
Seat 9: SMUTJAN72 folded before Flop (didn't bet)



PokerStars Hand #237240676699:  Hold'em No Limit ($0.01/$0.02 USD) - 2022/07/08 13:43:09 PT [2022/07/08 16:43:09 ET]
Table 'Sniadeckia II' 9-max Seat #2 is the button
Seat 1: krotov105 ($2.16 in chips) 
Seat 2: Dorex2007 ($2.07 in chips) 
Seat 3: Guten777 ($1.60 in chips) 
Seat 4: Br0wnCheese ($7.65 in chips) 
Seat 5: K.P.1.2.B1980 ($1.28 in chips) 
Seat 6: kauebueno ($1.74 in chips) 
Seat 7: victordyfox ($1.60 in chips) 
Seat 8: Eropoker22 ($0.92 in chips) 
Seat 9: SMUTJAN72 ($4.97 in chips) 
Guten777: posts small blind $0.01
Br0wnCheese: posts big blind $0.02
victordyfox: posts big blind $0.02
*** HOLE CARDS ***
Dealt to Dorex2007 [7c 5s]
K.P.1.2.B1980: calls $0.02
kauebueno: folds 
victordyfox: checks 
Eropoker22: raises $0.04 to $0.06
SMUTJAN72: folds 
krotov105: folds 
Dorex2007: folds 
Guten777: calls $0.05
kauebueno leaves the table
Br0wnCheese: calls $0.04
K.P.1.2.B1980: calls $0.04
victordyfox: folds 
*** FLOP *** [2h 8h 8s]
Guten777: checks 
Br0wnCheese: checks 
K.P.1.2.B1980: checks 
Eropoker22: checks 
*** TURN *** [2h 8h 8s] [2c]
Guten777: bets $0.16
Br0wnCheese: folds 
K.P.1.2.B1980: folds 
Eropoker22: folds 
Uncalled bet ($0.16) returned to Guten777
Guten777 collected $0.25 from pot
*** SUMMARY ***
Total pot $0.26 | Rake $0.01 
Board [2h 8h 8s 2c]
Seat 1: krotov105 folded before Flop (didn't bet)
Seat 2: Dorex2007 (button) folded before Flop (didn't bet)
Seat 3: Guten777 (small blind) collected ($0.25)
Seat 4: Br0wnCheese (big blind) folded on the Turn
Seat 5: K.P.1.2.B1980 folded on the Turn
Seat 6: kauebueno folded before Flop (didn't bet)
Seat 7: victordyfox folded before Flop (didn't bet)
Seat 8: Eropoker22 folded on the Turn
Seat 9: SMUTJAN72 folded before Flop (didn't bet)



PokerStars Hand #237240697254:  Hold'em No Limit ($0.01/$0.02 USD) - 2022/07/08 13:44:05 PT [2022/07/08 16:44:05 ET]
Table 'Sniadeckia II' 9-max Seat #3 is the button
Seat 1: krotov105 ($2.16 in chips) 
Seat 2: Dorex2007 ($2.07 in chips) 
Seat 3: Guten777 ($1.79 in chips) 
Seat 4: Br0wnCheese ($7.59 in chips) 
Seat 5: K.P.1.2.B1980 ($1.22 in chips) 
Seat 7: victordyfox ($1.58 in chips) 
Seat 8: Eropoker22 ($0.86 in chips) 
Seat 9: SMUTJAN72 ($4.97 in chips) 
Br0wnCheese: posts small blind $0.01
K.P.1.2.B1980: posts big blind $0.02
*** HOLE CARDS ***
Dealt to Dorex2007 [6s Kd]
victordyfox: folds 
Eropoker22: folds 
SMUTJAN72: folds 
krotov105: folds 
Dorex2007: folds 
Guten777: raises $0.06 to $0.08
Br0wnCheese: folds 
K.P.1.2.B1980: calls $0.06
*** FLOP *** [Ah Tc Qh]
K.P.1.2.B1980: checks 
Guten777: bets $0.08
K.P.1.2.B1980: folds 
Uncalled bet ($0.08) returned to Guten777
Guten777 collected $0.16 from pot
*** SUMMARY ***
Total pot $0.17 | Rake $0.01 
Board [Ah Tc Qh]
Seat 1: krotov105 folded before Flop (didn't bet)
Seat 2: Dorex2007 folded before Flop (didn't bet)
Seat 3: Guten777 (button) collected ($0.16)
Seat 4: Br0wnCheese (small blind) folded before Flop
Seat 5: K.P.1.2.B1980 (big blind) folded on the Flop
Seat 7: victordyfox folded before Flop (didn't bet)
Seat 8: Eropoker22 folded before Flop (didn't bet)
Seat 9: SMUTJAN72 folded before Flop (didn't bet)



PokerStars Hand #237240710672:  Hold'em No Limit ($0.01/$0.02 USD) - 2022/07/08 13:44:42 PT [2022/07/08 16:44:42 ET]
Table 'Sniadeckia II' 9-max Seat #4 is the button
Seat 1: krotov105 ($2.16 in chips) 
Seat 2: Dorex2007 ($2.07 in chips) 
Seat 3: Guten777 ($1.87 in chips) 
Seat 4: Br0wnCheese ($7.58 in chips) 
Seat 5: K.P.1.2.B1980 ($1.14 in chips) 
Seat 7: victordyfox ($1.58 in chips) 
Seat 8: Eropoker22 ($0.86 in chips) 
Seat 9: SMUTJAN72 ($4.97 in chips) 
K.P.1.2.B1980: posts small blind $0.01
victordyfox: posts big blind $0.02
*** HOLE CARDS ***
Dealt to Dorex2007 [6d 8h]
Eropoker22: folds 
SMUTJAN72: folds 
krotov105: folds 
Dorex2007: folds 
Guten777: folds 
Br0wnCheese: raises $0.03 to $0.05
K.P.1.2.B1980: calls $0.04
victordyfox: folds 
*** FLOP *** [4h Ad 3s]
K.P.1.2.B1980: bets $0.12
Br0wnCheese: folds 
Uncalled bet ($0.12) returned to K.P.1.2.B1980
K.P.1.2.B1980 collected $0.12 from pot
*** SUMMARY ***
Total pot $0.12 | Rake $0 
Board [4h Ad 3s]
Seat 1: krotov105 folded before Flop (didn't bet)
Seat 2: Dorex2007 folded before Flop (didn't bet)
Seat 3: Guten777 folded before Flop (didn't bet)
Seat 4: Br0wnCheese (button) folded on the Flop
Seat 5: K.P.1.2.B1980 (small blind) collected ($0.12)
Seat 7: victordyfox (big blind) folded before Flop
Seat 8: Eropoker22 folded before Flop (didn't bet)
Seat 9: SMUTJAN72 folded before Flop (didn't bet)



PokerStars Hand #237240719891:  Hold'em No Limit ($0.01/$0.02 USD) - 2022/07/08 13:45:07 PT [2022/07/08 16:45:07 ET]
Table 'Sniadeckia II' 9-max Seat #5 is the button
Seat 1: krotov105 ($2.16 in chips) 
Seat 2: Dorex2007 ($2.07 in chips) 
Seat 3: Guten777 ($1.87 in chips) 
Seat 4: Br0wnCheese ($7.53 in chips) 
Seat 5: K.P.1.2.B1980 ($1.21 in chips) 
Seat 7: victordyfox ($1.56 in chips) 
Seat 8: Eropoker22 ($0.86 in chips) 
Seat 9: SMUTJAN72 ($4.97 in chips) 
victordyfox: posts small blind $0.01
Eropoker22: posts big blind $0.02
*** HOLE CARDS ***
Dealt to Dorex2007 [Tc Td]
SMUTJAN72: folds 
krotov105: folds 
Dorex2007: raises $0.04 to $0.06
Guten777: calls $0.06
Br0wnCheese: folds 
K.P.1.2.B1980: calls $0.06
victordyfox: folds 
Eropoker22: raises $0.25 to $0.31
Dorex2007: folds 
Guten777: folds 
K.P.1.2.B1980: folds 
Uncalled bet ($0.25) returned to Eropoker22
Eropoker22 collected $0.25 from pot
*** SUMMARY ***
Total pot $0.25 | Rake $0 
Seat 1: krotov105 folded before Flop (didn't bet)
Seat 2: Dorex2007 folded before Flop
Seat 3: Guten777 folded before Flop
Seat 4: Br0wnCheese folded before Flop (didn't bet)
Seat 5: K.P.1.2.B1980 (button) folded before Flop
Seat 7: victordyfox (small blind) folded before Flop
Seat 8: Eropoker22 (big blind) collected ($0.25)
Seat 9: SMUTJAN72 folded before Flop (didn't bet)



PokerStars Hand #237240734891:  Hold'em No Limit ($0.01/$0.02 USD) - 2022/07/08 13:45:47 PT [2022/07/08 16:45:47 ET]
Table 'Sniadeckia II' 9-max Seat #7 is the button
Seat 1: krotov105 ($2.16 in chips) 
Seat 2: Dorex2007 ($2.01 in chips) 
Seat 3: Guten777 ($1.81 in chips) 
Seat 4: Br0wnCheese ($7.53 in chips) 
Seat 5: K.P.1.2.B1980 ($1.15 in chips) 
Seat 7: victordyfox ($1.55 in chips) 
Seat 8: Eropoker22 ($1.05 in chips) 
Seat 9: SMUTJAN72 ($4.97 in chips) 
Eropoker22: posts small blind $0.01
SMUTJAN72: posts big blind $0.02
*** HOLE CARDS ***
Dealt to Dorex2007 [2c 9h]
krotov105: folds 
Dorex2007: folds 
Guten777: folds 
Br0wnCheese: folds 
Nasuliini joins the table at seat #6 
K.P.1.2.B1980: folds 
victordyfox: folds 
Eropoker22: folds 
Uncalled bet ($0.01) returned to SMUTJAN72
SMUTJAN72 collected $0.02 from pot
*** SUMMARY ***
Total pot $0.02 | Rake $0 
Seat 1: krotov105 folded before Flop (didn't bet)
Seat 2: Dorex2007 folded before Flop (didn't bet)
Seat 3: Guten777 folded before Flop (didn't bet)
Seat 4: Br0wnCheese folded before Flop (didn't bet)
Seat 5: K.P.1.2.B1980 folded before Flop (didn't bet)
Seat 7: victordyfox (button) folded before Flop (didn't bet)
Seat 8: Eropoker22 (small blind) folded before Flop
Seat 9: SMUTJAN72 (big blind) collected ($0.02)



PokerStars Hand #237240738830:  Hold'em No Limit ($0.01/$0.02 USD) - 2022/07/08 13:45:57 PT [2022/07/08 16:45:57 ET]
Table 'Sniadeckia II' 9-max Seat #8 is the button
Seat 2: Dorex2007 ($2.01 in chips) 
Seat 3: Guten777 ($1.81 in chips) 
Seat 4: Br0wnCheese ($7.53 in chips) 
Seat 5: K.P.1.2.B1980 ($1.15 in chips) 
Seat 6: Nasuliini ($0.80 in chips) 
Seat 7: victordyfox ($1.55 in chips) 
Seat 8: Eropoker22 ($1.04 in chips) 
Seat 9: SMUTJAN72 ($4.98 in chips) 
SMUTJAN72: posts small blind $0.01
krotov105 has timed out
krotov105: is sitting out 
Dorex2007: posts big blind $0.02
Nasuliini: posts big blind $0.02
*** HOLE CARDS ***
Dealt to Dorex2007 [Kh Qh]
Guten777: folds 
Br0wnCheese: folds 
K.P.1.2.B1980: raises $0.02 to $0.04
Nasuliini: folds 
victordyfox: folds 
Eropoker22: folds 
SMUTJAN72: folds 
Dorex2007: calls $0.02
*** FLOP *** [5d Tc Ah]
Dorex2007: checks 
K.P.1.2.B1980: checks 
*** TURN *** [5d Tc Ah] [8h]
Dorex2007: bets $0.07
K.P.1.2.B1980: folds 
Uncalled bet ($0.07) returned to Dorex2007
Dorex2007 collected $0.11 from pot
*** SUMMARY ***
Total pot $0.11 | Rake $0 
Board [5d Tc Ah 8h]
Seat 2: Dorex2007 (big blind) collected ($0.11)
Seat 3: Guten777 folded before Flop (didn't bet)
Seat 4: Br0wnCheese folded before Flop (didn't bet)
Seat 5: K.P.1.2.B1980 folded on the Turn
Seat 6: Nasuliini folded before Flop (didn't bet)
Seat 7: victordyfox folded before Flop (didn't bet)
Seat 8: Eropoker22 (button) folded before Flop (didn't bet)
Seat 9: SMUTJAN72 (small blind) folded before Flop



PokerStars Hand #237240754780:  Hold'em No Limit ($0.01/$0.02 USD) - 2022/07/08 13:46:40 PT [2022/07/08 16:46:40 ET]
Table 'Sniadeckia II' 9-max Seat #9 is the button
Seat 2: Dorex2007 ($2.08 in chips) 
Seat 3: Guten777 ($1.81 in chips) 
Seat 4: Br0wnCheese ($7.53 in chips) 
Seat 5: K.P.1.2.B1980 ($1.11 in chips) 
Seat 6: Nasuliini ($0.80 in chips) 
Seat 7: victordyfox ($1.55 in chips) 
Seat 8: Eropoker22 ($1.04 in chips) 
Seat 9: SMUTJAN72 ($4.97 in chips) 
Dorex2007: posts small blind $0.01
Guten777: posts big blind $0.02
*** HOLE CARDS ***
Dealt to Dorex2007 [2h 3d]
Br0wnCheese: folds 
K.P.1.2.B1980: folds 
Nasuliini: folds 
victordyfox: folds 
Eropoker22: raises $0.04 to $0.06
SMUTJAN72: folds 
Dorex2007: folds 
Guten777: calls $0.04
*** FLOP *** [2s 7c 6d]
Guten777: checks 
Eropoker22: checks 
*** TURN *** [2s 7c 6d] [Jd]
Guten777: checks 
Eropoker22: checks 
*** RIVER *** [2s 7c 6d Jd] [5s]
Guten777: bets $0.10
Eropoker22: folds 
Uncalled bet ($0.10) returned to Guten777
Guten777 collected $0.13 from pot
*** SUMMARY ***
Total pot $0.13 | Rake $0 
Board [2s 7c 6d Jd 5s]
Seat 2: Dorex2007 (small blind) folded before Flop
Seat 3: Guten777 (big blind) collected ($0.13)
Seat 4: Br0wnCheese folded before Flop (didn't bet)
Seat 5: K.P.1.2.B1980 folded before Flop (didn't bet)
Seat 6: Nasuliini folded before Flop (didn't bet)
Seat 7: victordyfox folded before Flop (didn't bet)
Seat 8: Eropoker22 folded on the River
Seat 9: SMUTJAN72 (button) folded before Flop (didn't bet)



PokerStars Hand #237240771011:  Hold'em No Limit ($0.01/$0.02 USD) - 2022/07/08 13:47:23 PT [2022/07/08 16:47:23 ET]
Table 'Sniadeckia II' 9-max Seat #2 is the button
Seat 2: Dorex2007 ($2.07 in chips) 
Seat 3: Guten777 ($1.88 in chips) 
Seat 4: Br0wnCheese ($7.53 in chips) 
Seat 5: K.P.1.2.B1980 ($1.11 in chips) 
Seat 6: Nasuliini ($0.80 in chips) 
Seat 7: victordyfox ($1.55 in chips) 
Seat 8: Eropoker22 ($0.98 in chips) 
Seat 9: SMUTJAN72 ($4.97 in chips) 
Guten777: posts small blind $0.01
Br0wnCheese: posts big blind $0.02
krotov105: sits out 
*** HOLE CARDS ***
Dealt to Dorex2007 [7s 3s]
K.P.1.2.B1980: folds 
Nasuliini: folds 
victordyfox: folds 
Eropoker22: folds 
SMUTJAN72: folds 
Dorex2007: folds 
Guten777: folds 
Uncalled bet ($0.01) returned to Br0wnCheese
Br0wnCheese collected $0.02 from pot
*** SUMMARY ***
Total pot $0.02 | Rake $0 
Seat 2: Dorex2007 (button) folded before Flop (didn't bet)
Seat 3: Guten777 (small blind) folded before Flop
Seat 4: Br0wnCheese (big blind) collected ($0.02)
Seat 5: K.P.1.2.B1980 folded before Flop (didn't bet)
Seat 6: Nasuliini folded before Flop (didn't bet)
Seat 7: victordyfox folded before Flop (didn't bet)
Seat 8: Eropoker22 folded before Flop (didn't bet)
Seat 9: SMUTJAN72 folded before Flop (didn't bet)



PokerStars Hand #237240777216:  Hold'em No Limit ($0.01/$0.02 USD) - 2022/07/08 13:47:40 PT [2022/07/08 16:47:40 ET]
Table 'Sniadeckia II' 9-max Seat #3 is the button
Seat 2: Dorex2007 ($2.07 in chips) 
Seat 3: Guten777 ($1.87 in chips) 
Seat 4: Br0wnCheese ($7.54 in chips) 
Seat 5: K.P.1.2.B1980 ($1.11 in chips) 
Seat 6: Nasuliini ($0.80 in chips) 
Seat 7: victordyfox ($1.55 in chips) 
Seat 8: Eropoker22 ($0.98 in chips) 
Seat 9: SMUTJAN72 ($4.97 in chips) 
Br0wnCheese: posts small blind $0.01
K.P.1.2.B1980: posts big blind $0.02
krotov105: sits out 
*** HOLE CARDS ***
Dealt to Dorex2007 [3s Kh]
Nasuliini: folds 
victordyfox: calls $0.02
Eropoker22: folds 
SMUTJAN72: raises $0.07 to $0.09
Dorex2007: folds 
Guten777: calls $0.09
Br0wnCheese: folds 
K.P.1.2.B1980: folds 
victordyfox: folds 
*** FLOP *** [Ad Kd 7c]
SMUTJAN72: checks 
Guten777: checks 
*** TURN *** [Ad Kd 7c] [Qs]
SMUTJAN72: checks 
Guten777: bets $0.14
SMUTJAN72: folds 
Uncalled bet ($0.14) returned to Guten777
Guten777 collected $0.22 from pot
*** SUMMARY ***
Total pot $0.23 | Rake $0.01 
Board [Ad Kd 7c Qs]
Seat 2: Dorex2007 folded before Flop (didn't bet)
Seat 3: Guten777 (button) collected ($0.22)
Seat 4: Br0wnCheese (small blind) folded before Flop
Seat 5: K.P.1.2.B1980 (big blind) folded before Flop
Seat 6: Nasuliini folded before Flop (didn't bet)
Seat 7: victordyfox folded before Flop
Seat 8: Eropoker22 folded before Flop (didn't bet)
Seat 9: SMUTJAN72 folded on the Turn



PokerStars Hand #237240795770:  Hold'em No Limit ($0.01/$0.02 USD) - 2022/07/08 13:48:29 PT [2022/07/08 16:48:29 ET]
Table 'Sniadeckia II' 9-max Seat #4 is the button
Seat 2: Dorex2007 ($2.07 in chips) 
Seat 3: Guten777 ($2 in chips) 
Seat 4: Br0wnCheese ($7.53 in chips) 
Seat 5: K.P.1.2.B1980 ($1.09 in chips) 
Seat 6: Nasuliini ($0.80 in chips) 
Seat 7: victordyfox ($1.53 in chips) 
Seat 8: Eropoker22 ($0.98 in chips) 
Seat 9: SMUTJAN72 ($4.88 in chips) 
K.P.1.2.B1980: posts small blind $0.01
Nasuliini: posts big blind $0.02
krotov105: sits out 
*** HOLE CARDS ***
Dealt to Dorex2007 [Ah 3c]
victordyfox: folds 
Eropoker22: folds 
SMUTJAN72: folds 
Dorex2007: folds 
Guten777: folds 
Br0wnCheese: raises $0.03 to $0.05
K.P.1.2.B1980: calls $0.04
Nasuliini: folds 
*** FLOP *** [Kd Jc Ks]
K.P.1.2.B1980: checks 
krotov105 leaves the table
Br0wnCheese: bets $0.05
K.P.1.2.B1980: folds 
Uncalled bet ($0.05) returned to Br0wnCheese
Br0wnCheese collected $0.12 from pot
*** SUMMARY ***
Total pot $0.12 | Rake $0 
Board [Kd Jc Ks]
Seat 2: Dorex2007 folded before Flop (didn't bet)
Seat 3: Guten777 folded before Flop (didn't bet)
Seat 4: Br0wnCheese (button) collected ($0.12)
Seat 5: K.P.1.2.B1980 (small blind) folded on the Flop
Seat 6: Nasuliini (big blind) folded before Flop
Seat 7: victordyfox folded before Flop (didn't bet)
Seat 8: Eropoker22 folded before Flop (didn't bet)
Seat 9: SMUTJAN72 folded before Flop (didn't bet)



PokerStars Hand #237240809843:  Hold'em No Limit ($0.01/$0.02 USD) - 2022/07/08 13:49:07 PT [2022/07/08 16:49:07 ET]
Table 'Sniadeckia II' 9-max Seat #5 is the button
Seat 2: Dorex2007 ($2.07 in chips) 
Seat 3: Guten777 ($2 in chips) 
Seat 4: Br0wnCheese ($7.60 in chips) 
Seat 5: K.P.1.2.B1980 ($1.04 in chips) 
Seat 6: Nasuliini ($0.80 in chips) 
Seat 7: victordyfox ($1.53 in chips) 
Seat 8: Eropoker22 ($0.98 in chips) 
Seat 9: SMUTJAN72 ($4.88 in chips) 
Nasuliini: posts small blind $0.01
victordyfox: posts big blind $0.02
*** HOLE CARDS ***
Dealt to Dorex2007 [Qh Th]
Eropoker22: raises $0.02 to $0.04
SMUTJAN72: folds 
Dorex2007: calls $0.04
Guten777: folds 
Br0wnCheese: folds 
K.P.1.2.B1980: folds 
Nasuliini: calls $0.03
victordyfox: folds 
*** FLOP *** [2c 7c 2s]
Nasuliini: checks 
Eropoker22: bets $0.07
Dorex2007: folds 
radis1975 joins the table at seat #1 
Nasuliini: folds 
Uncalled bet ($0.07) returned to Eropoker22
Eropoker22 collected $0.14 from pot
*** SUMMARY ***
Total pot $0.14 | Rake $0 
Board [2c 7c 2s]
Seat 2: Dorex2007 folded on the Flop
Seat 3: Guten777 folded before Flop (didn't bet)
Seat 4: Br0wnCheese folded before Flop (didn't bet)
Seat 5: K.P.1.2.B1980 (button) folded before Flop (didn't bet)
Seat 6: Nasuliini (small blind) folded on the Flop
Seat 7: victordyfox (big blind) folded before Flop
Seat 8: Eropoker22 collected ($0.14)
Seat 9: SMUTJAN72 folded before Flop (didn't bet)



PokerStars Hand #237240827720:  Hold'em No Limit ($0.01/$0.02 USD) - 2022/07/08 13:49:55 PT [2022/07/08 16:49:55 ET]
Table 'Sniadeckia II' 9-max Seat #6 is the button
Seat 2: Dorex2007 ($2.03 in chips) 
Seat 3: Guten777 ($2 in chips) 
Seat 4: Br0wnCheese ($7.60 in chips) 
Seat 5: K.P.1.2.B1980 ($1.04 in chips) 
Seat 6: Nasuliini ($0.80 in chips) 
Seat 7: victordyfox ($1.51 in chips) 
Seat 8: Eropoker22 ($1.08 in chips) 
Seat 9: SMUTJAN72 ($4.88 in chips) 
victordyfox: posts small blind $0.01
Eropoker22: posts big blind $0.02
radis1975: sits out 
*** HOLE CARDS ***
Dealt to Dorex2007 [2d 6h]
SMUTJAN72 has timed out
SMUTJAN72: folds 
Dorex2007: folds 
Guten777: raises $0.04 to $0.06
Br0wnCheese: folds 
K.P.1.2.B1980: folds 
Nasuliini: folds 
victordyfox: folds 
Eropoker22: calls $0.04
*** FLOP *** [Ah Jd Td]
Eropoker22: checks 
Guten777: checks 
*** TURN *** [Ah Jd Td] [5h]
Eropoker22: bets $0.06
Guten777: calls $0.06
*** RIVER *** [Ah Jd Td 5h] [Jh]
Eropoker22: bets $0.16
Guten777: folds 
Uncalled bet ($0.16) returned to Eropoker22
Eropoker22 collected $0.24 from pot
*** SUMMARY ***
Total pot $0.25 | Rake $0.01 
Board [Ah Jd Td 5h Jh]
Seat 2: Dorex2007 folded before Flop (didn't bet)
Seat 3: Guten777 folded on the River
Seat 4: Br0wnCheese folded before Flop (didn't bet)
Seat 5: K.P.1.2.B1980 folded before Flop (didn't bet)
Seat 6: Nasuliini (button) folded before Flop (didn't bet)
Seat 7: victordyfox (small blind) folded before Flop
Seat 8: Eropoker22 (big blind) collected ($0.24)
Seat 9: SMUTJAN72 folded before Flop (didn't bet)



PokerStars Hand #237240846280:  Hold'em No Limit ($0.01/$0.02 USD) - 2022/07/08 13:50:45 PT [2022/07/08 16:50:45 ET]
Table 'Sniadeckia II' 9-max Seat #7 is the button
Seat 2: Dorex2007 ($2.03 in chips) 
Seat 3: Guten777 ($1.88 in chips) 
Seat 4: Br0wnCheese ($7.60 in chips) 
Seat 5: K.P.1.2.B1980 ($1.04 in chips) 
Seat 6: Nasuliini ($0.80 in chips) 
Seat 7: victordyfox ($1.50 in chips) 
Seat 8: Eropoker22 ($1.20 in chips) 
Seat 9: SMUTJAN72 ($4.88 in chips) 
Eropoker22: posts small blind $0.01
SMUTJAN72: posts big blind $0.02
radis1975: sits out 
*** HOLE CARDS ***
Dealt to Dorex2007 [8s 4s]
Dorex2007: folds 
Guten777: folds 
Br0wnCheese: folds 
Guten777 leaves the table
K.P.1.2.B1980: raises $0.04 to $0.06
Nasuliini: folds 
Natahelo joins the table at seat #3 
victordyfox: calls $0.06
Eropoker22: folds 
SMUTJAN72: folds 
*** FLOP *** [Kc Jc 9d]
K.P.1.2.B1980: checks 
victordyfox: bets $0.04
K.P.1.2.B1980: calls $0.04
*** TURN *** [Kc Jc 9d] [2d]
K.P.1.2.B1980: bets $0.08
victordyfox: folds 
Uncalled bet ($0.08) returned to K.P.1.2.B1980
K.P.1.2.B1980 collected $0.22 from pot
*** SUMMARY ***
Total pot $0.23 | Rake $0.01 
Board [Kc Jc 9d 2d]
Seat 2: Dorex2007 folded before Flop (didn't bet)
Seat 3: Guten777 folded before Flop (didn't bet)
Seat 4: Br0wnCheese folded before Flop (didn't bet)
Seat 5: K.P.1.2.B1980 collected ($0.22)
Seat 6: Nasuliini folded before Flop (didn't bet)
Seat 7: victordyfox (button) folded on the Turn
Seat 8: Eropoker22 (small blind) folded before Flop
Seat 9: SMUTJAN72 (big blind) folded before Flop



PokerStars Hand #237240862983:  Hold'em No Limit ($0.01/$0.02 USD) - 2022/07/08 13:51:30 PT [2022/07/08 16:51:30 ET]
Table 'Sniadeckia II' 9-max Seat #8 is the button
Seat 1: radis1975 ($1.60 in chips) 
Seat 2: Dorex2007 ($2.03 in chips) 
Seat 4: Br0wnCheese ($7.60 in chips) 
Seat 5: K.P.1.2.B1980 ($1.16 in chips) 
Seat 6: Nasuliini ($0.80 in chips) 
Seat 7: victordyfox ($1.40 in chips) 
Seat 8: Eropoker22 ($1.19 in chips) 
Seat 9: SMUTJAN72 ($4.86 in chips) 
SMUTJAN72: posts small blind $0.01
radis1975: posts big blind $0.02
Natahelo: sits out 
*** HOLE CARDS ***
Dealt to Dorex2007 [3d Ah]
Dorex2007: folds 
Br0wnCheese: folds 
K.P.1.2.B1980: folds 
Nasuliini: folds 
victordyfox: raises $0.04 to $0.06
Eropoker22: calls $0.06
SMUTJAN72: folds 
radis1975: calls $0.04
*** FLOP *** [Th Kd 8d]
radis1975: checks 
victordyfox: bets $0.04
Eropoker22: calls $0.04
radis1975: folds 
*** TURN *** [Th Kd 8d] [Td]
victordyfox: checks 
Eropoker22: bets $0.06
victordyfox: folds 
Uncalled bet ($0.06) returned to Eropoker22
Eropoker22 collected $0.26 from pot
*** SUMMARY ***
Total pot $0.27 | Rake $0.01 
Board [Th Kd 8d Td]
Seat 1: radis1975 (big blind) folded on the Flop
Seat 2: Dorex2007 folded before Flop (didn't bet)
Seat 4: Br0wnCheese folded before Flop (didn't bet)
Seat 5: K.P.1.2.B1980 folded before Flop (didn't bet)
Seat 6: Nasuliini folded before Flop (didn't bet)
Seat 7: victordyfox folded on the Turn
Seat 8: Eropoker22 (button) collected ($0.26)
Seat 9: SMUTJAN72 (small blind) folded before Flop



PokerStars Hand #237240881542:  Hold'em No Limit ($0.01/$0.02 USD) - 2022/07/08 13:52:20 PT [2022/07/08 16:52:20 ET]
Table 'Sniadeckia II' 9-max Seat #9 is the button
Seat 1: radis1975 ($1.54 in chips) 
Seat 2: Dorex2007 ($2.03 in chips) 
Seat 4: Br0wnCheese ($7.60 in chips) 
Seat 5: K.P.1.2.B1980 ($1.16 in chips) 
Seat 6: Nasuliini ($0.80 in chips) 
Seat 7: victordyfox ($1.30 in chips) 
Seat 8: Eropoker22 ($1.35 in chips) 
Seat 9: SMUTJAN72 ($4.85 in chips) 
radis1975: posts small blind $0.01
Dorex2007: posts big blind $0.02
Natahelo: sits out 
*** HOLE CARDS ***
Dealt to Dorex2007 [Ac 8c]
Br0wnCheese: folds 
K.P.1.2.B1980: folds 
Nasuliini: folds 
victordyfox: folds 
Eropoker22: folds 
SMUTJAN72: folds 
radis1975: raises $0.06 to $0.08
Dorex2007: calls $0.06
*** FLOP *** [4h 7s Kc]
radis1975: bets $0.16
Dorex2007: folds 
Uncalled bet ($0.16) returned to radis1975
radis1975 collected $0.15 from pot
*** SUMMARY ***
Total pot $0.16 | Rake $0.01 
Board [4h 7s Kc]
Seat 1: radis1975 (small blind) collected ($0.15)
Seat 2: Dorex2007 (big blind) folded on the Flop
Seat 4: Br0wnCheese folded before Flop (didn't bet)
Seat 5: K.P.1.2.B1980 folded before Flop (didn't bet)
Seat 6: Nasuliini folded before Flop (didn't bet)
Seat 7: victordyfox folded before Flop (didn't bet)
Seat 8: Eropoker22 folded before Flop (didn't bet)
Seat 9: SMUTJAN72 (button) folded before Flop (didn't bet)



PokerStars Hand #237240892379:  Hold'em No Limit ($0.01/$0.02 USD) - 2022/07/08 13:52:50 PT [2022/07/08 16:52:50 ET]
Table 'Sniadeckia II' 9-max Seat #1 is the button
Seat 1: radis1975 ($1.61 in chips) 
Seat 2: Dorex2007 ($2 in chips) 
Seat 3: Natahelo ($1 in chips) 
Seat 4: Br0wnCheese ($7.60 in chips) 
Seat 5: K.P.1.2.B1980 ($1.16 in chips) 
Seat 6: Nasuliini ($0.80 in chips) 
Seat 7: victordyfox ($1.30 in chips) 
Seat 8: Eropoker22 ($1.35 in chips) 
Seat 9: SMUTJAN72 ($4.85 in chips) 
Dorex2007: posts small blind $0.01
Natahelo: posts big blind $0.02
*** HOLE CARDS ***
Dealt to Dorex2007 [6s 5s]
Br0wnCheese: folds 
K.P.1.2.B1980: folds 
Nasuliini: folds 
victordyfox: raises $0.02 to $0.04
Eropoker22: raises $0.06 to $0.10
SMUTJAN72 has timed out
SMUTJAN72: folds 
radis1975: folds 
Dorex2007: folds 
Natahelo: folds 
victordyfox: calls $0.06
*** FLOP *** [Qs Kd Th]
victordyfox: checks 
Eropoker22: bets $0.11
victordyfox: folds 
Uncalled bet ($0.11) returned to Eropoker22
Eropoker22 collected $0.22 from pot
*** SUMMARY ***
Total pot $0.23 | Rake $0.01 
Board [Qs Kd Th]
Seat 1: radis1975 (button) folded before Flop (didn't bet)
Seat 2: Dorex2007 (small blind) folded before Flop
Seat 3: Natahelo (big blind) folded before Flop
Seat 4: Br0wnCheese folded before Flop (didn't bet)
Seat 5: K.P.1.2.B1980 folded before Flop (didn't bet)
Seat 6: Nasuliini folded before Flop (didn't bet)
Seat 7: victordyfox folded on the Flop
Seat 8: Eropoker22 collected ($0.22)
Seat 9: SMUTJAN72 folded before Flop (didn't bet)



PokerStars Hand #237240909731:  Hold'em No Limit ($0.01/$0.02 USD) - 2022/07/08 13:53:36 PT [2022/07/08 16:53:36 ET]
Table 'Sniadeckia II' 9-max Seat #2 is the button
Seat 2: Dorex2007 ($2 in chips) 
Seat 3: Natahelo ($0.98 in chips) 
Seat 4: Br0wnCheese ($7.60 in chips) 
Seat 5: K.P.1.2.B1980 ($1.16 in chips) 
Seat 6: Nasuliini ($0.80 in chips) 
Seat 7: victordyfox ($1.20 in chips) 
Seat 8: Eropoker22 ($1.47 in chips) 
Natahelo: posts small blind $0.01
Br0wnCheese: posts big blind $0.02
*** HOLE CARDS ***
Dealt to Dorex2007 [Ac Th]
K.P.1.2.B1980: calls $0.02
Nasuliini: folds 
victordyfox: folds 
Eropoker22: folds 
Dorex2007: raises $0.06 to $0.08
Natahelo: folds 
Br0wnCheese: folds 
K.P.1.2.B1980: calls $0.06
*** FLOP *** [Ad 7d 6s]
K.P.1.2.B1980: checks 
Dorex2007: bets $0.12
K.P.1.2.B1980: calls $0.12
*** TURN *** [Ad 7d 6s] [3c]
K.P.1.2.B1980: bets $0.20
Dorex2007: folds 
Uncalled bet ($0.20) returned to K.P.1.2.B1980
K.P.1.2.B1980 collected $0.41 from pot
*** SUMMARY ***
Total pot $0.43 | Rake $0.02 
Board [Ad 7d 6s 3c]
Seat 2: Dorex2007 (button) folded on the Turn
Seat 3: Natahelo (small blind) folded before Flop
Seat 4: Br0wnCheese (big blind) folded before Flop
Seat 5: K.P.1.2.B1980 collected ($0.41)
Seat 6: Nasuliini folded before Flop (didn't bet)
Seat 7: victordyfox folded before Flop (didn't bet)
Seat 8: Eropoker22 folded before Flop (didn't bet)



PokerStars Hand #237240937439:  Hold'em No Limit ($0.01/$0.02 USD) - 2022/07/08 13:54:52 PT [2022/07/08 16:54:52 ET]
Table 'Sniadeckia II' 9-max Seat #3 is the button
Seat 1: radis1975 ($1.61 in chips) 
Seat 2: Dorex2007 ($2 in chips) 
Seat 3: Natahelo ($0.97 in chips) 
Seat 4: Br0wnCheese ($7.58 in chips) 
Seat 5: K.P.1.2.B1980 ($1.37 in chips) 
Seat 6: Nasuliini ($0.80 in chips) 
Seat 7: victordyfox ($1.20 in chips) 
Seat 8: Eropoker22 ($1.47 in chips) 
Seat 9: SMUTJAN72 ($4.85 in chips) 
Br0wnCheese: posts small blind $0.01
K.P.1.2.B1980: posts big blind $0.02
*** HOLE CARDS ***
Dealt to Dorex2007 [4h Ad]
Nasuliini: folds 
victordyfox: calls $0.02
Eropoker22: raises $0.02 to $0.04
SMUTJAN72: folds 
radis1975: raises $0.04 to $0.08
Dorex2007: folds 
Natahelo: folds 
Br0wnCheese: folds 
K.P.1.2.B1980: folds 
victordyfox: folds 
Eropoker22: calls $0.04
*** FLOP *** [Td 5h 8d]
Eropoker22: bets $0.10
radis1975: raises $0.20 to $0.30
Eropoker22: calls $0.20
*** TURN *** [Td 5h 8d] [3c]
Eropoker22: checks 
radis1975: bets $0.44
Eropoker22: calls $0.44
*** RIVER *** [Td 5h 8d 3c] [5c]
Eropoker22: checks 
radis1975: bets $0.10
Eropoker22: calls $0.10
*** SHOW DOWN ***
radis1975: shows [5s 5d] (four of a kind, Fives)
Eropoker22: mucks hand 
radis1975 collected $1.82 from pot
*** SUMMARY ***
Total pot $1.89 | Rake $0.07 
Board [Td 5h 8d 3c 5c]
Seat 1: radis1975 showed [5s 5d] and won ($1.82) with four of a kind, Fives
Seat 2: Dorex2007 folded before Flop (didn't bet)
Seat 3: Natahelo (button) folded before Flop (didn't bet)
Seat 4: Br0wnCheese (small blind) folded before Flop
Seat 5: K.P.1.2.B1980 (big blind) folded before Flop
Seat 6: Nasuliini folded before Flop (didn't bet)
Seat 7: victordyfox folded before Flop
Seat 8: Eropoker22 mucked [Ts Ks]
Seat 9: SMUTJAN72 folded before Flop (didn't bet)



PokerStars Hand #237240961924:  Hold'em No Limit ($0.01/$0.02 USD) - 2022/07/08 13:56:11 PT [2022/07/08 16:56:11 ET]
Table 'Sniadeckia II' 9-max Seat #4 is the button
Seat 1: radis1975 ($2.51 in chips) 
Seat 2: Dorex2007 ($2 in chips) 
Seat 3: Natahelo ($0.97 in chips) 
Seat 4: Br0wnCheese ($7.57 in chips) 
Seat 5: K.P.1.2.B1980 ($1.35 in chips) 
Seat 6: Nasuliini ($0.80 in chips) 
Seat 7: victordyfox ($1.18 in chips) 
Seat 8: Eropoker22 ($0.55 in chips) 
Seat 9: SMUTJAN72 ($4.85 in chips) 
K.P.1.2.B1980: posts small blind $0.01
Nasuliini: posts big blind $0.02
*** HOLE CARDS ***
Dealt to Dorex2007 [4c 2s]
victordyfox: folds 
Eropoker22: folds 
SMUTJAN72: folds 
radis1975: calls $0.02
Dorex2007: folds 
Natahelo: calls $0.02
Br0wnCheese: raises $0.07 to $0.09
K.P.1.2.B1980: folds 
Nasuliini: folds 
radis1975: folds 
Natahelo: folds 
Uncalled bet ($0.07) returned to Br0wnCheese
Br0wnCheese collected $0.09 from pot
*** SUMMARY ***
Total pot $0.09 | Rake $0 
Seat 1: radis1975 folded before Flop
Seat 2: Dorex2007 folded before Flop (didn't bet)
Seat 3: Natahelo folded before Flop
Seat 4: Br0wnCheese (button) collected ($0.09)
Seat 5: K.P.1.2.B1980 (small blind) folded before Flop
Seat 6: Nasuliini (big blind) folded before Flop
Seat 7: victordyfox folded before Flop (didn't bet)
Seat 8: Eropoker22 folded before Flop (didn't bet)
Seat 9: SMUTJAN72 folded before Flop (didn't bet)



PokerStars Hand #237240969687:  Hold'em No Limit ($0.01/$0.02 USD) - 2022/07/08 13:56:39 PT [2022/07/08 16:56:39 ET]
Table 'Sniadeckia II' 9-max Seat #5 is the button
Seat 1: radis1975 ($2.49 in chips) 
Seat 2: Dorex2007 ($2 in chips) 
Seat 3: Natahelo ($0.95 in chips) 
Seat 4: Br0wnCheese ($7.64 in chips) 
Seat 5: K.P.1.2.B1980 ($1.34 in chips) 
Seat 6: Nasuliini ($0.80 in chips) 
Seat 7: victordyfox ($1.18 in chips) 
Seat 8: Eropoker22 ($0.55 in chips) 
Seat 9: SMUTJAN72 ($4.85 in chips) 
Nasuliini: posts small blind $0.01
victordyfox: posts big blind $0.02
*** HOLE CARDS ***
Dealt to Dorex2007 [8c 5c]
Eropoker22 has timed out
Eropoker22: folds 
SMUTJAN72: folds 
radis1975: calls $0.02
Dorex2007: folds 
Natahelo: folds 
Br0wnCheese: folds 
K.P.1.2.B1980: calls $0.02
Nasuliini: folds 
victordyfox: checks 
*** FLOP *** [Qh Ac 4d]
victordyfox: checks 
radis1975: bets $0.22
K.P.1.2.B1980: folds 
victordyfox: folds 
Uncalled bet ($0.22) returned to radis1975
radis1975 collected $0.07 from pot
*** SUMMARY ***
Total pot $0.07 | Rake $0 
Board [Qh Ac 4d]
Seat 1: radis1975 collected ($0.07)
Seat 2: Dorex2007 folded before Flop (didn't bet)
Seat 3: Natahelo folded before Flop (didn't bet)
Seat 4: Br0wnCheese folded before Flop (didn't bet)
Seat 5: K.P.1.2.B1980 (button) folded on the Flop
Seat 6: Nasuliini (small blind) folded before Flop
Seat 7: victordyfox (big blind) folded on the Flop
Seat 8: Eropoker22 folded before Flop (didn't bet)
Seat 9: SMUTJAN72 folded before Flop (didn't bet)



PokerStars Hand #237240983996:  Hold'em No Limit ($0.01/$0.02 USD) - 2022/07/08 13:57:29 PT [2022/07/08 16:57:29 ET]
Table 'Sniadeckia II' 9-max Seat #6 is the button
Seat 1: radis1975 ($2.54 in chips) 
Seat 2: Dorex2007 ($2 in chips) 
Seat 3: Natahelo ($0.95 in chips) 
Seat 4: Br0wnCheese ($7.64 in chips) 
Seat 5: K.P.1.2.B1980 ($1.32 in chips) 
Seat 6: Nasuliini ($0.80 in chips) 
Seat 7: victordyfox ($1.16 in chips) 
Seat 9: SMUTJAN72 ($4.85 in chips) 
victordyfox: posts small blind $0.01
SMUTJAN72: posts big blind $0.02
*** HOLE CARDS ***
Dealt to Dorex2007 [Kd Ad]
radis1975: calls $0.02
Dorex2007: raises $0.04 to $0.06
Natahelo: folds 
Br0wnCheese: calls $0.06
K.P.1.2.B1980: raises $0.04 to $0.10
Nasuliini: folds 
victordyfox: folds 
SMUTJAN72: folds 
radis1975: folds 
Dorex2007: calls $0.04
Br0wnCheese: calls $0.04
*** FLOP *** [4d 8d 6c]
Dorex2007: bets $0.17
Br0wnCheese: calls $0.17
K.P.1.2.B1980: raises $1.05 to $1.22 and is all-in
Dorex2007: folds 
Br0wnCheese: calls $1.05
*** TURN *** [4d 8d 6c] [7c]
*** RIVER *** [4d 8d 6c 7c] [7s]
*** SHOW DOWN ***
Br0wnCheese: shows [Jd Jh] (two pair, Jacks and Sevens)
K.P.1.2.B1980: shows [As Ah] (two pair, Aces and Sevens)
K.P.1.2.B1980 collected $2.86 from pot
*** SUMMARY ***
Total pot $2.96 | Rake $0.10 
Board [4d 8d 6c 7c 7s]
Seat 1: radis1975 folded before Flop
Seat 2: Dorex2007 folded on the Flop
Seat 3: Natahelo folded before Flop (didn't bet)
Seat 4: Br0wnCheese showed [Jd Jh] and lost with two pair, Jacks and Sevens
Seat 5: K.P.1.2.B1980 showed [As Ah] and won ($2.86) with two pair, Aces and Sevens
Seat 6: Nasuliini (button) folded before Flop (didn't bet)
Seat 7: victordyfox (small blind) folded before Flop
Seat 9: SMUTJAN72 (big blind) folded before Flop



PokerStars Hand #237241008214:  Hold'em No Limit ($0.01/$0.02 USD) - 2022/07/08 13:58:54 PT [2022/07/08 16:58:54 ET]
Table 'Sniadeckia II' 9-max Seat #7 is the button
Seat 1: radis1975 ($2.52 in chips) 
Seat 2: Dorex2007 ($2 in chips) 
Seat 3: Natahelo ($0.95 in chips) 
Seat 4: Br0wnCheese ($6.32 in chips) 
Seat 5: K.P.1.2.B1980 ($2.86 in chips) 
Seat 6: Nasuliini ($0.80 in chips) 
Seat 7: victordyfox ($1.15 in chips) 
Seat 9: SMUTJAN72 ($4.83 in chips) 
SMUTJAN72: posts small blind $0.01
radis1975: posts big blind $0.02
*** HOLE CARDS ***
Dealt to Dorex2007 [3c 4d]
Dorex2007: folds 
Natahelo: folds 
Br0wnCheese: folds 
K.P.1.2.B1980 has timed out
K.P.1.2.B1980: folds 
Nasuliini: folds 
victordyfox: folds 
SMUTJAN72: folds 
Uncalled bet ($0.01) returned to radis1975
radis1975 collected $0.02 from pot
*** SUMMARY ***
Total pot $0.02 | Rake $0 
Seat 1: radis1975 (big blind) collected ($0.02)
Seat 2: Dorex2007 folded before Flop (didn't bet)
Seat 3: Natahelo folded before Flop (didn't bet)
Seat 4: Br0wnCheese folded before Flop (didn't bet)
Seat 5: K.P.1.2.B1980 folded before Flop (didn't bet)
Seat 6: Nasuliini folded before Flop (didn't bet)
Seat 7: victordyfox (button) folded before Flop (didn't bet)
Seat 9: SMUTJAN72 (small blind) folded before Flop



PokerStars Hand #237241014174:  Hold'em No Limit ($0.01/$0.02 USD) - 2022/07/08 13:59:16 PT [2022/07/08 16:59:16 ET]
Table 'Sniadeckia II' 9-max Seat #9 is the button
Seat 1: radis1975 ($2.53 in chips) 
Seat 2: Dorex2007 ($2 in chips) 
Seat 3: Natahelo ($0.95 in chips) 
Seat 4: Br0wnCheese ($6.32 in chips) 
Seat 5: K.P.1.2.B1980 ($2.86 in chips) 
Seat 6: Nasuliini ($0.80 in chips) 
Seat 7: victordyfox ($1.15 in chips) 
Seat 9: SMUTJAN72 ($4.82 in chips) 
radis1975: posts small blind $0.01
Dorex2007: posts big blind $0.02
*** HOLE CARDS ***
Dealt to Dorex2007 [2s 7h]
Natahelo: folds 
Br0wnCheese: calls $0.02
K.P.1.2.B1980: raises $0.04 to $0.06
Nasuliini: folds 
victordyfox: folds 
SMUTJAN72: folds 
radis1975: folds 
Dorex2007: folds 
Br0wnCheese: calls $0.04
*** FLOP *** [Tc Qd 8h]
Br0wnCheese: checks 
K.P.1.2.B1980: bets $0.06
Br0wnCheese: folds 
Uncalled bet ($0.06) returned to K.P.1.2.B1980
K.P.1.2.B1980 collected $0.14 from pot
*** SUMMARY ***
Total pot $0.15 | Rake $0.01 
Board [Tc Qd 8h]
Seat 1: radis1975 (small blind) folded before Flop
Seat 2: Dorex2007 (big blind) folded before Flop
Seat 3: Natahelo folded before Flop (didn't bet)
Seat 4: Br0wnCheese folded on the Flop
Seat 5: K.P.1.2.B1980 collected ($0.14)
Seat 6: Nasuliini folded before Flop (didn't bet)
Seat 7: victordyfox folded before Flop (didn't bet)
Seat 9: SMUTJAN72 (button) folded before Flop (didn't bet)



PokerStars Hand #237241022609:  Hold'em No Limit ($0.01/$0.02 USD) - 2022/07/08 13:59:45 PT [2022/07/08 16:59:45 ET]
Table 'Sniadeckia II' 9-max Seat #1 is the button
Seat 1: radis1975 ($2.52 in chips) 
Seat 2: Dorex2007 ($2 in chips) 
Seat 3: Natahelo ($0.95 in chips) 
Seat 4: Br0wnCheese ($6.26 in chips) 
Seat 5: K.P.1.2.B1980 ($2.94 in chips) 
Seat 6: Nasuliini ($0.80 in chips) 
Seat 7: victordyfox ($1.15 in chips) 
Seat 9: SMUTJAN72 ($4.82 in chips) 
Dorex2007: posts small blind $0.01
Natahelo: posts big blind $0.02
*** HOLE CARDS ***
Dealt to Dorex2007 [Td Jc]
Br0wnCheese: folds 
K.P.1.2.B1980: folds 
Eropoker22 is disconnected 
Nasuliini: folds 
victordyfox: folds 
SMUTJAN72: folds 
radis1975: folds 
Dorex2007: raises $0.02 to $0.04
Natahelo: calls $0.02
*** FLOP *** [7s Kd 4h]
Dorex2007: bets $0.04
Natahelo: folds 
Uncalled bet ($0.04) returned to Dorex2007
Dorex2007 collected $0.08 from pot
*** SUMMARY ***
Total pot $0.08 | Rake $0 
Board [7s Kd 4h]
Seat 1: radis1975 (button) folded before Flop (didn't bet)
Seat 2: Dorex2007 (small blind) collected ($0.08)
Seat 3: Natahelo (big blind) folded on the Flop
Seat 4: Br0wnCheese folded before Flop (didn't bet)
Seat 5: K.P.1.2.B1980 folded before Flop (didn't bet)
Seat 6: Nasuliini folded before Flop (didn't bet)
Seat 7: victordyfox folded before Flop (didn't bet)
Seat 9: SMUTJAN72 folded before Flop (didn't bet)



PokerStars Hand #237241033620:  Hold'em No Limit ($0.01/$0.02 USD) - 2022/07/08 14:00:23 PT [2022/07/08 17:00:23 ET]
Table 'Sniadeckia II' 9-max Seat #2 is the button
Seat 1: radis1975 ($2.52 in chips) 
Seat 2: Dorex2007 ($2.04 in chips) 
Seat 3: Natahelo ($0.91 in chips) 
Seat 4: Br0wnCheese ($6.26 in chips) 
Seat 5: K.P.1.2.B1980 ($2.94 in chips) 
Seat 6: Nasuliini ($0.80 in chips) 
Seat 7: victordyfox ($1.15 in chips) 
Seat 9: SMUTJAN72 ($4.82 in chips) 
Natahelo: posts small blind $0.01
Br0wnCheese: posts big blind $0.02
*** HOLE CARDS ***
Dealt to Dorex2007 [5d Tc]
K.P.1.2.B1980: raises $0.06 to $0.08
Nasuliini: folds 
victordyfox: folds 
SMUTJAN72: folds 
radis1975: calls $0.08
Dorex2007: folds 
Natahelo: folds 
Br0wnCheese: folds 
*** FLOP *** [9h Js 3s]
K.P.1.2.B1980: bets $0.06
radis1975: calls $0.06
*** TURN *** [9h Js 3s] [Jc]
K.P.1.2.B1980: bets $0.14
radis1975: calls $0.14
*** RIVER *** [9h Js 3s Jc] [Td]
K.P.1.2.B1980: bets $0.57
radis1975: raises $0.57 to $1.14
K.P.1.2.B1980: raises $1.52 to $2.66 and is all-in
radis1975: calls $1.10 and is all-in
Uncalled bet ($0.42) returned to K.P.1.2.B1980
*** SHOW DOWN ***
K.P.1.2.B1980: shows [Qs Ac] (a pair of Jacks)
radis1975: shows [Jh Qd] (three of a kind, Jacks)
radis1975 collected $4.89 from pot
*** SUMMARY ***
Total pot $5.07 | Rake $0.18 
Board [9h Js 3s Jc Td]
Seat 1: radis1975 showed [Jh Qd] and won ($4.89) with three of a kind, Jacks
Seat 2: Dorex2007 (button) folded before Flop (didn't bet)
Seat 3: Natahelo (small blind) folded before Flop
Seat 4: Br0wnCheese (big blind) folded before Flop
Seat 5: K.P.1.2.B1980 showed [Qs Ac] and lost with a pair of Jacks
Seat 6: Nasuliini folded before Flop (didn't bet)
Seat 7: victordyfox folded before Flop (didn't bet)
Seat 9: SMUTJAN72 folded before Flop (didn't bet)



PokerStars Hand #237241057980:  Hold'em No Limit ($0.01/$0.02 USD) - 2022/07/08 14:01:31 PT [2022/07/08 17:01:31 ET]
Table 'Sniadeckia II' 9-max Seat #3 is the button
Seat 1: radis1975 ($4.89 in chips) 
Seat 2: Dorex2007 ($2.04 in chips) 
Seat 3: Natahelo ($0.90 in chips) 
Seat 4: Br0wnCheese ($6.24 in chips) 
Seat 5: K.P.1.2.B1980 ($0.42 in chips) 
Seat 6: Nasuliini ($0.80 in chips) 
Seat 7: victordyfox ($1.15 in chips) 
Seat 9: SMUTJAN72 ($4.82 in chips) 
Br0wnCheese: posts small blind $0.01
K.P.1.2.B1980: posts big blind $0.02
*** HOLE CARDS ***
Dealt to Dorex2007 [8s 2s]
Nasuliini: folds 
victordyfox: folds 
SMUTJAN72: folds 
radis1975: calls $0.02
Dorex2007: folds 
Natahelo: folds 
Br0wnCheese: folds 
K.P.1.2.B1980: raises $0.40 to $0.42 and is all-in
radis1975: calls $0.40
*** FLOP *** [Qs Ac 8c]
*** TURN *** [Qs Ac 8c] [6h]
*** RIVER *** [Qs Ac 8c 6h] [7h]
*** SHOW DOWN ***
K.P.1.2.B1980: shows [6c 6d] (three of a kind, Sixes)
radis1975: shows [Td Kd] (high card Ace)
K.P.1.2.B1980 collected $0.82 from pot
*** SUMMARY ***
Total pot $0.85 | Rake $0.03 
Board [Qs Ac 8c 6h 7h]
Seat 1: radis1975 showed [Td Kd] and lost with high card Ace
Seat 2: Dorex2007 folded before Flop (didn't bet)
Seat 3: Natahelo (button) folded before Flop (didn't bet)
Seat 4: Br0wnCheese (small blind) folded before Flop
Seat 5: K.P.1.2.B1980 (big blind) showed [6c 6d] and won ($0.82) with three of a kind, Sixes
Seat 6: Nasuliini folded before Flop (didn't bet)
Seat 7: victordyfox folded before Flop (didn't bet)
Seat 9: SMUTJAN72 folded before Flop (didn't bet)



PokerStars Hand #237241070099:  Hold'em No Limit ($0.01/$0.02 USD) - 2022/07/08 14:02:05 PT [2022/07/08 17:02:05 ET]
Table 'Sniadeckia II' 9-max Seat #4 is the button
Seat 1: radis1975 ($4.47 in chips) 
Seat 2: Dorex2007 ($2.04 in chips) 
Seat 3: Natahelo ($0.90 in chips) 
Seat 4: Br0wnCheese ($6.23 in chips) 
Seat 5: K.P.1.2.B1980 ($0.82 in chips) 
Seat 6: Nasuliini ($0.80 in chips) 
Seat 7: victordyfox ($1.15 in chips) 
Seat 9: SMUTJAN72 ($4.82 in chips) 
K.P.1.2.B1980: posts small blind $0.01
Nasuliini: posts big blind $0.02
*** HOLE CARDS ***
Dealt to Dorex2007 [4s 2c]
victordyfox: folds 
SMUTJAN72: calls $0.02
radis1975: calls $0.02
Dorex2007: folds 
Natahelo: folds 
Br0wnCheese: folds 
K.P.1.2.B1980: raises $0.04 to $0.06
Nasuliini: folds 
SMUTJAN72: calls $0.04
radis1975: raises $0.42 to $0.48
K.P.1.2.B1980: calls $0.42
SMUTJAN72: folds 
*** FLOP *** [Td Kh 5s]
K.P.1.2.B1980: bets $0.34 and is all-in
radis1975: calls $0.34
*** TURN *** [Td Kh 5s] [Ac]
*** RIVER *** [Td Kh 5s Ac] [3c]
*** SHOW DOWN ***
K.P.1.2.B1980: shows [Ks Jd] (a pair of Kings)
radis1975: shows [Js Jc] (a pair of Jacks)
K.P.1.2.B1980 collected $1.66 from pot
*** SUMMARY ***
Total pot $1.72 | Rake $0.06 
Board [Td Kh 5s Ac 3c]
Seat 1: radis1975 showed [Js Jc] and lost with a pair of Jacks
Seat 2: Dorex2007 folded before Flop (didn't bet)
Seat 3: Natahelo folded before Flop (didn't bet)
Seat 4: Br0wnCheese (button) folded before Flop (didn't bet)
Seat 5: K.P.1.2.B1980 (small blind) showed [Ks Jd] and won ($1.66) with a pair of Kings
Seat 6: Nasuliini (big blind) folded before Flop
Seat 7: victordyfox folded before Flop (didn't bet)
Seat 9: SMUTJAN72 folded before Flop



PokerStars Hand #237241093010:  Hold'em No Limit ($0.01/$0.02 USD) - 2022/07/08 14:03:08 PT [2022/07/08 17:03:08 ET]
Table 'Sniadeckia II' 9-max Seat #5 is the button
Seat 1: radis1975 ($3.65 in chips) 
Seat 2: Dorex2007 ($2.04 in chips) 
Seat 3: Natahelo ($0.90 in chips) 
Seat 4: Br0wnCheese ($6.23 in chips) 
Seat 5: K.P.1.2.B1980 ($1.66 in chips) 
Seat 6: Nasuliini ($0.80 in chips) 
Seat 7: victordyfox ($1.15 in chips) 
Seat 9: SMUTJAN72 ($4.76 in chips) 
Nasuliini: posts small blind $0.01
victordyfox: posts big blind $0.02
*** HOLE CARDS ***
Dealt to Dorex2007 [2c Th]
SMUTJAN72: folds 
radis1975: calls $0.02
Dorex2007: folds 
Natahelo: folds 
Br0wnCheese: raises $0.04 to $0.06
K.P.1.2.B1980: calls $0.06
Nasuliini: folds 
victordyfox: folds 
radis1975: calls $0.04
*** FLOP *** [9c 8s 5s]
radis1975: checks 
Br0wnCheese: checks 
K.P.1.2.B1980: checks 
*** TURN *** [9c 8s 5s] [3h]
radis1975: checks 
Br0wnCheese: checks 
K.P.1.2.B1980: checks 
*** RIVER *** [9c 8s 5s 3h] [Kh]
radis1975: checks 
Br0wnCheese: checks 
K.P.1.2.B1980: checks 
*** SHOW DOWN ***
radis1975: shows [Kd Qh] (a pair of Kings)
Br0wnCheese: mucks hand 
K.P.1.2.B1980: mucks hand 
radis1975 collected $0.20 from pot
*** SUMMARY ***
Total pot $0.21 | Rake $0.01 
Board [9c 8s 5s 3h Kh]
Seat 1: radis1975 showed [Kd Qh] and won ($0.20) with a pair of Kings
Seat 2: Dorex2007 folded before Flop (didn't bet)
Seat 3: Natahelo folded before Flop (didn't bet)
Seat 4: Br0wnCheese mucked [Ad Jd]
Seat 5: K.P.1.2.B1980 (button) mucked [4h 6h]
Seat 6: Nasuliini (small blind) folded before Flop
Seat 7: victordyfox (big blind) folded before Flop
Seat 9: SMUTJAN72 folded before Flop (didn't bet)



