PokerStars Hand #237108964102:  Hold'em No Limit ($0.01/$0.02 USD) - 2022/07/01 21:00:17 PT [2022/07/02 0:00:17 ET]
Table 'Astronomia II' 9-max Seat #4 is the button
Seat 1: moñokill ($2 in chips) 
Seat 2: NescaauNTC ($2.32 in chips) 
Seat 3: 10axle ($1.57 in chips) 
Seat 4: Dorex2007 ($6.71 in chips) 
Seat 5: cberto09 ($4.42 in chips) 
Seat 6: Br0wnCheese ($2.06 in chips) 
Seat 7: aandre.luna ($2.60 in chips) 
Seat 8: Montagnais ($2.82 in chips) 
Seat 9: 0RB BR0 ($1.45 in chips) 
cberto09: posts small blind $0.01
Br0wnCheese: posts big blind $0.02
*** HOLE CARDS ***
Dealt to Dorex2007 [7c Js]
aandre.luna: folds 
Montagnais: folds 
0RB BR0: folds 
moñokill: folds 
NescaauNTC: raises $0.04 to $0.06
10axle: folds 
Dorex2007: folds 
cberto09: folds 
Br0wnCheese: calls $0.04
*** FLOP *** [4h Ac Kd]
Br0wnCheese: checks 
NescaauNTC: checks 
*** TURN *** [4h Ac Kd] [5s]
Br0wnCheese: checks 
NescaauNTC: checks 
*** RIVER *** [4h Ac Kd 5s] [9c]
Br0wnCheese: bets $0.04
NescaauNTC: raises $0.04 to $0.08
Br0wnCheese: calls $0.04
*** SHOW DOWN ***
NescaauNTC: shows [Ah 2s] (a pair of Aces)
Br0wnCheese: mucks hand 
NescaauNTC collected $0.28 from pot
*** SUMMARY ***
Total pot $0.29 | Rake $0.01 
Board [4h Ac Kd 5s 9c]
Seat 1: moñokill folded before Flop (didn't bet)
Seat 2: NescaauNTC showed [Ah 2s] and won ($0.28) with a pair of Aces
Seat 3: 10axle folded before Flop (didn't bet)
Seat 4: Dorex2007 (button) folded before Flop (didn't bet)
Seat 5: cberto09 (small blind) folded before Flop
Seat 6: Br0wnCheese (big blind) mucked [8c Kc]
Seat 7: aandre.luna folded before Flop (didn't bet)
Seat 8: Montagnais folded before Flop (didn't bet)
Seat 9: 0RB BR0 folded before Flop (didn't bet)



PokerStars Hand #237108975930:  Hold'em No Limit ($0.01/$0.02 USD) - 2022/07/01 21:01:42 PT [2022/07/02 0:01:42 ET]
Table 'Astronomia II' 9-max Seat #5 is the button
Seat 1: moñokill ($2 in chips) 
Seat 2: NescaauNTC ($2.46 in chips) 
Seat 3: 10axle ($1.57 in chips) 
Seat 4: Dorex2007 ($6.71 in chips) 
Seat 5: cberto09 ($4.41 in chips) 
Seat 6: Br0wnCheese ($2 in chips) 
Seat 7: aandre.luna ($2.60 in chips) 
Seat 8: Montagnais ($2.82 in chips) 
Seat 9: 0RB BR0 ($1.45 in chips) 
Br0wnCheese: posts small blind $0.01
aandre.luna: posts big blind $0.02
*** HOLE CARDS ***
Dealt to Dorex2007 [4h 7d]
Montagnais: folds 
0RB BR0: folds 
moñokill: folds 
NescaauNTC: folds 
10axle: raises $0.04 to $0.06
Dorex2007: folds 
cberto09: folds 
Br0wnCheese: folds 
aandre.luna: folds 
Uncalled bet ($0.04) returned to 10axle
10axle collected $0.05 from pot
*** SUMMARY ***
Total pot $0.05 | Rake $0 
Seat 1: moñokill folded before Flop (didn't bet)
Seat 2: NescaauNTC folded before Flop (didn't bet)
Seat 3: 10axle collected ($0.05)
Seat 4: Dorex2007 folded before Flop (didn't bet)
Seat 5: cberto09 (button) folded before Flop (didn't bet)
Seat 6: Br0wnCheese (small blind) folded before Flop
Seat 7: aandre.luna (big blind) folded before Flop
Seat 8: Montagnais folded before Flop (didn't bet)
Seat 9: 0RB BR0 folded before Flop (didn't bet)



PokerStars Hand #237108979536:  Hold'em No Limit ($0.01/$0.02 USD) - 2022/07/01 21:02:08 PT [2022/07/02 0:02:08 ET]
Table 'Astronomia II' 9-max Seat #6 is the button
Seat 1: moñokill ($2 in chips) 
Seat 2: NescaauNTC ($2.46 in chips) 
Seat 3: 10axle ($1.60 in chips) 
Seat 4: Dorex2007 ($6.71 in chips) 
Seat 5: cberto09 ($4.41 in chips) 
Seat 6: Br0wnCheese ($2 in chips) 
Seat 7: aandre.luna ($2.58 in chips) 
Seat 8: Montagnais ($2.82 in chips) 
Seat 9: 0RB BR0 ($1.45 in chips) 
aandre.luna: posts small blind $0.01
Montagnais: posts big blind $0.02
*** HOLE CARDS ***
Dealt to Dorex2007 [As 8d]
0RB BR0: folds 
moñokill: folds 
NescaauNTC: folds 
10axle: folds 
Dorex2007: folds 
cberto09: raises $0.04 to $0.06
Br0wnCheese: folds 
aandre.luna: folds 
Montagnais: calls $0.04
*** FLOP *** [6d 3c Qc]
Montagnais: checks 
cberto09: bets $0.04
Montagnais: folds 
Uncalled bet ($0.04) returned to cberto09
cberto09 collected $0.13 from pot
*** SUMMARY ***
Total pot $0.13 | Rake $0 
Board [6d 3c Qc]
Seat 1: moñokill folded before Flop (didn't bet)
Seat 2: NescaauNTC folded before Flop (didn't bet)
Seat 3: 10axle folded before Flop (didn't bet)
Seat 4: Dorex2007 folded before Flop (didn't bet)
Seat 5: cberto09 collected ($0.13)
Seat 6: Br0wnCheese (button) folded before Flop (didn't bet)
Seat 7: aandre.luna (small blind) folded before Flop
Seat 8: Montagnais (big blind) folded on the Flop
Seat 9: 0RB BR0 folded before Flop (didn't bet)



PokerStars Hand #237108984748:  Hold'em No Limit ($0.01/$0.02 USD) - 2022/07/01 21:02:45 PT [2022/07/02 0:02:45 ET]
Table 'Astronomia II' 9-max Seat #7 is the button
Seat 1: moñokill ($2 in chips) 
Seat 2: NescaauNTC ($2.46 in chips) 
Seat 3: 10axle ($1.60 in chips) 
Seat 4: Dorex2007 ($6.71 in chips) 
Seat 5: cberto09 ($4.48 in chips) 
Seat 6: Br0wnCheese ($2 in chips) 
Seat 7: aandre.luna ($2.57 in chips) 
Seat 8: Montagnais ($2.76 in chips) 
Seat 9: 0RB BR0 ($1.45 in chips) 
Montagnais: posts small blind $0.01
0RB BR0: posts big blind $0.02
*** HOLE CARDS ***
Dealt to Dorex2007 [9h Kh]
moñokill: folds 
NescaauNTC: folds 
10axle: calls $0.02
Dorex2007: calls $0.02
cberto09: folds 
Br0wnCheese: folds 
aandre.luna: folds 
Montagnais: calls $0.01
0RB BR0: checks 
*** FLOP *** [Ah 6c Ad]
Montagnais: checks 
0RB BR0: checks 
10axle: bets $0.02
Dorex2007: calls $0.02
Montagnais: raises $0.32 to $0.34
0RB BR0: folds 
10axle: folds 
Dorex2007: folds 
Uncalled bet ($0.32) returned to Montagnais
Montagnais collected $0.14 from pot
*** SUMMARY ***
Total pot $0.14 | Rake $0 
Board [Ah 6c Ad]
Seat 1: moñokill folded before Flop (didn't bet)
Seat 2: NescaauNTC folded before Flop (didn't bet)
Seat 3: 10axle folded on the Flop
Seat 4: Dorex2007 folded on the Flop
Seat 5: cberto09 folded before Flop (didn't bet)
Seat 6: Br0wnCheese folded before Flop (didn't bet)
Seat 7: aandre.luna (button) folded before Flop (didn't bet)
Seat 8: Montagnais (small blind) collected ($0.14)
Seat 9: 0RB BR0 (big blind) folded on the Flop



PokerStars Hand #237108993360:  Hold'em No Limit ($0.01/$0.02 USD) - 2022/07/01 21:03:45 PT [2022/07/02 0:03:45 ET]
Table 'Astronomia II' 9-max Seat #8 is the button
Seat 1: moñokill ($2 in chips) 
Seat 2: NescaauNTC ($2.46 in chips) 
Seat 3: 10axle ($1.56 in chips) 
Seat 4: Dorex2007 ($6.67 in chips) 
Seat 5: cberto09 ($4.48 in chips) 
Seat 6: Br0wnCheese ($2 in chips) 
Seat 7: aandre.luna ($2.57 in chips) 
Seat 8: Montagnais ($2.86 in chips) 
Seat 9: 0RB BR0 ($1.43 in chips) 
0RB BR0: posts small blind $0.01
moñokill: posts big blind $0.02
*** HOLE CARDS ***
Dealt to Dorex2007 [7s Ks]
NescaauNTC: folds 
10axle: folds 
Dorex2007: folds 
cberto09: raises $0.04 to $0.06
Br0wnCheese: folds 
aandre.luna: folds 
Montagnais: calls $0.06
0RB BR0: folds 
moñokill: calls $0.04
*** FLOP *** [9c 5h As]
moñokill: checks 
cberto09: bets $0.06
Montagnais: folds 
moñokill: calls $0.06
*** TURN *** [9c 5h As] [8h]
moñokill: checks 
cberto09: bets $0.10
moñokill: folds 
Uncalled bet ($0.10) returned to cberto09
cberto09 collected $0.30 from pot
*** SUMMARY ***
Total pot $0.31 | Rake $0.01 
Board [9c 5h As 8h]
Seat 1: moñokill (big blind) folded on the Turn
Seat 2: NescaauNTC folded before Flop (didn't bet)
Seat 3: 10axle folded before Flop (didn't bet)
Seat 4: Dorex2007 folded before Flop (didn't bet)
Seat 5: cberto09 collected ($0.30)
Seat 6: Br0wnCheese folded before Flop (didn't bet)
Seat 7: aandre.luna folded before Flop (didn't bet)
Seat 8: Montagnais (button) folded on the Flop
Seat 9: 0RB BR0 (small blind) folded before Flop



PokerStars Hand #237108999292:  Hold'em No Limit ($0.01/$0.02 USD) - 2022/07/01 21:04:27 PT [2022/07/02 0:04:27 ET]
Table 'Astronomia II' 9-max Seat #9 is the button
Seat 1: moñokill ($1.88 in chips) 
Seat 2: NescaauNTC ($2.46 in chips) 
Seat 3: 10axle ($1.56 in chips) 
Seat 4: Dorex2007 ($6.67 in chips) 
Seat 5: cberto09 ($4.66 in chips) 
Seat 6: Br0wnCheese ($2 in chips) 
Seat 7: aandre.luna ($2.57 in chips) 
Seat 8: Montagnais ($2.80 in chips) 
Seat 9: 0RB BR0 ($1.42 in chips) 
moñokill: posts small blind $0.01
NescaauNTC: posts big blind $0.02
*** HOLE CARDS ***
Dealt to Dorex2007 [5h 7c]
10axle: folds 
Dorex2007: folds 
cberto09: folds 
Br0wnCheese: folds 
aandre.luna: folds 
Montagnais: calls $0.02
0RB BR0: calls $0.02
moñokill: folds 
NescaauNTC: checks 
*** FLOP *** [7d Ts Qc]
NescaauNTC: checks 
Montagnais: checks 
0RB BR0: checks 
*** TURN *** [7d Ts Qc] [Kd]
NescaauNTC: checks 
Montagnais: bets $0.03
0RB BR0: calls $0.03
NescaauNTC: calls $0.03
*** RIVER *** [7d Ts Qc Kd] [5d]
NescaauNTC: checks 
Montagnais: bets $0.15
0RB BR0: folds 
NescaauNTC: folds 
Uncalled bet ($0.15) returned to Montagnais
Montagnais collected $0.15 from pot
*** SUMMARY ***
Total pot $0.16 | Rake $0.01 
Board [7d Ts Qc Kd 5d]
Seat 1: moñokill (small blind) folded before Flop
Seat 2: NescaauNTC (big blind) folded on the River
Seat 3: 10axle folded before Flop (didn't bet)
Seat 4: Dorex2007 folded before Flop (didn't bet)
Seat 5: cberto09 folded before Flop (didn't bet)
Seat 6: Br0wnCheese folded before Flop (didn't bet)
Seat 7: aandre.luna folded before Flop (didn't bet)
Seat 8: Montagnais collected ($0.15)
Seat 9: 0RB BR0 (button) folded on the River



PokerStars Hand #237109017008:  Hold'em No Limit ($0.01/$0.02 USD) - 2022/07/01 21:05:58 PT [2022/07/02 0:05:58 ET]
Table 'Astronomia II' 9-max Seat #1 is the button
Seat 1: moñokill ($1.99 in chips) 
Seat 2: NescaauNTC ($2.41 in chips) 
Seat 3: 10axle ($1.56 in chips) 
Seat 4: Dorex2007 ($6.67 in chips) 
Seat 5: cberto09 ($4.66 in chips) 
Seat 6: Br0wnCheese ($2 in chips) 
Seat 7: aandre.luna ($2.57 in chips) 
Seat 8: Montagnais ($2.90 in chips) 
Seat 9: 0RB BR0 ($1.37 in chips) 
NescaauNTC: posts small blind $0.01
10axle: posts big blind $0.02
*** HOLE CARDS ***
Dealt to Dorex2007 [6d Qh]
Dorex2007: folds 
cberto09: raises $0.04 to $0.06
Br0wnCheese: folds 
aandre.luna: folds 
Montagnais: folds 
0RB BR0: folds 
moñokill: raises $0.16 to $0.22
NescaauNTC: folds 
10axle: folds 
cberto09: calls $0.16
*** FLOP *** [8d Td Ah]
cberto09: checks 
moñokill: bets $0.22
cberto09: raises $0.22 to $0.44
moñokill: calls $0.22
*** TURN *** [8d Td Ah] [7s]
cberto09: bets $4 and is all-in
moñokill: calls $1.33 and is all-in
Uncalled bet ($2.67) returned to cberto09
*** RIVER *** [8d Td Ah 7s] [3c]
*** SHOW DOWN ***
cberto09: shows [Ad Ks] (a pair of Aces)
moñokill: shows [9c 9h] (a pair of Nines)
cberto09 collected $3.87 from pot
*** SUMMARY ***
Total pot $4.01 | Rake $0.14 
Board [8d Td Ah 7s 3c]
Seat 1: moñokill (button) showed [9c 9h] and lost with a pair of Nines
Seat 2: NescaauNTC (small blind) folded before Flop
Seat 3: 10axle (big blind) folded before Flop
Seat 4: Dorex2007 folded before Flop (didn't bet)
Seat 5: cberto09 showed [Ad Ks] and won ($3.87) with a pair of Aces
Seat 6: Br0wnCheese folded before Flop (didn't bet)
Seat 7: aandre.luna folded before Flop (didn't bet)
Seat 8: Montagnais folded before Flop (didn't bet)
Seat 9: 0RB BR0 folded before Flop (didn't bet)



PokerStars Hand #237109026723:  Hold'em No Limit ($0.01/$0.02 USD) - 2022/07/01 21:07:06 PT [2022/07/02 0:07:06 ET]
Table 'Astronomia II' 9-max Seat #2 is the button
Seat 2: NescaauNTC ($2.40 in chips) 
Seat 3: 10axle ($1.54 in chips) 
Seat 4: Dorex2007 ($6.67 in chips) 
Seat 5: cberto09 ($6.54 in chips) 
Seat 6: Br0wnCheese ($2 in chips) 
Seat 7: aandre.luna ($2.57 in chips) 
Seat 8: Montagnais ($2.90 in chips) 
Seat 9: 0RB BR0 ($1.37 in chips) 
10axle: posts small blind $0.01
Dorex2007: posts big blind $0.02
*** HOLE CARDS ***
Dealt to Dorex2007 [3s 9c]
cberto09: raises $0.04 to $0.06
Br0wnCheese: folds 
aandre.luna: calls $0.06
Montagnais: calls $0.06
0RB BR0: folds 
NescaauNTC: calls $0.06
10axle: calls $0.05
Dorex2007: folds 
*** FLOP *** [Qc 8h 5h]
10axle: checks 
cberto09: checks 
aandre.luna: bets $0.10
Montagnais: calls $0.10
NescaauNTC: raises $0.12 to $0.22
10axle: folds 
cberto09: folds 
aandre.luna: calls $0.12
Montagnais: calls $0.12
*** TURN *** [Qc 8h 5h] [6h]
aandre.luna: checks 
Montagnais: checks 
NescaauNTC: bets $0.33
aandre.luna: calls $0.33
Montagnais: calls $0.33
*** RIVER *** [Qc 8h 5h 6h] [3c]
aandre.luna: checks 
Montagnais: checks 
NescaauNTC: checks 
*** SHOW DOWN ***
aandre.luna: shows [Kh Qd] (a pair of Queens)
Montagnais: mucks hand 
NescaauNTC: shows [8c 8s] (three of a kind, Eights)
NescaauNTC collected $1.90 from pot
*** SUMMARY ***
Total pot $1.97 | Rake $0.07 
Board [Qc 8h 5h 6h 3c]
Seat 2: NescaauNTC (button) showed [8c 8s] and won ($1.90) with three of a kind, Eights
Seat 3: 10axle (small blind) folded on the Flop
Seat 4: Dorex2007 (big blind) folded before Flop
Seat 5: cberto09 folded on the Flop
Seat 6: Br0wnCheese folded before Flop (didn't bet)
Seat 7: aandre.luna showed [Kh Qd] and lost with a pair of Queens
Seat 8: Montagnais mucked [Ah 5s]
Seat 9: 0RB BR0 folded before Flop (didn't bet)



PokerStars Hand #237109049683:  Hold'em No Limit ($0.01/$0.02 USD) - 2022/07/01 21:09:45 PT [2022/07/02 0:09:45 ET]
Table 'Astronomia II' 9-max Seat #3 is the button
Seat 1: moñokill ($2 in chips) 
Seat 2: NescaauNTC ($3.69 in chips) 
Seat 3: 10axle ($1.48 in chips) 
Seat 4: Dorex2007 ($6.65 in chips) 
Seat 5: cberto09 ($6.48 in chips) 
Seat 6: Br0wnCheese ($2 in chips) 
Seat 7: aandre.luna ($1.96 in chips) 
Seat 8: Montagnais ($2.29 in chips) 
Seat 9: 0RB BR0 ($1.37 in chips) 
Dorex2007: posts small blind $0.01
cberto09: posts big blind $0.02
*** HOLE CARDS ***
Dealt to Dorex2007 [2s 5d]
Br0wnCheese: folds 
aandre.luna: folds 
Montagnais: folds 
0RB BR0: folds 
moñokill: folds 
NescaauNTC: raises $0.04 to $0.06
10axle: folds 
Dorex2007: folds 
cberto09: folds 
Uncalled bet ($0.04) returned to NescaauNTC
NescaauNTC collected $0.05 from pot
*** SUMMARY ***
Total pot $0.05 | Rake $0 
Seat 1: moñokill folded before Flop (didn't bet)
Seat 2: NescaauNTC collected ($0.05)
Seat 3: 10axle (button) folded before Flop (didn't bet)
Seat 4: Dorex2007 (small blind) folded before Flop
Seat 5: cberto09 (big blind) folded before Flop
Seat 6: Br0wnCheese folded before Flop (didn't bet)
Seat 7: aandre.luna folded before Flop (didn't bet)
Seat 8: Montagnais folded before Flop (didn't bet)
Seat 9: 0RB BR0 folded before Flop (didn't bet)



PokerStars Hand #237109053073:  Hold'em No Limit ($0.01/$0.02 USD) - 2022/07/01 21:10:09 PT [2022/07/02 0:10:09 ET]
Table 'Astronomia II' 9-max Seat #4 is the button
Seat 1: moñokill ($2 in chips) 
Seat 2: NescaauNTC ($3.72 in chips) 
Seat 3: 10axle ($1.48 in chips) 
Seat 4: Dorex2007 ($6.64 in chips) 
Seat 5: cberto09 ($6.46 in chips) 
Seat 6: Br0wnCheese ($2 in chips) 
Seat 7: aandre.luna ($1.96 in chips) 
Seat 8: Montagnais ($2.29 in chips) 
Seat 9: 0RB BR0 ($1.37 in chips) 
cberto09: posts small blind $0.01
Br0wnCheese: posts big blind $0.02
*** HOLE CARDS ***
Dealt to Dorex2007 [2h 2s]
aandre.luna: folds 
Montagnais: raises $0.10 to $0.12
0RB BR0: folds 
moñokill: folds 
NescaauNTC: folds 
10axle: folds 
Dorex2007: folds 
cberto09: folds 
Br0wnCheese: folds 
Uncalled bet ($0.10) returned to Montagnais
Montagnais collected $0.05 from pot
*** SUMMARY ***
Total pot $0.05 | Rake $0 
Seat 1: moñokill folded before Flop (didn't bet)
Seat 2: NescaauNTC folded before Flop (didn't bet)
Seat 3: 10axle folded before Flop (didn't bet)
Seat 4: Dorex2007 (button) folded before Flop (didn't bet)
Seat 5: cberto09 (small blind) folded before Flop
Seat 6: Br0wnCheese (big blind) folded before Flop
Seat 7: aandre.luna folded before Flop (didn't bet)
Seat 8: Montagnais collected ($0.05)
Seat 9: 0RB BR0 folded before Flop (didn't bet)



PokerStars Hand #237109056684:  Hold'em No Limit ($0.01/$0.02 USD) - 2022/07/01 21:10:34 PT [2022/07/02 0:10:34 ET]
Table 'Astronomia II' 9-max Seat #5 is the button
Seat 1: moñokill ($2 in chips) 
Seat 2: NescaauNTC ($3.72 in chips) 
Seat 3: 10axle ($1.48 in chips) 
Seat 4: Dorex2007 ($6.64 in chips) 
Seat 5: cberto09 ($6.45 in chips) 
Seat 6: Br0wnCheese ($2 in chips) 
Seat 7: aandre.luna ($1.96 in chips) 
Seat 8: Montagnais ($2.32 in chips) 
Seat 9: 0RB BR0 ($1.37 in chips) 
Br0wnCheese: posts small blind $0.01
aandre.luna: posts big blind $0.02
*** HOLE CARDS ***
Dealt to Dorex2007 [Ah 7d]
Montagnais: calls $0.02
0RB BR0: folds 
moñokill: folds 
NescaauNTC: raises $0.04 to $0.06
10axle: folds 
Dorex2007: folds 
cberto09: folds 
Br0wnCheese: folds 
aandre.luna: folds 
Montagnais: calls $0.04
*** FLOP *** [3c Th 8d]
Montagnais: bets $0.14
NescaauNTC: folds 
Uncalled bet ($0.14) returned to Montagnais
Montagnais collected $0.14 from pot
*** SUMMARY ***
Total pot $0.15 | Rake $0.01 
Board [3c Th 8d]
Seat 1: moñokill folded before Flop (didn't bet)
Seat 2: NescaauNTC folded on the Flop
Seat 3: 10axle folded before Flop (didn't bet)
Seat 4: Dorex2007 folded before Flop (didn't bet)
Seat 5: cberto09 (button) folded before Flop (didn't bet)
Seat 6: Br0wnCheese (small blind) folded before Flop
Seat 7: aandre.luna (big blind) folded before Flop
Seat 8: Montagnais collected ($0.14)
Seat 9: 0RB BR0 folded before Flop (didn't bet)



PokerStars Hand #237109064212:  Hold'em No Limit ($0.01/$0.02 USD) - 2022/07/01 21:11:26 PT [2022/07/02 0:11:26 ET]
Table 'Astronomia II' 9-max Seat #6 is the button
Seat 1: moñokill ($2 in chips) 
Seat 2: NescaauNTC ($3.66 in chips) 
Seat 3: 10axle ($1.48 in chips) 
Seat 4: Dorex2007 ($6.64 in chips) 
Seat 5: cberto09 ($6.45 in chips) 
Seat 6: Br0wnCheese ($2 in chips) 
Seat 7: aandre.luna ($1.94 in chips) 
Seat 8: Montagnais ($2.40 in chips) 
Seat 9: 0RB BR0 ($1.37 in chips) 
aandre.luna: posts small blind $0.01
Montagnais: posts big blind $0.02
*** HOLE CARDS ***
Dealt to Dorex2007 [4s Qd]
0RB BR0: folds 
moñokill: folds 
NescaauNTC: folds 
10axle: raises $0.04 to $0.06
Dorex2007: folds 
cberto09: folds 
Br0wnCheese: calls $0.06
aandre.luna: folds 
Montagnais: calls $0.04
*** FLOP *** [Js 5s 4c]
Montagnais: bets $0.18
10axle: calls $0.18
Br0wnCheese: folds 
*** TURN *** [Js 5s 4c] [4h]
Montagnais: bets $2.16 and is all-in
10axle: calls $1.24 and is all-in
Uncalled bet ($0.92) returned to Montagnais
*** RIVER *** [Js 5s 4c 4h] [7d]
*** SHOW DOWN ***
Montagnais: shows [9c Jd] (two pair, Jacks and Fours)
10axle: shows [7c 7h] (a full house, Sevens full of Fours)
10axle collected $2.92 from pot
*** SUMMARY ***
Total pot $3.03 | Rake $0.11 
Board [Js 5s 4c 4h 7d]
Seat 1: moñokill folded before Flop (didn't bet)
Seat 2: NescaauNTC folded before Flop (didn't bet)
Seat 3: 10axle showed [7c 7h] and won ($2.92) with a full house, Sevens full of Fours
Seat 4: Dorex2007 folded before Flop (didn't bet)
Seat 5: cberto09 folded before Flop (didn't bet)
Seat 6: Br0wnCheese (button) folded on the Flop
Seat 7: aandre.luna (small blind) folded before Flop
Seat 8: Montagnais (big blind) showed [9c Jd] and lost with two pair, Jacks and Fours
Seat 9: 0RB BR0 folded before Flop (didn't bet)



PokerStars Hand #237109072881:  Hold'em No Limit ($0.01/$0.02 USD) - 2022/07/01 21:12:26 PT [2022/07/02 0:12:26 ET]
Table 'Astronomia II' 9-max Seat #7 is the button
Seat 1: moñokill ($2 in chips) 
Seat 2: NescaauNTC ($3.66 in chips) 
Seat 3: 10axle ($2.92 in chips) 
Seat 4: Dorex2007 ($6.64 in chips) 
Seat 5: cberto09 ($6.45 in chips) 
Seat 6: Br0wnCheese ($2 in chips) 
Seat 7: aandre.luna ($1.93 in chips) 
Seat 8: Montagnais ($0.92 in chips) 
Seat 9: 0RB BR0 ($1.37 in chips) 
Montagnais: posts small blind $0.01
0RB BR0: posts big blind $0.02
*** HOLE CARDS ***
Dealt to Dorex2007 [Td Jc]
moñokill: folds 
NescaauNTC: folds 
10axle: folds 
Dorex2007: raises $0.04 to $0.06
cberto09: folds 
Br0wnCheese: folds 
aandre.luna: calls $0.06
Montagnais has timed out
Montagnais: folds 
0RB BR0: folds 
*** FLOP *** [Qd 2s As]
Dorex2007: checks 
aandre.luna: checks 
*** TURN *** [Qd 2s As] [Th]
Dorex2007: bets $0.07
aandre.luna: calls $0.07
*** RIVER *** [Qd 2s As Th] [3c]
Dorex2007: checks 
aandre.luna: checks 
*** SHOW DOWN ***
Dorex2007: shows [Td Jc] (a pair of Tens)
aandre.luna: mucks hand 
Dorex2007 collected $0.28 from pot
*** SUMMARY ***
Total pot $0.29 | Rake $0.01 
Board [Qd 2s As Th 3c]
Seat 1: moñokill folded before Flop (didn't bet)
Seat 2: NescaauNTC folded before Flop (didn't bet)
Seat 3: 10axle folded before Flop (didn't bet)
Seat 4: Dorex2007 showed [Td Jc] and won ($0.28) with a pair of Tens
Seat 5: cberto09 folded before Flop (didn't bet)
Seat 6: Br0wnCheese folded before Flop (didn't bet)
Seat 7: aandre.luna (button) mucked [9d Kc]
Seat 8: Montagnais (small blind) folded before Flop
Seat 9: 0RB BR0 (big blind) folded before Flop



PokerStars Hand #237109086675:  Hold'em No Limit ($0.01/$0.02 USD) - 2022/07/01 21:14:02 PT [2022/07/02 0:14:02 ET]
Table 'Astronomia II' 9-max Seat #8 is the button
Seat 1: moñokill ($2 in chips) 
Seat 2: NescaauNTC ($3.66 in chips) 
Seat 3: 10axle ($2.92 in chips) 
Seat 4: Dorex2007 ($6.79 in chips) 
Seat 5: cberto09 ($6.45 in chips) 
Seat 6: Br0wnCheese ($2 in chips) 
Seat 7: aandre.luna ($1.80 in chips) 
Seat 8: Montagnais ($0.91 in chips) 
Seat 9: 0RB BR0 ($1.35 in chips) 
0RB BR0: posts small blind $0.01
moñokill: posts big blind $0.02
*** HOLE CARDS ***
Dealt to Dorex2007 [3h 7c]
NescaauNTC: raises $0.04 to $0.06
10axle: folds 
Dorex2007: folds 
cberto09: folds 
Br0wnCheese: folds 
aandre.luna: folds 
Montagnais: folds 
0RB BR0: folds 
moñokill: calls $0.04
*** FLOP *** [Ac 3d 2s]
moñokill: checks 
NescaauNTC: bets $0.05
moñokill: folds 
Uncalled bet ($0.05) returned to NescaauNTC
NescaauNTC collected $0.13 from pot
*** SUMMARY ***
Total pot $0.13 | Rake $0 
Board [Ac 3d 2s]
Seat 1: moñokill (big blind) folded on the Flop
Seat 2: NescaauNTC collected ($0.13)
Seat 3: 10axle folded before Flop (didn't bet)
Seat 4: Dorex2007 folded before Flop (didn't bet)
Seat 5: cberto09 folded before Flop (didn't bet)
Seat 6: Br0wnCheese folded before Flop (didn't bet)
Seat 7: aandre.luna folded before Flop (didn't bet)
Seat 8: Montagnais (button) folded before Flop (didn't bet)
Seat 9: 0RB BR0 (small blind) folded before Flop



PokerStars Hand #237109092792:  Hold'em No Limit ($0.01/$0.02 USD) - 2022/07/01 21:14:45 PT [2022/07/02 0:14:45 ET]
Table 'Astronomia II' 9-max Seat #9 is the button
Seat 1: moñokill ($1.94 in chips) 
Seat 2: NescaauNTC ($3.73 in chips) 
Seat 3: 10axle ($2.92 in chips) 
Seat 4: Dorex2007 ($6.79 in chips) 
Seat 5: cberto09 ($6.45 in chips) 
Seat 6: Br0wnCheese ($2 in chips) 
Seat 7: aandre.luna ($2 in chips) 
Seat 8: Montagnais ($0.91 in chips) 
Seat 9: 0RB BR0 ($1.34 in chips) 
moñokill: posts small blind $0.01
NescaauNTC: posts big blind $0.02
*** HOLE CARDS ***
Dealt to Dorex2007 [4d 6h]
10axle: calls $0.02
Dorex2007: folds 
cberto09: raises $0.08 to $0.10
Br0wnCheese: folds 
aandre.luna: folds 
Montagnais: raises $0.81 to $0.91 and is all-in
0RB BR0: folds 
moñokill: folds 
NescaauNTC: folds 
10axle: folds 
cberto09: calls $0.81
*** FLOP *** [Ad 6d 2s]
*** TURN *** [Ad 6d 2s] [2d]
*** RIVER *** [Ad 6d 2s 2d] [6s]
*** SHOW DOWN ***
cberto09: shows [Kc Kh] (two pair, Kings and Sixes)
Montagnais: shows [Kd Qs] (two pair, Sixes and Deuces)
cberto09 collected $1.80 from pot
*** SUMMARY ***
Total pot $1.87 | Rake $0.07 
Board [Ad 6d 2s 2d 6s]
Seat 1: moñokill (small blind) folded before Flop
Seat 2: NescaauNTC (big blind) folded before Flop
Seat 3: 10axle folded before Flop
Seat 4: Dorex2007 folded before Flop (didn't bet)
Seat 5: cberto09 showed [Kc Kh] and won ($1.80) with two pair, Kings and Sixes
Seat 6: Br0wnCheese folded before Flop (didn't bet)
Seat 7: aandre.luna folded before Flop (didn't bet)
Seat 8: Montagnais showed [Kd Qs] and lost with two pair, Sixes and Deuces
Seat 9: 0RB BR0 (button) folded before Flop (didn't bet)



PokerStars Hand #237109097484:  Hold'em No Limit ($0.01/$0.02 USD) - 2022/07/01 21:15:18 PT [2022/07/02 0:15:18 ET]
Table 'Astronomia II' 9-max Seat #1 is the button
Seat 1: moñokill ($1.93 in chips) 
Seat 2: NescaauNTC ($3.71 in chips) 
Seat 4: Dorex2007 ($6.79 in chips) 
Seat 5: cberto09 ($7.34 in chips) 
Seat 6: Br0wnCheese ($2 in chips) 
Seat 7: aandre.luna ($2 in chips) 
Seat 9: 0RB BR0 ($1.34 in chips) 
NescaauNTC: posts small blind $0.01
10axle: is sitting out 
Dorex2007: posts big blind $0.02
*** HOLE CARDS ***
Dealt to Dorex2007 [6c 5h]
cberto09: folds 
Br0wnCheese: folds 
aandre.luna: raises $0.04 to $0.06
10axle leaves the table
0RB BR0: folds 
moñokill: folds 
NescaauNTC: calls $0.05
Dorex2007: folds 
*** FLOP *** [4h 6d Td]
NescaauNTC: checks 
aandre.luna: bets $0.08
NescaauNTC: folds 
Uncalled bet ($0.08) returned to aandre.luna
aandre.luna collected $0.14 from pot
*** SUMMARY ***
Total pot $0.14 | Rake $0 
Board [4h 6d Td]
Seat 1: moñokill (button) folded before Flop (didn't bet)
Seat 2: NescaauNTC (small blind) folded on the Flop
Seat 4: Dorex2007 (big blind) folded before Flop
Seat 5: cberto09 folded before Flop (didn't bet)
Seat 6: Br0wnCheese folded before Flop (didn't bet)
Seat 7: aandre.luna collected ($0.14)
Seat 9: 0RB BR0 folded before Flop (didn't bet)



PokerStars Hand #237109105533:  Hold'em No Limit ($0.01/$0.02 USD) - 2022/07/01 21:16:16 PT [2022/07/02 0:16:16 ET]
Table 'Astronomia II' 9-max Seat #2 is the button
Seat 1: moñokill ($1.93 in chips) 
Seat 2: NescaauNTC ($3.65 in chips) 
Seat 4: Dorex2007 ($6.77 in chips) 
Seat 5: cberto09 ($7.34 in chips) 
Seat 6: Br0wnCheese ($2 in chips) 
Seat 7: aandre.luna ($2.08 in chips) 
Seat 8: Montagnais ($2 in chips) 
Seat 9: 0RB BR0 ($1.34 in chips) 
Dorex2007: posts small blind $0.01
cberto09: posts big blind $0.02
*** HOLE CARDS ***
Dealt to Dorex2007 [5h Jc]
Br0wnCheese has timed out
Br0wnCheese: folds 
aandre.luna: folds 
Montagnais: calls $0.02
0RB BR0: calls $0.02
moñokill: folds 
NescaauNTC: raises $0.04 to $0.06
Dorex2007: folds 
cberto09: folds 
Montagnais: calls $0.04
0RB BR0: calls $0.04
*** FLOP *** [3h 8d As]
Montagnais: bets $0.10
0RB BR0: folds 
dragosginju joins the table at seat #3 
NescaauNTC: folds 
Uncalled bet ($0.10) returned to Montagnais
Montagnais collected $0.20 from pot
*** SUMMARY ***
Total pot $0.21 | Rake $0.01 
Board [3h 8d As]
Seat 1: moñokill folded before Flop (didn't bet)
Seat 2: NescaauNTC (button) folded on the Flop
Seat 4: Dorex2007 (small blind) folded before Flop
Seat 5: cberto09 (big blind) folded before Flop
Seat 6: Br0wnCheese folded before Flop (didn't bet)
Seat 7: aandre.luna folded before Flop (didn't bet)
Seat 8: Montagnais collected ($0.20)
Seat 9: 0RB BR0 folded on the Flop



PokerStars Hand #237109114433:  Hold'em No Limit ($0.01/$0.02 USD) - 2022/07/01 21:17:19 PT [2022/07/02 0:17:19 ET]
Table 'Astronomia II' 9-max Seat #4 is the button
Seat 1: moñokill ($2 in chips) 
Seat 2: NescaauNTC ($3.59 in chips) 
Seat 4: Dorex2007 ($6.76 in chips) 
Seat 5: cberto09 ($7.32 in chips) 
Seat 6: Br0wnCheese ($2 in chips) 
Seat 7: aandre.luna ($2.08 in chips) 
Seat 8: Montagnais ($2.14 in chips) 
Seat 9: 0RB BR0 ($1.28 in chips) 
cberto09: posts small blind $0.01
Br0wnCheese: posts big blind $0.02
dragosginju: sits out 
*** HOLE CARDS ***
Dealt to Dorex2007 [Qc 9d]
aandre.luna: folds 
Montagnais: folds 
0RB BR0: folds 
moñokill: folds 
aandre.luna leaves the table
NescaauNTC: folds 
Dorex2007: raises $0.04 to $0.06
cberto09: folds 
Br0wnCheese: folds 
Uncalled bet ($0.04) returned to Dorex2007
Dorex2007 collected $0.05 from pot
*** SUMMARY ***
Total pot $0.05 | Rake $0 
Seat 1: moñokill folded before Flop (didn't bet)
Seat 2: NescaauNTC folded before Flop (didn't bet)
Seat 4: Dorex2007 (button) collected ($0.05)
Seat 5: cberto09 (small blind) folded before Flop
Seat 6: Br0wnCheese (big blind) folded before Flop
Seat 7: aandre.luna folded before Flop (didn't bet)
Seat 8: Montagnais folded before Flop (didn't bet)
Seat 9: 0RB BR0 folded before Flop (didn't bet)



PokerStars Hand #237109117360:  Hold'em No Limit ($0.01/$0.02 USD) - 2022/07/01 21:17:39 PT [2022/07/02 0:17:39 ET]
Table 'Astronomia II' 9-max Seat #5 is the button
Seat 1: moñokill ($2 in chips) 
Seat 2: NescaauNTC ($3.59 in chips) 
Seat 4: Dorex2007 ($6.79 in chips) 
Seat 5: cberto09 ($7.31 in chips) 
Seat 6: Br0wnCheese ($2 in chips) 
Seat 8: Montagnais ($2.14 in chips) 
Seat 9: 0RB BR0 ($1.28 in chips) 
Br0wnCheese: posts small blind $0.01
Montagnais: posts big blind $0.02
dragosginju: sits out 
*** HOLE CARDS ***
Dealt to Dorex2007 [6h 5d]
0RB BR0: calls $0.02
moñokill: folds 
NescaauNTC: folds 
Dorex2007: folds 
cberto09: raises $0.04 to $0.06
unstylishU2 joins the table at seat #7 
Br0wnCheese: folds 
Montagnais: calls $0.04
unstylishU2 leaves the table
0RB BR0: folds 
*** FLOP *** [Tc Kd Ah]
Montagnais: checks 
Alves6776 joins the table at seat #7 
cberto09: bets $0.05
Montagnais: folds 
Uncalled bet ($0.05) returned to cberto09
cberto09 collected $0.14 from pot
*** SUMMARY ***
Total pot $0.15 | Rake $0.01 
Board [Tc Kd Ah]
Seat 1: moñokill folded before Flop (didn't bet)
Seat 2: NescaauNTC folded before Flop (didn't bet)
Seat 4: Dorex2007 folded before Flop (didn't bet)
Seat 5: cberto09 (button) collected ($0.14)
Seat 6: Br0wnCheese (small blind) folded before Flop
Seat 8: Montagnais (big blind) folded on the Flop
Seat 9: 0RB BR0 folded before Flop



PokerStars Hand #237109123002:  Hold'em No Limit ($0.01/$0.02 USD) - 2022/07/01 21:18:20 PT [2022/07/02 0:18:20 ET]
Table 'Astronomia II' 9-max Seat #6 is the button
Seat 1: moñokill ($2 in chips) 
Seat 2: NescaauNTC ($3.59 in chips) 
Seat 4: Dorex2007 ($6.79 in chips) 
Seat 5: cberto09 ($7.39 in chips) 
Seat 6: Br0wnCheese ($2 in chips) 
Seat 8: Montagnais ($2.08 in chips) 
Seat 9: 0RB BR0 ($1.26 in chips) 
Montagnais: posts small blind $0.01
0RB BR0: posts big blind $0.02
dragosginju: sits out 
*** HOLE CARDS ***
Dealt to Dorex2007 [9c 2h]
moñokill: folds 
NescaauNTC: folds 
Dorex2007: folds 
cberto09: folds 
Br0wnCheese: raises $0.03 to $0.05
Montagnais: folds 
0RB BR0: folds 
Uncalled bet ($0.03) returned to Br0wnCheese
Br0wnCheese collected $0.05 from pot
*** SUMMARY ***
Total pot $0.05 | Rake $0 
Seat 1: moñokill folded before Flop (didn't bet)
Seat 2: NescaauNTC folded before Flop (didn't bet)
Seat 4: Dorex2007 folded before Flop (didn't bet)
Seat 5: cberto09 folded before Flop (didn't bet)
Seat 6: Br0wnCheese (button) collected ($0.05)
Seat 8: Montagnais (small blind) folded before Flop
Seat 9: 0RB BR0 (big blind) folded before Flop



PokerStars Hand #237109126084:  Hold'em No Limit ($0.01/$0.02 USD) - 2022/07/01 21:18:41 PT [2022/07/02 0:18:41 ET]
Table 'Astronomia II' 9-max Seat #8 is the button
Seat 1: moñokill ($2 in chips) 
Seat 2: NescaauNTC ($3.59 in chips) 
Seat 4: Dorex2007 ($6.79 in chips) 
Seat 5: cberto09 ($7.39 in chips) 
Seat 6: Br0wnCheese ($2.03 in chips) 
Seat 7: Alves6776 ($0.80 in chips) 
Seat 8: Montagnais ($2.07 in chips) 
Seat 9: 0RB BR0 ($1.24 in chips) 
0RB BR0: posts small blind $0.01
moñokill: posts big blind $0.02
dragosginju: sits out 
Alves6776: posts big blind $0.02
*** HOLE CARDS ***
Dealt to Dorex2007 [2s Qh]
NescaauNTC: folds 
Dorex2007: folds 
cberto09: folds 
Br0wnCheese: folds 
Alves6776: checks 
Montagnais: calls $0.02
0RB BR0: calls $0.01
moñokill: raises $0.08 to $0.10
Alves6776: folds 
Montagnais: folds 
0RB BR0: folds 
Uncalled bet ($0.08) returned to moñokill
moñokill collected $0.08 from pot
*** SUMMARY ***
Total pot $0.08 | Rake $0 
Seat 1: moñokill (big blind) collected ($0.08)
Seat 2: NescaauNTC folded before Flop (didn't bet)
Seat 4: Dorex2007 folded before Flop (didn't bet)
Seat 5: cberto09 folded before Flop (didn't bet)
Seat 6: Br0wnCheese folded before Flop (didn't bet)
Seat 7: Alves6776 folded before Flop (didn't bet)
Seat 8: Montagnais (button) folded before Flop
Seat 9: 0RB BR0 (small blind) folded before Flop



PokerStars Hand #237109131578:  Hold'em No Limit ($0.01/$0.02 USD) - 2022/07/01 21:19:21 PT [2022/07/02 0:19:21 ET]
Table 'Astronomia II' 9-max Seat #9 is the button
Seat 1: moñokill ($2.06 in chips) 
Seat 2: NescaauNTC ($3.59 in chips) 
Seat 4: Dorex2007 ($6.79 in chips) 
Seat 5: cberto09 ($7.39 in chips) 
Seat 6: Br0wnCheese ($2.03 in chips) 
Seat 7: Alves6776 ($0.78 in chips) 
Seat 8: Montagnais ($2.05 in chips) 
Seat 9: 0RB BR0 ($1.22 in chips) 
moñokill: posts small blind $0.01
NescaauNTC: posts big blind $0.02
dragosginju: sits out 
*** HOLE CARDS ***
Dealt to Dorex2007 [2h 5h]
Dorex2007: folds 
cberto09: folds 
Br0wnCheese: folds 
Alves6776: folds 
Montagnais: calls $0.02
0RB BR0: folds 
moñokill: folds 
NescaauNTC: raises $0.04 to $0.06
Montagnais: calls $0.04
*** FLOP *** [8s 4c 3s]
NescaauNTC: bets $0.05
Montagnais: folds 
Uncalled bet ($0.05) returned to NescaauNTC
NescaauNTC collected $0.13 from pot
*** SUMMARY ***
Total pot $0.13 | Rake $0 
Board [8s 4c 3s]
Seat 1: moñokill (small blind) folded before Flop
Seat 2: NescaauNTC (big blind) collected ($0.13)
Seat 4: Dorex2007 folded before Flop (didn't bet)
Seat 5: cberto09 folded before Flop (didn't bet)
Seat 6: Br0wnCheese folded before Flop (didn't bet)
Seat 7: Alves6776 folded before Flop (didn't bet)
Seat 8: Montagnais folded on the Flop
Seat 9: 0RB BR0 (button) folded before Flop (didn't bet)



PokerStars Hand #237109136049:  Hold'em No Limit ($0.01/$0.02 USD) - 2022/07/01 21:19:53 PT [2022/07/02 0:19:53 ET]
Table 'Astronomia II' 9-max Seat #1 is the button
Seat 1: moñokill ($2.05 in chips) 
Seat 2: NescaauNTC ($3.66 in chips) 
Seat 3: dragosginju ($2 in chips) 
Seat 4: Dorex2007 ($6.79 in chips) 
Seat 5: cberto09 ($7.39 in chips) 
Seat 6: Br0wnCheese ($2.03 in chips) 
Seat 7: Alves6776 ($0.78 in chips) 
Seat 8: Montagnais ($1.99 in chips) 
Seat 9: 0RB BR0 ($1.22 in chips) 
NescaauNTC: posts small blind $0.01
dragosginju: posts big blind $0.02
*** HOLE CARDS ***
Dealt to Dorex2007 [5c 6s]
Dorex2007: folds 
cberto09: folds 
Br0wnCheese: folds 
Alves6776: folds 
Montagnais: calls $0.02
0RB BR0: folds 
moñokill: folds 
NescaauNTC: folds 
dragosginju: raises $0.06 to $0.08
Montagnais: calls $0.06
*** FLOP *** [9d Qh Ac]
dragosginju: checks 
Montagnais: bets $0.08
dragosginju: calls $0.08
*** TURN *** [9d Qh Ac] [3s]
dragosginju: checks 
Montagnais: checks 
*** RIVER *** [9d Qh Ac 3s] [As]
dragosginju: bets $0.10
Montagnais: folds 
Uncalled bet ($0.10) returned to dragosginju
dragosginju collected $0.32 from pot
*** SUMMARY ***
Total pot $0.33 | Rake $0.01 
Board [9d Qh Ac 3s As]
Seat 1: moñokill (button) folded before Flop (didn't bet)
Seat 2: NescaauNTC (small blind) folded before Flop
Seat 3: dragosginju (big blind) collected ($0.32)
Seat 4: Dorex2007 folded before Flop (didn't bet)
Seat 5: cberto09 folded before Flop (didn't bet)
Seat 6: Br0wnCheese folded before Flop (didn't bet)
Seat 7: Alves6776 folded before Flop (didn't bet)
Seat 8: Montagnais folded on the River
Seat 9: 0RB BR0 folded before Flop (didn't bet)



PokerStars Hand #237109142577:  Hold'em No Limit ($0.01/$0.02 USD) - 2022/07/01 21:20:40 PT [2022/07/02 0:20:40 ET]
Table 'Astronomia II' 9-max Seat #2 is the button
Seat 1: moñokill ($2.05 in chips) 
Seat 2: NescaauNTC ($3.65 in chips) 
Seat 3: dragosginju ($2.16 in chips) 
Seat 4: Dorex2007 ($6.79 in chips) 
Seat 5: cberto09 ($7.39 in chips) 
Seat 6: Br0wnCheese ($2.03 in chips) 
Seat 7: Alves6776 ($0.78 in chips) 
Seat 8: Montagnais ($1.83 in chips) 
Seat 9: 0RB BR0 ($1.22 in chips) 
dragosginju: posts small blind $0.01
Dorex2007: posts big blind $0.02
*** HOLE CARDS ***
Dealt to Dorex2007 [3h 4s]
cberto09: folds 
Br0wnCheese has timed out
Br0wnCheese: folds 
Alves6776: calls $0.02
Montagnais: raises $1.81 to $1.83 and is all-in
0RB BR0: folds 
moñokill: folds 
NescaauNTC: folds 
dragosginju: calls $1.82
Dorex2007: folds 
Alves6776: folds 
*** FLOP *** [Ac 4h 4d]
*** TURN *** [Ac 4h 4d] [9h]
*** RIVER *** [Ac 4h 4d 9h] [5s]
*** SHOW DOWN ***
dragosginju: shows [3s 3d] (two pair, Fours and Threes)
Montagnais: shows [Kh Td] (a pair of Fours)
dragosginju collected $3.57 from pot
*** SUMMARY ***
Total pot $3.70 | Rake $0.13 
Board [Ac 4h 4d 9h 5s]
Seat 1: moñokill folded before Flop (didn't bet)
Seat 2: NescaauNTC (button) folded before Flop (didn't bet)
Seat 3: dragosginju (small blind) showed [3s 3d] and won ($3.57) with two pair, Fours and Threes
Seat 4: Dorex2007 (big blind) folded before Flop
Seat 5: cberto09 folded before Flop (didn't bet)
Seat 6: Br0wnCheese folded before Flop (didn't bet)
Seat 7: Alves6776 folded before Flop
Seat 8: Montagnais showed [Kh Td] and lost with a pair of Fours
Seat 9: 0RB BR0 folded before Flop (didn't bet)



PokerStars Hand #237109151787:  Hold'em No Limit ($0.01/$0.02 USD) - 2022/07/01 21:21:20 PT [2022/07/02 0:21:20 ET]
Table 'Astronomia II' 9-max Seat #3 is the button
Seat 1: moñokill ($2.05 in chips) 
Seat 2: NescaauNTC ($3.65 in chips) 
Seat 3: dragosginju ($3.90 in chips) 
Seat 4: Dorex2007 ($6.77 in chips) 
Seat 5: cberto09 ($7.39 in chips) 
Seat 6: Br0wnCheese ($2.03 in chips) 
Seat 7: Alves6776 ($0.76 in chips) 
Seat 9: 0RB BR0 ($1.22 in chips) 
Dorex2007: posts small blind $0.01
cberto09: posts big blind $0.02
*** HOLE CARDS ***
Dealt to Dorex2007 [3s Tc]
Br0wnCheese: folds 
Alves6776: folds 
0RB BR0: folds 
moñokill: folds 
NescaauNTC: folds 
dragosginju: folds 
Dorex2007: folds 
Uncalled bet ($0.01) returned to cberto09
cberto09 collected $0.02 from pot
*** SUMMARY ***
Total pot $0.02 | Rake $0 
Seat 1: moñokill folded before Flop (didn't bet)
Seat 2: NescaauNTC folded before Flop (didn't bet)
Seat 3: dragosginju (button) folded before Flop (didn't bet)
Seat 4: Dorex2007 (small blind) folded before Flop
Seat 5: cberto09 (big blind) collected ($0.02)
Seat 6: Br0wnCheese folded before Flop (didn't bet)
Seat 7: Alves6776 folded before Flop (didn't bet)
Seat 9: 0RB BR0 folded before Flop (didn't bet)



PokerStars Hand #237109154145:  Hold'em No Limit ($0.01/$0.02 USD) - 2022/07/01 21:21:37 PT [2022/07/02 0:21:37 ET]
Table 'Astronomia II' 9-max Seat #4 is the button
Seat 1: moñokill ($2.05 in chips) 
Seat 2: NescaauNTC ($3.65 in chips) 
Seat 3: dragosginju ($3.90 in chips) 
Seat 4: Dorex2007 ($6.76 in chips) 
Seat 5: cberto09 ($7.40 in chips) 
Seat 6: Br0wnCheese ($2.03 in chips) 
Seat 7: Alves6776 ($0.76 in chips) 
Seat 8: Montagnais ($2 in chips) 
Seat 9: 0RB BR0 ($1.22 in chips) 
cberto09: posts small blind $0.01
Br0wnCheese: posts big blind $0.02
*** HOLE CARDS ***
Dealt to Dorex2007 [7d Tc]
Alves6776 has timed out
Alves6776: folds 
Montagnais: calls $0.02
0RB BR0: folds 
moñokill: calls $0.02
NescaauNTC: folds 
dragosginju: calls $0.02
Dorex2007: folds 
cberto09: raises $0.08 to $0.10
Br0wnCheese: folds 
Montagnais: calls $0.08
moñokill: calls $0.08
dragosginju: calls $0.08
*** FLOP *** [Jc 5c Kh]
cberto09: checks 
Montagnais: checks 
moñokill: bets $0.20
dragosginju: calls $0.20
cberto09: folds 
Montagnais: folds 
*** TURN *** [Jc 5c Kh] [3d]
moñokill: checks 
dragosginju: checks 
*** RIVER *** [Jc 5c Kh 3d] [5s]
moñokill: bets $0.39
dragosginju: folds 
Uncalled bet ($0.39) returned to moñokill
moñokill collected $0.79 from pot
*** SUMMARY ***
Total pot $0.82 | Rake $0.03 
Board [Jc 5c Kh 3d 5s]
Seat 1: moñokill collected ($0.79)
Seat 2: NescaauNTC folded before Flop (didn't bet)
Seat 3: dragosginju folded on the River
Seat 4: Dorex2007 (button) folded before Flop (didn't bet)
Seat 5: cberto09 (small blind) folded on the Flop
Seat 6: Br0wnCheese (big blind) folded before Flop
Seat 7: Alves6776 folded before Flop (didn't bet)
Seat 8: Montagnais folded on the Flop
Seat 9: 0RB BR0 folded before Flop (didn't bet)



PokerStars Hand #237109163367:  Hold'em No Limit ($0.01/$0.02 USD) - 2022/07/01 21:22:44 PT [2022/07/02 0:22:44 ET]
Table 'Astronomia II' 9-max Seat #5 is the button
Seat 1: moñokill ($2.54 in chips) 
Seat 2: NescaauNTC ($3.65 in chips) 
Seat 3: dragosginju ($3.60 in chips) 
Seat 4: Dorex2007 ($6.76 in chips) 
Seat 5: cberto09 ($7.30 in chips) 
Seat 6: Br0wnCheese ($2.01 in chips) 
Seat 7: Alves6776 ($0.76 in chips) 
Seat 8: Montagnais ($1.90 in chips) 
Seat 9: 0RB BR0 ($1.22 in chips) 
Br0wnCheese: posts small blind $0.01
Alves6776: posts big blind $0.02
*** HOLE CARDS ***
Dealt to Dorex2007 [5h Qc]
Montagnais: folds 
0RB BR0: folds 
moñokill: folds 
NescaauNTC: folds 
dragosginju: folds 
Dorex2007: folds 
cberto09: folds 
Br0wnCheese: folds 
Uncalled bet ($0.01) returned to Alves6776
Alves6776 collected $0.02 from pot
*** SUMMARY ***
Total pot $0.02 | Rake $0 
Seat 1: moñokill folded before Flop (didn't bet)
Seat 2: NescaauNTC folded before Flop (didn't bet)
Seat 3: dragosginju folded before Flop (didn't bet)
Seat 4: Dorex2007 folded before Flop (didn't bet)
Seat 5: cberto09 (button) folded before Flop (didn't bet)
Seat 6: Br0wnCheese (small blind) folded before Flop
Seat 7: Alves6776 (big blind) collected ($0.02)
Seat 8: Montagnais folded before Flop (didn't bet)
Seat 9: 0RB BR0 folded before Flop (didn't bet)



PokerStars Hand #237109165710:  Hold'em No Limit ($0.01/$0.02 USD) - 2022/07/01 21:23:01 PT [2022/07/02 0:23:01 ET]
Table 'Astronomia II' 9-max Seat #6 is the button
Seat 1: moñokill ($2.54 in chips) 
Seat 2: NescaauNTC ($3.65 in chips) 
Seat 4: Dorex2007 ($6.76 in chips) 
Seat 5: cberto09 ($7.30 in chips) 
Seat 6: Br0wnCheese ($2 in chips) 
Seat 7: Alves6776 ($0.77 in chips) 
Seat 8: Montagnais ($1.90 in chips) 
Seat 9: 0RB BR0 ($1.22 in chips) 
Alves6776: posts small blind $0.01
Montagnais: posts big blind $0.02
*** HOLE CARDS ***
Dealt to Dorex2007 [4d Ah]
0RB BR0: raises $0.02 to $0.04
moñokill: folds 
NescaauNTC: folds 
Dorex2007: folds 
cberto09: folds 
Br0wnCheese: folds 
Alves6776: folds 
Montagnais: raises $1.86 to $1.90 and is all-in
0RB BR0: calls $1.18 and is all-in
Uncalled bet ($0.68) returned to Montagnais
*** FLOP *** [6c Ks Jh]
*** TURN *** [6c Ks Jh] [8s]
*** RIVER *** [6c Ks Jh 8s] [4c]
*** SHOW DOWN ***
Montagnais: shows [3h 3d] (a pair of Threes)
0RB BR0: shows [As Ad] (a pair of Aces)
0RB BR0 cashed out the hand for $1.90 | Cash Out Fee $0.02
*** SUMMARY ***
Total pot $2.45 | Rake $0.09 
Board [6c Ks Jh 8s 4c]
Seat 1: moñokill folded before Flop (didn't bet)
Seat 2: NescaauNTC folded before Flop (didn't bet)
Seat 4: Dorex2007 folded before Flop (didn't bet)
Seat 5: cberto09 folded before Flop (didn't bet)
Seat 6: Br0wnCheese (button) folded before Flop (didn't bet)
Seat 7: Alves6776 (small blind) folded before Flop
Seat 8: Montagnais (big blind) showed [3h 3d] and lost with a pair of Threes
Seat 9: 0RB BR0 showed [As Ad] and won ($2.36) with a pair of Aces (pot not awarded as player cashed out)



PokerStars Hand #237109182306:  Hold'em No Limit ($0.01/$0.02 USD) - 2022/07/01 21:23:56 PT [2022/07/02 0:23:56 ET]
Table 'Astronomia II' 9-max Seat #7 is the button
Seat 1: moñokill ($2.54 in chips) 
Seat 2: NescaauNTC ($3.65 in chips) 
Seat 3: dragosginju ($3.60 in chips) 
Seat 4: Dorex2007 ($6.76 in chips) 
Seat 5: cberto09 ($7.30 in chips) 
Seat 6: Br0wnCheese ($2 in chips) 
Seat 7: Alves6776 ($0.76 in chips) 
Seat 8: Montagnais ($0.68 in chips) 
Seat 9: 0RB BR0 ($1.90 in chips) 
Montagnais: posts small blind $0.01
0RB BR0: posts big blind $0.02
*** HOLE CARDS ***
Dealt to Dorex2007 [Jh 5c]
moñokill: folds 
NescaauNTC: folds 
dragosginju: calls $0.02
Dorex2007: folds 
cberto09: folds 
Br0wnCheese: folds 
Alves6776: calls $0.02
Montagnais: raises $0.66 to $0.68 and is all-in
0RB BR0: folds 
dragosginju: calls $0.66
Alves6776: folds 
*** FLOP *** [8d As 6s]
*** TURN *** [8d As 6s] [9s]
*** RIVER *** [8d As 6s 9s] [3h]
*** SHOW DOWN ***
Montagnais: shows [4c 4d] (a pair of Fours)
dragosginju: shows [Qc Js] (high card Ace)
Montagnais collected $1.35 from pot
*** SUMMARY ***
Total pot $1.40 | Rake $0.05 
Board [8d As 6s 9s 3h]
Seat 1: moñokill folded before Flop (didn't bet)
Seat 2: NescaauNTC folded before Flop (didn't bet)
Seat 3: dragosginju showed [Qc Js] and lost with high card Ace
Seat 4: Dorex2007 folded before Flop (didn't bet)
Seat 5: cberto09 folded before Flop (didn't bet)
Seat 6: Br0wnCheese folded before Flop (didn't bet)
Seat 7: Alves6776 (button) folded before Flop
Seat 8: Montagnais (small blind) showed [4c 4d] and won ($1.35) with a pair of Fours
Seat 9: 0RB BR0 (big blind) folded before Flop



PokerStars Hand #237109189201:  Hold'em No Limit ($0.01/$0.02 USD) - 2022/07/01 21:24:46 PT [2022/07/02 0:24:46 ET]
Table 'Astronomia II' 9-max Seat #8 is the button
Seat 1: moñokill ($2.54 in chips) 
Seat 2: NescaauNTC ($3.65 in chips) 
Seat 3: dragosginju ($2.92 in chips) 
Seat 4: Dorex2007 ($6.76 in chips) 
Seat 5: cberto09 ($7.30 in chips) 
Seat 6: Br0wnCheese ($2 in chips) 
Seat 7: Alves6776 ($0.74 in chips) 
Seat 8: Montagnais ($1.35 in chips) 
Seat 9: 0RB BR0 ($1.88 in chips) 
0RB BR0: posts small blind $0.01
moñokill: posts big blind $0.02
*** HOLE CARDS ***
Dealt to Dorex2007 [8d 5c]
NescaauNTC: folds 
dragosginju: raises $2.90 to $2.92 and is all-in
Dorex2007: folds 
cberto09: folds 
Br0wnCheese: folds 
Alves6776: calls $0.74 and is all-in
Montagnais: folds 
0RB BR0: folds 
moñokill: folds 
Uncalled bet ($2.18) returned to dragosginju
*** FLOP *** [Th 2c 5s]
*** TURN *** [Th 2c 5s] [4h]
*** RIVER *** [Th 2c 5s 4h] [9c]
*** SHOW DOWN ***
dragosginju: shows [Jd 9d] (a pair of Nines)
Alves6776: shows [Ad As] (a pair of Aces)
Alves6776 cashed out the hand for $1.15 | Cash Out Fee $0.01
*** SUMMARY ***
Total pot $1.51 | Rake $0.05 
Board [Th 2c 5s 4h 9c]
Seat 1: moñokill (big blind) folded before Flop
Seat 2: NescaauNTC folded before Flop (didn't bet)
Seat 3: dragosginju showed [Jd 9d] and lost with a pair of Nines
Seat 4: Dorex2007 folded before Flop (didn't bet)
Seat 5: cberto09 folded before Flop (didn't bet)
Seat 6: Br0wnCheese folded before Flop (didn't bet)
Seat 7: Alves6776 showed [Ad As] and won ($1.46) with a pair of Aces (pot not awarded as player cashed out)
Seat 8: Montagnais (button) folded before Flop (didn't bet)
Seat 9: 0RB BR0 (small blind) folded before Flop



PokerStars Hand #237109193554:  Hold'em No Limit ($0.01/$0.02 USD) - 2022/07/01 21:25:17 PT [2022/07/02 0:25:17 ET]
Table 'Astronomia II' 9-max Seat #9 is the button
Seat 1: moñokill ($2.52 in chips) 
Seat 2: NescaauNTC ($3.65 in chips) 
Seat 3: dragosginju ($2.18 in chips) 
Seat 4: Dorex2007 ($6.76 in chips) 
Seat 5: cberto09 ($7.30 in chips) 
Seat 6: Br0wnCheese ($2 in chips) 
Seat 7: Alves6776 ($1.15 in chips) 
Seat 8: Montagnais ($1.35 in chips) 
Seat 9: 0RB BR0 ($1.87 in chips) 
moñokill: posts small blind $0.01
NescaauNTC: posts big blind $0.02
*** HOLE CARDS ***
Dealt to Dorex2007 [9h Jh]
dragosginju: folds 
Dorex2007: folds 
cberto09: folds 
Br0wnCheese: folds 
Alves6776: calls $0.02
Montagnais: calls $0.02
0RB BR0: folds 
moñokill: calls $0.01
NescaauNTC: checks 
*** FLOP *** [Ks 4s Kh]
moñokill: checks 
NescaauNTC: checks 
Alves6776: checks 
Montagnais: checks 
*** TURN *** [Ks 4s Kh] [Kc]
moñokill: checks 
NescaauNTC: checks 
Alves6776: checks 
Montagnais: checks 
*** RIVER *** [Ks 4s Kh Kc] [Th]
moñokill: bets $0.04
NescaauNTC: folds 
Alves6776: folds 
Montagnais: folds 
Uncalled bet ($0.04) returned to moñokill
moñokill collected $0.08 from pot
*** SUMMARY ***
Total pot $0.08 | Rake $0 
Board [Ks 4s Kh Kc Th]
Seat 1: moñokill (small blind) collected ($0.08)
Seat 2: NescaauNTC (big blind) folded on the River
Seat 3: dragosginju folded before Flop (didn't bet)
Seat 4: Dorex2007 folded before Flop (didn't bet)
Seat 5: cberto09 folded before Flop (didn't bet)
Seat 6: Br0wnCheese folded before Flop (didn't bet)
Seat 7: Alves6776 folded on the River
Seat 8: Montagnais folded on the River
Seat 9: 0RB BR0 (button) folded before Flop (didn't bet)



PokerStars Hand #237109201959:  Hold'em No Limit ($0.01/$0.02 USD) - 2022/07/01 21:26:19 PT [2022/07/02 0:26:19 ET]
Table 'Astronomia II' 9-max Seat #1 is the button
Seat 1: moñokill ($2.58 in chips) 
Seat 2: NescaauNTC ($3.63 in chips) 
Seat 3: dragosginju ($2.18 in chips) 
Seat 4: Dorex2007 ($6.76 in chips) 
Seat 5: cberto09 ($7.30 in chips) 
Seat 6: Br0wnCheese ($2 in chips) 
Seat 7: Alves6776 ($1.13 in chips) 
Seat 8: Montagnais ($1.33 in chips) 
Seat 9: 0RB BR0 ($1.87 in chips) 
NescaauNTC: posts small blind $0.01
dragosginju: posts big blind $0.02
*** HOLE CARDS ***
Dealt to Dorex2007 [9d 8d]
Dorex2007: folds 
cberto09: folds 
Br0wnCheese: folds 
Alves6776: calls $0.02
Montagnais: calls $0.02
0RB BR0: calls $0.02
moñokill: folds 
NescaauNTC: folds 
dragosginju: raises $2.16 to $2.18 and is all-in
Alves6776: folds 
Montagnais: folds 
0RB BR0: folds 
Uncalled bet ($2.16) returned to dragosginju
dragosginju collected $0.09 from pot
*** SUMMARY ***
Total pot $0.09 | Rake $0 
Seat 1: moñokill (button) folded before Flop (didn't bet)
Seat 2: NescaauNTC (small blind) folded before Flop
Seat 3: dragosginju (big blind) collected ($0.09)
Seat 4: Dorex2007 folded before Flop (didn't bet)
Seat 5: cberto09 folded before Flop (didn't bet)
Seat 6: Br0wnCheese folded before Flop (didn't bet)
Seat 7: Alves6776 folded before Flop
Seat 8: Montagnais folded before Flop
Seat 9: 0RB BR0 folded before Flop



PokerStars Hand #237109206280:  Hold'em No Limit ($0.01/$0.02 USD) - 2022/07/01 21:26:51 PT [2022/07/02 0:26:51 ET]
Table 'Astronomia II' 9-max Seat #2 is the button
Seat 1: moñokill ($2.58 in chips) 
Seat 2: NescaauNTC ($3.62 in chips) 
Seat 3: dragosginju ($2.25 in chips) 
Seat 4: Dorex2007 ($6.76 in chips) 
Seat 5: cberto09 ($7.30 in chips) 
Seat 6: Br0wnCheese ($2 in chips) 
Seat 7: Alves6776 ($1.11 in chips) 
Seat 8: Montagnais ($1.31 in chips) 
Seat 9: 0RB BR0 ($1.85 in chips) 
dragosginju: posts small blind $0.01
Dorex2007: posts big blind $0.02
*** HOLE CARDS ***
Dealt to Dorex2007 [8d 3s]
cberto09: folds 
Br0wnCheese: folds 
Alves6776: folds 
Montagnais: calls $0.02
0RB BR0: folds 
moñokill: folds 
NescaauNTC has timed out
NescaauNTC: folds 
dragosginju: folds 
Dorex2007: checks 
*** FLOP *** [9h 4h As]
Dorex2007: checks 
Montagnais: checks 
*** TURN *** [9h 4h As] [8h]
Dorex2007: checks 
Montagnais: checks 
*** RIVER *** [9h 4h As 8h] [Ad]
Dorex2007: checks 
Montagnais: checks 
*** SHOW DOWN ***
Dorex2007: shows [8d 3s] (two pair, Aces and Eights)
Montagnais: mucks hand 
Dorex2007 collected $0.05 from pot
*** SUMMARY ***
Total pot $0.05 | Rake $0 
Board [9h 4h As 8h Ad]
Seat 1: moñokill folded before Flop (didn't bet)
Seat 2: NescaauNTC (button) folded before Flop (didn't bet)
Seat 3: dragosginju (small blind) folded before Flop
Seat 4: Dorex2007 (big blind) showed [8d 3s] and won ($0.05) with two pair, Aces and Eights
Seat 5: cberto09 folded before Flop (didn't bet)
Seat 6: Br0wnCheese folded before Flop (didn't bet)
Seat 7: Alves6776 folded before Flop (didn't bet)
Seat 8: Montagnais mucked [2c Tc]
Seat 9: 0RB BR0 folded before Flop (didn't bet)



PokerStars Hand #237109213749:  Hold'em No Limit ($0.01/$0.02 USD) - 2022/07/01 21:27:45 PT [2022/07/02 0:27:45 ET]
Table 'Astronomia II' 9-max Seat #4 is the button
Seat 1: moñokill ($2.58 in chips) 
Seat 2: NescaauNTC ($3.62 in chips) 
Seat 4: Dorex2007 ($6.79 in chips) 
Seat 5: cberto09 ($7.30 in chips) 
Seat 6: Br0wnCheese ($2 in chips) 
Seat 7: Alves6776 ($1.11 in chips) 
Seat 8: Montagnais ($1.29 in chips) 
Seat 9: 0RB BR0 ($1.85 in chips) 
cberto09: posts small blind $0.01
Br0wnCheese: posts big blind $0.02
*** HOLE CARDS ***
Dealt to Dorex2007 [3d Kd]
Alves6776: calls $0.02
Montagnais: raises $1.27 to $1.29 and is all-in
0RB BR0: folds 
moñokill: folds 
NescaauNTC: folds 
Dorex2007: folds 
cberto09: folds 
Br0wnCheese: folds 
Alves6776: folds 
Uncalled bet ($1.27) returned to Montagnais
Montagnais collected $0.07 from pot
*** SUMMARY ***
Total pot $0.07 | Rake $0 
Seat 1: moñokill folded before Flop (didn't bet)
Seat 2: NescaauNTC folded before Flop (didn't bet)
Seat 4: Dorex2007 (button) folded before Flop (didn't bet)
Seat 5: cberto09 (small blind) folded before Flop
Seat 6: Br0wnCheese (big blind) folded before Flop
Seat 7: Alves6776 folded before Flop
Seat 8: Montagnais collected ($0.07)
Seat 9: 0RB BR0 folded before Flop (didn't bet)



PokerStars Hand #237109217121:  Hold'em No Limit ($0.01/$0.02 USD) - 2022/07/01 21:28:09 PT [2022/07/02 0:28:09 ET]
Table 'Astronomia II' 9-max Seat #5 is the button
Seat 1: moñokill ($2.58 in chips) 
Seat 2: NescaauNTC ($3.62 in chips) 
Seat 4: Dorex2007 ($6.79 in chips) 
Seat 5: cberto09 ($7.29 in chips) 
Seat 6: Br0wnCheese ($2 in chips) 
Seat 7: Alves6776 ($1.09 in chips) 
Seat 8: Montagnais ($1.34 in chips) 
Seat 9: 0RB BR0 ($1.85 in chips) 
Br0wnCheese: posts small blind $0.01
Alves6776: posts big blind $0.02
*** HOLE CARDS ***
Dealt to Dorex2007 [7s 8h]
Montagnais: calls $0.02
0RB BR0: folds 
moñokill: calls $0.02
NescaauNTC: raises $0.04 to $0.06
Dorex2007: folds 
cberto09: folds 
Br0wnCheese: folds 
Alves6776: folds 
Montagnais: calls $0.04
moñokill: calls $0.04
*** FLOP *** [2c Kc Kd]
Montagnais: checks 
moñokill: checks 
NescaauNTC: bets $0.07
Montagnais: folds 
moñokill: folds 
Uncalled bet ($0.07) returned to NescaauNTC
NescaauNTC collected $0.20 from pot
*** SUMMARY ***
Total pot $0.21 | Rake $0.01 
Board [2c Kc Kd]
Seat 1: moñokill folded on the Flop
Seat 2: NescaauNTC collected ($0.20)
Seat 4: Dorex2007 folded before Flop (didn't bet)
Seat 5: cberto09 (button) folded before Flop (didn't bet)
Seat 6: Br0wnCheese (small blind) folded before Flop
Seat 7: Alves6776 (big blind) folded before Flop
Seat 8: Montagnais folded on the Flop
Seat 9: 0RB BR0 folded before Flop (didn't bet)



PokerStars Hand #237109223224:  Hold'em No Limit ($0.01/$0.02 USD) - 2022/07/01 21:28:53 PT [2022/07/02 0:28:53 ET]
Table 'Astronomia II' 9-max Seat #6 is the button
Seat 1: moñokill ($2.52 in chips) 
Seat 2: NescaauNTC ($3.76 in chips) 
Seat 4: Dorex2007 ($6.79 in chips) 
Seat 5: cberto09 ($7.29 in chips) 
Seat 6: Br0wnCheese ($2 in chips) 
Seat 7: Alves6776 ($1.07 in chips) 
Seat 8: Montagnais ($1.28 in chips) 
Seat 9: 0RB BR0 ($1.85 in chips) 
Alves6776: posts small blind $0.01
Montagnais: posts big blind $0.02
*** HOLE CARDS ***
Dealt to Dorex2007 [2d 6d]
0RB BR0: folds 
moñokill: folds 
NescaauNTC has timed out
NescaauNTC: folds 
Dorex2007: folds 
cberto09: folds 
Br0wnCheese: folds 
Alves6776: calls $0.01
Montagnais: checks 
*** FLOP *** [9h Kc 9d]
Alves6776: checks 
moñokill leaves the table
Montagnais: bets $0.04
Alves6776: calls $0.04
*** TURN *** [9h Kc 9d] [4h]
Alves6776: checks 
Montagnais: checks 
*** RIVER *** [9h Kc 9d 4h] [5h]
bojnice21 joins the table at seat #1 
Alves6776: checks 
Montagnais: checks 
*** SHOW DOWN ***
Alves6776: shows [6s 9c] (three of a kind, Nines)
Montagnais: mucks hand 
Alves6776 collected $0.12 from pot
*** SUMMARY ***
Total pot $0.12 | Rake $0 
Board [9h Kc 9d 4h 5h]
Seat 1: moñokill folded before Flop (didn't bet)
Seat 2: NescaauNTC folded before Flop (didn't bet)
Seat 4: Dorex2007 folded before Flop (didn't bet)
Seat 5: cberto09 folded before Flop (didn't bet)
Seat 6: Br0wnCheese (button) folded before Flop (didn't bet)
Seat 7: Alves6776 (small blind) showed [6s 9c] and won ($0.12) with three of a kind, Nines
Seat 8: Montagnais (big blind) mucked [4d 3s]
Seat 9: 0RB BR0 folded before Flop (didn't bet)



PokerStars Hand #237109230373:  Hold'em No Limit ($0.01/$0.02 USD) - 2022/07/01 21:29:46 PT [2022/07/02 0:29:46 ET]
Table 'Astronomia II' 9-max Seat #7 is the button
Seat 2: NescaauNTC ($3.76 in chips) 
Seat 4: Dorex2007 ($6.79 in chips) 
Seat 5: cberto09 ($7.29 in chips) 
Seat 6: Br0wnCheese ($2 in chips) 
Seat 7: Alves6776 ($1.13 in chips) 
Seat 8: Montagnais ($1.22 in chips) 
Seat 9: 0RB BR0 ($1.85 in chips) 
Montagnais: posts small blind $0.01
0RB BR0: posts big blind $0.02
bojnice21 is connected 
bojnice21: sits out 
*** HOLE CARDS ***
Dealt to Dorex2007 [Jc 7c]
NescaauNTC: raises $0.04 to $0.06
Dorex2007: folds 
cberto09: folds 
Br0wnCheese: folds 
Alves6776: folds 
Montagnais: folds 
0RB BR0: calls $0.04
*** FLOP *** [7s 4h Qh]
0RB BR0: bets $0.02
NescaauNTC: raises $0.02 to $0.04
0RB BR0: calls $0.02
*** TURN *** [7s 4h Qh] [9c]
0RB BR0: checks 
NescaauNTC: checks 
*** RIVER *** [7s 4h Qh 9c] [8c]
0RB BR0: bets $0.02
NescaauNTC: raises $0.04 to $0.06
0RB BR0: calls $0.04
*** SHOW DOWN ***
NescaauNTC: shows [Ah Qd] (a pair of Queens)
0RB BR0: mucks hand 
NescaauNTC collected $0.32 from pot
*** SUMMARY ***
Total pot $0.33 | Rake $0.01 
Board [7s 4h Qh 9c 8c]
Seat 2: NescaauNTC showed [Ah Qd] and won ($0.32) with a pair of Queens
Seat 4: Dorex2007 folded before Flop (didn't bet)
Seat 5: cberto09 folded before Flop (didn't bet)
Seat 6: Br0wnCheese folded before Flop (didn't bet)
Seat 7: Alves6776 (button) folded before Flop (didn't bet)
Seat 8: Montagnais (small blind) folded before Flop
Seat 9: 0RB BR0 (big blind) mucked [6d 6s]



PokerStars Hand #237109237799:  Hold'em No Limit ($0.01/$0.02 USD) - 2022/07/01 21:30:40 PT [2022/07/02 0:30:40 ET]
Table 'Astronomia II' 9-max Seat #8 is the button
Seat 1: bojnice21 ($2 in chips) 
Seat 2: NescaauNTC ($3.92 in chips) 
Seat 3: dragosginju ($2.24 in chips) 
Seat 4: Dorex2007 ($6.79 in chips) 
Seat 5: cberto09 ($7.29 in chips) 
Seat 6: Br0wnCheese ($2 in chips) 
Seat 7: Alves6776 ($1.13 in chips) 
Seat 8: Montagnais ($1.21 in chips) 
Seat 9: 0RB BR0 ($1.69 in chips) 
0RB BR0: posts small blind $0.01
bojnice21: posts big blind $0.02
*** HOLE CARDS ***
Dealt to Dorex2007 [9s 6d]
NescaauNTC has timed out
NescaauNTC: folds 
dragosginju: raises $2.22 to $2.24 and is all-in
Dorex2007: folds 
cberto09: folds 
Br0wnCheese: folds 
Alves6776: calls $1.13 and is all-in
Montagnais: folds 
0RB BR0: folds 
bojnice21: folds 
Uncalled bet ($1.11) returned to dragosginju
*** FLOP *** [5d Ad 5s]
*** TURN *** [5d Ad 5s] [6s]
*** RIVER *** [5d Ad 5s 6s] [4h]
*** SHOW DOWN ***
dragosginju: shows [Qd 8s] (a pair of Fives)
Alves6776: shows [9h 9c] (two pair, Nines and Fives)
dragosginju cashed out the hand for $0.63 | Cash Out Fee $0.01
Alves6776 cashed out the hand for $1.55 | Cash Out Fee $0.02
*** SUMMARY ***
Total pot $2.29 | Rake $0.08 
Board [5d Ad 5s 6s 4h]
Seat 1: bojnice21 (big blind) folded before Flop
Seat 2: NescaauNTC folded before Flop (didn't bet)
Seat 3: dragosginju showed [Qd 8s] and lost with a pair of Fives (cashed out).
Seat 4: Dorex2007 folded before Flop (didn't bet)
Seat 5: cberto09 folded before Flop (didn't bet)
Seat 6: Br0wnCheese folded before Flop (didn't bet)
Seat 7: Alves6776 showed [9h 9c] and won ($2.21) with two pair, Nines and Fives (pot not awarded as player cashed out)
Seat 8: Montagnais (button) folded before Flop (didn't bet)
Seat 9: 0RB BR0 (small blind) folded before Flop



PokerStars Hand #237109243380:  Hold'em No Limit ($0.01/$0.02 USD) - 2022/07/01 21:31:20 PT [2022/07/02 0:31:20 ET]
Table 'Astronomia II' 9-max Seat #9 is the button
Seat 1: bojnice21 ($1.98 in chips) 
Seat 2: NescaauNTC ($3.92 in chips) 
Seat 3: dragosginju ($1.74 in chips) 
Seat 4: Dorex2007 ($6.79 in chips) 
Seat 5: cberto09 ($7.29 in chips) 
Seat 6: Br0wnCheese ($2 in chips) 
Seat 7: Alves6776 ($1.55 in chips) 
Seat 8: Montagnais ($1.21 in chips) 
Seat 9: 0RB BR0 ($1.68 in chips) 
bojnice21: posts small blind $0.01
NescaauNTC: posts big blind $0.02
*** HOLE CARDS ***
Dealt to Dorex2007 [7c 3h]
dragosginju: raises $1.72 to $1.74 and is all-in
Dorex2007: folds 
cberto09: folds 
Br0wnCheese: folds 
Alves6776: calls $1.55 and is all-in
Montagnais: folds 
0RB BR0: folds 
bojnice21: folds 
NescaauNTC: calls $1.72
*** FLOP *** [Qh 9h 4d]
*** TURN *** [Qh 9h 4d] [Qd]
*** RIVER *** [Qh 9h 4d Qd] [8d]
*** SHOW DOWN ***
NescaauNTC: shows [Ac Th] (a pair of Queens)
dragosginju: shows [Jc 6h] (a pair of Queens - lower kicker)
NescaauNTC collected $0.36 from side pot
Alves6776: shows [Kd Ad] (a flush, Ace high)
Alves6776 cashed out the hand for $2.35 | Cash Out Fee $0.02
*** SUMMARY ***
Total pot $5.04 Main pot $4.50. Side pot $0.36. | Rake $0.18 
Board [Qh 9h 4d Qd 8d]
Seat 1: bojnice21 (small blind) folded before Flop
Seat 2: NescaauNTC (big blind) showed [Ac Th] and won ($0.36) with a pair of Queens
Seat 3: dragosginju showed [Jc 6h] and lost with a pair of Queens
Seat 4: Dorex2007 folded before Flop (didn't bet)
Seat 5: cberto09 folded before Flop (didn't bet)
Seat 6: Br0wnCheese folded before Flop (didn't bet)
Seat 7: Alves6776 showed [Kd Ad] and won ($4.50) with a flush, Ace high (pot not awarded as player cashed out)
Seat 8: Montagnais folded before Flop (didn't bet)
Seat 9: 0RB BR0 (button) folded before Flop (didn't bet)



PokerStars Hand #237109249169:  Hold'em No Limit ($0.01/$0.02 USD) - 2022/07/01 21:32:02 PT [2022/07/02 0:32:02 ET]
Table 'Astronomia II' 9-max Seat #1 is the button
Seat 1: bojnice21 ($1.97 in chips) 
Seat 2: NescaauNTC ($2.54 in chips) 
Seat 4: Dorex2007 ($6.79 in chips) 
Seat 5: cberto09 ($7.29 in chips) 
Seat 6: Br0wnCheese ($2 in chips) 
Seat 7: Alves6776 ($2.35 in chips) 
Seat 8: Montagnais ($1.21 in chips) 
Seat 9: 0RB BR0 ($1.68 in chips) 
NescaauNTC: posts small blind $0.01
Dorex2007: posts big blind $0.02
*** HOLE CARDS ***
Dealt to Dorex2007 [Kc 4c]
cberto09: folds 
Br0wnCheese: folds 
Alves6776: folds 
Montagnais: calls $0.02
0RB BR0: folds 
bojnice21: folds 
NescaauNTC: folds 
Dorex2007: checks 
*** FLOP *** [Tc 5c Ah]
Dorex2007: checks 
Montagnais: checks 
*** TURN *** [Tc 5c Ah] [4h]
dragosginju is disconnected 
Dorex2007: checks 
NescaauNTC leaves the table
Montagnais: checks 
*** RIVER *** [Tc 5c Ah 4h] [Jc]
Dorex2007: bets $0.05
Montagnais: folds 
Uncalled bet ($0.05) returned to Dorex2007
Dorex2007 collected $0.05 from pot
*** SUMMARY ***
Total pot $0.05 | Rake $0 
Board [Tc 5c Ah 4h Jc]
Seat 1: bojnice21 (button) folded before Flop (didn't bet)
Seat 2: NescaauNTC (small blind) folded before Flop
Seat 4: Dorex2007 (big blind) collected ($0.05)
Seat 5: cberto09 folded before Flop (didn't bet)
Seat 6: Br0wnCheese folded before Flop (didn't bet)
Seat 7: Alves6776 folded before Flop (didn't bet)
Seat 8: Montagnais folded on the River
Seat 9: 0RB BR0 folded before Flop (didn't bet)



PokerStars Hand #237109254882:  Hold'em No Limit ($0.01/$0.02 USD) - 2022/07/01 21:32:44 PT [2022/07/02 0:32:44 ET]
Table 'Astronomia II' 9-max Seat #4 is the button
Seat 1: bojnice21 ($1.97 in chips) 
Seat 4: Dorex2007 ($6.82 in chips) 
Seat 5: cberto09 ($7.29 in chips) 
Seat 6: Br0wnCheese ($2 in chips) 
Seat 7: Alves6776 ($2.35 in chips) 
Seat 8: Montagnais ($1.19 in chips) 
Seat 9: 0RB BR0 ($1.68 in chips) 
cberto09: posts small blind $0.01
Br0wnCheese: posts big blind $0.02
*** HOLE CARDS ***
Dealt to Dorex2007 [8c As]
Alves6776: calls $0.02
Montagnais: folds 
0RB BR0: folds 
bojnice21: folds 
Dorex2007: folds 
cberto09: folds 
Br0wnCheese: checks 
*** FLOP *** [2h Th 6h]
dragosginju leaves the table
Br0wnCheese: checks 
Alves6776: checks 
*** TURN *** [2h Th 6h] [2s]
Br0wnCheese: bets $0.03
Alves6776: folds 
Uncalled bet ($0.03) returned to Br0wnCheese
Br0wnCheese collected $0.05 from pot
*** SUMMARY ***
Total pot $0.05 | Rake $0 
Board [2h Th 6h 2s]
Seat 1: bojnice21 folded before Flop (didn't bet)
Seat 4: Dorex2007 (button) folded before Flop (didn't bet)
Seat 5: cberto09 (small blind) folded before Flop
Seat 6: Br0wnCheese (big blind) collected ($0.05)
Seat 7: Alves6776 folded on the Turn
Seat 8: Montagnais folded before Flop (didn't bet)
Seat 9: 0RB BR0 folded before Flop (didn't bet)



PokerStars Hand #237109259635:  Hold'em No Limit ($0.01/$0.02 USD) - 2022/07/01 21:33:19 PT [2022/07/02 0:33:19 ET]
Table 'Astronomia II' 9-max Seat #5 is the button
Seat 1: bojnice21 ($1.97 in chips) 
Seat 4: Dorex2007 ($6.82 in chips) 
Seat 5: cberto09 ($7.28 in chips) 
Seat 6: Br0wnCheese ($2.03 in chips) 
Seat 7: Alves6776 ($2.33 in chips) 
Seat 8: Montagnais ($1.19 in chips) 
Seat 9: 0RB BR0 ($1.68 in chips) 
Br0wnCheese: posts small blind $0.01
Alves6776: posts big blind $0.02
*** HOLE CARDS ***
Dealt to Dorex2007 [3h 4d]
Montagnais: raises $1.17 to $1.19 and is all-in
0RB BR0: folds 
bojnice21: folds 
Dorex2007: folds 
cberto09: folds 
Br0wnCheese: folds 
Alves6776: folds 
Uncalled bet ($1.17) returned to Montagnais
Alves6776 leaves the table
Montagnais collected $0.05 from pot
*** SUMMARY ***
Total pot $0.05 | Rake $0 
Seat 1: bojnice21 folded before Flop (didn't bet)
Seat 4: Dorex2007 folded before Flop (didn't bet)
Seat 5: cberto09 (button) folded before Flop (didn't bet)
Seat 6: Br0wnCheese (small blind) folded before Flop
Seat 7: Alves6776 (big blind) folded before Flop
Seat 8: Montagnais collected ($0.05)
Seat 9: 0RB BR0 folded before Flop (didn't bet)



PokerStars Hand #237109262033:  Hold'em No Limit ($0.01/$0.02 USD) - 2022/07/01 21:33:38 PT [2022/07/02 0:33:38 ET]
Table 'Astronomia II' 9-max Seat #6 is the button
Seat 1: bojnice21 ($1.97 in chips) 
Seat 4: Dorex2007 ($6.82 in chips) 
Seat 5: cberto09 ($7.28 in chips) 
Seat 6: Br0wnCheese ($2.02 in chips) 
Seat 8: Montagnais ($1.22 in chips) 
Seat 9: 0RB BR0 ($1.68 in chips) 
Montagnais: posts small blind $0.01
0RB BR0: posts big blind $0.02
*** HOLE CARDS ***
Dealt to Dorex2007 [Ad 7c]
bojnice21: folds 
Dorex2007: folds 
cberto09: folds 
Br0wnCheese: folds 
Montagnais: raises $1.20 to $1.22 and is all-in
0RB BR0: folds 
Uncalled bet ($1.20) returned to Montagnais
Montagnais collected $0.04 from pot
*** SUMMARY ***
Total pot $0.04 | Rake $0 
Seat 1: bojnice21 folded before Flop (didn't bet)
Seat 4: Dorex2007 folded before Flop (didn't bet)
Seat 5: cberto09 folded before Flop (didn't bet)
Seat 6: Br0wnCheese (button) folded before Flop (didn't bet)
Seat 8: Montagnais (small blind) collected ($0.04)
Seat 9: 0RB BR0 (big blind) folded before Flop



PokerStars Hand #237109270701:  Hold'em No Limit ($0.01/$0.02 USD) - 2022/07/01 21:34:02 PT [2022/07/02 0:34:02 ET]
Table 'Astronomia II' 9-max Seat #8 is the button
Seat 4: Dorex2007 ($6.82 in chips) 
Seat 5: cberto09 ($7.28 in chips) 
Seat 6: Br0wnCheese ($2.02 in chips) 
Seat 8: Montagnais ($1.24 in chips) 
Seat 9: 0RB BR0 ($1.66 in chips) 
0RB BR0: posts small blind $0.01
Dorex2007: posts big blind $0.02
*** HOLE CARDS ***
Dealt to Dorex2007 [Kc 6d]
cberto09: folds 
Br0wnCheese: calls $0.02
bojnice21 leaves the table
Montagnais: raises $1.22 to $1.24 and is all-in
0RB BR0: folds 
Dorex2007: folds 
Br0wnCheese: folds 
Uncalled bet ($1.22) returned to Montagnais
Montagnais collected $0.07 from pot
*** SUMMARY ***
Total pot $0.07 | Rake $0 
Seat 4: Dorex2007 (big blind) folded before Flop
Seat 5: cberto09 folded before Flop (didn't bet)
Seat 6: Br0wnCheese folded before Flop
Seat 8: Montagnais (button) collected ($0.07)
Seat 9: 0RB BR0 (small blind) folded before Flop



