PokerStars Hand #234309404403:  Hold'em No Limit ($0.01/$0.02 USD) - 2022/02/22 17:53:00 PT [2022/02/22 20:53:00 ET]
Table 'Atala VI' 9-max Seat #6 is the button
Seat 1: Blake45645 ($5.50 in chips) 
Seat 2: dlolo30 ($1.88 in chips) 
Seat 3: McPartiZano ($2.08 in chips) 
Seat 4: the game33 ($1.48 in chips) 
Seat 5: Dorex2007 ($2 in chips) 
Seat 6: Deivison 171 ($0.97 in chips) 
Seat 8: giboson ($0.43 in chips) 
Seat 9: Druzki Oleg ($2.08 in chips) 
giboson: posts small blind $0.01
Druzki Oleg: posts big blind $0.02
Dorex2007: posts big blind $0.02
*** HOLE CARDS ***
Dealt to Dorex2007 [As Qc]
Blake45645: folds 
dlolo30: folds 
McPartiZano: folds 
the game33: folds 
Dorex2007: raises $0.04 to $0.06
Deivison 171: folds 
giboson: folds 
Druzki Oleg: folds 
Uncalled bet ($0.04) returned to Dorex2007
Dorex2007 collected $0.05 from pot
Dorex2007: doesn't show hand 
*** SUMMARY ***
Total pot $0.05 | Rake $0 
Seat 1: Blake45645 folded before Flop (didn't bet)
Seat 2: dlolo30 folded before Flop (didn't bet)
Seat 3: McPartiZano folded before Flop (didn't bet)
Seat 4: the game33 folded before Flop (didn't bet)
Seat 5: Dorex2007 collected ($0.05)
Seat 6: Deivison 171 (button) folded before Flop (didn't bet)
Seat 8: giboson (small blind) folded before Flop
Seat 9: Druzki Oleg (big blind) folded before Flop



PokerStars Hand #234309411916:  Hold'em No Limit ($0.01/$0.02 USD) - 2022/02/22 17:53:29 PT [2022/02/22 20:53:29 ET]
Table 'Atala VI' 9-max Seat #8 is the button
Seat 1: Blake45645 ($5.50 in chips) 
Seat 2: dlolo30 ($1.88 in chips) 
Seat 3: McPartiZano ($2.08 in chips) 
Seat 4: the game33 ($1.48 in chips) 
Seat 5: Dorex2007 ($2.03 in chips) 
Seat 6: Deivison 171 ($0.97 in chips) 
Seat 7: YuriDitz ($14 in chips) 
Seat 8: giboson ($0.42 in chips) 
Seat 9: Druzki Oleg ($2.06 in chips) 
Druzki Oleg: posts small blind $0.01
Blake45645: posts big blind $0.02
YuriDitz: posts small & big blinds $0.03
*** HOLE CARDS ***
Dealt to Dorex2007 [3c 3s]
dlolo30: calls $0.02
McPartiZano: folds 
the game33: folds 
Dorex2007: calls $0.02
Deivison 171: calls $0.02
YuriDitz: checks 
giboson: folds 
Druzki Oleg: calls $0.01
Blake45645: checks 
*** FLOP *** [Ac 3h Ah]
Druzki Oleg: checks 
Blake45645: checks 
dlolo30: checks 
Dorex2007: checks 
Deivison 171: checks 
YuriDitz: bets $0.12
Druzki Oleg: folds 
Blake45645: folds 
dlolo30: folds 
Dorex2007: calls $0.12
Deivison 171: folds 
*** TURN *** [Ac 3h Ah] [4c]
Dorex2007: checks 
YuriDitz: bets $0.24
Dorex2007: raises $0.24 to $0.48
YuriDitz: calls $0.24
*** RIVER *** [Ac 3h Ah 4c] [8s]
Dorex2007: bets $1.28
YuriDitz: calls $1.28
*** SHOW DOWN ***
Dorex2007: shows [3c 3s] (a full house, Threes full of Aces)
YuriDitz: mucks hand 
Dorex2007 collected $3.75 from pot
*** SUMMARY ***
Total pot $3.89 | Rake $0.14 
Board [Ac 3h Ah 4c 8s]
Seat 1: Blake45645 (big blind) folded on the Flop
Seat 2: dlolo30 folded on the Flop
Seat 3: McPartiZano folded before Flop (didn't bet)
Seat 4: the game33 folded before Flop (didn't bet)
Seat 5: Dorex2007 showed [3c 3s] and won ($3.75) with a full house, Threes full of Aces
Seat 6: Deivison 171 folded on the Flop
Seat 7: YuriDitz mucked [Ad 7h]
Seat 8: giboson (button) folded before Flop (didn't bet)
Seat 9: Druzki Oleg (small blind) folded on the Flop



PokerStars Hand #234309445782:  Hold'em No Limit ($0.01/$0.02 USD) - 2022/02/22 17:55:20 PT [2022/02/22 20:55:20 ET]
Table 'Atala VI' 9-max Seat #9 is the button
Seat 1: Blake45645 ($5.48 in chips) 
Seat 2: dlolo30 ($1.86 in chips) 
Seat 3: McPartiZano ($2.08 in chips) 
Seat 4: the game33 ($1.48 in chips) 
Seat 5: Dorex2007 ($3.88 in chips) 
Seat 6: Deivison 171 ($0.95 in chips) 
Seat 7: YuriDitz ($12.09 in chips) 
Seat 8: giboson ($0.42 in chips) 
Seat 9: Druzki Oleg ($2.04 in chips) 
Blake45645: posts small blind $0.01
dlolo30: posts big blind $0.02
*** HOLE CARDS ***
Dealt to Dorex2007 [3h 2s]
McPartiZano: raises $0.04 to $0.06
the game33: folds 
Dorex2007: folds 
Deivison 171: raises $0.06 to $0.12
YuriDitz: calls $0.12
giboson: raises $0.30 to $0.42 and is all-in
Druzki Oleg: folds 
Blake45645: folds 
dlolo30: folds 
McPartiZano: folds 
Deivison 171: raises $0.53 to $0.95 and is all-in
YuriDitz: folds 
Uncalled bet ($0.53) returned to Deivison 171
*** FLOP *** [2h Qd 8c]
*** TURN *** [2h Qd 8c] [2c]
*** RIVER *** [2h Qd 8c 2c] [4d]
*** SHOW DOWN ***
Deivison 171: shows [Kh Ad] (a pair of Deuces)
giboson: shows [Js Qs] (two pair, Queens and Deuces)
giboson collected $1.01 from pot
*** SUMMARY ***
Total pot $1.05 | Rake $0.04 
Board [2h Qd 8c 2c 4d]
Seat 1: Blake45645 (small blind) folded before Flop
Seat 2: dlolo30 (big blind) folded before Flop
Seat 3: McPartiZano folded before Flop
Seat 4: the game33 folded before Flop (didn't bet)
Seat 5: Dorex2007 folded before Flop (didn't bet)
Seat 6: Deivison 171 showed [Kh Ad] and lost with a pair of Deuces
Seat 7: YuriDitz folded before Flop
Seat 8: giboson showed [Js Qs] and won ($1.01) with two pair, Queens and Deuces
Seat 9: Druzki Oleg (button) folded before Flop (didn't bet)



PokerStars Hand #234309457244:  Hold'em No Limit ($0.01/$0.02 USD) - 2022/02/22 17:56:14 PT [2022/02/22 20:56:14 ET]
Table 'Atala VI' 9-max Seat #1 is the button
Seat 1: Blake45645 ($5.47 in chips) 
Seat 2: dlolo30 ($1.84 in chips) 
Seat 3: McPartiZano ($2.02 in chips) 
Seat 4: the game33 ($1.48 in chips) 
Seat 5: Dorex2007 ($3.88 in chips) 
Seat 6: Deivison 171 ($0.53 in chips) 
Seat 7: YuriDitz ($11.97 in chips) 
Seat 8: giboson ($1.01 in chips) 
Seat 9: Druzki Oleg ($2.04 in chips) 
dlolo30: posts small blind $0.01
McPartiZano: posts big blind $0.02
*** HOLE CARDS ***
Dealt to Dorex2007 [8s 6s]
the game33: folds 
Dorex2007: folds 
Deivison 171: folds 
YuriDitz: calls $0.02
giboson: folds 
Druzki Oleg: calls $0.02
Blake45645: folds 
dlolo30: calls $0.01
McPartiZano: raises $0.08 to $0.10
YuriDitz: calls $0.08
Druzki Oleg: calls $0.08
dlolo30: folds 
*** FLOP *** [Qc Js Jh]
McPartiZano: checks 
YuriDitz: bets $0.12
Druzki Oleg: calls $0.12
McPartiZano: folds 
*** TURN *** [Qc Js Jh] [3s]
YuriDitz: checks 
Druzki Oleg: bets $0.28
YuriDitz: calls $0.28
*** RIVER *** [Qc Js Jh 3s] [6d]
YuriDitz: checks 
Druzki Oleg: bets $0.54
YuriDitz: folds 
Uncalled bet ($0.54) returned to Druzki Oleg
Druzki Oleg collected $1.07 from pot
*** SUMMARY ***
Total pot $1.12 | Rake $0.05 
Board [Qc Js Jh 3s 6d]
Seat 1: Blake45645 (button) folded before Flop (didn't bet)
Seat 2: dlolo30 (small blind) folded before Flop
Seat 3: McPartiZano (big blind) folded on the Flop
Seat 4: the game33 folded before Flop (didn't bet)
Seat 5: Dorex2007 folded before Flop (didn't bet)
Seat 6: Deivison 171 folded before Flop (didn't bet)
Seat 7: YuriDitz folded on the River
Seat 8: giboson folded before Flop (didn't bet)
Seat 9: Druzki Oleg collected ($1.07)



PokerStars Hand #234309472719:  Hold'em No Limit ($0.01/$0.02 USD) - 2022/02/22 17:57:27 PT [2022/02/22 20:57:27 ET]
Table 'Atala VI' 9-max Seat #2 is the button
Seat 1: Blake45645 ($5.47 in chips) 
Seat 2: dlolo30 ($1.82 in chips) 
Seat 3: McPartiZano ($2 in chips) 
Seat 4: the game33 ($1.48 in chips) 
Seat 5: Dorex2007 ($3.88 in chips) 
Seat 6: Deivison 171 ($0.53 in chips) 
Seat 7: YuriDitz ($11.47 in chips) 
Seat 8: giboson ($1.01 in chips) 
Seat 9: Druzki Oleg ($2.61 in chips) 
McPartiZano: posts small blind $0.01
the game33: posts big blind $0.02
*** HOLE CARDS ***
Dealt to Dorex2007 [7c 3d]
Dorex2007: folds 
Deivison 171: raises $0.04 to $0.06
YuriDitz: folds 
giboson: calls $0.06
Druzki Oleg: calls $0.06
Blake45645: folds 
dlolo30: folds 
McPartiZano: folds 
the game33: calls $0.04
*** FLOP *** [7d 6s 2h]
the game33: checks 
Deivison 171: checks 
giboson: checks 
Druzki Oleg: bets $0.24
the game33: calls $0.24
Deivison 171: folds 
giboson: folds 
*** TURN *** [7d 6s 2h] [Jc]
the game33: checks 
Druzki Oleg: bets $0.70
the game33: calls $0.70
*** RIVER *** [7d 6s 2h Jc] [2d]
the game33: checks 
Druzki Oleg: bets $0.48
the game33: folds 
Uncalled bet ($0.48) returned to Druzki Oleg
Druzki Oleg collected $2.04 from pot
*** SUMMARY ***
Total pot $2.13 | Rake $0.09 
Board [7d 6s 2h Jc 2d]
Seat 1: Blake45645 folded before Flop (didn't bet)
Seat 2: dlolo30 (button) folded before Flop (didn't bet)
Seat 3: McPartiZano (small blind) folded before Flop
Seat 4: the game33 (big blind) folded on the River
Seat 5: Dorex2007 folded before Flop (didn't bet)
Seat 6: Deivison 171 folded on the Flop
Seat 7: YuriDitz folded before Flop (didn't bet)
Seat 8: giboson folded on the Flop
Seat 9: Druzki Oleg collected ($2.04)



PokerStars Hand #234309492197:  Hold'em No Limit ($0.01/$0.02 USD) - 2022/02/22 17:58:58 PT [2022/02/22 20:58:58 ET]
Table 'Atala VI' 9-max Seat #3 is the button
Seat 1: Blake45645 ($5.47 in chips) 
Seat 2: dlolo30 ($1.82 in chips) 
Seat 3: McPartiZano ($2 in chips) 
Seat 4: the game33 ($0.48 in chips) 
Seat 5: Dorex2007 ($3.88 in chips) 
Seat 6: Deivison 171 ($0.47 in chips) 
Seat 7: YuriDitz ($11.47 in chips) 
Seat 8: giboson ($0.95 in chips) 
Seat 9: Druzki Oleg ($3.65 in chips) 
the game33: posts small blind $0.01
Dorex2007: posts big blind $0.02
*** HOLE CARDS ***
Dealt to Dorex2007 [6s 2s]
Deivison 171: folds 
Deivison 171 leaves the table
YuriDitz: folds 
giboson: folds 
Druzki Oleg: folds 
Blake45645: folds 
dlolo30: folds 
McPartiZano: raises $0.04 to $0.06
the game33: folds 
Dorex2007: folds 
Uncalled bet ($0.04) returned to McPartiZano
McPartiZano collected $0.05 from pot
McPartiZano: doesn't show hand 
*** SUMMARY ***
Total pot $0.05 | Rake $0 
Seat 1: Blake45645 folded before Flop (didn't bet)
Seat 2: dlolo30 folded before Flop (didn't bet)
Seat 3: McPartiZano (button) collected ($0.05)
Seat 4: the game33 (small blind) folded before Flop
Seat 5: Dorex2007 (big blind) folded before Flop
Seat 6: Deivison 171 folded before Flop (didn't bet)
Seat 7: YuriDitz folded before Flop (didn't bet)
Seat 8: giboson folded before Flop (didn't bet)
Seat 9: Druzki Oleg folded before Flop (didn't bet)



PokerStars Hand #234309495279:  Hold'em No Limit ($0.01/$0.02 USD) - 2022/02/22 17:59:12 PT [2022/02/22 20:59:12 ET]
Table 'Atala VI' 9-max Seat #4 is the button
Seat 1: Blake45645 ($5.47 in chips) 
Seat 2: dlolo30 ($1.82 in chips) 
Seat 3: McPartiZano ($2.03 in chips) 
Seat 4: the game33 ($0.47 in chips) 
Seat 5: Dorex2007 ($3.86 in chips) 
Seat 7: YuriDitz ($11.47 in chips) 
Seat 8: giboson ($0.95 in chips) 
Seat 9: Druzki Oleg ($3.65 in chips) 
Dorex2007: posts small blind $0.01
YuriDitz: posts big blind $0.02
*** HOLE CARDS ***
Dealt to Dorex2007 [2s 3s]
giboson: folds 
Druzki Oleg: raises $0.05 to $0.07
Blake45645: folds 
Ramkha joins the table at seat #6 
dlolo30: folds 
McPartiZano: folds 
the game33: folds 
Dorex2007: folds 
YuriDitz: folds 
Uncalled bet ($0.05) returned to Druzki Oleg
Druzki Oleg collected $0.05 from pot
*** SUMMARY ***
Total pot $0.05 | Rake $0 
Seat 1: Blake45645 folded before Flop (didn't bet)
Seat 2: dlolo30 folded before Flop (didn't bet)
Seat 3: McPartiZano folded before Flop (didn't bet)
Seat 4: the game33 (button) folded before Flop (didn't bet)
Seat 5: Dorex2007 (small blind) folded before Flop
Seat 7: YuriDitz (big blind) folded before Flop
Seat 8: giboson folded before Flop (didn't bet)
Seat 9: Druzki Oleg collected ($0.05)



PokerStars Hand #234309500193:  Hold'em No Limit ($0.01/$0.02 USD) - 2022/02/22 17:59:36 PT [2022/02/22 20:59:36 ET]
Table 'Atala VI' 9-max Seat #5 is the button
Seat 1: Blake45645 ($5.47 in chips) 
Seat 2: dlolo30 ($1.82 in chips) 
Seat 3: McPartiZano ($2.03 in chips) 
Seat 4: the game33 ($0.47 in chips) 
Seat 5: Dorex2007 ($3.85 in chips) 
Seat 7: YuriDitz ($11.45 in chips) 
Seat 8: giboson ($0.95 in chips) 
Seat 9: Druzki Oleg ($3.68 in chips) 
YuriDitz: posts small blind $0.01
giboson: posts big blind $0.02
*** HOLE CARDS ***
Dealt to Dorex2007 [3c Kd]
Druzki Oleg: folds 
Blake45645: folds 
Ramkha leaves the table
dlolo30: folds 
McPartiZano: raises $0.04 to $0.06
the game33: folds 
Dorex2007: folds 
YuriDitz: calls $0.05
Druzki Oleg said, "i3vini jurka"
digosilva78 joins the table at seat #6 
giboson: calls $0.04
*** FLOP *** [8h 2d 2h]
YuriDitz: checks 
Druzki Oleg said, "ra303lilsa ya"
giboson: checks 
McPartiZano: checks 
*** TURN *** [8h 2d 2h] [Ac]
Druzki Oleg said, "sam debil"
YuriDitz: bets $0.16
giboson: folds 
McPartiZano: calls $0.16
*** RIVER *** [8h 2d 2h Ac] [Td]
YuriDitz: checks 
McPartiZano: bets $0.32
YuriDitz: calls $0.32
*** SHOW DOWN ***
McPartiZano: shows [As Ts] (two pair, Aces and Tens)
YuriDitz: mucks hand 
Druzki Oleg said, "uda4i... bro"
McPartiZano collected $1.10 from pot
*** SUMMARY ***
Total pot $1.14 | Rake $0.04 
Board [8h 2d 2h Ac Td]
Seat 1: Blake45645 folded before Flop (didn't bet)
Seat 2: dlolo30 folded before Flop (didn't bet)
Seat 3: McPartiZano showed [As Ts] and won ($1.10) with two pair, Aces and Tens
Seat 4: the game33 folded before Flop (didn't bet)
Seat 5: Dorex2007 (button) folded before Flop (didn't bet)
Seat 7: YuriDitz (small blind) mucked [Ad 9c]
Seat 8: giboson (big blind) folded on the Turn
Seat 9: Druzki Oleg folded before Flop (didn't bet)



PokerStars Hand #234309523641:  Hold'em No Limit ($0.01/$0.02 USD) - 2022/02/22 18:00:48 PT [2022/02/22 21:00:48 ET]
Table 'Atala VI' 9-max Seat #7 is the button
Seat 1: Blake45645 ($5.47 in chips) 
Seat 2: dlolo30 ($1.82 in chips) 
Seat 3: McPartiZano ($2.59 in chips) 
Seat 4: the game33 ($0.47 in chips) 
Seat 5: Dorex2007 ($3.85 in chips) 
Seat 6: digosilva78 ($2 in chips) 
Seat 7: YuriDitz ($10.91 in chips) 
Seat 8: giboson ($0.89 in chips) 
Seat 9: Druzki Oleg ($3.68 in chips) 
giboson: posts small blind $0.01
Druzki Oleg: posts big blind $0.02
digosilva78: posts big blind $0.02
*** HOLE CARDS ***
Dealt to Dorex2007 [7d 2c]
Blake45645: folds 
dlolo30: folds 
McPartiZano: raises $0.04 to $0.06
the game33: folds 
the game33 leaves the table
Dorex2007: folds 
digosilva78: calls $0.04
YuriDitz: folds 
giboson: raises $0.14 to $0.20
Druzki Oleg: folds 
McPartiZano: folds 
digosilva78: calls $0.14
*** FLOP *** [3h 2d Jh]
giboson: checks 
digosilva78: checks 
*** TURN *** [3h 2d Jh] [3d]
giboson: bets $0.36
digosilva78: raises $1.44 to $1.80 and is all-in
giboson: calls $0.33 and is all-in
Uncalled bet ($1.11) returned to digosilva78
*** RIVER *** [3h 2d Jh 3d] [Kh]
*** SHOW DOWN ***
giboson: shows [Ac Jc] (two pair, Jacks and Threes)
digosilva78: shows [Ah 5h] (a flush, Ace high)
digosilva78 collected $1.79 from pot
*** SUMMARY ***
Total pot $1.86 | Rake $0.07 
Board [3h 2d Jh 3d Kh]
Seat 1: Blake45645 folded before Flop (didn't bet)
Seat 2: dlolo30 folded before Flop (didn't bet)
Seat 3: McPartiZano folded before Flop
Seat 4: the game33 folded before Flop (didn't bet)
Seat 5: Dorex2007 folded before Flop (didn't bet)
Seat 6: digosilva78 showed [Ah 5h] and won ($1.79) with a flush, Ace high
Seat 7: YuriDitz (button) folded before Flop (didn't bet)
Seat 8: giboson (small blind) showed [Ac Jc] and lost with two pair, Jacks and Threes
Seat 9: Druzki Oleg (big blind) folded before Flop



PokerStars Hand #234309537479:  Hold'em No Limit ($0.01/$0.02 USD) - 2022/02/22 18:01:44 PT [2022/02/22 21:01:44 ET]
Table 'Atala VI' 9-max Seat #9 is the button
Seat 1: Blake45645 ($5.47 in chips) 
Seat 2: dlolo30 ($1.82 in chips) 
Seat 3: McPartiZano ($2.53 in chips) 
Seat 5: Dorex2007 ($3.85 in chips) 
Seat 6: digosilva78 ($2.90 in chips) 
Seat 7: YuriDitz ($10.91 in chips) 
Seat 9: Druzki Oleg ($3.66 in chips) 
Blake45645: posts small blind $0.01
dlolo30: posts big blind $0.02
*** HOLE CARDS ***
Dealt to Dorex2007 [6d 4c]
McPartiZano: folds 
Dorex2007: folds 
giboson leaves the table
digosilva78: folds 
YuriDitz: folds 
Druzki Oleg: folds 
Blake45645: folds 
Uncalled bet ($0.01) returned to dlolo30
dlolo30 collected $0.02 from pot
*** SUMMARY ***
Total pot $0.02 | Rake $0 
Seat 1: Blake45645 (small blind) folded before Flop
Seat 2: dlolo30 (big blind) collected ($0.02)
Seat 3: McPartiZano folded before Flop (didn't bet)
Seat 5: Dorex2007 folded before Flop (didn't bet)
Seat 6: digosilva78 folded before Flop (didn't bet)
Seat 7: YuriDitz folded before Flop (didn't bet)
Seat 9: Druzki Oleg (button) folded before Flop (didn't bet)



PokerStars Hand #234309541482:  Hold'em No Limit ($0.01/$0.02 USD) - 2022/02/22 18:02:00 PT [2022/02/22 21:02:00 ET]
Table 'Atala VI' 9-max Seat #1 is the button
Seat 1: Blake45645 ($5.46 in chips) 
Seat 2: dlolo30 ($1.83 in chips) 
Seat 3: McPartiZano ($2.53 in chips) 
Seat 5: Dorex2007 ($3.85 in chips) 
Seat 6: digosilva78 ($2.90 in chips) 
Seat 7: YuriDitz ($10.91 in chips) 
Seat 9: Druzki Oleg ($3.66 in chips) 
dlolo30: posts small blind $0.01
McPartiZano: posts big blind $0.02
*** HOLE CARDS ***
Dealt to Dorex2007 [3c 6s]
Dorex2007: folds 
digosilva78: folds 
YuriDitz: folds 
aliggat joins the table at seat #8 
Druzki Oleg: folds 
Blake45645: folds 
dlolo30: raises $0.08 to $0.10
nomis1959 joins the table at seat #4 
McPartiZano: calls $0.08
*** FLOP *** [Ts 3d 9c]
dlolo30: bets $0.14
McPartiZano: calls $0.14
*** TURN *** [Ts 3d 9c] [Th]
dlolo30: bets $0.23
McPartiZano: raises $0.35 to $0.58
dlolo30: calls $0.35
*** RIVER *** [Ts 3d 9c Th] [Ah]
dlolo30: checks 
McPartiZano: checks 
*** SHOW DOWN ***
dlolo30: shows [Jd Jc] (two pair, Jacks and Tens)
McPartiZano: mucks hand 
dlolo30 collected $1.58 from pot
*** SUMMARY ***
Total pot $1.64 | Rake $0.06 
Board [Ts 3d 9c Th Ah]
Seat 1: Blake45645 (button) folded before Flop (didn't bet)
Seat 2: dlolo30 (small blind) showed [Jd Jc] and won ($1.58) with two pair, Jacks and Tens
Seat 3: McPartiZano (big blind) mucked [6h 7h]
Seat 5: Dorex2007 folded before Flop (didn't bet)
Seat 6: digosilva78 folded before Flop (didn't bet)
Seat 7: YuriDitz folded before Flop (didn't bet)
Seat 9: Druzki Oleg folded before Flop (didn't bet)



PokerStars Hand #234309555092:  Hold'em No Limit ($0.01/$0.02 USD) - 2022/02/22 18:02:54 PT [2022/02/22 21:02:54 ET]
Table 'Atala VI' 9-max Seat #2 is the button
Seat 1: Blake45645 ($5.46 in chips) 
Seat 2: dlolo30 ($2.59 in chips) 
Seat 3: McPartiZano ($2 in chips) 
Seat 4: nomis1959 ($1 in chips) 
Seat 5: Dorex2007 ($3.85 in chips) 
Seat 6: digosilva78 ($2.90 in chips) 
Seat 7: YuriDitz ($10.91 in chips) 
Seat 9: Druzki Oleg ($3.66 in chips) 
McPartiZano: posts small blind $0.01
nomis1959: posts big blind $0.02
aliggat: sits out 
*** HOLE CARDS ***
Dealt to Dorex2007 [7c As]
Dorex2007: folds 
digosilva78: folds 
YuriDitz: folds 
Druzki Oleg: folds 
Blake45645: folds 
dlolo30: folds 
McPartiZano: folds 
Uncalled bet ($0.01) returned to nomis1959
nomis1959 collected $0.02 from pot
*** SUMMARY ***
Total pot $0.02 | Rake $0 
Seat 1: Blake45645 folded before Flop (didn't bet)
Seat 2: dlolo30 (button) folded before Flop (didn't bet)
Seat 3: McPartiZano (small blind) folded before Flop
Seat 4: nomis1959 (big blind) collected ($0.02)
Seat 5: Dorex2007 folded before Flop (didn't bet)
Seat 6: digosilva78 folded before Flop (didn't bet)
Seat 7: YuriDitz folded before Flop (didn't bet)
Seat 9: Druzki Oleg folded before Flop (didn't bet)



PokerStars Hand #234309559781:  Hold'em No Limit ($0.01/$0.02 USD) - 2022/02/22 18:03:12 PT [2022/02/22 21:03:12 ET]
Table 'Atala VI' 9-max Seat #3 is the button
Seat 1: Blake45645 ($5.46 in chips) 
Seat 2: dlolo30 ($2.59 in chips) 
Seat 3: McPartiZano ($2 in chips) 
Seat 4: nomis1959 ($1.01 in chips) 
Seat 5: Dorex2007 ($3.85 in chips) 
Seat 6: digosilva78 ($2.90 in chips) 
Seat 7: YuriDitz ($10.91 in chips) 
Seat 9: Druzki Oleg ($3.66 in chips) 
nomis1959: posts small blind $0.01
Dorex2007: posts big blind $0.02
aliggat: sits out 
*** HOLE CARDS ***
Dealt to Dorex2007 [9s 7h]
digosilva78 has timed out
digosilva78: folds 
YuriDitz: calls $0.02
Druzki Oleg: folds 
Blake45645: folds 
dlolo30: folds 
McPartiZano: folds 
digosilva78 leaves the table
nomis1959: calls $0.01
Dorex2007: checks 
*** FLOP *** [Qd 4d Js]
nomis1959: bets $0.02
Dorex2007: folds 
YuriDitz: folds 
Uncalled bet ($0.02) returned to nomis1959
nomis1959 collected $0.06 from pot
*** SUMMARY ***
Total pot $0.06 | Rake $0 
Board [Qd 4d Js]
Seat 1: Blake45645 folded before Flop (didn't bet)
Seat 2: dlolo30 folded before Flop (didn't bet)
Seat 3: McPartiZano (button) folded before Flop (didn't bet)
Seat 4: nomis1959 (small blind) collected ($0.06)
Seat 5: Dorex2007 (big blind) folded on the Flop
Seat 6: digosilva78 folded before Flop (didn't bet)
Seat 7: YuriDitz folded on the Flop
Seat 9: Druzki Oleg folded before Flop (didn't bet)



PokerStars Hand #234309567549:  Hold'em No Limit ($0.01/$0.02 USD) - 2022/02/22 18:03:43 PT [2022/02/22 21:03:43 ET]
Table 'Atala VI' 9-max Seat #4 is the button
Seat 1: Blake45645 ($5.46 in chips) 
Seat 2: dlolo30 ($2.59 in chips) 
Seat 3: McPartiZano ($2 in chips) 
Seat 4: nomis1959 ($1.05 in chips) 
Seat 5: Dorex2007 ($3.83 in chips) 
Seat 7: YuriDitz ($10.89 in chips) 
Seat 9: Druzki Oleg ($3.66 in chips) 
iNteldrive joins the table at seat #6 
Dorex2007: posts small blind $0.01
YuriDitz: posts big blind $0.02
aliggat: sits out 
*** HOLE CARDS ***
Dealt to Dorex2007 [5h 6c]
Druzki Oleg: folds 
Blake45645: folds 
dlolo30 has timed out
dlolo30: folds 
McPartiZano: folds 
nomis1959: calls $0.02
Dorex2007: calls $0.01
YuriDitz: checks 
*** FLOP *** [9s Tc 9d]
Dorex2007: checks 
YuriDitz: checks 
nomis1959: bets $0.02
Dorex2007: folds 
YuriDitz: folds 
Uncalled bet ($0.02) returned to nomis1959
nomis1959 collected $0.06 from pot
*** SUMMARY ***
Total pot $0.06 | Rake $0 
Board [9s Tc 9d]
Seat 1: Blake45645 folded before Flop (didn't bet)
Seat 2: dlolo30 folded before Flop (didn't bet)
Seat 3: McPartiZano folded before Flop (didn't bet)
Seat 4: nomis1959 (button) collected ($0.06)
Seat 5: Dorex2007 (small blind) folded on the Flop
Seat 7: YuriDitz (big blind) folded on the Flop
Seat 9: Druzki Oleg folded before Flop (didn't bet)



PokerStars Hand #234309576911:  Hold'em No Limit ($0.01/$0.02 USD) - 2022/02/22 18:04:19 PT [2022/02/22 21:04:19 ET]
Table 'Atala VI' 9-max Seat #5 is the button
Seat 1: Blake45645 ($5.46 in chips) 
Seat 2: dlolo30 ($2.59 in chips) 
Seat 3: McPartiZano ($2 in chips) 
Seat 4: nomis1959 ($1.09 in chips) 
Seat 5: Dorex2007 ($3.81 in chips) 
Seat 7: YuriDitz ($10.87 in chips) 
Seat 8: aliggat ($1 in chips) 
Seat 9: Druzki Oleg ($3.66 in chips) 
YuriDitz: posts small blind $0.01
aliggat: posts big blind $0.02
*** HOLE CARDS ***
Dealt to Dorex2007 [7s 3d]
Druzki Oleg: folds 
Blake45645: raises $0.05 to $0.07
dlolo30: folds 
McPartiZano: calls $0.07
nomis1959: folds 
Dorex2007: folds 
YuriDitz: folds 
aliggat: calls $0.05
*** FLOP *** [Kc 8s 7h]
aliggat: checks 
Blake45645: checks 
McPartiZano: bets $0.14
aliggat: folds 
Blake45645: calls $0.14
*** TURN *** [Kc 8s 7h] [5c]
Blake45645: checks 
McPartiZano: checks 
*** RIVER *** [Kc 8s 7h 5c] [Qs]
Blake45645: checks 
McPartiZano: bets $0.24
Blake45645: folds 
Uncalled bet ($0.24) returned to McPartiZano
McPartiZano collected $0.48 from pot
McPartiZano: doesn't show hand 
*** SUMMARY ***
Total pot $0.50 | Rake $0.02 
Board [Kc 8s 7h 5c Qs]
Seat 1: Blake45645 folded on the River
Seat 2: dlolo30 folded before Flop (didn't bet)
Seat 3: McPartiZano collected ($0.48)
Seat 4: nomis1959 folded before Flop (didn't bet)
Seat 5: Dorex2007 (button) folded before Flop (didn't bet)
Seat 7: YuriDitz (small blind) folded before Flop
Seat 8: aliggat (big blind) folded on the Flop
Seat 9: Druzki Oleg folded before Flop (didn't bet)



PokerStars Hand #234309588971:  Hold'em No Limit ($0.01/$0.02 USD) - 2022/02/22 18:05:07 PT [2022/02/22 21:05:07 ET]
Table 'Atala VI' 9-max Seat #7 is the button
Seat 1: Blake45645 ($5.25 in chips) 
Seat 2: dlolo30 ($2.59 in chips) 
Seat 3: McPartiZano ($2.27 in chips) 
Seat 4: nomis1959 ($1.09 in chips) 
Seat 5: Dorex2007 ($3.81 in chips) 
Seat 6: iNteldrive ($2 in chips) 
Seat 7: YuriDitz ($10.86 in chips) 
Seat 8: aliggat ($0.93 in chips) 
Seat 9: Druzki Oleg ($3.66 in chips) 
aliggat: posts small blind $0.01
Druzki Oleg: posts big blind $0.02
iNteldrive: posts big blind $0.02
*** HOLE CARDS ***
Dealt to Dorex2007 [Js 6h]
Blake45645: folds 
dlolo30: folds 
McPartiZano: folds 
nomis1959: folds 
Dorex2007: folds 
iNteldrive: raises $0.06 to $0.08
YuriDitz: folds 
aliggat: folds 
Druzki Oleg: folds 
Uncalled bet ($0.06) returned to iNteldrive
iNteldrive collected $0.05 from pot
*** SUMMARY ***
Total pot $0.05 | Rake $0 
Seat 1: Blake45645 folded before Flop (didn't bet)
Seat 2: dlolo30 folded before Flop (didn't bet)
Seat 3: McPartiZano folded before Flop (didn't bet)
Seat 4: nomis1959 folded before Flop (didn't bet)
Seat 5: Dorex2007 folded before Flop (didn't bet)
Seat 6: iNteldrive collected ($0.05)
Seat 7: YuriDitz (button) folded before Flop (didn't bet)
Seat 8: aliggat (small blind) folded before Flop
Seat 9: Druzki Oleg (big blind) folded before Flop



PokerStars Hand #234309613554:  Hold'em No Limit ($0.01/$0.02 USD) - 2022/02/22 18:05:37 PT [2022/02/22 21:05:37 ET]
Table 'Atala VI' 9-max Seat #8 is the button
Seat 1: Blake45645 ($5.25 in chips) 
Seat 2: dlolo30 ($2.59 in chips) 
Seat 3: McPartiZano ($2.27 in chips) 
Seat 4: nomis1959 ($1.09 in chips) 
Seat 5: Dorex2007 ($3.81 in chips) 
Seat 6: iNteldrive ($2.03 in chips) 
Seat 7: YuriDitz ($10.86 in chips) 
Seat 8: aliggat ($0.92 in chips) 
Seat 9: Druzki Oleg ($3.64 in chips) 
Druzki Oleg: posts small blind $0.01
Blake45645: posts big blind $0.02
*** HOLE CARDS ***
Dealt to Dorex2007 [4d 5d]
dlolo30: folds 
McPartiZano: folds 
nomis1959: raises $0.04 to $0.06
Dorex2007: folds 
iNteldrive: folds 
YuriDitz: folds 
aliggat: folds 
Druzki Oleg: folds 
Blake45645: raises $0.13 to $0.19
nomis1959: raises $0.90 to $1.09 and is all-in
Blake45645: calls $0.90
*** FLOP *** [Kc Kh Ac]
*** TURN *** [Kc Kh Ac] [7h]
*** RIVER *** [Kc Kh Ac 7h] [Jh]
*** SHOW DOWN ***
Blake45645: shows [Ah Ad] (a full house, Aces full of Kings)
nomis1959: shows [Qd Qc] (two pair, Kings and Queens)
Blake45645 collected $2.11 from pot
nomis1959 cashed out the hand for $0.38
*** SUMMARY ***
Total pot $2.19 | Rake $0.08 
Board [Kc Kh Ac 7h Jh]
Seat 1: Blake45645 (big blind) showed [Ah Ad] and won ($2.11) with a full house, Aces full of Kings
Seat 2: dlolo30 folded before Flop (didn't bet)
Seat 3: McPartiZano folded before Flop (didn't bet)
Seat 4: nomis1959 showed [Qd Qc] and lost with two pair, Kings and Queens (cashed out).
Seat 5: Dorex2007 folded before Flop (didn't bet)
Seat 6: iNteldrive folded before Flop (didn't bet)
Seat 7: YuriDitz folded before Flop (didn't bet)
Seat 8: aliggat (button) folded before Flop (didn't bet)
Seat 9: Druzki Oleg (small blind) folded before Flop



PokerStars Hand #234309623988:  Hold'em No Limit ($0.01/$0.02 USD) - 2022/02/22 18:06:18 PT [2022/02/22 21:06:18 ET]
Table 'Atala VI' 9-max Seat #9 is the button
Seat 1: Blake45645 ($6.27 in chips) 
Seat 2: dlolo30 ($2.59 in chips) 
Seat 3: McPartiZano ($2.27 in chips) 
Seat 4: nomis1959 ($0.38 in chips) 
Seat 5: Dorex2007 ($3.81 in chips) 
Seat 6: iNteldrive ($2.03 in chips) 
Seat 7: YuriDitz ($10.86 in chips) 
Seat 8: aliggat ($0.92 in chips) 
Seat 9: Druzki Oleg ($3.63 in chips) 
Blake45645: posts small blind $0.01
dlolo30: posts big blind $0.02
*** HOLE CARDS ***
Dealt to Dorex2007 [4d 3d]
McPartiZano: folds 
nomis1959: folds 
Dorex2007: folds 
iNteldrive: folds 
YuriDitz: folds 
aliggat: folds 
Druzki Oleg: raises $0.05 to $0.07
Blake45645: folds 
dlolo30: folds 
Uncalled bet ($0.05) returned to Druzki Oleg
Druzki Oleg collected $0.05 from pot
*** SUMMARY ***
Total pot $0.05 | Rake $0 
Seat 1: Blake45645 (small blind) folded before Flop
Seat 2: dlolo30 (big blind) folded before Flop
Seat 3: McPartiZano folded before Flop (didn't bet)
Seat 4: nomis1959 folded before Flop (didn't bet)
Seat 5: Dorex2007 folded before Flop (didn't bet)
Seat 6: iNteldrive folded before Flop (didn't bet)
Seat 7: YuriDitz folded before Flop (didn't bet)
Seat 8: aliggat folded before Flop (didn't bet)
Seat 9: Druzki Oleg (button) collected ($0.05)



PokerStars Hand #234309630085:  Hold'em No Limit ($0.01/$0.02 USD) - 2022/02/22 18:06:42 PT [2022/02/22 21:06:42 ET]
Table 'Atala VI' 9-max Seat #1 is the button
Seat 1: Blake45645 ($6.26 in chips) 
Seat 2: dlolo30 ($2.57 in chips) 
Seat 3: McPartiZano ($2.27 in chips) 
Seat 4: nomis1959 ($1.38 in chips) 
Seat 5: Dorex2007 ($3.81 in chips) 
Seat 6: iNteldrive ($2.03 in chips) 
Seat 7: YuriDitz ($10.86 in chips) 
Seat 8: aliggat ($0.92 in chips) 
Seat 9: Druzki Oleg ($3.66 in chips) 
dlolo30: posts small blind $0.01
McPartiZano: posts big blind $0.02
*** HOLE CARDS ***
Dealt to Dorex2007 [Qd 7d]
nomis1959: folds 
Dorex2007: folds 
iNteldrive: raises $0.04 to $0.06
YuriDitz: raises $0.08 to $0.14
aliggat: folds 
Druzki Oleg: folds 
Blake45645: folds 
dlolo30: folds 
McPartiZano: folds 
iNteldrive: raises $1.89 to $2.03 and is all-in
YuriDitz: folds 
Uncalled bet ($1.89) returned to iNteldrive
iNteldrive collected $0.31 from pot
*** SUMMARY ***
Total pot $0.31 | Rake $0 
Seat 1: Blake45645 (button) folded before Flop (didn't bet)
Seat 2: dlolo30 (small blind) folded before Flop
Seat 3: McPartiZano (big blind) folded before Flop
Seat 4: nomis1959 folded before Flop (didn't bet)
Seat 5: Dorex2007 folded before Flop (didn't bet)
Seat 6: iNteldrive collected ($0.31)
Seat 7: YuriDitz folded before Flop
Seat 8: aliggat folded before Flop (didn't bet)
Seat 9: Druzki Oleg folded before Flop (didn't bet)



PokerStars Hand #234309640970:  Hold'em No Limit ($0.01/$0.02 USD) - 2022/02/22 18:07:25 PT [2022/02/22 21:07:25 ET]
Table 'Atala VI' 9-max Seat #2 is the button
Seat 1: Blake45645 ($6.26 in chips) 
Seat 2: dlolo30 ($2.56 in chips) 
Seat 3: McPartiZano ($2.25 in chips) 
Seat 4: nomis1959 ($1.38 in chips) 
Seat 5: Dorex2007 ($3.81 in chips) 
Seat 6: iNteldrive ($2.20 in chips) 
Seat 7: YuriDitz ($10.72 in chips) 
Seat 8: aliggat ($0.92 in chips) 
Seat 9: Druzki Oleg ($3.66 in chips) 
McPartiZano: posts small blind $0.01
nomis1959: posts big blind $0.02
*** HOLE CARDS ***
Dealt to Dorex2007 [Tc 2d]
Dorex2007: folds 
iNteldrive: folds 
YuriDitz: folds 
aliggat: calls $0.02
Druzki Oleg: folds 
Blake45645: folds 
dlolo30: calls $0.02
YuriDitz said, "What do you have?"
McPartiZano: calls $0.01
nomis1959: checks 
*** FLOP *** [Kh 9c Qs]
iNteldrive said, "AK"
McPartiZano: checks 
nomis1959: bets $0.04
aliggat: folds 
dlolo30: folds 
McPartiZano: calls $0.04
*** TURN *** [Kh 9c Qs] [5d]
YuriDitz said, "Thanks "
McPartiZano: checks 
nomis1959: bets $0.08
iNteldrive said, "its fine"
McPartiZano: folds 
Uncalled bet ($0.08) returned to nomis1959
nomis1959 collected $0.15 from pot
*** SUMMARY ***
Total pot $0.16 | Rake $0.01 
Board [Kh 9c Qs 5d]
Seat 1: Blake45645 folded before Flop (didn't bet)
Seat 2: dlolo30 (button) folded on the Flop
Seat 3: McPartiZano (small blind) folded on the Turn
Seat 4: nomis1959 (big blind) collected ($0.15)
Seat 5: Dorex2007 folded before Flop (didn't bet)
Seat 6: iNteldrive folded before Flop (didn't bet)
Seat 7: YuriDitz folded before Flop (didn't bet)
Seat 8: aliggat folded on the Flop
Seat 9: Druzki Oleg folded before Flop (didn't bet)



PokerStars Hand #234309653274:  Hold'em No Limit ($0.01/$0.02 USD) - 2022/02/22 18:08:14 PT [2022/02/22 21:08:14 ET]
Table 'Atala VI' 9-max Seat #3 is the button
Seat 1: Blake45645 ($6.26 in chips) 
Seat 2: dlolo30 ($2.54 in chips) 
Seat 3: McPartiZano ($2.19 in chips) 
Seat 4: nomis1959 ($1.47 in chips) 
Seat 5: Dorex2007 ($3.81 in chips) 
Seat 6: iNteldrive ($2.20 in chips) 
Seat 7: YuriDitz ($10.72 in chips) 
Seat 8: aliggat ($0.90 in chips) 
Seat 9: Druzki Oleg ($3.66 in chips) 
nomis1959: posts small blind $0.01
iNteldrive said, "your max JJ"
Dorex2007: posts big blind $0.02
*** HOLE CARDS ***
Dealt to Dorex2007 [8d 9d]
YuriDitz said, "I have AJ"
iNteldrive said, "hand"
iNteldrive said, "yea"
iNteldrive: folds 
YuriDitz: folds 
aliggat: folds 
Druzki Oleg: folds 
Blake45645: folds 
dlolo30: folds 
McPartiZano: folds 
nomis1959: calls $0.01
Dorex2007: checks 
*** FLOP *** [6c Ts 8s]
nomis1959: bets $0.02
Dorex2007: calls $0.02
*** TURN *** [6c Ts 8s] [Jc]
nomis1959: checks 
Dorex2007: checks 
*** RIVER *** [6c Ts 8s Jc] [Js]
nomis1959: checks 
Dorex2007: bets $0.05
nomis1959: folds [6s]
Uncalled bet ($0.05) returned to Dorex2007
Dorex2007 collected $0.08 from pot
Dorex2007: doesn't show hand 
*** SUMMARY ***
Total pot $0.08 | Rake $0 
Board [6c Ts 8s Jc Js]
Seat 1: Blake45645 folded before Flop (didn't bet)
Seat 2: dlolo30 folded before Flop (didn't bet)
Seat 3: McPartiZano (button) folded before Flop (didn't bet)
Seat 4: nomis1959 (small blind) folded on the River
Seat 5: Dorex2007 (big blind) collected ($0.08)
Seat 6: iNteldrive folded before Flop (didn't bet)
Seat 7: YuriDitz folded before Flop (didn't bet)
Seat 8: aliggat folded before Flop (didn't bet)
Seat 9: Druzki Oleg folded before Flop (didn't bet)



PokerStars Hand #234309670784:  Hold'em No Limit ($0.01/$0.02 USD) - 2022/02/22 18:09:24 PT [2022/02/22 21:09:24 ET]
Table 'Atala VI' 9-max Seat #4 is the button
Seat 1: Blake45645 ($6.26 in chips) 
Seat 2: dlolo30 ($2.54 in chips) 
Seat 3: McPartiZano ($2.19 in chips) 
Seat 4: nomis1959 ($1.43 in chips) 
Seat 5: Dorex2007 ($3.85 in chips) 
Seat 6: iNteldrive ($2.20 in chips) 
Seat 7: YuriDitz ($10.72 in chips) 
Seat 8: aliggat ($0.90 in chips) 
Seat 9: Druzki Oleg ($3.66 in chips) 
Dorex2007: posts small blind $0.01
iNteldrive: posts big blind $0.02
*** HOLE CARDS ***
Dealt to Dorex2007 [8d 3h]
YuriDitz: raises $0.04 to $0.06
aliggat: folds 
Druzki Oleg: calls $0.06
Blake45645: folds 
dlolo30: folds 
McPartiZano: folds 
nomis1959: raises $0.21 to $0.27
Dorex2007: folds 
iNteldrive: folds 
YuriDitz: calls $0.21
Druzki Oleg: calls $0.21
*** FLOP *** [5h 3d 7s]
YuriDitz: bets $1.04
Druzki Oleg: calls $1.04
nomis1959: folds 
*** TURN *** [5h 3d 7s] [Ah]
YuriDitz: bets $1.86
Druzki Oleg: folds 
Uncalled bet ($1.86) returned to YuriDitz
YuriDitz collected $2.82 from pot
YuriDitz: doesn't show hand 
*** SUMMARY ***
Total pot $2.92 | Rake $0.10 
Board [5h 3d 7s Ah]
Seat 1: Blake45645 folded before Flop (didn't bet)
Seat 2: dlolo30 folded before Flop (didn't bet)
Seat 3: McPartiZano folded before Flop (didn't bet)
Seat 4: nomis1959 (button) folded on the Flop
Seat 5: Dorex2007 (small blind) folded before Flop
Seat 6: iNteldrive (big blind) folded before Flop
Seat 7: YuriDitz collected ($2.82)
Seat 8: aliggat folded before Flop (didn't bet)
Seat 9: Druzki Oleg folded on the Turn



PokerStars Hand #234309686656:  Hold'em No Limit ($0.01/$0.02 USD) - 2022/02/22 18:10:28 PT [2022/02/22 21:10:28 ET]
Table 'Atala VI' 9-max Seat #5 is the button
Seat 1: Blake45645 ($6.26 in chips) 
Seat 2: dlolo30 ($2.54 in chips) 
Seat 3: McPartiZano ($2.19 in chips) 
Seat 4: nomis1959 ($1.16 in chips) 
Seat 5: Dorex2007 ($3.84 in chips) 
Seat 6: iNteldrive ($2.18 in chips) 
Seat 7: YuriDitz ($12.23 in chips) 
Seat 8: aliggat ($0.90 in chips) 
Seat 9: Druzki Oleg ($2.35 in chips) 
iNteldrive: posts small blind $0.01
YuriDitz: posts big blind $0.02
*** HOLE CARDS ***
Dealt to Dorex2007 [8h 5s]
aliggat: calls $0.02
Druzki Oleg: folds 
Blake45645: raises $0.07 to $0.09
dlolo30: folds 
McPartiZano: folds 
nomis1959: folds 
Dorex2007: folds 
iNteldrive: folds 
YuriDitz: folds 
aliggat: calls $0.07
*** FLOP *** [5d 9c 7h]
aliggat: checks 
Blake45645: checks 
*** TURN *** [5d 9c 7h] [Jc]
aliggat: checks 
Blake45645: bets $0.10
aliggat: calls $0.10
*** RIVER *** [5d 9c 7h Jc] [6c]
aliggat: checks 
Blake45645: checks 
*** SHOW DOWN ***
aliggat: shows [Tc Td] (a pair of Tens)
Blake45645: shows [Jd As] (a pair of Jacks)
Blake45645 collected $0.40 from pot
*** SUMMARY ***
Total pot $0.41 | Rake $0.01 
Board [5d 9c 7h Jc 6c]
Seat 1: Blake45645 showed [Jd As] and won ($0.40) with a pair of Jacks
Seat 2: dlolo30 folded before Flop (didn't bet)
Seat 3: McPartiZano folded before Flop (didn't bet)
Seat 4: nomis1959 folded before Flop (didn't bet)
Seat 5: Dorex2007 (button) folded before Flop (didn't bet)
Seat 6: iNteldrive (small blind) folded before Flop
Seat 7: YuriDitz (big blind) folded before Flop
Seat 8: aliggat showed [Tc Td] and lost with a pair of Tens
Seat 9: Druzki Oleg folded before Flop (didn't bet)



PokerStars Hand #234309695298:  Hold'em No Limit ($0.01/$0.02 USD) - 2022/02/22 18:11:02 PT [2022/02/22 21:11:02 ET]
Table 'Atala VI' 9-max Seat #6 is the button
Seat 1: Blake45645 ($6.47 in chips) 
Seat 2: dlolo30 ($2.54 in chips) 
Seat 3: McPartiZano ($2.19 in chips) 
Seat 4: nomis1959 ($1.16 in chips) 
Seat 5: Dorex2007 ($3.84 in chips) 
Seat 6: iNteldrive ($2.17 in chips) 
Seat 7: YuriDitz ($12.21 in chips) 
Seat 8: aliggat ($0.71 in chips) 
Seat 9: Druzki Oleg ($2.35 in chips) 
YuriDitz: posts small blind $0.01
aliggat: posts big blind $0.02
*** HOLE CARDS ***
Dealt to Dorex2007 [Ad Jh]
Druzki Oleg has timed out
Druzki Oleg: folds 
Blake45645: folds 
dlolo30: folds 
McPartiZano: folds 
nomis1959: calls $0.02
Dorex2007: calls $0.02
iNteldrive: folds 
YuriDitz: calls $0.01
aliggat: checks 
*** FLOP *** [Jd 9h 2s]
YuriDitz: bets $0.04
aliggat: calls $0.04
nomis1959: calls $0.04
Dorex2007: raises $0.16 to $0.20
YuriDitz: raises $0.24 to $0.44
aliggat: folds 
nomis1959: folds 
Dorex2007: calls $0.24
*** TURN *** [Jd 9h 2s] [Qd]
YuriDitz: bets $0.74
Dorex2007: calls $0.74
*** RIVER *** [Jd 9h 2s Qd] [8c]
YuriDitz: checks 
Dorex2007: checks 
*** SHOW DOWN ***
YuriDitz: shows [2d 2c] (three of a kind, Deuces)
Dorex2007: mucks hand 
YuriDitz collected $2.43 from pot
*** SUMMARY ***
Total pot $2.52 | Rake $0.09 
Board [Jd 9h 2s Qd 8c]
Seat 1: Blake45645 folded before Flop (didn't bet)
Seat 2: dlolo30 folded before Flop (didn't bet)
Seat 3: McPartiZano folded before Flop (didn't bet)
Seat 4: nomis1959 folded on the Flop
Seat 5: Dorex2007 mucked [Ad Jh]
Seat 6: iNteldrive (button) folded before Flop (didn't bet)
Seat 7: YuriDitz (small blind) showed [2d 2c] and won ($2.43) with three of a kind, Deuces
Seat 8: aliggat (big blind) folded on the Flop
Seat 9: Druzki Oleg folded before Flop (didn't bet)



PokerStars Hand #234309716357:  Hold'em No Limit ($0.01/$0.02 USD) - 2022/02/22 18:12:27 PT [2022/02/22 21:12:27 ET]
Table 'Atala VI' 9-max Seat #7 is the button
Seat 1: Blake45645 ($6.47 in chips) 
Seat 2: dlolo30 ($2.54 in chips) 
Seat 3: McPartiZano ($2.19 in chips) 
Seat 4: nomis1959 ($1.10 in chips) 
Seat 5: Dorex2007 ($2.64 in chips) 
Seat 6: iNteldrive ($2.17 in chips) 
Seat 7: YuriDitz ($13.44 in chips) 
Seat 8: aliggat ($0.80 in chips) 
Seat 9: Druzki Oleg ($2.35 in chips) 
aliggat: posts small blind $0.01
Druzki Oleg: posts big blind $0.02
*** HOLE CARDS ***
Dealt to Dorex2007 [8s 9c]
Blake45645: folds 
dlolo30: folds 
McPartiZano: folds 
nomis1959: folds 
Dorex2007: folds 
iNteldrive: folds 
YuriDitz: calls $0.02
aliggat: calls $0.01
Druzki Oleg: checks 
*** FLOP *** [9d 9s Td]
aliggat: checks 
Druzki Oleg: checks 
YuriDitz: checks 
*** TURN *** [9d 9s Td] [Ts]
aliggat: checks 
Druzki Oleg: checks 
YuriDitz: bets $0.04
aliggat: folds 
Druzki Oleg: raises $0.04 to $0.08
YuriDitz: calls $0.04
*** RIVER *** [9d 9s Td Ts] [Jh]
Druzki Oleg: bets $0.11
YuriDitz: calls $0.11
*** SHOW DOWN ***
Druzki Oleg: shows [9h Ks] (a full house, Nines full of Tens)
YuriDitz: mucks hand 
Druzki Oleg collected $0.42 from pot
*** SUMMARY ***
Total pot $0.44 | Rake $0.02 
Board [9d 9s Td Ts Jh]
Seat 1: Blake45645 folded before Flop (didn't bet)
Seat 2: dlolo30 folded before Flop (didn't bet)
Seat 3: McPartiZano folded before Flop (didn't bet)
Seat 4: nomis1959 folded before Flop (didn't bet)
Seat 5: Dorex2007 folded before Flop (didn't bet)
Seat 6: iNteldrive folded before Flop (didn't bet)
Seat 7: YuriDitz (button) mucked [Kc Jc]
Seat 8: aliggat (small blind) folded on the Turn
Seat 9: Druzki Oleg (big blind) showed [9h Ks] and won ($0.42) with a full house, Nines full of Tens



PokerStars Hand #234309730561:  Hold'em No Limit ($0.01/$0.02 USD) - 2022/02/22 18:13:24 PT [2022/02/22 21:13:24 ET]
Table 'Atala VI' 9-max Seat #8 is the button
Seat 1: Blake45645 ($6.47 in chips) 
Seat 2: dlolo30 ($2.54 in chips) 
Seat 3: McPartiZano ($2.19 in chips) 
Seat 4: nomis1959 ($1.10 in chips) 
Seat 5: Dorex2007 ($2.64 in chips) 
Seat 6: iNteldrive ($2.17 in chips) 
Seat 7: YuriDitz ($13.23 in chips) 
Seat 8: aliggat ($0.78 in chips) 
Seat 9: Druzki Oleg ($2.56 in chips) 
Druzki Oleg: posts small blind $0.01
Blake45645: posts big blind $0.02
*** HOLE CARDS ***
Dealt to Dorex2007 [7h 4c]
dlolo30: folds 
McPartiZano: folds 
nomis1959: calls $0.02
Dorex2007: folds 
iNteldrive: folds 
YuriDitz: folds 
aliggat: folds 
Druzki Oleg: calls $0.01
Blake45645: checks 
*** FLOP *** [4s 9d 8h]
Druzki Oleg: bets $0.06
Blake45645: folds 
nomis1959: calls $0.06
*** TURN *** [4s 9d 8h] [3c]
Druzki Oleg: bets $0.09
nomis1959: folds 
Uncalled bet ($0.09) returned to Druzki Oleg
Druzki Oleg collected $0.17 from pot
*** SUMMARY ***
Total pot $0.18 | Rake $0.01 
Board [4s 9d 8h 3c]
Seat 1: Blake45645 (big blind) folded on the Flop
Seat 2: dlolo30 folded before Flop (didn't bet)
Seat 3: McPartiZano folded before Flop (didn't bet)
Seat 4: nomis1959 folded on the Turn
Seat 5: Dorex2007 folded before Flop (didn't bet)
Seat 6: iNteldrive folded before Flop (didn't bet)
Seat 7: YuriDitz folded before Flop (didn't bet)
Seat 8: aliggat (button) folded before Flop (didn't bet)
Seat 9: Druzki Oleg (small blind) collected ($0.17)



PokerStars Hand #234309740573:  Hold'em No Limit ($0.01/$0.02 USD) - 2022/02/22 18:14:04 PT [2022/02/22 21:14:04 ET]
Table 'Atala VI' 9-max Seat #9 is the button
Seat 1: Blake45645 ($6.45 in chips) 
Seat 2: dlolo30 ($2.54 in chips) 
Seat 3: McPartiZano ($2.19 in chips) 
Seat 4: nomis1959 ($1.02 in chips) 
Seat 5: Dorex2007 ($2.64 in chips) 
Seat 6: iNteldrive ($2.17 in chips) 
Seat 7: YuriDitz ($13.23 in chips) 
Seat 8: aliggat ($0.78 in chips) 
Seat 9: Druzki Oleg ($2.65 in chips) 
Blake45645: posts small blind $0.01
dlolo30: posts big blind $0.02
*** HOLE CARDS ***
Dealt to Dorex2007 [4h 5h]
McPartiZano: raises $0.04 to $0.06
nomis1959: folds 
Dorex2007: folds 
iNteldrive: folds 
YuriDitz: folds 
aliggat: folds 
Druzki Oleg: folds 
Blake45645: folds 
dlolo30: folds 
Uncalled bet ($0.04) returned to McPartiZano
McPartiZano collected $0.05 from pot
McPartiZano: doesn't show hand 
*** SUMMARY ***
Total pot $0.05 | Rake $0 
Seat 1: Blake45645 (small blind) folded before Flop
Seat 2: dlolo30 (big blind) folded before Flop
Seat 3: McPartiZano collected ($0.05)
Seat 4: nomis1959 folded before Flop (didn't bet)
Seat 5: Dorex2007 folded before Flop (didn't bet)
Seat 6: iNteldrive folded before Flop (didn't bet)
Seat 7: YuriDitz folded before Flop (didn't bet)
Seat 8: aliggat folded before Flop (didn't bet)
Seat 9: Druzki Oleg (button) folded before Flop (didn't bet)



PokerStars Hand #234309745471:  Hold'em No Limit ($0.01/$0.02 USD) - 2022/02/22 18:14:24 PT [2022/02/22 21:14:24 ET]
Table 'Atala VI' 9-max Seat #1 is the button
Seat 1: Blake45645 ($6.44 in chips) 
Seat 2: dlolo30 ($2.52 in chips) 
Seat 3: McPartiZano ($2.22 in chips) 
Seat 4: nomis1959 ($1.02 in chips) 
Seat 5: Dorex2007 ($2.64 in chips) 
Seat 6: iNteldrive ($2.17 in chips) 
Seat 7: YuriDitz ($13.23 in chips) 
Seat 8: aliggat ($0.78 in chips) 
Seat 9: Druzki Oleg ($2.65 in chips) 
dlolo30: posts small blind $0.01
McPartiZano: posts big blind $0.02
*** HOLE CARDS ***
Dealt to Dorex2007 [4s 3h]
nomis1959: folds 
Dorex2007: folds 
iNteldrive: folds 
YuriDitz: folds 
aliggat: folds 
Druzki Oleg: raises $0.05 to $0.07
Blake45645: folds 
dlolo30: raises $0.16 to $0.23
McPartiZano: folds 
Druzki Oleg: raises $0.48 to $0.71
dlolo30: folds 
Uncalled bet ($0.48) returned to Druzki Oleg
Druzki Oleg collected $0.48 from pot
*** SUMMARY ***
Total pot $0.48 | Rake $0 
Seat 1: Blake45645 (button) folded before Flop (didn't bet)
Seat 2: dlolo30 (small blind) folded before Flop
Seat 3: McPartiZano (big blind) folded before Flop
Seat 4: nomis1959 folded before Flop (didn't bet)
Seat 5: Dorex2007 folded before Flop (didn't bet)
Seat 6: iNteldrive folded before Flop (didn't bet)
Seat 7: YuriDitz folded before Flop (didn't bet)
Seat 8: aliggat folded before Flop (didn't bet)
Seat 9: Druzki Oleg collected ($0.48)



PokerStars Hand #234309756127:  Hold'em No Limit ($0.01/$0.02 USD) - 2022/02/22 18:15:07 PT [2022/02/22 21:15:07 ET]
Table 'Atala VI' 9-max Seat #2 is the button
Seat 1: Blake45645 ($6.44 in chips) 
Seat 2: dlolo30 ($2.29 in chips) 
Seat 3: McPartiZano ($2.20 in chips) 
Seat 4: nomis1959 ($1.02 in chips) 
Seat 5: Dorex2007 ($2.64 in chips) 
Seat 6: iNteldrive ($2.17 in chips) 
Seat 7: YuriDitz ($13.23 in chips) 
Seat 8: aliggat ($0.78 in chips) 
Seat 9: Druzki Oleg ($2.90 in chips) 
McPartiZano: posts small blind $0.01
nomis1959: posts big blind $0.02
*** HOLE CARDS ***
Dealt to Dorex2007 [Th 2c]
Dorex2007: folds 
iNteldrive: folds 
YuriDitz: folds 
aliggat: folds 
Druzki Oleg: folds 
Blake45645: folds 
dlolo30: folds 
McPartiZano: folds 
Uncalled bet ($0.01) returned to nomis1959
nomis1959 collected $0.02 from pot
*** SUMMARY ***
Total pot $0.02 | Rake $0 
Seat 1: Blake45645 folded before Flop (didn't bet)
Seat 2: dlolo30 (button) folded before Flop (didn't bet)
Seat 3: McPartiZano (small blind) folded before Flop
Seat 4: nomis1959 (big blind) collected ($0.02)
Seat 5: Dorex2007 folded before Flop (didn't bet)
Seat 6: iNteldrive folded before Flop (didn't bet)
Seat 7: YuriDitz folded before Flop (didn't bet)
Seat 8: aliggat folded before Flop (didn't bet)
Seat 9: Druzki Oleg folded before Flop (didn't bet)



PokerStars Hand #234309758776:  Hold'em No Limit ($0.01/$0.02 USD) - 2022/02/22 18:15:18 PT [2022/02/22 21:15:18 ET]
Table 'Atala VI' 9-max Seat #3 is the button
Seat 1: Blake45645 ($6.44 in chips) 
Seat 2: dlolo30 ($2.29 in chips) 
Seat 3: McPartiZano ($2.19 in chips) 
Seat 4: nomis1959 ($1.03 in chips) 
Seat 5: Dorex2007 ($2.64 in chips) 
Seat 6: iNteldrive ($2.17 in chips) 
Seat 7: YuriDitz ($13.23 in chips) 
Seat 8: aliggat ($0.78 in chips) 
Seat 9: Druzki Oleg ($2.90 in chips) 
nomis1959: posts small blind $0.01
Dorex2007: posts big blind $0.02
*** HOLE CARDS ***
Dealt to Dorex2007 [Ah Td]
iNteldrive: folds 
YuriDitz: raises $0.04 to $0.06
aliggat: folds 
Druzki Oleg: folds 
Blake45645: folds 
dlolo30: folds 
McPartiZano: folds 
nomis1959: calls $0.05
Dorex2007: calls $0.04
*** FLOP *** [9s 4s 8h]
nomis1959: checks 
Dorex2007: checks 
YuriDitz: bets $0.10
nomis1959: calls $0.10
Dorex2007: folds 
*** TURN *** [9s 4s 8h] [2c]
nomis1959: checks 
YuriDitz: checks 
*** RIVER *** [9s 4s 8h 2c] [Qh]
nomis1959: bets $0.19
YuriDitz: folds 
Uncalled bet ($0.19) returned to nomis1959
nomis1959 collected $0.37 from pot
*** SUMMARY ***
Total pot $0.38 | Rake $0.01 
Board [9s 4s 8h 2c Qh]
Seat 1: Blake45645 folded before Flop (didn't bet)
Seat 2: dlolo30 folded before Flop (didn't bet)
Seat 3: McPartiZano (button) folded before Flop (didn't bet)
Seat 4: nomis1959 (small blind) collected ($0.37)
Seat 5: Dorex2007 (big blind) folded on the Flop
Seat 6: iNteldrive folded before Flop (didn't bet)
Seat 7: YuriDitz folded on the River
Seat 8: aliggat folded before Flop (didn't bet)
Seat 9: Druzki Oleg folded before Flop (didn't bet)



PokerStars Hand #234309771448:  Hold'em No Limit ($0.01/$0.02 USD) - 2022/02/22 18:16:09 PT [2022/02/22 21:16:09 ET]
Table 'Atala VI' 9-max Seat #4 is the button
Seat 1: Blake45645 ($6.44 in chips) 
Seat 2: dlolo30 ($2.29 in chips) 
Seat 3: McPartiZano ($2.19 in chips) 
Seat 4: nomis1959 ($1.24 in chips) 
Seat 5: Dorex2007 ($2.58 in chips) 
Seat 6: iNteldrive ($2.17 in chips) 
Seat 7: YuriDitz ($13.07 in chips) 
Seat 8: aliggat ($0.78 in chips) 
Seat 9: Druzki Oleg ($2.90 in chips) 
Dorex2007: posts small blind $0.01
iNteldrive: posts big blind $0.02
*** HOLE CARDS ***
Dealt to Dorex2007 [2d Kc]
YuriDitz: calls $0.02
aliggat: folds 
Druzki Oleg: folds 
Blake45645: folds 
dlolo30 has timed out
dlolo30: folds 
McPartiZano: folds 
nomis1959: folds 
Dorex2007: folds 
iNteldrive: checks 
*** FLOP *** [6d Ah Qs]
iNteldrive: checks 
YuriDitz: bets $0.04
iNteldrive: folds 
Uncalled bet ($0.04) returned to YuriDitz
YuriDitz collected $0.05 from pot
YuriDitz: doesn't show hand 
*** SUMMARY ***
Total pot $0.05 | Rake $0 
Board [6d Ah Qs]
Seat 1: Blake45645 folded before Flop (didn't bet)
Seat 2: dlolo30 folded before Flop (didn't bet)
Seat 3: McPartiZano folded before Flop (didn't bet)
Seat 4: nomis1959 (button) folded before Flop (didn't bet)
Seat 5: Dorex2007 (small blind) folded before Flop
Seat 6: iNteldrive (big blind) folded on the Flop
Seat 7: YuriDitz collected ($0.05)
Seat 8: aliggat folded before Flop (didn't bet)
Seat 9: Druzki Oleg folded before Flop (didn't bet)



PokerStars Hand #234309782905:  Hold'em No Limit ($0.01/$0.02 USD) - 2022/02/22 18:16:55 PT [2022/02/22 21:16:55 ET]
Table 'Atala VI' 9-max Seat #5 is the button
Seat 1: Blake45645 ($6.44 in chips) 
Seat 3: McPartiZano ($2.19 in chips) 
Seat 4: nomis1959 ($1.24 in chips) 
Seat 5: Dorex2007 ($2.57 in chips) 
Seat 6: iNteldrive ($2.15 in chips) 
Seat 7: YuriDitz ($13.10 in chips) 
Seat 8: aliggat ($0.78 in chips) 
Seat 9: Druzki Oleg ($2.90 in chips) 
iNteldrive: posts small blind $0.01
YuriDitz: posts big blind $0.02
*** HOLE CARDS ***
Dealt to Dorex2007 [7d 6d]
aliggat: folds 
Druzki Oleg: folds 
Blake45645: folds 
McPartiZano: folds 
iNteldrive said, "poweru"
nomis1959: raises $0.04 to $0.06
iNteldrive said, "w Kx"
Dorex2007: folds 
iNteldrive said, ":D"
iNteldrive: calls $0.05
YuriDitz: folds 
*** FLOP *** [Kd Kh 9s]
iNteldrive: checks 
nomis1959: bets $0.07
iNteldrive: folds 
Uncalled bet ($0.07) returned to nomis1959
nomis1959 collected $0.14 from pot
*** SUMMARY ***
Total pot $0.14 | Rake $0 
Board [Kd Kh 9s]
Seat 1: Blake45645 folded before Flop (didn't bet)
Seat 3: McPartiZano folded before Flop (didn't bet)
Seat 4: nomis1959 collected ($0.14)
Seat 5: Dorex2007 (button) folded before Flop (didn't bet)
Seat 6: iNteldrive (small blind) folded on the Flop
Seat 7: YuriDitz (big blind) folded before Flop
Seat 8: aliggat folded before Flop (didn't bet)
Seat 9: Druzki Oleg folded before Flop (didn't bet)



PokerStars Hand #234309788951:  Hold'em No Limit ($0.01/$0.02 USD) - 2022/02/22 18:17:19 PT [2022/02/22 21:17:19 ET]
Table 'Atala VI' 9-max Seat #6 is the button
Seat 1: Blake45645 ($6.44 in chips) 
Seat 3: McPartiZano ($2.19 in chips) 
Seat 4: nomis1959 ($1.32 in chips) 
Seat 5: Dorex2007 ($2.57 in chips) 
Seat 6: iNteldrive ($2.09 in chips) 
Seat 7: YuriDitz ($13.08 in chips) 
Seat 8: aliggat ($0.78 in chips) 
Seat 9: Druzki Oleg ($2.90 in chips) 
YuriDitz: posts small blind $0.01
aliggat: posts big blind $0.02
*** HOLE CARDS ***
Dealt to Dorex2007 [Td As]
Druzki Oleg: folds 
Blake45645: folds 
McPartiZano: folds 
nomis1959: raises $0.04 to $0.06
YuriDitz said, "J10"
Dorex2007: folds 
iNteldrive: folds 
YuriDitz: folds 
aliggat: folds 
Uncalled bet ($0.04) returned to nomis1959
nomis1959 collected $0.05 from pot
*** SUMMARY ***
Total pot $0.05 | Rake $0 
Seat 1: Blake45645 folded before Flop (didn't bet)
Seat 3: McPartiZano folded before Flop (didn't bet)
Seat 4: nomis1959 collected ($0.05)
Seat 5: Dorex2007 folded before Flop (didn't bet)
Seat 6: iNteldrive (button) folded before Flop (didn't bet)
Seat 7: YuriDitz (small blind) folded before Flop
Seat 8: aliggat (big blind) folded before Flop
Seat 9: Druzki Oleg folded before Flop (didn't bet)



PokerStars Hand #234309794005:  Hold'em No Limit ($0.01/$0.02 USD) - 2022/02/22 18:17:39 PT [2022/02/22 21:17:39 ET]
Table 'Atala VI' 9-max Seat #7 is the button
Seat 1: Blake45645 ($6.44 in chips) 
Seat 2: dlolo30 ($2.29 in chips) 
Seat 3: McPartiZano ($2.19 in chips) 
Seat 4: nomis1959 ($1.35 in chips) 
Seat 5: Dorex2007 ($2.57 in chips) 
Seat 6: iNteldrive ($2.09 in chips) 
Seat 7: YuriDitz ($13.07 in chips) 
Seat 8: aliggat ($0.76 in chips) 
Seat 9: Druzki Oleg ($2.90 in chips) 
aliggat: posts small blind $0.01
Druzki Oleg: posts big blind $0.02
*** HOLE CARDS ***
Dealt to Dorex2007 [4s Qd]
Blake45645: folds 
dlolo30: calls $0.02
McPartiZano: folds 
nomis1959: folds 
Dorex2007: folds 
iNteldrive: folds 
YuriDitz: folds 
aliggat: calls $0.01
Druzki Oleg: checks 
*** FLOP *** [Ks 4c 2s]
aliggat: checks 
Druzki Oleg: checks 
dlolo30: checks 
*** TURN *** [Ks 4c 2s] [Kc]
aliggat: checks 
Druzki Oleg: bets $0.03
dlolo30: folds 
aliggat: calls $0.03
*** RIVER *** [Ks 4c 2s Kc] [2c]
aliggat: checks 
Druzki Oleg: bets $0.06
aliggat: folds 
Uncalled bet ($0.06) returned to Druzki Oleg
Druzki Oleg collected $0.12 from pot
*** SUMMARY ***
Total pot $0.12 | Rake $0 
Board [Ks 4c 2s Kc 2c]
Seat 1: Blake45645 folded before Flop (didn't bet)
Seat 2: dlolo30 folded on the Turn
Seat 3: McPartiZano folded before Flop (didn't bet)
Seat 4: nomis1959 folded before Flop (didn't bet)
Seat 5: Dorex2007 folded before Flop (didn't bet)
Seat 6: iNteldrive folded before Flop (didn't bet)
Seat 7: YuriDitz (button) folded before Flop (didn't bet)
Seat 8: aliggat (small blind) folded on the River
Seat 9: Druzki Oleg (big blind) collected ($0.12)



PokerStars Hand #234309821821:  Hold'em No Limit ($0.01/$0.02 USD) - 2022/02/22 18:18:52 PT [2022/02/22 21:18:52 ET]
Table 'Atala VI' 9-max Seat #8 is the button
Seat 1: Blake45645 ($6.44 in chips) 
Seat 2: dlolo30 ($2.27 in chips) 
Seat 3: McPartiZano ($2.19 in chips) 
Seat 4: nomis1959 ($1.35 in chips) 
Seat 5: Dorex2007 ($2.57 in chips) 
Seat 6: iNteldrive ($2.09 in chips) 
Seat 7: YuriDitz ($13.07 in chips) 
Seat 8: aliggat ($0.71 in chips) 
Seat 9: Druzki Oleg ($2.97 in chips) 
Druzki Oleg: posts small blind $0.01
Blake45645: posts big blind $0.02
*** HOLE CARDS ***
Dealt to Dorex2007 [7s Ks]
dlolo30: folds 
McPartiZano: folds 
nomis1959: calls $0.02
Dorex2007: folds 
iNteldrive: folds 
YuriDitz: folds 
aliggat has timed out
aliggat: folds 
Druzki Oleg: folds 
Blake45645: checks 
*** FLOP *** [Ah Qs Jc]
Blake45645: bets $0.05
nomis1959: calls $0.05
*** TURN *** [Ah Qs Jc] [Kh]
Blake45645: bets $0.14
nomis1959: calls $0.14
*** RIVER *** [Ah Qs Jc Kh] [Ts]
Blake45645: checks 
nomis1959: bets $0.41
Blake45645: calls $0.41
*** SHOW DOWN ***
nomis1959: shows [Kd Jd] (a straight, Ten to Ace)
Blake45645: shows [3d Ac] (a straight, Ten to Ace)
Blake45645 collected $0.61 from pot
nomis1959 collected $0.60 from pot
*** SUMMARY ***
Total pot $1.25 | Rake $0.04 
Board [Ah Qs Jc Kh Ts]
Seat 1: Blake45645 (big blind) showed [3d Ac] and won ($0.61) with a straight, Ten to Ace
Seat 2: dlolo30 folded before Flop (didn't bet)
Seat 3: McPartiZano folded before Flop (didn't bet)
Seat 4: nomis1959 showed [Kd Jd] and won ($0.60) with a straight, Ten to Ace
Seat 5: Dorex2007 folded before Flop (didn't bet)
Seat 6: iNteldrive folded before Flop (didn't bet)
Seat 7: YuriDitz folded before Flop (didn't bet)
Seat 8: aliggat (button) folded before Flop (didn't bet)
Seat 9: Druzki Oleg (small blind) folded before Flop



PokerStars Hand #234309835595:  Hold'em No Limit ($0.01/$0.02 USD) - 2022/02/22 18:19:48 PT [2022/02/22 21:19:48 ET]
Table 'Atala VI' 9-max Seat #9 is the button
Seat 1: Blake45645 ($6.43 in chips) 
Seat 2: dlolo30 ($2.27 in chips) 
Seat 3: McPartiZano ($2.19 in chips) 
Seat 4: nomis1959 ($1.33 in chips) 
Seat 5: Dorex2007 ($2.57 in chips) 
Seat 6: iNteldrive ($2.09 in chips) 
Seat 7: YuriDitz ($13.07 in chips) 
Seat 9: Druzki Oleg ($2.96 in chips) 
Blake45645: posts small blind $0.01
dlolo30: posts big blind $0.02
*** HOLE CARDS ***
Dealt to Dorex2007 [Ks Tc]
McPartiZano: folds 
nomis1959: calls $0.02
Dorex2007: folds 
iNteldrive: folds 
YuriDitz: folds 
Druzki Oleg: folds 
Blake45645: raises $0.06 to $0.08
dlolo30: folds 
nomis1959: calls $0.06
*** FLOP *** [5h Td 2d]
Blake45645: bets $0.13
nomis1959: folds [Ah]
Uncalled bet ($0.13) returned to Blake45645
Blake45645 collected $0.17 from pot
Blake45645: doesn't show hand 
*** SUMMARY ***
Total pot $0.18 | Rake $0.01 
Board [5h Td 2d]
Seat 1: Blake45645 (small blind) collected ($0.17)
Seat 2: dlolo30 (big blind) folded before Flop
Seat 3: McPartiZano folded before Flop (didn't bet)
Seat 4: nomis1959 folded on the Flop
Seat 5: Dorex2007 folded before Flop (didn't bet)
Seat 6: iNteldrive folded before Flop (didn't bet)
Seat 7: YuriDitz folded before Flop (didn't bet)
Seat 9: Druzki Oleg (button) folded before Flop (didn't bet)



PokerStars Hand #234309849549:  Hold'em No Limit ($0.01/$0.02 USD) - 2022/02/22 18:20:45 PT [2022/02/22 21:20:45 ET]
Table 'Atala VI' 9-max Seat #1 is the button
Seat 1: Blake45645 ($6.52 in chips) 
Seat 2: dlolo30 ($2.25 in chips) 
Seat 3: McPartiZano ($2.19 in chips) 
Seat 4: nomis1959 ($1.25 in chips) 
Seat 5: Dorex2007 ($2.57 in chips) 
Seat 6: iNteldrive ($2.09 in chips) 
Seat 7: YuriDitz ($13.07 in chips) 
Seat 8: aliggat ($0.71 in chips) 
Seat 9: Druzki Oleg ($2.96 in chips) 
dlolo30: posts small blind $0.01
McPartiZano: posts big blind $0.02
*** HOLE CARDS ***
Dealt to Dorex2007 [6h 7d]
nomis1959: folds 
Dorex2007: folds 
iNteldrive: folds 
YuriDitz: calls $0.02
aliggat: folds 
Druzki Oleg: folds 
Blake45645: folds 
dlolo30: calls $0.01
McPartiZano: checks 
*** FLOP *** [6c Jd As]
dlolo30: checks 
McPartiZano: checks 
YuriDitz: bets $0.04
dlolo30: folds 
McPartiZano: folds 
Uncalled bet ($0.04) returned to YuriDitz
YuriDitz collected $0.06 from pot
YuriDitz: doesn't show hand 
*** SUMMARY ***
Total pot $0.06 | Rake $0 
Board [6c Jd As]
Seat 1: Blake45645 (button) folded before Flop (didn't bet)
Seat 2: dlolo30 (small blind) folded on the Flop
Seat 3: McPartiZano (big blind) folded on the Flop
Seat 4: nomis1959 folded before Flop (didn't bet)
Seat 5: Dorex2007 folded before Flop (didn't bet)
Seat 6: iNteldrive folded before Flop (didn't bet)
Seat 7: YuriDitz collected ($0.06)
Seat 8: aliggat folded before Flop (didn't bet)
Seat 9: Druzki Oleg folded before Flop (didn't bet)



PokerStars Hand #234309860810:  Hold'em No Limit ($0.01/$0.02 USD) - 2022/02/22 18:21:31 PT [2022/02/22 21:21:31 ET]
Table 'Atala VI' 9-max Seat #2 is the button
Seat 1: Blake45645 ($6.52 in chips) 
Seat 2: dlolo30 ($2.23 in chips) 
Seat 3: McPartiZano ($2.17 in chips) 
Seat 4: nomis1959 ($1.25 in chips) 
Seat 5: Dorex2007 ($2.57 in chips) 
Seat 6: iNteldrive ($2.09 in chips) 
Seat 7: YuriDitz ($13.11 in chips) 
Seat 8: aliggat ($0.71 in chips) 
Seat 9: Druzki Oleg ($2.96 in chips) 
McPartiZano: posts small blind $0.01
nomis1959: posts big blind $0.02
*** HOLE CARDS ***
Dealt to Dorex2007 [Jh Kd]
Dorex2007: folds 
iNteldrive: folds 
YuriDitz: folds 
aliggat: folds 
Druzki Oleg has timed out
Druzki Oleg: folds 
Blake45645: folds 
dlolo30: raises $0.08 to $0.10
McPartiZano: folds 
nomis1959: folds 
Uncalled bet ($0.08) returned to dlolo30
dlolo30 collected $0.05 from pot
Druzki Oleg leaves the table
*** SUMMARY ***
Total pot $0.05 | Rake $0 
Seat 1: Blake45645 folded before Flop (didn't bet)
Seat 2: dlolo30 (button) collected ($0.05)
Seat 3: McPartiZano (small blind) folded before Flop
Seat 4: nomis1959 (big blind) folded before Flop
Seat 5: Dorex2007 folded before Flop (didn't bet)
Seat 6: iNteldrive folded before Flop (didn't bet)
Seat 7: YuriDitz folded before Flop (didn't bet)
Seat 8: aliggat folded before Flop (didn't bet)
Seat 9: Druzki Oleg folded before Flop (didn't bet)



PokerStars Hand #234309868089:  Hold'em No Limit ($0.01/$0.02 USD) - 2022/02/22 18:22:01 PT [2022/02/22 21:22:01 ET]
Table 'Atala VI' 9-max Seat #3 is the button
Seat 1: Blake45645 ($6.52 in chips) 
Seat 2: dlolo30 ($2.26 in chips) 
Seat 3: McPartiZano ($2.16 in chips) 
Seat 4: nomis1959 ($1.23 in chips) 
Seat 5: Dorex2007 ($2.57 in chips) 
Seat 6: iNteldrive ($2.09 in chips) 
Seat 7: YuriDitz ($13.11 in chips) 
Seat 8: aliggat ($0.71 in chips) 
nomis1959: posts small blind $0.01
Dorex2007: posts big blind $0.02
*** HOLE CARDS ***
Dealt to Dorex2007 [Qs 4c]
iNteldrive: folds 
YuriDitz: calls $0.02
aliggat: folds 
Blake45645: folds 
dlolo30: folds 
McPartiZano: raises $0.04 to $0.06
nomis1959: folds 
Dorex2007: folds 
YuriDitz: calls $0.04
*** FLOP *** [3h 7c 9c]
YuriDitz: checks 
McPartiZano: bets $0.12
YuriDitz: folds 
Uncalled bet ($0.12) returned to McPartiZano
McPartiZano collected $0.14 from pot
McPartiZano: doesn't show hand 
neri_cava joins the table at seat #9 
*** SUMMARY ***
Total pot $0.15 | Rake $0.01 
Board [3h 7c 9c]
Seat 1: Blake45645 folded before Flop (didn't bet)
Seat 2: dlolo30 folded before Flop (didn't bet)
Seat 3: McPartiZano (button) collected ($0.14)
Seat 4: nomis1959 (small blind) folded before Flop
Seat 5: Dorex2007 (big blind) folded before Flop
Seat 6: iNteldrive folded before Flop (didn't bet)
Seat 7: YuriDitz folded on the Flop
Seat 8: aliggat folded before Flop (didn't bet)



PokerStars Hand #234309875643:  Hold'em No Limit ($0.01/$0.02 USD) - 2022/02/22 18:22:31 PT [2022/02/22 21:22:31 ET]
Table 'Atala VI' 9-max Seat #4 is the button
Seat 1: Blake45645 ($6.52 in chips) 
Seat 2: dlolo30 ($2.26 in chips) 
Seat 3: McPartiZano ($2.24 in chips) 
Seat 4: nomis1959 ($1.22 in chips) 
Seat 5: Dorex2007 ($2.55 in chips) 
Seat 6: iNteldrive ($2.09 in chips) 
Seat 7: YuriDitz ($13.05 in chips) 
Seat 8: aliggat ($0.71 in chips) 
Seat 9: neri_cava ($0.80 in chips) 
Dorex2007: posts small blind $0.01
iNteldrive: posts big blind $0.02
neri_cava is connected 
neri_cava: posts big blind $0.02
*** HOLE CARDS ***
Dealt to Dorex2007 [7h Jc]
YuriDitz: calls $0.02
aliggat: folds 
neri_cava: checks 
Blake45645: folds 
dlolo30: folds 
McPartiZano: folds 
nomis1959: calls $0.02
Dorex2007: folds 
iNteldrive: checks 
*** FLOP *** [Jd 3d 6d]
iNteldrive: checks 
YuriDitz: checks 
neri_cava: checks 
nomis1959: checks 
*** TURN *** [Jd 3d 6d] [4s]
iNteldrive: checks 
YuriDitz: checks 
neri_cava: bets $0.02
nomis1959: folds 
iNteldrive: calls $0.02
YuriDitz: folds 
*** RIVER *** [Jd 3d 6d 4s] [8h]
iNteldrive: checks 
neri_cava: bets $0.04
iNteldrive: calls $0.04
*** SHOW DOWN ***
neri_cava: shows [8s 4h] (two pair, Eights and Fours)
iNteldrive: mucks hand 
neri_cava collected $0.20 from pot
*** SUMMARY ***
Total pot $0.21 | Rake $0.01 
Board [Jd 3d 6d 4s 8h]
Seat 1: Blake45645 folded before Flop (didn't bet)
Seat 2: dlolo30 folded before Flop (didn't bet)
Seat 3: McPartiZano folded before Flop (didn't bet)
Seat 4: nomis1959 (button) folded on the Turn
Seat 5: Dorex2007 (small blind) folded before Flop
Seat 6: iNteldrive (big blind) mucked [Js 7d]
Seat 7: YuriDitz folded on the Turn
Seat 8: aliggat folded before Flop (didn't bet)
Seat 9: neri_cava showed [8s 4h] and won ($0.20) with two pair, Eights and Fours



PokerStars Hand #234309891590:  Hold'em No Limit ($0.01/$0.02 USD) - 2022/02/22 18:23:37 PT [2022/02/22 21:23:37 ET]
Table 'Atala VI' 9-max Seat #5 is the button
Seat 1: Blake45645 ($6.52 in chips) 
Seat 2: dlolo30 ($2.26 in chips) 
Seat 3: McPartiZano ($2.24 in chips) 
Seat 4: nomis1959 ($1.20 in chips) 
Seat 5: Dorex2007 ($2.54 in chips) 
Seat 6: iNteldrive ($2.01 in chips) 
Seat 8: aliggat ($0.71 in chips) 
Seat 9: neri_cava ($0.92 in chips) 
iNteldrive: posts small blind $0.01
YuriDitz: is sitting out 
aliggat: posts big blind $0.02
*** HOLE CARDS ***
Dealt to Dorex2007 [2d 7h]
YuriDitz leaves the table
neri_cava: folds 
Blake45645: folds 
dlolo30 has timed out
dlolo30: folds 
McPartiZano: folds 
nomis1959: folds 
Dorex2007: folds 
iNteldrive: calls $0.01
aliggat: checks 
*** FLOP *** [Jh 6c 5s]
iNteldrive: bets $0.02
aliggat: calls $0.02
*** TURN *** [Jh 6c 5s] [As]
iNteldrive: bets $0.07
aliggat: calls $0.07
*** RIVER *** [Jh 6c 5s As] [Kc]
iNteldrive: bets $0.17
aliggat: folds 
Uncalled bet ($0.17) returned to iNteldrive
iNteldrive collected $0.21 from pot
*** SUMMARY ***
Total pot $0.22 | Rake $0.01 
Board [Jh 6c 5s As Kc]
Seat 1: Blake45645 folded before Flop (didn't bet)
Seat 2: dlolo30 folded before Flop (didn't bet)
Seat 3: McPartiZano folded before Flop (didn't bet)
Seat 4: nomis1959 folded before Flop (didn't bet)
Seat 5: Dorex2007 (button) folded before Flop (didn't bet)
Seat 6: iNteldrive (small blind) collected ($0.21)
Seat 8: aliggat (big blind) folded on the River
Seat 9: neri_cava folded before Flop (didn't bet)



PokerStars Hand #234309900263:  Hold'em No Limit ($0.01/$0.02 USD) - 2022/02/22 18:24:14 PT [2022/02/22 21:24:14 ET]
Table 'Atala VI' 9-max Seat #6 is the button
Seat 1: Blake45645 ($6.52 in chips) 
Seat 2: dlolo30 ($2.26 in chips) 
Seat 3: McPartiZano ($2.24 in chips) 
Seat 4: nomis1959 ($1.20 in chips) 
Seat 5: Dorex2007 ($2.54 in chips) 
Seat 6: iNteldrive ($2.11 in chips) 
Seat 8: aliggat ($0.80 in chips) 
Seat 9: neri_cava ($0.92 in chips) 
Erick o humilde joins the table at seat #7 
aliggat: posts small blind $0.01
neri_cava: posts big blind $0.02
*** HOLE CARDS ***
Dealt to Dorex2007 [5d Kc]
Blake45645: folds 
dlolo30: folds 
McPartiZano: folds 
nomis1959: folds 
Dorex2007: folds 
iNteldrive: folds 
aliggat: calls $0.01
neri_cava: checks 
*** FLOP *** [6h 6d 2h]
aliggat: checks 
neri_cava: bets $0.02
aliggat: calls $0.02
*** TURN *** [6h 6d 2h] [9d]
aliggat: checks 
neri_cava: bets $0.02
aliggat: calls $0.02
*** RIVER *** [6h 6d 2h 9d] [3c]
aliggat: checks 
neri_cava: checks 
*** SHOW DOWN ***
aliggat: shows [2s As] (two pair, Sixes and Deuces)
neri_cava: mucks hand 
aliggat collected $0.12 from pot
*** SUMMARY ***
Total pot $0.12 | Rake $0 
Board [6h 6d 2h 9d 3c]
Seat 1: Blake45645 folded before Flop (didn't bet)
Seat 2: dlolo30 folded before Flop (didn't bet)
Seat 3: McPartiZano folded before Flop (didn't bet)
Seat 4: nomis1959 folded before Flop (didn't bet)
Seat 5: Dorex2007 folded before Flop (didn't bet)
Seat 6: iNteldrive (button) folded before Flop (didn't bet)
Seat 8: aliggat (small blind) showed [2s As] and won ($0.12) with two pair, Sixes and Deuces
Seat 9: neri_cava (big blind) mucked [Th 2d]



PokerStars Hand #234309907913:  Hold'em No Limit ($0.01/$0.02 USD) - 2022/02/22 18:24:46 PT [2022/02/22 21:24:46 ET]
Table 'Atala VI' 9-max Seat #8 is the button
Seat 1: Blake45645 ($6.52 in chips) 
Seat 2: dlolo30 ($2.26 in chips) 
Seat 3: McPartiZano ($2.24 in chips) 
Seat 4: nomis1959 ($1.20 in chips) 
Seat 5: Dorex2007 ($2.54 in chips) 
Seat 6: iNteldrive ($2.11 in chips) 
Seat 8: aliggat ($0.86 in chips) 
Seat 9: neri_cava ($0.86 in chips) 
neri_cava: posts small blind $0.01
Blake45645: posts big blind $0.02
Erick o humilde has timed out
Erick o humilde: is sitting out 
*** HOLE CARDS ***
Dealt to Dorex2007 [6s Ad]
dlolo30: calls $0.02
McPartiZano: folds 
nomis1959: folds 
Erick o humilde is disconnected 
Dorex2007: folds 
iNteldrive: folds 
aliggat: folds 
neri_cava: calls $0.01
Blake45645: checks 
*** FLOP *** [Qs 2h 8c]
neri_cava: checks 
Blake45645: checks 
dlolo30: checks 
*** TURN *** [Qs 2h 8c] [6h]
neri_cava: bets $0.04
Blake45645: raises $0.11 to $0.15
dlolo30: folds 
neri_cava: calls $0.11
*** RIVER *** [Qs 2h 8c 6h] [Kc]
neri_cava: checks 
Blake45645: bets $0.35
neri_cava: folds 
Uncalled bet ($0.35) returned to Blake45645
Blake45645 collected $0.35 from pot
Blake45645: doesn't show hand 
*** SUMMARY ***
Total pot $0.36 | Rake $0.01 
Board [Qs 2h 8c 6h Kc]
Seat 1: Blake45645 (big blind) collected ($0.35)
Seat 2: dlolo30 folded on the Turn
Seat 3: McPartiZano folded before Flop (didn't bet)
Seat 4: nomis1959 folded before Flop (didn't bet)
Seat 5: Dorex2007 folded before Flop (didn't bet)
Seat 6: iNteldrive folded before Flop (didn't bet)
Seat 8: aliggat (button) folded before Flop (didn't bet)
Seat 9: neri_cava (small blind) folded on the River



PokerStars Hand #234309922655:  Hold'em No Limit ($0.01/$0.02 USD) - 2022/02/22 18:25:48 PT [2022/02/22 21:25:48 ET]
Table 'Atala VI' 9-max Seat #9 is the button
Seat 1: Blake45645 ($6.70 in chips) 
Seat 2: dlolo30 ($2.24 in chips) 
Seat 3: McPartiZano ($2.24 in chips) 
Seat 4: nomis1959 ($1.20 in chips) 
Seat 5: Dorex2007 ($2.54 in chips) 
Seat 6: iNteldrive ($2.11 in chips) 
Seat 8: aliggat ($0.86 in chips) 
Seat 9: neri_cava ($0.69 in chips) 
Blake45645: posts small blind $0.01
dlolo30: posts big blind $0.02
*** HOLE CARDS ***
Dealt to Dorex2007 [Qd Td]
McPartiZano: folds 
nomis1959: calls $0.02
Dorex2007: raises $0.02 to $0.04
iNteldrive: folds 
aliggat: calls $0.04
neri_cava: calls $0.04
Blake45645: folds 
dlolo30: raises $0.22 to $0.26
nomis1959: folds 
Dorex2007: folds 
aliggat: folds 
neri_cava: raises $0.43 to $0.69 and is all-in
dlolo30: calls $0.43
*** FLOP *** [Th Tc 2s]
*** TURN *** [Th Tc 2s] [6d]
*** RIVER *** [Th Tc 2s 6d] [4c]
*** SHOW DOWN ***
dlolo30: shows [Ah Kd] (a pair of Tens)
neri_cava: shows [Jh Ad] (a pair of Tens - lower kicker)
dlolo30 cashed out the hand for $1.07 | Cash Out Fee $0.01
neri_cava cashed out the hand for $0.36
*** SUMMARY ***
Total pot $1.49 | Rake $0.05 
Board [Th Tc 2s 6d 4c]
Seat 1: Blake45645 (small blind) folded before Flop
Seat 2: dlolo30 (big blind) showed [Ah Kd] and won ($1.44) with a pair of Tens (pot not awarded as player cashed out)
Seat 3: McPartiZano folded before Flop (didn't bet)
Seat 4: nomis1959 folded before Flop
Seat 5: Dorex2007 folded before Flop
Seat 6: iNteldrive folded before Flop (didn't bet)
Seat 8: aliggat folded before Flop
Seat 9: neri_cava (button) showed [Jh Ad] and lost with a pair of Tens (cashed out).



PokerStars Hand #234309934053:  Hold'em No Limit ($0.01/$0.02 USD) - 2022/02/22 18:26:35 PT [2022/02/22 21:26:35 ET]
Table 'Atala VI' 9-max Seat #1 is the button
Seat 1: Blake45645 ($6.69 in chips) 
Seat 2: dlolo30 ($2.62 in chips) 
Seat 4: nomis1959 ($1.18 in chips) 
Seat 5: Dorex2007 ($2.50 in chips) 
Seat 6: iNteldrive ($2.11 in chips) 
Seat 8: aliggat ($0.82 in chips) 
Seat 9: neri_cava ($0.36 in chips) 
dlolo30: posts small blind $0.01
McPartiZano: is sitting out 
nomis1959: posts big blind $0.02
*** HOLE CARDS ***
Dealt to Dorex2007 [4c 2d]
Dorex2007: folds 
iNteldrive: folds 
aliggat: folds 
neri_cava: calls $0.02
Blake45645: calls $0.02
dlolo30: folds 
nomis1959: raises $0.04 to $0.06
neri_cava: calls $0.04
Blake45645: calls $0.04
*** FLOP *** [Jd Qh 5h]
nomis1959: checks 
neri_cava: checks 
Blake45645: bets $0.14
nomis1959: raises $0.98 to $1.12 and is all-in
neri_cava: folds 
Blake45645: calls $0.98
*** TURN *** [Jd Qh 5h] [4d]
*** RIVER *** [Jd Qh 5h 4d] [Ts]
*** SHOW DOWN ***
nomis1959: shows [Ah As] (a pair of Aces)
Blake45645: shows [Qd Th] (two pair, Queens and Tens)
Blake45645 collected $2.34 from pot
nomis1959 cashed out the hand for $1.83 | Cash Out Fee $0.02
*** SUMMARY ***
Total pot $2.43 | Rake $0.09 
Board [Jd Qh 5h 4d Ts]
Seat 1: Blake45645 (button) showed [Qd Th] and won ($2.34) with two pair, Queens and Tens
Seat 2: dlolo30 (small blind) folded before Flop
Seat 4: nomis1959 (big blind) showed [Ah As] and lost with a pair of Aces (cashed out).
Seat 5: Dorex2007 folded before Flop (didn't bet)
Seat 6: iNteldrive folded before Flop (didn't bet)
Seat 8: aliggat folded before Flop (didn't bet)
Seat 9: neri_cava folded on the Flop



PokerStars Hand #234309955492:  Hold'em No Limit ($0.01/$0.02 USD) - 2022/02/22 18:27:37 PT [2022/02/22 21:27:37 ET]
Table 'Atala VI' 9-max Seat #2 is the button
Seat 1: Blake45645 ($7.85 in chips) 
Seat 2: dlolo30 ($2.61 in chips) 
Seat 4: nomis1959 ($1.83 in chips) 
Seat 5: Dorex2007 ($2.50 in chips) 
Seat 6: iNteldrive ($2.11 in chips) 
Seat 8: aliggat ($0.82 in chips) 
Seat 9: neri_cava ($0.30 in chips) 
nomis1959: posts small blind $0.01
Dorex2007: posts big blind $0.02
*** HOLE CARDS ***
Dealt to Dorex2007 [5d Th]
iNteldrive: folds 
aliggat: folds 
neri_cava: calls $0.02
Blake45645: folds 
dlolo30: calls $0.02
nomis1959: calls $0.01
Dorex2007: checks 
*** FLOP *** [6s Js Kh]
nomis1959: checks 
Dorex2007: checks 
neri_cava: checks 
dlolo30: bets $0.04
nomis1959: folds 
Dorex2007: folds 
neri_cava: folds 
Uncalled bet ($0.04) returned to dlolo30
dlolo30 collected $0.08 from pot
*** SUMMARY ***
Total pot $0.08 | Rake $0 
Board [6s Js Kh]
Seat 1: Blake45645 folded before Flop (didn't bet)
Seat 2: dlolo30 (button) collected ($0.08)
Seat 4: nomis1959 (small blind) folded on the Flop
Seat 5: Dorex2007 (big blind) folded on the Flop
Seat 6: iNteldrive folded before Flop (didn't bet)
Seat 8: aliggat folded before Flop (didn't bet)
Seat 9: neri_cava folded on the Flop



PokerStars Hand #234309962895:  Hold'em No Limit ($0.01/$0.02 USD) - 2022/02/22 18:28:09 PT [2022/02/22 21:28:09 ET]
Table 'Atala VI' 9-max Seat #4 is the button
Seat 1: Blake45645 ($7.85 in chips) 
Seat 2: dlolo30 ($2.67 in chips) 
Seat 4: nomis1959 ($1.81 in chips) 
Seat 5: Dorex2007 ($2.48 in chips) 
Seat 6: iNteldrive ($2.11 in chips) 
Seat 8: aliggat ($0.82 in chips) 
Seat 9: neri_cava ($0.28 in chips) 
Dorex2007: posts small blind $0.01
iNteldrive: posts big blind $0.02
*** HOLE CARDS ***
Dealt to Dorex2007 [3h Kd]
aliggat: calls $0.02
neri_cava: folds 
Blake45645: raises $0.07 to $0.09
dlolo30: raises $0.23 to $0.32
nomis1959: folds 
Dorex2007: folds 
iNteldrive: folds 
aliggat: folds 
Blake45645: folds 
Uncalled bet ($0.23) returned to dlolo30
dlolo30 collected $0.23 from pot
*** SUMMARY ***
Total pot $0.23 | Rake $0 
Seat 1: Blake45645 folded before Flop
Seat 2: dlolo30 collected ($0.23)
Seat 4: nomis1959 (button) folded before Flop (didn't bet)
Seat 5: Dorex2007 (small blind) folded before Flop
Seat 6: iNteldrive (big blind) folded before Flop
Seat 8: aliggat folded before Flop
Seat 9: neri_cava folded before Flop (didn't bet)



PokerStars Hand #234309967743:  Hold'em No Limit ($0.01/$0.02 USD) - 2022/02/22 18:28:29 PT [2022/02/22 21:28:29 ET]
Table 'Atala VI' 9-max Seat #5 is the button
Seat 1: Blake45645 ($7.76 in chips) 
Seat 2: dlolo30 ($2.81 in chips) 
Seat 4: nomis1959 ($1.81 in chips) 
Seat 5: Dorex2007 ($2.47 in chips) 
Seat 6: iNteldrive ($2.09 in chips) 
Seat 8: aliggat ($0.80 in chips) 
Seat 9: neri_cava ($0.28 in chips) 
iNteldrive: posts small blind $0.01
aliggat: posts big blind $0.02
*** HOLE CARDS ***
Dealt to Dorex2007 [2d 3h]
neri_cava: raises $0.08 to $0.10
Blake45645: folds 
dlolo30: folds 
nomis1959: folds 
Dorex2007: folds 
iNteldrive: folds 
aliggat: folds 
Uncalled bet ($0.08) returned to neri_cava
neri_cava collected $0.05 from pot
neri_cava: doesn't show hand 
*** SUMMARY ***
Total pot $0.05 | Rake $0 
Seat 1: Blake45645 folded before Flop (didn't bet)
Seat 2: dlolo30 folded before Flop (didn't bet)
Seat 4: nomis1959 folded before Flop (didn't bet)
Seat 5: Dorex2007 (button) folded before Flop (didn't bet)
Seat 6: iNteldrive (small blind) folded before Flop
Seat 8: aliggat (big blind) folded before Flop
Seat 9: neri_cava collected ($0.05)



PokerStars Hand #234309972222:  Hold'em No Limit ($0.01/$0.02 USD) - 2022/02/22 18:28:48 PT [2022/02/22 21:28:48 ET]
Table 'Atala VI' 9-max Seat #6 is the button
Seat 1: Blake45645 ($7.76 in chips) 
Seat 2: dlolo30 ($2.81 in chips) 
Seat 4: nomis1959 ($1.81 in chips) 
Seat 5: Dorex2007 ($2.47 in chips) 
Seat 6: iNteldrive ($2.08 in chips) 
Seat 8: aliggat ($0.78 in chips) 
Seat 9: neri_cava ($0.31 in chips) 
aliggat: posts small blind $0.01
neri_cava: posts big blind $0.02
*** HOLE CARDS ***
Dealt to Dorex2007 [9c Ad]
Blake45645: folds 
dlolo30: folds 
McPartiZano leaves the table
nomis1959: folds 
Dorex2007: folds 
iNteldrive: folds 
aliggat: calls $0.01
neri_cava: checks 
*** FLOP *** [Jd Td 3c]
aliggat: checks 
neri_cava: bets $0.04
aliggat: folds 
Uncalled bet ($0.04) returned to neri_cava
neri_cava collected $0.04 from pot
neri_cava: doesn't show hand 
*** SUMMARY ***
Total pot $0.04 | Rake $0 
Board [Jd Td 3c]
Seat 1: Blake45645 folded before Flop (didn't bet)
Seat 2: dlolo30 folded before Flop (didn't bet)
Seat 4: nomis1959 folded before Flop (didn't bet)
Seat 5: Dorex2007 folded before Flop (didn't bet)
Seat 6: iNteldrive (button) folded before Flop (didn't bet)
Seat 8: aliggat (small blind) folded on the Flop
Seat 9: neri_cava (big blind) collected ($0.04)



PokerStars Hand #234309977722:  Hold'em No Limit ($0.01/$0.02 USD) - 2022/02/22 18:29:11 PT [2022/02/22 21:29:11 ET]
Table 'Atala VI' 9-max Seat #8 is the button
Seat 1: Blake45645 ($7.76 in chips) 
Seat 2: dlolo30 ($2.81 in chips) 
Seat 4: nomis1959 ($1.81 in chips) 
Seat 5: Dorex2007 ($2.47 in chips) 
Seat 6: iNteldrive ($2.08 in chips) 
Seat 8: aliggat ($0.76 in chips) 
Seat 9: neri_cava ($0.33 in chips) 
neri_cava: posts small blind $0.01
Blake45645: posts big blind $0.02
*** HOLE CARDS ***
Dealt to Dorex2007 [Td 4d]
dlolo30: folds 
nomis1959: calls $0.02
Dorex2007: folds 
iNteldrive: folds 
jose nasser joins the table at seat #3 
aliggat: calls $0.02
neri_cava: calls $0.01
Blake45645: checks 
*** FLOP *** [9d 5c Ad]
neri_cava: checks 
Blake45645: checks 
nomis1959: bets $0.02
aliggat: folds 
neri_cava: folds 
Blake45645: folds 
Uncalled bet ($0.02) returned to nomis1959
nomis1959 collected $0.08 from pot
*** SUMMARY ***
Total pot $0.08 | Rake $0 
Board [9d 5c Ad]
Seat 1: Blake45645 (big blind) folded on the Flop
Seat 2: dlolo30 folded before Flop (didn't bet)
Seat 4: nomis1959 collected ($0.08)
Seat 5: Dorex2007 folded before Flop (didn't bet)
Seat 6: iNteldrive folded before Flop (didn't bet)
Seat 8: aliggat (button) folded on the Flop
Seat 9: neri_cava (small blind) folded on the Flop



PokerStars Hand #234309985528:  Hold'em No Limit ($0.01/$0.02 USD) - 2022/02/22 18:29:44 PT [2022/02/22 21:29:44 ET]
Table 'Atala VI' 9-max Seat #9 is the button
Seat 1: Blake45645 ($7.74 in chips) 
Seat 2: dlolo30 ($2.81 in chips) 
Seat 4: nomis1959 ($1.87 in chips) 
Seat 5: Dorex2007 ($2.47 in chips) 
Seat 6: iNteldrive ($2.08 in chips) 
Seat 8: aliggat ($0.74 in chips) 
Seat 9: neri_cava ($0.31 in chips) 
Blake45645: posts small blind $0.01
dlolo30: posts big blind $0.02
jose nasser: sits out 
*** HOLE CARDS ***
Dealt to Dorex2007 [2s 9h]
nomis1959: calls $0.02
Dorex2007: folds 
iNteldrive: folds 
aliggat: folds 
neri_cava: calls $0.02
Blake45645: folds 
dlolo30: checks 
*** FLOP *** [Ks Ac 4c]
dlolo30: checks 
nomis1959: bets $0.02
neri_cava: folds 
dlolo30: folds 
Uncalled bet ($0.02) returned to nomis1959
nomis1959 collected $0.07 from pot
*** SUMMARY ***
Total pot $0.07 | Rake $0 
Board [Ks Ac 4c]
Seat 1: Blake45645 (small blind) folded before Flop
Seat 2: dlolo30 (big blind) folded on the Flop
Seat 4: nomis1959 collected ($0.07)
Seat 5: Dorex2007 folded before Flop (didn't bet)
Seat 6: iNteldrive folded before Flop (didn't bet)
Seat 8: aliggat folded before Flop (didn't bet)
Seat 9: neri_cava (button) folded on the Flop



PokerStars Hand #234309993495:  Hold'em No Limit ($0.01/$0.02 USD) - 2022/02/22 18:30:17 PT [2022/02/22 21:30:17 ET]
Table 'Atala VI' 9-max Seat #1 is the button
Seat 1: Blake45645 ($7.73 in chips) 
Seat 2: dlolo30 ($2.79 in chips) 
Seat 3: jose nasser ($0.80 in chips) 
Seat 4: nomis1959 ($1.92 in chips) 
Seat 5: Dorex2007 ($2.47 in chips) 
Seat 6: iNteldrive ($2.08 in chips) 
Seat 8: aliggat ($0.74 in chips) 
Seat 9: neri_cava ($0.29 in chips) 
dlolo30: posts small blind $0.01
jose nasser: posts big blind $0.02
Erick o humilde: sits out 
*** HOLE CARDS ***
Dealt to Dorex2007 [3d As]
nomis1959: folds 
Dorex2007: folds 
iNteldrive: folds 
aliggat: folds 
neri_cava: calls $0.02
Blake45645: folds 
dlolo30: folds 
Erick o humilde leaves the table
jose nasser: checks 
*** FLOP *** [3c 5h 2h]
jose nasser: checks 
neri_cava: checks 
*** TURN *** [3c 5h 2h] [Ah]
jose nasser: checks 
neri_cava: bets $0.02
jose nasser: calls $0.02
*** RIVER *** [3c 5h 2h Ah] [Kc]
jose nasser: checks 
neri_cava: checks 
*** SHOW DOWN ***
jose nasser: shows [6s 9d] (high card Ace)
neri_cava: shows [8c Ac] (a pair of Aces)
neri_cava collected $0.09 from pot
*** SUMMARY ***
Total pot $0.09 | Rake $0 
Board [3c 5h 2h Ah Kc]
Seat 1: Blake45645 (button) folded before Flop (didn't bet)
Seat 2: dlolo30 (small blind) folded before Flop
Seat 3: jose nasser (big blind) showed [6s 9d] and lost with high card Ace
Seat 4: nomis1959 folded before Flop (didn't bet)
Seat 5: Dorex2007 folded before Flop (didn't bet)
Seat 6: iNteldrive folded before Flop (didn't bet)
Seat 8: aliggat folded before Flop (didn't bet)
Seat 9: neri_cava showed [8c Ac] and won ($0.09) with a pair of Aces



PokerStars Hand #234310005812:  Hold'em No Limit ($0.01/$0.02 USD) - 2022/02/22 18:31:09 PT [2022/02/22 21:31:09 ET]
Table 'Atala VI' 9-max Seat #2 is the button
Seat 1: Blake45645 ($7.73 in chips) 
Seat 2: dlolo30 ($2.78 in chips) 
Seat 3: jose nasser ($0.76 in chips) 
Seat 4: nomis1959 ($1.92 in chips) 
Seat 5: Dorex2007 ($2.47 in chips) 
Seat 6: iNteldrive ($2.08 in chips) 
Seat 8: aliggat ($0.74 in chips) 
Seat 9: neri_cava ($0.34 in chips) 
jose nasser: posts small blind $0.01
nomis1959: posts big blind $0.02
*** HOLE CARDS ***
Dealt to Dorex2007 [5d Ks]
Dorex2007: folds 
iNteldrive: folds 
aliggat: folds 
neri_cava: folds 
Blake45645: raises $0.05 to $0.07
dlolo30: folds 
jose nasser: calls $0.06
nomis1959: folds 
*** FLOP *** [6h Kd 7s]
jose nasser: checks 
Blake45645: checks 
*** TURN *** [6h Kd 7s] [8c]
jose nasser: checks 
Blake45645: bets $0.08
jose nasser: folds 
Uncalled bet ($0.08) returned to Blake45645
Blake45645 collected $0.15 from pot
Blake45645: doesn't show hand 
*** SUMMARY ***
Total pot $0.16 | Rake $0.01 
Board [6h Kd 7s 8c]
Seat 1: Blake45645 collected ($0.15)
Seat 2: dlolo30 (button) folded before Flop (didn't bet)
Seat 3: jose nasser (small blind) folded on the Turn
Seat 4: nomis1959 (big blind) folded before Flop
Seat 5: Dorex2007 folded before Flop (didn't bet)
Seat 6: iNteldrive folded before Flop (didn't bet)
Seat 8: aliggat folded before Flop (didn't bet)
Seat 9: neri_cava folded before Flop (didn't bet)



PokerStars Hand #234310016266:  Hold'em No Limit ($0.01/$0.02 USD) - 2022/02/22 18:31:53 PT [2022/02/22 21:31:53 ET]
Table 'Atala VI' 9-max Seat #3 is the button
Seat 1: Blake45645 ($7.81 in chips) 
Seat 2: dlolo30 ($2.78 in chips) 
Seat 3: jose nasser ($0.69 in chips) 
Seat 4: nomis1959 ($1.90 in chips) 
Seat 5: Dorex2007 ($2.47 in chips) 
Seat 6: iNteldrive ($2.08 in chips) 
Seat 8: aliggat ($0.74 in chips) 
Seat 9: neri_cava ($0.34 in chips) 
nomis1959: posts small blind $0.01
Dorex2007: posts big blind $0.02
*** HOLE CARDS ***
Dealt to Dorex2007 [Ks Th]
iNteldrive: folds 
aliggat: folds 
neri_cava: folds 
Blake45645: folds 
dlolo30: folds 
jose nasser: calls $0.02
nomis1959: calls $0.01
Dorex2007: checks 
*** FLOP *** [Td 3s 5h]
nomis1959: checks 
Dorex2007: bets $0.06
stasto100 joins the table at seat #7 
jose nasser: calls $0.06
nomis1959: calls $0.06
*** TURN *** [Td 3s 5h] [Jd]
nomis1959: checks 
Dorex2007: checks 
jose nasser: checks 
*** RIVER *** [Td 3s 5h Jd] [5s]
nomis1959: bets $0.12
Dorex2007: folds 
jose nasser: folds 
Uncalled bet ($0.12) returned to nomis1959
nomis1959 collected $0.23 from pot
*** SUMMARY ***
Total pot $0.24 | Rake $0.01 
Board [Td 3s 5h Jd 5s]
Seat 1: Blake45645 folded before Flop (didn't bet)
Seat 2: dlolo30 folded before Flop (didn't bet)
Seat 3: jose nasser (button) folded on the River
Seat 4: nomis1959 (small blind) collected ($0.23)
Seat 5: Dorex2007 (big blind) folded on the River
Seat 6: iNteldrive folded before Flop (didn't bet)
Seat 8: aliggat folded before Flop (didn't bet)
Seat 9: neri_cava folded before Flop (didn't bet)



PokerStars Hand #234310030183:  Hold'em No Limit ($0.01/$0.02 USD) - 2022/02/22 18:32:52 PT [2022/02/22 21:32:52 ET]
Table 'Atala VI' 9-max Seat #4 is the button
Seat 1: Blake45645 ($7.81 in chips) 
Seat 2: dlolo30 ($2.78 in chips) 
Seat 3: jose nasser ($0.61 in chips) 
Seat 4: nomis1959 ($2.05 in chips) 
Seat 5: Dorex2007 ($2.39 in chips) 
Seat 6: iNteldrive ($2.08 in chips) 
Seat 8: aliggat ($0.74 in chips) 
Seat 9: neri_cava ($0.34 in chips) 
Dorex2007: posts small blind $0.01
iNteldrive: posts big blind $0.02
stasto100: sits out 
*** HOLE CARDS ***
Dealt to Dorex2007 [Th Ad]
aliggat: folds 
neri_cava: folds 
Blake45645: folds 
dlolo30: folds 
jose nasser: calls $0.02
nomis1959: folds 
Dorex2007: calls $0.01
iNteldrive: checks 
*** FLOP *** [Jd Ks 5c]
Dorex2007: checks 
iNteldrive: bets $0.02
jose nasser: folds 
Dorex2007: calls $0.02
*** TURN *** [Jd Ks 5c] [Kc]
Dorex2007: checks 
iNteldrive: bets $0.08
Dorex2007: calls $0.08
*** RIVER *** [Jd Ks 5c Kc] [Kd]
Dorex2007: bets $0.17
iNteldrive: raises $0.48 to $0.65
Dorex2007: folds 
Uncalled bet ($0.48) returned to iNteldrive
iNteldrive collected $0.58 from pot
*** SUMMARY ***
Total pot $0.60 | Rake $0.02 
Board [Jd Ks 5c Kc Kd]
Seat 1: Blake45645 folded before Flop (didn't bet)
Seat 2: dlolo30 folded before Flop (didn't bet)
Seat 3: jose nasser folded on the Flop
Seat 4: nomis1959 (button) folded before Flop (didn't bet)
Seat 5: Dorex2007 (small blind) folded on the River
Seat 6: iNteldrive (big blind) collected ($0.58)
Seat 8: aliggat folded before Flop (didn't bet)
Seat 9: neri_cava folded before Flop (didn't bet)



PokerStars Hand #234310040378:  Hold'em No Limit ($0.01/$0.02 USD) - 2022/02/22 18:33:35 PT [2022/02/22 21:33:35 ET]
Table 'Atala VI' 9-max Seat #5 is the button
Seat 1: Blake45645 ($7.81 in chips) 
Seat 2: dlolo30 ($2.78 in chips) 
Seat 3: jose nasser ($0.59 in chips) 
Seat 4: nomis1959 ($2.05 in chips) 
Seat 5: Dorex2007 ($2.10 in chips) 
Seat 6: iNteldrive ($2.37 in chips) 
Seat 7: stasto100 ($1.60 in chips) 
Seat 8: aliggat ($0.74 in chips) 
Seat 9: neri_cava ($0.34 in chips) 
iNteldrive: posts small blind $0.01
stasto100: posts big blind $0.02
*** HOLE CARDS ***
Dealt to Dorex2007 [Qh 3s]
aliggat: folds 
neri_cava: raises $0.04 to $0.06
Blake45645: folds 
dlolo30: folds 
jose nasser: folds 
nomis1959: folds 
Dorex2007: folds 
iNteldrive: folds 
stasto100: folds 
Uncalled bet ($0.04) returned to neri_cava
neri_cava collected $0.05 from pot
neri_cava: doesn't show hand 
*** SUMMARY ***
Total pot $0.05 | Rake $0 
Seat 1: Blake45645 folded before Flop (didn't bet)
Seat 2: dlolo30 folded before Flop (didn't bet)
Seat 3: jose nasser folded before Flop (didn't bet)
Seat 4: nomis1959 folded before Flop (didn't bet)
Seat 5: Dorex2007 (button) folded before Flop (didn't bet)
Seat 6: iNteldrive (small blind) folded before Flop
Seat 7: stasto100 (big blind) folded before Flop
Seat 8: aliggat folded before Flop (didn't bet)
Seat 9: neri_cava collected ($0.05)



PokerStars Hand #234310054781:  Hold'em No Limit ($0.01/$0.02 USD) - 2022/02/22 18:33:57 PT [2022/02/22 21:33:57 ET]
Table 'Atala VI' 9-max Seat #6 is the button
Seat 1: Blake45645 ($7.81 in chips) 
Seat 2: dlolo30 ($2.78 in chips) 
Seat 3: jose nasser ($0.59 in chips) 
Seat 4: nomis1959 ($2.05 in chips) 
Seat 5: Dorex2007 ($2.10 in chips) 
Seat 6: iNteldrive ($2.36 in chips) 
Seat 7: stasto100 ($1.58 in chips) 
Seat 8: aliggat ($0.74 in chips) 
Seat 9: neri_cava ($0.37 in chips) 
stasto100: posts small blind $0.01
aliggat: posts big blind $0.02
*** HOLE CARDS ***
Dealt to Dorex2007 [2c Qc]
neri_cava: folds 
Blake45645: folds 
dlolo30: folds 
jose nasser: calls $0.02
nomis1959: raises $0.08 to $0.10
Dorex2007: folds 
iNteldrive: folds 
stasto100: raises $0.08 to $0.18
aliggat: folds 
jose nasser: folds 
nomis1959: calls $0.08
*** FLOP *** [Qd Tc 8d]
stasto100: bets $0.20
nomis1959: calls $0.20
*** TURN *** [Qd Tc 8d] [7h]
stasto100: checks 
nomis1959: bets $0.39
stasto100: calls $0.39
*** RIVER *** [Qd Tc 8d 7h] [7c]
stasto100: checks 
nomis1959: checks 
*** SHOW DOWN ***
stasto100: shows [Kh Ad] (a pair of Sevens)
nomis1959: shows [Kc As] (a pair of Sevens)
stasto100 collected $0.76 from pot
nomis1959 collected $0.76 from pot
*** SUMMARY ***
Total pot $1.58 | Rake $0.06 
Board [Qd Tc 8d 7h 7c]
Seat 1: Blake45645 folded before Flop (didn't bet)
Seat 2: dlolo30 folded before Flop (didn't bet)
Seat 3: jose nasser folded before Flop
Seat 4: nomis1959 showed [Kc As] and won ($0.76) with a pair of Sevens
Seat 5: Dorex2007 folded before Flop (didn't bet)
Seat 6: iNteldrive (button) folded before Flop (didn't bet)
Seat 7: stasto100 (small blind) showed [Kh Ad] and won ($0.76) with a pair of Sevens
Seat 8: aliggat (big blind) folded before Flop
Seat 9: neri_cava folded before Flop (didn't bet)



PokerStars Hand #234310067587:  Hold'em No Limit ($0.01/$0.02 USD) - 2022/02/22 18:34:52 PT [2022/02/22 21:34:52 ET]
Table 'Atala VI' 9-max Seat #7 is the button
Seat 1: Blake45645 ($7.81 in chips) 
Seat 2: dlolo30 ($2.78 in chips) 
Seat 3: jose nasser ($0.57 in chips) 
Seat 4: nomis1959 ($2.04 in chips) 
Seat 5: Dorex2007 ($2.10 in chips) 
Seat 6: iNteldrive ($2.36 in chips) 
Seat 7: stasto100 ($1.57 in chips) 
Seat 8: aliggat ($0.72 in chips) 
Seat 9: neri_cava ($0.37 in chips) 
aliggat: posts small blind $0.01
neri_cava: posts big blind $0.02
*** HOLE CARDS ***
Dealt to Dorex2007 [4c 5h]
Blake45645: raises $0.05 to $0.07
dlolo30: folds 
jose nasser has timed out
jose nasser: folds 
nomis1959: calls $0.07
Dorex2007: folds 
iNteldrive: folds 
stasto100: folds 
aliggat: calls $0.06
neri_cava: calls $0.05
*** FLOP *** [8h Ac 3c]
aliggat: checks 
neri_cava: bets $0.10
Blake45645: calls $0.10
nomis1959: calls $0.10
aliggat: folds 
*** TURN *** [8h Ac 3c] [8c]
neri_cava: bets $0.20 and is all-in
Blake45645: calls $0.20
nomis1959: folds 
*** RIVER *** [8h Ac 3c 8c] [5c]
*** SHOW DOWN ***
neri_cava: shows [Ah 9c] (a flush, Ace high)
Blake45645: shows [3d 3s] (a full house, Threes full of Eights)
Blake45645 collected $0.95 from pot
neri_cava cashed out the hand for $0.09
*** SUMMARY ***
Total pot $0.98 | Rake $0.03 
Board [8h Ac 3c 8c 5c]
Seat 1: Blake45645 showed [3d 3s] and won ($0.95) with a full house, Threes full of Eights
Seat 2: dlolo30 folded before Flop (didn't bet)
Seat 3: jose nasser folded before Flop (didn't bet)
Seat 4: nomis1959 folded on the Turn
Seat 5: Dorex2007 folded before Flop (didn't bet)
Seat 6: iNteldrive folded before Flop (didn't bet)
Seat 7: stasto100 (button) folded before Flop (didn't bet)
Seat 8: aliggat (small blind) folded on the Flop
Seat 9: neri_cava (big blind) showed [Ah 9c] and lost with a flush, Ace high (cashed out).



PokerStars Hand #234310087450:  Hold'em No Limit ($0.01/$0.02 USD) - 2022/02/22 18:36:13 PT [2022/02/22 21:36:13 ET]
Table 'Atala VI' 9-max Seat #8 is the button
Seat 1: Blake45645 ($8.39 in chips) 
Seat 2: dlolo30 ($2.78 in chips) 
Seat 3: jose nasser ($0.57 in chips) 
Seat 4: nomis1959 ($1.87 in chips) 
Seat 5: Dorex2007 ($2.10 in chips) 
Seat 6: iNteldrive ($2.36 in chips) 
Seat 7: stasto100 ($1.57 in chips) 
Seat 8: aliggat ($0.80 in chips) 
Seat 9: neri_cava ($0.09 in chips) 
neri_cava: posts small blind $0.01
Blake45645: posts big blind $0.02
*** HOLE CARDS ***
Dealt to Dorex2007 [Js 4s]
dlolo30: folds 
jose nasser has timed out
jose nasser: folds 
nomis1959: folds 
Dorex2007: folds 
iNteldrive: raises $0.04 to $0.06
stasto100: folds 
aliggat: raises $0.74 to $0.80 and is all-in
neri_cava: folds 
Blake45645: folds 
iNteldrive: calls $0.74
*** FLOP *** [2s 3d 3h]
*** TURN *** [2s 3d 3h] [Ad]
*** RIVER *** [2s 3d 3h Ad] [4h]
*** SHOW DOWN ***
iNteldrive: shows [Kc Ah] (two pair, Aces and Threes)
aliggat: shows [Qs Qd] (two pair, Queens and Threes)
iNteldrive collected $1.57 from pot
*** SUMMARY ***
Total pot $1.63 | Rake $0.06 
Board [2s 3d 3h Ad 4h]
Seat 1: Blake45645 (big blind) folded before Flop
Seat 2: dlolo30 folded before Flop (didn't bet)
Seat 3: jose nasser folded before Flop (didn't bet)
Seat 4: nomis1959 folded before Flop (didn't bet)
Seat 5: Dorex2007 folded before Flop (didn't bet)
Seat 6: iNteldrive showed [Kc Ah] and won ($1.57) with two pair, Aces and Threes
Seat 7: stasto100 folded before Flop (didn't bet)
Seat 8: aliggat (button) showed [Qs Qd] and lost with two pair, Queens and Threes
Seat 9: neri_cava (small blind) folded before Flop



PokerStars Hand #234310098121:  Hold'em No Limit ($0.01/$0.02 USD) - 2022/02/22 18:36:56 PT [2022/02/22 21:36:56 ET]
Table 'Atala VI' 9-max Seat #9 is the button
Seat 1: Blake45645 ($8.37 in chips) 
Seat 2: dlolo30 ($2.78 in chips) 
Seat 4: nomis1959 ($1.87 in chips) 
Seat 5: Dorex2007 ($2.10 in chips) 
Seat 6: iNteldrive ($3.13 in chips) 
Seat 7: stasto100 ($1.57 in chips) 
Seat 8: aliggat ($0.80 in chips) 
Seat 9: neri_cava ($0.08 in chips) 
Blake45645: posts small blind $0.01
dlolo30: posts big blind $0.02
*** HOLE CARDS ***
Dealt to Dorex2007 [Ad 6s]
nomis1959: calls $0.02
Dorex2007: folds 
iNteldrive: folds 
stasto100: folds 
aliggat: folds 
neri_cava: raises $0.04 to $0.06
Blake45645: folds 
dlolo30: folds 
nomis1959: raises $0.04 to $0.10
neri_cava: calls $0.02 and is all-in
Uncalled bet ($0.02) returned to nomis1959
*** FLOP *** [Jh 6d Tc]
*** TURN *** [Jh 6d Tc] [3c]
*** RIVER *** [Jh 6d Tc 3c] [Jd]
*** SHOW DOWN ***
nomis1959: shows [8h As] (a pair of Jacks)
neri_cava: shows [Kd Js] (three of a kind, Jacks)
neri_cava cashed out the hand for $0.07
*** SUMMARY ***
Total pot $0.19 | Rake $0.01 
Board [Jh 6d Tc 3c Jd]
Seat 1: Blake45645 (small blind) folded before Flop
Seat 2: dlolo30 (big blind) folded before Flop
Seat 4: nomis1959 showed [8h As] and lost with a pair of Jacks
Seat 5: Dorex2007 folded before Flop (didn't bet)
Seat 6: iNteldrive folded before Flop (didn't bet)
Seat 7: stasto100 folded before Flop (didn't bet)
Seat 8: aliggat folded before Flop (didn't bet)
Seat 9: neri_cava (button) showed [Kd Js] and won ($0.18) with three of a kind, Jacks (pot not awarded as player cashed out)



PokerStars Hand #234310106499:  Hold'em No Limit ($0.01/$0.02 USD) - 2022/02/22 18:37:30 PT [2022/02/22 21:37:30 ET]
Table 'Atala VI' 9-max Seat #1 is the button
Seat 1: Blake45645 ($8.36 in chips) 
Seat 2: dlolo30 ($2.76 in chips) 
Seat 4: nomis1959 ($1.79 in chips) 
Seat 5: Dorex2007 ($2.10 in chips) 
Seat 6: iNteldrive ($3.13 in chips) 
Seat 7: stasto100 ($1.57 in chips) 
Seat 8: aliggat ($0.80 in chips) 
Seat 9: neri_cava ($0.07 in chips) 
dlolo30: posts small blind $0.01
nomis1959: posts big blind $0.02
*** HOLE CARDS ***
Dealt to Dorex2007 [4h 6c]
Dorex2007: folds 
iNteldrive: folds 
stasto100: raises $0.02 to $0.04
aliggat: folds 
neri_cava: calls $0.04
Blake45645: folds 
dlolo30: calls $0.03
nomis1959: calls $0.02
*** FLOP *** [Jh As 8h]
dlolo30: checks 
nomis1959: bets $0.04
stasto100: folds 
neri_cava: calls $0.03 and is all-in
dlolo30: folds 
Uncalled bet ($0.01) returned to nomis1959
*** TURN *** [Jh As 8h] [7d]
*** RIVER *** [Jh As 8h 7d] [3h]
*** SHOW DOWN ***
nomis1959: shows [9d Ac] (a pair of Aces)
neri_cava: shows [Ad 4c] (a pair of Aces - lower kicker)
nomis1959 collected $0.21 from pot
*** SUMMARY ***
Total pot $0.22 | Rake $0.01 
Board [Jh As 8h 7d 3h]
Seat 1: Blake45645 (button) folded before Flop (didn't bet)
Seat 2: dlolo30 (small blind) folded on the Flop
Seat 4: nomis1959 (big blind) showed [9d Ac] and won ($0.21) with a pair of Aces
Seat 5: Dorex2007 folded before Flop (didn't bet)
Seat 6: iNteldrive folded before Flop (didn't bet)
Seat 7: stasto100 folded on the Flop
Seat 8: aliggat folded before Flop (didn't bet)
Seat 9: neri_cava showed [Ad 4c] and lost with a pair of Aces



PokerStars Hand #234310118066:  Hold'em No Limit ($0.01/$0.02 USD) - 2022/02/22 18:38:17 PT [2022/02/22 21:38:17 ET]
Table 'Atala VI' 9-max Seat #2 is the button
Seat 1: Blake45645 ($8.36 in chips) 
Seat 2: dlolo30 ($2.72 in chips) 
Seat 4: nomis1959 ($1.93 in chips) 
Seat 5: Dorex2007 ($2.10 in chips) 
Seat 6: iNteldrive ($3.13 in chips) 
Seat 7: stasto100 ($1.53 in chips) 
Seat 8: aliggat ($0.80 in chips) 
nomis1959: posts small blind $0.01
Dorex2007: posts big blind $0.02
*** HOLE CARDS ***
Dealt to Dorex2007 [Qc Kh]
iNteldrive: folds 
stasto100: folds 
aliggat: calls $0.02
Blake45645: folds 
dlolo30: folds 
neri_cava leaves the table
nomis1959: raises $0.02 to $0.04
Dorex2007: calls $0.02
aliggat: calls $0.02
*** FLOP *** [3d 7h Ks]
nomis1959: bets $0.04
Dorex2007: calls $0.04
aliggat: folds 
*** TURN *** [3d 7h Ks] [3s]
nomis1959: checks 
Dorex2007: bets $0.19
nomis1959: folds 
Uncalled bet ($0.19) returned to Dorex2007
Dorex2007 collected $0.19 from pot
Dorex2007: doesn't show hand 
*** SUMMARY ***
Total pot $0.20 | Rake $0.01 
Board [3d 7h Ks 3s]
Seat 1: Blake45645 folded before Flop (didn't bet)
Seat 2: dlolo30 (button) folded before Flop (didn't bet)
Seat 4: nomis1959 (small blind) folded on the Turn
Seat 5: Dorex2007 (big blind) collected ($0.19)
Seat 6: iNteldrive folded before Flop (didn't bet)
Seat 7: stasto100 folded before Flop (didn't bet)
Seat 8: aliggat folded on the Flop



PokerStars Hand #234310126150:  Hold'em No Limit ($0.01/$0.02 USD) - 2022/02/22 18:38:50 PT [2022/02/22 21:38:50 ET]
Table 'Atala VI' 9-max Seat #4 is the button
Seat 1: Blake45645 ($8.36 in chips) 
Seat 2: dlolo30 ($2.72 in chips) 
Seat 4: nomis1959 ($1.85 in chips) 
Seat 5: Dorex2007 ($2.21 in chips) 
Seat 6: iNteldrive ($3.13 in chips) 
Seat 7: stasto100 ($1.53 in chips) 
Seat 8: aliggat ($0.76 in chips) 
Dorex2007: posts small blind $0.01
iNteldrive: posts big blind $0.02
*** HOLE CARDS ***
Dealt to Dorex2007 [7s 9s]
stasto100: folds 
aliggat: folds 
Blake45645: folds 
dlolo30: raises $0.08 to $0.10
nomis1959: calls $0.10
Dorex2007: folds 
iNteldrive: folds 
*** FLOP *** [2s 4s 2h]
iNteldrive leaves the table
dlolo30: bets $0.14
nomis1959: calls $0.14
*** TURN *** [2s 4s 2h] [7c]
dlolo30: bets $0.25
nomis1959: calls $0.25
*** RIVER *** [2s 4s 2h 7c] [4h]
dlolo30: bets $0.49
nomis1959: calls $0.49
*** SHOW DOWN ***
dlolo30: shows [Js As] (two pair, Fours and Deuces)
nomis1959: shows [Ad Kd] (two pair, Fours and Deuces)
dlolo30 collected $0.96 from pot
nomis1959 collected $0.96 from pot
*** SUMMARY ***
Total pot $1.99 | Rake $0.07 
Board [2s 4s 2h 7c 4h]
Seat 1: Blake45645 folded before Flop (didn't bet)
Seat 2: dlolo30 showed [Js As] and won ($0.96) with two pair, Fours and Deuces
Seat 4: nomis1959 (button) showed [Ad Kd] and won ($0.96) with two pair, Fours and Deuces
Seat 5: Dorex2007 (small blind) folded before Flop
Seat 6: iNteldrive (big blind) folded before Flop
Seat 7: stasto100 folded before Flop (didn't bet)
Seat 8: aliggat folded before Flop (didn't bet)



PokerStars Hand #234310135343:  Hold'em No Limit ($0.01/$0.02 USD) - 2022/02/22 18:39:27 PT [2022/02/22 21:39:27 ET]
Table 'Atala VI' 9-max Seat #5 is the button
Seat 1: Blake45645 ($8.36 in chips) 
Seat 2: dlolo30 ($2.70 in chips) 
Seat 4: nomis1959 ($1.83 in chips) 
Seat 5: Dorex2007 ($2.20 in chips) 
Seat 7: stasto100 ($1.53 in chips) 
Seat 8: aliggat ($0.76 in chips) 
stasto100: posts small blind $0.01
aliggat: posts big blind $0.02
*** HOLE CARDS ***
Dealt to Dorex2007 [Qc 8h]
Blake45645: folds 
dlolo30: folds 
nomis1959: calls $0.02
Dorex2007: folds 
stasto100: calls $0.01
aliggat: checks 
*** FLOP *** [Jh 3c Kd]
stasto100: checks 
aliggat: bets $0.02
nomis1959: calls $0.02
stasto100: raises $0.12 to $0.14
aliggat: folds 
nomis1959: folds 
Uncalled bet ($0.12) returned to stasto100
stasto100 collected $0.12 from pot
stasto100: doesn't show hand 
*** SUMMARY ***
Total pot $0.12 | Rake $0 
Board [Jh 3c Kd]
Seat 1: Blake45645 folded before Flop (didn't bet)
Seat 2: dlolo30 folded before Flop (didn't bet)
Seat 4: nomis1959 folded on the Flop
Seat 5: Dorex2007 (button) folded before Flop (didn't bet)
Seat 7: stasto100 (small blind) collected ($0.12)
Seat 8: aliggat (big blind) folded on the Flop



PokerStars Hand #234310143248:  Hold'em No Limit ($0.01/$0.02 USD) - 2022/02/22 18:40:00 PT [2022/02/22 21:40:00 ET]
Table 'Atala VI' 9-max Seat #7 is the button
Seat 1: Blake45645 ($8.36 in chips) 
Seat 2: dlolo30 ($2.70 in chips) 
Seat 4: nomis1959 ($1.79 in chips) 
Seat 5: Dorex2007 ($2.20 in chips) 
Seat 7: stasto100 ($1.61 in chips) 
Seat 8: aliggat ($0.72 in chips) 
aliggat: posts small blind $0.01
Blake45645: posts big blind $0.02
*** HOLE CARDS ***
Dealt to Dorex2007 [2h Js]
dlolo30: folds 
nomis1959: calls $0.02
Dorex2007: folds 
stasto100: folds 
aliggat: calls $0.01
Blake45645: checks 
*** FLOP *** [4s 5d 3c]
aliggat: checks 
Blake45645: checks 
nomis1959: bets $0.04
aliggat: folds 
Blake45645: folds 
Uncalled bet ($0.04) returned to nomis1959
nomis1959 collected $0.06 from pot
*** SUMMARY ***
Total pot $0.06 | Rake $0 
Board [4s 5d 3c]
Seat 1: Blake45645 (big blind) folded on the Flop
Seat 2: dlolo30 folded before Flop (didn't bet)
Seat 4: nomis1959 collected ($0.06)
Seat 5: Dorex2007 folded before Flop (didn't bet)
Seat 7: stasto100 (button) folded before Flop (didn't bet)
Seat 8: aliggat (small blind) folded on the Flop



PokerStars Hand #234310163772:  Hold'em No Limit ($0.01/$0.02 USD) - 2022/02/22 18:40:44 PT [2022/02/22 21:40:44 ET]
Table 'Atala VI' 9-max Seat #8 is the button
Seat 1: Blake45645 ($8.34 in chips) 
Seat 2: dlolo30 ($2.70 in chips) 
Seat 4: nomis1959 ($1.83 in chips) 
Seat 5: Dorex2007 ($2.20 in chips) 
Seat 7: stasto100 ($1.61 in chips) 
Seat 8: aliggat ($0.70 in chips) 
Blake45645: posts small blind $0.01
dlolo30: posts big blind $0.02
*** HOLE CARDS ***
Dealt to Dorex2007 [3d 4c]
nomis1959: folds 
Dorex2007: folds 
stasto100: folds 
aliggat: folds 
Blake45645: folds 
Uncalled bet ($0.01) returned to dlolo30
dlolo30 collected $0.02 from pot
*** SUMMARY ***
Total pot $0.02 | Rake $0 
Seat 1: Blake45645 (small blind) folded before Flop
Seat 2: dlolo30 (big blind) collected ($0.02)
Seat 4: nomis1959 folded before Flop (didn't bet)
Seat 5: Dorex2007 folded before Flop (didn't bet)
Seat 7: stasto100 folded before Flop (didn't bet)
Seat 8: aliggat (button) folded before Flop (didn't bet)



PokerStars Hand #234310166352:  Hold'em No Limit ($0.01/$0.02 USD) - 2022/02/22 18:40:54 PT [2022/02/22 21:40:54 ET]
Table 'Atala VI' 9-max Seat #1 is the button
Seat 1: Blake45645 ($8.33 in chips) 
Seat 2: dlolo30 ($2.71 in chips) 
Seat 4: nomis1959 ($1.83 in chips) 
Seat 5: Dorex2007 ($2.20 in chips) 
Seat 7: stasto100 ($1.61 in chips) 
Seat 8: aliggat ($0.70 in chips) 
dlolo30: posts small blind $0.01
nomis1959: posts big blind $0.02
*** HOLE CARDS ***
Dealt to Dorex2007 [5h Kd]
Dorex2007: folds 
stasto100: calls $0.02
aliggat: folds 
Blake45645: folds 
dlolo30: calls $0.01
nomis1959: checks 
*** FLOP *** [3h 3s As]
dlolo30: checks 
nomis1959: checks 
stasto100: checks 
*** TURN *** [3h 3s As] [4d]
dlolo30: checks 
nomis1959: bets $0.02
stasto100: calls $0.02
dlolo30: folds 
*** RIVER *** [3h 3s As 4d] [Ts]
nomis1959: checks 
stasto100: bets $0.02
nomis1959: folds 
Uncalled bet ($0.02) returned to stasto100
stasto100 collected $0.10 from pot
stasto100: doesn't show hand 
*** SUMMARY ***
Total pot $0.10 | Rake $0 
Board [3h 3s As 4d Ts]
Seat 1: Blake45645 (button) folded before Flop (didn't bet)
Seat 2: dlolo30 (small blind) folded on the Turn
Seat 4: nomis1959 (big blind) folded on the River
Seat 5: Dorex2007 folded before Flop (didn't bet)
Seat 7: stasto100 collected ($0.10)
Seat 8: aliggat folded before Flop (didn't bet)



PokerStars Hand #234310178846:  Hold'em No Limit ($0.01/$0.02 USD) - 2022/02/22 18:41:45 PT [2022/02/22 21:41:45 ET]
Table 'Atala VI' 9-max Seat #2 is the button
Seat 1: Blake45645 ($8.33 in chips) 
Seat 2: dlolo30 ($2.69 in chips) 
Seat 4: nomis1959 ($1.79 in chips) 
Seat 5: Dorex2007 ($2.20 in chips) 
Seat 7: stasto100 ($1.67 in chips) 
Seat 8: aliggat ($0.70 in chips) 
nomis1959: posts small blind $0.01
Dorex2007: posts big blind $0.02
*** HOLE CARDS ***
Dealt to Dorex2007 [5d 5s]
stasto100: calls $0.02
aliggat: folds 
Blake45645: calls $0.02
jose nasser leaves the table
dlolo30: folds 
nomis1959: calls $0.01
Dorex2007: checks 
*** FLOP *** [3d Kh Qc]
nomis1959: checks 
Dorex2007: checks 
stasto100: checks 
Blake45645: checks 
*** TURN *** [3d Kh Qc] [Kd]
nomis1959: checks 
Dorex2007: checks 
stasto100: checks 
Blake45645: checks 
*** RIVER *** [3d Kh Qc Kd] [9c]
nomis1959: checks 
Dorex2007: checks 
stasto100: checks 
Blake45645: checks 
*** SHOW DOWN ***
nomis1959: shows [Jd 7h] (a pair of Kings)
Dorex2007: shows [5d 5s] (two pair, Kings and Fives)
stasto100: mucks hand 
Blake45645: mucks hand 
Dorex2007 collected $0.08 from pot
*** SUMMARY ***
Total pot $0.08 | Rake $0 
Board [3d Kh Qc Kd 9c]
Seat 1: Blake45645 mucked [Ah 4h]
Seat 2: dlolo30 (button) folded before Flop (didn't bet)
Seat 4: nomis1959 (small blind) showed [Jd 7h] and lost with a pair of Kings
Seat 5: Dorex2007 (big blind) showed [5d 5s] and won ($0.08) with two pair, Kings and Fives
Seat 7: stasto100 mucked [Ad 7d]
Seat 8: aliggat folded before Flop (didn't bet)



PokerStars Hand #234310190686:  Hold'em No Limit ($0.01/$0.02 USD) - 2022/02/22 18:42:33 PT [2022/02/22 21:42:33 ET]
Table 'Atala VI' 9-max Seat #4 is the button
Seat 1: Blake45645 ($8.31 in chips) 
Seat 2: dlolo30 ($2.69 in chips) 
Seat 4: nomis1959 ($1.77 in chips) 
Seat 5: Dorex2007 ($2.26 in chips) 
Seat 7: stasto100 ($1.65 in chips) 
Seat 8: aliggat ($0.70 in chips) 
Dorex2007: posts small blind $0.01
stasto100: posts big blind $0.02
*** HOLE CARDS ***
Dealt to Dorex2007 [3s 5h]
aliggat: folds 
Blake45645: folds 
aliggat leaves the table
dlolo30 has timed out
dlolo30: folds 
nomis1959: folds 
Dorex2007: folds 
Uncalled bet ($0.01) returned to stasto100
stasto100 collected $0.02 from pot
stasto100: doesn't show hand 
*** SUMMARY ***
Total pot $0.02 | Rake $0 
Seat 1: Blake45645 folded before Flop (didn't bet)
Seat 2: dlolo30 folded before Flop (didn't bet)
Seat 4: nomis1959 (button) folded before Flop (didn't bet)
Seat 5: Dorex2007 (small blind) folded before Flop
Seat 7: stasto100 (big blind) collected ($0.02)
Seat 8: aliggat folded before Flop (didn't bet)



