PokerStars Hand #238860417151:  Hold'em No Limit ($0.02/$0.05 USD) - 2022/09/25 11:28:37 PT [2022/09/25 14:28:37 ET]
Table 'Dnoces II' 9-max Seat #1 is the button
Seat 1: sbellzy ($5 in chips) 
Seat 2: pasha-s-1983 ($3.95 in chips) 
Seat 4: Dorex2007 ($5 in chips) 
Seat 8: jegy33 ($2 in chips) 
Seat 9: Nutellam@n ($5.07 in chips) 
pasha-s-1983: posts small blind $0.02
Dorex2007: posts big blind $0.05
metinski_d: sits out 
*** HOLE CARDS ***
Dealt to Dorex2007 [7h 4d]
jegy33: folds 
pi.ontheline joins the table at seat #6 
Nutellam@n: raises $0.07 to $0.12
LesUhl1977 joins the table at seat #7 
B.Mathsson joins the table at seat #3 
sbellzy: raises $0.18 to $0.30
pasha-s-1983: folds 
Dorex2007: folds 
Nutellam@n: calls $0.18
*** FLOP *** [3h 8h 9s]
Nutellam@n: checks 
sbellzy: bets $0.32
Nutellam@n: raises $0.64 to $0.96
sbellzy: folds 
Uncalled bet ($0.64) returned to Nutellam@n
Nutellam@n collected $1.25 from pot
Nutellam@n: doesn't show hand 
*** SUMMARY ***
Total pot $1.31 | Rake $0.06 
Board [3h 8h 9s]
Seat 1: sbellzy (button) folded on the Flop
Seat 2: pasha-s-1983 (small blind) folded before Flop
Seat 4: Dorex2007 (big blind) folded before Flop
Seat 8: jegy33 folded before Flop (didn't bet)
Seat 9: Nutellam@n collected ($1.25)



PokerStars Hand #238860418638:  Hold'em No Limit ($0.02/$0.05 USD) - 2022/09/25 11:29:18 PT [2022/09/25 14:29:18 ET]
Table 'Dnoces II' 9-max Seat #2 is the button
Seat 1: sbellzy ($5 in chips) 
Seat 2: pasha-s-1983 ($3.93 in chips) 
Seat 4: Dorex2007 ($5 in chips) 
Seat 5: metinski_d ($5 in chips) 
Seat 6: pi.ontheline ($4 in chips) 
Seat 7: LesUhl1977 ($5 in chips) 
Seat 8: jegy33 ($2 in chips) 
Seat 9: Nutellam@n ($5.70 in chips) 
Dorex2007: posts small blind $0.02
metinski_d: posts big blind $0.05
pi.ontheline: posts big blind $0.05
LesUhl1977: posts big blind $0.05
*** HOLE CARDS ***
Dealt to Dorex2007 [8c Js]
pi.ontheline: checks 
LesUhl1977: checks 
jegy33: folds 
Nutellam@n: folds 
sbellzy: raises $0.10 to $0.15
jegy33 leaves the table
pasha-s-1983: folds 
watersofain joins the table at seat #8 
Dorex2007: folds 
metinski_d: calls $0.10
pi.ontheline: calls $0.10
LesUhl1977: folds 
*** FLOP *** [Kd Kh Kc]
B.Mathsson will be allowed to play after the button
sbellzy is disconnected 
Dorex2007 is disconnected 
B.Mathsson is disconnected 
pasha-s-1983 is disconnected 
metinski_d is disconnected 
pi.ontheline is disconnected 
LesUhl1977 is disconnected 
Nutellam@n is disconnected 
metinski_d has timed out while disconnected
metinski_d: checks 
pi.ontheline has timed out while disconnected
pi.ontheline: checks 
sbellzy has timed out while disconnected
sbellzy: checks 
*** TURN *** [Kd Kh Kc] [5h]
metinski_d has timed out while disconnected
metinski_d: checks 
watersofain is disconnected 
B.Mathsson leaves the table
pi.ontheline has timed out while disconnected
pi.ontheline: checks 
sbellzy: checks 
*** RIVER *** [Kd Kh Kc 5h] [7h]
metinski_d: checks 
pi.ontheline has timed out while disconnected
pi.ontheline: checks 
sbellzy is disconnected 
Dorex2007 is disconnected 
metinski_d is disconnected 
Nutellam@n is disconnected 
LesUhl1977 is disconnected 
sbellzy has timed out while disconnected
sbellzy: checks 
*** SHOW DOWN ***
metinski_d: shows [Jd Ad] (three of a kind, Kings)
pi.ontheline: shows [Td 7c] (a full house, Kings full of Sevens)
sbellzy: mucks hand 
pi.ontheline collected $0.50 from pot
*** SUMMARY ***
Total pot $0.52 | Rake $0.02 
Board [Kd Kh Kc 5h 7h]
Seat 1: sbellzy mucked [8s As]
Seat 2: pasha-s-1983 (button) folded before Flop (didn't bet)
Seat 4: Dorex2007 (small blind) folded before Flop
Seat 5: metinski_d (big blind) showed [Jd Ad] and lost with three of a kind, Kings
Seat 6: pi.ontheline showed [Td 7c] and won ($0.50) with a full house, Kings full of Sevens
Seat 7: LesUhl1977 folded before Flop (didn't bet)
Seat 8: jegy33 folded before Flop (didn't bet)
Seat 9: Nutellam@n folded before Flop (didn't bet)



