PokerStars Hand #238671065787:  Hold'em No Limit ($0.02/$0.05 USD) - 2022/09/16 14:23:20 PT [2022/09/16 17:23:20 ET]
Table 'Nausikaa II' 9-max Seat #2 is the button
Seat 2: WeNaSo_07 ($2.68 in chips) 
Seat 3: MarkFitz76 ($6.79 in chips) 
Seat 5: Jumbles56 ($4.86 in chips) 
Seat 6: blueberry ($5.06 in chips) 
Seat 7: deckynlr ($6.32 in chips) 
Seat 8: Dorex2007 ($5 in chips) 
Seat 9: djeckells ($6.76 in chips) 
MarkFitz76: posts small blind $0.02
Jumbles56: posts big blind $0.05
Dorex2007: posts big blind $0.05
Ruslieq: sits out 
*** HOLE CARDS ***
Dealt to Dorex2007 [9h 4d]
blueberry: folds 
deckynlr: folds 
Dorex2007: checks 
djeckells: calls $0.05
WeNaSo_07: folds 
MarkFitz76: calls $0.03
Jumbles56: checks 
*** FLOP *** [4h 4c Th]
MarkFitz76: checks 
Jumbles56: checks 
Dorex2007: bets $0.13
djeckells: folds 
MarkFitz76: folds 
Jumbles56: folds 
Uncalled bet ($0.13) returned to Dorex2007
Dorex2007 collected $0.19 from pot
Dorex2007: doesn't show hand 
*** SUMMARY ***
Total pot $0.20 | Rake $0.01 
Board [4h 4c Th]
Seat 2: WeNaSo_07 (button) folded before Flop (didn't bet)
Seat 3: MarkFitz76 (small blind) folded on the Flop
Seat 5: Jumbles56 (big blind) folded on the Flop
Seat 6: blueberry folded before Flop (didn't bet)
Seat 7: deckynlr folded before Flop (didn't bet)
Seat 8: Dorex2007 collected ($0.19)
Seat 9: djeckells folded on the Flop



PokerStars Hand #238671085705:  Hold'em No Limit ($0.02/$0.05 USD) - 2022/09/16 14:24:08 PT [2022/09/16 17:24:08 ET]
Table 'Nausikaa II' 9-max Seat #3 is the button
Seat 2: WeNaSo_07 ($2.68 in chips) 
Seat 3: MarkFitz76 ($6.74 in chips) 
Seat 6: blueberry ($5.06 in chips) 
Seat 7: deckynlr ($6.32 in chips) 
Seat 8: Dorex2007 ($5.14 in chips) 
blueberry: posts small blind $0.02
deckynlr: posts big blind $0.05
Ruslieq: sits out 
*** HOLE CARDS ***
Dealt to Dorex2007 [7s 9h]
Dorex2007: folds 
WeNaSo_07: folds 
MarkFitz76: folds 
blueberry: folds 
Uncalled bet ($0.03) returned to deckynlr
deckynlr collected $0.04 from pot
deckynlr: doesn't show hand 
*** SUMMARY ***
Total pot $0.04 | Rake $0 
Seat 2: WeNaSo_07 folded before Flop (didn't bet)
Seat 3: MarkFitz76 (button) folded before Flop (didn't bet)
Seat 6: blueberry (small blind) folded before Flop
Seat 7: deckynlr (big blind) collected ($0.04)
Seat 8: Dorex2007 folded before Flop (didn't bet)



PokerStars Hand #238671089345:  Hold'em No Limit ($0.02/$0.05 USD) - 2022/09/16 14:24:17 PT [2022/09/16 17:24:17 ET]
Table 'Nausikaa II' 9-max Seat #6 is the button
Seat 2: WeNaSo_07 ($2.68 in chips) 
Seat 3: MarkFitz76 ($6.74 in chips) 
Seat 6: blueberry ($5.04 in chips) 
Seat 7: deckynlr ($6.34 in chips) 
Seat 8: Dorex2007 ($5.14 in chips) 
deckynlr: posts small blind $0.02
Dorex2007: posts big blind $0.05
Ruslieq: sits out 
*** HOLE CARDS ***
Dealt to Dorex2007 [Ts 8d]
WeNaSo_07: folds 
MarkFitz76: folds 
blueberry: folds 
deckynlr: raises $0.10 to $0.15
Dorex2007: folds 
Uncalled bet ($0.10) returned to deckynlr
deckynlr collected $0.10 from pot
deckynlr: doesn't show hand 
*** SUMMARY ***
Total pot $0.10 | Rake $0 
Seat 2: WeNaSo_07 folded before Flop (didn't bet)
Seat 3: MarkFitz76 folded before Flop (didn't bet)
Seat 6: blueberry (button) folded before Flop (didn't bet)
Seat 7: deckynlr (small blind) collected ($0.10)
Seat 8: Dorex2007 (big blind) folded before Flop



PokerStars Hand #238671095504:  Hold'em No Limit ($0.02/$0.05 USD) - 2022/09/16 14:24:32 PT [2022/09/16 17:24:32 ET]
Table 'Nausikaa II' 9-max Seat #7 is the button
Seat 1: Ruslieq ($5 in chips) 
Seat 2: WeNaSo_07 ($2.68 in chips) 
Seat 3: MarkFitz76 ($6.74 in chips) 
Seat 6: blueberry ($5.04 in chips) 
Seat 7: deckynlr ($6.39 in chips) 
Seat 8: Dorex2007 ($5.09 in chips) 
Dorex2007: posts small blind $0.02
Ruslieq: posts big blind $0.05
*** HOLE CARDS ***
Dealt to Dorex2007 [3s 6h]
WeNaSo_07: folds 
MarkFitz76: folds 
blueberry: raises $0.10 to $0.15
deckynlr: folds 
Dorex2007: folds 
Ruslieq: folds 
Uncalled bet ($0.10) returned to blueberry
blueberry collected $0.12 from pot
blueberry: doesn't show hand 
*** SUMMARY ***
Total pot $0.12 | Rake $0 
Seat 1: Ruslieq (big blind) folded before Flop
Seat 2: WeNaSo_07 folded before Flop (didn't bet)
Seat 3: MarkFitz76 folded before Flop (didn't bet)
Seat 6: blueberry collected ($0.12)
Seat 7: deckynlr (button) folded before Flop (didn't bet)
Seat 8: Dorex2007 (small blind) folded before Flop



PokerStars Hand #238671102848:  Hold'em No Limit ($0.02/$0.05 USD) - 2022/09/16 14:24:50 PT [2022/09/16 17:24:50 ET]
Table 'Nausikaa II' 9-max Seat #8 is the button
Seat 1: Ruslieq ($5 in chips) 
Seat 2: WeNaSo_07 ($2.68 in chips) 
Seat 3: MarkFitz76 ($6.74 in chips) 
Seat 6: blueberry ($5.11 in chips) 
Seat 7: deckynlr ($6.39 in chips) 
Seat 8: Dorex2007 ($5.07 in chips) 
Ruslieq: posts small blind $0.02
WeNaSo_07: posts big blind $0.05
*** HOLE CARDS ***
Dealt to Dorex2007 [3d Jd]
MarkFitz76: folds 
blueberry: folds 
deckynlr: raises $0.10 to $0.15
Dorex2007: folds 
Ruslieq: folds 
WeNaSo_07: folds 
Uncalled bet ($0.10) returned to deckynlr
deckynlr collected $0.12 from pot
deckynlr: doesn't show hand 
*** SUMMARY ***
Total pot $0.12 | Rake $0 
Seat 1: Ruslieq (small blind) folded before Flop
Seat 2: WeNaSo_07 (big blind) folded before Flop
Seat 3: MarkFitz76 folded before Flop (didn't bet)
Seat 6: blueberry folded before Flop (didn't bet)
Seat 7: deckynlr collected ($0.12)
Seat 8: Dorex2007 (button) folded before Flop (didn't bet)



PokerStars Hand #238671111390:  Hold'em No Limit ($0.02/$0.05 USD) - 2022/09/16 14:25:11 PT [2022/09/16 17:25:11 ET]
Table 'Nausikaa II' 9-max Seat #1 is the button
Seat 1: Ruslieq ($5 in chips) 
Seat 2: WeNaSo_07 ($2.63 in chips) 
Seat 3: MarkFitz76 ($6.74 in chips) 
Seat 6: blueberry ($5.11 in chips) 
Seat 7: deckynlr ($6.46 in chips) 
Seat 8: Dorex2007 ($5.07 in chips) 
WeNaSo_07: posts small blind $0.02
MarkFitz76: posts big blind $0.05
*** HOLE CARDS ***
Dealt to Dorex2007 [7c 8s]
blueberry: folds 
deckynlr: folds 
Dorex2007: folds 
Ruslieq: folds 
WeNaSo_07: raises $0.10 to $0.15
MarkFitz76: folds 
Uncalled bet ($0.10) returned to WeNaSo_07
WeNaSo_07 collected $0.10 from pot
WeNaSo_07: doesn't show hand 
*** SUMMARY ***
Total pot $0.10 | Rake $0 
Seat 1: Ruslieq (button) folded before Flop (didn't bet)
Seat 2: WeNaSo_07 (small blind) collected ($0.10)
Seat 3: MarkFitz76 (big blind) folded before Flop
Seat 6: blueberry folded before Flop (didn't bet)
Seat 7: deckynlr folded before Flop (didn't bet)
Seat 8: Dorex2007 folded before Flop (didn't bet)



PokerStars Hand #238671116686:  Hold'em No Limit ($0.02/$0.05 USD) - 2022/09/16 14:25:24 PT [2022/09/16 17:25:24 ET]
Table 'Nausikaa II' 9-max Seat #2 is the button
Seat 1: Ruslieq ($5 in chips) 
Seat 2: WeNaSo_07 ($2.68 in chips) 
Seat 3: MarkFitz76 ($6.69 in chips) 
Seat 7: deckynlr ($6.46 in chips) 
Seat 8: Dorex2007 ($5.07 in chips) 
MarkFitz76: posts small blind $0.02
blueberry: is sitting out 
deckynlr: posts big blind $0.05
*** HOLE CARDS ***
Dealt to Dorex2007 [Ah Th]
blueberry leaves the table
Dorex2007: raises $0.05 to $0.10
Ruslieq: folds 
WeNaSo_07: folds 
MarkFitz76: raises $0.35 to $0.45
deckynlr: folds 
Dorex2007: folds 
Uncalled bet ($0.35) returned to MarkFitz76
MarkFitz76 collected $0.25 from pot
MarkFitz76: doesn't show hand 
*** SUMMARY ***
Total pot $0.25 | Rake $0 
Seat 1: Ruslieq folded before Flop (didn't bet)
Seat 2: WeNaSo_07 (button) folded before Flop (didn't bet)
Seat 3: MarkFitz76 (small blind) collected ($0.25)
Seat 7: deckynlr (big blind) folded before Flop
Seat 8: Dorex2007 folded before Flop



PokerStars Hand #238671129043:  Hold'em No Limit ($0.02/$0.05 USD) - 2022/09/16 14:25:55 PT [2022/09/16 17:25:55 ET]
Table 'Nausikaa II' 9-max Seat #3 is the button
Seat 1: Ruslieq ($5 in chips) 
Seat 2: WeNaSo_07 ($2.68 in chips) 
Seat 3: MarkFitz76 ($6.84 in chips) 
Seat 7: deckynlr ($6.41 in chips) 
Seat 8: Dorex2007 ($5 in chips) 
deckynlr: posts small blind $0.02
Dorex2007: posts big blind $0.05
*** HOLE CARDS ***
Dealt to Dorex2007 [Js Ts]
Ruslieq: folds 
WeNaSo_07: folds 
MarkFitz76: raises $0.10 to $0.15
deckynlr: folds 
Dorex2007: calls $0.10
*** FLOP *** [3h 5s 4c]
Dorex2007: checks 
MarkFitz76: checks 
*** TURN *** [3h 5s 4c] [9d]
Dorex2007: checks 
MarkFitz76: bets $0.20
Dorex2007: folds 
Uncalled bet ($0.20) returned to MarkFitz76
MarkFitz76 collected $0.31 from pot
MarkFitz76: doesn't show hand 
*** SUMMARY ***
Total pot $0.32 | Rake $0.01 
Board [3h 5s 4c 9d]
Seat 1: Ruslieq folded before Flop (didn't bet)
Seat 2: WeNaSo_07 folded before Flop (didn't bet)
Seat 3: MarkFitz76 (button) collected ($0.31)
Seat 7: deckynlr (small blind) folded before Flop
Seat 8: Dorex2007 (big blind) folded on the Turn



PokerStars Hand #238671154124:  Hold'em No Limit ($0.02/$0.05 USD) - 2022/09/16 14:26:56 PT [2022/09/16 17:26:56 ET]
Table 'Nausikaa II' 9-max Seat #7 is the button
Seat 1: Ruslieq ($5 in chips) 
Seat 2: WeNaSo_07 ($2.68 in chips) 
Seat 3: MarkFitz76 ($7 in chips) 
Seat 7: deckynlr ($6.39 in chips) 
Seat 8: Dorex2007 ($5 in chips) 
Dorex2007: posts small blind $0.02
Ruslieq: posts big blind $0.05
*** HOLE CARDS ***
Dealt to Dorex2007 [5h As]
WeNaSo_07: folds 
MarkFitz76: folds 
deckynlr: folds 
Dorex2007: folds 
Uncalled bet ($0.03) returned to Ruslieq
Ruslieq collected $0.04 from pot
Ruslieq: doesn't show hand 
*** SUMMARY ***
Total pot $0.04 | Rake $0 
Seat 1: Ruslieq (big blind) collected ($0.04)
Seat 2: WeNaSo_07 folded before Flop (didn't bet)
Seat 3: MarkFitz76 folded before Flop (didn't bet)
Seat 7: deckynlr (button) folded before Flop (didn't bet)
Seat 8: Dorex2007 (small blind) folded before Flop



PokerStars Hand #238671161102:  Hold'em No Limit ($0.02/$0.05 USD) - 2022/09/16 14:27:13 PT [2022/09/16 17:27:13 ET]
Table 'Nausikaa II' 9-max Seat #8 is the button
Seat 1: Ruslieq ($5.02 in chips) 
Seat 2: WeNaSo_07 ($2.68 in chips) 
Seat 3: MarkFitz76 ($7 in chips) 
Seat 7: deckynlr ($6.39 in chips) 
Seat 8: Dorex2007 ($5 in chips) 
Ruslieq: posts small blind $0.02
WeNaSo_07: posts big blind $0.05
*** HOLE CARDS ***
Dealt to Dorex2007 [6c Tc]
MarkFitz76: folds 
deckynlr: raises $0.10 to $0.15
Dorex2007: folds 
Ruslieq: folds 
WeNaSo_07: folds 
Uncalled bet ($0.10) returned to deckynlr
deckynlr collected $0.12 from pot
deckynlr: doesn't show hand 
*** SUMMARY ***
Total pot $0.12 | Rake $0 
Seat 1: Ruslieq (small blind) folded before Flop
Seat 2: WeNaSo_07 (big blind) folded before Flop
Seat 3: MarkFitz76 folded before Flop (didn't bet)
Seat 7: deckynlr collected ($0.12)
Seat 8: Dorex2007 (button) folded before Flop (didn't bet)



PokerStars Hand #238671166460:  Hold'em No Limit ($0.02/$0.05 USD) - 2022/09/16 14:27:26 PT [2022/09/16 17:27:26 ET]
Table 'Nausikaa II' 9-max Seat #1 is the button
Seat 1: Ruslieq ($5 in chips) 
Seat 2: WeNaSo_07 ($2.63 in chips) 
Seat 3: MarkFitz76 ($7 in chips) 
Seat 7: deckynlr ($6.46 in chips) 
Seat 8: Dorex2007 ($5 in chips) 
Dr. Carvalhu joins the table at seat #6 
WeNaSo_07: posts small blind $0.02
MarkFitz76: posts big blind $0.05
*** HOLE CARDS ***
Dealt to Dorex2007 [7d 3c]
deckynlr: folds 
Dorex2007: folds 
Ruslieq: folds 
WeNaSo_07: raises $0.10 to $0.15
MarkFitz76: calls $0.10
*** FLOP *** [5h 6d 8h]
WeNaSo_07: checks 
MarkFitz76: bets $0.18
WeNaSo_07: folds 
Uncalled bet ($0.18) returned to MarkFitz76
MarkFitz76 collected $0.29 from pot
MarkFitz76: doesn't show hand 
*** SUMMARY ***
Total pot $0.30 | Rake $0.01 
Board [5h 6d 8h]
Seat 1: Ruslieq (button) folded before Flop (didn't bet)
Seat 2: WeNaSo_07 (small blind) folded on the Flop
Seat 3: MarkFitz76 (big blind) collected ($0.29)
Seat 7: deckynlr folded before Flop (didn't bet)
Seat 8: Dorex2007 folded before Flop (didn't bet)



PokerStars Hand #238671179409:  Hold'em No Limit ($0.02/$0.05 USD) - 2022/09/16 14:27:58 PT [2022/09/16 17:27:58 ET]
Table 'Nausikaa II' 9-max Seat #2 is the button
Seat 1: Ruslieq ($5 in chips) 
Seat 2: WeNaSo_07 ($2.50 in chips) 
Seat 3: MarkFitz76 ($7.14 in chips) 
Seat 6: Dr. Carvalhu ($5 in chips) 
Seat 7: deckynlr ($6.46 in chips) 
Seat 8: Dorex2007 ($5 in chips) 
MarkFitz76: posts small blind $0.02
Dr. Carvalhu: posts big blind $0.05
*** HOLE CARDS ***
Dealt to Dorex2007 [Qs Ac]
deckynlr: folds 
Dorex2007: raises $0.05 to $0.10
Ruslieq: folds 
WeNaSo_07: folds 
MarkFitz76: folds 
Dr. Carvalhu: calls $0.05
*** FLOP *** [6c Kc 3c]
Dr. Carvalhu: checks 
Dorex2007: bets $0.10
Dr. Carvalhu: raises $0.10 to $0.20
Dorex2007: calls $0.10
*** TURN *** [6c Kc 3c] [4h]
Dr. Carvalhu: checks 
Dorex2007: checks 
*** RIVER *** [6c Kc 3c 4h] [3s]
Dr. Carvalhu: bets $0.29
Dorex2007: folds 
Uncalled bet ($0.29) returned to Dr. Carvalhu
Dr. Carvalhu collected $0.59 from pot
xopher.hodson leaves the table
*** SUMMARY ***
Total pot $0.62 | Rake $0.03 
Board [6c Kc 3c 4h 3s]
Seat 1: Ruslieq folded before Flop (didn't bet)
Seat 2: WeNaSo_07 (button) folded before Flop (didn't bet)
Seat 3: MarkFitz76 (small blind) folded before Flop
Seat 6: Dr. Carvalhu (big blind) collected ($0.59)
Seat 7: deckynlr folded before Flop (didn't bet)
Seat 8: Dorex2007 folded on the River



PokerStars Hand #238671195232:  Hold'em No Limit ($0.02/$0.05 USD) - 2022/09/16 14:28:37 PT [2022/09/16 17:28:37 ET]
Table 'Nausikaa II' 9-max Seat #3 is the button
Seat 1: Ruslieq ($5 in chips) 
Seat 2: WeNaSo_07 ($2.50 in chips) 
Seat 3: MarkFitz76 ($7.12 in chips) 
Seat 6: Dr. Carvalhu ($5.29 in chips) 
Seat 7: deckynlr ($6.46 in chips) 
Seat 8: Dorex2007 ($5 in chips) 
Dr. Carvalhu: posts small blind $0.02
deckynlr: posts big blind $0.05
*** HOLE CARDS ***
Dealt to Dorex2007 [8s Js]
lumping joins the table at seat #4 
Dorex2007: folds 
Ruslieq: folds 
WeNaSo_07: folds 
MarkFitz76: folds 
Dr. Carvalhu: folds 
Uncalled bet ($0.03) returned to deckynlr
deckynlr collected $0.04 from pot
deckynlr: doesn't show hand 
Jumbles56 leaves the table
*** SUMMARY ***
Total pot $0.04 | Rake $0 
Seat 1: Ruslieq folded before Flop (didn't bet)
Seat 2: WeNaSo_07 folded before Flop (didn't bet)
Seat 3: MarkFitz76 (button) folded before Flop (didn't bet)
Seat 6: Dr. Carvalhu (small blind) folded before Flop
Seat 7: deckynlr (big blind) collected ($0.04)
Seat 8: Dorex2007 folded before Flop (didn't bet)



PokerStars Hand #238671198768:  Hold'em No Limit ($0.02/$0.05 USD) - 2022/09/16 14:28:45 PT [2022/09/16 17:28:45 ET]
Table 'Nausikaa II' 9-max Seat #6 is the button
Seat 1: Ruslieq ($5 in chips) 
Seat 2: WeNaSo_07 ($2.50 in chips) 
Seat 3: MarkFitz76 ($7.12 in chips) 
Seat 6: Dr. Carvalhu ($5.27 in chips) 
Seat 7: deckynlr ($6.48 in chips) 
Seat 8: Dorex2007 ($5 in chips) 
deckynlr: posts small blind $0.02
Dorex2007: posts big blind $0.05
lumping: sits out 
*** HOLE CARDS ***
Dealt to Dorex2007 [8c 2h]
Ruslieq: folds 
WeNaSo_07: folds 
MarkFitz76: folds 
Dr. Carvalhu: raises $0.05 to $0.10
deckynlr: folds 
Dorex2007: folds 
Uncalled bet ($0.05) returned to Dr. Carvalhu
Dr. Carvalhu collected $0.12 from pot
*** SUMMARY ***
Total pot $0.12 | Rake $0 
Seat 1: Ruslieq folded before Flop (didn't bet)
Seat 2: WeNaSo_07 folded before Flop (didn't bet)
Seat 3: MarkFitz76 folded before Flop (didn't bet)
Seat 6: Dr. Carvalhu (button) collected ($0.12)
Seat 7: deckynlr (small blind) folded before Flop
Seat 8: Dorex2007 (big blind) folded before Flop



PokerStars Hand #238671204890:  Hold'em No Limit ($0.02/$0.05 USD) - 2022/09/16 14:29:00 PT [2022/09/16 17:29:00 ET]
Table 'Nausikaa II' 9-max Seat #7 is the button
Seat 1: Ruslieq ($5 in chips) 
Seat 2: WeNaSo_07 ($2.50 in chips) 
Seat 3: MarkFitz76 ($7.12 in chips) 
Seat 6: Dr. Carvalhu ($5.34 in chips) 
Seat 7: deckynlr ($6.46 in chips) 
Seat 8: Dorex2007 ($5 in chips) 
Dorex2007: posts small blind $0.02
Ruslieq: posts big blind $0.05
lumping: sits out 
*** HOLE CARDS ***
Dealt to Dorex2007 [7c Jd]
WeNaSo_07: folds 
MarkFitz76: raises $0.10 to $0.15
Dr. Carvalhu: folds 
deckynlr: folds 
Dorex2007: folds 
Ruslieq: folds 
Uncalled bet ($0.10) returned to MarkFitz76
MarkFitz76 collected $0.12 from pot
MarkFitz76: doesn't show hand 
*** SUMMARY ***
Total pot $0.12 | Rake $0 
Seat 1: Ruslieq (big blind) folded before Flop
Seat 2: WeNaSo_07 folded before Flop (didn't bet)
Seat 3: MarkFitz76 collected ($0.12)
Seat 6: Dr. Carvalhu folded before Flop (didn't bet)
Seat 7: deckynlr (button) folded before Flop (didn't bet)
Seat 8: Dorex2007 (small blind) folded before Flop



PokerStars Hand #238671209623:  Hold'em No Limit ($0.02/$0.05 USD) - 2022/09/16 14:29:12 PT [2022/09/16 17:29:12 ET]
Table 'Nausikaa II' 9-max Seat #8 is the button
Seat 1: Ruslieq ($5 in chips) 
Seat 2: WeNaSo_07 ($2.50 in chips) 
Seat 3: MarkFitz76 ($7.19 in chips) 
Seat 6: Dr. Carvalhu ($5.34 in chips) 
Seat 7: deckynlr ($6.46 in chips) 
Seat 8: Dorex2007 ($5 in chips) 
Ruslieq: posts small blind $0.02
WeNaSo_07: posts big blind $0.05
lumping: sits out 
*** HOLE CARDS ***
Dealt to Dorex2007 [2c Kd]
MarkFitz76: folds 
Dr. Carvalhu: folds 
deckynlr: folds 
Dorex2007: folds 
Ruslieq: folds 
Uncalled bet ($0.03) returned to WeNaSo_07
WeNaSo_07 collected $0.04 from pot
WeNaSo_07: doesn't show hand 
*** SUMMARY ***
Total pot $0.04 | Rake $0 
Seat 1: Ruslieq (small blind) folded before Flop
Seat 2: WeNaSo_07 (big blind) collected ($0.04)
Seat 3: MarkFitz76 folded before Flop (didn't bet)
Seat 6: Dr. Carvalhu folded before Flop (didn't bet)
Seat 7: deckynlr folded before Flop (didn't bet)
Seat 8: Dorex2007 (button) folded before Flop (didn't bet)



PokerStars Hand #238671214011:  Hold'em No Limit ($0.02/$0.05 USD) - 2022/09/16 14:29:23 PT [2022/09/16 17:29:23 ET]
Table 'Nausikaa II' 9-max Seat #1 is the button
Seat 1: Ruslieq ($5 in chips) 
Seat 2: WeNaSo_07 ($2.52 in chips) 
Seat 3: MarkFitz76 ($7.19 in chips) 
Seat 6: Dr. Carvalhu ($5.34 in chips) 
Seat 7: deckynlr ($6.46 in chips) 
Seat 8: Dorex2007 ($5 in chips) 
WeNaSo_07: posts small blind $0.02
MarkFitz76: posts big blind $0.05
lumping: sits out 
*** HOLE CARDS ***
Dealt to Dorex2007 [3d Kd]
Dr. Carvalhu: raises $0.05 to $0.10
deckynlr: folds 
sipo1 joins the table at seat #5 
Dorex2007: folds 
Ruslieq: calls $0.10
WeNaSo_07: folds 
MarkFitz76: raises $0.40 to $0.50
Dr. Carvalhu: folds 
Ruslieq: calls $0.40
*** FLOP *** [4d 7c 5d]
MarkFitz76: bets $0.60
Ruslieq: folds 
Uncalled bet ($0.60) returned to MarkFitz76
MarkFitz76 collected $1.07 from pot
MarkFitz76: doesn't show hand 
*** SUMMARY ***
Total pot $1.12 | Rake $0.05 
Board [4d 7c 5d]
Seat 1: Ruslieq (button) folded on the Flop
Seat 2: WeNaSo_07 (small blind) folded before Flop
Seat 3: MarkFitz76 (big blind) collected ($1.07)
Seat 6: Dr. Carvalhu folded before Flop
Seat 7: deckynlr folded before Flop (didn't bet)
Seat 8: Dorex2007 folded before Flop (didn't bet)



PokerStars Hand #238671227820:  Hold'em No Limit ($0.02/$0.05 USD) - 2022/09/16 14:29:56 PT [2022/09/16 17:29:56 ET]
Table 'Nausikaa II' 9-max Seat #2 is the button
Seat 1: Ruslieq ($5 in chips) 
Seat 2: WeNaSo_07 ($2.50 in chips) 
Seat 3: MarkFitz76 ($7.76 in chips) 
Seat 4: lumping ($5 in chips) 
Seat 6: Dr. Carvalhu ($5.24 in chips) 
Seat 7: deckynlr ($6.46 in chips) 
Seat 8: Dorex2007 ($5 in chips) 
MarkFitz76: posts small blind $0.02
lumping: posts big blind $0.05
sipo1: sits out 
*** HOLE CARDS ***
Dealt to Dorex2007 [9c 2d]
Dr. Carvalhu: folds 
deckynlr: folds 
djeckells leaves the table
Dorex2007: folds 
Ruslieq: raises $0.10 to $0.15
WeNaSo_07: folds 
MarkFitz76: raises $0.45 to $0.60
lumping: folds 
Ruslieq: folds 
Uncalled bet ($0.45) returned to MarkFitz76
MarkFitz76 collected $0.35 from pot
MarkFitz76: doesn't show hand 
*** SUMMARY ***
Total pot $0.35 | Rake $0 
Seat 1: Ruslieq folded before Flop
Seat 2: WeNaSo_07 (button) folded before Flop (didn't bet)
Seat 3: MarkFitz76 (small blind) collected ($0.35)
Seat 4: lumping (big blind) folded before Flop
Seat 6: Dr. Carvalhu folded before Flop (didn't bet)
Seat 7: deckynlr folded before Flop (didn't bet)
Seat 8: Dorex2007 folded before Flop (didn't bet)



PokerStars Hand #238671238511:  Hold'em No Limit ($0.02/$0.05 USD) - 2022/09/16 14:30:22 PT [2022/09/16 17:30:22 ET]
Table 'Nausikaa II' 9-max Seat #3 is the button
Seat 1: Ruslieq ($5 in chips) 
Seat 2: WeNaSo_07 ($2.50 in chips) 
Seat 3: MarkFitz76 ($7.96 in chips) 
Seat 4: lumping ($4.95 in chips) 
Seat 5: sipo1 ($5 in chips) 
Seat 6: Dr. Carvalhu ($5.24 in chips) 
Seat 7: deckynlr ($6.46 in chips) 
Seat 8: Dorex2007 ($5 in chips) 
lumping: posts small blind $0.02
sipo1: posts big blind $0.05
*** HOLE CARDS ***
Dealt to Dorex2007 [Qs 4d]
Dr. Carvalhu: folds 
deckynlr: raises $0.10 to $0.15
Dorex2007: folds 
Ruslieq: calls $0.15
WeNaSo_07: folds 
MarkFitz76: folds 
Kidmono joins the table at seat #9 
lumping: folds 
sipo1: calls $0.10
*** FLOP *** [Ac 8c 2h]
sipo1: checks 
deckynlr: bets $0.22
Ruslieq: folds 
Ruslieq leaves the table
sipo1: calls $0.22
*** TURN *** [Ac 8c 2h] [3d]
sipo1: checks 
deckynlr: bets $0.43
sipo1: calls $0.43
*** RIVER *** [Ac 8c 2h 3d] [Ah]
sipo1: bets $0.40
deckynlr: raises $2.50 to $2.90
Santana Carlos joins the table at seat #1 
sipo1: folds 
Uncalled bet ($2.50) returned to deckynlr
deckynlr collected $2.46 from pot
deckynlr: doesn't show hand 
*** SUMMARY ***
Total pot $2.57 | Rake $0.11 
Board [Ac 8c 2h 3d Ah]
Seat 1: Ruslieq folded on the Flop
Seat 2: WeNaSo_07 folded before Flop (didn't bet)
Seat 3: MarkFitz76 (button) folded before Flop (didn't bet)
Seat 4: lumping (small blind) folded before Flop
Seat 5: sipo1 (big blind) folded on the River
Seat 6: Dr. Carvalhu folded before Flop (didn't bet)
Seat 7: deckynlr collected ($2.46)
Seat 8: Dorex2007 folded before Flop (didn't bet)



PokerStars Hand #238671267185:  Hold'em No Limit ($0.02/$0.05 USD) - 2022/09/16 14:31:33 PT [2022/09/16 17:31:33 ET]
Table 'Nausikaa II' 9-max Seat #4 is the button
Seat 2: WeNaSo_07 ($2.50 in chips) 
Seat 3: MarkFitz76 ($7.96 in chips) 
Seat 4: lumping ($4.93 in chips) 
Seat 5: sipo1 ($5 in chips) 
Seat 6: Dr. Carvalhu ($5.24 in chips) 
Seat 7: deckynlr ($7.72 in chips) 
Seat 8: Dorex2007 ($5 in chips) 
sipo1: posts small blind $0.02
Dr. Carvalhu: posts big blind $0.05
Kidmono: sits out 
Santana Carlos: sits out 
*** HOLE CARDS ***
Dealt to Dorex2007 [8s 3c]
deckynlr: folds 
Dorex2007: folds 
WeNaSo_07: folds 
MarkFitz76: folds 
lumping: folds 
sipo1: calls $0.03
Dr. Carvalhu: checks 
*** FLOP *** [Qh Js 4s]
sipo1: checks 
Dr. Carvalhu: checks 
*** TURN *** [Qh Js 4s] [Jc]
sipo1: bets $0.10
Dr. Carvalhu: folds 
Uncalled bet ($0.10) returned to sipo1
sipo1 collected $0.10 from pot
sipo1: doesn't show hand 
*** SUMMARY ***
Total pot $0.10 | Rake $0 
Board [Qh Js 4s Jc]
Seat 2: WeNaSo_07 folded before Flop (didn't bet)
Seat 3: MarkFitz76 folded before Flop (didn't bet)
Seat 4: lumping (button) folded before Flop (didn't bet)
Seat 5: sipo1 (small blind) collected ($0.10)
Seat 6: Dr. Carvalhu (big blind) folded on the Turn
Seat 7: deckynlr folded before Flop (didn't bet)
Seat 8: Dorex2007 folded before Flop (didn't bet)



PokerStars Hand #238671278658:  Hold'em No Limit ($0.02/$0.05 USD) - 2022/09/16 14:32:02 PT [2022/09/16 17:32:02 ET]
Table 'Nausikaa II' 9-max Seat #5 is the button
Seat 1: Santana Carlos ($5 in chips) 
Seat 2: WeNaSo_07 ($2.50 in chips) 
Seat 3: MarkFitz76 ($7.96 in chips) 
Seat 4: lumping ($4.93 in chips) 
Seat 5: sipo1 ($5.05 in chips) 
Seat 6: Dr. Carvalhu ($5.19 in chips) 
Seat 7: deckynlr ($7.72 in chips) 
Seat 8: Dorex2007 ($5 in chips) 
Dr. Carvalhu: posts small blind $0.02
deckynlr: posts big blind $0.05
Kidmono: sits out 
Santana Carlos: posts big blind $0.05
*** HOLE CARDS ***
Dealt to Dorex2007 [4d 3s]
Dorex2007: folds 
Santana Carlos: checks 
WeNaSo_07: raises $0.19 to $0.24
MarkFitz76: folds 
lumping: folds 
sipo1: folds 
Dr. Carvalhu: folds 
deckynlr: folds 
Santana Carlos: folds 
Uncalled bet ($0.19) returned to WeNaSo_07
WeNaSo_07 collected $0.17 from pot
WeNaSo_07: doesn't show hand 
*** SUMMARY ***
Total pot $0.17 | Rake $0 
Seat 1: Santana Carlos folded before Flop (didn't bet)
Seat 2: WeNaSo_07 collected ($0.17)
Seat 3: MarkFitz76 folded before Flop (didn't bet)
Seat 4: lumping folded before Flop (didn't bet)
Seat 5: sipo1 (button) folded before Flop (didn't bet)
Seat 6: Dr. Carvalhu (small blind) folded before Flop
Seat 7: deckynlr (big blind) folded before Flop
Seat 8: Dorex2007 folded before Flop (didn't bet)



PokerStars Hand #238671296844:  Hold'em No Limit ($0.02/$0.05 USD) - 2022/09/16 14:32:46 PT [2022/09/16 17:32:46 ET]
Table 'Nausikaa II' 9-max Seat #6 is the button
Seat 1: Santana Carlos ($4.95 in chips) 
Seat 2: WeNaSo_07 ($2.62 in chips) 
Seat 3: MarkFitz76 ($7.96 in chips) 
Seat 4: lumping ($4.93 in chips) 
Seat 5: sipo1 ($5.05 in chips) 
Seat 6: Dr. Carvalhu ($5.17 in chips) 
Seat 7: deckynlr ($7.67 in chips) 
Seat 8: Dorex2007 ($5 in chips) 
deckynlr: posts small blind $0.02
Dorex2007: posts big blind $0.05
Kidmono: sits out 
*** HOLE CARDS ***
Dealt to Dorex2007 [7d 9s]
Santana Carlos: folds 
WeNaSo_07: folds 
MarkFitz76: folds 
lumping: folds 
sipo1: folds 
Dr. Carvalhu: raises $0.05 to $0.10
deckynlr: folds 
Dorex2007: folds 
Uncalled bet ($0.05) returned to Dr. Carvalhu
Dr. Carvalhu collected $0.12 from pot
*** SUMMARY ***
Total pot $0.12 | Rake $0 
Seat 1: Santana Carlos folded before Flop (didn't bet)
Seat 2: WeNaSo_07 folded before Flop (didn't bet)
Seat 3: MarkFitz76 folded before Flop (didn't bet)
Seat 4: lumping folded before Flop (didn't bet)
Seat 5: sipo1 folded before Flop (didn't bet)
Seat 6: Dr. Carvalhu (button) collected ($0.12)
Seat 7: deckynlr (small blind) folded before Flop
Seat 8: Dorex2007 (big blind) folded before Flop



PokerStars Hand #238671304781:  Hold'em No Limit ($0.02/$0.05 USD) - 2022/09/16 14:33:06 PT [2022/09/16 17:33:06 ET]
Table 'Nausikaa II' 9-max Seat #7 is the button
Seat 1: Santana Carlos ($4.95 in chips) 
Seat 2: WeNaSo_07 ($2.62 in chips) 
Seat 3: MarkFitz76 ($7.96 in chips) 
Seat 4: lumping ($4.93 in chips) 
Seat 5: sipo1 ($5.05 in chips) 
Seat 6: Dr. Carvalhu ($5.24 in chips) 
Seat 7: deckynlr ($7.65 in chips) 
Seat 8: Dorex2007 ($5 in chips) 
Seat 9: Kidmono ($5 in chips) 
Dorex2007: posts small blind $0.02
Kidmono: posts big blind $0.05
*** HOLE CARDS ***
Dealt to Dorex2007 [Qh 6h]
Santana Carlos: folds 
WeNaSo_07: folds 
MarkFitz76: folds 
lumping: folds 
sipo1: folds 
Dr. Carvalhu: folds 
deckynlr: raises $0.10 to $0.15
Dorex2007: folds 
Kidmono: folds 
Uncalled bet ($0.10) returned to deckynlr
deckynlr collected $0.12 from pot
deckynlr: doesn't show hand 
*** SUMMARY ***
Total pot $0.12 | Rake $0 
Seat 1: Santana Carlos folded before Flop (didn't bet)
Seat 2: WeNaSo_07 folded before Flop (didn't bet)
Seat 3: MarkFitz76 folded before Flop (didn't bet)
Seat 4: lumping folded before Flop (didn't bet)
Seat 5: sipo1 folded before Flop (didn't bet)
Seat 6: Dr. Carvalhu folded before Flop (didn't bet)
Seat 7: deckynlr (button) collected ($0.12)
Seat 8: Dorex2007 (small blind) folded before Flop
Seat 9: Kidmono (big blind) folded before Flop



PokerStars Hand #238671310959:  Hold'em No Limit ($0.02/$0.05 USD) - 2022/09/16 14:33:22 PT [2022/09/16 17:33:22 ET]
Table 'Nausikaa II' 9-max Seat #8 is the button
Seat 1: Santana Carlos ($4.95 in chips) 
Seat 2: WeNaSo_07 ($2.62 in chips) 
Seat 3: MarkFitz76 ($7.96 in chips) 
Seat 4: lumping ($4.93 in chips) 
Seat 5: sipo1 ($5.05 in chips) 
Seat 6: Dr. Carvalhu ($5.24 in chips) 
Seat 7: deckynlr ($7.72 in chips) 
Seat 8: Dorex2007 ($5 in chips) 
Seat 9: Kidmono ($4.95 in chips) 
Kidmono: posts small blind $0.02
Santana Carlos: posts big blind $0.05
*** HOLE CARDS ***
Dealt to Dorex2007 [Jd Td]
WeNaSo_07: folds 
MarkFitz76: folds 
lumping: folds 
sipo1: folds 
Dr. Carvalhu: raises $0.05 to $0.10
deckynlr: folds 
Dorex2007: calls $0.10
Kidmono: folds 
Santana Carlos: folds 
*** FLOP *** [2s 4d 5c]
Dr. Carvalhu: checks 
Dorex2007: checks 
*** TURN *** [2s 4d 5c] [8h]
Dr. Carvalhu: bets $0.10
Dorex2007: calls $0.10
*** RIVER *** [2s 4d 5c 8h] [2c]
Dr. Carvalhu: checks 
Dorex2007: bets $0.30
Dr. Carvalhu: raises $0.30 to $0.60
Dorex2007: folds 
Uncalled bet ($0.30) returned to Dr. Carvalhu
Dr. Carvalhu collected $1.03 from pot
*** SUMMARY ***
Total pot $1.07 | Rake $0.04 
Board [2s 4d 5c 8h 2c]
Seat 1: Santana Carlos (big blind) folded before Flop
Seat 2: WeNaSo_07 folded before Flop (didn't bet)
Seat 3: MarkFitz76 folded before Flop (didn't bet)
Seat 4: lumping folded before Flop (didn't bet)
Seat 5: sipo1 folded before Flop (didn't bet)
Seat 6: Dr. Carvalhu collected ($1.03)
Seat 7: deckynlr folded before Flop (didn't bet)
Seat 8: Dorex2007 (button) folded on the River
Seat 9: Kidmono (small blind) folded before Flop



PokerStars Hand #238671333676:  Hold'em No Limit ($0.02/$0.05 USD) - 2022/09/16 14:34:18 PT [2022/09/16 17:34:18 ET]
Table 'Nausikaa II' 9-max Seat #9 is the button
Seat 1: Santana Carlos ($4.90 in chips) 
Seat 2: WeNaSo_07 ($2.62 in chips) 
Seat 3: MarkFitz76 ($7.96 in chips) 
Seat 4: lumping ($4.93 in chips) 
Seat 5: sipo1 ($5.05 in chips) 
Seat 6: Dr. Carvalhu ($5.77 in chips) 
Seat 7: deckynlr ($7.72 in chips) 
Seat 8: Dorex2007 ($5 in chips) 
Seat 9: Kidmono ($4.93 in chips) 
Santana Carlos: posts small blind $0.02
WeNaSo_07: posts big blind $0.05
*** HOLE CARDS ***
Dealt to Dorex2007 [Ks Td]
MarkFitz76: folds 
lumping: folds 
sipo1: folds 
Dr. Carvalhu: folds 
deckynlr: folds 
Dorex2007: raises $0.05 to $0.10
Kidmono: folds 
Santana Carlos: calls $0.08
WeNaSo_07: calls $0.05
*** FLOP *** [Qs Th 8s]
Santana Carlos: bets $0.16
WeNaSo_07: folds 
Dorex2007: folds 
Uncalled bet ($0.16) returned to Santana Carlos
Santana Carlos collected $0.29 from pot
Santana Carlos: doesn't show hand 
*** SUMMARY ***
Total pot $0.30 | Rake $0.01 
Board [Qs Th 8s]
Seat 1: Santana Carlos (small blind) collected ($0.29)
Seat 2: WeNaSo_07 (big blind) folded on the Flop
Seat 3: MarkFitz76 folded before Flop (didn't bet)
Seat 4: lumping folded before Flop (didn't bet)
Seat 5: sipo1 folded before Flop (didn't bet)
Seat 6: Dr. Carvalhu folded before Flop (didn't bet)
Seat 7: deckynlr folded before Flop (didn't bet)
Seat 8: Dorex2007 folded on the Flop
Seat 9: Kidmono (button) folded before Flop (didn't bet)



PokerStars Hand #238671349763:  Hold'em No Limit ($0.02/$0.05 USD) - 2022/09/16 14:34:59 PT [2022/09/16 17:34:59 ET]
Table 'Nausikaa II' 9-max Seat #1 is the button
Seat 1: Santana Carlos ($5.09 in chips) 
Seat 2: WeNaSo_07 ($2.52 in chips) 
Seat 3: MarkFitz76 ($7.96 in chips) 
Seat 4: lumping ($4.93 in chips) 
Seat 5: sipo1 ($5.05 in chips) 
Seat 6: Dr. Carvalhu ($5.77 in chips) 
Seat 7: deckynlr ($7.72 in chips) 
Seat 8: Dorex2007 ($5 in chips) 
Seat 9: Kidmono ($4.93 in chips) 
WeNaSo_07: posts small blind $0.02
MarkFitz76: posts big blind $0.05
*** HOLE CARDS ***
Dealt to Dorex2007 [7s 3h]
lumping: folds 
sipo1: folds 
Dr. Carvalhu: folds 
deckynlr: folds 
Dorex2007: folds 
Kidmono: folds 
Santana Carlos: calls $0.05
WeNaSo_07: folds 
MarkFitz76: checks 
*** FLOP *** [Jc 5c 6c]
MarkFitz76: checks 
Santana Carlos: checks 
*** TURN *** [Jc 5c 6c] [7h]
MarkFitz76: bets $0.05
Santana Carlos: folds 
Uncalled bet ($0.05) returned to MarkFitz76
MarkFitz76 collected $0.12 from pot
MarkFitz76: doesn't show hand 
*** SUMMARY ***
Total pot $0.12 | Rake $0 
Board [Jc 5c 6c 7h]
Seat 1: Santana Carlos (button) folded on the Turn
Seat 2: WeNaSo_07 (small blind) folded before Flop
Seat 3: MarkFitz76 (big blind) collected ($0.12)
Seat 4: lumping folded before Flop (didn't bet)
Seat 5: sipo1 folded before Flop (didn't bet)
Seat 6: Dr. Carvalhu folded before Flop (didn't bet)
Seat 7: deckynlr folded before Flop (didn't bet)
Seat 8: Dorex2007 folded before Flop (didn't bet)
Seat 9: Kidmono folded before Flop (didn't bet)



PokerStars Hand #238671362735:  Hold'em No Limit ($0.02/$0.05 USD) - 2022/09/16 14:35:31 PT [2022/09/16 17:35:31 ET]
Table 'Nausikaa II' 9-max Seat #2 is the button
Seat 1: Santana Carlos ($5.04 in chips) 
Seat 2: WeNaSo_07 ($2.50 in chips) 
Seat 3: MarkFitz76 ($8.03 in chips) 
Seat 4: lumping ($4.93 in chips) 
Seat 5: sipo1 ($5.05 in chips) 
Seat 6: Dr. Carvalhu ($5.77 in chips) 
Seat 7: deckynlr ($7.72 in chips) 
Seat 8: Dorex2007 ($5 in chips) 
Seat 9: Kidmono ($4.93 in chips) 
MarkFitz76: posts small blind $0.02
lumping: posts big blind $0.05
*** HOLE CARDS ***
Dealt to Dorex2007 [Kh 3h]
sipo1: folds 
Dr. Carvalhu: folds 
deckynlr: folds 
Dorex2007: folds 
Kidmono: calls $0.05
Santana Carlos: folds 
WeNaSo_07: calls $0.05
MarkFitz76: calls $0.03
lumping: checks 
*** FLOP *** [5s 4h 4s]
MarkFitz76: checks 
lumping: checks 
Kidmono: checks 
WeNaSo_07: checks 
*** TURN *** [5s 4h 4s] [3c]
MarkFitz76: checks 
lumping: checks 
Kidmono: checks 
WeNaSo_07: bets $0.10
MarkFitz76: folds 
lumping: folds 
Kidmono: folds 
Uncalled bet ($0.10) returned to WeNaSo_07
WeNaSo_07 collected $0.19 from pot
WeNaSo_07: doesn't show hand 
*** SUMMARY ***
Total pot $0.20 | Rake $0.01 
Board [5s 4h 4s 3c]
Seat 1: Santana Carlos folded before Flop (didn't bet)
Seat 2: WeNaSo_07 (button) collected ($0.19)
Seat 3: MarkFitz76 (small blind) folded on the Turn
Seat 4: lumping (big blind) folded on the Turn
Seat 5: sipo1 folded before Flop (didn't bet)
Seat 6: Dr. Carvalhu folded before Flop (didn't bet)
Seat 7: deckynlr folded before Flop (didn't bet)
Seat 8: Dorex2007 folded before Flop (didn't bet)
Seat 9: Kidmono folded on the Turn



PokerStars Hand #238671392475:  Hold'em No Limit ($0.02/$0.05 USD) - 2022/09/16 14:36:45 PT [2022/09/16 17:36:45 ET]
Table 'Nausikaa II' 9-max Seat #3 is the button
Seat 1: Santana Carlos ($5.04 in chips) 
Seat 2: WeNaSo_07 ($2.64 in chips) 
Seat 3: MarkFitz76 ($7.98 in chips) 
Seat 4: lumping ($4.88 in chips) 
Seat 5: sipo1 ($5.05 in chips) 
Seat 6: Dr. Carvalhu ($5.77 in chips) 
Seat 7: deckynlr ($7.72 in chips) 
Seat 8: Dorex2007 ($5 in chips) 
Seat 9: Kidmono ($4.88 in chips) 
lumping: posts small blind $0.02
sipo1: posts big blind $0.05
*** HOLE CARDS ***
Dealt to Dorex2007 [5d 4c]
Dr. Carvalhu: raises $0.05 to $0.10
deckynlr: folds 
Dorex2007: folds 
Kidmono: folds 
Santana Carlos: folds 
WeNaSo_07: folds 
MarkFitz76: folds 
lumping: folds 
sipo1: calls $0.05
*** FLOP *** [9s 6s 4h]
sipo1: checks 
Dr. Carvalhu: checks 
*** TURN *** [9s 6s 4h] [5s]
sipo1: bets $0.08
Dr. Carvalhu: folds 
Uncalled bet ($0.08) returned to sipo1
sipo1 collected $0.21 from pot
sipo1: doesn't show hand 
*** SUMMARY ***
Total pot $0.22 | Rake $0.01 
Board [9s 6s 4h 5s]
Seat 1: Santana Carlos folded before Flop (didn't bet)
Seat 2: WeNaSo_07 folded before Flop (didn't bet)
Seat 3: MarkFitz76 (button) folded before Flop (didn't bet)
Seat 4: lumping (small blind) folded before Flop
Seat 5: sipo1 (big blind) collected ($0.21)
Seat 6: Dr. Carvalhu folded on the Turn
Seat 7: deckynlr folded before Flop (didn't bet)
Seat 8: Dorex2007 folded before Flop (didn't bet)
Seat 9: Kidmono folded before Flop (didn't bet)



PokerStars Hand #238671408179:  Hold'em No Limit ($0.02/$0.05 USD) - 2022/09/16 14:37:24 PT [2022/09/16 17:37:24 ET]
Table 'Nausikaa II' 9-max Seat #4 is the button
Seat 1: Santana Carlos ($5.04 in chips) 
Seat 2: WeNaSo_07 ($2.64 in chips) 
Seat 3: MarkFitz76 ($7.98 in chips) 
Seat 4: lumping ($4.86 in chips) 
Seat 5: sipo1 ($5.16 in chips) 
Seat 6: Dr. Carvalhu ($5.67 in chips) 
Seat 7: deckynlr ($7.72 in chips) 
Seat 8: Dorex2007 ($5 in chips) 
Seat 9: Kidmono ($4.88 in chips) 
sipo1: posts small blind $0.02
Dr. Carvalhu: posts big blind $0.05
*** HOLE CARDS ***
Dealt to Dorex2007 [9c 3c]
deckynlr: folds 
Dorex2007: folds 
Kidmono: folds 
Santana Carlos: folds 
WeNaSo_07: folds 
MarkFitz76: raises $0.10 to $0.15
lumping: calls $0.15
sipo1: folds 
Dr. Carvalhu: calls $0.10
*** FLOP *** [9d 4d 6d]
Dr. Carvalhu: checks 
MarkFitz76: checks 
lumping: bets $0.30
Dr. Carvalhu: folds 
MarkFitz76: folds 
Uncalled bet ($0.30) returned to lumping
lumping collected $0.45 from pot
lumping: doesn't show hand 
*** SUMMARY ***
Total pot $0.47 | Rake $0.02 
Board [9d 4d 6d]
Seat 1: Santana Carlos folded before Flop (didn't bet)
Seat 2: WeNaSo_07 folded before Flop (didn't bet)
Seat 3: MarkFitz76 folded on the Flop
Seat 4: lumping (button) collected ($0.45)
Seat 5: sipo1 (small blind) folded before Flop
Seat 6: Dr. Carvalhu (big blind) folded on the Flop
Seat 7: deckynlr folded before Flop (didn't bet)
Seat 8: Dorex2007 folded before Flop (didn't bet)
Seat 9: Kidmono folded before Flop (didn't bet)



PokerStars Hand #238671424723:  Hold'em No Limit ($0.02/$0.05 USD) - 2022/09/16 14:38:06 PT [2022/09/16 17:38:06 ET]
Table 'Nausikaa II' 9-max Seat #5 is the button
Seat 1: Santana Carlos ($5.04 in chips) 
Seat 2: WeNaSo_07 ($2.64 in chips) 
Seat 3: MarkFitz76 ($7.83 in chips) 
Seat 4: lumping ($5.16 in chips) 
Seat 5: sipo1 ($5.14 in chips) 
Seat 6: Dr. Carvalhu ($5.52 in chips) 
Seat 7: deckynlr ($7.72 in chips) 
Seat 8: Dorex2007 ($5 in chips) 
Seat 9: Kidmono ($4.88 in chips) 
Dr. Carvalhu: posts small blind $0.02
deckynlr: posts big blind $0.05
*** HOLE CARDS ***
Dealt to Dorex2007 [9c 6s]
Dorex2007: folds 
Kidmono: folds 
Santana Carlos: raises $0.07 to $0.12
WeNaSo_07: folds 
MarkFitz76: folds 
lumping: folds 
sipo1: folds 
Dr. Carvalhu: calls $0.10
deckynlr: calls $0.07
*** FLOP *** [As Kd 7h]
Dr. Carvalhu: checks 
deckynlr: checks 
Santana Carlos: bets $0.19
Dr. Carvalhu: calls $0.19
deckynlr: folds 
*** TURN *** [As Kd 7h] [8h]
Dr. Carvalhu: checks 
Santana Carlos: bets $0.21
Dr. Carvalhu: folds 
Uncalled bet ($0.21) returned to Santana Carlos
Santana Carlos collected $0.71 from pot
Santana Carlos: doesn't show hand 
*** SUMMARY ***
Total pot $0.74 | Rake $0.03 
Board [As Kd 7h 8h]
Seat 1: Santana Carlos collected ($0.71)
Seat 2: WeNaSo_07 folded before Flop (didn't bet)
Seat 3: MarkFitz76 folded before Flop (didn't bet)
Seat 4: lumping folded before Flop (didn't bet)
Seat 5: sipo1 (button) folded before Flop (didn't bet)
Seat 6: Dr. Carvalhu (small blind) folded on the Turn
Seat 7: deckynlr (big blind) folded on the Flop
Seat 8: Dorex2007 folded before Flop (didn't bet)
Seat 9: Kidmono folded before Flop (didn't bet)



PokerStars Hand #238671443789:  Hold'em No Limit ($0.02/$0.05 USD) - 2022/09/16 14:38:53 PT [2022/09/16 17:38:53 ET]
Table 'Nausikaa II' 9-max Seat #6 is the button
Seat 1: Santana Carlos ($5.44 in chips) 
Seat 2: WeNaSo_07 ($2.64 in chips) 
Seat 3: MarkFitz76 ($7.83 in chips) 
Seat 4: lumping ($5.16 in chips) 
Seat 5: sipo1 ($5.14 in chips) 
Seat 6: Dr. Carvalhu ($5.21 in chips) 
Seat 7: deckynlr ($7.60 in chips) 
Seat 8: Dorex2007 ($5 in chips) 
Seat 9: Kidmono ($4.88 in chips) 
deckynlr: posts small blind $0.02
Dorex2007: posts big blind $0.05
*** HOLE CARDS ***
Dealt to Dorex2007 [7h 4d]
Kidmono: folds 
Santana Carlos: folds 
WeNaSo_07: folds 
MarkFitz76: folds 
lumping: raises $0.10 to $0.15
sipo1: folds 
Dr. Carvalhu: folds 
deckynlr: folds 
Dorex2007: folds 
Uncalled bet ($0.10) returned to lumping
lumping collected $0.12 from pot
lumping: doesn't show hand 
*** SUMMARY ***
Total pot $0.12 | Rake $0 
Seat 1: Santana Carlos folded before Flop (didn't bet)
Seat 2: WeNaSo_07 folded before Flop (didn't bet)
Seat 3: MarkFitz76 folded before Flop (didn't bet)
Seat 4: lumping collected ($0.12)
Seat 5: sipo1 folded before Flop (didn't bet)
Seat 6: Dr. Carvalhu (button) folded before Flop (didn't bet)
Seat 7: deckynlr (small blind) folded before Flop
Seat 8: Dorex2007 (big blind) folded before Flop
Seat 9: Kidmono folded before Flop (didn't bet)



PokerStars Hand #238671453661:  Hold'em No Limit ($0.02/$0.05 USD) - 2022/09/16 14:39:18 PT [2022/09/16 17:39:18 ET]
Table 'Nausikaa II' 9-max Seat #7 is the button
Seat 1: Santana Carlos ($5.44 in chips) 
Seat 2: WeNaSo_07 ($2.64 in chips) 
Seat 3: MarkFitz76 ($7.83 in chips) 
Seat 4: lumping ($5.23 in chips) 
Seat 5: sipo1 ($5.14 in chips) 
Seat 6: Dr. Carvalhu ($5.21 in chips) 
Seat 7: deckynlr ($7.58 in chips) 
Seat 8: Dorex2007 ($5 in chips) 
Seat 9: Kidmono ($4.88 in chips) 
Dorex2007: posts small blind $0.02
Kidmono: posts big blind $0.05
*** HOLE CARDS ***
Dealt to Dorex2007 [7c 2c]
Santana Carlos: folds 
WeNaSo_07: folds 
MarkFitz76: folds 
lumping: folds 
sipo1: folds 
Dr. Carvalhu: folds 
deckynlr: folds 
Dorex2007: folds 
Uncalled bet ($0.03) returned to Kidmono
Kidmono collected $0.04 from pot
Kidmono: doesn't show hand 
*** SUMMARY ***
Total pot $0.04 | Rake $0 
Seat 1: Santana Carlos folded before Flop (didn't bet)
Seat 2: WeNaSo_07 folded before Flop (didn't bet)
Seat 3: MarkFitz76 folded before Flop (didn't bet)
Seat 4: lumping folded before Flop (didn't bet)
Seat 5: sipo1 folded before Flop (didn't bet)
Seat 6: Dr. Carvalhu folded before Flop (didn't bet)
Seat 7: deckynlr (button) folded before Flop (didn't bet)
Seat 8: Dorex2007 (small blind) folded before Flop
Seat 9: Kidmono (big blind) collected ($0.04)



PokerStars Hand #238671458020:  Hold'em No Limit ($0.02/$0.05 USD) - 2022/09/16 14:39:29 PT [2022/09/16 17:39:29 ET]
Table 'Nausikaa II' 9-max Seat #8 is the button
Seat 1: Santana Carlos ($5.44 in chips) 
Seat 2: WeNaSo_07 ($2.64 in chips) 
Seat 3: MarkFitz76 ($7.83 in chips) 
Seat 4: lumping ($5.23 in chips) 
Seat 5: sipo1 ($5.14 in chips) 
Seat 6: Dr. Carvalhu ($5.21 in chips) 
Seat 7: deckynlr ($7.58 in chips) 
Seat 8: Dorex2007 ($5 in chips) 
Seat 9: Kidmono ($4.90 in chips) 
Kidmono: posts small blind $0.02
Santana Carlos: posts big blind $0.05
*** HOLE CARDS ***
Dealt to Dorex2007 [7s 5d]
WeNaSo_07: folds 
MarkFitz76: folds 
lumping: folds 
sipo1: folds 
Dr. Carvalhu: folds 
deckynlr: folds 
Dorex2007: folds 
Kidmono: folds 
Uncalled bet ($0.03) returned to Santana Carlos
Santana Carlos collected $0.04 from pot
Santana Carlos: doesn't show hand 
*** SUMMARY ***
Total pot $0.04 | Rake $0 
Seat 1: Santana Carlos (big blind) collected ($0.04)
Seat 2: WeNaSo_07 folded before Flop (didn't bet)
Seat 3: MarkFitz76 folded before Flop (didn't bet)
Seat 4: lumping folded before Flop (didn't bet)
Seat 5: sipo1 folded before Flop (didn't bet)
Seat 6: Dr. Carvalhu folded before Flop (didn't bet)
Seat 7: deckynlr folded before Flop (didn't bet)
Seat 8: Dorex2007 (button) folded before Flop (didn't bet)
Seat 9: Kidmono (small blind) folded before Flop



PokerStars Hand #238671468116:  Hold'em No Limit ($0.02/$0.05 USD) - 2022/09/16 14:39:54 PT [2022/09/16 17:39:54 ET]
Table 'Nausikaa II' 9-max Seat #9 is the button
Seat 1: Santana Carlos ($5.46 in chips) 
Seat 2: WeNaSo_07 ($2.64 in chips) 
Seat 3: MarkFitz76 ($7.83 in chips) 
Seat 4: lumping ($5.23 in chips) 
Seat 5: sipo1 ($5.14 in chips) 
Seat 6: Dr. Carvalhu ($5.21 in chips) 
Seat 7: deckynlr ($7.58 in chips) 
Seat 8: Dorex2007 ($5 in chips) 
Seat 9: Kidmono ($4.88 in chips) 
Santana Carlos: posts small blind $0.02
WeNaSo_07: posts big blind $0.05
*** HOLE CARDS ***
Dealt to Dorex2007 [8s 9c]
MarkFitz76: folds 
lumping: raises $0.10 to $0.15
sipo1: folds 
Dr. Carvalhu: folds 
deckynlr: folds 
Dorex2007: folds 
Kidmono: folds 
Santana Carlos: calls $0.13
WeNaSo_07: folds 
*** FLOP *** [5h Kd Qc]
Santana Carlos: checks 
lumping: bets $0.24
Santana Carlos: calls $0.24
*** TURN *** [5h Kd Qc] [6c]
Santana Carlos: checks 
lumping: checks 
*** RIVER *** [5h Kd Qc 6c] [Kh]
Santana Carlos: checks 
lumping: checks 
*** SHOW DOWN ***
Santana Carlos: shows [Ah Qd] (two pair, Kings and Queens)
lumping: mucks hand 
Santana Carlos collected $0.80 from pot
*** SUMMARY ***
Total pot $0.83 | Rake $0.03 
Board [5h Kd Qc 6c Kh]
Seat 1: Santana Carlos (small blind) showed [Ah Qd] and won ($0.80) with two pair, Kings and Queens
Seat 2: WeNaSo_07 (big blind) folded before Flop
Seat 3: MarkFitz76 folded before Flop (didn't bet)
Seat 4: lumping mucked [7c 7h]
Seat 5: sipo1 folded before Flop (didn't bet)
Seat 6: Dr. Carvalhu folded before Flop (didn't bet)
Seat 7: deckynlr folded before Flop (didn't bet)
Seat 8: Dorex2007 folded before Flop (didn't bet)
Seat 9: Kidmono (button) folded before Flop (didn't bet)



PokerStars Hand #238671491810:  Hold'em No Limit ($0.02/$0.05 USD) - 2022/09/16 14:40:54 PT [2022/09/16 17:40:54 ET]
Table 'Nausikaa II' 9-max Seat #1 is the button
Seat 1: Santana Carlos ($5.87 in chips) 
Seat 2: WeNaSo_07 ($2.59 in chips) 
Seat 3: MarkFitz76 ($7.83 in chips) 
Seat 4: lumping ($4.84 in chips) 
Seat 5: sipo1 ($5.14 in chips) 
Seat 6: Dr. Carvalhu ($5.21 in chips) 
Seat 7: deckynlr ($7.58 in chips) 
Seat 8: Dorex2007 ($5 in chips) 
Seat 9: Kidmono ($4.88 in chips) 
WeNaSo_07: posts small blind $0.02
MarkFitz76: posts big blind $0.05
*** HOLE CARDS ***
Dealt to Dorex2007 [Kc Ac]
lumping: folds 
sipo1: folds 
Dr. Carvalhu: folds 
deckynlr: folds 
Dorex2007: raises $0.05 to $0.10
Kidmono: calls $0.10
Santana Carlos: raises $0.37 to $0.47
WeNaSo_07: folds 
MarkFitz76: folds 
Dorex2007: folds 
Kidmono: folds 
Uncalled bet ($0.37) returned to Santana Carlos
Santana Carlos collected $0.37 from pot
Santana Carlos: doesn't show hand 
*** SUMMARY ***
Total pot $0.37 | Rake $0 
Seat 1: Santana Carlos (button) collected ($0.37)
Seat 2: WeNaSo_07 (small blind) folded before Flop
Seat 3: MarkFitz76 (big blind) folded before Flop
Seat 4: lumping folded before Flop (didn't bet)
Seat 5: sipo1 folded before Flop (didn't bet)
Seat 6: Dr. Carvalhu folded before Flop (didn't bet)
Seat 7: deckynlr folded before Flop (didn't bet)
Seat 8: Dorex2007 folded before Flop
Seat 9: Kidmono folded before Flop



PokerStars Hand #238671506090:  Hold'em No Limit ($0.02/$0.05 USD) - 2022/09/16 14:41:30 PT [2022/09/16 17:41:30 ET]
Table 'Nausikaa II' 9-max Seat #2 is the button
Seat 1: Santana Carlos ($6.14 in chips) 
Seat 2: WeNaSo_07 ($2.57 in chips) 
Seat 3: MarkFitz76 ($7.78 in chips) 
Seat 4: lumping ($4.84 in chips) 
Seat 5: sipo1 ($5.14 in chips) 
Seat 6: Dr. Carvalhu ($5.21 in chips) 
Seat 7: deckynlr ($7.58 in chips) 
Seat 8: Dorex2007 ($5 in chips) 
Seat 9: Kidmono ($4.78 in chips) 
MarkFitz76: posts small blind $0.02
lumping: posts big blind $0.05
*** HOLE CARDS ***
Dealt to Dorex2007 [7c Th]
sipo1: calls $0.05
Dr. Carvalhu: folds 
deckynlr: folds 
Dorex2007: folds 
Kidmono: folds 
Santana Carlos: calls $0.05
WeNaSo_07: folds 
MarkFitz76: folds 
lumping: checks 
*** FLOP *** [2c Jh Qh]
lumping: checks 
sipo1: checks 
Santana Carlos: checks 
*** TURN *** [2c Jh Qh] [2h]
lumping: checks 
sipo1: checks 
Santana Carlos: checks 
*** RIVER *** [2c Jh Qh 2h] [4h]
lumping: checks 
sipo1: bets $0.10
Santana Carlos: calls $0.10
lumping: folds 
*** SHOW DOWN ***
sipo1: shows [Qc Kh] (a flush, King high)
Santana Carlos: mucks hand 
sipo1 collected $0.35 from pot
*** SUMMARY ***
Total pot $0.37 | Rake $0.02 
Board [2c Jh Qh 2h 4h]
Seat 1: Santana Carlos mucked [8d 6h]
Seat 2: WeNaSo_07 (button) folded before Flop (didn't bet)
Seat 3: MarkFitz76 (small blind) folded before Flop
Seat 4: lumping (big blind) folded on the River
Seat 5: sipo1 showed [Qc Kh] and won ($0.35) with a flush, King high
Seat 6: Dr. Carvalhu folded before Flop (didn't bet)
Seat 7: deckynlr folded before Flop (didn't bet)
Seat 8: Dorex2007 folded before Flop (didn't bet)
Seat 9: Kidmono folded before Flop (didn't bet)



PokerStars Hand #238671533115:  Hold'em No Limit ($0.02/$0.05 USD) - 2022/09/16 14:42:40 PT [2022/09/16 17:42:40 ET]
Table 'Nausikaa II' 9-max Seat #3 is the button
Seat 1: Santana Carlos ($5.99 in chips) 
Seat 2: WeNaSo_07 ($2.57 in chips) 
Seat 3: MarkFitz76 ($7.76 in chips) 
Seat 4: lumping ($4.79 in chips) 
Seat 5: sipo1 ($5.34 in chips) 
Seat 6: Dr. Carvalhu ($5.21 in chips) 
Seat 7: deckynlr ($7.58 in chips) 
Seat 8: Dorex2007 ($5 in chips) 
Seat 9: Kidmono ($4.78 in chips) 
lumping: posts small blind $0.02
sipo1: posts big blind $0.05
*** HOLE CARDS ***
Dealt to Dorex2007 [9s 4h]
Dr. Carvalhu: raises $0.05 to $0.10
deckynlr: folds 
Dorex2007: folds 
Kidmono: folds 
Santana Carlos: folds 
WeNaSo_07: folds 
MarkFitz76: folds 
lumping: folds 
sipo1: folds 
Uncalled bet ($0.05) returned to Dr. Carvalhu
Dr. Carvalhu collected $0.12 from pot
*** SUMMARY ***
Total pot $0.12 | Rake $0 
Seat 1: Santana Carlos folded before Flop (didn't bet)
Seat 2: WeNaSo_07 folded before Flop (didn't bet)
Seat 3: MarkFitz76 (button) folded before Flop (didn't bet)
Seat 4: lumping (small blind) folded before Flop
Seat 5: sipo1 (big blind) folded before Flop
Seat 6: Dr. Carvalhu collected ($0.12)
Seat 7: deckynlr folded before Flop (didn't bet)
Seat 8: Dorex2007 folded before Flop (didn't bet)
Seat 9: Kidmono folded before Flop (didn't bet)



PokerStars Hand #238671542724:  Hold'em No Limit ($0.02/$0.05 USD) - 2022/09/16 14:43:04 PT [2022/09/16 17:43:04 ET]
Table 'Nausikaa II' 9-max Seat #4 is the button
Seat 1: Santana Carlos ($5.99 in chips) 
Seat 2: WeNaSo_07 ($2.57 in chips) 
Seat 3: MarkFitz76 ($7.76 in chips) 
Seat 4: lumping ($4.77 in chips) 
Seat 5: sipo1 ($5.29 in chips) 
Seat 6: Dr. Carvalhu ($5.28 in chips) 
Seat 7: deckynlr ($7.58 in chips) 
Seat 8: Dorex2007 ($5 in chips) 
Seat 9: Kidmono ($4.78 in chips) 
sipo1: posts small blind $0.02
Dr. Carvalhu: posts big blind $0.05
*** HOLE CARDS ***
Dealt to Dorex2007 [Kd Ad]
deckynlr: folds 
Dorex2007: raises $0.12 to $0.17
Kidmono: folds 
Santana Carlos: folds 
WeNaSo_07: folds 
MarkFitz76: folds 
lumping: folds 
sipo1: calls $0.15
Dr. Carvalhu: folds 
*** FLOP *** [Qd Td 7c]
sipo1: checks 
Dorex2007: bets $0.25
sipo1: folds 
Uncalled bet ($0.25) returned to Dorex2007
Dorex2007 collected $0.37 from pot
Dorex2007: doesn't show hand 
*** SUMMARY ***
Total pot $0.39 | Rake $0.02 
Board [Qd Td 7c]
Seat 1: Santana Carlos folded before Flop (didn't bet)
Seat 2: WeNaSo_07 folded before Flop (didn't bet)
Seat 3: MarkFitz76 folded before Flop (didn't bet)
Seat 4: lumping (button) folded before Flop (didn't bet)
Seat 5: sipo1 (small blind) folded on the Flop
Seat 6: Dr. Carvalhu (big blind) folded before Flop
Seat 7: deckynlr folded before Flop (didn't bet)
Seat 8: Dorex2007 collected ($0.37)
Seat 9: Kidmono folded before Flop (didn't bet)



PokerStars Hand #238671557732:  Hold'em No Limit ($0.02/$0.05 USD) - 2022/09/16 14:43:43 PT [2022/09/16 17:43:43 ET]
Table 'Nausikaa II' 9-max Seat #5 is the button
Seat 1: Santana Carlos ($5.99 in chips) 
Seat 2: WeNaSo_07 ($2.57 in chips) 
Seat 3: MarkFitz76 ($7.76 in chips) 
Seat 4: lumping ($4.77 in chips) 
Seat 5: sipo1 ($5.12 in chips) 
Seat 6: Dr. Carvalhu ($5.23 in chips) 
Seat 7: deckynlr ($7.58 in chips) 
Seat 8: Dorex2007 ($5.20 in chips) 
Seat 9: Kidmono ($4.78 in chips) 
Dr. Carvalhu: posts small blind $0.02
deckynlr: posts big blind $0.05
*** HOLE CARDS ***
Dealt to Dorex2007 [2s 7h]
Dorex2007: folds 
Kidmono: folds 
Santana Carlos: calls $0.05
WeNaSo_07: folds 
MarkFitz76: folds 
lumping: folds 
sipo1: folds 
Dr. Carvalhu: calls $0.03
deckynlr: checks 
*** FLOP *** [Jc Jh 4d]
Dr. Carvalhu: checks 
deckynlr: checks 
Santana Carlos: checks 
*** TURN *** [Jc Jh 4d] [Ah]
Dr. Carvalhu: checks 
deckynlr: bets $0.05
Santana Carlos: calls $0.05
Dr. Carvalhu: calls $0.05
*** RIVER *** [Jc Jh 4d Ah] [7s]
Dr. Carvalhu: checks 
deckynlr: bets $0.20
Santana Carlos: folds 
Dr. Carvalhu: calls $0.20
*** SHOW DOWN ***
deckynlr: shows [6d Js] (three of a kind, Jacks)
Dr. Carvalhu: mucks hand 
deckynlr collected $0.67 from pot
*** SUMMARY ***
Total pot $0.70 | Rake $0.03 
Board [Jc Jh 4d Ah 7s]
Seat 1: Santana Carlos folded on the River
Seat 2: WeNaSo_07 folded before Flop (didn't bet)
Seat 3: MarkFitz76 folded before Flop (didn't bet)
Seat 4: lumping folded before Flop (didn't bet)
Seat 5: sipo1 (button) folded before Flop (didn't bet)
Seat 6: Dr. Carvalhu (small blind) mucked [Th Ac]
Seat 7: deckynlr (big blind) showed [6d Js] and won ($0.67) with three of a kind, Jacks
Seat 8: Dorex2007 folded before Flop (didn't bet)
Seat 9: Kidmono folded before Flop (didn't bet)



PokerStars Hand #238671578452:  Hold'em No Limit ($0.02/$0.05 USD) - 2022/09/16 14:44:36 PT [2022/09/16 17:44:36 ET]
Table 'Nausikaa II' 9-max Seat #6 is the button
Seat 1: Santana Carlos ($5.89 in chips) 
Seat 2: WeNaSo_07 ($2.57 in chips) 
Seat 3: MarkFitz76 ($7.76 in chips) 
Seat 4: lumping ($4.77 in chips) 
Seat 5: sipo1 ($5.12 in chips) 
Seat 6: Dr. Carvalhu ($4.93 in chips) 
Seat 7: deckynlr ($7.95 in chips) 
Seat 8: Dorex2007 ($5.20 in chips) 
Seat 9: Kidmono ($4.78 in chips) 
deckynlr: posts small blind $0.02
Dorex2007: posts big blind $0.05
*** HOLE CARDS ***
Dealt to Dorex2007 [8c 6d]
Kidmono: folds 
Santana Carlos: folds 
WeNaSo_07: raises $0.10 to $0.15
MarkFitz76: folds 
lumping: folds 
sipo1: folds 
Dr. Carvalhu: folds 
deckynlr: folds 
Dorex2007: folds 
Uncalled bet ($0.10) returned to WeNaSo_07
WeNaSo_07 collected $0.12 from pot
WeNaSo_07: doesn't show hand 
*** SUMMARY ***
Total pot $0.12 | Rake $0 
Seat 1: Santana Carlos folded before Flop (didn't bet)
Seat 2: WeNaSo_07 collected ($0.12)
Seat 3: MarkFitz76 folded before Flop (didn't bet)
Seat 4: lumping folded before Flop (didn't bet)
Seat 5: sipo1 folded before Flop (didn't bet)
Seat 6: Dr. Carvalhu (button) folded before Flop (didn't bet)
Seat 7: deckynlr (small blind) folded before Flop
Seat 8: Dorex2007 (big blind) folded before Flop
Seat 9: Kidmono folded before Flop (didn't bet)



PokerStars Hand #238671584683:  Hold'em No Limit ($0.02/$0.05 USD) - 2022/09/16 14:44:52 PT [2022/09/16 17:44:52 ET]
Table 'Nausikaa II' 9-max Seat #7 is the button
Seat 1: Santana Carlos ($5.89 in chips) 
Seat 2: WeNaSo_07 ($2.64 in chips) 
Seat 3: MarkFitz76 ($7.76 in chips) 
Seat 4: lumping ($4.77 in chips) 
Seat 5: sipo1 ($5.12 in chips) 
Seat 6: Dr. Carvalhu ($4.93 in chips) 
Seat 7: deckynlr ($7.93 in chips) 
Seat 8: Dorex2007 ($5.15 in chips) 
Seat 9: Kidmono ($4.78 in chips) 
Dorex2007: posts small blind $0.02
Kidmono: posts big blind $0.05
*** HOLE CARDS ***
Dealt to Dorex2007 [Ad 5c]
Santana Carlos: folds 
WeNaSo_07: folds 
MarkFitz76: folds 
lumping: folds 
sipo1: folds 
Dr. Carvalhu: folds 
deckynlr: folds 
Dorex2007: folds 
Uncalled bet ($0.03) returned to Kidmono
Kidmono collected $0.04 from pot
Kidmono: doesn't show hand 
*** SUMMARY ***
Total pot $0.04 | Rake $0 
Seat 1: Santana Carlos folded before Flop (didn't bet)
Seat 2: WeNaSo_07 folded before Flop (didn't bet)
Seat 3: MarkFitz76 folded before Flop (didn't bet)
Seat 4: lumping folded before Flop (didn't bet)
Seat 5: sipo1 folded before Flop (didn't bet)
Seat 6: Dr. Carvalhu folded before Flop (didn't bet)
Seat 7: deckynlr (button) folded before Flop (didn't bet)
Seat 8: Dorex2007 (small blind) folded before Flop
Seat 9: Kidmono (big blind) collected ($0.04)



PokerStars Hand #238671590931:  Hold'em No Limit ($0.02/$0.05 USD) - 2022/09/16 14:45:08 PT [2022/09/16 17:45:08 ET]
Table 'Nausikaa II' 9-max Seat #8 is the button
Seat 1: Santana Carlos ($5.89 in chips) 
Seat 2: WeNaSo_07 ($2.64 in chips) 
Seat 3: MarkFitz76 ($7.76 in chips) 
Seat 4: lumping ($4.77 in chips) 
Seat 5: sipo1 ($5.12 in chips) 
Seat 6: Dr. Carvalhu ($4.93 in chips) 
Seat 7: deckynlr ($7.93 in chips) 
Seat 8: Dorex2007 ($5.13 in chips) 
Seat 9: Kidmono ($4.80 in chips) 
Kidmono: posts small blind $0.02
Santana Carlos: posts big blind $0.05
*** HOLE CARDS ***
Dealt to Dorex2007 [Th Kd]
WeNaSo_07: folds 
MarkFitz76: folds 
lumping: folds 
WeNaSo_07 leaves the table
sipo1: folds 
Dr. Carvalhu: folds 
deckynlr: folds 
Dorex2007: folds 
TonyGrimes99 joins the table at seat #2 
Kidmono: calls $0.03
Santana Carlos: checks 
*** FLOP *** [2s Ts Ad]
Kidmono: checks 
Santana Carlos: checks 
*** TURN *** [2s Ts Ad] [9s]
Kidmono: bets $0.07
Santana Carlos: calls $0.07
*** RIVER *** [2s Ts Ad 9s] [Ac]
Kidmono: checks 
Santana Carlos: checks 
*** SHOW DOWN ***
Kidmono: shows [9d 8c] (two pair, Aces and Nines)
Santana Carlos: mucks hand 
Kidmono collected $0.23 from pot
*** SUMMARY ***
Total pot $0.24 | Rake $0.01 
Board [2s Ts Ad 9s Ac]
Seat 1: Santana Carlos (big blind) mucked [Qs 2d]
Seat 2: WeNaSo_07 folded before Flop (didn't bet)
Seat 3: MarkFitz76 folded before Flop (didn't bet)
Seat 4: lumping folded before Flop (didn't bet)
Seat 5: sipo1 folded before Flop (didn't bet)
Seat 6: Dr. Carvalhu folded before Flop (didn't bet)
Seat 7: deckynlr folded before Flop (didn't bet)
Seat 8: Dorex2007 (button) folded before Flop (didn't bet)
Seat 9: Kidmono (small blind) showed [9d 8c] and won ($0.23) with two pair, Aces and Nines



PokerStars Hand #238671617495:  Hold'em No Limit ($0.02/$0.05 USD) - 2022/09/16 14:46:16 PT [2022/09/16 17:46:16 ET]
Table 'Nausikaa II' 9-max Seat #9 is the button
Seat 3: MarkFitz76 ($7.76 in chips) 
Seat 4: lumping ($4.77 in chips) 
Seat 5: sipo1 ($5.12 in chips) 
Seat 6: Dr. Carvalhu ($4.93 in chips) 
Seat 7: deckynlr ($7.93 in chips) 
Seat 8: Dorex2007 ($5.13 in chips) 
Seat 9: Kidmono ($4.91 in chips) 
MarkFitz76: posts small blind $0.02
lumping: posts big blind $0.05
*** HOLE CARDS ***
Dealt to Dorex2007 [3s 4c]
sipo1: folds 
Dr. Carvalhu: folds 
deckynlr: raises $0.10 to $0.15
Dorex2007: folds 
Kidmono: calls $0.15
MarkFitz76: folds 
lumping: folds 
*** FLOP *** [2d 3h 8c]
deckynlr: bets $0.17
Kidmono: calls $0.17
*** TURN *** [2d 3h 8c] [Qh]
deckynlr: checks 
Kidmono: bets $0.34
deckynlr: folds 
Uncalled bet ($0.34) returned to Kidmono
Kidmono collected $0.68 from pot
Kidmono: doesn't show hand 
*** SUMMARY ***
Total pot $0.71 | Rake $0.03 
Board [2d 3h 8c Qh]
Seat 3: MarkFitz76 (small blind) folded before Flop
Seat 4: lumping (big blind) folded before Flop
Seat 5: sipo1 folded before Flop (didn't bet)
Seat 6: Dr. Carvalhu folded before Flop (didn't bet)
Seat 7: deckynlr folded on the Turn
Seat 8: Dorex2007 folded before Flop (didn't bet)
Seat 9: Kidmono (button) collected ($0.68)



PokerStars Hand #238671636074:  Hold'em No Limit ($0.02/$0.05 USD) - 2022/09/16 14:47:03 PT [2022/09/16 17:47:03 ET]
Table 'Nausikaa II' 9-max Seat #3 is the button
Seat 2: TonyGrimes99 ($2 in chips) 
Seat 3: MarkFitz76 ($7.74 in chips) 
Seat 4: lumping ($4.72 in chips) 
Seat 5: sipo1 ($5.12 in chips) 
Seat 6: Dr. Carvalhu ($4.93 in chips) 
Seat 7: deckynlr ($7.61 in chips) 
Seat 8: Dorex2007 ($5.13 in chips) 
Seat 9: Kidmono ($5.27 in chips) 
lumping: posts small blind $0.02
sipo1: posts big blind $0.05
TonyGrimes99: posts big blind $0.05
*** HOLE CARDS ***
Dealt to Dorex2007 [4h Th]
Dr. Carvalhu: raises $0.05 to $0.10
deckynlr: folds 
Dorex2007: folds 
Kidmono: calls $0.10
TonyGrimes99: calls $0.05
MarkFitz76: folds 
lumping: calls $0.08
sipo1: calls $0.05
*** FLOP *** [Qd Qc 3c]
lumping: checks 
sipo1: checks 
Dr. Carvalhu: checks 
Kidmono: bets $0.30
TonyGrimes99: folds 
lumping: folds 
sipo1: folds 
Dr. Carvalhu: calls $0.30
*** TURN *** [Qd Qc 3c] [As]
Dr. Carvalhu: checks 
Kidmono: checks 
*** RIVER *** [Qd Qc 3c As] [Qh]
Dr. Carvalhu: bets $0.52
Kidmono: raises $4.35 to $4.87 and is all-in
Dr. Carvalhu: folds 
Uncalled bet ($4.35) returned to Kidmono
Kidmono collected $2.05 from pot
Kidmono: doesn't show hand 
*** SUMMARY ***
Total pot $2.14 | Rake $0.09 
Board [Qd Qc 3c As Qh]
Seat 2: TonyGrimes99 folded on the Flop
Seat 3: MarkFitz76 (button) folded before Flop (didn't bet)
Seat 4: lumping (small blind) folded on the Flop
Seat 5: sipo1 (big blind) folded on the Flop
Seat 6: Dr. Carvalhu folded on the River
Seat 7: deckynlr folded before Flop (didn't bet)
Seat 8: Dorex2007 folded before Flop (didn't bet)
Seat 9: Kidmono collected ($2.05)



PokerStars Hand #238671675014:  Hold'em No Limit ($0.02/$0.05 USD) - 2022/09/16 14:48:44 PT [2022/09/16 17:48:44 ET]
Table 'Nausikaa II' 9-max Seat #4 is the button
Seat 1: Santana Carlos ($5.77 in chips) 
Seat 2: TonyGrimes99 ($1.90 in chips) 
Seat 3: MarkFitz76 ($7.74 in chips) 
Seat 4: lumping ($4.62 in chips) 
Seat 5: sipo1 ($5.02 in chips) 
Seat 6: Dr. Carvalhu ($4.01 in chips) 
Seat 7: deckynlr ($7.61 in chips) 
Seat 8: Dorex2007 ($5.13 in chips) 
Seat 9: Kidmono ($6.40 in chips) 
sipo1: posts small blind $0.02
Dr. Carvalhu: posts big blind $0.05
Santana Carlos: posts small blind $0.02
*** HOLE CARDS ***
Dealt to Dorex2007 [Jd 9c]
deckynlr: folds 
Dorex2007: folds 
Kidmono: folds 
Santana Carlos has timed out
Santana Carlos: folds 
TonyGrimes99: raises $0.05 to $0.10
MarkFitz76: calls $0.10
lumping: folds 
sipo1: folds 
Dr. Carvalhu: calls $0.05
*** FLOP *** [4s 3h Td]
Dr. Carvalhu: checks 
TonyGrimes99: checks 
MarkFitz76: bets $0.20
Dr. Carvalhu: folds 
TonyGrimes99: calls $0.20
*** TURN *** [4s 3h Td] [2c]
TonyGrimes99: bets $0.25
MarkFitz76: folds 
Uncalled bet ($0.25) returned to TonyGrimes99
TonyGrimes99 collected $0.71 from pot
TonyGrimes99: doesn't show hand 
*** SUMMARY ***
Total pot $0.74 | Rake $0.03 
Board [4s 3h Td 2c]
Seat 1: Santana Carlos folded before Flop (didn't bet)
Seat 2: TonyGrimes99 collected ($0.71)
Seat 3: MarkFitz76 folded on the Turn
Seat 4: lumping (button) folded before Flop (didn't bet)
Seat 5: sipo1 (small blind) folded before Flop
Seat 6: Dr. Carvalhu (big blind) folded on the Flop
Seat 7: deckynlr folded before Flop (didn't bet)
Seat 8: Dorex2007 folded before Flop (didn't bet)
Seat 9: Kidmono folded before Flop (didn't bet)



PokerStars Hand #238671708220:  Hold'em No Limit ($0.02/$0.05 USD) - 2022/09/16 14:50:10 PT [2022/09/16 17:50:10 ET]
Table 'Nausikaa II' 9-max Seat #5 is the button
Seat 1: Santana Carlos ($5.75 in chips) 
Seat 2: TonyGrimes99 ($2.31 in chips) 
Seat 3: MarkFitz76 ($7.44 in chips) 
Seat 4: lumping ($4.62 in chips) 
Seat 5: sipo1 ($5 in chips) 
Seat 6: Dr. Carvalhu ($3.91 in chips) 
Seat 7: deckynlr ($7.61 in chips) 
Seat 8: Dorex2007 ($5.13 in chips) 
Seat 9: Kidmono ($6.40 in chips) 
Dr. Carvalhu: posts small blind $0.02
deckynlr: posts big blind $0.05
*** HOLE CARDS ***
Dealt to Dorex2007 [5h 6d]
Dorex2007: folds 
Kidmono: folds 
Santana Carlos: folds 
TonyGrimes99: calls $0.05
MarkFitz76: folds 
lumping: folds 
sipo1: folds 
Dr. Carvalhu: folds 
deckynlr: checks 
*** FLOP *** [Kh 9s Jd]
deckynlr: checks 
TonyGrimes99: bets $0.15
deckynlr: folds 
Uncalled bet ($0.15) returned to TonyGrimes99
TonyGrimes99 collected $0.12 from pot
TonyGrimes99: doesn't show hand 
*** SUMMARY ***
Total pot $0.12 | Rake $0 
Board [Kh 9s Jd]
Seat 1: Santana Carlos folded before Flop (didn't bet)
Seat 2: TonyGrimes99 collected ($0.12)
Seat 3: MarkFitz76 folded before Flop (didn't bet)
Seat 4: lumping folded before Flop (didn't bet)
Seat 5: sipo1 (button) folded before Flop (didn't bet)
Seat 6: Dr. Carvalhu (small blind) folded before Flop
Seat 7: deckynlr (big blind) folded on the Flop
Seat 8: Dorex2007 folded before Flop (didn't bet)
Seat 9: Kidmono folded before Flop (didn't bet)



PokerStars Hand #238671719258:  Hold'em No Limit ($0.02/$0.05 USD) - 2022/09/16 14:50:39 PT [2022/09/16 17:50:39 ET]
Table 'Nausikaa II' 9-max Seat #6 is the button
Seat 1: Santana Carlos ($5.75 in chips) 
Seat 2: TonyGrimes99 ($2.38 in chips) 
Seat 3: MarkFitz76 ($7.44 in chips) 
Seat 4: lumping ($4.62 in chips) 
Seat 5: sipo1 ($5 in chips) 
Seat 6: Dr. Carvalhu ($3.89 in chips) 
Seat 7: deckynlr ($7.56 in chips) 
Seat 8: Dorex2007 ($5.13 in chips) 
Seat 9: Kidmono ($6.40 in chips) 
deckynlr: posts small blind $0.02
Dorex2007: posts big blind $0.05
*** HOLE CARDS ***
Dealt to Dorex2007 [Ah 4d]
Kidmono: folds 
Santana Carlos: calls $0.05
TonyGrimes99: calls $0.05
MarkFitz76: raises $0.15 to $0.20
lumping: folds 
sipo1: folds 
Dr. Carvalhu: calls $0.20
deckynlr: folds 
Dorex2007: folds 
Santana Carlos: calls $0.15
TonyGrimes99: calls $0.15
*** FLOP *** [Tc Ts Kd]
Santana Carlos: checks 
TonyGrimes99: checks 
MarkFitz76: checks 
Dr. Carvalhu: bets $0.31
Santana Carlos: folds 
TonyGrimes99: folds 
MarkFitz76: calls $0.31
*** TURN *** [Tc Ts Kd] [7s]
MarkFitz76: checks 
Dr. Carvalhu: checks 
*** RIVER *** [Tc Ts Kd 7s] [6d]
MarkFitz76: checks 
Dr. Carvalhu: checks 
*** SHOW DOWN ***
MarkFitz76: shows [Qc Qh] (two pair, Queens and Tens)
Dr. Carvalhu: shows [2s Ks] (two pair, Kings and Tens)
Dr. Carvalhu collected $1.43 from pot
*** SUMMARY ***
Total pot $1.49 | Rake $0.06 
Board [Tc Ts Kd 7s 6d]
Seat 1: Santana Carlos folded on the Flop
Seat 2: TonyGrimes99 folded on the Flop
Seat 3: MarkFitz76 showed [Qc Qh] and lost with two pair, Queens and Tens
Seat 4: lumping folded before Flop (didn't bet)
Seat 5: sipo1 folded before Flop (didn't bet)
Seat 6: Dr. Carvalhu (button) showed [2s Ks] and won ($1.43) with two pair, Kings and Tens
Seat 7: deckynlr (small blind) folded before Flop
Seat 8: Dorex2007 (big blind) folded before Flop
Seat 9: Kidmono folded before Flop (didn't bet)



PokerStars Hand #238671748202:  Hold'em No Limit ($0.02/$0.05 USD) - 2022/09/16 14:51:55 PT [2022/09/16 17:51:55 ET]
Table 'Nausikaa II' 9-max Seat #7 is the button
Seat 1: Santana Carlos ($5.55 in chips) 
Seat 2: TonyGrimes99 ($2.18 in chips) 
Seat 3: MarkFitz76 ($6.93 in chips) 
Seat 4: lumping ($4.62 in chips) 
Seat 5: sipo1 ($5 in chips) 
Seat 6: Dr. Carvalhu ($4.81 in chips) 
Seat 7: deckynlr ($7.54 in chips) 
Seat 8: Dorex2007 ($5.08 in chips) 
Seat 9: Kidmono ($6.40 in chips) 
Dorex2007: posts small blind $0.02
Kidmono: posts big blind $0.05
*** HOLE CARDS ***
Dealt to Dorex2007 [9h 2c]
Santana Carlos: calls $0.05
TonyGrimes99: folds 
MarkFitz76: folds 
lumping: folds 
sipo1: folds 
Dr. Carvalhu: folds 
deckynlr: folds 
Dorex2007: folds 
Kidmono: checks 
*** FLOP *** [2s 8c 3s]
Kidmono: bets $0.15
Santana Carlos: calls $0.15
*** TURN *** [2s 8c 3s] [5d]
Kidmono: bets $0.17
Dr. Carvalhu leaves the table
Santana Carlos: calls $0.17
*** RIVER *** [2s 8c 3s 5d] [Ks]
Kidmono: checks 
Santana Carlos: bets $0.22
Kidmono: calls $0.22
*** SHOW DOWN ***
Santana Carlos: shows [Ts 8s] (a flush, King high)
Kidmono: mucks hand 
Santana Carlos collected $1.15 from pot
*** SUMMARY ***
Total pot $1.20 | Rake $0.05 
Board [2s 8c 3s 5d Ks]
Seat 1: Santana Carlos showed [Ts 8s] and won ($1.15) with a flush, King high
Seat 2: TonyGrimes99 folded before Flop (didn't bet)
Seat 3: MarkFitz76 folded before Flop (didn't bet)
Seat 4: lumping folded before Flop (didn't bet)
Seat 5: sipo1 folded before Flop (didn't bet)
Seat 6: Dr. Carvalhu folded before Flop (didn't bet)
Seat 7: deckynlr (button) folded before Flop (didn't bet)
Seat 8: Dorex2007 (small blind) folded before Flop
Seat 9: Kidmono (big blind) mucked [3d 2h]



PokerStars Hand #238671772840:  Hold'em No Limit ($0.02/$0.05 USD) - 2022/09/16 14:53:00 PT [2022/09/16 17:53:00 ET]
Table 'Nausikaa II' 9-max Seat #8 is the button
Seat 1: Santana Carlos ($6.11 in chips) 
Seat 2: TonyGrimes99 ($2.18 in chips) 
Seat 3: MarkFitz76 ($6.93 in chips) 
Seat 4: lumping ($4.62 in chips) 
Seat 5: sipo1 ($5 in chips) 
Seat 7: deckynlr ($7.54 in chips) 
Seat 8: Dorex2007 ($5.06 in chips) 
Seat 9: Kidmono ($5.81 in chips) 
Kidmono: posts small blind $0.02
Santana Carlos: posts big blind $0.05
*** HOLE CARDS ***
Dealt to Dorex2007 [6d 2s]
TonyGrimes99: calls $0.05
MarkFitz76: folds 
lumping: folds 
sipo1: folds 
deckynlr: folds 
Dorex2007: folds 
Kidmono: calls $0.03
Santana Carlos: checks 
*** FLOP *** [Qs 6c As]
Kidmono: bets $0.10
Santana Carlos: folds 
TonyGrimes99: calls $0.10
*** TURN *** [Qs 6c As] [7d]
Kidmono: bets $0.15
TonyGrimes99: folds 
Uncalled bet ($0.15) returned to Kidmono
Kidmono collected $0.34 from pot
Kidmono: doesn't show hand 
*** SUMMARY ***
Total pot $0.35 | Rake $0.01 
Board [Qs 6c As 7d]
Seat 1: Santana Carlos (big blind) folded on the Flop
Seat 2: TonyGrimes99 folded on the Turn
Seat 3: MarkFitz76 folded before Flop (didn't bet)
Seat 4: lumping folded before Flop (didn't bet)
Seat 5: sipo1 folded before Flop (didn't bet)
Seat 7: deckynlr folded before Flop (didn't bet)
Seat 8: Dorex2007 (button) folded before Flop (didn't bet)
Seat 9: Kidmono (small blind) collected ($0.34)



PokerStars Hand #238671783042:  Hold'em No Limit ($0.02/$0.05 USD) - 2022/09/16 14:53:27 PT [2022/09/16 17:53:27 ET]
Table 'Nausikaa II' 9-max Seat #9 is the button
Seat 1: Santana Carlos ($6.06 in chips) 
Seat 2: TonyGrimes99 ($2.03 in chips) 
Seat 3: MarkFitz76 ($6.93 in chips) 
Seat 4: lumping ($4.62 in chips) 
Seat 5: sipo1 ($5 in chips) 
Seat 7: deckynlr ($7.54 in chips) 
Seat 8: Dorex2007 ($5.06 in chips) 
Seat 9: Kidmono ($6 in chips) 
Santana Carlos: posts small blind $0.02
TonyGrimes99: posts big blind $0.05
*** HOLE CARDS ***
Dealt to Dorex2007 [Kc 2c]
MarkFitz76: folds 
lumping: calls $0.05
sipo1: folds 
deckynlr: folds 
Dorex2007: folds 
Kidmono: folds 
Santana Carlos: calls $0.03
TonyGrimes99: raises $0.05 to $0.10
lumping: calls $0.05
Santana Carlos: calls $0.05
*** FLOP *** [4s Ah 2d]
Santana Carlos: checks 
TonyGrimes99: bets $0.20
lumping: folds 
Santana Carlos: folds 
Uncalled bet ($0.20) returned to TonyGrimes99
TonyGrimes99 collected $0.29 from pot
TonyGrimes99: doesn't show hand 
*** SUMMARY ***
Total pot $0.30 | Rake $0.01 
Board [4s Ah 2d]
Seat 1: Santana Carlos (small blind) folded on the Flop
Seat 2: TonyGrimes99 (big blind) collected ($0.29)
Seat 3: MarkFitz76 folded before Flop (didn't bet)
Seat 4: lumping folded on the Flop
Seat 5: sipo1 folded before Flop (didn't bet)
Seat 7: deckynlr folded before Flop (didn't bet)
Seat 8: Dorex2007 folded before Flop (didn't bet)
Seat 9: Kidmono (button) folded before Flop (didn't bet)



PokerStars Hand #238671802104:  Hold'em No Limit ($0.02/$0.05 USD) - 2022/09/16 14:54:17 PT [2022/09/16 17:54:17 ET]
Table 'Nausikaa II' 9-max Seat #1 is the button
Seat 1: Santana Carlos ($5.96 in chips) 
Seat 2: TonyGrimes99 ($2.22 in chips) 
Seat 3: MarkFitz76 ($6.93 in chips) 
Seat 4: lumping ($4.52 in chips) 
Seat 5: sipo1 ($5 in chips) 
Seat 7: deckynlr ($7.54 in chips) 
Seat 8: Dorex2007 ($5.06 in chips) 
Seat 9: Kidmono ($6 in chips) 
TonyGrimes99: posts small blind $0.02
MarkFitz76: posts big blind $0.05
*** HOLE CARDS ***
Dealt to Dorex2007 [7d 4d]
lumping: folds 
sipo1: folds 
deckynlr: folds 
Dorex2007: folds 
Kidmono: folds 
Santana Carlos: folds 
TonyGrimes99: calls $0.03
MarkFitz76: checks 
*** FLOP *** [Th 3s 7c]
TonyGrimes99: checks 
MarkFitz76: checks 
*** TURN *** [Th 3s 7c] [As]
TonyGrimes99: checks 
MarkFitz76: checks 
*** RIVER *** [Th 3s 7c As] [9s]
TonyGrimes99: checks 
MarkFitz76: checks 
*** SHOW DOWN ***
TonyGrimes99: shows [7h 8d] (a pair of Sevens)
MarkFitz76: shows [5c 9c] (a pair of Nines)
MarkFitz76 collected $0.10 from pot
*** SUMMARY ***
Total pot $0.10 | Rake $0 
Board [Th 3s 7c As 9s]
Seat 1: Santana Carlos (button) folded before Flop (didn't bet)
Seat 2: TonyGrimes99 (small blind) showed [7h 8d] and lost with a pair of Sevens
Seat 3: MarkFitz76 (big blind) showed [5c 9c] and won ($0.10) with a pair of Nines
Seat 4: lumping folded before Flop (didn't bet)
Seat 5: sipo1 folded before Flop (didn't bet)
Seat 7: deckynlr folded before Flop (didn't bet)
Seat 8: Dorex2007 folded before Flop (didn't bet)
Seat 9: Kidmono folded before Flop (didn't bet)



PokerStars Hand #238671828511:  Hold'em No Limit ($0.02/$0.05 USD) - 2022/09/16 14:55:32 PT [2022/09/16 17:55:32 ET]
Table 'Nausikaa II' 9-max Seat #2 is the button
Seat 1: Santana Carlos ($5.96 in chips) 
Seat 2: TonyGrimes99 ($2.17 in chips) 
Seat 3: MarkFitz76 ($6.98 in chips) 
Seat 4: lumping ($4.52 in chips) 
Seat 5: sipo1 ($5 in chips) 
Seat 7: deckynlr ($7.54 in chips) 
Seat 8: Dorex2007 ($5.06 in chips) 
Seat 9: Kidmono ($6 in chips) 
MarkFitz76: posts small blind $0.02
lumping: posts big blind $0.05
*** HOLE CARDS ***
Dealt to Dorex2007 [8c Th]
sipo1: folds 
deckynlr: folds 
Dorex2007: folds 
Kidmono: folds 
Santana Carlos: calls $0.05
TonyGrimes99: raises $0.05 to $0.10
MarkFitz76: folds 
lumping: calls $0.05
Santana Carlos: calls $0.05
*** FLOP *** [5c Ah Ts]
lumping: checks 
Santana Carlos: checks 
TonyGrimes99: checks 
*** TURN *** [5c Ah Ts] [3h]
lumping: checks 
Santana Carlos: bets $0.09
TonyGrimes99 has timed out
TonyGrimes99: folds 
lumping: folds 
Uncalled bet ($0.09) returned to Santana Carlos
Santana Carlos collected $0.31 from pot
Santana Carlos: doesn't show hand 
*** SUMMARY ***
Total pot $0.32 | Rake $0.01 
Board [5c Ah Ts 3h]
Seat 1: Santana Carlos collected ($0.31)
Seat 2: TonyGrimes99 (button) folded on the Turn
Seat 3: MarkFitz76 (small blind) folded before Flop
Seat 4: lumping (big blind) folded on the Turn
Seat 5: sipo1 folded before Flop (didn't bet)
Seat 7: deckynlr folded before Flop (didn't bet)
Seat 8: Dorex2007 folded before Flop (didn't bet)
Seat 9: Kidmono folded before Flop (didn't bet)



PokerStars Hand #238671857110:  Hold'em No Limit ($0.02/$0.05 USD) - 2022/09/16 14:57:12 PT [2022/09/16 17:57:12 ET]
Table 'Nausikaa II' 9-max Seat #3 is the button
Seat 1: Santana Carlos ($6.17 in chips) 
Seat 3: MarkFitz76 ($6.96 in chips) 
Seat 4: lumping ($4.42 in chips) 
Seat 5: sipo1 ($5 in chips) 
Seat 7: deckynlr ($7.54 in chips) 
Seat 8: Dorex2007 ($5.06 in chips) 
Seat 9: Kidmono ($6 in chips) 
lumping: posts small blind $0.02
sipo1: posts big blind $0.05
*** HOLE CARDS ***
Dealt to Dorex2007 [Qd 6h]
deckynlr: folds 
Dorex2007: folds 
Kidmono: folds 
Santana Carlos: folds 
MarkFitz76: raises $0.10 to $0.15
lumping: folds 
sipo1: calls $0.10
*** FLOP *** [5h Kc 3h]
sipo1: checks 
MarkFitz76: bets $0.20
sipo1: folds 
Uncalled bet ($0.20) returned to MarkFitz76
MarkFitz76 collected $0.31 from pot
deckynlr leaves the table
MarkFitz76: doesn't show hand 
*** SUMMARY ***
Total pot $0.32 | Rake $0.01 
Board [5h Kc 3h]
Seat 1: Santana Carlos folded before Flop (didn't bet)
Seat 3: MarkFitz76 (button) collected ($0.31)
Seat 4: lumping (small blind) folded before Flop
Seat 5: sipo1 (big blind) folded on the Flop
Seat 7: deckynlr folded before Flop (didn't bet)
Seat 8: Dorex2007 folded before Flop (didn't bet)
Seat 9: Kidmono folded before Flop (didn't bet)



PokerStars Hand #238671870512:  Hold'em No Limit ($0.02/$0.05 USD) - 2022/09/16 14:57:59 PT [2022/09/16 17:57:59 ET]
Table 'Nausikaa II' 9-max Seat #4 is the button
Seat 1: Santana Carlos ($6.17 in chips) 
Seat 3: MarkFitz76 ($7.12 in chips) 
Seat 4: lumping ($4.40 in chips) 
Seat 5: sipo1 ($4.85 in chips) 
Seat 8: Dorex2007 ($5.06 in chips) 
Seat 9: Kidmono ($6 in chips) 
sipo1: posts small blind $0.02
Dorex2007: posts big blind $0.05
*** HOLE CARDS ***
Dealt to Dorex2007 [Ah 8s]
Kidmono: folds 
Santana Carlos: folds 
MarkFitz76: folds 
lumping: folds 
sipo1: calls $0.03
Dorex2007: checks 
*** FLOP *** [9h 7d Jc]
sipo1: bets $0.10
Dorex2007: folds 
Uncalled bet ($0.10) returned to sipo1
sipo1 collected $0.10 from pot
sipo1: doesn't show hand 
*** SUMMARY ***
Total pot $0.10 | Rake $0 
Board [9h 7d Jc]
Seat 1: Santana Carlos folded before Flop (didn't bet)
Seat 3: MarkFitz76 folded before Flop (didn't bet)
Seat 4: lumping (button) folded before Flop (didn't bet)
Seat 5: sipo1 (small blind) collected ($0.10)
Seat 8: Dorex2007 (big blind) folded on the Flop
Seat 9: Kidmono folded before Flop (didn't bet)



PokerStars Hand #238671878832:  Hold'em No Limit ($0.02/$0.05 USD) - 2022/09/16 14:58:28 PT [2022/09/16 17:58:28 ET]
Table 'Nausikaa II' 9-max Seat #5 is the button
Seat 1: Santana Carlos ($6.17 in chips) 
Seat 3: MarkFitz76 ($7.12 in chips) 
Seat 4: lumping ($4.40 in chips) 
Seat 5: sipo1 ($4.90 in chips) 
Seat 8: Dorex2007 ($5.01 in chips) 
Seat 9: Kidmono ($6 in chips) 
Dorex2007: posts small blind $0.02
Kidmono: posts big blind $0.05
*** HOLE CARDS ***
Dealt to Dorex2007 [8s Kd]
Santana Carlos: folds 
MarkFitz76: folds 
lumping: raises $0.10 to $0.15
sipo1: calls $0.15
Dorex2007: folds 
Kidmono: folds 
*** FLOP *** [7d 5h Qs]
lumping: checks 
sipo1: bets $0.05
lumping: calls $0.05
*** TURN *** [7d 5h Qs] [Kh]
lumping: checks 
sipo1: checks 
*** RIVER *** [7d 5h Qs Kh] [5d]
lumping: checks 
sipo1: bets $0.05
lumping: calls $0.05
*** SHOW DOWN ***
sipo1: shows [Ah Qc] (two pair, Queens and Fives)
lumping: mucks hand 
sipo1 collected $0.55 from pot
*** SUMMARY ***
Total pot $0.57 | Rake $0.02 
Board [7d 5h Qs Kh 5d]
Seat 1: Santana Carlos folded before Flop (didn't bet)
Seat 3: MarkFitz76 folded before Flop (didn't bet)
Seat 4: lumping mucked [2s 2h]
Seat 5: sipo1 (button) showed [Ah Qc] and won ($0.55) with two pair, Queens and Fives
Seat 8: Dorex2007 (small blind) folded before Flop
Seat 9: Kidmono (big blind) folded before Flop



PokerStars Hand #238671898522:  Hold'em No Limit ($0.02/$0.05 USD) - 2022/09/16 14:59:37 PT [2022/09/16 17:59:37 ET]
Table 'Nausikaa II' 9-max Seat #8 is the button
Seat 1: Santana Carlos ($6.17 in chips) 
Seat 3: MarkFitz76 ($7.12 in chips) 
Seat 4: lumping ($4.15 in chips) 
Seat 5: sipo1 ($5.20 in chips) 
Seat 8: Dorex2007 ($5 in chips) 
Seat 9: Kidmono ($5.95 in chips) 
Kidmono: posts small blind $0.02
Santana Carlos: posts big blind $0.05
*** HOLE CARDS ***
Dealt to Dorex2007 [Qs 2s]
MarkFitz76: folds 
lumping: folds 
sipo1: calls $0.05
Dorex2007: folds 
Kidmono: calls $0.03
Santana Carlos: folds 
*** FLOP *** [Td 6d Jc]
Santana Carlos leaves the table
Kidmono: checks 
sipo1: bets $0.08
Kidmono: folds 
Uncalled bet ($0.08) returned to sipo1
sipo1 collected $0.14 from pot
sipo1: doesn't show hand 
*** SUMMARY ***
Total pot $0.15 | Rake $0.01 
Board [Td 6d Jc]
Seat 1: Santana Carlos (big blind) folded before Flop
Seat 3: MarkFitz76 folded before Flop (didn't bet)
Seat 4: lumping folded before Flop (didn't bet)
Seat 5: sipo1 collected ($0.14)
Seat 8: Dorex2007 (button) folded before Flop (didn't bet)
Seat 9: Kidmono (small blind) folded on the Flop



PokerStars Hand #238671912053:  Hold'em No Limit ($0.02/$0.05 USD) - 2022/09/16 15:00:24 PT [2022/09/16 18:00:24 ET]
Table 'Nausikaa II' 9-max Seat #9 is the button
Seat 2: TonyGrimes99 ($2.07 in chips) 
Seat 3: MarkFitz76 ($7.12 in chips) 
Seat 4: lumping ($4.15 in chips) 
Seat 5: sipo1 ($5.29 in chips) 
Seat 8: Dorex2007 ($5 in chips) 
Seat 9: Kidmono ($5.90 in chips) 
TonyGrimes99: posts small blind $0.02
MarkFitz76: posts big blind $0.05
*** HOLE CARDS ***
Dealt to Dorex2007 [9c Qd]
lumping: calls $0.05
sipo1: folds 
Dorex2007: folds 
Kidmono: folds 
TonyGrimes99: calls $0.03
MarkFitz76: checks 
*** FLOP *** [7s 3s Qh]
TonyGrimes99: checks 
MarkFitz76: checks 
lumping: checks 
*** TURN *** [7s 3s Qh] [4d]
TonyGrimes99: bets $0.10
MarkFitz76: folds 
lumping: folds 
Uncalled bet ($0.10) returned to TonyGrimes99
TonyGrimes99 collected $0.14 from pot
TonyGrimes99: doesn't show hand 
*** SUMMARY ***
Total pot $0.15 | Rake $0.01 
Board [7s 3s Qh 4d]
Seat 2: TonyGrimes99 (small blind) collected ($0.14)
Seat 3: MarkFitz76 (big blind) folded on the Turn
Seat 4: lumping folded on the Turn
Seat 5: sipo1 folded before Flop (didn't bet)
Seat 8: Dorex2007 folded before Flop (didn't bet)
Seat 9: Kidmono (button) folded before Flop (didn't bet)



PokerStars Hand #238671926939:  Hold'em No Limit ($0.02/$0.05 USD) - 2022/09/16 15:01:12 PT [2022/09/16 18:01:12 ET]
Table 'Nausikaa II' 9-max Seat #2 is the button
Seat 2: TonyGrimes99 ($2.16 in chips) 
Seat 3: MarkFitz76 ($7.07 in chips) 
Seat 4: lumping ($4.10 in chips) 
Seat 5: sipo1 ($5.29 in chips) 
Seat 8: Dorex2007 ($5 in chips) 
Seat 9: Kidmono ($5.90 in chips) 
MarkFitz76: posts small blind $0.02
lumping: posts big blind $0.05
*** HOLE CARDS ***
Dealt to Dorex2007 [Ts 5d]
sipo1: folds 
Dorex2007: folds 
Kidmono: folds 
TonyGrimes99: calls $0.05
MarkFitz76: folds 
lumping: checks 
*** FLOP *** [9s Jc 2h]
lumping: bets $0.10
TonyGrimes99: folds 
Uncalled bet ($0.10) returned to lumping
lumping collected $0.12 from pot
lumping: doesn't show hand 
*** SUMMARY ***
Total pot $0.12 | Rake $0 
Board [9s Jc 2h]
Seat 2: TonyGrimes99 (button) folded on the Flop
Seat 3: MarkFitz76 (small blind) folded before Flop
Seat 4: lumping (big blind) collected ($0.12)
Seat 5: sipo1 folded before Flop (didn't bet)
Seat 8: Dorex2007 folded before Flop (didn't bet)
Seat 9: Kidmono folded before Flop (didn't bet)



PokerStars Hand #238671936962:  Hold'em No Limit ($0.02/$0.05 USD) - 2022/09/16 15:01:43 PT [2022/09/16 18:01:43 ET]
Table 'Nausikaa II' 9-max Seat #3 is the button
Seat 2: TonyGrimes99 ($2.11 in chips) 
Seat 3: MarkFitz76 ($7.05 in chips) 
Seat 4: lumping ($4.17 in chips) 
Seat 5: sipo1 ($5.29 in chips) 
Seat 8: Dorex2007 ($5 in chips) 
Seat 9: Kidmono ($5.90 in chips) 
lumping: posts small blind $0.02
sipo1: posts big blind $0.05
*** HOLE CARDS ***
Dealt to Dorex2007 [Jd 3d]
Dorex2007: folds 
Kidmono: folds 
TonyGrimes99: calls $0.05
MarkFitz76: folds 
lumping: folds 
sipo1: checks 
*** FLOP *** [Jc 7h 3s]
sipo1: checks 
TonyGrimes99: bets $0.05
sipo1: folds 
Uncalled bet ($0.05) returned to TonyGrimes99
TonyGrimes99 collected $0.12 from pot
TonyGrimes99: doesn't show hand 
*** SUMMARY ***
Total pot $0.12 | Rake $0 
Board [Jc 7h 3s]
Seat 2: TonyGrimes99 collected ($0.12)
Seat 3: MarkFitz76 (button) folded before Flop (didn't bet)
Seat 4: lumping (small blind) folded before Flop
Seat 5: sipo1 (big blind) folded on the Flop
Seat 8: Dorex2007 folded before Flop (didn't bet)
Seat 9: Kidmono folded before Flop (didn't bet)



PokerStars Hand #238671950792:  Hold'em No Limit ($0.02/$0.05 USD) - 2022/09/16 15:02:22 PT [2022/09/16 18:02:22 ET]
Table 'Nausikaa II' 9-max Seat #4 is the button
Seat 2: TonyGrimes99 ($2.18 in chips) 
Seat 3: MarkFitz76 ($7.05 in chips) 
Seat 4: lumping ($4.15 in chips) 
Seat 5: sipo1 ($5.24 in chips) 
Seat 8: Dorex2007 ($5 in chips) 
Seat 9: Kidmono ($5.90 in chips) 
sipo1: posts small blind $0.02
Dorex2007: posts big blind $0.05
*** HOLE CARDS ***
Dealt to Dorex2007 [Jh 6c]
Kidmono: folds 
TonyGrimes99: folds 
MarkFitz76: raises $0.15 to $0.20
lumping: folds 
sipo1: folds 
Dorex2007: folds 
Uncalled bet ($0.15) returned to MarkFitz76
MarkFitz76 collected $0.12 from pot
MarkFitz76: doesn't show hand 
*** SUMMARY ***
Total pot $0.12 | Rake $0 
Seat 2: TonyGrimes99 folded before Flop (didn't bet)
Seat 3: MarkFitz76 collected ($0.12)
Seat 4: lumping (button) folded before Flop (didn't bet)
Seat 5: sipo1 (small blind) folded before Flop
Seat 8: Dorex2007 (big blind) folded before Flop
Seat 9: Kidmono folded before Flop (didn't bet)



PokerStars Hand #238671958726:  Hold'em No Limit ($0.02/$0.05 USD) - 2022/09/16 15:02:44 PT [2022/09/16 18:02:44 ET]
Table 'Nausikaa II' 9-max Seat #5 is the button
Seat 2: TonyGrimes99 ($2.18 in chips) 
Seat 3: MarkFitz76 ($7.12 in chips) 
Seat 4: lumping ($4.15 in chips) 
Seat 5: sipo1 ($5.22 in chips) 
Seat 8: Dorex2007 ($5 in chips) 
Seat 9: Kidmono ($5.90 in chips) 
Dorex2007: posts small blind $0.02
Kidmono: posts big blind $0.05
*** HOLE CARDS ***
Dealt to Dorex2007 [9d 6d]
TonyGrimes99: raises $0.05 to $0.10
MarkFitz76: calls $0.10
lumping: folds 
sipo1: calls $0.10
Dorex2007: folds 
Kidmono: calls $0.05
*** FLOP *** [Kh 5d Th]
Kidmono: checks 
TonyGrimes99: bets $0.15
MarkFitz76: folds 
sipo1: folds 
Kidmono: folds 
Uncalled bet ($0.15) returned to TonyGrimes99
TonyGrimes99 collected $0.40 from pot
TonyGrimes99: doesn't show hand 
*** SUMMARY ***
Total pot $0.42 | Rake $0.02 
Board [Kh 5d Th]
Seat 2: TonyGrimes99 collected ($0.40)
Seat 3: MarkFitz76 folded on the Flop
Seat 4: lumping folded before Flop (didn't bet)
Seat 5: sipo1 (button) folded on the Flop
Seat 8: Dorex2007 (small blind) folded before Flop
Seat 9: Kidmono (big blind) folded on the Flop



PokerStars Hand #238671973856:  Hold'em No Limit ($0.02/$0.05 USD) - 2022/09/16 15:03:26 PT [2022/09/16 18:03:26 ET]
Table 'Nausikaa II' 9-max Seat #8 is the button
Seat 2: TonyGrimes99 ($2.48 in chips) 
Seat 3: MarkFitz76 ($7.02 in chips) 
Seat 4: lumping ($4.15 in chips) 
Seat 5: sipo1 ($5.12 in chips) 
Seat 8: Dorex2007 ($5 in chips) 
Seat 9: Kidmono ($5.80 in chips) 
Kidmono: posts small blind $0.02
TonyGrimes99: posts big blind $0.05
*** HOLE CARDS ***
Dealt to Dorex2007 [Th Jc]
MarkFitz76: folds 
lumping: folds 
sipo1: folds 
Dorex2007: folds 
Kidmono: folds 
Uncalled bet ($0.03) returned to TonyGrimes99
TonyGrimes99 collected $0.04 from pot
TonyGrimes99: doesn't show hand 
*** SUMMARY ***
Total pot $0.04 | Rake $0 
Seat 2: TonyGrimes99 (big blind) collected ($0.04)
Seat 3: MarkFitz76 folded before Flop (didn't bet)
Seat 4: lumping folded before Flop (didn't bet)
Seat 5: sipo1 folded before Flop (didn't bet)
Seat 8: Dorex2007 (button) folded before Flop (didn't bet)
Seat 9: Kidmono (small blind) folded before Flop



PokerStars Hand #238671981392:  Hold'em No Limit ($0.02/$0.05 USD) - 2022/09/16 15:03:46 PT [2022/09/16 18:03:46 ET]
Table 'Nausikaa II' 9-max Seat #9 is the button
Seat 2: TonyGrimes99 ($2.50 in chips) 
Seat 3: MarkFitz76 ($7.02 in chips) 
Seat 4: lumping ($4.15 in chips) 
Seat 5: sipo1 ($5.12 in chips) 
Seat 8: Dorex2007 ($5 in chips) 
Seat 9: Kidmono ($5.78 in chips) 
TonyGrimes99: posts small blind $0.02
MarkFitz76: posts big blind $0.05
*** HOLE CARDS ***
Dealt to Dorex2007 [2s Th]
lumping: folds 
sipo1: folds 
lumping leaves the table
Dorex2007: folds 
Kidmono: raises $0.05 to $0.10
TonyGrimes99: calls $0.08
MarkFitz76: folds 
*** FLOP *** [6s 8s Qh]
TonyGrimes99: bets $0.15
sipo1 leaves the table
Kidmono: folds 
Uncalled bet ($0.15) returned to TonyGrimes99
TonyGrimes99 collected $0.24 from pot
TonyGrimes99: doesn't show hand 
*** SUMMARY ***
Total pot $0.25 | Rake $0.01 
Board [6s 8s Qh]
Seat 2: TonyGrimes99 (small blind) collected ($0.24)
Seat 3: MarkFitz76 (big blind) folded before Flop
Seat 4: lumping folded before Flop (didn't bet)
Seat 5: sipo1 folded before Flop (didn't bet)
Seat 8: Dorex2007 folded before Flop (didn't bet)
Seat 9: Kidmono (button) folded on the Flop



PokerStars Hand #238671993383:  Hold'em No Limit ($0.02/$0.05 USD) - 2022/09/16 15:04:19 PT [2022/09/16 18:04:19 ET]
Table 'Nausikaa II' 9-max Seat #2 is the button
Seat 2: TonyGrimes99 ($2.64 in chips) 
Seat 3: MarkFitz76 ($6.97 in chips) 
Seat 8: Dorex2007 ($5 in chips) 
MarkFitz76: posts small blind $0.02
Dorex2007: posts big blind $0.05
*** HOLE CARDS ***
Dealt to Dorex2007 [9h 5d]
TonyGrimes99: calls $0.05
MarkFitz76: raises $0.15 to $0.20
Dorex2007: folds 
TonyGrimes99: folds 
Uncalled bet ($0.15) returned to MarkFitz76
MarkFitz76 collected $0.15 from pot
MarkFitz76: doesn't show hand 
*** SUMMARY ***
Total pot $0.15 | Rake $0 
Seat 2: TonyGrimes99 (button) folded before Flop
Seat 3: MarkFitz76 (small blind) collected ($0.15)
Seat 8: Dorex2007 (big blind) folded before Flop



