PokerStars Hand #238484289168:  Hold'em No Limit ($0.02/$0.05 USD) - 2022/09/07 15:52:42 PT [2022/09/07 18:52:42 ET]
Table 'Sova' 9-max Seat #8 is the button
Seat 1: gmitoi ($5.69 in chips) 
Seat 2: Giovanaz171 ($1.95 in chips) 
Seat 3: Sr ÁviIa ($5.83 in chips) 
Seat 4: megtorlo2244 ($7.84 in chips) 
Seat 5: Al_pkr_plyr ($5.64 in chips) 
Seat 6: Dorex2007 ($5 in chips) 
Seat 7: zecrai ($5 in chips) 
Seat 8: thumbsoff ($7.88 in chips) 
Seat 9: Inception S11 ($3.09 in chips) 
Inception S11: posts small blind $0.02
gmitoi: posts big blind $0.05
Dorex2007: posts big blind $0.05
*** HOLE CARDS ***
Dealt to Dorex2007 [8d 4s]
Giovanaz171: calls $0.05
Sr ÁviIa: folds 
megtorlo2244: folds 
Al_pkr_plyr: folds 
Dorex2007: checks 
zecrai: folds 
thumbsoff: folds 
Inception S11: raises $0.10 to $0.15
gmitoi: folds 
Giovanaz171: calls $0.10
Dorex2007: folds 
*** FLOP *** [As Kh 3c]
Inception S11: bets $0.25
Giovanaz171: folds 
Uncalled bet ($0.25) returned to Inception S11
Inception S11 collected $0.38 from pot
Inception S11: doesn't show hand 
*** SUMMARY ***
Total pot $0.40 | Rake $0.02 
Board [As Kh 3c]
Seat 1: gmitoi (big blind) folded before Flop
Seat 2: Giovanaz171 folded on the Flop
Seat 3: Sr ÁviIa folded before Flop (didn't bet)
Seat 4: megtorlo2244 folded before Flop (didn't bet)
Seat 5: Al_pkr_plyr folded before Flop (didn't bet)
Seat 6: Dorex2007 folded before Flop (didn't bet)
Seat 7: zecrai folded before Flop (didn't bet)
Seat 8: thumbsoff (button) folded before Flop (didn't bet)
Seat 9: Inception S11 (small blind) collected ($0.38)



PokerStars Hand #238484304938:  Hold'em No Limit ($0.02/$0.05 USD) - 2022/09/07 15:53:34 PT [2022/09/07 18:53:34 ET]
Table 'Sova' 9-max Seat #9 is the button
Seat 1: gmitoi ($5.64 in chips) 
Seat 2: Giovanaz171 ($1.80 in chips) 
Seat 3: Sr ÁviIa ($5.83 in chips) 
Seat 4: megtorlo2244 ($7.84 in chips) 
Seat 5: Al_pkr_plyr ($5.64 in chips) 
Seat 6: Dorex2007 ($5 in chips) 
Seat 7: zecrai ($5 in chips) 
Seat 8: thumbsoff ($7.88 in chips) 
Seat 9: Inception S11 ($3.32 in chips) 
gmitoi: posts small blind $0.02
Giovanaz171: posts big blind $0.05
*** HOLE CARDS ***
Dealt to Dorex2007 [9d 6c]
Sr ÁviIa: folds 
megtorlo2244: folds 
Al_pkr_plyr: raises $0.10 to $0.15
Dorex2007: folds 
zecrai: folds 
thumbsoff: folds 
Inception S11: calls $0.15
gmitoi: folds 
Giovanaz171: folds 
*** FLOP *** [Qh 8d Js]
Al_pkr_plyr: checks 
Inception S11: bets $0.17
Al_pkr_plyr: folds 
Uncalled bet ($0.17) returned to Inception S11
Inception S11 collected $0.35 from pot
Inception S11: doesn't show hand 
*** SUMMARY ***
Total pot $0.37 | Rake $0.02 
Board [Qh 8d Js]
Seat 1: gmitoi (small blind) folded before Flop
Seat 2: Giovanaz171 (big blind) folded before Flop
Seat 3: Sr ÁviIa folded before Flop (didn't bet)
Seat 4: megtorlo2244 folded before Flop (didn't bet)
Seat 5: Al_pkr_plyr folded on the Flop
Seat 6: Dorex2007 folded before Flop (didn't bet)
Seat 7: zecrai folded before Flop (didn't bet)
Seat 8: thumbsoff folded before Flop (didn't bet)
Seat 9: Inception S11 (button) collected ($0.35)



PokerStars Hand #238484316445:  Hold'em No Limit ($0.02/$0.05 USD) - 2022/09/07 15:54:13 PT [2022/09/07 18:54:13 ET]
Table 'Sova' 9-max Seat #1 is the button
Seat 1: gmitoi ($5.62 in chips) 
Seat 3: Sr ÁviIa ($5.83 in chips) 
Seat 4: megtorlo2244 ($7.84 in chips) 
Seat 5: Al_pkr_plyr ($5.49 in chips) 
Seat 6: Dorex2007 ($5 in chips) 
Seat 7: zecrai ($5 in chips) 
Seat 8: thumbsoff ($7.88 in chips) 
Seat 9: Inception S11 ($3.52 in chips) 
Sr ÁviIa: posts small blind $0.02
megtorlo2244: posts big blind $0.05
*** HOLE CARDS ***
Dealt to Dorex2007 [Jc 7h]
Al_pkr_plyr: folds 
Dorex2007: folds 
zecrai: folds 
thumbsoff: folds 
Inception S11: folds 
gmitoi: folds 
Sr ÁviIa: folds 
Uncalled bet ($0.03) returned to megtorlo2244
megtorlo2244 collected $0.04 from pot
megtorlo2244: doesn't show hand 
*** SUMMARY ***
Total pot $0.04 | Rake $0 
Seat 1: gmitoi (button) folded before Flop (didn't bet)
Seat 3: Sr ÁviIa (small blind) folded before Flop
Seat 4: megtorlo2244 (big blind) collected ($0.04)
Seat 5: Al_pkr_plyr folded before Flop (didn't bet)
Seat 6: Dorex2007 folded before Flop (didn't bet)
Seat 7: zecrai folded before Flop (didn't bet)
Seat 8: thumbsoff folded before Flop (didn't bet)
Seat 9: Inception S11 folded before Flop (didn't bet)



PokerStars Hand #238484321353:  Hold'em No Limit ($0.02/$0.05 USD) - 2022/09/07 15:54:30 PT [2022/09/07 18:54:30 ET]
Table 'Sova' 9-max Seat #3 is the button
Seat 1: gmitoi ($5.62 in chips) 
Seat 3: Sr ÁviIa ($5.81 in chips) 
Seat 4: megtorlo2244 ($7.86 in chips) 
Seat 5: Al_pkr_plyr ($5.49 in chips) 
Seat 6: Dorex2007 ($5 in chips) 
Seat 7: zecrai ($5 in chips) 
Seat 8: thumbsoff ($7.88 in chips) 
Seat 9: Inception S11 ($3.52 in chips) 
megtorlo2244: posts small blind $0.02
Al_pkr_plyr: posts big blind $0.05
*** HOLE CARDS ***
Dealt to Dorex2007 [Jh 3s]
Dorex2007: folds 
zecrai: folds 
thumbsoff: raises $0.10 to $0.15
Inception S11: calls $0.15
gmitoi: folds 
Sr ÁviIa: folds 
megtorlo2244: folds 
Al_pkr_plyr: folds 
*** FLOP *** [Ts 3d Jd]
thumbsoff: bets $0.18
Inception S11: folds 
Uncalled bet ($0.18) returned to thumbsoff
thumbsoff collected $0.35 from pot
thumbsoff: doesn't show hand 
*** SUMMARY ***
Total pot $0.37 | Rake $0.02 
Board [Ts 3d Jd]
Seat 1: gmitoi folded before Flop (didn't bet)
Seat 3: Sr ÁviIa (button) folded before Flop (didn't bet)
Seat 4: megtorlo2244 (small blind) folded before Flop
Seat 5: Al_pkr_plyr (big blind) folded before Flop
Seat 6: Dorex2007 folded before Flop (didn't bet)
Seat 7: zecrai folded before Flop (didn't bet)
Seat 8: thumbsoff collected ($0.35)
Seat 9: Inception S11 folded on the Flop



PokerStars Hand #238484332668:  Hold'em No Limit ($0.02/$0.05 USD) - 2022/09/07 15:55:07 PT [2022/09/07 18:55:07 ET]
Table 'Sova' 9-max Seat #4 is the button
Seat 1: gmitoi ($5.62 in chips) 
Seat 3: Sr ÁviIa ($5.81 in chips) 
Seat 4: megtorlo2244 ($7.84 in chips) 
Seat 5: Al_pkr_plyr ($5.44 in chips) 
Seat 6: Dorex2007 ($5 in chips) 
Seat 7: zecrai ($5 in chips) 
Seat 8: thumbsoff ($8.08 in chips) 
Seat 9: Inception S11 ($3.37 in chips) 
Al_pkr_plyr: posts small blind $0.02
Dorex2007: posts big blind $0.05
*** HOLE CARDS ***
Dealt to Dorex2007 [2d Kh]
zecrai: folds 
thumbsoff: raises $0.10 to $0.15
Inception S11: folds 
gmitoi: calls $0.15
Sr ÁviIa: folds 
megtorlo2244: raises $0.30 to $0.45
Al_pkr_plyr: folds 
Dorex2007: folds 
thumbsoff: calls $0.30
gmitoi: folds 
*** FLOP *** [Jc 7d 6h]
thumbsoff: checks 
megtorlo2244: bets $0.50
thumbsoff: calls $0.50
*** TURN *** [Jc 7d 6h] [Ts]
thumbsoff: checks 
megtorlo2244: checks 
*** RIVER *** [Jc 7d 6h Ts] [3s]
thumbsoff: bets $1.50
megtorlo2244: folds 
Uncalled bet ($1.50) returned to thumbsoff
thumbsoff collected $2.03 from pot
thumbsoff: doesn't show hand 
*** SUMMARY ***
Total pot $2.12 | Rake $0.09 
Board [Jc 7d 6h Ts 3s]
Seat 1: gmitoi folded before Flop
Seat 3: Sr ÁviIa folded before Flop (didn't bet)
Seat 4: megtorlo2244 (button) folded on the River
Seat 5: Al_pkr_plyr (small blind) folded before Flop
Seat 6: Dorex2007 (big blind) folded before Flop
Seat 7: zecrai folded before Flop (didn't bet)
Seat 8: thumbsoff collected ($2.03)
Seat 9: Inception S11 folded before Flop (didn't bet)



PokerStars Hand #238484350464:  Hold'em No Limit ($0.02/$0.05 USD) - 2022/09/07 15:56:23 PT [2022/09/07 18:56:23 ET]
Table 'Sova' 9-max Seat #5 is the button
Seat 1: gmitoi ($5.47 in chips) 
Seat 3: Sr ÁviIa ($5.81 in chips) 
Seat 4: megtorlo2244 ($6.89 in chips) 
Seat 5: Al_pkr_plyr ($5.42 in chips) 
Seat 6: Dorex2007 ($5 in chips) 
Seat 7: zecrai ($5 in chips) 
Seat 8: thumbsoff ($9.16 in chips) 
Seat 9: Inception S11 ($3.37 in chips) 
Dorex2007: posts small blind $0.02
zecrai: posts big blind $0.05
*** HOLE CARDS ***
Dealt to Dorex2007 [Jc 7d]
thumbsoff: folds 
Inception S11: raises $0.10 to $0.15
gmitoi: folds 
Sr ÁviIa: calls $0.15
megtorlo2244: folds 
Al_pkr_plyr: folds 
Dorex2007: folds 
zecrai: folds 
*** FLOP *** [Kc Ts Kd]
Inception S11: checks 
Sr ÁviIa: checks 
*** TURN *** [Kc Ts Kd] [8c]
Inception S11: bets $0.17
Sr ÁviIa: calls $0.17
*** RIVER *** [Kc Ts Kd 8c] [6c]
Inception S11: bets $0.40
Sr ÁviIa: folds 
Uncalled bet ($0.40) returned to Inception S11
Inception S11 collected $0.68 from pot
Inception S11: doesn't show hand 
*** SUMMARY ***
Total pot $0.71 | Rake $0.03 
Board [Kc Ts Kd 8c 6c]
Seat 1: gmitoi folded before Flop (didn't bet)
Seat 3: Sr ÁviIa folded on the River
Seat 4: megtorlo2244 folded before Flop (didn't bet)
Seat 5: Al_pkr_plyr (button) folded before Flop (didn't bet)
Seat 6: Dorex2007 (small blind) folded before Flop
Seat 7: zecrai (big blind) folded before Flop
Seat 8: thumbsoff folded before Flop (didn't bet)
Seat 9: Inception S11 collected ($0.68)



PokerStars Hand #238484361466:  Hold'em No Limit ($0.02/$0.05 USD) - 2022/09/07 15:57:10 PT [2022/09/07 18:57:10 ET]
Table 'Sova' 9-max Seat #6 is the button
Seat 1: gmitoi ($5.47 in chips) 
Seat 2: Giovanaz171 ($1.75 in chips) 
Seat 3: Sr ÁviIa ($5.49 in chips) 
Seat 4: megtorlo2244 ($6.89 in chips) 
Seat 5: Al_pkr_plyr ($5.42 in chips) 
Seat 6: Dorex2007 ($5 in chips) 
Seat 7: zecrai ($5 in chips) 
Seat 9: Inception S11 ($3.73 in chips) 
zecrai: posts small blind $0.02
thumbsoff: is sitting out 
Inception S11: posts big blind $0.05
Giovanaz171: posts small blind $0.02
*** HOLE CARDS ***
Dealt to Dorex2007 [Ks Jh]
gmitoi: folds 
Giovanaz171: folds 
Sr ÁviIa: folds 
thumbsoff leaves the table
megtorlo2244: folds 
Al_pkr_plyr: folds 
Dorex2007: folds 
zecrai: folds 
Uncalled bet ($0.03) returned to Inception S11
Inception S11 collected $0.06 from pot
Inception S11: doesn't show hand 
*** SUMMARY ***
Total pot $0.06 | Rake $0 
Seat 1: gmitoi folded before Flop (didn't bet)
Seat 2: Giovanaz171 folded before Flop (didn't bet)
Seat 3: Sr ÁviIa folded before Flop (didn't bet)
Seat 4: megtorlo2244 folded before Flop (didn't bet)
Seat 5: Al_pkr_plyr folded before Flop (didn't bet)
Seat 6: Dorex2007 (button) folded before Flop (didn't bet)
Seat 7: zecrai (small blind) folded before Flop
Seat 9: Inception S11 (big blind) collected ($0.06)



PokerStars Hand #238484364696:  Hold'em No Limit ($0.02/$0.05 USD) - 2022/09/07 15:57:23 PT [2022/09/07 18:57:23 ET]
Table 'Sova' 9-max Seat #7 is the button
Seat 1: gmitoi ($5.47 in chips) 
Seat 2: Giovanaz171 ($1.73 in chips) 
Seat 3: Sr ÁviIa ($5.49 in chips) 
Seat 4: megtorlo2244 ($6.89 in chips) 
Seat 5: Al_pkr_plyr ($5.42 in chips) 
Seat 6: Dorex2007 ($5 in chips) 
Seat 7: zecrai ($5 in chips) 
Seat 9: Inception S11 ($3.77 in chips) 
Inception S11: posts small blind $0.02
gmitoi: posts big blind $0.05
*** HOLE CARDS ***
Dealt to Dorex2007 [Jc 9h]
Giovanaz171: folds 
Sr ÁviIa: folds 
govapuri joins the table at seat #8 
megtorlo2244: folds 
Al_pkr_plyr: folds 
Dorex2007: folds 
zecrai: folds 
Inception S11: folds 
Uncalled bet ($0.03) returned to gmitoi
gmitoi collected $0.04 from pot
gmitoi: doesn't show hand 
*** SUMMARY ***
Total pot $0.04 | Rake $0 
Seat 1: gmitoi (big blind) collected ($0.04)
Seat 2: Giovanaz171 folded before Flop (didn't bet)
Seat 3: Sr ÁviIa folded before Flop (didn't bet)
Seat 4: megtorlo2244 folded before Flop (didn't bet)
Seat 5: Al_pkr_plyr folded before Flop (didn't bet)
Seat 6: Dorex2007 folded before Flop (didn't bet)
Seat 7: zecrai (button) folded before Flop (didn't bet)
Seat 9: Inception S11 (small blind) folded before Flop



PokerStars Hand #238484372833:  Hold'em No Limit ($0.02/$0.05 USD) - 2022/09/07 15:57:58 PT [2022/09/07 18:57:58 ET]
Table 'Sova' 9-max Seat #9 is the button
Seat 1: gmitoi ($5.49 in chips) 
Seat 2: Giovanaz171 ($1.73 in chips) 
Seat 3: Sr ÁviIa ($5.49 in chips) 
Seat 4: megtorlo2244 ($6.89 in chips) 
Seat 5: Al_pkr_plyr ($5.42 in chips) 
Seat 6: Dorex2007 ($5 in chips) 
Seat 7: zecrai ($5 in chips) 
Seat 9: Inception S11 ($3.75 in chips) 
gmitoi: posts small blind $0.02
Giovanaz171: posts big blind $0.05
govapuri: sits out 
*** HOLE CARDS ***
Dealt to Dorex2007 [3c 7s]
Sr ÁviIa: folds 
megtorlo2244: folds 
Al_pkr_plyr: folds 
Dorex2007: folds 
zecrai: folds 
Inception S11: folds 
gmitoi: raises $0.10 to $0.15
Giovanaz171: folds 
Uncalled bet ($0.10) returned to gmitoi
gmitoi collected $0.10 from pot
gmitoi: doesn't show hand 
*** SUMMARY ***
Total pot $0.10 | Rake $0 
Seat 1: gmitoi (small blind) collected ($0.10)
Seat 2: Giovanaz171 (big blind) folded before Flop
Seat 3: Sr ÁviIa folded before Flop (didn't bet)
Seat 4: megtorlo2244 folded before Flop (didn't bet)
Seat 5: Al_pkr_plyr folded before Flop (didn't bet)
Seat 6: Dorex2007 folded before Flop (didn't bet)
Seat 7: zecrai folded before Flop (didn't bet)
Seat 9: Inception S11 (button) folded before Flop (didn't bet)



PokerStars Hand #238484378474:  Hold'em No Limit ($0.02/$0.05 USD) - 2022/09/07 15:58:22 PT [2022/09/07 18:58:22 ET]
Table 'Sova' 9-max Seat #1 is the button
Seat 1: gmitoi ($5.54 in chips) 
Seat 2: Giovanaz171 ($1.68 in chips) 
Seat 3: Sr ÁviIa ($5.49 in chips) 
Seat 4: megtorlo2244 ($6.89 in chips) 
Seat 5: Al_pkr_plyr ($5.42 in chips) 
Seat 6: Dorex2007 ($5 in chips) 
Seat 7: zecrai ($5 in chips) 
Seat 9: Inception S11 ($3.75 in chips) 
Giovanaz171: posts small blind $0.02
Sr ÁviIa: posts big blind $0.05
govapuri: sits out 
*** HOLE CARDS ***
Dealt to Dorex2007 [Tc Qh]
megtorlo2244: raises $0.10 to $0.15
Al_pkr_plyr: folds 
Dorex2007: folds 
zecrai: folds 
Inception S11: calls $0.15
gmitoi: folds 
Giovanaz171: calls $0.13
Sr ÁviIa: folds 
*** FLOP *** [5h Ks 9c]
Giovanaz171: checks 
megtorlo2244: checks 
Inception S11: bets $0.25
Giovanaz171: calls $0.25
megtorlo2244: folds 
*** TURN *** [5h Ks 9c] [7d]
Giovanaz171: bets $1.28 and is all-in
Inception S11: folds 
Uncalled bet ($1.28) returned to Giovanaz171
Giovanaz171 collected $0.96 from pot
*** SUMMARY ***
Total pot $1 | Rake $0.04 
Board [5h Ks 9c 7d]
Seat 1: gmitoi (button) folded before Flop (didn't bet)
Seat 2: Giovanaz171 (small blind) collected ($0.96)
Seat 3: Sr ÁviIa (big blind) folded before Flop
Seat 4: megtorlo2244 folded on the Flop
Seat 5: Al_pkr_plyr folded before Flop (didn't bet)
Seat 6: Dorex2007 folded before Flop (didn't bet)
Seat 7: zecrai folded before Flop (didn't bet)
Seat 9: Inception S11 folded on the Turn



PokerStars Hand #238484393401:  Hold'em No Limit ($0.02/$0.05 USD) - 2022/09/07 15:59:26 PT [2022/09/07 18:59:26 ET]
Table 'Sova' 9-max Seat #2 is the button
Seat 1: gmitoi ($5.54 in chips) 
Seat 2: Giovanaz171 ($2.24 in chips) 
Seat 3: Sr ÁviIa ($5.44 in chips) 
Seat 5: Al_pkr_plyr ($5.42 in chips) 
Seat 6: Dorex2007 ($5 in chips) 
Seat 7: zecrai ($5 in chips) 
Seat 9: Inception S11 ($3.35 in chips) 
Sr ÁviIa: posts small blind $0.02
megtorlo2244: is sitting out 
Al_pkr_plyr: posts big blind $0.05
govapuri: sits out 
*** HOLE CARDS ***
Dealt to Dorex2007 [2c 7d]
Dorex2007: folds 
zecrai: folds 
Inception S11: folds 
gmitoi: folds 
Giovanaz171: folds 
Sr ÁviIa: folds 
Uncalled bet ($0.03) returned to Al_pkr_plyr
Al_pkr_plyr collected $0.04 from pot
Al_pkr_plyr: doesn't show hand 
*** SUMMARY ***
Total pot $0.04 | Rake $0 
Seat 1: gmitoi folded before Flop (didn't bet)
Seat 2: Giovanaz171 (button) folded before Flop (didn't bet)
Seat 3: Sr ÁviIa (small blind) folded before Flop
Seat 5: Al_pkr_plyr (big blind) collected ($0.04)
Seat 6: Dorex2007 folded before Flop (didn't bet)
Seat 7: zecrai folded before Flop (didn't bet)
Seat 9: Inception S11 folded before Flop (didn't bet)



PokerStars Hand #238484396204:  Hold'em No Limit ($0.02/$0.05 USD) - 2022/09/07 15:59:38 PT [2022/09/07 18:59:38 ET]
Table 'Sova' 9-max Seat #3 is the button
Seat 1: gmitoi ($5.54 in chips) 
Seat 2: Giovanaz171 ($2.24 in chips) 
Seat 3: Sr ÁviIa ($5.42 in chips) 
Seat 5: Al_pkr_plyr ($5.44 in chips) 
Seat 6: Dorex2007 ($5 in chips) 
Seat 7: zecrai ($5 in chips) 
Seat 9: Inception S11 ($3.35 in chips) 
Al_pkr_plyr: posts small blind $0.02
Dorex2007: posts big blind $0.05
govapuri: sits out 
*** HOLE CARDS ***
Dealt to Dorex2007 [Ah 5s]
zecrai has timed out
zecrai: folds 
Inception S11: raises $0.10 to $0.15
gmitoi: folds 
Giovanaz171: folds 
Sr ÁviIa: folds 
Al_pkr_plyr: folds 
Dorex2007: folds 
Uncalled bet ($0.10) returned to Inception S11
Inception S11 collected $0.12 from pot
Inception S11: doesn't show hand 
*** SUMMARY ***
Total pot $0.12 | Rake $0 
Seat 1: gmitoi folded before Flop (didn't bet)
Seat 2: Giovanaz171 folded before Flop (didn't bet)
Seat 3: Sr ÁviIa (button) folded before Flop (didn't bet)
Seat 5: Al_pkr_plyr (small blind) folded before Flop
Seat 6: Dorex2007 (big blind) folded before Flop
Seat 7: zecrai folded before Flop (didn't bet)
Seat 9: Inception S11 collected ($0.12)



PokerStars Hand #238484401878:  Hold'em No Limit ($0.02/$0.05 USD) - 2022/09/07 16:00:02 PT [2022/09/07 19:00:02 ET]
Table 'Sova' 9-max Seat #5 is the button
Seat 1: gmitoi ($5.54 in chips) 
Seat 2: Giovanaz171 ($2.24 in chips) 
Seat 3: Sr ÁviIa ($5.42 in chips) 
Seat 5: Al_pkr_plyr ($5.42 in chips) 
Seat 6: Dorex2007 ($5 in chips) 
Seat 8: govapuri ($2 in chips) 
Seat 9: Inception S11 ($3.42 in chips) 
Dorex2007: posts small blind $0.02
govapuri: posts big blind $0.05
*** HOLE CARDS ***
Dealt to Dorex2007 [3s Ad]
Inception S11: folds 
gmitoi: folds 
Giovanaz171: folds 
Sr ÁviIa: folds 
Al_pkr_plyr: folds 
Dorex2007: folds 
Uncalled bet ($0.03) returned to govapuri
govapuri collected $0.04 from pot
govapuri: doesn't show hand 
*** SUMMARY ***
Total pot $0.04 | Rake $0 
Seat 1: gmitoi folded before Flop (didn't bet)
Seat 2: Giovanaz171 folded before Flop (didn't bet)
Seat 3: Sr ÁviIa folded before Flop (didn't bet)
Seat 5: Al_pkr_plyr (button) folded before Flop (didn't bet)
Seat 6: Dorex2007 (small blind) folded before Flop
Seat 8: govapuri (big blind) collected ($0.04)
Seat 9: Inception S11 folded before Flop (didn't bet)



PokerStars Hand #238484404976:  Hold'em No Limit ($0.02/$0.05 USD) - 2022/09/07 16:00:15 PT [2022/09/07 19:00:15 ET]
Table 'Sova' 9-max Seat #6 is the button
Seat 1: gmitoi ($5.54 in chips) 
Seat 2: Giovanaz171 ($2.24 in chips) 
Seat 3: Sr ÁviIa ($5.42 in chips) 
Seat 5: Al_pkr_plyr ($5.42 in chips) 
Seat 6: Dorex2007 ($5 in chips) 
Seat 8: govapuri ($2.02 in chips) 
Seat 9: Inception S11 ($3.42 in chips) 
govapuri: posts small blind $0.02
Inception S11: posts big blind $0.05
*** HOLE CARDS ***
Dealt to Dorex2007 [2s 2c]
gmitoi: folds 
Giovanaz171: calls $0.05
Sr ÁviIa: folds 
Al_pkr_plyr: folds 
Dorex2007: calls $0.05
govapuri: calls $0.03
Inception S11: checks 
*** FLOP *** [Qc 4d Kd]
govapuri: checks 
Inception S11: checks 
megtorlo2244 leaves the table
Giovanaz171: checks 
Dorex2007: checks 
*** TURN *** [Qc 4d Kd] [Qs]
govapuri: checks 
Inception S11: checks 
Giovanaz171: checks 
Dorex2007: checks 
*** RIVER *** [Qc 4d Kd Qs] [8h]
govapuri: checks 
Inception S11: checks 
Giovanaz171: checks 
Dorex2007: checks 
*** SHOW DOWN ***
govapuri: shows [3h Kh] (two pair, Kings and Queens)
Inception S11: mucks hand 
Giovanaz171: mucks hand 
Dorex2007: mucks hand 
Luka Jurešk0 joins the table at seat #4 
govapuri collected $0.19 from pot
*** SUMMARY ***
Total pot $0.20 | Rake $0.01 
Board [Qc 4d Kd Qs 8h]
Seat 1: gmitoi folded before Flop (didn't bet)
Seat 2: Giovanaz171 mucked [8c Ah]
Seat 3: Sr ÁviIa folded before Flop (didn't bet)
Seat 5: Al_pkr_plyr folded before Flop (didn't bet)
Seat 6: Dorex2007 (button) mucked [2s 2c]
Seat 8: govapuri (small blind) showed [3h Kh] and won ($0.19) with two pair, Kings and Queens
Seat 9: Inception S11 (big blind) mucked [9c Ts]



PokerStars Hand #238484422856:  Hold'em No Limit ($0.02/$0.05 USD) - 2022/09/07 16:01:25 PT [2022/09/07 19:01:25 ET]
Table 'Sova' 9-max Seat #8 is the button
Seat 1: gmitoi ($5.54 in chips) 
Seat 2: Giovanaz171 ($2.19 in chips) 
Seat 3: Sr ÁviIa ($5.42 in chips) 
Seat 5: Al_pkr_plyr ($5.42 in chips) 
Seat 6: Dorex2007 ($5 in chips) 
Seat 7: zecrai ($5 in chips) 
Seat 8: govapuri ($2.16 in chips) 
Seat 9: Inception S11 ($3.37 in chips) 
Inception S11: posts small blind $0.02
gmitoi: posts big blind $0.05
Luka Jurešk0: sits out 
zecrai: posts small & big blinds $0.07
*** HOLE CARDS ***
Dealt to Dorex2007 [3c 3d]
Giovanaz171: folds 
Sr ÁviIa: folds 
Al_pkr_plyr: raises $0.15 to $0.20
Dorex2007: folds 
zecrai: folds 
govapuri: calls $0.20
Inception S11: calls $0.18
gmitoi: folds 
*** FLOP *** [6c 2d Ad]
Inception S11: checks 
Al_pkr_plyr: checks 
govapuri: checks 
*** TURN *** [6c 2d Ad] [3h]
Inception S11: bets $0.15
Al_pkr_plyr: folds 
govapuri: folds 
Uncalled bet ($0.15) returned to Inception S11
Inception S11 collected $0.69 from pot
Inception S11: doesn't show hand 
*** SUMMARY ***
Total pot $0.72 | Rake $0.03 
Board [6c 2d Ad 3h]
Seat 1: gmitoi (big blind) folded before Flop
Seat 2: Giovanaz171 folded before Flop (didn't bet)
Seat 3: Sr ÁviIa folded before Flop (didn't bet)
Seat 5: Al_pkr_plyr folded on the Turn
Seat 6: Dorex2007 folded before Flop (didn't bet)
Seat 7: zecrai folded before Flop (didn't bet)
Seat 8: govapuri (button) folded on the Turn
Seat 9: Inception S11 (small blind) collected ($0.69)



PokerStars Hand #238484439572:  Hold'em No Limit ($0.02/$0.05 USD) - 2022/09/07 16:02:22 PT [2022/09/07 19:02:22 ET]
Table 'Sova' 9-max Seat #9 is the button
Seat 1: gmitoi ($5.49 in chips) 
Seat 2: Giovanaz171 ($2.19 in chips) 
Seat 3: Sr ÁviIa ($5.42 in chips) 
Seat 5: Al_pkr_plyr ($5.22 in chips) 
Seat 6: Dorex2007 ($5 in chips) 
Seat 7: zecrai ($5 in chips) 
Seat 8: govapuri ($1.96 in chips) 
Seat 9: Inception S11 ($3.86 in chips) 
gmitoi: posts small blind $0.02
Giovanaz171: posts big blind $0.05
Luka Jurešk0: sits out 
*** HOLE CARDS ***
Dealt to Dorex2007 [3c 3s]
Sr ÁviIa: folds 
Al_pkr_plyr: folds 
Dorex2007: calls $0.05
zecrai: folds 
govapuri: folds 
Inception S11: folds 
gmitoi: folds 
Giovanaz171: checks 
*** FLOP *** [Th 6d 8c]
Giovanaz171: checks 
Dorex2007: checks 
*** TURN *** [Th 6d 8c] [2h]
Giovanaz171: checks 
Dorex2007: bets $0.08
Giovanaz171: folds 
Uncalled bet ($0.08) returned to Dorex2007
Dorex2007 collected $0.12 from pot
Dorex2007: doesn't show hand 
*** SUMMARY ***
Total pot $0.12 | Rake $0 
Board [Th 6d 8c 2h]
Seat 1: gmitoi (small blind) folded before Flop
Seat 2: Giovanaz171 (big blind) folded on the Turn
Seat 3: Sr ÁviIa folded before Flop (didn't bet)
Seat 5: Al_pkr_plyr folded before Flop (didn't bet)
Seat 6: Dorex2007 collected ($0.12)
Seat 7: zecrai folded before Flop (didn't bet)
Seat 8: govapuri folded before Flop (didn't bet)
Seat 9: Inception S11 (button) folded before Flop (didn't bet)



PokerStars Hand #238484454924:  Hold'em No Limit ($0.02/$0.05 USD) - 2022/09/07 16:03:14 PT [2022/09/07 19:03:14 ET]
Table 'Sova' 9-max Seat #1 is the button
Seat 1: gmitoi ($5.47 in chips) 
Seat 2: Giovanaz171 ($2.14 in chips) 
Seat 3: Sr ÁviIa ($5.42 in chips) 
Seat 5: Al_pkr_plyr ($5.22 in chips) 
Seat 6: Dorex2007 ($5.07 in chips) 
Seat 7: zecrai ($5 in chips) 
Seat 8: govapuri ($1.96 in chips) 
Seat 9: Inception S11 ($3.86 in chips) 
Giovanaz171: posts small blind $0.02
Sr ÁviIa: posts big blind $0.05
Luka Jurešk0: sits out 
*** HOLE CARDS ***
Dealt to Dorex2007 [7c 8d]
Al_pkr_plyr: folds 
Dorex2007: folds 
zecrai: folds 
govapuri: folds 
Inception S11: raises $0.10 to $0.15
gmitoi: calls $0.15
Giovanaz171: folds 
Sr ÁviIa: folds 
*** FLOP *** [8h Js Ac]
Inception S11: checks 
gmitoi: checks 
*** TURN *** [8h Js Ac] [Qh]
Inception S11: bets $0.15
gmitoi: folds 
Uncalled bet ($0.15) returned to Inception S11
Inception S11 collected $0.35 from pot
Inception S11: doesn't show hand 
*** SUMMARY ***
Total pot $0.37 | Rake $0.02 
Board [8h Js Ac Qh]
Seat 1: gmitoi (button) folded on the Turn
Seat 2: Giovanaz171 (small blind) folded before Flop
Seat 3: Sr ÁviIa (big blind) folded before Flop
Seat 5: Al_pkr_plyr folded before Flop (didn't bet)
Seat 6: Dorex2007 folded before Flop (didn't bet)
Seat 7: zecrai folded before Flop (didn't bet)
Seat 8: govapuri folded before Flop (didn't bet)
Seat 9: Inception S11 collected ($0.35)



PokerStars Hand #238484465436:  Hold'em No Limit ($0.02/$0.05 USD) - 2022/09/07 16:03:50 PT [2022/09/07 19:03:50 ET]
Table 'Sova' 9-max Seat #2 is the button
Seat 1: gmitoi ($5.32 in chips) 
Seat 2: Giovanaz171 ($2.12 in chips) 
Seat 3: Sr ÁviIa ($5.37 in chips) 
Seat 4: Luka Jurešk0 ($3.40 in chips) 
Seat 5: Al_pkr_plyr ($5.22 in chips) 
Seat 6: Dorex2007 ($5.07 in chips) 
Seat 7: zecrai ($5 in chips) 
Seat 8: govapuri ($1.96 in chips) 
Seat 9: Inception S11 ($4.06 in chips) 
Sr ÁviIa: posts small blind $0.02
Luka Jurešk0: posts big blind $0.05
*** HOLE CARDS ***
Dealt to Dorex2007 [6d 3h]
Al_pkr_plyr: folds 
Dorex2007: folds 
zecrai: folds 
govapuri has timed out
govapuri: folds 
Inception S11: folds 
gmitoi: folds 
Giovanaz171: folds 
Sr ÁviIa: raises $0.05 to $0.10
Luka Jurešk0: calls $0.05
*** FLOP *** [5h 8s 4c]
Sr ÁviIa: checks 
Luka Jurešk0: bets $0.05
Sr ÁviIa: calls $0.05
*** TURN *** [5h 8s 4c] [5d]
Sr ÁviIa: checks 
Luka Jurešk0: bets $0.14
Sr ÁviIa: folds 
Uncalled bet ($0.14) returned to Luka Jurešk0
Luka Jurešk0 collected $0.29 from pot
*** SUMMARY ***
Total pot $0.30 | Rake $0.01 
Board [5h 8s 4c 5d]
Seat 1: gmitoi folded before Flop (didn't bet)
Seat 2: Giovanaz171 (button) folded before Flop (didn't bet)
Seat 3: Sr ÁviIa (small blind) folded on the Turn
Seat 4: Luka Jurešk0 (big blind) collected ($0.29)
Seat 5: Al_pkr_plyr folded before Flop (didn't bet)
Seat 6: Dorex2007 folded before Flop (didn't bet)
Seat 7: zecrai folded before Flop (didn't bet)
Seat 8: govapuri folded before Flop (didn't bet)
Seat 9: Inception S11 folded before Flop (didn't bet)



PokerStars Hand #238484479413:  Hold'em No Limit ($0.02/$0.05 USD) - 2022/09/07 16:04:38 PT [2022/09/07 19:04:38 ET]
Table 'Sova' 9-max Seat #3 is the button
Seat 1: gmitoi ($5.32 in chips) 
Seat 2: Giovanaz171 ($2.12 in chips) 
Seat 3: Sr ÁviIa ($5.22 in chips) 
Seat 4: Luka Jurešk0 ($3.54 in chips) 
Seat 5: Al_pkr_plyr ($5.22 in chips) 
Seat 6: Dorex2007 ($5.07 in chips) 
Seat 7: zecrai ($5 in chips) 
Seat 8: govapuri ($1.96 in chips) 
Seat 9: Inception S11 ($4.06 in chips) 
Luka Jurešk0: posts small blind $0.02
Al_pkr_plyr: posts big blind $0.05
*** HOLE CARDS ***
Dealt to Dorex2007 [5h 2h]
Dorex2007: folds 
zecrai: raises $0.10 to $0.15
govapuri: folds 
Inception S11: calls $0.15
gmitoi: folds 
Giovanaz171: folds 
Sr ÁviIa: folds 
Luka Jurešk0: raises $0.20 to $0.35
Al_pkr_plyr: folds 
zecrai: calls $0.20
Inception S11: folds 
*** FLOP *** [As 6h 9c]
Luka Jurešk0: checks 
zecrai: bets $0.25
Luka Jurešk0: raises $0.25 to $0.50
zecrai: folds 
Uncalled bet ($0.25) returned to Luka Jurešk0
Luka Jurešk0 collected $1.34 from pot
*** SUMMARY ***
Total pot $1.40 | Rake $0.06 
Board [As 6h 9c]
Seat 1: gmitoi folded before Flop (didn't bet)
Seat 2: Giovanaz171 folded before Flop (didn't bet)
Seat 3: Sr ÁviIa (button) folded before Flop (didn't bet)
Seat 4: Luka Jurešk0 (small blind) collected ($1.34)
Seat 5: Al_pkr_plyr (big blind) folded before Flop
Seat 6: Dorex2007 folded before Flop (didn't bet)
Seat 7: zecrai folded on the Flop
Seat 8: govapuri folded before Flop (didn't bet)
Seat 9: Inception S11 folded before Flop



PokerStars Hand #238484503874:  Hold'em No Limit ($0.02/$0.05 USD) - 2022/09/07 16:06:01 PT [2022/09/07 19:06:01 ET]
Table 'Sova' 9-max Seat #4 is the button
Seat 1: gmitoi ($5.32 in chips) 
Seat 2: Giovanaz171 ($2.12 in chips) 
Seat 3: Sr ÁviIa ($5.22 in chips) 
Seat 4: Luka Jurešk0 ($4.28 in chips) 
Seat 5: Al_pkr_plyr ($5.17 in chips) 
Seat 6: Dorex2007 ($5.07 in chips) 
Seat 7: zecrai ($5 in chips) 
Seat 8: govapuri ($1.96 in chips) 
Seat 9: Inception S11 ($3.91 in chips) 
Al_pkr_plyr: posts small blind $0.02
Dorex2007: posts big blind $0.05
*** HOLE CARDS ***
Dealt to Dorex2007 [5d Qd]
zecrai: folds 
govapuri: folds 
Inception S11: calls $0.05
gmitoi: folds 
Giovanaz171: folds 
Sr ÁviIa: folds 
Luka Jurešk0: calls $0.05
Al_pkr_plyr: folds 
Dorex2007: checks 
*** FLOP *** [2c 3c 7c]
Dorex2007: checks 
Inception S11: checks 
Luka Jurešk0: checks 
*** TURN *** [2c 3c 7c] [7s]
Dorex2007: checks 
Inception S11: checks 
Luka Jurešk0: checks 
*** RIVER *** [2c 3c 7c 7s] [2h]
Dorex2007: checks 
Inception S11: checks 
Luka Jurešk0: bets $0.16
Dorex2007: folds 
Inception S11: calls $0.16
*** SHOW DOWN ***
Luka Jurešk0: shows [Js Ac] (two pair, Sevens and Deuces)
Inception S11: shows [5s Ad] (two pair, Sevens and Deuces)
Inception S11 collected $0.24 from pot
Luka Jurešk0 collected $0.23 from pot
*** SUMMARY ***
Total pot $0.49 | Rake $0.02 
Board [2c 3c 7c 7s 2h]
Seat 1: gmitoi folded before Flop (didn't bet)
Seat 2: Giovanaz171 folded before Flop (didn't bet)
Seat 3: Sr ÁviIa folded before Flop (didn't bet)
Seat 4: Luka Jurešk0 (button) showed [Js Ac] and won ($0.23) with two pair, Sevens and Deuces
Seat 5: Al_pkr_plyr (small blind) folded before Flop
Seat 6: Dorex2007 (big blind) folded on the River
Seat 7: zecrai folded before Flop (didn't bet)
Seat 8: govapuri folded before Flop (didn't bet)
Seat 9: Inception S11 showed [5s Ad] and won ($0.24) with two pair, Sevens and Deuces



PokerStars Hand #238484519757:  Hold'em No Limit ($0.02/$0.05 USD) - 2022/09/07 16:06:56 PT [2022/09/07 19:06:56 ET]
Table 'Sova' 9-max Seat #5 is the button
Seat 1: gmitoi ($5.32 in chips) 
Seat 2: Giovanaz171 ($2.12 in chips) 
Seat 3: Sr ÁviIa ($5.22 in chips) 
Seat 4: Luka Jurešk0 ($4.30 in chips) 
Seat 5: Al_pkr_plyr ($5.15 in chips) 
Seat 6: Dorex2007 ($5.02 in chips) 
Seat 7: zecrai ($5 in chips) 
Seat 8: govapuri ($1.96 in chips) 
Seat 9: Inception S11 ($3.94 in chips) 
Dorex2007: posts small blind $0.02
zecrai: posts big blind $0.05
*** HOLE CARDS ***
Dealt to Dorex2007 [Qd Ac]
govapuri has timed out
govapuri: folds 
Inception S11: folds 
gmitoi: folds 
Giovanaz171: folds 
Sr ÁviIa: folds 
Luka Jurešk0: folds 
Al_pkr_plyr: folds 
Dorex2007: raises $0.05 to $0.10
zecrai: folds 
Uncalled bet ($0.05) returned to Dorex2007
Dorex2007 collected $0.10 from pot
Dorex2007: doesn't show hand 
*** SUMMARY ***
Total pot $0.10 | Rake $0 
Seat 1: gmitoi folded before Flop (didn't bet)
Seat 2: Giovanaz171 folded before Flop (didn't bet)
Seat 3: Sr ÁviIa folded before Flop (didn't bet)
Seat 4: Luka Jurešk0 folded before Flop (didn't bet)
Seat 5: Al_pkr_plyr (button) folded before Flop (didn't bet)
Seat 6: Dorex2007 (small blind) collected ($0.10)
Seat 7: zecrai (big blind) folded before Flop
Seat 8: govapuri folded before Flop (didn't bet)
Seat 9: Inception S11 folded before Flop (didn't bet)



PokerStars Hand #238484525880:  Hold'em No Limit ($0.02/$0.05 USD) - 2022/09/07 16:07:17 PT [2022/09/07 19:07:17 ET]
Table 'Sova' 9-max Seat #6 is the button
Seat 1: gmitoi ($5.32 in chips) 
Seat 2: Giovanaz171 ($2.12 in chips) 
Seat 3: Sr ÁviIa ($5.22 in chips) 
Seat 4: Luka Jurešk0 ($4.30 in chips) 
Seat 5: Al_pkr_plyr ($5.15 in chips) 
Seat 6: Dorex2007 ($5.07 in chips) 
Seat 7: zecrai ($5 in chips) 
Seat 8: govapuri ($1.96 in chips) 
Seat 9: Inception S11 ($3.94 in chips) 
zecrai: posts small blind $0.02
govapuri: posts big blind $0.05
*** HOLE CARDS ***
Dealt to Dorex2007 [5c 7h]
Inception S11: folds 
gmitoi: folds 
Giovanaz171: folds 
Sr ÁviIa: raises $0.05 to $0.10
Luka Jurešk0: folds 
Al_pkr_plyr: folds 
Dorex2007: folds 
zecrai: folds 
govapuri: folds 
Uncalled bet ($0.05) returned to Sr ÁviIa
Sr ÁviIa collected $0.12 from pot
Sr ÁviIa: doesn't show hand 
*** SUMMARY ***
Total pot $0.12 | Rake $0 
Seat 1: gmitoi folded before Flop (didn't bet)
Seat 2: Giovanaz171 folded before Flop (didn't bet)
Seat 3: Sr ÁviIa collected ($0.12)
Seat 4: Luka Jurešk0 folded before Flop (didn't bet)
Seat 5: Al_pkr_plyr folded before Flop (didn't bet)
Seat 6: Dorex2007 (button) folded before Flop (didn't bet)
Seat 7: zecrai (small blind) folded before Flop
Seat 8: govapuri (big blind) folded before Flop
Seat 9: Inception S11 folded before Flop (didn't bet)



PokerStars Hand #238484531260:  Hold'em No Limit ($0.02/$0.05 USD) - 2022/09/07 16:07:36 PT [2022/09/07 19:07:36 ET]
Table 'Sova' 9-max Seat #7 is the button
Seat 1: gmitoi ($5.32 in chips) 
Seat 2: Giovanaz171 ($2.12 in chips) 
Seat 3: Sr ÁviIa ($5.29 in chips) 
Seat 4: Luka Jurešk0 ($4.30 in chips) 
Seat 5: Al_pkr_plyr ($5.15 in chips) 
Seat 6: Dorex2007 ($5.07 in chips) 
Seat 7: zecrai ($5 in chips) 
Seat 8: govapuri ($1.91 in chips) 
Seat 9: Inception S11 ($3.94 in chips) 
govapuri: posts small blind $0.02
Inception S11: posts big blind $0.05
*** HOLE CARDS ***
Dealt to Dorex2007 [9d Qh]
gmitoi: folds 
Giovanaz171: folds 
Sr ÁviIa: folds 
Luka Jurešk0: raises $0.05 to $0.10
Al_pkr_plyr: folds 
Dorex2007: folds 
zecrai: folds 
govapuri: folds 
Inception S11: raises $0.15 to $0.25
Luka Jurešk0: folds 
Uncalled bet ($0.15) returned to Inception S11
Inception S11 collected $0.22 from pot
Inception S11: doesn't show hand 
*** SUMMARY ***
Total pot $0.22 | Rake $0 
Seat 1: gmitoi folded before Flop (didn't bet)
Seat 2: Giovanaz171 folded before Flop (didn't bet)
Seat 3: Sr ÁviIa folded before Flop (didn't bet)
Seat 4: Luka Jurešk0 folded before Flop
Seat 5: Al_pkr_plyr folded before Flop (didn't bet)
Seat 6: Dorex2007 folded before Flop (didn't bet)
Seat 7: zecrai (button) folded before Flop (didn't bet)
Seat 8: govapuri (small blind) folded before Flop
Seat 9: Inception S11 (big blind) collected ($0.22)



PokerStars Hand #238484543493:  Hold'em No Limit ($0.02/$0.05 USD) - 2022/09/07 16:08:19 PT [2022/09/07 19:08:19 ET]
Table 'Sova' 9-max Seat #8 is the button
Seat 1: gmitoi ($5.32 in chips) 
Seat 2: Giovanaz171 ($2.12 in chips) 
Seat 3: Sr ÁviIa ($5.29 in chips) 
Seat 4: Luka Jurešk0 ($4.20 in chips) 
Seat 5: Al_pkr_plyr ($5.15 in chips) 
Seat 6: Dorex2007 ($5.07 in chips) 
Seat 7: zecrai ($5 in chips) 
Seat 8: govapuri ($1.89 in chips) 
Seat 9: Inception S11 ($4.06 in chips) 
Inception S11: posts small blind $0.02
gmitoi: posts big blind $0.05
*** HOLE CARDS ***
Dealt to Dorex2007 [3s Ad]
Giovanaz171: calls $0.05
Sr ÁviIa: folds 
Luka Jurešk0: folds 
Al_pkr_plyr: folds 
Dorex2007: folds 
zecrai: folds 
govapuri: folds 
Inception S11: calls $0.03
gmitoi: raises $0.20 to $0.25
Giovanaz171: folds 
Inception S11: calls $0.20
*** FLOP *** [Kh 7c 9h]
Inception S11: checks 
gmitoi: checks 
*** TURN *** [Kh 7c 9h] [3c]
Inception S11: checks 
gmitoi: bets $0.26
Inception S11: folds 
Uncalled bet ($0.26) returned to gmitoi
gmitoi collected $0.53 from pot
gmitoi: doesn't show hand 
*** SUMMARY ***
Total pot $0.55 | Rake $0.02 
Board [Kh 7c 9h 3c]
Seat 1: gmitoi (big blind) collected ($0.53)
Seat 2: Giovanaz171 folded before Flop
Seat 3: Sr ÁviIa folded before Flop (didn't bet)
Seat 4: Luka Jurešk0 folded before Flop (didn't bet)
Seat 5: Al_pkr_plyr folded before Flop (didn't bet)
Seat 6: Dorex2007 folded before Flop (didn't bet)
Seat 7: zecrai folded before Flop (didn't bet)
Seat 8: govapuri (button) folded before Flop (didn't bet)
Seat 9: Inception S11 (small blind) folded on the Turn



PokerStars Hand #238484557887:  Hold'em No Limit ($0.02/$0.05 USD) - 2022/09/07 16:09:09 PT [2022/09/07 19:09:09 ET]
Table 'Sova' 9-max Seat #9 is the button
Seat 1: gmitoi ($5.60 in chips) 
Seat 2: Giovanaz171 ($2.07 in chips) 
Seat 3: Sr ÁviIa ($5.29 in chips) 
Seat 4: Luka Jurešk0 ($4.20 in chips) 
Seat 5: Al_pkr_plyr ($5.15 in chips) 
Seat 6: Dorex2007 ($5.07 in chips) 
Seat 7: zecrai ($5 in chips) 
Seat 8: govapuri ($1.89 in chips) 
Seat 9: Inception S11 ($3.81 in chips) 
gmitoi: posts small blind $0.02
Giovanaz171: posts big blind $0.05
*** HOLE CARDS ***
Dealt to Dorex2007 [Qc Ts]
Sr ÁviIa: folds 
Luka Jurešk0: folds 
Al_pkr_plyr: folds 
Dorex2007: calls $0.05
zecrai: raises $0.10 to $0.15
govapuri: folds 
Inception S11: folds 
gmitoi: folds 
Giovanaz171: folds 
Dorex2007: folds 
Uncalled bet ($0.10) returned to zecrai
zecrai collected $0.17 from pot
*** SUMMARY ***
Total pot $0.17 | Rake $0 
Seat 1: gmitoi (small blind) folded before Flop
Seat 2: Giovanaz171 (big blind) folded before Flop
Seat 3: Sr ÁviIa folded before Flop (didn't bet)
Seat 4: Luka Jurešk0 folded before Flop (didn't bet)
Seat 5: Al_pkr_plyr folded before Flop (didn't bet)
Seat 6: Dorex2007 folded before Flop
Seat 7: zecrai collected ($0.17)
Seat 8: govapuri folded before Flop (didn't bet)
Seat 9: Inception S11 (button) folded before Flop (didn't bet)



PokerStars Hand #238484563767:  Hold'em No Limit ($0.02/$0.05 USD) - 2022/09/07 16:09:29 PT [2022/09/07 19:09:29 ET]
Table 'Sova' 9-max Seat #1 is the button
Seat 1: gmitoi ($5.58 in chips) 
Seat 2: Giovanaz171 ($2.02 in chips) 
Seat 3: Sr ÁviIa ($5.29 in chips) 
Seat 4: Luka Jurešk0 ($4.20 in chips) 
Seat 5: Al_pkr_plyr ($5.15 in chips) 
Seat 6: Dorex2007 ($5.02 in chips) 
Seat 7: zecrai ($5.12 in chips) 
Seat 8: govapuri ($1.89 in chips) 
Seat 9: Inception S11 ($3.81 in chips) 
Giovanaz171: posts small blind $0.02
Sr ÁviIa: posts big blind $0.05
*** HOLE CARDS ***
Dealt to Dorex2007 [8c 5h]
Luka Jurešk0: folds 
Al_pkr_plyr: folds 
Dorex2007: folds 
zecrai: raises $0.10 to $0.15
govapuri: folds 
Inception S11: folds 
gmitoi: calls $0.15
Giovanaz171: folds 
Sr ÁviIa: folds 
*** FLOP *** [9h Js 5d]
zecrai: checks 
gmitoi: checks 
*** TURN *** [9h Js 5d] [6c]
zecrai: bets $0.25
gmitoi: folds 
Uncalled bet ($0.25) returned to zecrai
zecrai collected $0.35 from pot
*** SUMMARY ***
Total pot $0.37 | Rake $0.02 
Board [9h Js 5d 6c]
Seat 1: gmitoi (button) folded on the Turn
Seat 2: Giovanaz171 (small blind) folded before Flop
Seat 3: Sr ÁviIa (big blind) folded before Flop
Seat 4: Luka Jurešk0 folded before Flop (didn't bet)
Seat 5: Al_pkr_plyr folded before Flop (didn't bet)
Seat 6: Dorex2007 folded before Flop (didn't bet)
Seat 7: zecrai collected ($0.35)
Seat 8: govapuri folded before Flop (didn't bet)
Seat 9: Inception S11 folded before Flop (didn't bet)



PokerStars Hand #238484577850:  Hold'em No Limit ($0.02/$0.05 USD) - 2022/09/07 16:10:18 PT [2022/09/07 19:10:18 ET]
Table 'Sova' 9-max Seat #2 is the button
Seat 1: gmitoi ($5.43 in chips) 
Seat 2: Giovanaz171 ($2 in chips) 
Seat 3: Sr ÁviIa ($5.24 in chips) 
Seat 4: Luka Jurešk0 ($4.20 in chips) 
Seat 5: Al_pkr_plyr ($5.15 in chips) 
Seat 6: Dorex2007 ($5.02 in chips) 
Seat 7: zecrai ($5.32 in chips) 
Seat 8: govapuri ($1.89 in chips) 
Seat 9: Inception S11 ($3.81 in chips) 
Sr ÁviIa: posts small blind $0.02
Luka Jurešk0: posts big blind $0.05
*** HOLE CARDS ***
Dealt to Dorex2007 [Kh Th]
Al_pkr_plyr: folds 
Dorex2007: raises $0.05 to $0.10
zecrai: folds 
govapuri: folds 
Inception S11: folds 
gmitoi: folds 
Giovanaz171: folds 
Sr ÁviIa: folds 
Luka Jurešk0: folds 
Uncalled bet ($0.05) returned to Dorex2007
Dorex2007 collected $0.12 from pot
Dorex2007: doesn't show hand 
*** SUMMARY ***
Total pot $0.12 | Rake $0 
Seat 1: gmitoi folded before Flop (didn't bet)
Seat 2: Giovanaz171 (button) folded before Flop (didn't bet)
Seat 3: Sr ÁviIa (small blind) folded before Flop
Seat 4: Luka Jurešk0 (big blind) folded before Flop
Seat 5: Al_pkr_plyr folded before Flop (didn't bet)
Seat 6: Dorex2007 collected ($0.12)
Seat 7: zecrai folded before Flop (didn't bet)
Seat 8: govapuri folded before Flop (didn't bet)
Seat 9: Inception S11 folded before Flop (didn't bet)



PokerStars Hand #238484583076:  Hold'em No Limit ($0.02/$0.05 USD) - 2022/09/07 16:10:37 PT [2022/09/07 19:10:37 ET]
Table 'Sova' 9-max Seat #3 is the button
Seat 1: gmitoi ($5.43 in chips) 
Seat 2: Giovanaz171 ($2 in chips) 
Seat 3: Sr ÁviIa ($5.22 in chips) 
Seat 4: Luka Jurešk0 ($4.15 in chips) 
Seat 5: Al_pkr_plyr ($5.15 in chips) 
Seat 6: Dorex2007 ($5.09 in chips) 
Seat 7: zecrai ($5.32 in chips) 
Seat 8: govapuri ($1.89 in chips) 
Seat 9: Inception S11 ($3.81 in chips) 
Luka Jurešk0: posts small blind $0.02
Al_pkr_plyr: posts big blind $0.05
*** HOLE CARDS ***
Dealt to Dorex2007 [5d Ah]
Dorex2007: folds 
zecrai: folds 
govapuri: folds 
Inception S11: folds 
Inception S11 leaves the table
gmitoi: folds 
Giovanaz171: folds 
Sr ÁviIa: folds 
Luka Jurešk0: raises $0.05 to $0.10
Al_pkr_plyr: folds 
Uncalled bet ($0.05) returned to Luka Jurešk0
Luka Jurešk0 collected $0.10 from pot
*** SUMMARY ***
Total pot $0.10 | Rake $0 
Seat 1: gmitoi folded before Flop (didn't bet)
Seat 2: Giovanaz171 folded before Flop (didn't bet)
Seat 3: Sr ÁviIa (button) folded before Flop (didn't bet)
Seat 4: Luka Jurešk0 (small blind) collected ($0.10)
Seat 5: Al_pkr_plyr (big blind) folded before Flop
Seat 6: Dorex2007 folded before Flop (didn't bet)
Seat 7: zecrai folded before Flop (didn't bet)
Seat 8: govapuri folded before Flop (didn't bet)
Seat 9: Inception S11 folded before Flop (didn't bet)



PokerStars Hand #238484590943:  Hold'em No Limit ($0.02/$0.05 USD) - 2022/09/07 16:11:04 PT [2022/09/07 19:11:04 ET]
Table 'Sova' 9-max Seat #4 is the button
Seat 1: gmitoi ($5.43 in chips) 
Seat 2: Giovanaz171 ($2 in chips) 
Seat 3: Sr ÁviIa ($5.22 in chips) 
Seat 4: Luka Jurešk0 ($4.20 in chips) 
Seat 5: Al_pkr_plyr ($5.10 in chips) 
Seat 6: Dorex2007 ($5.09 in chips) 
Seat 7: zecrai ($5.32 in chips) 
Seat 8: govapuri ($1.89 in chips) 
Al_pkr_plyr: posts small blind $0.02
Dorex2007: posts big blind $0.05
*** HOLE CARDS ***
Dealt to Dorex2007 [6h 5c]
zecrai: folds 
govapuri: folds 
gmitoi: folds 
Giovanaz171: calls $0.05
Sr ÁviIa: folds 
Luka Jurešk0: folds 
Al_pkr_plyr: folds 
Dorex2007: checks 
*** FLOP *** [8h 4s Td]
Dorex2007: checks 
Giovanaz171: checks 
*** TURN *** [8h 4s Td] [2h]
Dorex2007: checks 
Giovanaz171: checks 
*** RIVER *** [8h 4s Td 2h] [Ts]
Dorex2007: checks 
Giovanaz171: checks 
*** SHOW DOWN ***
Dorex2007: shows [6h 5c] (a pair of Tens)
Giovanaz171: shows [Qd 9d] (a pair of Tens - Queen kicker)
Giovanaz171 collected $0.12 from pot
*** SUMMARY ***
Total pot $0.12 | Rake $0 
Board [8h 4s Td 2h Ts]
Seat 1: gmitoi folded before Flop (didn't bet)
Seat 2: Giovanaz171 showed [Qd 9d] and won ($0.12) with a pair of Tens
Seat 3: Sr ÁviIa folded before Flop (didn't bet)
Seat 4: Luka Jurešk0 (button) folded before Flop (didn't bet)
Seat 5: Al_pkr_plyr (small blind) folded before Flop
Seat 6: Dorex2007 (big blind) showed [6h 5c] and lost with a pair of Tens
Seat 7: zecrai folded before Flop (didn't bet)
Seat 8: govapuri folded before Flop (didn't bet)



PokerStars Hand #238484599609:  Hold'em No Limit ($0.02/$0.05 USD) - 2022/09/07 16:11:34 PT [2022/09/07 19:11:34 ET]
Table 'Sova' 9-max Seat #5 is the button
Seat 1: gmitoi ($5.43 in chips) 
Seat 2: Giovanaz171 ($2.07 in chips) 
Seat 3: Sr ÁviIa ($5.22 in chips) 
Seat 4: Luka Jurešk0 ($4.20 in chips) 
Seat 5: Al_pkr_plyr ($5.08 in chips) 
Seat 6: Dorex2007 ($5.04 in chips) 
Seat 7: zecrai ($5.32 in chips) 
Seat 8: govapuri ($1.89 in chips) 
Dorex2007: posts small blind $0.02
zecrai: posts big blind $0.05
*** HOLE CARDS ***
Dealt to Dorex2007 [5s 9s]
govapuri: folds 
gmitoi: folds 
Giovanaz171: folds 
Sr ÁviIa: folds 
Luka Jurešk0: folds 
Al_pkr_plyr: folds 
Dorex2007: folds 
Uncalled bet ($0.03) returned to zecrai
zecrai collected $0.04 from pot
*** SUMMARY ***
Total pot $0.04 | Rake $0 
Seat 1: gmitoi folded before Flop (didn't bet)
Seat 2: Giovanaz171 folded before Flop (didn't bet)
Seat 3: Sr ÁviIa folded before Flop (didn't bet)
Seat 4: Luka Jurešk0 folded before Flop (didn't bet)
Seat 5: Al_pkr_plyr (button) folded before Flop (didn't bet)
Seat 6: Dorex2007 (small blind) folded before Flop
Seat 7: zecrai (big blind) collected ($0.04)
Seat 8: govapuri folded before Flop (didn't bet)



PokerStars Hand #238484602602:  Hold'em No Limit ($0.02/$0.05 USD) - 2022/09/07 16:11:45 PT [2022/09/07 19:11:45 ET]
Table 'Sova' 9-max Seat #6 is the button
Seat 1: gmitoi ($5.43 in chips) 
Seat 2: Giovanaz171 ($2.07 in chips) 
Seat 3: Sr ÁviIa ($5.22 in chips) 
Seat 4: Luka Jurešk0 ($4.20 in chips) 
Seat 5: Al_pkr_plyr ($5.08 in chips) 
Seat 6: Dorex2007 ($5.02 in chips) 
Seat 7: zecrai ($5.34 in chips) 
Seat 8: govapuri ($1.89 in chips) 
zecrai: posts small blind $0.02
govapuri: posts big blind $0.05
*** HOLE CARDS ***
Dealt to Dorex2007 [Ts 2d]
gmitoi: folds 
Giovanaz171: calls $0.05
Sr ÁviIa: folds 
Luka Jurešk0: folds 
Al_pkr_plyr: folds 
Dorex2007: folds 
zecrai: folds 
govapuri: checks 
*** FLOP *** [Qs Js 8c]
govapuri: checks 
Giovanaz171: checks 
*** TURN *** [Qs Js 8c] [6h]
govapuri: bets $0.05
Giovanaz171: folds 
Uncalled bet ($0.05) returned to govapuri
govapuri collected $0.12 from pot
govapuri: doesn't show hand 
*** SUMMARY ***
Total pot $0.12 | Rake $0 
Board [Qs Js 8c 6h]
Seat 1: gmitoi folded before Flop (didn't bet)
Seat 2: Giovanaz171 folded on the Turn
Seat 3: Sr ÁviIa folded before Flop (didn't bet)
Seat 4: Luka Jurešk0 folded before Flop (didn't bet)
Seat 5: Al_pkr_plyr folded before Flop (didn't bet)
Seat 6: Dorex2007 (button) folded before Flop (didn't bet)
Seat 7: zecrai (small blind) folded before Flop
Seat 8: govapuri (big blind) collected ($0.12)



PokerStars Hand #238484608896:  Hold'em No Limit ($0.02/$0.05 USD) - 2022/09/07 16:12:07 PT [2022/09/07 19:12:07 ET]
Table 'Sova' 9-max Seat #7 is the button
Seat 2: Giovanaz171 ($2.02 in chips) 
Seat 3: Sr ÁviIa ($5.22 in chips) 
Seat 4: Luka Jurešk0 ($4.20 in chips) 
Seat 5: Al_pkr_plyr ($5.08 in chips) 
Seat 6: Dorex2007 ($5.02 in chips) 
Seat 7: zecrai ($5.32 in chips) 
Seat 8: govapuri ($1.96 in chips) 
govapuri: posts small blind $0.02
gmitoi: is sitting out 
Giovanaz171: posts big blind $0.05
*** HOLE CARDS ***
Dealt to Dorex2007 [Qd 2h]
gmitoi leaves the table
Sr ÁviIa: raises $0.10 to $0.15
Luka Jurešk0: folds 
Al_pkr_plyr: folds 
Dorex2007: folds 
zecrai: folds 
govapuri: folds 
Giovanaz171: folds 
Uncalled bet ($0.10) returned to Sr ÁviIa
Sr ÁviIa collected $0.12 from pot
Sr ÁviIa: doesn't show hand 
*** SUMMARY ***
Total pot $0.12 | Rake $0 
Seat 2: Giovanaz171 (big blind) folded before Flop
Seat 3: Sr ÁviIa collected ($0.12)
Seat 4: Luka Jurešk0 folded before Flop (didn't bet)
Seat 5: Al_pkr_plyr folded before Flop (didn't bet)
Seat 6: Dorex2007 folded before Flop (didn't bet)
Seat 7: zecrai (button) folded before Flop (didn't bet)
Seat 8: govapuri (small blind) folded before Flop



PokerStars Hand #238484614844:  Hold'em No Limit ($0.02/$0.05 USD) - 2022/09/07 16:12:28 PT [2022/09/07 19:12:28 ET]
Table 'Sova' 9-max Seat #8 is the button
Seat 2: Giovanaz171 ($1.97 in chips) 
Seat 4: Luka Jurešk0 ($4.20 in chips) 
Seat 5: Al_pkr_plyr ($5.08 in chips) 
Seat 6: Dorex2007 ($5.02 in chips) 
Seat 7: zecrai ($5.32 in chips) 
Seat 8: govapuri ($1.94 in chips) 
Giovanaz171: posts small blind $0.02
Luka Jurešk0: posts big blind $0.05
*** HOLE CARDS ***
Dealt to Dorex2007 [8s Ah]
Al_pkr_plyr: folds 
Dorex2007: folds 
zecrai: folds 
govapuri: folds 
Giovanaz171: calls $0.03
Luka Jurešk0: checks 
*** FLOP *** [6s Jh 5h]
Giovanaz171: checks 
Luka Jurešk0: bets $0.05
Giovanaz171: folds 
Uncalled bet ($0.05) returned to Luka Jurešk0
Al_pkr_plyr leaves the table
Luka Jurešk0 collected $0.10 from pot
Sr ÁviIa leaves the table
*** SUMMARY ***
Total pot $0.10 | Rake $0 
Board [6s Jh 5h]
Seat 2: Giovanaz171 (small blind) folded on the Flop
Seat 4: Luka Jurešk0 (big blind) collected ($0.10)
Seat 5: Al_pkr_plyr folded before Flop (didn't bet)
Seat 6: Dorex2007 folded before Flop (didn't bet)
Seat 7: zecrai folded before Flop (didn't bet)
Seat 8: govapuri (button) folded before Flop (didn't bet)



PokerStars Hand #238484622793:  Hold'em No Limit ($0.02/$0.05 USD) - 2022/09/07 16:12:56 PT [2022/09/07 19:12:56 ET]
Table 'Sova' 9-max Seat #2 is the button
Seat 2: Giovanaz171 ($1.92 in chips) 
Seat 4: Luka Jurešk0 ($4.25 in chips) 
Seat 6: Dorex2007 ($5.02 in chips) 
Seat 7: zecrai ($5.32 in chips) 
Seat 8: govapuri ($1.94 in chips) 
Luka Jurešk0: posts small blind $0.02
Dorex2007: posts big blind $0.05
*** HOLE CARDS ***
Dealt to Dorex2007 [6c Qc]
zecrai: folds 
govapuri: calls $0.05
Giovanaz171: calls $0.05
Luka Jurešk0: folds 
Dorex2007: checks 
*** FLOP *** [Kc 2d 2h]
Dorex2007: checks 
govapuri: checks 
Giovanaz171: checks 
*** TURN *** [Kc 2d 2h] [4h]
Dorex2007: checks 
govapuri: bets $0.05
Giovanaz171: folds 
Dorex2007: folds 
Uncalled bet ($0.05) returned to govapuri
govapuri collected $0.16 from pot
govapuri: doesn't show hand 
*** SUMMARY ***
Total pot $0.17 | Rake $0.01 
Board [Kc 2d 2h 4h]
Seat 2: Giovanaz171 (button) folded on the Turn
Seat 4: Luka Jurešk0 (small blind) folded before Flop
Seat 6: Dorex2007 (big blind) folded on the Turn
Seat 7: zecrai folded before Flop (didn't bet)
Seat 8: govapuri collected ($0.16)



PokerStars Hand #238484631077:  Hold'em No Limit ($0.02/$0.05 USD) - 2022/09/07 16:13:25 PT [2022/09/07 19:13:25 ET]
Table 'Sova' 9-max Seat #4 is the button
Seat 2: Giovanaz171 ($1.87 in chips) 
Seat 4: Luka Jurešk0 ($4.23 in chips) 
Seat 6: Dorex2007 ($5 in chips) 
Seat 7: zecrai ($5.32 in chips) 
Seat 8: govapuri ($2.05 in chips) 
Dorex2007: posts small blind $0.02
zecrai: posts big blind $0.05
*** HOLE CARDS ***
Dealt to Dorex2007 [9d 9c]
govapuri: folds 
Giovanaz171: folds 
Luka Jurešk0: folds 
Dorex2007: raises $0.10 to $0.15
zecrai: folds 
Uncalled bet ($0.10) returned to Dorex2007
Dorex2007 collected $0.10 from pot
Dorex2007: doesn't show hand 
*** SUMMARY ***
Total pot $0.10 | Rake $0 
Seat 2: Giovanaz171 folded before Flop (didn't bet)
Seat 4: Luka Jurešk0 (button) folded before Flop (didn't bet)
Seat 6: Dorex2007 (small blind) collected ($0.10)
Seat 7: zecrai (big blind) folded before Flop
Seat 8: govapuri folded before Flop (didn't bet)



