PokerStars Hand #238215524499:  Hold'em No Limit ($0.01/$0.02 USD) - 2022/08/25 14:45:03 PT [2022/08/25 17:45:03 ET]
Table 'Bolyai' 9-max Seat #8 is the button
Seat 2: 88REAW ($3.46 in chips) 
Seat 3: StanimirStoilov ($2.78 in chips) 
Seat 4: guime20 ($1.68 in chips) 
Seat 5: smurphy123 ($2.20 in chips) 
Seat 6: fbf58 ($2.08 in chips) 
Seat 7: Dorex2007 ($1.60 in chips) 
Seat 8: leeomau5 ($2.30 in chips) 
Seat 9: Catonajack ($1.11 in chips) 
Catonajack: posts small blind $0.01
88REAW: posts big blind $0.02
Dorex2007: posts big blind $0.02
88REAW: posts the ante $0.01
StanimirStoilov: posts the ante $0.01
guime20: posts the ante $0.01
smurphy123: posts the ante $0.01
fbf58: posts the ante $0.01
Dorex2007: posts the ante $0.01
leeomau5: posts the ante $0.01
Catonajack: posts the ante $0.01
*** HOLE CARDS ***
Dealt to Dorex2007 [6h 4s]
StanimirStoilov: calls $0.02
guime20: raises $0.08 to $0.10
smurphy123: folds 
fbf58: folds 
Dorex2007: folds 
leeomau5: calls $0.10
Catonajack: folds 
88REAW: folds 
StanimirStoilov: folds 
*** FLOP *** [7s 7c Td]
guime20: bets $0.17
leeomau5: calls $0.17
*** TURN *** [7s 7c Td] [Tc]
guime20: bets $0.33
leeomau5: folds 
Uncalled bet ($0.33) returned to guime20
guime20 collected $0.67 from pot
*** SUMMARY ***
Total pot $0.69 | Rake $0.02 
Board [7s 7c Td Tc]
Seat 2: 88REAW (big blind) folded before Flop
Seat 3: StanimirStoilov folded before Flop
Seat 4: guime20 collected ($0.67)
Seat 5: smurphy123 folded before Flop (didn't bet)
Seat 6: fbf58 folded before Flop (didn't bet)
Seat 7: Dorex2007 folded before Flop (didn't bet)
Seat 8: leeomau5 (button) folded on the Turn
Seat 9: Catonajack (small blind) folded before Flop



PokerStars Hand #238215548222:  Hold'em No Limit ($0.01/$0.02 USD) - 2022/08/25 14:46:12 PT [2022/08/25 17:46:12 ET]
Table 'Bolyai' 9-max Seat #9 is the button
Seat 2: 88REAW ($3.43 in chips) 
Seat 3: StanimirStoilov ($2.75 in chips) 
Seat 4: guime20 ($2.07 in chips) 
Seat 5: smurphy123 ($2.19 in chips) 
Seat 6: fbf58 ($2.07 in chips) 
Seat 7: Dorex2007 ($2 in chips) 
Seat 8: leeomau5 ($2.02 in chips) 
Seat 9: Catonajack ($1.09 in chips) 
88REAW: posts small blind $0.01
StanimirStoilov: posts big blind $0.02
88REAW: posts the ante $0.01
StanimirStoilov: posts the ante $0.01
guime20: posts the ante $0.01
smurphy123: posts the ante $0.01
fbf58: posts the ante $0.01
Dorex2007: posts the ante $0.01
leeomau5: posts the ante $0.01
Catonajack: posts the ante $0.01
*** HOLE CARDS ***
Dealt to Dorex2007 [Th 6s]
guime20: folds 
smurphy123: folds 
fbf58: folds 
Dorex2007: folds 
leeomau5: folds 
Catonajack: folds 
88REAW: raises $0.04 to $0.06
StanimirStoilov: calls $0.04
*** FLOP *** [8d 9c 7c]
88REAW: bets $0.06
StanimirStoilov: folds 
Uncalled bet ($0.06) returned to 88REAW
88REAW collected $0.19 from pot
88REAW: doesn't show hand 
*** SUMMARY ***
Total pot $0.20 | Rake $0.01 
Board [8d 9c 7c]
Seat 2: 88REAW (small blind) collected ($0.19)
Seat 3: StanimirStoilov (big blind) folded on the Flop
Seat 4: guime20 folded before Flop (didn't bet)
Seat 5: smurphy123 folded before Flop (didn't bet)
Seat 6: fbf58 folded before Flop (didn't bet)
Seat 7: Dorex2007 folded before Flop (didn't bet)
Seat 8: leeomau5 folded before Flop (didn't bet)
Seat 9: Catonajack (button) folded before Flop (didn't bet)



PokerStars Hand #238215557115:  Hold'em No Limit ($0.01/$0.02 USD) - 2022/08/25 14:46:38 PT [2022/08/25 17:46:38 ET]
Table 'Bolyai' 9-max Seat #2 is the button
Seat 2: 88REAW ($3.55 in chips) 
Seat 3: StanimirStoilov ($2.68 in chips) 
Seat 4: guime20 ($2.06 in chips) 
Seat 5: smurphy123 ($2.18 in chips) 
Seat 6: fbf58 ($2.06 in chips) 
Seat 7: Dorex2007 ($1.99 in chips) 
Seat 8: leeomau5 ($2.01 in chips) 
Seat 9: Catonajack ($1.08 in chips) 
StanimirStoilov: posts small blind $0.01
guime20: posts big blind $0.02
88REAW: posts the ante $0.01
StanimirStoilov: posts the ante $0.01
guime20: posts the ante $0.01
smurphy123: posts the ante $0.01
fbf58: posts the ante $0.01
Dorex2007: posts the ante $0.01
leeomau5: posts the ante $0.01
Catonajack: posts the ante $0.01
*** HOLE CARDS ***
Dealt to Dorex2007 [Ts 2d]
smurphy123: raises $0.03 to $0.05
fbf58: calls $0.05
Dorex2007: folds 
leeomau5: folds 
Catonajack: raises $0.03 to $0.08
88REAW: folds 
StanimirStoilov: calls $0.07
guime20: folds 
smurphy123: calls $0.03
fbf58: calls $0.03
*** FLOP *** [8h 2s 6h]
StanimirStoilov: checks 
smurphy123: checks 
fbf58: checks 
Catonajack: bets $0.20
StanimirStoilov: folds 
smurphy123: folds 
fbf58: raises $0.81 to $1.01
Catonajack: folds 
Uncalled bet ($0.81) returned to fbf58
fbf58 collected $0.79 from pot
*** SUMMARY ***
Total pot $0.82 | Rake $0.03 
Board [8h 2s 6h]
Seat 2: 88REAW (button) folded before Flop (didn't bet)
Seat 3: StanimirStoilov (small blind) folded on the Flop
Seat 4: guime20 (big blind) folded before Flop
Seat 5: smurphy123 folded on the Flop
Seat 6: fbf58 collected ($0.79)
Seat 7: Dorex2007 folded before Flop (didn't bet)
Seat 8: leeomau5 folded before Flop (didn't bet)
Seat 9: Catonajack folded on the Flop



PokerStars Hand #238215577403:  Hold'em No Limit ($0.01/$0.02 USD) - 2022/08/25 14:47:37 PT [2022/08/25 17:47:37 ET]
Table 'Bolyai' 9-max Seat #3 is the button
Seat 2: 88REAW ($3.54 in chips) 
Seat 3: StanimirStoilov ($2.59 in chips) 
Seat 4: guime20 ($2.03 in chips) 
Seat 5: smurphy123 ($2.09 in chips) 
Seat 6: fbf58 ($2.56 in chips) 
Seat 7: Dorex2007 ($1.98 in chips) 
Seat 9: Catonajack ($0.79 in chips) 
guime20: posts small blind $0.01
smurphy123: posts big blind $0.02
88REAW: posts the ante $0.01
StanimirStoilov: posts the ante $0.01
guime20: posts the ante $0.01
smurphy123: posts the ante $0.01
fbf58: posts the ante $0.01
Dorex2007: posts the ante $0.01
Catonajack: posts the ante $0.01
*** HOLE CARDS ***
Dealt to Dorex2007 [Kd 2h]
fbf58: calls $0.02
Dorex2007: folds 
Catonajack: folds 
88REAW: folds 
StanimirStoilov: calls $0.02
88REAW leaves the table
guime20: folds 
smurphy123: checks 
*** FLOP *** [Tc 6h 6s]
smurphy123: checks 
fbf58: checks 
StanimirStoilov: bets $0.14
smurphy123: folds 
fbf58: folds 
Uncalled bet ($0.14) returned to StanimirStoilov
StanimirStoilov collected $0.14 from pot
*** SUMMARY ***
Total pot $0.14 | Rake $0 
Board [Tc 6h 6s]
Seat 2: 88REAW folded before Flop (didn't bet)
Seat 3: StanimirStoilov (button) collected ($0.14)
Seat 4: guime20 (small blind) folded before Flop
Seat 5: smurphy123 (big blind) folded on the Flop
Seat 6: fbf58 folded on the Flop
Seat 7: Dorex2007 folded before Flop (didn't bet)
Seat 9: Catonajack folded before Flop (didn't bet)



PokerStars Hand #238215591041:  Hold'em No Limit ($0.01/$0.02 USD) - 2022/08/25 14:48:17 PT [2022/08/25 17:48:17 ET]
Table 'Bolyai' 9-max Seat #4 is the button
Seat 3: StanimirStoilov ($2.70 in chips) 
Seat 4: guime20 ($2.01 in chips) 
Seat 5: smurphy123 ($2.06 in chips) 
Seat 6: fbf58 ($2.53 in chips) 
Seat 7: Dorex2007 ($1.97 in chips) 
Seat 9: Catonajack ($0.78 in chips) 
smurphy123: posts small blind $0.01
fbf58: posts big blind $0.02
StanimirStoilov: posts the ante $0.01
guime20: posts the ante $0.01
smurphy123: posts the ante $0.01
fbf58: posts the ante $0.01
Dorex2007: posts the ante $0.01
Catonajack: posts the ante $0.01
*** HOLE CARDS ***
Dealt to Dorex2007 [6h Ah]
Dorex2007: folds 
Catonajack: folds 
StanimirStoilov: calls $0.02
guime20: folds 
smurphy123: calls $0.01
fbf58: checks 
*** FLOP *** [4d 9s 3d]
smurphy123: checks 
fbf58: checks 
StanimirStoilov: checks 
*** TURN *** [4d 9s 3d] [7h]
smurphy123: checks 
fbf58: bets $0.02
gangster127 joins the table at seat #2 
StanimirStoilov: folds 
smurphy123: calls $0.02
*** RIVER *** [4d 9s 3d 7h] [7d]
smurphy123: checks 
fbf58: bets $0.06
smurphy123: folds 
Uncalled bet ($0.06) returned to fbf58
fbf58 collected $0.15 from pot
*** SUMMARY ***
Total pot $0.16 | Rake $0.01 
Board [4d 9s 3d 7h 7d]
Seat 3: StanimirStoilov folded on the Turn
Seat 4: guime20 (button) folded before Flop (didn't bet)
Seat 5: smurphy123 (small blind) folded on the River
Seat 6: fbf58 (big blind) collected ($0.15)
Seat 7: Dorex2007 folded before Flop (didn't bet)
Seat 9: Catonajack folded before Flop (didn't bet)



PokerStars Hand #238215616507:  Hold'em No Limit ($0.01/$0.02 USD) - 2022/08/25 14:49:31 PT [2022/08/25 17:49:31 ET]
Table 'Bolyai' 9-max Seat #5 is the button
Seat 3: StanimirStoilov ($2.67 in chips) 
Seat 4: guime20 ($2 in chips) 
Seat 5: smurphy123 ($2.01 in chips) 
Seat 6: fbf58 ($2.63 in chips) 
Seat 7: Dorex2007 ($1.96 in chips) 
Seat 8: leeomau5 ($2 in chips) 
Seat 9: Catonajack ($0.77 in chips) 
fbf58: posts small blind $0.01
Dorex2007: posts big blind $0.02
gangster127: sits out 
StanimirStoilov: posts the ante $0.01
guime20: posts the ante $0.01
smurphy123: posts the ante $0.01
fbf58: posts the ante $0.01
Dorex2007: posts the ante $0.01
leeomau5: posts the ante $0.01
Catonajack: posts the ante $0.01
*** HOLE CARDS ***
Dealt to Dorex2007 [9c Jh]
leeomau5: calls $0.02
Catonajack: folds 
StanimirStoilov: calls $0.02
guime20: folds 
smurphy123: folds 
fbf58: calls $0.01
Dorex2007: checks 
*** FLOP *** [9s 7d 2s]
fbf58: bets $0.06
Dorex2007: calls $0.06
leeomau5: calls $0.06
StanimirStoilov: folds 
*** TURN *** [9s 7d 2s] [8s]
fbf58: bets $0.06
Dorex2007: folds 
leeomau5: calls $0.06
*** RIVER *** [9s 7d 2s 8s] [Th]
fbf58: bets $0.06
leeomau5: calls $0.06
*** SHOW DOWN ***
fbf58: shows [4c 9h] (a pair of Nines)
leeomau5: mucks hand 
fbf58 collected $0.55 from pot
*** SUMMARY ***
Total pot $0.57 | Rake $0.02 
Board [9s 7d 2s 8s Th]
Seat 3: StanimirStoilov folded on the Flop
Seat 4: guime20 folded before Flop (didn't bet)
Seat 5: smurphy123 (button) folded before Flop (didn't bet)
Seat 6: fbf58 (small blind) showed [4c 9h] and won ($0.55) with a pair of Nines
Seat 7: Dorex2007 (big blind) folded on the Turn
Seat 8: leeomau5 mucked [Ac Kc]
Seat 9: Catonajack folded before Flop (didn't bet)



PokerStars Hand #238215639660:  Hold'em No Limit ($0.01/$0.02 USD) - 2022/08/25 14:50:38 PT [2022/08/25 17:50:38 ET]
Table 'Bolyai' 9-max Seat #6 is the button
Seat 2: gangster127 ($2 in chips) 
Seat 3: StanimirStoilov ($2.64 in chips) 
Seat 4: guime20 ($1.99 in chips) 
Seat 5: smurphy123 ($2 in chips) 
Seat 6: fbf58 ($2.97 in chips) 
Seat 7: Dorex2007 ($1.87 in chips) 
Seat 8: leeomau5 ($1.79 in chips) 
Seat 9: Catonajack ($0.76 in chips) 
Dorex2007: posts small blind $0.01
leeomau5: posts big blind $0.02
gangster127: posts big blind $0.02
gangster127: posts the ante $0.01
StanimirStoilov: posts the ante $0.01
guime20: posts the ante $0.01
smurphy123: posts the ante $0.01
fbf58: posts the ante $0.01
Dorex2007: posts the ante $0.01
leeomau5: posts the ante $0.01
Catonajack: posts the ante $0.01
*** HOLE CARDS ***
Dealt to Dorex2007 [2c Qc]
Catonajack: folds 
gangster127: checks 
StanimirStoilov: calls $0.02
guime20: raises $0.08 to $0.10
smurphy123: calls $0.10
fbf58: raises $0.10 to $0.20
Dorex2007: folds 
leeomau5: folds 
gangster127: folds 
StanimirStoilov: folds 
guime20: folds 
smurphy123: calls $0.10
*** FLOP *** [7c Th 4h]
smurphy123: checks 
fbf58: bets $0.63
smurphy123: calls $0.63
*** TURN *** [7c Th 4h] [5c]
smurphy123: checks 
fbf58: bets $1.18
smurphy123: calls $1.16 and is all-in
Uncalled bet ($0.02) returned to fbf58
*** RIVER *** [7c Th 4h 5c] [Js]
*** SHOW DOWN ***
smurphy123: shows [Tc 9c] (a pair of Tens)
fbf58: shows [As Ac] (a pair of Aces)
fbf58 collected $4.08 from pot
*** SUMMARY ***
Total pot $4.23 | Rake $0.15 
Board [7c Th 4h 5c Js]
Seat 2: gangster127 folded before Flop (didn't bet)
Seat 3: StanimirStoilov folded before Flop
Seat 4: guime20 folded before Flop
Seat 5: smurphy123 showed [Tc 9c] and lost with a pair of Tens
Seat 6: fbf58 (button) showed [As Ac] and won ($4.08) with a pair of Aces
Seat 7: Dorex2007 (small blind) folded before Flop
Seat 8: leeomau5 (big blind) folded before Flop
Seat 9: Catonajack folded before Flop (didn't bet)



PokerStars Hand #238215662316:  Hold'em No Limit ($0.01/$0.02 USD) - 2022/08/25 14:51:44 PT [2022/08/25 17:51:44 ET]
Table 'Bolyai' 9-max Seat #7 is the button
Seat 1: Dudu_Cantarino ($4.08 in chips) 
Seat 2: gangster127 ($1.97 in chips) 
Seat 3: StanimirStoilov ($2.61 in chips) 
Seat 4: guime20 ($1.88 in chips) 
Seat 6: fbf58 ($5.05 in chips) 
Seat 7: Dorex2007 ($1.85 in chips) 
Seat 8: leeomau5 ($1.76 in chips) 
Seat 9: Catonajack ($0.75 in chips) 
leeomau5: posts small blind $0.01
Catonajack: posts big blind $0.02
Dudu_Cantarino: posts small & big blinds $0.03
Dudu_Cantarino: posts the ante $0.01
gangster127: posts the ante $0.01
StanimirStoilov: posts the ante $0.01
guime20: posts the ante $0.01
fbf58: posts the ante $0.01
Dorex2007: posts the ante $0.01
leeomau5: posts the ante $0.01
Catonajack: posts the ante $0.01
*** HOLE CARDS ***
Dealt to Dorex2007 [Jc 9d]
Dudu_Cantarino: checks 
gangster127: folds 
StanimirStoilov: calls $0.02
guime20: calls $0.02
fbf58: calls $0.02
Dorex2007: folds 
leeomau5: calls $0.01
Catonajack: checks 
*** FLOP *** [2d 6d Ks]
leeomau5: checks 
Catonajack: checks 
Dudu_Cantarino: bets $0.02
StanimirStoilov: calls $0.02
guime20: calls $0.02
fbf58: folds 
leeomau5: calls $0.02
Catonajack: folds 
*** TURN *** [2d 6d Ks] [5s]
leeomau5: checks 
Dudu_Cantarino: bets $0.02
StanimirStoilov: calls $0.02
guime20: calls $0.02
leeomau5: calls $0.02
*** RIVER *** [2d 6d Ks 5s] [Tc]
leeomau5: checks 
Dudu_Cantarino: bets $0.18
StanimirStoilov: folds 
guime20: folds 
leeomau5: folds 
Uncalled bet ($0.18) returned to Dudu_Cantarino
Dudu_Cantarino collected $0.36 from pot
Dudu_Cantarino: doesn't show hand 
*** SUMMARY ***
Total pot $0.37 | Rake $0.01 
Board [2d 6d Ks 5s Tc]
Seat 1: Dudu_Cantarino collected ($0.36)
Seat 2: gangster127 folded before Flop (didn't bet)
Seat 3: StanimirStoilov folded on the River
Seat 4: guime20 folded on the River
Seat 6: fbf58 folded on the Flop
Seat 7: Dorex2007 (button) folded before Flop (didn't bet)
Seat 8: leeomau5 (small blind) folded on the River
Seat 9: Catonajack (big blind) folded on the Flop



PokerStars Hand #238215688375:  Hold'em No Limit ($0.01/$0.02 USD) - 2022/08/25 14:53:00 PT [2022/08/25 17:53:00 ET]
Table 'Bolyai' 9-max Seat #8 is the button
Seat 1: Dudu_Cantarino ($4.36 in chips) 
Seat 2: gangster127 ($1.96 in chips) 
Seat 3: StanimirStoilov ($2.54 in chips) 
Seat 4: guime20 ($1.81 in chips) 
Seat 5: smurphy123 ($2 in chips) 
Seat 6: fbf58 ($5.02 in chips) 
Seat 7: Dorex2007 ($1.84 in chips) 
Seat 8: leeomau5 ($1.69 in chips) 
Seat 9: Catonajack ($0.72 in chips) 
Catonajack: posts small blind $0.01
Dudu_Cantarino: posts big blind $0.02
Dudu_Cantarino: posts the ante $0.01
gangster127: posts the ante $0.01
StanimirStoilov: posts the ante $0.01
guime20: posts the ante $0.01
smurphy123: posts the ante $0.01
fbf58: posts the ante $0.01
Dorex2007: posts the ante $0.01
leeomau5: posts the ante $0.01
Catonajack: posts the ante $0.01
*** HOLE CARDS ***
Dealt to Dorex2007 [7c Qh]
gangster127: folds 
StanimirStoilov: calls $0.02
guime20: folds 
smurphy123: folds 
fbf58: folds 
Dorex2007: folds 
leeomau5: calls $0.02
Catonajack: calls $0.01
Dudu_Cantarino: checks 
*** FLOP *** [Qd 9h 9c]
Catonajack: checks 
Dudu_Cantarino: checks 
StanimirStoilov: bets $0.02
leeomau5: calls $0.02
Catonajack: folds 
Dudu_Cantarino: calls $0.02
*** TURN *** [Qd 9h 9c] [Ah]
Dudu_Cantarino: checks 
StanimirStoilov: bets $0.04
leeomau5: calls $0.04
Dudu_Cantarino: calls $0.04
*** RIVER *** [Qd 9h 9c Ah] [Jh]
Dudu_Cantarino: bets $2.45
StanimirStoilov: folds 
leeomau5: folds 
Uncalled bet ($2.45) returned to Dudu_Cantarino
Dudu_Cantarino collected $0.34 from pot
Dudu_Cantarino: doesn't show hand 
*** SUMMARY ***
Total pot $0.35 | Rake $0.01 
Board [Qd 9h 9c Ah Jh]
Seat 1: Dudu_Cantarino (big blind) collected ($0.34)
Seat 2: gangster127 folded before Flop (didn't bet)
Seat 3: StanimirStoilov folded on the River
Seat 4: guime20 folded before Flop (didn't bet)
Seat 5: smurphy123 folded before Flop (didn't bet)
Seat 6: fbf58 folded before Flop (didn't bet)
Seat 7: Dorex2007 folded before Flop (didn't bet)
Seat 8: leeomau5 (button) folded on the River
Seat 9: Catonajack (small blind) folded on the Flop



PokerStars Hand #238215720884:  Hold'em No Limit ($0.01/$0.02 USD) - 2022/08/25 14:54:36 PT [2022/08/25 17:54:36 ET]
Table 'Bolyai' 9-max Seat #9 is the button
Seat 1: Dudu_Cantarino ($4.61 in chips) 
Seat 2: gangster127 ($1.95 in chips) 
Seat 3: StanimirStoilov ($2.45 in chips) 
Seat 4: guime20 ($1.80 in chips) 
Seat 5: smurphy123 ($1.99 in chips) 
Seat 6: fbf58 ($5.01 in chips) 
Seat 7: Dorex2007 ($1.83 in chips) 
Seat 8: leeomau5 ($1.60 in chips) 
Seat 9: Catonajack ($0.69 in chips) 
Dudu_Cantarino: posts small blind $0.01
gangster127: posts big blind $0.02
Dudu_Cantarino: posts the ante $0.01
gangster127: posts the ante $0.01
StanimirStoilov: posts the ante $0.01
guime20: posts the ante $0.01
smurphy123: posts the ante $0.01
fbf58: posts the ante $0.01
Dorex2007: posts the ante $0.01
leeomau5: posts the ante $0.01
Catonajack: posts the ante $0.01
*** HOLE CARDS ***
Dealt to Dorex2007 [As 9s]
StanimirStoilov: calls $0.02
guime20: folds 
smurphy123: folds 
fbf58: calls $0.02
Dorex2007: calls $0.02
leeomau5: calls $0.02
Catonajack: raises $0.22 to $0.24
Dudu_Cantarino: folds 
gangster127: folds 
StanimirStoilov: folds 
fbf58: folds 
Dorex2007: folds 
leeomau5: folds 
Uncalled bet ($0.22) returned to Catonajack
Catonajack collected $0.22 from pot
Catonajack: doesn't show hand 
*** SUMMARY ***
Total pot $0.22 | Rake $0 
Seat 1: Dudu_Cantarino (small blind) folded before Flop
Seat 2: gangster127 (big blind) folded before Flop
Seat 3: StanimirStoilov folded before Flop
Seat 4: guime20 folded before Flop (didn't bet)
Seat 5: smurphy123 folded before Flop (didn't bet)
Seat 6: fbf58 folded before Flop
Seat 7: Dorex2007 folded before Flop
Seat 8: leeomau5 folded before Flop
Seat 9: Catonajack (button) collected ($0.22)



PokerStars Hand #238215734264:  Hold'em No Limit ($0.01/$0.02 USD) - 2022/08/25 14:55:16 PT [2022/08/25 17:55:16 ET]
Table 'Bolyai' 9-max Seat #1 is the button
Seat 1: Dudu_Cantarino ($4.59 in chips) 
Seat 2: gangster127 ($1.92 in chips) 
Seat 3: StanimirStoilov ($2.42 in chips) 
Seat 4: guime20 ($1.79 in chips) 
Seat 5: smurphy123 ($1.98 in chips) 
Seat 6: fbf58 ($4.98 in chips) 
Seat 7: Dorex2007 ($1.80 in chips) 
Seat 8: leeomau5 ($1.57 in chips) 
Seat 9: Catonajack ($2 in chips) 
gangster127: posts small blind $0.01
StanimirStoilov: posts big blind $0.02
Dudu_Cantarino: posts the ante $0.01
gangster127: posts the ante $0.01
StanimirStoilov: posts the ante $0.01
guime20: posts the ante $0.01
smurphy123: posts the ante $0.01
fbf58: posts the ante $0.01
Dorex2007: posts the ante $0.01
leeomau5: posts the ante $0.01
Catonajack: posts the ante $0.01
*** HOLE CARDS ***
Dealt to Dorex2007 [8d Jd]
guime20: raises $0.04 to $0.06
smurphy123: calls $0.06
fbf58: calls $0.06
Dorex2007: folds 
leeomau5: folds 
Catonajack: folds 
Dudu_Cantarino: folds 
gangster127: folds 
StanimirStoilov: calls $0.04
*** FLOP *** [Ks Kd 5s]
StanimirStoilov: checks 
guime20: bets $0.10
smurphy123: calls $0.10
fbf58: folds 
StanimirStoilov: folds 
*** TURN *** [Ks Kd 5s] [2c]
guime20: bets $0.26
smurphy123: calls $0.26
*** RIVER *** [Ks Kd 5s 2c] [Qc]
guime20: bets $1.36 and is all-in
smurphy123: calls $1.36
*** SHOW DOWN ***
guime20: shows [Qd Qh] (a full house, Queens full of Kings)
smurphy123: shows [5h 5d] (a full house, Fives full of Kings)
guime20 collected $3.65 from pot
*** SUMMARY ***
Total pot $3.78 | Rake $0.13 
Board [Ks Kd 5s 2c Qc]
Seat 1: Dudu_Cantarino (button) folded before Flop (didn't bet)
Seat 2: gangster127 (small blind) folded before Flop
Seat 3: StanimirStoilov (big blind) folded on the Flop
Seat 4: guime20 showed [Qd Qh] and won ($3.65) with a full house, Queens full of Kings
Seat 5: smurphy123 showed [5h 5d] and lost with a full house, Fives full of Kings
Seat 6: fbf58 folded on the Flop
Seat 7: Dorex2007 folded before Flop (didn't bet)
Seat 8: leeomau5 folded before Flop (didn't bet)
Seat 9: Catonajack folded before Flop (didn't bet)



PokerStars Hand #238215757695:  Hold'em No Limit ($0.01/$0.02 USD) - 2022/08/25 14:56:42 PT [2022/08/25 17:56:42 ET]
Table 'Bolyai' 9-max Seat #2 is the button
Seat 1: Dudu_Cantarino ($4.58 in chips) 
Seat 2: gangster127 ($1.90 in chips) 
Seat 3: StanimirStoilov ($2.35 in chips) 
Seat 4: guime20 ($3.65 in chips) 
Seat 5: smurphy123 ($0.19 in chips) 
Seat 6: fbf58 ($4.91 in chips) 
Seat 7: Dorex2007 ($1.79 in chips) 
Seat 8: leeomau5 ($1.56 in chips) 
Seat 9: Catonajack ($1.99 in chips) 
StanimirStoilov: posts small blind $0.01
guime20: posts big blind $0.02
Dudu_Cantarino: posts the ante $0.01
gangster127: posts the ante $0.01
StanimirStoilov: posts the ante $0.01
guime20: posts the ante $0.01
smurphy123: posts the ante $0.01
fbf58: posts the ante $0.01
Dorex2007: posts the ante $0.01
leeomau5: posts the ante $0.01
Catonajack: posts the ante $0.01
*** HOLE CARDS ***
Dealt to Dorex2007 [Qd Ac]
smurphy123: folds 
fbf58: calls $0.02
Dorex2007: raises $0.06 to $0.08
leeomau5: calls $0.08
Catonajack: calls $0.08
Dudu_Cantarino: calls $0.08
gangster127: folds 
StanimirStoilov: calls $0.07
guime20: folds 
fbf58: folds 
*** FLOP *** [8c 5s Kc]
StanimirStoilov: checks 
Dorex2007: checks 
leeomau5: bets $0.02
Catonajack: folds 
Dudu_Cantarino: calls $0.02
StanimirStoilov: calls $0.02
Dorex2007: calls $0.02
*** TURN *** [8c 5s Kc] [9c]
StanimirStoilov: checks 
Dorex2007: bets $0.59
leeomau5: folds 
Dudu_Cantarino: folds 
StanimirStoilov: folds 
Uncalled bet ($0.59) returned to Dorex2007
Dorex2007 collected $0.59 from pot
Dorex2007: doesn't show hand 
*** SUMMARY ***
Total pot $0.61 | Rake $0.02 
Board [8c 5s Kc 9c]
Seat 1: Dudu_Cantarino folded on the Turn
Seat 2: gangster127 (button) folded before Flop (didn't bet)
Seat 3: StanimirStoilov (small blind) folded on the Turn
Seat 4: guime20 (big blind) folded before Flop
Seat 5: smurphy123 folded before Flop (didn't bet)
Seat 6: fbf58 folded before Flop
Seat 7: Dorex2007 collected ($0.59)
Seat 8: leeomau5 folded on the Turn
Seat 9: Catonajack folded on the Flop



PokerStars Hand #238215775662:  Hold'em No Limit ($0.01/$0.02 USD) - 2022/08/25 14:57:48 PT [2022/08/25 17:57:48 ET]
Table 'Bolyai' 9-max Seat #3 is the button
Seat 1: Dudu_Cantarino ($4.47 in chips) 
Seat 2: gangster127 ($1.89 in chips) 
Seat 3: StanimirStoilov ($2.24 in chips) 
Seat 4: guime20 ($3.62 in chips) 
Seat 5: smurphy123 ($2 in chips) 
Seat 6: fbf58 ($4.88 in chips) 
Seat 7: Dorex2007 ($2.27 in chips) 
Seat 8: leeomau5 ($1.45 in chips) 
Seat 9: Catonajack ($1.90 in chips) 
guime20: posts small blind $0.01
smurphy123: posts big blind $0.02
Dudu_Cantarino: posts the ante $0.01
gangster127: posts the ante $0.01
StanimirStoilov: posts the ante $0.01
guime20: posts the ante $0.01
smurphy123: posts the ante $0.01
fbf58: posts the ante $0.01
Dorex2007: posts the ante $0.01
leeomau5: posts the ante $0.01
Catonajack: posts the ante $0.01
*** HOLE CARDS ***
Dealt to Dorex2007 [Kc Ah]
fbf58: folds 
Dorex2007: raises $0.02 to $0.04
leeomau5: folds 
Catonajack: folds 
Dudu_Cantarino: calls $0.04
gangster127: folds 
StanimirStoilov: calls $0.04
guime20: folds 
smurphy123: calls $0.02
*** FLOP *** [4h 6c 8d]
smurphy123: checks 
Dorex2007: checks 
Dudu_Cantarino: checks 
StanimirStoilov: checks 
*** TURN *** [4h 6c 8d] [Tc]
smurphy123: checks 
Dorex2007: checks 
Dudu_Cantarino: bets $0.02
StanimirStoilov: calls $0.02
smurphy123: folds 
Dorex2007: folds 
*** RIVER *** [4h 6c 8d Tc] [6d]
Dudu_Cantarino: bets $0.02
StanimirStoilov: raises $0.08 to $0.10
Dudu_Cantarino: folds 
Uncalled bet ($0.08) returned to StanimirStoilov
StanimirStoilov collected $0.33 from pot
*** SUMMARY ***
Total pot $0.34 | Rake $0.01 
Board [4h 6c 8d Tc 6d]
Seat 1: Dudu_Cantarino folded on the River
Seat 2: gangster127 folded before Flop (didn't bet)
Seat 3: StanimirStoilov (button) collected ($0.33)
Seat 4: guime20 (small blind) folded before Flop
Seat 5: smurphy123 (big blind) folded on the Turn
Seat 6: fbf58 folded before Flop (didn't bet)
Seat 7: Dorex2007 folded on the Turn
Seat 8: leeomau5 folded before Flop (didn't bet)
Seat 9: Catonajack folded before Flop (didn't bet)



PokerStars Hand #238215795799:  Hold'em No Limit ($0.01/$0.02 USD) - 2022/08/25 14:59:02 PT [2022/08/25 17:59:02 ET]
Table 'Bolyai' 9-max Seat #4 is the button
Seat 1: Dudu_Cantarino ($4.38 in chips) 
Seat 2: gangster127 ($1.88 in chips) 
Seat 3: StanimirStoilov ($2.48 in chips) 
Seat 4: guime20 ($3.60 in chips) 
Seat 5: smurphy123 ($1.95 in chips) 
Seat 6: fbf58 ($4.87 in chips) 
Seat 7: Dorex2007 ($2.22 in chips) 
Seat 8: leeomau5 ($1.44 in chips) 
Seat 9: Catonajack ($1.89 in chips) 
smurphy123: posts small blind $0.01
fbf58: posts big blind $0.02
Dudu_Cantarino: posts the ante $0.01
gangster127: posts the ante $0.01
StanimirStoilov: posts the ante $0.01
guime20: posts the ante $0.01
smurphy123: posts the ante $0.01
fbf58: posts the ante $0.01
Dorex2007: posts the ante $0.01
leeomau5: posts the ante $0.01
Catonajack: posts the ante $0.01
*** HOLE CARDS ***
Dealt to Dorex2007 [Js 3d]
Dorex2007: folds 
leeomau5: calls $0.02
Catonajack: folds 
Dudu_Cantarino: raises $0.02 to $0.04
gangster127: folds 
StanimirStoilov: calls $0.04
guime20: folds 
smurphy123: calls $0.03
fbf58: folds 
leeomau5: calls $0.02
*** FLOP *** [3s Jh Jc]
smurphy123: checks 
leeomau5: checks 
Dudu_Cantarino: checks 
fbf58 leaves the table
StanimirStoilov: checks 
*** TURN *** [3s Jh Jc] [9d]
smurphy123: checks 
leeomau5: checks 
Dudu_Cantarino: checks 
StanimirStoilov: bets $0.06
smurphy123: folds 
leeomau5: folds 
Dudu_Cantarino: calls $0.06
*** RIVER *** [3s Jh Jc 9d] [8d]
Dudu_Cantarino: checks 
StanimirStoilov: bets $0.06
Dudu_Cantarino: folds 
Uncalled bet ($0.06) returned to StanimirStoilov
StanimirStoilov collected $0.38 from pot
*** SUMMARY ***
Total pot $0.39 | Rake $0.01 
Board [3s Jh Jc 9d 8d]
Seat 1: Dudu_Cantarino folded on the River
Seat 2: gangster127 folded before Flop (didn't bet)
Seat 3: StanimirStoilov collected ($0.38)
Seat 4: guime20 (button) folded before Flop (didn't bet)
Seat 5: smurphy123 (small blind) folded on the Turn
Seat 6: fbf58 (big blind) folded before Flop
Seat 7: Dorex2007 folded before Flop (didn't bet)
Seat 8: leeomau5 folded on the Turn
Seat 9: Catonajack folded before Flop (didn't bet)



PokerStars Hand #238215812151:  Hold'em No Limit ($0.01/$0.02 USD) - 2022/08/25 15:00:02 PT [2022/08/25 18:00:02 ET]
Table 'Bolyai' 9-max Seat #5 is the button
Seat 1: Dudu_Cantarino ($4.27 in chips) 
Seat 2: gangster127 ($1.87 in chips) 
Seat 3: StanimirStoilov ($2.75 in chips) 
Seat 4: guime20 ($3.59 in chips) 
Seat 5: smurphy123 ($1.90 in chips) 
Seat 7: Dorex2007 ($2.21 in chips) 
Seat 8: leeomau5 ($1.39 in chips) 
Dorex2007: posts small blind $0.01
leeomau5: posts big blind $0.02
Dudu_Cantarino: posts the ante $0.01
gangster127: posts the ante $0.01
StanimirStoilov: posts the ante $0.01
guime20: posts the ante $0.01
smurphy123: posts the ante $0.01
Dorex2007: posts the ante $0.01
leeomau5: posts the ante $0.01
*** HOLE CARDS ***
Dealt to Dorex2007 [Kh 6h]
Dudu_Cantarino: folds 
gangster127: calls $0.02
StanimirStoilov: calls $0.02
guime20 has timed out
guime20: folds 
smurphy123: calls $0.02
Dorex2007: calls $0.01
leeomau5: checks 
*** FLOP *** [2c Kc 8s]
Dorex2007: checks 
leeomau5 has timed out
leeomau5: checks 
gangster127: checks 
StanimirStoilov: checks 
smurphy123: checks 
*** TURN *** [2c Kc 8s] [Ac]
Dorex2007: checks 
leeomau5 has timed out
leeomau5: checks 
gangster127: bets $0.06
StanimirStoilov: folds 
smurphy123: folds 
Dorex2007: folds 
leeomau5 has timed out
leeomau5: folds 
Uncalled bet ($0.06) returned to gangster127
gangster127 collected $0.16 from pot
gangster127: doesn't show hand 
*** SUMMARY ***
Total pot $0.17 | Rake $0.01 
Board [2c Kc 8s Ac]
Seat 1: Dudu_Cantarino folded before Flop (didn't bet)
Seat 2: gangster127 collected ($0.16)
Seat 3: StanimirStoilov folded on the Turn
Seat 4: guime20 folded before Flop (didn't bet)
Seat 5: smurphy123 (button) folded on the Turn
Seat 7: Dorex2007 (small blind) folded on the Turn
Seat 8: leeomau5 (big blind) folded on the Turn



PokerStars Hand #238215850638:  Hold'em No Limit ($0.01/$0.02 USD) - 2022/08/25 15:02:07 PT [2022/08/25 18:02:07 ET]
Table 'Bolyai' 9-max Seat #7 is the button
Seat 1: Dudu_Cantarino ($4.26 in chips) 
Seat 2: gangster127 ($2 in chips) 
Seat 3: StanimirStoilov ($2.72 in chips) 
Seat 4: guime20 ($3.58 in chips) 
Seat 5: smurphy123 ($1.87 in chips) 
Seat 7: Dorex2007 ($2.18 in chips) 
Seat 9: Catonajack ($1.88 in chips) 
Catonajack: posts small blind $0.01
Dudu_Cantarino: posts big blind $0.02
Dudu_Cantarino: posts the ante $0.01
gangster127: posts the ante $0.01
StanimirStoilov: posts the ante $0.01
guime20: posts the ante $0.01
smurphy123: posts the ante $0.01
Dorex2007: posts the ante $0.01
Catonajack: posts the ante $0.01
*** HOLE CARDS ***
Dealt to Dorex2007 [Qd 3d]
gangster127: folds 
StanimirStoilov: calls $0.02
guime20: raises $0.02 to $0.04
smurphy123: calls $0.04
Dorex2007: folds 
Catonajack: folds 
Dudu_Cantarino: calls $0.02
StanimirStoilov: calls $0.02
*** FLOP *** [9c 6d Js]
Dudu_Cantarino: bets $0.02
StanimirStoilov: calls $0.02
guime20: calls $0.02
smurphy123: folds 
*** TURN *** [9c 6d Js] [5s]
Dudu_Cantarino: bets $0.02
StanimirStoilov: folds 
guime20: calls $0.02
*** RIVER *** [9c 6d Js 5s] [Ks]
Dudu_Cantarino: checks 
guime20: bets $0.25
Dudu_Cantarino: folds 
Uncalled bet ($0.25) returned to guime20
guime20 collected $0.33 from pot
*** SUMMARY ***
Total pot $0.34 | Rake $0.01 
Board [9c 6d Js 5s Ks]
Seat 1: Dudu_Cantarino (big blind) folded on the River
Seat 2: gangster127 folded before Flop (didn't bet)
Seat 3: StanimirStoilov folded on the Turn
Seat 4: guime20 collected ($0.33)
Seat 5: smurphy123 folded on the Flop
Seat 7: Dorex2007 (button) folded before Flop (didn't bet)
Seat 9: Catonajack (small blind) folded before Flop



PokerStars Hand #238215878119:  Hold'em No Limit ($0.01/$0.02 USD) - 2022/08/25 15:03:31 PT [2022/08/25 18:03:31 ET]
Table 'Bolyai' 9-max Seat #9 is the button
Seat 1: Dudu_Cantarino ($4.17 in chips) 
Seat 2: gangster127 ($1.99 in chips) 
Seat 3: StanimirStoilov ($2.65 in chips) 
Seat 4: guime20 ($3.82 in chips) 
Seat 5: smurphy123 ($1.82 in chips) 
Seat 7: Dorex2007 ($2.17 in chips) 
Seat 9: Catonajack ($1.86 in chips) 
Dudu_Cantarino: posts small blind $0.01
gangster127: posts big blind $0.02
Dudu_Cantarino: posts the ante $0.01
gangster127: posts the ante $0.01
StanimirStoilov: posts the ante $0.01
guime20: posts the ante $0.01
smurphy123: posts the ante $0.01
Dorex2007: posts the ante $0.01
Catonajack: posts the ante $0.01
*** HOLE CARDS ***
Dealt to Dorex2007 [6c Ac]
StanimirStoilov: calls $0.02
guime20: folds 
smurphy123: calls $0.02
Dorex2007: folds 
Catonajack: folds 
Dudu_Cantarino: calls $0.01
gangster127: checks 
*** FLOP *** [2c Kc 9d]
Dudu_Cantarino: checks 
gangster127: checks 
StanimirStoilov: checks 
smurphy123: checks 
*** TURN *** [2c Kc 9d] [Qd]
Dudu_Cantarino: bets $0.02
gangster127: calls $0.02
StanimirStoilov: folds 
smurphy123: folds 
*** RIVER *** [2c Kc 9d Qd] [Ah]
Dudu_Cantarino: bets $1.50
gangster127: folds 
Uncalled bet ($1.50) returned to Dudu_Cantarino
Dudu_Cantarino collected $0.18 from pot
Dudu_Cantarino: doesn't show hand 
*** SUMMARY ***
Total pot $0.19 | Rake $0.01 
Board [2c Kc 9d Qd Ah]
Seat 1: Dudu_Cantarino (small blind) collected ($0.18)
Seat 2: gangster127 (big blind) folded on the River
Seat 3: StanimirStoilov folded on the Turn
Seat 4: guime20 folded before Flop (didn't bet)
Seat 5: smurphy123 folded on the Turn
Seat 7: Dorex2007 folded before Flop (didn't bet)
Seat 9: Catonajack (button) folded before Flop (didn't bet)



PokerStars Hand #238215900446:  Hold'em No Limit ($0.01/$0.02 USD) - 2022/08/25 15:04:37 PT [2022/08/25 18:04:37 ET]
Table 'Bolyai' 9-max Seat #1 is the button
Seat 1: Dudu_Cantarino ($4.30 in chips) 
Seat 2: gangster127 ($1.94 in chips) 
Seat 3: StanimirStoilov ($2.62 in chips) 
Seat 4: guime20 ($3.81 in chips) 
Seat 5: smurphy123 ($1.79 in chips) 
Seat 7: Dorex2007 ($2.16 in chips) 
Seat 9: Catonajack ($1.85 in chips) 
gangster127: posts small blind $0.01
StanimirStoilov: posts big blind $0.02
Dudu_Cantarino: posts the ante $0.01
gangster127: posts the ante $0.01
StanimirStoilov: posts the ante $0.01
guime20: posts the ante $0.01
smurphy123: posts the ante $0.01
Dorex2007: posts the ante $0.01
Catonajack: posts the ante $0.01
*** HOLE CARDS ***
Dealt to Dorex2007 [Jh Ks]
guime20: folds 
smurphy123: folds 
Dorex2007: raises $0.04 to $0.06
Catonajack: folds 
Dudu_Cantarino: calls $0.06
gangster127: folds 
StanimirStoilov: calls $0.04
*** FLOP *** [Js 7c 6d]
StanimirStoilov: bets $0.06
Dorex2007: raises $0.37 to $0.43
Dudu_Cantarino: folds 
StanimirStoilov: folds 
Uncalled bet ($0.37) returned to Dorex2007
Dorex2007 collected $0.37 from pot
Dorex2007: doesn't show hand 
*** SUMMARY ***
Total pot $0.38 | Rake $0.01 
Board [Js 7c 6d]
Seat 1: Dudu_Cantarino (button) folded on the Flop
Seat 2: gangster127 (small blind) folded before Flop
Seat 3: StanimirStoilov (big blind) folded on the Flop
Seat 4: guime20 folded before Flop (didn't bet)
Seat 5: smurphy123 folded before Flop (didn't bet)
Seat 7: Dorex2007 collected ($0.37)
Seat 9: Catonajack folded before Flop (didn't bet)



PokerStars Hand #238215913208:  Hold'em No Limit ($0.01/$0.02 USD) - 2022/08/25 15:05:15 PT [2022/08/25 18:05:15 ET]
Table 'Bolyai' 9-max Seat #2 is the button
Seat 1: Dudu_Cantarino ($4.23 in chips) 
Seat 2: gangster127 ($1.92 in chips) 
Seat 3: StanimirStoilov ($2.49 in chips) 
Seat 4: guime20 ($3.80 in chips) 
Seat 5: smurphy123 ($1.78 in chips) 
Seat 7: Dorex2007 ($2.40 in chips) 
Seat 9: Catonajack ($1.84 in chips) 
StanimirStoilov: posts small blind $0.01
guime20: posts big blind $0.02
Dudu_Cantarino: posts the ante $0.01
gangster127: posts the ante $0.01
StanimirStoilov: posts the ante $0.01
guime20: posts the ante $0.01
smurphy123: posts the ante $0.01
Dorex2007: posts the ante $0.01
Catonajack: posts the ante $0.01
*** HOLE CARDS ***
Dealt to Dorex2007 [2h Js]
smurphy123: folds 
Dorex2007: folds 
Catonajack: raises $0.02 to $0.04
Dudu_Cantarino: calls $0.04
gangster127 is disconnected 
gangster127 is connected 
gangster127: calls $0.04
StanimirStoilov: calls $0.03
guime20: folds 
*** FLOP *** [Jc Qd 3d]
StanimirStoilov: bets $0.02
Catonajack: raises $0.14 to $0.16
Dudu_Cantarino: folds 
gangster127: calls $0.16
StanimirStoilov: folds 
*** TURN *** [Jc Qd 3d] [As]
Catonajack: checks 
gangster127: bets $0.28
Catonajack: folds 
Uncalled bet ($0.28) returned to gangster127
gangster127 collected $0.57 from pot
*** SUMMARY ***
Total pot $0.59 | Rake $0.02 
Board [Jc Qd 3d As]
Seat 1: Dudu_Cantarino folded on the Flop
Seat 2: gangster127 (button) collected ($0.57)
Seat 3: StanimirStoilov (small blind) folded on the Flop
Seat 4: guime20 (big blind) folded before Flop
Seat 5: smurphy123 folded before Flop (didn't bet)
Seat 7: Dorex2007 folded before Flop (didn't bet)
Seat 9: Catonajack folded on the Turn



PokerStars Hand #238215937429:  Hold'em No Limit ($0.01/$0.02 USD) - 2022/08/25 15:06:27 PT [2022/08/25 18:06:27 ET]
Table 'Bolyai' 9-max Seat #3 is the button
Seat 1: Dudu_Cantarino ($4.18 in chips) 
Seat 2: gangster127 ($2.28 in chips) 
Seat 3: StanimirStoilov ($2.42 in chips) 
Seat 4: guime20 ($3.77 in chips) 
Seat 5: smurphy123 ($1.77 in chips) 
Seat 7: Dorex2007 ($2.39 in chips) 
Seat 9: Catonajack ($1.63 in chips) 
guime20: posts small blind $0.01
smurphy123: posts big blind $0.02
Dudu_Cantarino: posts the ante $0.01
gangster127: posts the ante $0.01
StanimirStoilov: posts the ante $0.01
guime20: posts the ante $0.01
smurphy123: posts the ante $0.01
Dorex2007: posts the ante $0.01
Catonajack: posts the ante $0.01
*** HOLE CARDS ***
Dealt to Dorex2007 [Ad 2c]
Dorex2007: folds 
Catonajack: folds 
Dudu_Cantarino: calls $0.02
gangster127: folds 
StanimirStoilov: calls $0.02
guime20: calls $0.01
smurphy123: raises $0.08 to $0.10
Dudu_Cantarino: calls $0.08
StanimirStoilov: folds 
guime20: folds 
*** FLOP *** [Qd Jd 2s]
smurphy123: bets $0.09
Dudu_Cantarino: calls $0.09
*** TURN *** [Qd Jd 2s] [Qs]
smurphy123: checks 
Dudu_Cantarino: checks 
*** RIVER *** [Qd Jd 2s Qs] [Kh]
smurphy123: checks 
Dudu_Cantarino: checks 
*** SHOW DOWN ***
smurphy123: shows [As 8s] (a pair of Queens)
Dudu_Cantarino: mucks hand 
smurphy123 collected $0.47 from pot
*** SUMMARY ***
Total pot $0.49 | Rake $0.02 
Board [Qd Jd 2s Qs Kh]
Seat 1: Dudu_Cantarino mucked [8d 9d]
Seat 2: gangster127 folded before Flop (didn't bet)
Seat 3: StanimirStoilov (button) folded before Flop
Seat 4: guime20 (small blind) folded before Flop
Seat 5: smurphy123 (big blind) showed [As 8s] and won ($0.47) with a pair of Queens
Seat 7: Dorex2007 folded before Flop (didn't bet)
Seat 9: Catonajack folded before Flop (didn't bet)



PokerStars Hand #238215951754:  Hold'em No Limit ($0.01/$0.02 USD) - 2022/08/25 15:07:10 PT [2022/08/25 18:07:10 ET]
Table 'Bolyai' 9-max Seat #4 is the button
Seat 1: Dudu_Cantarino ($3.98 in chips) 
Seat 2: gangster127 ($2.27 in chips) 
Seat 3: StanimirStoilov ($2.39 in chips) 
Seat 4: guime20 ($3.74 in chips) 
Seat 5: smurphy123 ($2.04 in chips) 
Seat 7: Dorex2007 ($2.38 in chips) 
Seat 9: Catonajack ($1.62 in chips) 
smurphy123: posts small blind $0.01
Dorex2007: posts big blind $0.02
Dudu_Cantarino: posts the ante $0.01
gangster127: posts the ante $0.01
StanimirStoilov: posts the ante $0.01
guime20: posts the ante $0.01
smurphy123: posts the ante $0.01
Dorex2007: posts the ante $0.01
Catonajack: posts the ante $0.01
*** HOLE CARDS ***
Dealt to Dorex2007 [6s Kh]
Catonajack: folds 
Dudu_Cantarino: calls $0.02
gangster127: folds 
StanimirStoilov: calls $0.02
guime20: folds 
smurphy123: folds 
Dorex2007: checks 
*** FLOP *** [7h Ah 4d]
Dorex2007: checks 
Dudu_Cantarino: checks 
StanimirStoilov: bets $0.06
Dorex2007: folds 
Dudu_Cantarino: folds 
Uncalled bet ($0.06) returned to StanimirStoilov
StanimirStoilov collected $0.14 from pot
*** SUMMARY ***
Total pot $0.14 | Rake $0 
Board [7h Ah 4d]
Seat 1: Dudu_Cantarino folded on the Flop
Seat 2: gangster127 folded before Flop (didn't bet)
Seat 3: StanimirStoilov collected ($0.14)
Seat 4: guime20 (button) folded before Flop (didn't bet)
Seat 5: smurphy123 (small blind) folded before Flop
Seat 7: Dorex2007 (big blind) folded on the Flop
Seat 9: Catonajack folded before Flop (didn't bet)



PokerStars Hand #238215967546:  Hold'em No Limit ($0.01/$0.02 USD) - 2022/08/25 15:07:57 PT [2022/08/25 18:07:57 ET]
Table 'Bolyai' 9-max Seat #5 is the button
Seat 1: Dudu_Cantarino ($3.95 in chips) 
Seat 2: gangster127 ($2.26 in chips) 
Seat 3: StanimirStoilov ($2.50 in chips) 
Seat 4: guime20 ($3.73 in chips) 
Seat 5: smurphy123 ($2.02 in chips) 
Seat 7: Dorex2007 ($2.35 in chips) 
Seat 9: Catonajack ($1.61 in chips) 
Dorex2007: posts small blind $0.01
Catonajack: posts big blind $0.02
Dudu_Cantarino: posts the ante $0.01
gangster127: posts the ante $0.01
StanimirStoilov: posts the ante $0.01
guime20: posts the ante $0.01
smurphy123: posts the ante $0.01
Dorex2007: posts the ante $0.01
Catonajack: posts the ante $0.01
*** HOLE CARDS ***
Dealt to Dorex2007 [4c Ts]
Dudu_Cantarino: calls $0.02
gangster127: folds 
StanimirStoilov: calls $0.02
guime20: calls $0.02
smurphy123: folds 
Dorex2007: folds 
Catonajack: checks 
*** FLOP *** [Th Jh 5s]
Catonajack: checks 
Dudu_Cantarino: checks 
StanimirStoilov: checks 
guime20: bets $0.07
Catonajack: folds 
Dudu_Cantarino: folds 
StanimirStoilov: folds 
Uncalled bet ($0.07) returned to guime20
guime20 collected $0.15 from pot
*** SUMMARY ***
Total pot $0.16 | Rake $0.01 
Board [Th Jh 5s]
Seat 1: Dudu_Cantarino folded on the Flop
Seat 2: gangster127 folded before Flop (didn't bet)
Seat 3: StanimirStoilov folded on the Flop
Seat 4: guime20 collected ($0.15)
Seat 5: smurphy123 (button) folded before Flop (didn't bet)
Seat 7: Dorex2007 (small blind) folded before Flop
Seat 9: Catonajack (big blind) folded on the Flop



PokerStars Hand #238215979882:  Hold'em No Limit ($0.01/$0.02 USD) - 2022/08/25 15:08:34 PT [2022/08/25 18:08:34 ET]
Table 'Bolyai' 9-max Seat #7 is the button
Seat 1: Dudu_Cantarino ($3.92 in chips) 
Seat 2: gangster127 ($2.25 in chips) 
Seat 3: StanimirStoilov ($2.47 in chips) 
Seat 4: guime20 ($3.85 in chips) 
Seat 5: smurphy123 ($2.01 in chips) 
Seat 7: Dorex2007 ($2.33 in chips) 
Seat 9: Catonajack ($1.58 in chips) 
Catonajack: posts small blind $0.01
Dudu_Cantarino: posts big blind $0.02
Dudu_Cantarino: posts the ante $0.01
gangster127: posts the ante $0.01
StanimirStoilov: posts the ante $0.01
guime20: posts the ante $0.01
smurphy123: posts the ante $0.01
Dorex2007: posts the ante $0.01
Catonajack: posts the ante $0.01
*** HOLE CARDS ***
Dealt to Dorex2007 [Qc 4d]
gangster127: folds 
StanimirStoilov: calls $0.02
guime20: folds 
smurphy123: calls $0.02
Dorex2007: folds 
Catonajack: calls $0.01
Dudu_Cantarino: checks 
*** FLOP *** [8d 6d 6c]
Catonajack: checks 
Dudu_Cantarino: checks 
StanimirStoilov: checks 
smurphy123: checks 
*** TURN *** [8d 6d 6c] [Jd]
Catonajack: checks 
Dudu_Cantarino: bets $0.04
StanimirStoilov: folds 
smurphy123: calls $0.04
Catonajack: folds 
*** RIVER *** [8d 6d 6c Jd] [Kh]
Dudu_Cantarino: bets $0.90
smurphy123: folds 
Uncalled bet ($0.90) returned to Dudu_Cantarino
Dudu_Cantarino collected $0.22 from pot
Dudu_Cantarino: doesn't show hand 
*** SUMMARY ***
Total pot $0.23 | Rake $0.01 
Board [8d 6d 6c Jd Kh]
Seat 1: Dudu_Cantarino (big blind) collected ($0.22)
Seat 2: gangster127 folded before Flop (didn't bet)
Seat 3: StanimirStoilov folded on the Turn
Seat 4: guime20 folded before Flop (didn't bet)
Seat 5: smurphy123 folded on the River
Seat 7: Dorex2007 (button) folded before Flop (didn't bet)
Seat 9: Catonajack (small blind) folded on the Turn



PokerStars Hand #238216001100:  Hold'em No Limit ($0.01/$0.02 USD) - 2022/08/25 15:09:38 PT [2022/08/25 18:09:38 ET]
Table 'Bolyai' 9-max Seat #9 is the button
Seat 1: Dudu_Cantarino ($4.07 in chips) 
Seat 2: gangster127 ($2.24 in chips) 
Seat 3: StanimirStoilov ($2.44 in chips) 
Seat 4: guime20 ($3.84 in chips) 
Seat 5: smurphy123 ($1.94 in chips) 
Seat 7: Dorex2007 ($2.32 in chips) 
Seat 9: Catonajack ($1.55 in chips) 
Dudu_Cantarino: posts small blind $0.01
gangster127: posts big blind $0.02
Dudu_Cantarino: posts the ante $0.01
gangster127: posts the ante $0.01
StanimirStoilov: posts the ante $0.01
guime20: posts the ante $0.01
smurphy123: posts the ante $0.01
Dorex2007: posts the ante $0.01
Catonajack: posts the ante $0.01
*** HOLE CARDS ***
Dealt to Dorex2007 [9d Td]
StanimirStoilov: folds 
guime20: folds 
smurphy123: raises $0.04 to $0.06
Dorex2007: folds 
Catonajack: folds 
Dudu_Cantarino: calls $0.05
gangster127: folds 
*** FLOP *** [4c 3c Qd]
Dudu_Cantarino: bets $0.02
smurphy123: raises $0.06 to $0.08
Dudu_Cantarino: calls $0.06
*** TURN *** [4c 3c Qd] [Kc]
Dudu_Cantarino: checks 
smurphy123: bets $0.12
Dudu_Cantarino: calls $0.12
*** RIVER *** [4c 3c Qd Kc] [5s]
Dudu_Cantarino: checks 
smurphy123: checks 
*** SHOW DOWN ***
Dudu_Cantarino: shows [4s 4d] (three of a kind, Fours)
smurphy123: mucks hand 
Dudu_Cantarino collected $0.59 from pot
*** SUMMARY ***
Total pot $0.61 | Rake $0.02 
Board [4c 3c Qd Kc 5s]
Seat 1: Dudu_Cantarino (small blind) showed [4s 4d] and won ($0.59) with three of a kind, Fours
Seat 2: gangster127 (big blind) folded before Flop
Seat 3: StanimirStoilov folded before Flop (didn't bet)
Seat 4: guime20 folded before Flop (didn't bet)
Seat 5: smurphy123 mucked [Js Jc]
Seat 7: Dorex2007 folded before Flop (didn't bet)
Seat 9: Catonajack (button) folded before Flop (didn't bet)



PokerStars Hand #238216015025:  Hold'em No Limit ($0.01/$0.02 USD) - 2022/08/25 15:10:19 PT [2022/08/25 18:10:19 ET]
Table 'Bolyai' 9-max Seat #1 is the button
Seat 1: Dudu_Cantarino ($4.39 in chips) 
Seat 2: gangster127 ($2.21 in chips) 
Seat 3: StanimirStoilov ($2.43 in chips) 
Seat 4: guime20 ($3.83 in chips) 
Seat 5: smurphy123 ($1.67 in chips) 
Seat 7: Dorex2007 ($2.31 in chips) 
Seat 9: Catonajack ($1.54 in chips) 
gangster127: posts small blind $0.01
StanimirStoilov: posts big blind $0.02
Dudu_Cantarino: posts the ante $0.01
gangster127: posts the ante $0.01
StanimirStoilov: posts the ante $0.01
guime20: posts the ante $0.01
smurphy123: posts the ante $0.01
Dorex2007: posts the ante $0.01
Catonajack: posts the ante $0.01
*** HOLE CARDS ***
Dealt to Dorex2007 [Kh Jh]
guime20: folds 
smurphy123: folds 
Dorex2007: raises $0.04 to $0.06
Catonajack: folds 
Dudu_Cantarino: folds 
gangster127: calls $0.05
StanimirStoilov: folds 
*** FLOP *** [6s Jd 7s]
gangster127: checks 
Dorex2007: bets $0.20
gangster127: folds 
Uncalled bet ($0.20) returned to Dorex2007
Dorex2007 collected $0.20 from pot
Dorex2007: doesn't show hand 
*** SUMMARY ***
Total pot $0.21 | Rake $0.01 
Board [6s Jd 7s]
Seat 1: Dudu_Cantarino (button) folded before Flop (didn't bet)
Seat 2: gangster127 (small blind) folded on the Flop
Seat 3: StanimirStoilov (big blind) folded before Flop
Seat 4: guime20 folded before Flop (didn't bet)
Seat 5: smurphy123 folded before Flop (didn't bet)
Seat 7: Dorex2007 collected ($0.20)
Seat 9: Catonajack folded before Flop (didn't bet)



PokerStars Hand #238216026614:  Hold'em No Limit ($0.01/$0.02 USD) - 2022/08/25 15:10:54 PT [2022/08/25 18:10:54 ET]
Table 'Bolyai' 9-max Seat #2 is the button
Seat 1: Dudu_Cantarino ($4.38 in chips) 
Seat 2: gangster127 ($2.14 in chips) 
Seat 3: StanimirStoilov ($2.40 in chips) 
Seat 4: guime20 ($3.82 in chips) 
Seat 5: smurphy123 ($1.66 in chips) 
Seat 7: Dorex2007 ($2.44 in chips) 
Seat 9: Catonajack ($1.53 in chips) 
StanimirStoilov: posts small blind $0.01
guime20: posts big blind $0.02
Dudu_Cantarino: posts the ante $0.01
gangster127: posts the ante $0.01
StanimirStoilov: posts the ante $0.01
guime20: posts the ante $0.01
smurphy123: posts the ante $0.01
Dorex2007: posts the ante $0.01
Catonajack: posts the ante $0.01
*** HOLE CARDS ***
Dealt to Dorex2007 [2s 8c]
smurphy123: folds 
Dorex2007: folds 
Catonajack: raises $0.02 to $0.04
Matcelegatto joins the table at seat #6 
Dudu_Cantarino: raises $0.02 to $0.06
gangster127: folds 
StanimirStoilov: calls $0.05
guime20: calls $0.04
Catonajack: calls $0.02
*** FLOP *** [2d 6h 2h]
StanimirStoilov: bets $0.06
guime20: calls $0.06
Catonajack: calls $0.06
Dudu_Cantarino: calls $0.06
*** TURN *** [2d 6h 2h] [8h]
StanimirStoilov: checks 
guime20: checks 
Catonajack: checks 
Dudu_Cantarino: checks 
*** RIVER *** [2d 6h 2h 8h] [3c]
StanimirStoilov: checks 
guime20: checks 
Catonajack: bets $0.26
Dudu_Cantarino: raises $1.05 to $1.31
StanimirStoilov: folds 
guime20: folds 
Catonajack: folds 
Uncalled bet ($1.05) returned to Dudu_Cantarino
Dudu_Cantarino collected $1.03 from pot
Dudu_Cantarino: doesn't show hand 
*** SUMMARY ***
Total pot $1.07 | Rake $0.04 
Board [2d 6h 2h 8h 3c]
Seat 1: Dudu_Cantarino collected ($1.03)
Seat 2: gangster127 (button) folded before Flop (didn't bet)
Seat 3: StanimirStoilov (small blind) folded on the River
Seat 4: guime20 (big blind) folded on the River
Seat 5: smurphy123 folded before Flop (didn't bet)
Seat 7: Dorex2007 folded before Flop (didn't bet)
Seat 9: Catonajack folded on the River



PokerStars Hand #238216056936:  Hold'em No Limit ($0.01/$0.02 USD) - 2022/08/25 15:12:25 PT [2022/08/25 18:12:25 ET]
Table 'Bolyai' 9-max Seat #3 is the button
Seat 1: Dudu_Cantarino ($5.02 in chips) 
Seat 2: gangster127 ($2.13 in chips) 
Seat 3: StanimirStoilov ($2.27 in chips) 
Seat 4: guime20 ($3.69 in chips) 
Seat 5: smurphy123 ($1.65 in chips) 
Seat 7: Dorex2007 ($2.43 in chips) 
Seat 9: Catonajack ($1.14 in chips) 
guime20: posts small blind $0.01
smurphy123: posts big blind $0.02
Matcelegatto: sits out 
Dudu_Cantarino: posts the ante $0.01
gangster127: posts the ante $0.01
StanimirStoilov: posts the ante $0.01
guime20: posts the ante $0.01
smurphy123: posts the ante $0.01
Dorex2007: posts the ante $0.01
Catonajack: posts the ante $0.01
*** HOLE CARDS ***
Dealt to Dorex2007 [4c 6c]
Dorex2007: folds 
Catonajack: folds 
Dudu_Cantarino: calls $0.02
gangster127 has timed out
gangster127: folds 
StanimirStoilov: folds 
guime20: calls $0.01
smurphy123: checks 
*** FLOP *** [4h 4s 7d]
guime20: checks 
smurphy123: checks 
Dudu_Cantarino: bets $0.02
guime20: calls $0.02
smurphy123: calls $0.02
*** TURN *** [4h 4s 7d] [6s]
guime20: checks 
smurphy123: bets $0.11
gangster127 is disconnected 
Dudu_Cantarino: calls $0.11
guime20: calls $0.11
*** RIVER *** [4h 4s 7d 6s] [5s]
guime20: checks 
smurphy123: checks 
Dudu_Cantarino: bets $0.25
guime20: folds 
smurphy123: folds 
Uncalled bet ($0.25) returned to Dudu_Cantarino
Dudu_Cantarino collected $0.50 from pot
Dudu_Cantarino: doesn't show hand 
*** SUMMARY ***
Total pot $0.52 | Rake $0.02 
Board [4h 4s 7d 6s 5s]
Seat 1: Dudu_Cantarino collected ($0.50)
Seat 2: gangster127 folded before Flop (didn't bet)
Seat 3: StanimirStoilov (button) folded before Flop (didn't bet)
Seat 4: guime20 (small blind) folded on the River
Seat 5: smurphy123 (big blind) folded on the River
Seat 7: Dorex2007 folded before Flop (didn't bet)
Seat 9: Catonajack folded before Flop (didn't bet)



PokerStars Hand #238216096658:  Hold'em No Limit ($0.01/$0.02 USD) - 2022/08/25 15:14:26 PT [2022/08/25 18:14:26 ET]
Table 'Bolyai' 9-max Seat #4 is the button
Seat 1: Dudu_Cantarino ($5.36 in chips) 
Seat 3: StanimirStoilov ($2.26 in chips) 
Seat 4: guime20 ($3.53 in chips) 
Seat 5: smurphy123 ($1.49 in chips) 
Seat 6: Matcelegatto ($2 in chips) 
Seat 7: Dorex2007 ($2.42 in chips) 
Seat 8: leeomau5 ($1.36 in chips) 
Seat 9: Catonajack ($1.13 in chips) 
smurphy123: posts small blind $0.01
Matcelegatto: posts big blind $0.02
leeomau5: posts small & big blinds $0.03
Dudu_Cantarino: posts the ante $0.01
StanimirStoilov: posts the ante $0.01
guime20: posts the ante $0.01
smurphy123: posts the ante $0.01
Matcelegatto: posts the ante $0.01
Dorex2007: posts the ante $0.01
leeomau5: posts the ante $0.01
Catonajack: posts the ante $0.01
*** HOLE CARDS ***
Dealt to Dorex2007 [4d Th]
Dorex2007: folds 
leeomau5: checks 
Catonajack: folds 
Dudu_Cantarino: folds 
StanimirStoilov: calls $0.02
guime20: folds 
smurphy123: calls $0.01
Matcelegatto: checks 
*** FLOP *** [Td 6h 2s]
smurphy123: checks 
Matcelegatto: bets $0.12
leeomau5: folds 
StanimirStoilov: folds 
smurphy123: folds 
Uncalled bet ($0.12) returned to Matcelegatto
Matcelegatto collected $0.16 from pot
Matcelegatto: doesn't show hand 
*** SUMMARY ***
Total pot $0.17 | Rake $0.01 
Board [Td 6h 2s]
Seat 1: Dudu_Cantarino folded before Flop (didn't bet)
Seat 3: StanimirStoilov folded on the Flop
Seat 4: guime20 (button) folded before Flop (didn't bet)
Seat 5: smurphy123 (small blind) folded on the Flop
Seat 6: Matcelegatto (big blind) collected ($0.16)
Seat 7: Dorex2007 folded before Flop (didn't bet)
Seat 8: leeomau5 folded on the Flop (didn't bet)
Seat 9: Catonajack folded before Flop (didn't bet)



PokerStars Hand #238216110715:  Hold'em No Limit ($0.01/$0.02 USD) - 2022/08/25 15:15:08 PT [2022/08/25 18:15:08 ET]
Table 'Bolyai' 9-max Seat #5 is the button
Seat 3: StanimirStoilov ($2.23 in chips) 
Seat 4: guime20 ($3.52 in chips) 
Seat 5: smurphy123 ($1.46 in chips) 
Seat 6: Matcelegatto ($2.13 in chips) 
Seat 7: Dorex2007 ($2.41 in chips) 
Seat 8: leeomau5 ($1.32 in chips) 
Seat 9: Catonajack ($1.12 in chips) 
Matcelegatto: posts small blind $0.01
Dorex2007: posts big blind $0.02
StanimirStoilov: posts the ante $0.01
guime20: posts the ante $0.01
smurphy123: posts the ante $0.01
Matcelegatto: posts the ante $0.01
Dorex2007: posts the ante $0.01
leeomau5: posts the ante $0.01
Catonajack: posts the ante $0.01
*** HOLE CARDS ***
Dealt to Dorex2007 [7d Kh]
leeomau5: folds 
Catonajack: folds 
StanimirStoilov: calls $0.02
guime20: folds 
smurphy123: folds 
Matcelegatto: folds 
Dorex2007: checks 
*** FLOP *** [Tc Kc 9d]
Dorex2007: bets $0.08
StanimirStoilov: calls $0.08
*** TURN *** [Tc Kc 9d] [8s]
Dorex2007: checks 
StanimirStoilov: bets $0.08
Dorex2007: calls $0.08
*** RIVER *** [Tc Kc 9d 8s] [9c]
Dorex2007: bets $0.28
StanimirStoilov: raises $0.28 to $0.56
Matcelegatto leaves the table
Dorex2007: folds 
Uncalled bet ($0.28) returned to StanimirStoilov
StanimirStoilov collected $0.96 from pot
*** SUMMARY ***
Total pot $1 | Rake $0.04 
Board [Tc Kc 9d 8s 9c]
Seat 3: StanimirStoilov collected ($0.96)
Seat 4: guime20 folded before Flop (didn't bet)
Seat 5: smurphy123 (button) folded before Flop (didn't bet)
Seat 6: Matcelegatto (small blind) folded before Flop
Seat 7: Dorex2007 (big blind) folded on the River
Seat 8: leeomau5 folded before Flop (didn't bet)
Seat 9: Catonajack folded before Flop (didn't bet)



PokerStars Hand #238216129979:  Hold'em No Limit ($0.01/$0.02 USD) - 2022/08/25 15:16:07 PT [2022/08/25 18:16:07 ET]
Table 'Bolyai' 9-max Seat #7 is the button
Seat 2: gangster127 ($2.12 in chips) 
Seat 3: StanimirStoilov ($2.72 in chips) 
Seat 4: guime20 ($3.51 in chips) 
Seat 5: smurphy123 ($1.45 in chips) 
Seat 7: Dorex2007 ($1.94 in chips) 
Seat 8: leeomau5 ($1.31 in chips) 
Seat 9: Catonajack ($1.11 in chips) 
leeomau5: posts small blind $0.01
Catonajack: posts big blind $0.02
gangster127: posts the ante $0.01
StanimirStoilov: posts the ante $0.01
guime20: posts the ante $0.01
smurphy123: posts the ante $0.01
Dorex2007: posts the ante $0.01
leeomau5: posts the ante $0.01
Catonajack: posts the ante $0.01
*** HOLE CARDS ***
Dealt to Dorex2007 [Jd 6s]
gangster127: folds 
StanimirStoilov: calls $0.02
guime20: folds 
smurphy123: folds 
Dorex2007: folds 
leeomau5: calls $0.01
Catonajack: raises $0.02 to $0.04
StanimirStoilov: calls $0.02
leeomau5: calls $0.02
*** FLOP *** [Jh 5d 9d]
leeomau5: checks 
Catonajack: bets $0.09
StanimirStoilov: calls $0.09
leeomau5: calls $0.09
*** TURN *** [Jh 5d 9d] [Kc]
leeomau5: checks 
Catonajack: bets $0.22
StanimirStoilov: folds 
leeomau5: calls $0.22
*** RIVER *** [Jh 5d 9d Kc] [8s]
leeomau5: checks 
Catonajack: checks 
*** SHOW DOWN ***
leeomau5: shows [Ks 9s] (two pair, Kings and Nines)
Catonajack: mucks hand 
leeomau5 collected $0.87 from pot
*** SUMMARY ***
Total pot $0.90 | Rake $0.03 
Board [Jh 5d 9d Kc 8s]
Seat 2: gangster127 folded before Flop (didn't bet)
Seat 3: StanimirStoilov folded on the Turn
Seat 4: guime20 folded before Flop (didn't bet)
Seat 5: smurphy123 folded before Flop (didn't bet)
Seat 7: Dorex2007 (button) folded before Flop (didn't bet)
Seat 8: leeomau5 (small blind) showed [Ks 9s] and won ($0.87) with two pair, Kings and Nines
Seat 9: Catonajack (big blind) mucked [Qs Kh]



PokerStars Hand #238216164243:  Hold'em No Limit ($0.01/$0.02 USD) - 2022/08/25 15:17:52 PT [2022/08/25 18:17:52 ET]
Table 'Bolyai' 9-max Seat #8 is the button
Seat 1: Dudu_Cantarino ($5.35 in chips) 
Seat 2: gangster127 ($2.11 in chips) 
Seat 3: StanimirStoilov ($2.58 in chips) 
Seat 4: guime20 ($3.50 in chips) 
Seat 5: smurphy123 ($1.44 in chips) 
Seat 7: Dorex2007 ($1.93 in chips) 
Seat 8: leeomau5 ($1.82 in chips) 
Seat 9: Catonajack ($0.75 in chips) 
Catonajack: posts small blind $0.01
Dudu_Cantarino: posts big blind $0.02
Dudu_Cantarino: posts the ante $0.01
gangster127: posts the ante $0.01
StanimirStoilov: posts the ante $0.01
guime20: posts the ante $0.01
smurphy123: posts the ante $0.01
Dorex2007: posts the ante $0.01
leeomau5: posts the ante $0.01
Catonajack: posts the ante $0.01
*** HOLE CARDS ***
Dealt to Dorex2007 [7h Ts]
gangster127: folds 
StanimirStoilov: folds 
guime20: folds 
smurphy123: raises $0.06 to $0.08
Dorex2007: folds 
leeomau5: calls $0.08
Catonajack: folds 
Dudu_Cantarino: folds 
*** FLOP *** [3h 8d 9c]
smurphy123: bets $0.16
leeomau5: calls $0.16
*** TURN *** [3h 8d 9c] [4s]
smurphy123: bets $0.34
leeomau5: calls $0.34
*** RIVER *** [3h 8d 9c 4s] [5d]
smurphy123: checks 
leeomau5: bets $1.23 and is all-in
smurphy123: folds 
Uncalled bet ($1.23) returned to leeomau5
leeomau5 collected $1.23 from pot
*** SUMMARY ***
Total pot $1.27 | Rake $0.04 
Board [3h 8d 9c 4s 5d]
Seat 1: Dudu_Cantarino (big blind) folded before Flop
Seat 2: gangster127 folded before Flop (didn't bet)
Seat 3: StanimirStoilov folded before Flop (didn't bet)
Seat 4: guime20 folded before Flop (didn't bet)
Seat 5: smurphy123 folded on the River
Seat 7: Dorex2007 folded before Flop (didn't bet)
Seat 8: leeomau5 (button) collected ($1.23)
Seat 9: Catonajack (small blind) folded before Flop



PokerStars Hand #238216188023:  Hold'em No Limit ($0.01/$0.02 USD) - 2022/08/25 15:19:04 PT [2022/08/25 18:19:04 ET]
Table 'Bolyai' 9-max Seat #9 is the button
Seat 1: Dudu_Cantarino ($5.32 in chips) 
Seat 2: gangster127 ($2.10 in chips) 
Seat 3: StanimirStoilov ($2.57 in chips) 
Seat 4: guime20 ($3.49 in chips) 
Seat 5: smurphy123 ($1.41 in chips) 
Seat 7: Dorex2007 ($1.92 in chips) 
Seat 8: leeomau5 ($2.46 in chips) 
Seat 9: Catonajack ($0.73 in chips) 
Dudu_Cantarino: posts small blind $0.01
gangster127: posts big blind $0.02
Dudu_Cantarino: posts the ante $0.01
gangster127: posts the ante $0.01
StanimirStoilov: posts the ante $0.01
guime20: posts the ante $0.01
smurphy123: posts the ante $0.01
Dorex2007: posts the ante $0.01
leeomau5: posts the ante $0.01
Catonajack: posts the ante $0.01
*** HOLE CARDS ***
Dealt to Dorex2007 [8s 9s]
StanimirStoilov: folds 
guime20: folds 
smurphy123: folds 
Dorex2007: raises $0.02 to $0.04
leeomau5: calls $0.04
Catonajack: calls $0.04
Dudu_Cantarino: calls $0.03
gangster127: calls $0.02
*** FLOP *** [Ad 2d 7s]
Dudu_Cantarino: checks 
gangster127: checks 
Dorex2007: checks 
leeomau5: checks 
Catonajack: checks 
*** TURN *** [Ad 2d 7s] [6s]
Dudu_Cantarino: bets $0.02
gangster127: calls $0.02
Dorex2007: raises $0.20 to $0.22
leeomau5: folds 
Catonajack: folds 
Dudu_Cantarino: folds 
gangster127: folds 
Uncalled bet ($0.20) returned to Dorex2007
Dorex2007 collected $0.33 from pot
Dorex2007: doesn't show hand 
*** SUMMARY ***
Total pot $0.34 | Rake $0.01 
Board [Ad 2d 7s 6s]
Seat 1: Dudu_Cantarino (small blind) folded on the Turn
Seat 2: gangster127 (big blind) folded on the Turn
Seat 3: StanimirStoilov folded before Flop (didn't bet)
Seat 4: guime20 folded before Flop (didn't bet)
Seat 5: smurphy123 folded before Flop (didn't bet)
Seat 7: Dorex2007 collected ($0.33)
Seat 8: leeomau5 folded on the Turn
Seat 9: Catonajack (button) folded on the Turn



PokerStars Hand #238216212212:  Hold'em No Limit ($0.01/$0.02 USD) - 2022/08/25 15:20:19 PT [2022/08/25 18:20:19 ET]
Table 'Bolyai' 9-max Seat #1 is the button
Seat 1: Dudu_Cantarino ($5.25 in chips) 
Seat 2: gangster127 ($2.03 in chips) 
Seat 3: StanimirStoilov ($2.56 in chips) 
Seat 4: guime20 ($3.48 in chips) 
Seat 5: smurphy123 ($1.99 in chips) 
Seat 7: Dorex2007 ($2.18 in chips) 
Seat 8: leeomau5 ($2.41 in chips) 
Seat 9: Catonajack ($0.68 in chips) 
gangster127: posts small blind $0.01
StanimirStoilov: posts big blind $0.02
Dudu_Cantarino: posts the ante $0.01
gangster127: posts the ante $0.01
StanimirStoilov: posts the ante $0.01
guime20: posts the ante $0.01
smurphy123: posts the ante $0.01
Dorex2007: posts the ante $0.01
leeomau5: posts the ante $0.01
Catonajack: posts the ante $0.01
*** HOLE CARDS ***
Dealt to Dorex2007 [9s 2s]
guime20: raises $0.04 to $0.06
smurphy123: folds 
Dorex2007: folds 
leeomau5: calls $0.06
Catonajack: folds 
Dudu_Cantarino: calls $0.06
gangster127: folds 
StanimirStoilov: folds 
*** FLOP *** [8d 4s 7c]
guime20: bets $0.08
leeomau5: calls $0.08
Dudu_Cantarino: folds 
*** TURN *** [8d 4s 7c] [3h]
guime20: bets $0.32
leeomau5 has timed out
leeomau5: folds 
Uncalled bet ($0.32) returned to guime20
guime20 collected $0.43 from pot
*** SUMMARY ***
Total pot $0.45 | Rake $0.02 
Board [8d 4s 7c 3h]
Seat 1: Dudu_Cantarino (button) folded on the Flop
Seat 2: gangster127 (small blind) folded before Flop
Seat 3: StanimirStoilov (big blind) folded before Flop
Seat 4: guime20 collected ($0.43)
Seat 5: smurphy123 folded before Flop (didn't bet)
Seat 7: Dorex2007 folded before Flop (didn't bet)
Seat 8: leeomau5 folded on the Turn
Seat 9: Catonajack folded before Flop (didn't bet)



PokerStars Hand #238216236553:  Hold'em No Limit ($0.01/$0.02 USD) - 2022/08/25 15:21:35 PT [2022/08/25 18:21:35 ET]
Table 'Bolyai' 9-max Seat #2 is the button
Seat 1: Dudu_Cantarino ($5.18 in chips) 
Seat 2: gangster127 ($2.01 in chips) 
Seat 3: StanimirStoilov ($2.53 in chips) 
Seat 4: guime20 ($3.76 in chips) 
Seat 5: smurphy123 ($1.98 in chips) 
Seat 7: Dorex2007 ($2.17 in chips) 
Seat 8: leeomau5 ($2.26 in chips) 
Seat 9: Catonajack ($0.67 in chips) 
StanimirStoilov: posts small blind $0.01
guime20: posts big blind $0.02
Dudu_Cantarino: posts the ante $0.01
gangster127: posts the ante $0.01
StanimirStoilov: posts the ante $0.01
guime20: posts the ante $0.01
smurphy123: posts the ante $0.01
Dorex2007: posts the ante $0.01
leeomau5: posts the ante $0.01
Catonajack: posts the ante $0.01
*** HOLE CARDS ***
Dealt to Dorex2007 [As 3c]
smurphy123: folds 
Dorex2007: folds 
leeomau5: folds 
Catonajack: raises $0.02 to $0.04
Dudu_Cantarino: folds 
Dudu_Cantarino leaves the table
gangster127: folds 
StanimirStoilov: folds 
guime20: folds 
Uncalled bet ($0.02) returned to Catonajack
Catonajack collected $0.13 from pot
Catonajack: doesn't show hand 
*** SUMMARY ***
Total pot $0.13 | Rake $0 
Seat 1: Dudu_Cantarino folded before Flop (didn't bet)
Seat 2: gangster127 (button) folded before Flop (didn't bet)
Seat 3: StanimirStoilov (small blind) folded before Flop
Seat 4: guime20 (big blind) folded before Flop
Seat 5: smurphy123 folded before Flop (didn't bet)
Seat 7: Dorex2007 folded before Flop (didn't bet)
Seat 8: leeomau5 folded before Flop (didn't bet)
Seat 9: Catonajack collected ($0.13)



PokerStars Hand #238216243916:  Hold'em No Limit ($0.01/$0.02 USD) - 2022/08/25 15:21:58 PT [2022/08/25 18:21:58 ET]
Table 'Bolyai' 9-max Seat #3 is the button
Seat 2: gangster127 ($2 in chips) 
Seat 3: StanimirStoilov ($2.51 in chips) 
Seat 4: guime20 ($3.73 in chips) 
Seat 5: smurphy123 ($1.97 in chips) 
Seat 7: Dorex2007 ($2.16 in chips) 
Seat 8: leeomau5 ($2.25 in chips) 
Seat 9: Catonajack ($0.77 in chips) 
guime20: posts small blind $0.01
smurphy123: posts big blind $0.02
gangster127: posts the ante $0.01
StanimirStoilov: posts the ante $0.01
guime20: posts the ante $0.01
smurphy123: posts the ante $0.01
Dorex2007: posts the ante $0.01
leeomau5: posts the ante $0.01
Catonajack: posts the ante $0.01
*** HOLE CARDS ***
Dealt to Dorex2007 [Kc 8c]
Dorex2007: folds 
leeomau5: calls $0.02
Catonajack: raises $0.02 to $0.04
gangster127: folds 
StanimirStoilov: calls $0.04
guime20: calls $0.03
smurphy123: folds 
leeomau5: calls $0.02
*** FLOP *** [Tc 2s 9s]
guime20: checks 
leeomau5: checks 
Catonajack: checks 
StanimirStoilov: bets $0.06
guime20: folds 
leeomau5: folds 
Catonajack: folds 
Uncalled bet ($0.06) returned to StanimirStoilov
StanimirStoilov collected $0.24 from pot
*** SUMMARY ***
Total pot $0.25 | Rake $0.01 
Board [Tc 2s 9s]
Seat 2: gangster127 folded before Flop (didn't bet)
Seat 3: StanimirStoilov (button) collected ($0.24)
Seat 4: guime20 (small blind) folded on the Flop
Seat 5: smurphy123 (big blind) folded before Flop
Seat 7: Dorex2007 folded before Flop (didn't bet)
Seat 8: leeomau5 folded on the Flop
Seat 9: Catonajack folded on the Flop



PokerStars Hand #238216259289:  Hold'em No Limit ($0.01/$0.02 USD) - 2022/08/25 15:22:47 PT [2022/08/25 18:22:47 ET]
Table 'Bolyai' 9-max Seat #4 is the button
Seat 2: gangster127 ($1.99 in chips) 
Seat 3: StanimirStoilov ($2.70 in chips) 
Seat 4: guime20 ($3.68 in chips) 
Seat 5: smurphy123 ($1.94 in chips) 
Seat 7: Dorex2007 ($2.15 in chips) 
Seat 8: leeomau5 ($2.20 in chips) 
Seat 9: Catonajack ($0.72 in chips) 
smurphy123: posts small blind $0.01
Dorex2007: posts big blind $0.02
gangster127: posts the ante $0.01
StanimirStoilov: posts the ante $0.01
guime20: posts the ante $0.01
smurphy123: posts the ante $0.01
Dorex2007: posts the ante $0.01
leeomau5: posts the ante $0.01
Catonajack: posts the ante $0.01
*** HOLE CARDS ***
Dealt to Dorex2007 [9c 3c]
leeomau5: raises $0.02 to $0.04
Catonajack: folds 
gangster127: folds 
StanimirStoilov: calls $0.04
guime20: calls $0.04
smurphy123: folds 
Dorex2007: folds 
*** FLOP *** [Qd 3h 2s]
leeomau5: bets $0.02
StanimirStoilov: calls $0.02
guime20: raises $0.08 to $0.10
leeomau5: folds 
StanimirStoilov: folds 
Uncalled bet ($0.08) returned to guime20
guime20 collected $0.27 from pot
*** SUMMARY ***
Total pot $0.28 | Rake $0.01 
Board [Qd 3h 2s]
Seat 2: gangster127 folded before Flop (didn't bet)
Seat 3: StanimirStoilov folded on the Flop
Seat 4: guime20 (button) collected ($0.27)
Seat 5: smurphy123 (small blind) folded before Flop
Seat 7: Dorex2007 (big blind) folded before Flop
Seat 8: leeomau5 folded on the Flop
Seat 9: Catonajack folded before Flop (didn't bet)



PokerStars Hand #238216272577:  Hold'em No Limit ($0.01/$0.02 USD) - 2022/08/25 15:23:29 PT [2022/08/25 18:23:29 ET]
Table 'Bolyai' 9-max Seat #5 is the button
Seat 2: gangster127 ($1.98 in chips) 
Seat 3: StanimirStoilov ($2.63 in chips) 
Seat 4: guime20 ($3.88 in chips) 
Seat 5: smurphy123 ($1.92 in chips) 
Seat 7: Dorex2007 ($2.12 in chips) 
Seat 8: leeomau5 ($2.13 in chips) 
Seat 9: Catonajack ($0.71 in chips) 
Dorex2007: posts small blind $0.01
leeomau5: posts big blind $0.02
gangster127: posts the ante $0.01
StanimirStoilov: posts the ante $0.01
guime20: posts the ante $0.01
smurphy123: posts the ante $0.01
Dorex2007: posts the ante $0.01
leeomau5: posts the ante $0.01
Catonajack: posts the ante $0.01
*** HOLE CARDS ***
Dealt to Dorex2007 [4h Kd]
Catonajack: folds 
gangster127: folds 
StanimirStoilov: calls $0.02
guime20: folds 
smurphy123: folds 
Dorex2007: folds 
leeomau5: checks 
*** FLOP *** [9d Ad 2c]
leeomau5: checks 
StanimirStoilov: bets $0.06
leeomau5: folds 
Uncalled bet ($0.06) returned to StanimirStoilov
StanimirStoilov collected $0.12 from pot
*** SUMMARY ***
Total pot $0.12 | Rake $0 
Board [9d Ad 2c]
Seat 2: gangster127 folded before Flop (didn't bet)
Seat 3: StanimirStoilov collected ($0.12)
Seat 4: guime20 folded before Flop (didn't bet)
Seat 5: smurphy123 (button) folded before Flop (didn't bet)
Seat 7: Dorex2007 (small blind) folded before Flop
Seat 8: leeomau5 (big blind) folded on the Flop
Seat 9: Catonajack folded before Flop (didn't bet)



PokerStars Hand #238216282263:  Hold'em No Limit ($0.01/$0.02 USD) - 2022/08/25 15:24:00 PT [2022/08/25 18:24:00 ET]
Table 'Bolyai' 9-max Seat #7 is the button
Seat 2: gangster127 ($1.97 in chips) 
Seat 3: StanimirStoilov ($2.72 in chips) 
Seat 4: guime20 ($3.87 in chips) 
Seat 5: smurphy123 ($1.91 in chips) 
Seat 7: Dorex2007 ($2.10 in chips) 
Seat 8: leeomau5 ($2.10 in chips) 
Seat 9: Catonajack ($0.70 in chips) 
leeomau5: posts small blind $0.01
Catonajack: posts big blind $0.02
gangster127: posts the ante $0.01
StanimirStoilov: posts the ante $0.01
guime20: posts the ante $0.01
smurphy123: posts the ante $0.01
Dorex2007: posts the ante $0.01
leeomau5: posts the ante $0.01
Catonajack: posts the ante $0.01
*** HOLE CARDS ***
Dealt to Dorex2007 [5d Ah]
elfatbucaro joins the table at seat #1 
gangster127: calls $0.02
StanimirStoilov: calls $0.02
guime20: folds 
smurphy123: folds 
Dorex2007: folds 
leeomau5: calls $0.01
Catonajack: checks 
*** FLOP *** [2c 3c 9d]
leeomau5: checks 
Catonajack: checks 
gangster127: bets $0.07
StanimirStoilov: calls $0.07
leeomau5: calls $0.07
Catonajack: folds 
*** TURN *** [2c 3c 9d] [7h]
leeomau5: checks 
gangster127: checks 
StanimirStoilov: checks 
*** RIVER *** [2c 3c 9d 7h] [8s]
leeomau5: bets $0.24
gangster127: folds 
StanimirStoilov: folds 
Uncalled bet ($0.24) returned to leeomau5
leeomau5 collected $0.35 from pot
*** SUMMARY ***
Total pot $0.36 | Rake $0.01 
Board [2c 3c 9d 7h 8s]
Seat 2: gangster127 folded on the River
Seat 3: StanimirStoilov folded on the River
Seat 4: guime20 folded before Flop (didn't bet)
Seat 5: smurphy123 folded before Flop (didn't bet)
Seat 7: Dorex2007 (button) folded before Flop (didn't bet)
Seat 8: leeomau5 (small blind) collected ($0.35)
Seat 9: Catonajack (big blind) folded on the Flop



PokerStars Hand #238216301674:  Hold'em No Limit ($0.01/$0.02 USD) - 2022/08/25 15:25:01 PT [2022/08/25 18:25:01 ET]
Table 'Bolyai' 9-max Seat #8 is the button
Seat 1: elfatbucaro ($1.50 in chips) 
Seat 2: gangster127 ($1.87 in chips) 
Seat 3: StanimirStoilov ($2.62 in chips) 
Seat 4: guime20 ($3.86 in chips) 
Seat 5: smurphy123 ($1.90 in chips) 
Seat 7: Dorex2007 ($2.09 in chips) 
Seat 8: leeomau5 ($2.35 in chips) 
Seat 9: Catonajack ($0.67 in chips) 
Catonajack: posts small blind $0.01
elfatbucaro: posts big blind $0.02
elfatbucaro: posts the ante $0.01
gangster127: posts the ante $0.01
StanimirStoilov: posts the ante $0.01
guime20: posts the ante $0.01
smurphy123: posts the ante $0.01
Dorex2007: posts the ante $0.01
leeomau5: posts the ante $0.01
Catonajack: posts the ante $0.01
*** HOLE CARDS ***
Dealt to Dorex2007 [9c As]
gangster127: folds 
StanimirStoilov: calls $0.02
guime20: folds 
smurphy123: calls $0.02
Dorex2007: folds 
leeomau5: calls $0.02
Catonajack: folds 
elfatbucaro: checks 
*** FLOP *** [6c 3c Qc]
elfatbucaro: bets $0.06
StanimirStoilov: calls $0.06
smurphy123: folds 
leeomau5: calls $0.06
*** TURN *** [6c 3c Qc] [Qh]
elfatbucaro: bets $0.04
StanimirStoilov: calls $0.04
leeomau5: calls $0.04
*** RIVER *** [6c 3c Qc Qh] [Jd]
elfatbucaro: bets $0.06
StanimirStoilov: calls $0.06
leeomau5: calls $0.06
*** SHOW DOWN ***
elfatbucaro: shows [4c Jc] (a flush, Queen high)
StanimirStoilov: mucks hand 
leeomau5: mucks hand 
elfatbucaro collected $0.63 from pot
*** SUMMARY ***
Total pot $0.65 | Rake $0.02 
Board [6c 3c Qc Qh Jd]
Seat 1: elfatbucaro (big blind) showed [4c Jc] and won ($0.63) with a flush, Queen high
Seat 2: gangster127 folded before Flop (didn't bet)
Seat 3: StanimirStoilov mucked [Qd 9d]
Seat 4: guime20 folded before Flop (didn't bet)
Seat 5: smurphy123 folded on the Flop
Seat 7: Dorex2007 folded before Flop (didn't bet)
Seat 8: leeomau5 (button) mucked [4d Ac]
Seat 9: Catonajack (small blind) folded before Flop



PokerStars Hand #238216326608:  Hold'em No Limit ($0.01/$0.02 USD) - 2022/08/25 15:26:20 PT [2022/08/25 18:26:20 ET]
Table 'Bolyai' 9-max Seat #9 is the button
Seat 1: elfatbucaro ($1.94 in chips) 
Seat 2: gangster127 ($1.86 in chips) 
Seat 3: StanimirStoilov ($2.43 in chips) 
Seat 4: guime20 ($3.85 in chips) 
Seat 5: smurphy123 ($1.87 in chips) 
Seat 7: Dorex2007 ($2.08 in chips) 
Seat 8: leeomau5 ($2.16 in chips) 
Seat 9: Catonajack ($0.65 in chips) 
elfatbucaro: posts small blind $0.01
gangster127: posts big blind $0.02
elfatbucaro: posts the ante $0.01
gangster127: posts the ante $0.01
StanimirStoilov: posts the ante $0.01
guime20: posts the ante $0.01
smurphy123: posts the ante $0.01
Dorex2007: posts the ante $0.01
leeomau5: posts the ante $0.01
Catonajack: posts the ante $0.01
*** HOLE CARDS ***
Dealt to Dorex2007 [3c Qc]
StanimirStoilov: folds 
guime20: folds 
smurphy123: raises $0.04 to $0.06
Dorex2007: folds 
leeomau5: folds 
Catonajack: folds 
elfatbucaro: calls $0.05
gangster127: folds 
*** FLOP *** [Th 8c 7d]
elfatbucaro: checks 
smurphy123: bets $0.13
elfatbucaro: folds 
Uncalled bet ($0.13) returned to smurphy123
smurphy123 collected $0.21 from pot
smurphy123: doesn't show hand 
*** SUMMARY ***
Total pot $0.22 | Rake $0.01 
Board [Th 8c 7d]
Seat 1: elfatbucaro (small blind) folded on the Flop
Seat 2: gangster127 (big blind) folded before Flop
Seat 3: StanimirStoilov folded before Flop (didn't bet)
Seat 4: guime20 folded before Flop (didn't bet)
Seat 5: smurphy123 collected ($0.21)
Seat 7: Dorex2007 folded before Flop (didn't bet)
Seat 8: leeomau5 folded before Flop (didn't bet)
Seat 9: Catonajack (button) folded before Flop (didn't bet)



PokerStars Hand #238216341660:  Hold'em No Limit ($0.01/$0.02 USD) - 2022/08/25 15:27:08 PT [2022/08/25 18:27:08 ET]
Table 'Bolyai' 9-max Seat #1 is the button
Seat 1: elfatbucaro ($1.87 in chips) 
Seat 2: gangster127 ($1.83 in chips) 
Seat 3: StanimirStoilov ($2.42 in chips) 
Seat 4: guime20 ($3.84 in chips) 
Seat 5: smurphy123 ($2.01 in chips) 
Seat 7: Dorex2007 ($2.07 in chips) 
Seat 8: leeomau5 ($2.15 in chips) 
Seat 9: Catonajack ($0.64 in chips) 
gangster127: posts small blind $0.01
StanimirStoilov: posts big blind $0.02
elfatbucaro: posts the ante $0.01
gangster127: posts the ante $0.01
StanimirStoilov: posts the ante $0.01
guime20: posts the ante $0.01
smurphy123: posts the ante $0.01
Dorex2007: posts the ante $0.01
leeomau5: posts the ante $0.01
Catonajack: posts the ante $0.01
*** HOLE CARDS ***
Dealt to Dorex2007 [9s Kh]
guime20: raises $0.04 to $0.06
smurphy123: folds 
Dorex2007: folds 
leeomau5: calls $0.06
Catonajack: folds 
elfatbucaro: folds 
gangster127: folds 
StanimirStoilov: calls $0.04
*** FLOP *** [7h 7d 9c]
StanimirStoilov: checks 
guime20: bets $0.10
leeomau5: folds 
StanimirStoilov: calls $0.10
*** TURN *** [7h 7d 9c] [8c]
StanimirStoilov: checks 
guime20: checks 
*** RIVER *** [7h 7d 9c 8c] [6s]
StanimirStoilov: bets $0.45
zsuzsy0112 joins the table at seat #6 
guime20: folds 
Uncalled bet ($0.45) returned to StanimirStoilov
StanimirStoilov collected $0.45 from pot
*** SUMMARY ***
Total pot $0.47 | Rake $0.02 
Board [7h 7d 9c 8c 6s]
Seat 1: elfatbucaro (button) folded before Flop (didn't bet)
Seat 2: gangster127 (small blind) folded before Flop
Seat 3: StanimirStoilov (big blind) collected ($0.45)
Seat 4: guime20 folded on the River
Seat 5: smurphy123 folded before Flop (didn't bet)
Seat 7: Dorex2007 folded before Flop (didn't bet)
Seat 8: leeomau5 folded on the Flop
Seat 9: Catonajack folded before Flop (didn't bet)



PokerStars Hand #238216365424:  Hold'em No Limit ($0.01/$0.02 USD) - 2022/08/25 15:28:23 PT [2022/08/25 18:28:23 ET]
Table 'Bolyai' 9-max Seat #2 is the button
Seat 1: elfatbucaro ($1.86 in chips) 
Seat 2: gangster127 ($1.81 in chips) 
Seat 3: StanimirStoilov ($2.70 in chips) 
Seat 4: guime20 ($3.67 in chips) 
Seat 5: smurphy123 ($2 in chips) 
Seat 7: Dorex2007 ($2.06 in chips) 
Seat 8: leeomau5 ($2.08 in chips) 
Seat 9: Catonajack ($0.63 in chips) 
StanimirStoilov: posts small blind $0.01
guime20: posts big blind $0.02
zsuzsy0112: sits out 
elfatbucaro: posts the ante $0.01
gangster127: posts the ante $0.01
StanimirStoilov: posts the ante $0.01
guime20: posts the ante $0.01
smurphy123: posts the ante $0.01
Dorex2007: posts the ante $0.01
leeomau5: posts the ante $0.01
Catonajack: posts the ante $0.01
*** HOLE CARDS ***
Dealt to Dorex2007 [Qh Ac]
smurphy123: folds 
Dorex2007: raises $0.02 to $0.04
leeomau5: folds 
Catonajack: folds 
elfatbucaro: calls $0.04
gangster127: folds 
StanimirStoilov: folds 
guime20: calls $0.02
*** FLOP *** [4h 7c 3s]
guime20: checks 
Dorex2007: bets $0.13
elfatbucaro: folds 
guime20: calls $0.13
*** TURN *** [4h 7c 3s] [8c]
guime20: bets $0.34
Dorex2007: calls $0.34
*** RIVER *** [4h 7c 3s 8c] [7s]
guime20: bets $0.83
Dorex2007: folds 
Uncalled bet ($0.83) returned to guime20
guime20 collected $1.11 from pot
*** SUMMARY ***
Total pot $1.15 | Rake $0.04 
Board [4h 7c 3s 8c 7s]
Seat 1: elfatbucaro folded on the Flop
Seat 2: gangster127 (button) folded before Flop (didn't bet)
Seat 3: StanimirStoilov (small blind) folded before Flop
Seat 4: guime20 (big blind) collected ($1.11)
Seat 5: smurphy123 folded before Flop (didn't bet)
Seat 7: Dorex2007 folded on the River
Seat 8: leeomau5 folded before Flop (didn't bet)
Seat 9: Catonajack folded before Flop (didn't bet)



PokerStars Hand #238216387997:  Hold'em No Limit ($0.01/$0.02 USD) - 2022/08/25 15:29:35 PT [2022/08/25 18:29:35 ET]
Table 'Bolyai' 9-max Seat #3 is the button
Seat 1: elfatbucaro ($1.81 in chips) 
Seat 2: gangster127 ($1.80 in chips) 
Seat 3: StanimirStoilov ($2.68 in chips) 
Seat 4: guime20 ($4.26 in chips) 
Seat 5: smurphy123 ($1.99 in chips) 
Seat 6: zsuzsy0112 ($1.20 in chips) 
Seat 7: Dorex2007 ($2 in chips) 
Seat 8: leeomau5 ($2.07 in chips) 
Seat 9: Catonajack ($0.62 in chips) 
guime20: posts small blind $0.01
smurphy123: posts big blind $0.02
zsuzsy0112: posts big blind $0.02
elfatbucaro: posts the ante $0.01
gangster127: posts the ante $0.01
StanimirStoilov: posts the ante $0.01
guime20: posts the ante $0.01
smurphy123: posts the ante $0.01
zsuzsy0112: posts the ante $0.01
Dorex2007: posts the ante $0.01
leeomau5: posts the ante $0.01
Catonajack: posts the ante $0.01
*** HOLE CARDS ***
Dealt to Dorex2007 [9d Ks]
zsuzsy0112: checks 
Dorex2007: folds 
leeomau5: folds 
Catonajack: raises $0.02 to $0.04
elfatbucaro: folds 
gangster127: folds 
StanimirStoilov: calls $0.04
guime20: folds 
smurphy123: folds 
zsuzsy0112: calls $0.02
*** FLOP *** [Kd 8s 7d]
zsuzsy0112: checks 
Catonajack: bets $0.11
StanimirStoilov: calls $0.11
zsuzsy0112: folds 
*** TURN *** [Kd 8s 7d] [4c]
Catonajack: checks 
StanimirStoilov: bets $0.14
Catonajack: calls $0.14
*** RIVER *** [Kd 8s 7d 4c] [2d]
Catonajack: checks 
StanimirStoilov: bets $0.71
Catonajack: calls $0.32 and is all-in
Uncalled bet ($0.39) returned to StanimirStoilov
*** SHOW DOWN ***
StanimirStoilov: shows [As Qs] (high card Ace)
Catonajack: shows [Qd Qc] (a pair of Queens)
Catonajack collected $1.33 from pot
*** SUMMARY ***
Total pot $1.38 | Rake $0.05 
Board [Kd 8s 7d 4c 2d]
Seat 1: elfatbucaro folded before Flop (didn't bet)
Seat 2: gangster127 folded before Flop (didn't bet)
Seat 3: StanimirStoilov (button) showed [As Qs] and lost with high card Ace
Seat 4: guime20 (small blind) folded before Flop
Seat 5: smurphy123 (big blind) folded before Flop
Seat 6: zsuzsy0112 folded on the Flop
Seat 7: Dorex2007 folded before Flop (didn't bet)
Seat 8: leeomau5 folded before Flop (didn't bet)
Seat 9: Catonajack showed [Qd Qc] and won ($1.33) with a pair of Queens



