PokerStars Hand #238019013074:  Hold'em No Limit ($0.02/$0.05 USD) - 2022/08/15 22:00:41 PT [2022/08/16 1:00:41 ET]
Table 'Theemin III' 9-max Seat #7 is the button
Seat 1: mac89_R ($6.78 in chips) 
Seat 2: BlackCat0812 ($5.41 in chips) 
Seat 3: InDiosArg95' ($8.23 in chips) 
Seat 4: NewKidOnTheFlop ($6.38 in chips) 
Seat 5: Maria'sDad77 ($10.64 in chips) 
Seat 6: Dorex2007 ($5 in chips) 
Seat 7: DannamoH ($4.99 in chips) 
Seat 8: sylvioking ($4.27 in chips) 
Seat 9: bauticius ($4.60 in chips) 
sylvioking: posts small blind $0.02
bauticius: posts big blind $0.05
Dorex2007: posts big blind $0.05
*** HOLE CARDS ***
Dealt to Dorex2007 [3h Kd]
mac89_R: calls $0.05
BlackCat0812: calls $0.05
InDiosArg95': folds 
NewKidOnTheFlop: folds 
Maria'sDad77: folds 
Dorex2007: checks 
DannamoH: folds 
sylvioking: calls $0.03
bauticius: checks 
*** FLOP *** [6s Ks Jh]
sylvioking: bets $0.05
bauticius: calls $0.05
mac89_R: folds 
BlackCat0812: raises $0.15 to $0.20
Dorex2007: folds 
sylvioking: calls $0.15
bauticius: calls $0.15
*** TURN *** [6s Ks Jh] [Jd]
sylvioking: checks 
bauticius: checks 
BlackCat0812: bets $0.20
sylvioking: calls $0.20
bauticius: raises $0.61 to $0.81
BlackCat0812: folds 
sylvioking: calls $0.61
*** RIVER *** [6s Ks Jh Jd] [4c]
sylvioking: checks 
bauticius: bets $0.40
sylvioking: raises $2.81 to $3.21 and is all-in
bauticius: calls $2.81
*** SHOW DOWN ***
sylvioking: shows [5c Jc] (three of a kind, Jacks)
bauticius: shows [Js 7s] (three of a kind, Jacks - King+Seven kicker)
bauticius collected $8.71 from pot
*** SUMMARY ***
Total pot $9.09 | Rake $0.38 
Board [6s Ks Jh Jd 4c]
Seat 1: mac89_R folded on the Flop
Seat 2: BlackCat0812 folded on the Turn
Seat 3: InDiosArg95' folded before Flop (didn't bet)
Seat 4: NewKidOnTheFlop folded before Flop (didn't bet)
Seat 5: Maria'sDad77 folded before Flop (didn't bet)
Seat 6: Dorex2007 folded on the Flop (didn't bet)
Seat 7: DannamoH (button) folded before Flop (didn't bet)
Seat 8: sylvioking (small blind) showed [5c Jc] and lost with three of a kind, Jacks
Seat 9: bauticius (big blind) showed [Js 7s] and won ($8.71) with three of a kind, Jacks



PokerStars Hand #238019025469:  Hold'em No Limit ($0.02/$0.05 USD) - 2022/08/15 22:02:39 PT [2022/08/16 1:02:39 ET]
Table 'Theemin III' 9-max Seat #9 is the button
Seat 1: mac89_R ($6.73 in chips) 
Seat 2: BlackCat0812 ($4.96 in chips) 
Seat 3: InDiosArg95' ($8.23 in chips) 
Seat 4: NewKidOnTheFlop ($6.38 in chips) 
Seat 5: Maria'sDad77 ($10.64 in chips) 
Seat 6: Dorex2007 ($5 in chips) 
Seat 7: DannamoH ($4.99 in chips) 
Seat 9: bauticius ($9.04 in chips) 
mac89_R: posts small blind $0.02
BlackCat0812: posts big blind $0.05
*** HOLE CARDS ***
Dealt to Dorex2007 [Ah 4h]
InDiosArg95': folds 
NewKidOnTheFlop: folds 
Maria'sDad77: folds 
Dorex2007: folds 
DannamoH has timed out
DannamoH: folds 
bauticius: folds 
mac89_R: calls $0.03
BlackCat0812: checks 
*** FLOP *** [Jh 5d 2d]
mac89_R: checks 
sylvioking leaves the table
BlackCat0812: checks 
*** TURN *** [Jh 5d 2d] [2c]
mac89_R: bets $0.10
rezabraba333 joins the table at seat #8 
BlackCat0812: folds 
Uncalled bet ($0.10) returned to mac89_R
mac89_R collected $0.10 from pot
mac89_R: doesn't show hand 
*** SUMMARY ***
Total pot $0.10 | Rake $0 
Board [Jh 5d 2d 2c]
Seat 1: mac89_R (small blind) collected ($0.10)
Seat 2: BlackCat0812 (big blind) folded on the Turn
Seat 3: InDiosArg95' folded before Flop (didn't bet)
Seat 4: NewKidOnTheFlop folded before Flop (didn't bet)
Seat 5: Maria'sDad77 folded before Flop (didn't bet)
Seat 6: Dorex2007 folded before Flop (didn't bet)
Seat 7: DannamoH folded before Flop (didn't bet)
Seat 9: bauticius (button) folded before Flop (didn't bet)



PokerStars Hand #238019029861:  Hold'em No Limit ($0.02/$0.05 USD) - 2022/08/15 22:03:21 PT [2022/08/16 1:03:21 ET]
Table 'Theemin III' 9-max Seat #1 is the button
Seat 1: mac89_R ($6.78 in chips) 
Seat 2: BlackCat0812 ($4.91 in chips) 
Seat 3: InDiosArg95' ($8.23 in chips) 
Seat 4: NewKidOnTheFlop ($6.38 in chips) 
Seat 5: Maria'sDad77 ($10.64 in chips) 
Seat 6: Dorex2007 ($5 in chips) 
Seat 7: DannamoH ($4.99 in chips) 
Seat 9: bauticius ($9.04 in chips) 
BlackCat0812: posts small blind $0.02
InDiosArg95': posts big blind $0.05
rezabraba333: sits out 
*** HOLE CARDS ***
Dealt to Dorex2007 [Ks Ts]
NewKidOnTheFlop: folds 
NewKidOnTheFlop leaves the table
Maria'sDad77: folds 
Dorex2007: raises $0.10 to $0.15
DannamoH: folds 
bauticius: calls $0.15
mac89_R: folds 
BlackCat0812: folds 
InDiosArg95': folds 
*** FLOP *** [7h As 3c]
Dorex2007: checks 
bauticius: checks 
*** TURN *** [7h As 3c] [5c]
Dorex2007: bets $0.17
MOONSP3LL joins the table at seat #4 
bauticius: calls $0.17
*** RIVER *** [7h As 3c 5c] [8d]
Dorex2007: checks 
bauticius: checks 
*** SHOW DOWN ***
Dorex2007: shows [Ks Ts] (high card Ace)
bauticius: shows [Qd Ad] (a pair of Aces)
bauticius collected $0.68 from pot
*** SUMMARY ***
Total pot $0.71 | Rake $0.03 
Board [7h As 3c 5c 8d]
Seat 1: mac89_R (button) folded before Flop (didn't bet)
Seat 2: BlackCat0812 (small blind) folded before Flop
Seat 3: InDiosArg95' (big blind) folded before Flop
Seat 4: NewKidOnTheFlop folded before Flop (didn't bet)
Seat 5: Maria'sDad77 folded before Flop (didn't bet)
Seat 6: Dorex2007 showed [Ks Ts] and lost with high card Ace
Seat 7: DannamoH folded before Flop (didn't bet)
Seat 9: bauticius showed [Qd Ad] and won ($0.68) with a pair of Aces



PokerStars Hand #238019035939:  Hold'em No Limit ($0.02/$0.05 USD) - 2022/08/15 22:04:18 PT [2022/08/16 1:04:18 ET]
Table 'Theemin III' 9-max Seat #2 is the button
Seat 1: mac89_R ($6.78 in chips) 
Seat 2: BlackCat0812 ($4.89 in chips) 
Seat 3: InDiosArg95' ($8.18 in chips) 
Seat 4: MOONSP3LL ($5 in chips) 
Seat 5: Maria'sDad77 ($10.64 in chips) 
Seat 6: Dorex2007 ($5 in chips) 
Seat 7: DannamoH ($4.99 in chips) 
Seat 9: bauticius ($9.40 in chips) 
InDiosArg95': posts small blind $0.02
MOONSP3LL: posts big blind $0.05
rezabraba333: sits out 
*** HOLE CARDS ***
Dealt to Dorex2007 [5h 8s]
Maria'sDad77: folds 
Dorex2007: folds 
DannamoH: folds 
bauticius: raises $0.10 to $0.15
mac89_R: folds 
BlackCat0812: folds 
InDiosArg95': folds 
MOONSP3LL: folds 
Uncalled bet ($0.10) returned to bauticius
bauticius collected $0.12 from pot
bauticius: doesn't show hand 
*** SUMMARY ***
Total pot $0.12 | Rake $0 
Seat 1: mac89_R folded before Flop (didn't bet)
Seat 2: BlackCat0812 (button) folded before Flop (didn't bet)
Seat 3: InDiosArg95' (small blind) folded before Flop
Seat 4: MOONSP3LL (big blind) folded before Flop
Seat 5: Maria'sDad77 folded before Flop (didn't bet)
Seat 6: Dorex2007 folded before Flop (didn't bet)
Seat 7: DannamoH folded before Flop (didn't bet)
Seat 9: bauticius collected ($0.12)



PokerStars Hand #238019039135:  Hold'em No Limit ($0.02/$0.05 USD) - 2022/08/15 22:04:47 PT [2022/08/16 1:04:47 ET]
Table 'Theemin III' 9-max Seat #3 is the button
Seat 1: mac89_R ($6.78 in chips) 
Seat 2: BlackCat0812 ($4.89 in chips) 
Seat 3: InDiosArg95' ($8.16 in chips) 
Seat 4: MOONSP3LL ($4.95 in chips) 
Seat 5: Maria'sDad77 ($10.64 in chips) 
Seat 6: Dorex2007 ($5 in chips) 
Seat 7: DannamoH ($4.99 in chips) 
Seat 9: bauticius ($9.47 in chips) 
MOONSP3LL: posts small blind $0.02
Maria'sDad77: posts big blind $0.05
rezabraba333: sits out 
*** HOLE CARDS ***
Dealt to Dorex2007 [9h 5c]
Dorex2007: folds 
DannamoH has timed out
DannamoH: folds 
bauticius: folds 
mac89_R: folds 
BlackCat0812: folds 
InDiosArg95': folds 
MOONSP3LL: raises $0.10 to $0.15
Maria'sDad77: folds 
Uncalled bet ($0.10) returned to MOONSP3LL
MOONSP3LL collected $0.10 from pot
MOONSP3LL: doesn't show hand 
*** SUMMARY ***
Total pot $0.10 | Rake $0 
Seat 1: mac89_R folded before Flop (didn't bet)
Seat 2: BlackCat0812 folded before Flop (didn't bet)
Seat 3: InDiosArg95' (button) folded before Flop (didn't bet)
Seat 4: MOONSP3LL (small blind) collected ($0.10)
Seat 5: Maria'sDad77 (big blind) folded before Flop
Seat 6: Dorex2007 folded before Flop (didn't bet)
Seat 7: DannamoH folded before Flop (didn't bet)
Seat 9: bauticius folded before Flop (didn't bet)



PokerStars Hand #238019043756:  Hold'em No Limit ($0.02/$0.05 USD) - 2022/08/15 22:05:31 PT [2022/08/16 1:05:31 ET]
Table 'Theemin III' 9-max Seat #4 is the button
Seat 1: mac89_R ($6.78 in chips) 
Seat 2: BlackCat0812 ($4.89 in chips) 
Seat 3: InDiosArg95' ($8.16 in chips) 
Seat 4: MOONSP3LL ($5 in chips) 
Seat 5: Maria'sDad77 ($10.59 in chips) 
Seat 6: Dorex2007 ($5 in chips) 
Seat 7: DannamoH ($4.99 in chips) 
Seat 9: bauticius ($9.47 in chips) 
Maria'sDad77: posts small blind $0.02
Dorex2007: posts big blind $0.05
rezabraba333: sits out 
*** HOLE CARDS ***
Dealt to Dorex2007 [2c 9s]
DannamoH: raises $0.05 to $0.10
bauticius: raises $0.20 to $0.30
mac89_R: folds 
BlackCat0812: folds 
InDiosArg95': folds 
MOONSP3LL: folds 
Maria'sDad77: folds 
Dorex2007: folds 
DannamoH: calls $0.20
*** FLOP *** [6c Th 3s]
DannamoH: checks 
bauticius: bets $0.40
DannamoH: calls $0.40
*** TURN *** [6c Th 3s] [Ks]
DannamoH: checks 
bauticius: bets $0.42
DannamoH: calls $0.42
*** RIVER *** [6c Th 3s Ks] [4c]
DannamoH: checks 
bauticius: bets $8.35 and is all-in
DannamoH: folds 
Uncalled bet ($8.35) returned to bauticius
bauticius collected $2.21 from pot
bauticius: doesn't show hand 
*** SUMMARY ***
Total pot $2.31 | Rake $0.10 
Board [6c Th 3s Ks 4c]
Seat 1: mac89_R folded before Flop (didn't bet)
Seat 2: BlackCat0812 folded before Flop (didn't bet)
Seat 3: InDiosArg95' folded before Flop (didn't bet)
Seat 4: MOONSP3LL (button) folded before Flop (didn't bet)
Seat 5: Maria'sDad77 (small blind) folded before Flop
Seat 6: Dorex2007 (big blind) folded before Flop
Seat 7: DannamoH folded on the River
Seat 9: bauticius collected ($2.21)



PokerStars Hand #238019051129:  Hold'em No Limit ($0.02/$0.05 USD) - 2022/08/15 22:06:39 PT [2022/08/16 1:06:39 ET]
Table 'Theemin III' 9-max Seat #5 is the button
Seat 1: mac89_R ($6.78 in chips) 
Seat 2: BlackCat0812 ($4.89 in chips) 
Seat 3: InDiosArg95' ($8.16 in chips) 
Seat 4: MOONSP3LL ($5 in chips) 
Seat 5: Maria'sDad77 ($10.57 in chips) 
Seat 6: Dorex2007 ($5 in chips) 
Seat 7: DannamoH ($3.87 in chips) 
Seat 9: bauticius ($10.56 in chips) 
Dorex2007: posts small blind $0.02
DannamoH: posts big blind $0.05
rezabraba333: sits out 
*** HOLE CARDS ***
Dealt to Dorex2007 [Ad 2h]
bauticius: folds 
mac89_R: folds 
BlackCat0812 has timed out
BlackCat0812: folds 
InDiosArg95': raises $0.07 to $0.12
MOONSP3LL: calls $0.12
Maria'sDad77: folds 
Dorex2007: folds 
DannamoH: folds 
*** FLOP *** [Ks 8h 6c]
InDiosArg95': checks 
MOONSP3LL: bets $0.10
InDiosArg95': calls $0.10
*** TURN *** [Ks 8h 6c] [4d]
InDiosArg95': checks 
MOONSP3LL: checks 
*** RIVER *** [Ks 8h 6c 4d] [9s]
InDiosArg95': checks 
MOONSP3LL: bets $0.34
InDiosArg95': folds 
Uncalled bet ($0.34) returned to MOONSP3LL
MOONSP3LL collected $0.49 from pot
MOONSP3LL: doesn't show hand 
*** SUMMARY ***
Total pot $0.51 | Rake $0.02 
Board [Ks 8h 6c 4d 9s]
Seat 1: mac89_R folded before Flop (didn't bet)
Seat 2: BlackCat0812 folded before Flop (didn't bet)
Seat 3: InDiosArg95' folded on the River
Seat 4: MOONSP3LL collected ($0.49)
Seat 5: Maria'sDad77 (button) folded before Flop (didn't bet)
Seat 6: Dorex2007 (small blind) folded before Flop
Seat 7: DannamoH (big blind) folded before Flop
Seat 9: bauticius folded before Flop (didn't bet)



PokerStars Hand #238019058081:  Hold'em No Limit ($0.02/$0.05 USD) - 2022/08/15 22:07:45 PT [2022/08/16 1:07:45 ET]
Table 'Theemin III' 9-max Seat #6 is the button
Seat 1: mac89_R ($6.78 in chips) 
Seat 2: BlackCat0812 ($4.89 in chips) 
Seat 3: InDiosArg95' ($7.94 in chips) 
Seat 4: MOONSP3LL ($5.27 in chips) 
Seat 5: Maria'sDad77 ($10.57 in chips) 
Seat 6: Dorex2007 ($5 in chips) 
Seat 7: DannamoH ($3.82 in chips) 
Seat 8: rezabraba333 ($2 in chips) 
Seat 9: bauticius ($10.56 in chips) 
DannamoH: posts small blind $0.02
rezabraba333: posts big blind $0.05
*** HOLE CARDS ***
Dealt to Dorex2007 [2c 7c]
bauticius: raises $0.10 to $0.15
mac89_R: folds 
BlackCat0812: folds 
InDiosArg95': folds 
MOONSP3LL: folds 
Maria'sDad77: folds 
Dorex2007: folds 
DannamoH: folds 
rezabraba333: folds 
Uncalled bet ($0.10) returned to bauticius
bauticius collected $0.12 from pot
bauticius: doesn't show hand 
*** SUMMARY ***
Total pot $0.12 | Rake $0 
Seat 1: mac89_R folded before Flop (didn't bet)
Seat 2: BlackCat0812 folded before Flop (didn't bet)
Seat 3: InDiosArg95' folded before Flop (didn't bet)
Seat 4: MOONSP3LL folded before Flop (didn't bet)
Seat 5: Maria'sDad77 folded before Flop (didn't bet)
Seat 6: Dorex2007 (button) folded before Flop (didn't bet)
Seat 7: DannamoH (small blind) folded before Flop
Seat 8: rezabraba333 (big blind) folded before Flop
Seat 9: bauticius collected ($0.12)



PokerStars Hand #238019061756:  Hold'em No Limit ($0.02/$0.05 USD) - 2022/08/15 22:08:20 PT [2022/08/16 1:08:20 ET]
Table 'Theemin III' 9-max Seat #7 is the button
Seat 1: mac89_R ($6.78 in chips) 
Seat 2: BlackCat0812 ($4.89 in chips) 
Seat 3: InDiosArg95' ($7.94 in chips) 
Seat 4: MOONSP3LL ($5.27 in chips) 
Seat 5: Maria'sDad77 ($10.57 in chips) 
Seat 6: Dorex2007 ($5 in chips) 
Seat 7: DannamoH ($3.80 in chips) 
Seat 8: rezabraba333 ($1.95 in chips) 
Seat 9: bauticius ($10.63 in chips) 
rezabraba333: posts small blind $0.02
bauticius: posts big blind $0.05
*** HOLE CARDS ***
Dealt to Dorex2007 [Kh 9s]
mac89_R: folds 
BlackCat0812: calls $0.05
InDiosArg95': raises $0.20 to $0.25
MOONSP3LL: folds 
Maria'sDad77: folds 
Dorex2007: folds 
DannamoH: calls $0.25
rezabraba333: folds 
bauticius: folds 
BlackCat0812: folds 
*** FLOP *** [2s Jh Ah]
InDiosArg95': bets $0.25
DannamoH: raises $0.75 to $1
InDiosArg95': raises $1 to $2
DannamoH: folds 
Uncalled bet ($1) returned to InDiosArg95'
InDiosArg95' collected $2.51 from pot
*** SUMMARY ***
Total pot $2.62 | Rake $0.11 
Board [2s Jh Ah]
Seat 1: mac89_R folded before Flop (didn't bet)
Seat 2: BlackCat0812 folded before Flop
Seat 3: InDiosArg95' collected ($2.51)
Seat 4: MOONSP3LL folded before Flop (didn't bet)
Seat 5: Maria'sDad77 folded before Flop (didn't bet)
Seat 6: Dorex2007 folded before Flop (didn't bet)
Seat 7: DannamoH (button) folded on the Flop
Seat 8: rezabraba333 (small blind) folded before Flop
Seat 9: bauticius (big blind) folded before Flop



PokerStars Hand #238019067919:  Hold'em No Limit ($0.02/$0.05 USD) - 2022/08/15 22:09:18 PT [2022/08/16 1:09:18 ET]
Table 'Theemin III' 9-max Seat #8 is the button
Seat 1: mac89_R ($6.78 in chips) 
Seat 2: BlackCat0812 ($4.84 in chips) 
Seat 3: InDiosArg95' ($9.20 in chips) 
Seat 4: MOONSP3LL ($5.27 in chips) 
Seat 5: Maria'sDad77 ($10.57 in chips) 
Seat 6: Dorex2007 ($5 in chips) 
Seat 7: DannamoH ($2.55 in chips) 
Seat 8: rezabraba333 ($1.93 in chips) 
Seat 9: bauticius ($10.58 in chips) 
bauticius: posts small blind $0.02
mac89_R: posts big blind $0.05
*** HOLE CARDS ***
Dealt to Dorex2007 [6c Kd]
BlackCat0812: calls $0.05
InDiosArg95': folds 
MOONSP3LL: folds 
Maria'sDad77: raises $0.05 to $0.10
Dorex2007: folds 
DannamoH has timed out
DannamoH: folds 
rezabraba333: folds 
bauticius: raises $0.20 to $0.30
mac89_R: calls $0.25
BlackCat0812: calls $0.25
Maria'sDad77: folds 
*** FLOP *** [3c Kc Qh]
bauticius: bets $0.48
mac89_R: calls $0.48
BlackCat0812: folds 
*** TURN *** [3c Kc Qh] [8c]
bauticius: checks 
DannamoH leaves the table
mac89_R: bets $1.88
bauticius: raises $7.92 to $9.80 and is all-in
mac89_R: folds 
Uncalled bet ($7.92) returned to bauticius
bauticius collected $5.48 from pot
bauticius: doesn't show hand 
*** SUMMARY ***
Total pot $5.72 | Rake $0.24 
Board [3c Kc Qh 8c]
Seat 1: mac89_R (big blind) folded on the Turn
Seat 2: BlackCat0812 folded on the Flop
Seat 3: InDiosArg95' folded before Flop (didn't bet)
Seat 4: MOONSP3LL folded before Flop (didn't bet)
Seat 5: Maria'sDad77 folded before Flop
Seat 6: Dorex2007 folded before Flop (didn't bet)
Seat 7: DannamoH folded before Flop (didn't bet)
Seat 8: rezabraba333 (button) folded before Flop (didn't bet)
Seat 9: bauticius (small blind) collected ($5.48)



PokerStars Hand #238019082172:  Hold'em No Limit ($0.02/$0.05 USD) - 2022/08/15 22:11:35 PT [2022/08/16 1:11:35 ET]
Table 'Theemin III' 9-max Seat #9 is the button
Seat 1: mac89_R ($4.12 in chips) 
Seat 2: BlackCat0812 ($4.54 in chips) 
Seat 3: InDiosArg95' ($9.20 in chips) 
Seat 4: MOONSP3LL ($5.27 in chips) 
Seat 5: Maria'sDad77 ($10.47 in chips) 
Seat 6: Dorex2007 ($5 in chips) 
Seat 8: rezabraba333 ($1.93 in chips) 
Seat 9: bauticius ($13.40 in chips) 
mac89_R: posts small blind $0.02
BlackCat0812: posts big blind $0.05
*** HOLE CARDS ***
Dealt to Dorex2007 [3c Ah]
InDiosArg95': folds 
MOONSP3LL: folds 
Maria'sDad77: folds 
Dorex2007: folds 
rezabraba333: folds 
bauticius: folds 
mac89_R: calls $0.03
BlackCat0812: checks 
*** FLOP *** [2c Qc 3s]
mac89_R: checks 
InDiosArg95' leaves the table
BlackCat0812: checks 
*** TURN *** [2c Qc 3s] [5d]
mac89_R: bets $0.05
BlackCat0812: raises $4.44 to $4.49 and is all-in
mac89_R: calls $4.02 and is all-in
Uncalled bet ($0.42) returned to BlackCat0812
*** RIVER *** [2c Qc 3s 5d] [2h]
*** SHOW DOWN ***
mac89_R: shows [3d Qd] (two pair, Queens and Threes)
BlackCat0812: shows [6d 4h] (a straight, Deuce to Six)
BlackCat0812 cashed out the hand for $7.11 | Cash Out Fee $0.07
*** SUMMARY ***
Total pot $8.24 | Rake $0.34 
Board [2c Qc 3s 5d 2h]
Seat 1: mac89_R (small blind) showed [3d Qd] and lost with two pair, Queens and Threes
Seat 2: BlackCat0812 (big blind) showed [6d 4h] and won ($7.90) with a straight, Deuce to Six (pot not awarded as player cashed out)
Seat 3: InDiosArg95' folded before Flop (didn't bet)
Seat 4: MOONSP3LL folded before Flop (didn't bet)
Seat 5: Maria'sDad77 folded before Flop (didn't bet)
Seat 6: Dorex2007 folded before Flop (didn't bet)
Seat 8: rezabraba333 folded before Flop (didn't bet)
Seat 9: bauticius (button) folded before Flop (didn't bet)



PokerStars Hand #238019088315:  Hold'em No Limit ($0.02/$0.05 USD) - 2022/08/15 22:12:34 PT [2022/08/16 1:12:34 ET]
Table 'Theemin III' 9-max Seat #2 is the button
Seat 2: BlackCat0812 ($7.53 in chips) 
Seat 4: MOONSP3LL ($5.27 in chips) 
Seat 5: Maria'sDad77 ($10.47 in chips) 
Seat 6: Dorex2007 ($5 in chips) 
Seat 8: rezabraba333 ($1.93 in chips) 
Seat 9: bauticius ($13.40 in chips) 
MOONSP3LL: posts small blind $0.02
Maria'sDad77: posts big blind $0.05
*** HOLE CARDS ***
Dealt to Dorex2007 [9s Td]
Dorex2007: folds 
rezabraba333: folds 
mac89_R leaves the table
bauticius: folds 
BlackCat0812: calls $0.05
MOONSP3LL: folds 
Maria'sDad77: checks 
*** FLOP *** [6d 8c 4c]
Maria'sDad77: checks 
BlackCat0812: checks 
*** TURN *** [6d 8c 4c] [7s]
Maria'sDad77: checks 
BlackCat0812: checks 
*** RIVER *** [6d 8c 4c 7s] [5c]
Maria'sDad77: checks 
BlackCat0812: bets $0.10
Maria'sDad77: folds 
Uncalled bet ($0.10) returned to BlackCat0812
BlackCat0812 collected $0.12 from pot
*** SUMMARY ***
Total pot $0.12 | Rake $0 
Board [6d 8c 4c 7s 5c]
Seat 2: BlackCat0812 (button) collected ($0.12)
Seat 4: MOONSP3LL (small blind) folded before Flop
Seat 5: Maria'sDad77 (big blind) folded on the River
Seat 6: Dorex2007 folded before Flop (didn't bet)
Seat 8: rezabraba333 folded before Flop (didn't bet)
Seat 9: bauticius folded before Flop (didn't bet)



PokerStars Hand #238019097787:  Hold'em No Limit ($0.02/$0.05 USD) - 2022/08/15 22:14:05 PT [2022/08/16 1:14:05 ET]
Table 'Theemin III' 9-max Seat #4 is the button
Seat 2: BlackCat0812 ($7.60 in chips) 
Seat 4: MOONSP3LL ($5.25 in chips) 
Seat 5: Maria'sDad77 ($10.42 in chips) 
Seat 6: Dorex2007 ($5 in chips) 
Seat 8: rezabraba333 ($1.93 in chips) 
Seat 9: bauticius ($13.40 in chips) 
Maria'sDad77: posts small blind $0.02
Dorex2007: posts big blind $0.05
*** HOLE CARDS ***
Dealt to Dorex2007 [6s Jd]
rezabraba333: calls $0.05
bauticius: folds 
BlackCat0812: calls $0.05
MOONSP3LL: raises $0.20 to $0.25
Maria'sDad77: folds 
Dorex2007: folds 
rezabraba333: calls $0.20
BlackCat0812: folds 
*** FLOP *** [8s 3c 6d]
rezabraba333: bets $0.29
MOONSP3LL: calls $0.29
*** TURN *** [8s 3c 6d] [7h]
rezabraba333: checks 
MOONSP3LL: bets $0.60
rezabraba333: calls $0.60
*** RIVER *** [8s 3c 6d 7h] [Kc]
rezabraba333: checks 
MOONSP3LL: bets $1.20
rezabraba333: calls $0.79 and is all-in
Uncalled bet ($0.41) returned to MOONSP3LL
*** SHOW DOWN ***
MOONSP3LL: shows [3s 4s] (a pair of Threes)
rezabraba333: shows [Jc Js] (a pair of Jacks)
rezabraba333 collected $3.81 from pot
*** SUMMARY ***
Total pot $3.98 | Rake $0.17 
Board [8s 3c 6d 7h Kc]
Seat 2: BlackCat0812 folded before Flop
Seat 4: MOONSP3LL (button) showed [3s 4s] and lost with a pair of Threes
Seat 5: Maria'sDad77 (small blind) folded before Flop
Seat 6: Dorex2007 (big blind) folded before Flop
Seat 8: rezabraba333 showed [Jc Js] and won ($3.81) with a pair of Jacks
Seat 9: bauticius folded before Flop (didn't bet)



PokerStars Hand #238019105774:  Hold'em No Limit ($0.02/$0.05 USD) - 2022/08/15 22:15:22 PT [2022/08/16 1:15:22 ET]
Table 'Theemin III' 9-max Seat #5 is the button
Seat 2: BlackCat0812 ($7.55 in chips) 
Seat 4: MOONSP3LL ($3.32 in chips) 
Seat 5: Maria'sDad77 ($10.40 in chips) 
Seat 6: Dorex2007 ($5 in chips) 
Seat 8: rezabraba333 ($3.81 in chips) 
Seat 9: bauticius ($13.40 in chips) 
Dorex2007: posts small blind $0.02
rezabraba333: posts big blind $0.05
*** HOLE CARDS ***
Dealt to Dorex2007 [Qh 6c]
bauticius: folds 
BlackCat0812: folds 
MOONSP3LL: folds 
gio119 joins the table at seat #3 
Maria'sDad77 has timed out
Maria'sDad77: folds 
Dorex2007: folds 
Uncalled bet ($0.03) returned to rezabraba333
rezabraba333 collected $0.04 from pot
*** SUMMARY ***
Total pot $0.04 | Rake $0 
Seat 2: BlackCat0812 folded before Flop (didn't bet)
Seat 4: MOONSP3LL folded before Flop (didn't bet)
Seat 5: Maria'sDad77 (button) folded before Flop (didn't bet)
Seat 6: Dorex2007 (small blind) folded before Flop
Seat 8: rezabraba333 (big blind) collected ($0.04)
Seat 9: bauticius folded before Flop (didn't bet)



PokerStars Hand #238019108387:  Hold'em No Limit ($0.02/$0.05 USD) - 2022/08/15 22:15:47 PT [2022/08/16 1:15:47 ET]
Table 'Theemin III' 9-max Seat #6 is the button
Seat 2: BlackCat0812 ($7.55 in chips) 
Seat 3: gio119 ($4 in chips) 
Seat 4: MOONSP3LL ($3.32 in chips) 
Seat 6: Dorex2007 ($5 in chips) 
Seat 8: rezabraba333 ($3.83 in chips) 
Seat 9: bauticius ($13.40 in chips) 
rezabraba333: posts small blind $0.02
bauticius: posts big blind $0.05
gio119: posts big blind $0.05
*** HOLE CARDS ***
Dealt to Dorex2007 [Ac Js]
BlackCat0812: calls $0.05
gio119 has timed out
gio119: checks 
MOONSP3LL: folds 
Dorex2007: calls $0.05
rezabraba333: folds 
bauticius: checks 
*** FLOP *** [4h 2d Qd]
bauticius: checks 
BlackCat0812: checks 
tolyaz joins the table at seat #7 
gio119: checks 
Dorex2007: checks 
*** TURN *** [4h 2d Qd] [Ad]
bauticius: bets $0.21
BlackCat0812: folds 
gio119: folds 
Dorex2007: folds 
Uncalled bet ($0.21) returned to bauticius
bauticius collected $0.21 from pot
bauticius: doesn't show hand 
*** SUMMARY ***
Total pot $0.22 | Rake $0.01 
Board [4h 2d Qd Ad]
Seat 2: BlackCat0812 folded on the Turn
Seat 3: gio119 folded on the Turn (didn't bet)
Seat 4: MOONSP3LL folded before Flop (didn't bet)
Seat 6: Dorex2007 (button) folded on the Turn
Seat 8: rezabraba333 (small blind) folded before Flop
Seat 9: bauticius (big blind) collected ($0.21)



PokerStars Hand #238019120182:  Hold'em No Limit ($0.02/$0.05 USD) - 2022/08/15 22:17:00 PT [2022/08/16 1:17:00 ET]
Table 'Theemin III' 9-max Seat #8 is the button
Seat 2: BlackCat0812 ($7.50 in chips) 
Seat 3: gio119 ($4 in chips) 
Seat 4: MOONSP3LL ($3.32 in chips) 
Seat 5: Maria'sDad77 ($10.40 in chips) 
Seat 6: Dorex2007 ($5 in chips) 
Seat 8: rezabraba333 ($3.81 in chips) 
Seat 9: bauticius ($13.56 in chips) 
bauticius: posts small blind $0.02
BlackCat0812: posts big blind $0.05
tolyaz: sits out 
*** HOLE CARDS ***
Dealt to Dorex2007 [Td 9d]
gio119: folds 
MOONSP3LL: folds 
Maria'sDad77: folds 
Dorex2007: folds 
rezabraba333: folds 
bauticius: raises $0.10 to $0.15
BlackCat0812: calls $0.10
*** FLOP *** [3h Qd 7h]
bauticius: bets $0.09
BlackCat0812: calls $0.09
*** TURN *** [3h Qd 7h] [As]
bauticius: bets $0.14
BlackCat0812: folds 
Uncalled bet ($0.14) returned to bauticius
bauticius collected $0.46 from pot
bauticius: doesn't show hand 
*** SUMMARY ***
Total pot $0.48 | Rake $0.02 
Board [3h Qd 7h As]
Seat 2: BlackCat0812 (big blind) folded on the Turn
Seat 3: gio119 folded before Flop (didn't bet)
Seat 4: MOONSP3LL folded before Flop (didn't bet)
Seat 5: Maria'sDad77 folded before Flop (didn't bet)
Seat 6: Dorex2007 folded before Flop (didn't bet)
Seat 8: rezabraba333 (button) folded before Flop (didn't bet)
Seat 9: bauticius (small blind) collected ($0.46)



PokerStars Hand #238019123682:  Hold'em No Limit ($0.02/$0.05 USD) - 2022/08/15 22:17:34 PT [2022/08/16 1:17:34 ET]
Table 'Theemin III' 9-max Seat #9 is the button
Seat 2: BlackCat0812 ($7.26 in chips) 
Seat 3: gio119 ($4 in chips) 
Seat 4: MOONSP3LL ($3.32 in chips) 
Seat 5: Maria'sDad77 ($10.40 in chips) 
Seat 6: Dorex2007 ($5 in chips) 
Seat 8: rezabraba333 ($3.81 in chips) 
Seat 9: bauticius ($13.78 in chips) 
BlackCat0812: posts small blind $0.02
gio119: posts big blind $0.05
spanake666 joins the table at seat #1 
tolyaz: sits out 
*** HOLE CARDS ***
Dealt to Dorex2007 [Ah 3d]
MOONSP3LL: folds 
Maria'sDad77: folds 
Dorex2007: folds 
rezabraba333: folds 
bauticius: raises $0.10 to $0.15
BlackCat0812: folds 
gio119: folds 
Uncalled bet ($0.10) returned to bauticius
bauticius collected $0.12 from pot
bauticius: doesn't show hand 
*** SUMMARY ***
Total pot $0.12 | Rake $0 
Seat 2: BlackCat0812 (small blind) folded before Flop
Seat 3: gio119 (big blind) folded before Flop
Seat 4: MOONSP3LL folded before Flop (didn't bet)
Seat 5: Maria'sDad77 folded before Flop (didn't bet)
Seat 6: Dorex2007 folded before Flop (didn't bet)
Seat 8: rezabraba333 folded before Flop (didn't bet)
Seat 9: bauticius (button) collected ($0.12)



PokerStars Hand #238019126576:  Hold'em No Limit ($0.02/$0.05 USD) - 2022/08/15 22:18:01 PT [2022/08/16 1:18:01 ET]
Table 'Theemin III' 9-max Seat #2 is the button
Seat 1: spanake666 ($2 in chips) 
Seat 2: BlackCat0812 ($7.24 in chips) 
Seat 3: gio119 ($4 in chips) 
Seat 4: MOONSP3LL ($3.32 in chips) 
Seat 5: Maria'sDad77 ($10.40 in chips) 
Seat 6: Dorex2007 ($5 in chips) 
Seat 8: rezabraba333 ($3.81 in chips) 
Seat 9: bauticius ($13.85 in chips) 
gio119: posts small blind $0.02
MOONSP3LL: posts big blind $0.05
tolyaz: sits out 
spanake666: posts big blind $0.05
*** HOLE CARDS ***
Dealt to Dorex2007 [6d Td]
Maria'sDad77: folds 
Dorex2007: folds 
rezabraba333: raises $0.10 to $0.15
bauticius: folds 
spanake666: calls $0.10
BlackCat0812: folds 
gio119: folds 
MOONSP3LL: calls $0.10
*** FLOP *** [9c 3d 5s]
MOONSP3LL: checks 
rezabraba333: checks 
spanake666: checks 
*** TURN *** [9c 3d 5s] [Qc]
MOONSP3LL: checks 
rezabraba333: checks 
spanake666: checks 
*** RIVER *** [9c 3d 5s Qc] [Jd]
MOONSP3LL: checks 
rezabraba333: checks 
spanake666: checks 
*** SHOW DOWN ***
MOONSP3LL: shows [6s 8s] (high card Queen)
rezabraba333: shows [As Ks] (high card Ace)
spanake666: mucks hand 
rezabraba333 collected $0.45 from pot
*** SUMMARY ***
Total pot $0.47 | Rake $0.02 
Board [9c 3d 5s Qc Jd]
Seat 1: spanake666 mucked [Kh 8c]
Seat 2: BlackCat0812 (button) folded before Flop (didn't bet)
Seat 3: gio119 (small blind) folded before Flop
Seat 4: MOONSP3LL (big blind) showed [6s 8s] and lost with high card Queen
Seat 5: Maria'sDad77 folded before Flop (didn't bet)
Seat 6: Dorex2007 folded before Flop (didn't bet)
Seat 8: rezabraba333 showed [As Ks] and won ($0.45) with high card Ace
Seat 9: bauticius folded before Flop (didn't bet)



PokerStars Hand #238019133786:  Hold'em No Limit ($0.02/$0.05 USD) - 2022/08/15 22:19:10 PT [2022/08/16 1:19:10 ET]
Table 'Theemin III' 9-max Seat #3 is the button
Seat 1: spanake666 ($1.85 in chips) 
Seat 2: BlackCat0812 ($7.24 in chips) 
Seat 3: gio119 ($4 in chips) 
Seat 4: MOONSP3LL ($3.17 in chips) 
Seat 5: Maria'sDad77 ($10.40 in chips) 
Seat 6: Dorex2007 ($5 in chips) 
Seat 8: rezabraba333 ($4.11 in chips) 
Seat 9: bauticius ($13.85 in chips) 
MOONSP3LL: posts small blind $0.02
Maria'sDad77: posts big blind $0.05
tolyaz: sits out 
*** HOLE CARDS ***
Dealt to Dorex2007 [Qs Td]
Dorex2007: folds 
rezabraba333: folds 
bauticius: folds 
spanake666: calls $0.05
BlackCat0812: calls $0.05
gio119: folds 
MOONSP3LL: folds 
Maria'sDad77: raises $0.10 to $0.15
spanake666: calls $0.10
BlackCat0812: calls $0.10
*** FLOP *** [Qc 6s 8s]
Maria'sDad77: bets $0.32
spanake666: calls $0.32
BlackCat0812: folds 
*** TURN *** [Qc 6s 8s] [Qd]
Maria'sDad77: checks 
spanake666: checks 
*** RIVER *** [Qc 6s 8s Qd] [5h]
Maria'sDad77: checks 
spanake666: checks 
*** SHOW DOWN ***
Maria'sDad77: shows [Ac 8c] (two pair, Queens and Eights)
spanake666: mucks hand 
Maria'sDad77 collected $1.06 from pot
*** SUMMARY ***
Total pot $1.11 | Rake $0.05 
Board [Qc 6s 8s Qd 5h]
Seat 1: spanake666 mucked [As 3s]
Seat 2: BlackCat0812 folded on the Flop
Seat 3: gio119 (button) folded before Flop (didn't bet)
Seat 4: MOONSP3LL (small blind) folded before Flop
Seat 5: Maria'sDad77 (big blind) showed [Ac 8c] and won ($1.06) with two pair, Queens and Eights
Seat 6: Dorex2007 folded before Flop (didn't bet)
Seat 8: rezabraba333 folded before Flop (didn't bet)
Seat 9: bauticius folded before Flop (didn't bet)



PokerStars Hand #238019141712:  Hold'em No Limit ($0.02/$0.05 USD) - 2022/08/15 22:20:24 PT [2022/08/16 1:20:24 ET]
Table 'Theemin III' 9-max Seat #4 is the button
Seat 1: spanake666 ($1.38 in chips) 
Seat 2: BlackCat0812 ($7.09 in chips) 
Seat 3: gio119 ($4 in chips) 
Seat 4: MOONSP3LL ($3.15 in chips) 
Seat 5: Maria'sDad77 ($10.99 in chips) 
Seat 6: Dorex2007 ($5 in chips) 
Seat 8: rezabraba333 ($4.11 in chips) 
Seat 9: bauticius ($13.85 in chips) 
Maria'sDad77: posts small blind $0.02
Dorex2007: posts big blind $0.05
tolyaz: sits out 
*** HOLE CARDS ***
Dealt to Dorex2007 [Jh Qs]
rezabraba333: calls $0.05
bauticius: calls $0.05
spanake666: calls $0.05
BlackCat0812: calls $0.05
gio119: folds 
MOONSP3LL: folds 
Maria'sDad77: folds 
Dorex2007: checks 
*** FLOP *** [2s Qd 5d]
Dorex2007: checks 
rezabraba333: checks 
bauticius: checks 
spanake666: checks 
BlackCat0812: checks 
*** TURN *** [2s Qd 5d] [5c]
Dorex2007: bets $0.26
rezabraba333: calls $0.26
bauticius: folds 
spanake666: folds 
BlackCat0812: folds 
*** RIVER *** [2s Qd 5d 5c] [8c]
Dorex2007: bets $0.38
rezabraba333: folds 
Uncalled bet ($0.38) returned to Dorex2007
Dorex2007 collected $0.76 from pot
Dorex2007: doesn't show hand 
*** SUMMARY ***
Total pot $0.79 | Rake $0.03 
Board [2s Qd 5d 5c 8c]
Seat 1: spanake666 folded on the Turn
Seat 2: BlackCat0812 folded on the Turn
Seat 3: gio119 folded before Flop (didn't bet)
Seat 4: MOONSP3LL (button) folded before Flop (didn't bet)
Seat 5: Maria'sDad77 (small blind) folded before Flop
Seat 6: Dorex2007 (big blind) collected ($0.76)
Seat 8: rezabraba333 folded on the River
Seat 9: bauticius folded on the Turn



PokerStars Hand #238019149783:  Hold'em No Limit ($0.02/$0.05 USD) - 2022/08/15 22:21:40 PT [2022/08/16 1:21:40 ET]
Table 'Theemin III' 9-max Seat #5 is the button
Seat 1: spanake666 ($1.33 in chips) 
Seat 2: BlackCat0812 ($7.04 in chips) 
Seat 3: gio119 ($4 in chips) 
Seat 4: MOONSP3LL ($3.15 in chips) 
Seat 5: Maria'sDad77 ($10.97 in chips) 
Seat 6: Dorex2007 ($5.45 in chips) 
Seat 7: tolyaz ($2 in chips) 
Seat 8: rezabraba333 ($3.80 in chips) 
Seat 9: bauticius ($13.80 in chips) 
Dorex2007: posts small blind $0.02
tolyaz: posts big blind $0.05
*** HOLE CARDS ***
Dealt to Dorex2007 [Th Jd]
rezabraba333: folds 
bauticius: folds 
spanake666: folds 
BlackCat0812: folds 
gio119: folds 
MOONSP3LL: folds 
Maria'sDad77: folds 
Dorex2007: calls $0.03
tolyaz: checks 
*** FLOP *** [6c 2c Jc]
Dorex2007: bets $0.60
tolyaz: folds 
Uncalled bet ($0.60) returned to Dorex2007
Dorex2007 collected $0.10 from pot
Dorex2007: doesn't show hand 
*** SUMMARY ***
Total pot $0.10 | Rake $0 
Board [6c 2c Jc]
Seat 1: spanake666 folded before Flop (didn't bet)
Seat 2: BlackCat0812 folded before Flop (didn't bet)
Seat 3: gio119 folded before Flop (didn't bet)
Seat 4: MOONSP3LL folded before Flop (didn't bet)
Seat 5: Maria'sDad77 (button) folded before Flop (didn't bet)
Seat 6: Dorex2007 (small blind) collected ($0.10)
Seat 7: tolyaz (big blind) folded on the Flop
Seat 8: rezabraba333 folded before Flop (didn't bet)
Seat 9: bauticius folded before Flop (didn't bet)



PokerStars Hand #238019152778:  Hold'em No Limit ($0.02/$0.05 USD) - 2022/08/15 22:22:08 PT [2022/08/16 1:22:08 ET]
Table 'Theemin III' 9-max Seat #6 is the button
Seat 1: spanake666 ($1.33 in chips) 
Seat 2: BlackCat0812 ($7.04 in chips) 
Seat 3: gio119 ($4 in chips) 
Seat 4: MOONSP3LL ($3.15 in chips) 
Seat 5: Maria'sDad77 ($10.97 in chips) 
Seat 6: Dorex2007 ($5.50 in chips) 
Seat 7: tolyaz ($1.95 in chips) 
Seat 8: rezabraba333 ($3.80 in chips) 
Seat 9: bauticius ($13.80 in chips) 
tolyaz: posts small blind $0.02
rezabraba333: posts big blind $0.05
*** HOLE CARDS ***
Dealt to Dorex2007 [2d Qc]
bauticius: folds 
spanake666: folds 
BlackCat0812: calls $0.05
gio119: folds 
MOONSP3LL: folds 
Maria'sDad77: raises $0.05 to $0.10
Dorex2007: folds 
tolyaz: folds 
rezabraba333: folds 
BlackCat0812: calls $0.05
*** FLOP *** [7h 4d Jd]
BlackCat0812: checks 
Maria'sDad77: bets $0.23
BlackCat0812: folds 
Uncalled bet ($0.23) returned to Maria'sDad77
Maria'sDad77 collected $0.26 from pot
Maria'sDad77: doesn't show hand 
*** SUMMARY ***
Total pot $0.27 | Rake $0.01 
Board [7h 4d Jd]
Seat 1: spanake666 folded before Flop (didn't bet)
Seat 2: BlackCat0812 folded on the Flop
Seat 3: gio119 folded before Flop (didn't bet)
Seat 4: MOONSP3LL folded before Flop (didn't bet)
Seat 5: Maria'sDad77 collected ($0.26)
Seat 6: Dorex2007 (button) folded before Flop (didn't bet)
Seat 7: tolyaz (small blind) folded before Flop
Seat 8: rezabraba333 (big blind) folded before Flop
Seat 9: bauticius folded before Flop (didn't bet)



PokerStars Hand #238019156800:  Hold'em No Limit ($0.02/$0.05 USD) - 2022/08/15 22:22:46 PT [2022/08/16 1:22:46 ET]
Table 'Theemin III' 9-max Seat #7 is the button
Seat 1: spanake666 ($1.33 in chips) 
Seat 2: BlackCat0812 ($6.94 in chips) 
Seat 3: gio119 ($4 in chips) 
Seat 4: MOONSP3LL ($3.15 in chips) 
Seat 5: Maria'sDad77 ($11.13 in chips) 
Seat 6: Dorex2007 ($5.50 in chips) 
Seat 7: tolyaz ($1.93 in chips) 
Seat 8: rezabraba333 ($3.75 in chips) 
Seat 9: bauticius ($13.80 in chips) 
rezabraba333: posts small blind $0.02
bauticius: posts big blind $0.05
*** HOLE CARDS ***
Dealt to Dorex2007 [6c Ad]
spanake666: calls $0.05
BlackCat0812: calls $0.05
gio119 has timed out
gio119: folds 
MOONSP3LL: folds 
Maria'sDad77: raises $0.05 to $0.10
Dorex2007: folds 
tolyaz: folds 
rezabraba333: raises $0.05 to $0.15
bauticius: calls $0.10
spanake666: folds 
BlackCat0812: folds 
gio119 is disconnected 
Maria'sDad77: calls $0.05
*** FLOP *** [Th 6h 5d]
rezabraba333: checks 
bauticius: checks 
Maria'sDad77: checks 
*** TURN *** [Th 6h 5d] [Jc]
rezabraba333: checks 
bauticius: checks 
Maria'sDad77: checks 
*** RIVER *** [Th 6h 5d Jc] [Kc]
rezabraba333: checks 
bauticius: checks 
Maria'sDad77: bets $0.53
rezabraba333: folds 
bauticius: folds 
Uncalled bet ($0.53) returned to Maria'sDad77
Maria'sDad77 collected $0.53 from pot
Maria'sDad77: doesn't show hand 
*** SUMMARY ***
Total pot $0.55 | Rake $0.02 
Board [Th 6h 5d Jc Kc]
Seat 1: spanake666 folded before Flop
Seat 2: BlackCat0812 folded before Flop
Seat 3: gio119 folded before Flop (didn't bet)
Seat 4: MOONSP3LL folded before Flop (didn't bet)
Seat 5: Maria'sDad77 collected ($0.53)
Seat 6: Dorex2007 folded before Flop (didn't bet)
Seat 7: tolyaz (button) folded before Flop (didn't bet)
Seat 8: rezabraba333 (small blind) folded on the River
Seat 9: bauticius (big blind) folded on the River



PokerStars Hand #238019169337:  Hold'em No Limit ($0.02/$0.05 USD) - 2022/08/15 22:24:47 PT [2022/08/16 1:24:47 ET]
Table 'Theemin III' 9-max Seat #8 is the button
Seat 1: spanake666 ($1.28 in chips) 
Seat 2: BlackCat0812 ($6.89 in chips) 
Seat 3: gio119 ($4 in chips) 
Seat 4: MOONSP3LL ($3.15 in chips) 
Seat 5: Maria'sDad77 ($11.51 in chips) 
Seat 6: Dorex2007 ($5.50 in chips) 
Seat 7: tolyaz ($1.93 in chips) 
Seat 8: rezabraba333 ($3.60 in chips) 
Seat 9: bauticius ($13.65 in chips) 
bauticius: posts small blind $0.02
spanake666: posts big blind $0.05
*** HOLE CARDS ***
Dealt to Dorex2007 [7d Jh]
BlackCat0812: folds 
gio119: folds 
MOONSP3LL: raises $0.10 to $0.15
Maria'sDad77: folds 
Dorex2007: folds 
tolyaz: calls $0.15
rezabraba333: folds 
bauticius: folds 
spanake666: folds 
*** FLOP *** [Js 8s 3h]
MOONSP3LL: bets $0.12
tolyaz: calls $0.12
*** TURN *** [Js 8s 3h] [5d]
MOONSP3LL: bets $0.35
tolyaz: folds 
Uncalled bet ($0.35) returned to MOONSP3LL
MOONSP3LL collected $0.57 from pot
MOONSP3LL: doesn't show hand 
*** SUMMARY ***
Total pot $0.61 | Rake $0.04 
Board [Js 8s 3h 5d]
Seat 1: spanake666 (big blind) folded before Flop
Seat 2: BlackCat0812 folded before Flop (didn't bet)
Seat 3: gio119 folded before Flop (didn't bet)
Seat 4: MOONSP3LL collected ($0.57)
Seat 5: Maria'sDad77 folded before Flop (didn't bet)
Seat 6: Dorex2007 folded before Flop (didn't bet)
Seat 7: tolyaz folded on the Turn
Seat 8: rezabraba333 (button) folded before Flop (didn't bet)
Seat 9: bauticius (small blind) folded before Flop



PokerStars Hand #238019174599:  Hold'em No Limit ($0.02/$0.05 USD) - 2022/08/15 22:25:38 PT [2022/08/16 1:25:38 ET]
Table 'Theemin III' 9-max Seat #9 is the button
Seat 1: spanake666 ($1.23 in chips) 
Seat 2: BlackCat0812 ($6.89 in chips) 
Seat 3: gio119 ($4 in chips) 
Seat 4: MOONSP3LL ($3.45 in chips) 
Seat 5: Maria'sDad77 ($11.51 in chips) 
Seat 6: Dorex2007 ($5.50 in chips) 
Seat 7: tolyaz ($1.66 in chips) 
Seat 8: rezabraba333 ($3.60 in chips) 
Seat 9: bauticius ($13.63 in chips) 
spanake666: posts small blind $0.02
BlackCat0812: posts big blind $0.05
*** HOLE CARDS ***
Dealt to Dorex2007 [5d Ah]
gio119: folds 
MOONSP3LL: folds 
Maria'sDad77: folds 
Dorex2007: folds 
tolyaz: folds 
rezabraba333: folds 
bauticius: folds 
spanake666: calls $0.03
BlackCat0812: checks 
*** FLOP *** [9c Tc 4h]
spanake666: bets $0.10
BlackCat0812: calls $0.10
*** TURN *** [9c Tc 4h] [5c]
spanake666: bets $0.20
BlackCat0812: calls $0.20
*** RIVER *** [9c Tc 4h 5c] [9s]
spanake666: bets $0.25
BlackCat0812: raises $6.29 to $6.54 and is all-in
spanake666: calls $0.63 and is all-in
Uncalled bet ($5.66) returned to BlackCat0812
*** SHOW DOWN ***
BlackCat0812: shows [9h Js] (three of a kind, Nines)
spanake666: shows [Ks Td] (two pair, Tens and Nines)
BlackCat0812 collected $2.36 from pot
*** SUMMARY ***
Total pot $2.46 | Rake $0.10 
Board [9c Tc 4h 5c 9s]
Seat 1: spanake666 (small blind) showed [Ks Td] and lost with two pair, Tens and Nines
Seat 2: BlackCat0812 (big blind) showed [9h Js] and won ($2.36) with three of a kind, Nines
Seat 3: gio119 folded before Flop (didn't bet)
Seat 4: MOONSP3LL folded before Flop (didn't bet)
Seat 5: Maria'sDad77 folded before Flop (didn't bet)
Seat 6: Dorex2007 folded before Flop (didn't bet)
Seat 7: tolyaz folded before Flop (didn't bet)
Seat 8: rezabraba333 folded before Flop (didn't bet)
Seat 9: bauticius (button) folded before Flop (didn't bet)



PokerStars Hand #238019179487:  Hold'em No Limit ($0.02/$0.05 USD) - 2022/08/15 22:26:26 PT [2022/08/16 1:26:26 ET]
Table 'Theemin III' 9-max Seat #2 is the button
Seat 2: BlackCat0812 ($8.02 in chips) 
Seat 3: gio119 ($4 in chips) 
Seat 4: MOONSP3LL ($3.45 in chips) 
Seat 5: Maria'sDad77 ($11.51 in chips) 
Seat 6: Dorex2007 ($5.50 in chips) 
Seat 7: tolyaz ($1.66 in chips) 
Seat 8: rezabraba333 ($3.60 in chips) 
Seat 9: bauticius ($13.63 in chips) 
gio119: posts small blind $0.02
MOONSP3LL: posts big blind $0.05
*** HOLE CARDS ***
Dealt to Dorex2007 [8c 7s]
spanake666 is disconnected 
Maria'sDad77: folds 
Dorex2007: folds 
tolyaz: folds 
rezabraba333: folds 
bauticius: folds 
BlackCat0812: calls $0.05
gio119: folds 
MOONSP3LL: raises $0.15 to $0.20
BlackCat0812: folds 
Uncalled bet ($0.15) returned to MOONSP3LL
MOONSP3LL collected $0.12 from pot
MOONSP3LL: doesn't show hand 
*** SUMMARY ***
Total pot $0.12 | Rake $0 
Seat 2: BlackCat0812 (button) folded before Flop
Seat 3: gio119 (small blind) folded before Flop
Seat 4: MOONSP3LL (big blind) collected ($0.12)
Seat 5: Maria'sDad77 folded before Flop (didn't bet)
Seat 6: Dorex2007 folded before Flop (didn't bet)
Seat 7: tolyaz folded before Flop (didn't bet)
Seat 8: rezabraba333 folded before Flop (didn't bet)
Seat 9: bauticius folded before Flop (didn't bet)



PokerStars Hand #238019183352:  Hold'em No Limit ($0.02/$0.05 USD) - 2022/08/15 22:27:03 PT [2022/08/16 1:27:03 ET]
Table 'Theemin III' 9-max Seat #3 is the button
Seat 2: BlackCat0812 ($7.97 in chips) 
Seat 3: gio119 ($4 in chips) 
Seat 4: MOONSP3LL ($3.52 in chips) 
Seat 5: Maria'sDad77 ($11.51 in chips) 
Seat 6: Dorex2007 ($5.50 in chips) 
Seat 7: tolyaz ($1.66 in chips) 
Seat 8: rezabraba333 ($3.60 in chips) 
Seat 9: bauticius ($13.63 in chips) 
MOONSP3LL: posts small blind $0.02
Maria'sDad77: posts big blind $0.05
*** HOLE CARDS ***
Dealt to Dorex2007 [Ts Qs]
Dorex2007: calls $0.05
tolyaz: folds 
rezabraba333: calls $0.05
bauticius: calls $0.05
BlackCat0812: calls $0.05
gio119: folds 
MOONSP3LL: calls $0.03
Maria'sDad77: checks 
*** FLOP *** [Kd 5c Ad]
MOONSP3LL: checks 
Maria'sDad77: checks 
Dorex2007: checks 
rezabraba333: checks 
bauticius: bets $0.09
BlackCat0812: folds 
MOONSP3LL: folds 
Maria'sDad77: raises $0.24 to $0.33
Dorex2007: folds 
rezabraba333: calls $0.33
bauticius: calls $0.24
*** TURN *** [Kd 5c Ad] [8d]
Maria'sDad77: bets $0.62
rezabraba333: calls $0.62
bauticius: calls $0.62
*** RIVER *** [Kd 5c Ad 8d] [Ks]
Maria'sDad77: bets $1.51
rezabraba333: calls $1.51
bauticius: calls $1.51
*** SHOW DOWN ***
Maria'sDad77: shows [5h Kc] (a full house, Kings full of Fives)
rezabraba333: mucks hand 
bauticius: mucks hand 
Maria'sDad77 collected $7.36 from pot
*** SUMMARY ***
Total pot $7.68 | Rake $0.32 
Board [Kd 5c Ad 8d Ks]
Seat 2: BlackCat0812 folded on the Flop
Seat 3: gio119 (button) folded before Flop (didn't bet)
Seat 4: MOONSP3LL (small blind) folded on the Flop
Seat 5: Maria'sDad77 (big blind) showed [5h Kc] and won ($7.36) with a full house, Kings full of Fives
Seat 6: Dorex2007 folded on the Flop
Seat 7: tolyaz folded before Flop (didn't bet)
Seat 8: rezabraba333 mucked [Ac Jh]
Seat 9: bauticius mucked [Ah 8h]



PokerStars Hand #238019196175:  Hold'em No Limit ($0.02/$0.05 USD) - 2022/08/15 22:29:06 PT [2022/08/16 1:29:06 ET]
Table 'Theemin III' 9-max Seat #4 is the button
Seat 2: BlackCat0812 ($7.92 in chips) 
Seat 3: gio119 ($4 in chips) 
Seat 4: MOONSP3LL ($3.47 in chips) 
Seat 5: Maria'sDad77 ($16.36 in chips) 
Seat 6: Dorex2007 ($5.45 in chips) 
Seat 7: tolyaz ($1.66 in chips) 
Seat 8: rezabraba333 ($1.09 in chips) 
Seat 9: bauticius ($11.12 in chips) 
Maria'sDad77: posts small blind $0.02
Dorex2007: posts big blind $0.05
*** HOLE CARDS ***
Dealt to Dorex2007 [9c 8h]
tolyaz: folds 
rezabraba333: folds 
bauticius: raises $0.10 to $0.15
BlackCat0812: folds 
gio119: folds 
MOONSP3LL: folds 
Maria'sDad77: folds 
Dorex2007: folds 
Uncalled bet ($0.10) returned to bauticius
bauticius collected $0.12 from pot
bauticius: doesn't show hand 
*** SUMMARY ***
Total pot $0.12 | Rake $0 
Seat 2: BlackCat0812 folded before Flop (didn't bet)
Seat 3: gio119 folded before Flop (didn't bet)
Seat 4: MOONSP3LL (button) folded before Flop (didn't bet)
Seat 5: Maria'sDad77 (small blind) folded before Flop
Seat 6: Dorex2007 (big blind) folded before Flop
Seat 7: tolyaz folded before Flop (didn't bet)
Seat 8: rezabraba333 folded before Flop (didn't bet)
Seat 9: bauticius collected ($0.12)



PokerStars Hand #238019200016:  Hold'em No Limit ($0.02/$0.05 USD) - 2022/08/15 22:29:44 PT [2022/08/16 1:29:44 ET]
Table 'Theemin III' 9-max Seat #5 is the button
Seat 2: BlackCat0812 ($7.92 in chips) 
Seat 3: gio119 ($4 in chips) 
Seat 4: MOONSP3LL ($3.47 in chips) 
Seat 5: Maria'sDad77 ($16.34 in chips) 
Seat 6: Dorex2007 ($5.40 in chips) 
Seat 7: tolyaz ($1.66 in chips) 
Seat 8: rezabraba333 ($1.09 in chips) 
Seat 9: bauticius ($11.19 in chips) 
Dorex2007: posts small blind $0.02
tolyaz: posts big blind $0.05
*** HOLE CARDS ***
Dealt to Dorex2007 [5s Qc]
rezabraba333: calls $0.05
bauticius: folds 
BlackCat0812: calls $0.05
gio119: folds 
MOONSP3LL: raises $0.15 to $0.20
Maria'sDad77: calls $0.20
Dorex2007: folds 
tolyaz: folds 
rezabraba333: raises $0.15 to $0.35
BlackCat0812: folds 
MOONSP3LL: calls $0.15
Maria'sDad77: calls $0.15
*** FLOP *** [2h 2s 9c]
bauticius leaves the table
rezabraba333: checks 
MOONSP3LL: checks 
Maria'sDad77: checks 
*** TURN *** [2h 2s 9c] [7h]
rezabraba333: bets $0.25
MOONSP3LL: calls $0.25
Maria'sDad77: folds 
*** RIVER *** [2h 2s 9c 7h] [As]
rezabraba333: checks 
MOONSP3LL: bets $1.12
rezabraba333: folds 
Uncalled bet ($1.12) returned to MOONSP3LL
MOONSP3LL collected $1.58 from pot
MOONSP3LL: doesn't show hand 
*** SUMMARY ***
Total pot $1.67 | Rake $0.09 
Board [2h 2s 9c 7h As]
Seat 2: BlackCat0812 folded before Flop
Seat 3: gio119 folded before Flop (didn't bet)
Seat 4: MOONSP3LL collected ($1.58)
Seat 5: Maria'sDad77 (button) folded on the Turn
Seat 6: Dorex2007 (small blind) folded before Flop
Seat 7: tolyaz (big blind) folded before Flop
Seat 8: rezabraba333 folded on the River
Seat 9: bauticius folded before Flop (didn't bet)



PokerStars Hand #238019210325:  Hold'em No Limit ($0.02/$0.05 USD) - 2022/08/15 22:31:23 PT [2022/08/16 1:31:23 ET]
Table 'Theemin III' 9-max Seat #6 is the button
Seat 2: BlackCat0812 ($7.87 in chips) 
Seat 3: gio119 ($4 in chips) 
Seat 4: MOONSP3LL ($4.45 in chips) 
Seat 5: Maria'sDad77 ($15.99 in chips) 
Seat 6: Dorex2007 ($5.38 in chips) 
Seat 7: tolyaz ($1.61 in chips) 
Seat 8: rezabraba333 ($0.49 in chips) 
tolyaz: posts small blind $0.02
rezabraba333: posts big blind $0.05
*** HOLE CARDS ***
Dealt to Dorex2007 [Ah Ac]
BlackCat0812: folds 
gio119: folds 
MOONSP3LL: folds 
Maria'sDad77: folds 
Dorex2007: raises $0.15 to $0.20
tolyaz: folds 
rezabraba333: folds 
Uncalled bet ($0.15) returned to Dorex2007
Dorex2007 collected $0.12 from pot
Dorex2007: doesn't show hand 
*** SUMMARY ***
Total pot $0.12 | Rake $0 
Seat 2: BlackCat0812 folded before Flop (didn't bet)
Seat 3: gio119 folded before Flop (didn't bet)
Seat 4: MOONSP3LL folded before Flop (didn't bet)
Seat 5: Maria'sDad77 folded before Flop (didn't bet)
Seat 6: Dorex2007 (button) collected ($0.12)
Seat 7: tolyaz (small blind) folded before Flop
Seat 8: rezabraba333 (big blind) folded before Flop



PokerStars Hand #238019212417:  Hold'em No Limit ($0.02/$0.05 USD) - 2022/08/15 22:31:42 PT [2022/08/16 1:31:42 ET]
Table 'Theemin III' 9-max Seat #7 is the button
Seat 2: BlackCat0812 ($7.87 in chips) 
Seat 3: gio119 ($4 in chips) 
Seat 4: MOONSP3LL ($4.45 in chips) 
Seat 5: Maria'sDad77 ($15.99 in chips) 
Seat 6: Dorex2007 ($5.45 in chips) 
Seat 7: tolyaz ($1.59 in chips) 
Seat 8: rezabraba333 ($0.44 in chips) 
rezabraba333: posts small blind $0.02
BlackCat0812: posts big blind $0.05
*** HOLE CARDS ***
Dealt to Dorex2007 [Jh Jd]
gio119 has timed out
gio119: folds 
MOONSP3LL: folds 
Maria'sDad77: folds 
Dorex2007: raises $0.15 to $0.20
tolyaz: folds 
rezabraba333: raises $0.24 to $0.44 and is all-in
BlackCat0812: folds 
Dorex2007: calls $0.24
*** FLOP *** [9c Jc 2h]
*** TURN *** [9c Jc 2h] [8h]
*** RIVER *** [9c Jc 2h 8h] [Ah]
*** SHOW DOWN ***
rezabraba333: shows [Ad Kd] (a pair of Aces)
Dorex2007: shows [Jh Jd] (three of a kind, Jacks)
Dorex2007 cashed out the hand for $0.48
*** SUMMARY ***
Total pot $0.93 | Rake $0.04 
Board [9c Jc 2h 8h Ah]
Seat 2: BlackCat0812 (big blind) folded before Flop
Seat 3: gio119 folded before Flop (didn't bet)
Seat 4: MOONSP3LL folded before Flop (didn't bet)
Seat 5: Maria'sDad77 folded before Flop (didn't bet)
Seat 6: Dorex2007 showed [Jh Jd] and won ($0.89) with three of a kind, Jacks (pot not awarded as player cashed out)
Seat 7: tolyaz (button) folded before Flop (didn't bet)
Seat 8: rezabraba333 (small blind) showed [Ad Kd] and lost with a pair of Aces



PokerStars Hand #238019216723:  Hold'em No Limit ($0.02/$0.05 USD) - 2022/08/15 22:32:24 PT [2022/08/16 1:32:24 ET]
Table 'Theemin III' 9-max Seat #2 is the button
Seat 2: BlackCat0812 ($7.82 in chips) 
Seat 4: MOONSP3LL ($4.45 in chips) 
Seat 5: Maria'sDad77 ($15.99 in chips) 
Seat 6: Dorex2007 ($5.49 in chips) 
Seat 7: tolyaz ($1.59 in chips) 
MOONSP3LL: posts small blind $0.02
Maria'sDad77: posts big blind $0.05
*** HOLE CARDS ***
Dealt to Dorex2007 [6c Ts]
Dorex2007: folds 
tolyaz: folds 
BlackCat0812: calls $0.05
MOONSP3LL: folds 
Maria'sDad77: checks 
*** FLOP *** [5h 5d 5s]
Maria'sDad77: checks 
BlackCat0812: bets $0.15
Maria'sDad77: folds 
Uncalled bet ($0.15) returned to BlackCat0812
BlackCat0812 collected $0.12 from pot
*** SUMMARY ***
Total pot $0.12 | Rake $0 
Board [5h 5d 5s]
Seat 2: BlackCat0812 (button) collected ($0.12)
Seat 4: MOONSP3LL (small blind) folded before Flop
Seat 5: Maria'sDad77 (big blind) folded on the Flop
Seat 6: Dorex2007 folded before Flop (didn't bet)
Seat 7: tolyaz folded before Flop (didn't bet)



PokerStars Hand #238019219631:  Hold'em No Limit ($0.02/$0.05 USD) - 2022/08/15 22:32:53 PT [2022/08/16 1:32:53 ET]
Table 'Theemin III' 9-max Seat #4 is the button
Seat 2: BlackCat0812 ($7.89 in chips) 
Seat 3: gio119 ($4 in chips) 
Seat 4: MOONSP3LL ($4.43 in chips) 
Seat 5: Maria'sDad77 ($15.94 in chips) 
Seat 6: Dorex2007 ($5.49 in chips) 
Seat 7: tolyaz ($1.59 in chips) 
Maria'sDad77: posts small blind $0.02
Dorex2007: posts big blind $0.05
gio119: posts small blind $0.02
*** HOLE CARDS ***
Dealt to Dorex2007 [6s Td]
tolyaz: folds 
Brennon4 joins the table at seat #9 
BlackCat0812: calls $0.05
gio119: folds 
MOONSP3LL: folds 
Maria'sDad77: calls $0.03
Dorex2007: checks 
*** FLOP *** [2d Tc Kd]
Maria'sDad77: bets $0.16
Dorex2007: folds 
BlackCat0812: folds 
Uncalled bet ($0.16) returned to Maria'sDad77
Maria'sDad77 collected $0.16 from pot
Maria'sDad77: shows [Kc Th] (two pair, Kings and Tens)
*** SUMMARY ***
Total pot $0.17 | Rake $0.01 
Board [2d Tc Kd]
Seat 2: BlackCat0812 folded on the Flop
Seat 3: gio119 folded before Flop (didn't bet)
Seat 4: MOONSP3LL (button) folded before Flop (didn't bet)
Seat 5: Maria'sDad77 (small blind) collected ($0.16)
Seat 6: Dorex2007 (big blind) folded on the Flop
Seat 7: tolyaz folded before Flop (didn't bet)



PokerStars Hand #238019224386:  Hold'em No Limit ($0.02/$0.05 USD) - 2022/08/15 22:33:38 PT [2022/08/16 1:33:38 ET]
Table 'Theemin III' 9-max Seat #5 is the button
Seat 2: BlackCat0812 ($7.84 in chips) 
Seat 3: gio119 ($4 in chips) 
Seat 4: MOONSP3LL ($4.43 in chips) 
Seat 5: Maria'sDad77 ($16.05 in chips) 
Seat 6: Dorex2007 ($5.44 in chips) 
Seat 7: tolyaz ($1.59 in chips) 
Seat 8: rezabraba333 ($2 in chips) 
Dorex2007: posts small blind $0.02
tolyaz: posts big blind $0.05
Brennon4: sits out 
*** HOLE CARDS ***
Dealt to Dorex2007 [8d 6s]
rezabraba333: folds 
BlackCat0812: folds 
gio119: folds 
MOONSP3LL: folds 
Maria'sDad77: folds 
Dorex2007: folds 
Uncalled bet ($0.03) returned to tolyaz
tolyaz collected $0.04 from pot
tolyaz: doesn't show hand 
*** SUMMARY ***
Total pot $0.04 | Rake $0 
Seat 2: BlackCat0812 folded before Flop (didn't bet)
Seat 3: gio119 folded before Flop (didn't bet)
Seat 4: MOONSP3LL folded before Flop (didn't bet)
Seat 5: Maria'sDad77 (button) folded before Flop (didn't bet)
Seat 6: Dorex2007 (small blind) folded before Flop
Seat 7: tolyaz (big blind) collected ($0.04)
Seat 8: rezabraba333 folded before Flop (didn't bet)



PokerStars Hand #238019226172:  Hold'em No Limit ($0.02/$0.05 USD) - 2022/08/15 22:33:55 PT [2022/08/16 1:33:55 ET]
Table 'Theemin III' 9-max Seat #6 is the button
Seat 2: BlackCat0812 ($7.84 in chips) 
Seat 3: gio119 ($4 in chips) 
Seat 4: MOONSP3LL ($4.43 in chips) 
Seat 5: Maria'sDad77 ($16.05 in chips) 
Seat 6: Dorex2007 ($5.42 in chips) 
Seat 7: tolyaz ($1.61 in chips) 
Seat 8: rezabraba333 ($2 in chips) 
tolyaz: posts small blind $0.02
rezabraba333: posts big blind $0.05
Brennon4: sits out 
*** HOLE CARDS ***
Dealt to Dorex2007 [Jh Kh]
BlackCat0812: folds 
gio119: folds 
MOONSP3LL: folds 
Maria'sDad77: folds 
Dorex2007: raises $0.05 to $0.10
tolyaz: folds 
rezabraba333: calls $0.05
*** FLOP *** [5d 5h 4c]
rezabraba333: checks 
Dorex2007: checks 
*** TURN *** [5d 5h 4c] [Qd]
rezabraba333: checks 
Dorex2007: checks 
*** RIVER *** [5d 5h 4c Qd] [Ks]
rezabraba333: bets $0.10
Dorex2007: calls $0.10
*** SHOW DOWN ***
rezabraba333: shows [Kd Ad] (two pair, Kings and Fives)
Dorex2007: mucks hand 
rezabraba333 collected $0.40 from pot
*** SUMMARY ***
Total pot $0.42 | Rake $0.02 
Board [5d 5h 4c Qd Ks]
Seat 2: BlackCat0812 folded before Flop (didn't bet)
Seat 3: gio119 folded before Flop (didn't bet)
Seat 4: MOONSP3LL folded before Flop (didn't bet)
Seat 5: Maria'sDad77 folded before Flop (didn't bet)
Seat 6: Dorex2007 (button) mucked [Jh Kh]
Seat 7: tolyaz (small blind) folded before Flop
Seat 8: rezabraba333 (big blind) showed [Kd Ad] and won ($0.40) with two pair, Kings and Fives



PokerStars Hand #238019232233:  Hold'em No Limit ($0.02/$0.05 USD) - 2022/08/15 22:34:53 PT [2022/08/16 1:34:53 ET]
Table 'Theemin III' 9-max Seat #7 is the button
Seat 2: BlackCat0812 ($7.84 in chips) 
Seat 3: gio119 ($4 in chips) 
Seat 4: MOONSP3LL ($4.43 in chips) 
Seat 5: Maria'sDad77 ($16.05 in chips) 
Seat 6: Dorex2007 ($5.22 in chips) 
Seat 7: tolyaz ($1.59 in chips) 
Seat 8: rezabraba333 ($2.20 in chips) 
Seat 9: Brennon4 ($5 in chips) 
rezabraba333: posts small blind $0.02
Brennon4: posts big blind $0.05
*** HOLE CARDS ***
Dealt to Dorex2007 [9h 8c]
BlackCat0812: folds 
gio119: folds 
MOONSP3LL: folds 
Maria'sDad77: folds 
Dorex2007: folds 
tolyaz: raises $0.05 to $0.10
rezabraba333: folds 
Brennon4: calls $0.05
*** FLOP *** [7c 6h 3h]
Brennon4: checks 
tolyaz: checks 
*** TURN *** [7c 6h 3h] [As]
Brennon4: checks 
tolyaz: bets $0.10
Brennon4: calls $0.10
*** RIVER *** [7c 6h 3h As] [Kh]
Brennon4: checks 
tolyaz: checks 
*** SHOW DOWN ***
Brennon4: shows [9c Td] (high card Ace)
tolyaz: shows [Ah Tc] (a pair of Aces)
tolyaz collected $0.40 from pot
*** SUMMARY ***
Total pot $0.42 | Rake $0.02 
Board [7c 6h 3h As Kh]
Seat 2: BlackCat0812 folded before Flop (didn't bet)
Seat 3: gio119 folded before Flop (didn't bet)
Seat 4: MOONSP3LL folded before Flop (didn't bet)
Seat 5: Maria'sDad77 folded before Flop (didn't bet)
Seat 6: Dorex2007 folded before Flop (didn't bet)
Seat 7: tolyaz (button) showed [Ah Tc] and won ($0.40) with a pair of Aces
Seat 8: rezabraba333 (small blind) folded before Flop
Seat 9: Brennon4 (big blind) showed [9c Td] and lost with high card Ace



PokerStars Hand #238019236299:  Hold'em No Limit ($0.02/$0.05 USD) - 2022/08/15 22:35:33 PT [2022/08/16 1:35:33 ET]
Table 'Theemin III' 9-max Seat #8 is the button
Seat 2: BlackCat0812 ($7.84 in chips) 
Seat 3: gio119 ($4 in chips) 
Seat 4: MOONSP3LL ($4.43 in chips) 
Seat 5: Maria'sDad77 ($16.05 in chips) 
Seat 6: Dorex2007 ($5.22 in chips) 
Seat 7: tolyaz ($1.79 in chips) 
Seat 8: rezabraba333 ($2.18 in chips) 
Seat 9: Brennon4 ($5 in chips) 
Brennon4: posts small blind $0.02
BlackCat0812: posts big blind $0.05
*** HOLE CARDS ***
Dealt to Dorex2007 [Ks Qs]
gio119: folds 
MOONSP3LL: folds 
Maria'sDad77 has timed out
Maria'sDad77: folds 
Dorex2007: raises $0.15 to $0.20
tolyaz: folds 
rezabraba333: folds 
Brennon4: folds 
BlackCat0812: folds 
Uncalled bet ($0.15) returned to Dorex2007
Dorex2007 collected $0.12 from pot
Dorex2007: doesn't show hand 
*** SUMMARY ***
Total pot $0.12 | Rake $0 
Seat 2: BlackCat0812 (big blind) folded before Flop
Seat 3: gio119 folded before Flop (didn't bet)
Seat 4: MOONSP3LL folded before Flop (didn't bet)
Seat 5: Maria'sDad77 folded before Flop (didn't bet)
Seat 6: Dorex2007 collected ($0.12)
Seat 7: tolyaz folded before Flop (didn't bet)
Seat 8: rezabraba333 (button) folded before Flop (didn't bet)
Seat 9: Brennon4 (small blind) folded before Flop



PokerStars Hand #238019239120:  Hold'em No Limit ($0.02/$0.05 USD) - 2022/08/15 22:36:01 PT [2022/08/16 1:36:01 ET]
Table 'Theemin III' 9-max Seat #9 is the button
Seat 2: BlackCat0812 ($7.79 in chips) 
Seat 3: gio119 ($4 in chips) 
Seat 4: MOONSP3LL ($4.43 in chips) 
Seat 5: Maria'sDad77 ($16.05 in chips) 
Seat 6: Dorex2007 ($5.29 in chips) 
Seat 7: tolyaz ($1.79 in chips) 
Seat 8: rezabraba333 ($2.18 in chips) 
Seat 9: Brennon4 ($4.98 in chips) 
BlackCat0812: posts small blind $0.02
gio119: posts big blind $0.05
*** HOLE CARDS ***
Dealt to Dorex2007 [Kh Ts]
MOONSP3LL: folds 
Maria'sDad77: folds 
Dorex2007: raises $0.05 to $0.10
tolyaz: folds 
rezabraba333: folds 
Brennon4: calls $0.10
BlackCat0812: folds 
gio119: calls $0.05
*** FLOP *** [5c 8c 6s]
gio119: checks 
Dorex2007: bets $0.31
Brennon4: raises $0.31 to $0.62
spanake666 leaves the table
gio119: raises $3.28 to $3.90 and is all-in
Dorex2007: folds 
Brennon4: calls $3.28
*** TURN *** [5c 8c 6s] [As]
*** RIVER *** [5c 8c 6s As] [Jd]
*** SHOW DOWN ***
gio119: shows [6d 8s] (two pair, Eights and Sixes)
Brennon4: shows [7s 9s] (a straight, Five to Nine)
Brennon4 collected $8.08 from pot
*** SUMMARY ***
Total pot $8.43 | Rake $0.35 
Board [5c 8c 6s As Jd]
Seat 2: BlackCat0812 (small blind) folded before Flop
Seat 3: gio119 (big blind) showed [6d 8s] and lost with two pair, Eights and Sixes
Seat 4: MOONSP3LL folded before Flop (didn't bet)
Seat 5: Maria'sDad77 folded before Flop (didn't bet)
Seat 6: Dorex2007 folded on the Flop
Seat 7: tolyaz folded before Flop (didn't bet)
Seat 8: rezabraba333 folded before Flop (didn't bet)
Seat 9: Brennon4 (button) showed [7s 9s] and won ($8.08) with a straight, Five to Nine



PokerStars Hand #238019243685:  Hold'em No Limit ($0.02/$0.05 USD) - 2022/08/15 22:36:45 PT [2022/08/16 1:36:45 ET]
Table 'Theemin III' 9-max Seat #2 is the button
Seat 2: BlackCat0812 ($7.77 in chips) 
Seat 3: gio119 ($4 in chips) 
Seat 4: MOONSP3LL ($4.43 in chips) 
Seat 5: Maria'sDad77 ($16.05 in chips) 
Seat 6: Dorex2007 ($5 in chips) 
Seat 7: tolyaz ($1.79 in chips) 
Seat 8: rezabraba333 ($2.18 in chips) 
Seat 9: Brennon4 ($9.06 in chips) 
gio119: posts small blind $0.02
MOONSP3LL: posts big blind $0.05
*** HOLE CARDS ***
Dealt to Dorex2007 [Qc Kd]
Maria'sDad77: raises $0.05 to $0.10
Dorex2007: calls $0.10
tolyaz: folds 
rezabraba333: folds 
Brennon4: folds 
BlackCat0812: folds 
gio119: folds 
MOONSP3LL: folds 
*** FLOP *** [5s Ac 4s]
Maria'sDad77: bets $0.23
Dorex2007: folds 
Uncalled bet ($0.23) returned to Maria'sDad77
Maria'sDad77 collected $0.26 from pot
Maria'sDad77: doesn't show hand 
*** SUMMARY ***
Total pot $0.27 | Rake $0.01 
Board [5s Ac 4s]
Seat 2: BlackCat0812 (button) folded before Flop (didn't bet)
Seat 3: gio119 (small blind) folded before Flop
Seat 4: MOONSP3LL (big blind) folded before Flop
Seat 5: Maria'sDad77 collected ($0.26)
Seat 6: Dorex2007 folded on the Flop
Seat 7: tolyaz folded before Flop (didn't bet)
Seat 8: rezabraba333 folded before Flop (didn't bet)
Seat 9: Brennon4 folded before Flop (didn't bet)



PokerStars Hand #238019247433:  Hold'em No Limit ($0.02/$0.05 USD) - 2022/08/15 22:37:21 PT [2022/08/16 1:37:21 ET]
Table 'Theemin III' 9-max Seat #3 is the button
Seat 2: BlackCat0812 ($7.77 in chips) 
Seat 3: gio119 ($4 in chips) 
Seat 4: MOONSP3LL ($4.38 in chips) 
Seat 5: Maria'sDad77 ($16.21 in chips) 
Seat 6: Dorex2007 ($5 in chips) 
Seat 7: tolyaz ($1.79 in chips) 
Seat 8: rezabraba333 ($2.18 in chips) 
Seat 9: Brennon4 ($9.06 in chips) 
MOONSP3LL: posts small blind $0.02
Maria'sDad77: posts big blind $0.05
*** HOLE CARDS ***
Dealt to Dorex2007 [Qc Ks]
Dorex2007: raises $0.10 to $0.15
tolyaz: folds 
rezabraba333: folds 
Brennon4: folds 
BlackCat0812: calls $0.15
gio119: folds 
MOONSP3LL: folds 
Maria'sDad77: calls $0.10
*** FLOP *** [9c 5s Tc]
Maria'sDad77: checks 
Dorex2007: checks 
BlackCat0812: bets $0.15
Maria'sDad77: calls $0.15
Dorex2007: folds 
*** TURN *** [9c 5s Tc] [8d]
Maria'sDad77: checks 
BlackCat0812: bets $0.15
AJThePhenomenon joins the table at seat #1 
Maria'sDad77: calls $0.15
*** RIVER *** [9c 5s Tc 8d] [Kd]
Maria'sDad77: checks 
BlackCat0812: checks 
*** SHOW DOWN ***
Maria'sDad77: shows [As 8s] (a pair of Eights)
BlackCat0812: shows [Ts 7s] (a pair of Tens)
BlackCat0812 collected $1.03 from pot
*** SUMMARY ***
Total pot $1.07 | Rake $0.04 
Board [9c 5s Tc 8d Kd]
Seat 2: BlackCat0812 showed [Ts 7s] and won ($1.03) with a pair of Tens
Seat 3: gio119 (button) folded before Flop (didn't bet)
Seat 4: MOONSP3LL (small blind) folded before Flop
Seat 5: Maria'sDad77 (big blind) showed [As 8s] and lost with a pair of Eights
Seat 6: Dorex2007 folded on the Flop
Seat 7: tolyaz folded before Flop (didn't bet)
Seat 8: rezabraba333 folded before Flop (didn't bet)
Seat 9: Brennon4 folded before Flop (didn't bet)



PokerStars Hand #238019257327:  Hold'em No Limit ($0.02/$0.05 USD) - 2022/08/15 22:38:58 PT [2022/08/16 1:38:58 ET]
Table 'Theemin III' 9-max Seat #4 is the button
Seat 2: BlackCat0812 ($8.35 in chips) 
Seat 3: gio119 ($4 in chips) 
Seat 4: MOONSP3LL ($4.36 in chips) 
Seat 5: Maria'sDad77 ($15.76 in chips) 
Seat 6: Dorex2007 ($5 in chips) 
Seat 7: tolyaz ($1.79 in chips) 
Seat 8: rezabraba333 ($2.18 in chips) 
Seat 9: Brennon4 ($9.06 in chips) 
Maria'sDad77: posts small blind $0.02
Dorex2007: posts big blind $0.05
AJThePhenomenon: sits out 
*** HOLE CARDS ***
Dealt to Dorex2007 [Jc 2s]
tolyaz: folds 
rezabraba333: folds 
Brennon4: folds 
BlackCat0812 has timed out
BlackCat0812: folds 
gio119: folds 
MOONSP3LL: folds 
Maria'sDad77: folds 
Uncalled bet ($0.03) returned to Dorex2007
Dorex2007 collected $0.04 from pot
Dorex2007: doesn't show hand 
*** SUMMARY ***
Total pot $0.04 | Rake $0 
Seat 2: BlackCat0812 folded before Flop (didn't bet)
Seat 3: gio119 folded before Flop (didn't bet)
Seat 4: MOONSP3LL (button) folded before Flop (didn't bet)
Seat 5: Maria'sDad77 (small blind) folded before Flop
Seat 6: Dorex2007 (big blind) collected ($0.04)
Seat 7: tolyaz folded before Flop (didn't bet)
Seat 8: rezabraba333 folded before Flop (didn't bet)
Seat 9: Brennon4 folded before Flop (didn't bet)



PokerStars Hand #238019260431:  Hold'em No Limit ($0.02/$0.05 USD) - 2022/08/15 22:39:24 PT [2022/08/16 1:39:24 ET]
Table 'Theemin III' 9-max Seat #5 is the button
Seat 2: BlackCat0812 ($8.35 in chips) 
Seat 3: gio119 ($4 in chips) 
Seat 4: MOONSP3LL ($4.36 in chips) 
Seat 5: Maria'sDad77 ($15.74 in chips) 
Seat 6: Dorex2007 ($5.02 in chips) 
Seat 7: tolyaz ($1.79 in chips) 
Seat 8: rezabraba333 ($2.18 in chips) 
Seat 9: Brennon4 ($9.06 in chips) 
Dorex2007: posts small blind $0.02
tolyaz: posts big blind $0.05
AJThePhenomenon: sits out 
*** HOLE CARDS ***
Dealt to Dorex2007 [2c 7h]
rezabraba333: folds 
Brennon4: folds 
BlackCat0812: folds 
gio119: folds 
MOONSP3LL: folds 
Maria'sDad77: folds 
Dorex2007: folds 
Uncalled bet ($0.03) returned to tolyaz
tolyaz collected $0.04 from pot
tolyaz: doesn't show hand 
*** SUMMARY ***
Total pot $0.04 | Rake $0 
Seat 2: BlackCat0812 folded before Flop (didn't bet)
Seat 3: gio119 folded before Flop (didn't bet)
Seat 4: MOONSP3LL folded before Flop (didn't bet)
Seat 5: Maria'sDad77 (button) folded before Flop (didn't bet)
Seat 6: Dorex2007 (small blind) folded before Flop
Seat 7: tolyaz (big blind) collected ($0.04)
Seat 8: rezabraba333 folded before Flop (didn't bet)
Seat 9: Brennon4 folded before Flop (didn't bet)



PokerStars Hand #238019262781:  Hold'em No Limit ($0.02/$0.05 USD) - 2022/08/15 22:39:47 PT [2022/08/16 1:39:47 ET]
Table 'Theemin III' 9-max Seat #6 is the button
Seat 2: BlackCat0812 ($8.35 in chips) 
Seat 3: gio119 ($4 in chips) 
Seat 4: MOONSP3LL ($4.36 in chips) 
Seat 5: Maria'sDad77 ($15.74 in chips) 
Seat 6: Dorex2007 ($5 in chips) 
Seat 7: tolyaz ($1.81 in chips) 
Seat 8: rezabraba333 ($2.18 in chips) 
Seat 9: Brennon4 ($9.06 in chips) 
tolyaz: posts small blind $0.02
rezabraba333: posts big blind $0.05
AJThePhenomenon: sits out 
*** HOLE CARDS ***
Dealt to Dorex2007 [Jc 6c]
Brennon4: raises $0.05 to $0.10
BlackCat0812: folds 
gio119: folds 
MOONSP3LL: folds 
Maria'sDad77: folds 
Dorex2007: folds 
tolyaz: calls $0.08
rezabraba333: folds 
*** FLOP *** [Jd 3d 4d]
tolyaz: checks 
Brennon4: checks 
*** TURN *** [Jd 3d 4d] [Ks]
tolyaz: checks 
Brennon4: checks 
*** RIVER *** [Jd 3d 4d Ks] [4c]
tolyaz: bets $0.10
Brennon4: folds 
Uncalled bet ($0.10) returned to tolyaz
tolyaz collected $0.24 from pot
tolyaz: doesn't show hand 
*** SUMMARY ***
Total pot $0.25 | Rake $0.01 
Board [Jd 3d 4d Ks 4c]
Seat 2: BlackCat0812 folded before Flop (didn't bet)
Seat 3: gio119 folded before Flop (didn't bet)
Seat 4: MOONSP3LL folded before Flop (didn't bet)
Seat 5: Maria'sDad77 folded before Flop (didn't bet)
Seat 6: Dorex2007 (button) folded before Flop (didn't bet)
Seat 7: tolyaz (small blind) collected ($0.24)
Seat 8: rezabraba333 (big blind) folded before Flop
Seat 9: Brennon4 folded on the River



PokerStars Hand #238019266098:  Hold'em No Limit ($0.02/$0.05 USD) - 2022/08/15 22:40:19 PT [2022/08/16 1:40:19 ET]
Table 'Theemin III' 9-max Seat #7 is the button
Seat 2: BlackCat0812 ($8.35 in chips) 
Seat 3: gio119 ($4 in chips) 
Seat 4: MOONSP3LL ($4.36 in chips) 
Seat 5: Maria'sDad77 ($15.74 in chips) 
Seat 6: Dorex2007 ($5 in chips) 
Seat 7: tolyaz ($1.95 in chips) 
Seat 8: rezabraba333 ($2.13 in chips) 
Seat 9: Brennon4 ($8.96 in chips) 
rezabraba333: posts small blind $0.02
Brennon4: posts big blind $0.05
AJThePhenomenon: sits out 
*** HOLE CARDS ***
Dealt to Dorex2007 [4s 3c]
BlackCat0812: calls $0.05
gio119: calls $0.05
MOONSP3LL: folds 
Maria'sDad77: folds 
Dorex2007: folds 
tolyaz: folds 
rezabraba333: calls $0.03
Brennon4: checks 
*** FLOP *** [4c Ac 8h]
rezabraba333: checks 
Brennon4: checks 
BlackCat0812: checks 
gio119: bets $0.05
rezabraba333: folds 
Brennon4: folds 
BlackCat0812: folds 
Uncalled bet ($0.05) returned to gio119
gio119 collected $0.19 from pot
gio119: doesn't show hand 
*** SUMMARY ***
Total pot $0.20 | Rake $0.01 
Board [4c Ac 8h]
Seat 2: BlackCat0812 folded on the Flop
Seat 3: gio119 collected ($0.19)
Seat 4: MOONSP3LL folded before Flop (didn't bet)
Seat 5: Maria'sDad77 folded before Flop (didn't bet)
Seat 6: Dorex2007 folded before Flop (didn't bet)
Seat 7: tolyaz (button) folded before Flop (didn't bet)
Seat 8: rezabraba333 (small blind) folded on the Flop
Seat 9: Brennon4 (big blind) folded on the Flop



PokerStars Hand #238019270424:  Hold'em No Limit ($0.02/$0.05 USD) - 2022/08/15 22:41:02 PT [2022/08/16 1:41:02 ET]
Table 'Theemin III' 9-max Seat #8 is the button
Seat 1: AJThePhenomenon ($5 in chips) 
Seat 2: BlackCat0812 ($8.30 in chips) 
Seat 3: gio119 ($4.14 in chips) 
Seat 4: MOONSP3LL ($4.36 in chips) 
Seat 5: Maria'sDad77 ($15.74 in chips) 
Seat 6: Dorex2007 ($5 in chips) 
Seat 7: tolyaz ($1.95 in chips) 
Seat 8: rezabraba333 ($2.08 in chips) 
Seat 9: Brennon4 ($8.91 in chips) 
Brennon4: posts small blind $0.02
AJThePhenomenon: posts big blind $0.05
*** HOLE CARDS ***
Dealt to Dorex2007 [Ad 4h]
BlackCat0812: folds 
gio119: folds 
MOONSP3LL: raises $0.10 to $0.15
Maria'sDad77: folds 
Dorex2007: folds 
tolyaz: folds 
rezabraba333: folds 
Brennon4: folds 
AJThePhenomenon: calls $0.10
*** FLOP *** [Ac Qd Tc]
AJThePhenomenon: checks 
MOONSP3LL: bets $0.16
AJThePhenomenon: calls $0.16
*** TURN *** [Ac Qd Tc] [8c]
AJThePhenomenon: checks 
MOONSP3LL: bets $0.40
AJThePhenomenon: calls $0.40
*** RIVER *** [Ac Qd Tc 8c] [3d]
AJThePhenomenon: bets $0.79
MOONSP3LL: calls $0.79
*** SHOW DOWN ***
AJThePhenomenon: shows [8d Kc] (a pair of Eights)
MOONSP3LL: shows [3s As] (two pair, Aces and Threes)
MOONSP3LL collected $2.86 from pot
*** SUMMARY ***
Total pot $3.02 | Rake $0.16 
Board [Ac Qd Tc 8c 3d]
Seat 1: AJThePhenomenon (big blind) showed [8d Kc] and lost with a pair of Eights
Seat 2: BlackCat0812 folded before Flop (didn't bet)
Seat 3: gio119 folded before Flop (didn't bet)
Seat 4: MOONSP3LL showed [3s As] and won ($2.86) with two pair, Aces and Threes
Seat 5: Maria'sDad77 folded before Flop (didn't bet)
Seat 6: Dorex2007 folded before Flop (didn't bet)
Seat 7: tolyaz folded before Flop (didn't bet)
Seat 8: rezabraba333 (button) folded before Flop (didn't bet)
Seat 9: Brennon4 (small blind) folded before Flop



PokerStars Hand #238019285075:  Hold'em No Limit ($0.02/$0.05 USD) - 2022/08/15 22:42:07 PT [2022/08/16 1:42:07 ET]
Table 'Theemin III' 9-max Seat #9 is the button
Seat 1: AJThePhenomenon ($3.50 in chips) 
Seat 2: BlackCat0812 ($8.30 in chips) 
Seat 3: gio119 ($4.14 in chips) 
Seat 4: MOONSP3LL ($5.72 in chips) 
Seat 5: Maria'sDad77 ($15.74 in chips) 
Seat 6: Dorex2007 ($5 in chips) 
Seat 7: tolyaz ($1.95 in chips) 
Seat 8: rezabraba333 ($2.08 in chips) 
Seat 9: Brennon4 ($8.89 in chips) 
AJThePhenomenon: posts small blind $0.02
BlackCat0812: posts big blind $0.05
*** HOLE CARDS ***
Dealt to Dorex2007 [Tc 4c]
gio119: folds 
MOONSP3LL: folds 
Maria'sDad77: folds 
Dorex2007: folds 
tolyaz: folds 
rezabraba333: folds 
Brennon4: folds 
AJThePhenomenon: folds 
Uncalled bet ($0.03) returned to BlackCat0812
BlackCat0812 collected $0.04 from pot
*** SUMMARY ***
Total pot $0.04 | Rake $0 
Seat 1: AJThePhenomenon (small blind) folded before Flop
Seat 2: BlackCat0812 (big blind) collected ($0.04)
Seat 3: gio119 folded before Flop (didn't bet)
Seat 4: MOONSP3LL folded before Flop (didn't bet)
Seat 5: Maria'sDad77 folded before Flop (didn't bet)
Seat 6: Dorex2007 folded before Flop (didn't bet)
Seat 7: tolyaz folded before Flop (didn't bet)
Seat 8: rezabraba333 folded before Flop (didn't bet)
Seat 9: Brennon4 (button) folded before Flop (didn't bet)



PokerStars Hand #238019286862:  Hold'em No Limit ($0.02/$0.05 USD) - 2022/08/15 22:42:25 PT [2022/08/16 1:42:25 ET]
Table 'Theemin III' 9-max Seat #1 is the button
Seat 1: AJThePhenomenon ($3.48 in chips) 
Seat 2: BlackCat0812 ($8.32 in chips) 
Seat 3: gio119 ($4.14 in chips) 
Seat 4: MOONSP3LL ($5.72 in chips) 
Seat 5: Maria'sDad77 ($15.74 in chips) 
Seat 6: Dorex2007 ($5 in chips) 
Seat 7: tolyaz ($1.95 in chips) 
Seat 8: rezabraba333 ($2.08 in chips) 
Seat 9: Brennon4 ($8.89 in chips) 
BlackCat0812: posts small blind $0.02
gio119: posts big blind $0.05
*** HOLE CARDS ***
Dealt to Dorex2007 [Ks 6c]
MOONSP3LL: folds 
Maria'sDad77: folds 
Dorex2007: folds 
tolyaz: folds 
rezabraba333: calls $0.05
Brennon4: folds 
AJThePhenomenon: calls $0.05
BlackCat0812: folds 
gio119: checks 
*** FLOP *** [4d Js Qh]
gio119: checks 
rezabraba333: checks 
AJThePhenomenon: checks 
*** TURN *** [4d Js Qh] [Ts]
gio119: checks 
rezabraba333: checks 
AJThePhenomenon: bets $0.10
gio119: calls $0.10
rezabraba333: folds 
*** RIVER *** [4d Js Qh Ts] [3h]
gio119: checks 
AJThePhenomenon: bets $0.25
gio119: folds 
Uncalled bet ($0.25) returned to AJThePhenomenon
AJThePhenomenon collected $0.35 from pot
*** SUMMARY ***
Total pot $0.37 | Rake $0.02 
Board [4d Js Qh Ts 3h]
Seat 1: AJThePhenomenon (button) collected ($0.35)
Seat 2: BlackCat0812 (small blind) folded before Flop
Seat 3: gio119 (big blind) folded on the River
Seat 4: MOONSP3LL folded before Flop (didn't bet)
Seat 5: Maria'sDad77 folded before Flop (didn't bet)
Seat 6: Dorex2007 folded before Flop (didn't bet)
Seat 7: tolyaz folded before Flop (didn't bet)
Seat 8: rezabraba333 folded on the Turn
Seat 9: Brennon4 folded before Flop (didn't bet)



PokerStars Hand #238019293003:  Hold'em No Limit ($0.02/$0.05 USD) - 2022/08/15 22:43:24 PT [2022/08/16 1:43:24 ET]
Table 'Theemin III' 9-max Seat #2 is the button
Seat 1: AJThePhenomenon ($3.68 in chips) 
Seat 2: BlackCat0812 ($8.30 in chips) 
Seat 3: gio119 ($4 in chips) 
Seat 5: Maria'sDad77 ($15.74 in chips) 
Seat 6: Dorex2007 ($5 in chips) 
Seat 7: tolyaz ($1.95 in chips) 
Seat 8: rezabraba333 ($2.03 in chips) 
Seat 9: Brennon4 ($8.89 in chips) 
gio119: posts small blind $0.02
Maria'sDad77: posts big blind $0.05
*** HOLE CARDS ***
Dealt to Dorex2007 [Ac 7d]
Dorex2007: folds 
tolyaz: folds 
rezabraba333: folds 
Brennon4: folds 
AJThePhenomenon: raises $0.07 to $0.12
BlackCat0812: folds 
gio119: folds 
Maria'sDad77: folds 
Uncalled bet ($0.07) returned to AJThePhenomenon
AJThePhenomenon collected $0.12 from pot
*** SUMMARY ***
Total pot $0.12 | Rake $0 
Seat 1: AJThePhenomenon collected ($0.12)
Seat 2: BlackCat0812 (button) folded before Flop (didn't bet)
Seat 3: gio119 (small blind) folded before Flop
Seat 5: Maria'sDad77 (big blind) folded before Flop
Seat 6: Dorex2007 folded before Flop (didn't bet)
Seat 7: tolyaz folded before Flop (didn't bet)
Seat 8: rezabraba333 folded before Flop (didn't bet)
Seat 9: Brennon4 folded before Flop (didn't bet)



PokerStars Hand #238019294737:  Hold'em No Limit ($0.02/$0.05 USD) - 2022/08/15 22:43:41 PT [2022/08/16 1:43:41 ET]
Table 'Theemin III' 9-max Seat #3 is the button
Seat 1: AJThePhenomenon ($3.75 in chips) 
Seat 2: BlackCat0812 ($8.30 in chips) 
Seat 3: gio119 ($4 in chips) 
Seat 5: Maria'sDad77 ($15.69 in chips) 
Seat 6: Dorex2007 ($5 in chips) 
Seat 7: tolyaz ($1.95 in chips) 
Seat 8: rezabraba333 ($2.03 in chips) 
Seat 9: Brennon4 ($8.89 in chips) 
Maria'sDad77: posts small blind $0.02
Dorex2007: posts big blind $0.05
*** HOLE CARDS ***
Dealt to Dorex2007 [8h 6s]
tolyaz: folds 
rezabraba333: folds 
Brennon4: folds 
AJThePhenomenon: folds 
BlackCat0812: calls $0.05
gio119: folds 
Maria'sDad77: calls $0.03
Dorex2007: checks 
*** FLOP *** [8s 2h 5d]
Maria'sDad77: checks 
Dorex2007: bets $0.14
BlackCat0812: folds 
Maria'sDad77: folds 
Uncalled bet ($0.14) returned to Dorex2007
Dorex2007 collected $0.14 from pot
Dorex2007: doesn't show hand 
*** SUMMARY ***
Total pot $0.15 | Rake $0.01 
Board [8s 2h 5d]
Seat 1: AJThePhenomenon folded before Flop (didn't bet)
Seat 2: BlackCat0812 folded on the Flop
Seat 3: gio119 (button) folded before Flop (didn't bet)
Seat 5: Maria'sDad77 (small blind) folded on the Flop
Seat 6: Dorex2007 (big blind) collected ($0.14)
Seat 7: tolyaz folded before Flop (didn't bet)
Seat 8: rezabraba333 folded before Flop (didn't bet)
Seat 9: Brennon4 folded before Flop (didn't bet)



PokerStars Hand #238019297916:  Hold'em No Limit ($0.02/$0.05 USD) - 2022/08/15 22:44:12 PT [2022/08/16 1:44:12 ET]
Table 'Theemin III' 9-max Seat #5 is the button
Seat 1: AJThePhenomenon ($3.75 in chips) 
Seat 2: BlackCat0812 ($8.25 in chips) 
Seat 3: gio119 ($4 in chips) 
Seat 5: Maria'sDad77 ($15.64 in chips) 
Seat 6: Dorex2007 ($5.09 in chips) 
Seat 7: tolyaz ($1.95 in chips) 
Seat 8: rezabraba333 ($2.03 in chips) 
Seat 9: Brennon4 ($8.89 in chips) 
Dorex2007: posts small blind $0.02
tolyaz: posts big blind $0.05
*** HOLE CARDS ***
Dealt to Dorex2007 [Qd Qs]
rezabraba333: calls $0.05
Brennon4: folds 
AJThePhenomenon: calls $0.05
BlackCat0812: folds 
gio119 has timed out
gio119: folds 
Maria'sDad77: raises $0.10 to $0.15
Dorex2007: raises $4.94 to $5.09 and is all-in
tolyaz: folds 
rezabraba333: folds 
AJThePhenomenon: folds 
Maria'sDad77: folds 
Uncalled bet ($4.94) returned to Dorex2007
Dorex2007 collected $0.45 from pot
Dorex2007: doesn't show hand 
*** SUMMARY ***
Total pot $0.45 | Rake $0 
Seat 1: AJThePhenomenon folded before Flop
Seat 2: BlackCat0812 folded before Flop (didn't bet)
Seat 3: gio119 folded before Flop (didn't bet)
Seat 5: Maria'sDad77 (button) folded before Flop
Seat 6: Dorex2007 (small blind) collected ($0.45)
Seat 7: tolyaz (big blind) folded before Flop
Seat 8: rezabraba333 folded before Flop
Seat 9: Brennon4 folded before Flop (didn't bet)



PokerStars Hand #238019303143:  Hold'em No Limit ($0.02/$0.05 USD) - 2022/08/15 22:45:03 PT [2022/08/16 1:45:03 ET]
Table 'Theemin III' 9-max Seat #6 is the button
Seat 1: AJThePhenomenon ($3.70 in chips) 
Seat 2: BlackCat0812 ($8.25 in chips) 
Seat 5: Maria'sDad77 ($15.49 in chips) 
Seat 6: Dorex2007 ($5.39 in chips) 
Seat 7: tolyaz ($1.90 in chips) 
Seat 8: rezabraba333 ($1.98 in chips) 
Seat 9: Brennon4 ($8.89 in chips) 
tolyaz: posts small blind $0.02
rezabraba333: posts big blind $0.05
*** HOLE CARDS ***
Dealt to Dorex2007 [Kh 5c]
Brennon4: folds 
AJThePhenomenon: folds 
BlackCat0812: folds 
Maria'sDad77: folds 
Dorex2007: folds 
tolyaz: calls $0.03
rezabraba333: checks 
*** FLOP *** [7h Ks Qs]
tolyaz: checks 
rezabraba333: checks 
*** TURN *** [7h Ks Qs] [4d]
tolyaz: checks 
rezabraba333: checks 
*** RIVER *** [7h Ks Qs 4d] [Ah]
tolyaz: bets $0.10
rezabraba333: folds 
Uncalled bet ($0.10) returned to tolyaz
tolyaz collected $0.10 from pot
tolyaz: doesn't show hand 
*** SUMMARY ***
Total pot $0.10 | Rake $0 
Board [7h Ks Qs 4d Ah]
Seat 1: AJThePhenomenon folded before Flop (didn't bet)
Seat 2: BlackCat0812 folded before Flop (didn't bet)
Seat 5: Maria'sDad77 folded before Flop (didn't bet)
Seat 6: Dorex2007 (button) folded before Flop (didn't bet)
Seat 7: tolyaz (small blind) collected ($0.10)
Seat 8: rezabraba333 (big blind) folded on the River
Seat 9: Brennon4 folded before Flop (didn't bet)



PokerStars Hand #238019307459:  Hold'em No Limit ($0.02/$0.05 USD) - 2022/08/15 22:45:43 PT [2022/08/16 1:45:43 ET]
Table 'Theemin III' 9-max Seat #7 is the button
Seat 1: AJThePhenomenon ($3.70 in chips) 
Seat 2: BlackCat0812 ($8.25 in chips) 
Seat 5: Maria'sDad77 ($15.49 in chips) 
Seat 6: Dorex2007 ($5.39 in chips) 
Seat 7: tolyaz ($1.95 in chips) 
Seat 8: rezabraba333 ($1.93 in chips) 
Seat 9: Brennon4 ($8.89 in chips) 
rezabraba333: posts small blind $0.02
Brennon4: posts big blind $0.05
*** HOLE CARDS ***
Dealt to Dorex2007 [8c 5h]
AJThePhenomenon: folds 
BlackCat0812 has timed out
BlackCat0812: folds 
Maria'sDad77: folds 
Dorex2007: folds 
tolyaz: folds 
rezabraba333: folds 
Uncalled bet ($0.03) returned to Brennon4
Brennon4 collected $0.04 from pot
Brennon4: doesn't show hand 
*** SUMMARY ***
Total pot $0.04 | Rake $0 
Seat 1: AJThePhenomenon folded before Flop (didn't bet)
Seat 2: BlackCat0812 folded before Flop (didn't bet)
Seat 5: Maria'sDad77 folded before Flop (didn't bet)
Seat 6: Dorex2007 folded before Flop (didn't bet)
Seat 7: tolyaz (button) folded before Flop (didn't bet)
Seat 8: rezabraba333 (small blind) folded before Flop
Seat 9: Brennon4 (big blind) collected ($0.04)



PokerStars Hand #238019309373:  Hold'em No Limit ($0.02/$0.05 USD) - 2022/08/15 22:46:02 PT [2022/08/16 1:46:02 ET]
Table 'Theemin III' 9-max Seat #8 is the button
Seat 1: AJThePhenomenon ($3.70 in chips) 
Seat 5: Maria'sDad77 ($15.49 in chips) 
Seat 6: Dorex2007 ($5.39 in chips) 
Seat 7: tolyaz ($1.95 in chips) 
Seat 8: rezabraba333 ($1.91 in chips) 
Seat 9: Brennon4 ($8.91 in chips) 
Brennon4: posts small blind $0.02
AJThePhenomenon: posts big blind $0.05
MOONSP3LL: sits out 
*** HOLE CARDS ***
Dealt to Dorex2007 [4h 4c]
Maria'sDad77: folds 
Dorex2007: calls $0.05
tolyaz: calls $0.05
rezabraba333: folds 
Brennon4: raises $0.20 to $0.25
AJThePhenomenon: calls $0.20
Dorex2007: folds 
tolyaz: calls $0.20
*** FLOP *** [8h 2s Kc]
Brennon4: checks 
AJThePhenomenon: bets $0.25
tolyaz: calls $0.25
Brennon4: folds 
*** TURN *** [8h 2s Kc] [Qs]
AJThePhenomenon: bets $0.62
tolyaz: raises $0.83 to $1.45 and is all-in
AJThePhenomenon: calls $0.83
*** RIVER *** [8h 2s Kc Qs] [Jh]
*** SHOW DOWN ***
AJThePhenomenon: shows [Ad 3d] (high card Ace)
tolyaz: shows [Qd Ks] (two pair, Kings and Queens)
tolyaz collected $4.03 from pot
*** SUMMARY ***
Total pot $4.20 | Rake $0.17 
Board [8h 2s Kc Qs Jh]
Seat 1: AJThePhenomenon (big blind) showed [Ad 3d] and lost with high card Ace
Seat 5: Maria'sDad77 folded before Flop (didn't bet)
Seat 6: Dorex2007 folded before Flop
Seat 7: tolyaz showed [Qd Ks] and won ($4.03) with two pair, Kings and Queens
Seat 8: rezabraba333 (button) folded before Flop (didn't bet)
Seat 9: Brennon4 (small blind) folded on the Flop



PokerStars Hand #238019316098:  Hold'em No Limit ($0.02/$0.05 USD) - 2022/08/15 22:47:06 PT [2022/08/16 1:47:06 ET]
Table 'Theemin III' 9-max Seat #9 is the button
Seat 1: AJThePhenomenon ($1.75 in chips) 
Seat 2: BlackCat0812 ($8.25 in chips) 
Seat 5: Maria'sDad77 ($15.49 in chips) 
Seat 6: Dorex2007 ($5.34 in chips) 
Seat 7: tolyaz ($4.03 in chips) 
Seat 8: rezabraba333 ($1.91 in chips) 
Seat 9: Brennon4 ($8.66 in chips) 
AJThePhenomenon: posts small blind $0.02
BlackCat0812: posts big blind $0.05
MOONSP3LL: sits out 
*** HOLE CARDS ***
Dealt to Dorex2007 [5c 9d]
Maria'sDad77: folds 
Dorex2007: folds 
tolyaz: raises $0.05 to $0.10
rezabraba333: folds 
Brennon4: folds 
AJThePhenomenon: folds 
BlackCat0812: calls $0.05
*** FLOP *** [Jh Qh 6s]
AJThePhenomenon leaves the table
BlackCat0812: bets $0.15
tolyaz: folds 
Uncalled bet ($0.15) returned to BlackCat0812
BlackCat0812 collected $0.21 from pot
*** SUMMARY ***
Total pot $0.22 | Rake $0.01 
Board [Jh Qh 6s]
Seat 1: AJThePhenomenon (small blind) folded before Flop
Seat 2: BlackCat0812 (big blind) collected ($0.21)
Seat 5: Maria'sDad77 folded before Flop (didn't bet)
Seat 6: Dorex2007 folded before Flop (didn't bet)
Seat 7: tolyaz folded on the Flop
Seat 8: rezabraba333 folded before Flop (didn't bet)
Seat 9: Brennon4 (button) folded before Flop (didn't bet)



PokerStars Hand #238019319023:  Hold'em No Limit ($0.02/$0.05 USD) - 2022/08/15 22:47:34 PT [2022/08/16 1:47:34 ET]
Table 'Theemin III' 9-max Seat #2 is the button
Seat 2: BlackCat0812 ($8.36 in chips) 
Seat 5: Maria'sDad77 ($15.49 in chips) 
Seat 6: Dorex2007 ($5.34 in chips) 
Seat 7: tolyaz ($3.93 in chips) 
Seat 8: rezabraba333 ($1.91 in chips) 
Seat 9: Brennon4 ($8.66 in chips) 
Maria'sDad77: posts small blind $0.02
Dorex2007: posts big blind $0.05
*** HOLE CARDS ***
Dealt to Dorex2007 [8c 9c]
tolyaz: folds 
rezabraba333: calls $0.05
Brennon4: raises $0.06 to $0.11
BlackCat0812: folds 
Maria'sDad77: folds 
Dorex2007: calls $0.06
rezabraba333: calls $0.06
*** FLOP *** [2c Td Ks]
Dorex2007: checks 
rezabraba333: checks 
Brennon4: checks 
*** TURN *** [2c Td Ks] [Ad]
Dorex2007: checks 
rezabraba333: checks 
eskaeliey joins the table at seat #1 
Brennon4: checks 
*** RIVER *** [2c Td Ks Ad] [Kc]
Dorex2007: checks 
rezabraba333: checks 
Brennon4: checks 
*** SHOW DOWN ***
Dorex2007: shows [8c 9c] (a pair of Kings)
rezabraba333: shows [Kh Qs] (three of a kind, Kings)
Brennon4: mucks hand 
rezabraba333 collected $0.34 from pot
*** SUMMARY ***
Total pot $0.35 | Rake $0.01 
Board [2c Td Ks Ad Kc]
Seat 2: BlackCat0812 (button) folded before Flop (didn't bet)
Seat 5: Maria'sDad77 (small blind) folded before Flop
Seat 6: Dorex2007 (big blind) showed [8c 9c] and lost with a pair of Kings
Seat 7: tolyaz folded before Flop (didn't bet)
Seat 8: rezabraba333 showed [Kh Qs] and won ($0.34) with three of a kind, Kings
Seat 9: Brennon4 mucked [5h 5d]



PokerStars Hand #238019322669:  Hold'em No Limit ($0.02/$0.05 USD) - 2022/08/15 22:48:09 PT [2022/08/16 1:48:09 ET]
Table 'Theemin III' 9-max Seat #5 is the button
Seat 2: BlackCat0812 ($8.36 in chips) 
Seat 4: MOONSP3LL ($5.72 in chips) 
Seat 5: Maria'sDad77 ($15.47 in chips) 
Seat 6: Dorex2007 ($5.23 in chips) 
Seat 7: tolyaz ($3.93 in chips) 
Seat 8: rezabraba333 ($2.14 in chips) 
Seat 9: Brennon4 ($8.55 in chips) 
Dorex2007: posts small blind $0.02
tolyaz: posts big blind $0.05
eskaeliey: sits out 
MOONSP3LL: posts small & big blinds $0.07
*** HOLE CARDS ***
Dealt to Dorex2007 [5c Ad]
rezabraba333: folds 
Brennon4: folds 
BlackCat0812: calls $0.05
MOONSP3LL: checks 
Maria'sDad77: folds 
Dorex2007: folds 
tolyaz: checks 
*** FLOP *** [8c 2d 4d]
tolyaz: checks 
BlackCat0812: bets $0.15
MOONSP3LL: calls $0.15
tolyaz: folds 
*** TURN *** [8c 2d 4d] [6c]
BlackCat0812: bets $0.23
MOONSP3LL: raises $0.52 to $0.75
BlackCat0812: calls $0.52
*** RIVER *** [8c 2d 4d 6c] [8d]
BlackCat0812: bets $0.95
MOONSP3LL: raises $1.80 to $2.75
BlackCat0812: folds 
Uncalled bet ($1.80) returned to MOONSP3LL
MOONSP3LL collected $3.69 from pot
MOONSP3LL: doesn't show hand 
*** SUMMARY ***
Total pot $3.89 | Rake $0.20 
Board [8c 2d 4d 6c 8d]
Seat 2: BlackCat0812 folded on the River
Seat 4: MOONSP3LL collected ($3.69)
Seat 5: Maria'sDad77 (button) folded before Flop (didn't bet)
Seat 6: Dorex2007 (small blind) folded before Flop
Seat 7: tolyaz (big blind) folded on the Flop
Seat 8: rezabraba333 folded before Flop (didn't bet)
Seat 9: Brennon4 folded before Flop (didn't bet)



PokerStars Hand #238019332319:  Hold'em No Limit ($0.02/$0.05 USD) - 2022/08/15 22:49:03 PT [2022/08/16 1:49:03 ET]
Table 'Theemin III' 9-max Seat #6 is the button
Seat 2: BlackCat0812 ($6.46 in chips) 
Seat 4: MOONSP3LL ($7.49 in chips) 
Seat 5: Maria'sDad77 ($15.47 in chips) 
Seat 6: Dorex2007 ($5.21 in chips) 
Seat 7: tolyaz ($3.88 in chips) 
Seat 8: rezabraba333 ($2.14 in chips) 
Seat 9: Brennon4 ($8.55 in chips) 
tolyaz: posts small blind $0.02
rezabraba333: posts big blind $0.05
eskaeliey: sits out 
*** HOLE CARDS ***
Dealt to Dorex2007 [3s 2c]
Brennon4: raises $0.05 to $0.10
BlackCat0812: folds 
MOONSP3LL: folds 
Maria'sDad77: raises $0.15 to $0.25
Dorex2007: folds 
tolyaz: folds 
rezabraba333: folds 
Brennon4: calls $0.15
*** FLOP *** [Kh 7s Kd]
Brennon4: checks 
Maria'sDad77: checks 
*** TURN *** [Kh 7s Kd] [Qc]
Brennon4: checks 
Maria'sDad77: checks 
*** RIVER *** [Kh 7s Kd Qc] [8s]
Brennon4: checks 
Maria'sDad77: bets $0.20
Brennon4: folds 
Uncalled bet ($0.20) returned to Maria'sDad77
Maria'sDad77 collected $0.55 from pot
Maria'sDad77: doesn't show hand 
*** SUMMARY ***
Total pot $0.57 | Rake $0.02 
Board [Kh 7s Kd Qc 8s]
Seat 2: BlackCat0812 folded before Flop (didn't bet)
Seat 4: MOONSP3LL folded before Flop (didn't bet)
Seat 5: Maria'sDad77 collected ($0.55)
Seat 6: Dorex2007 (button) folded before Flop (didn't bet)
Seat 7: tolyaz (small blind) folded before Flop
Seat 8: rezabraba333 (big blind) folded before Flop
Seat 9: Brennon4 folded on the River



PokerStars Hand #238019338867:  Hold'em No Limit ($0.02/$0.05 USD) - 2022/08/15 22:50:06 PT [2022/08/16 1:50:06 ET]
Table 'Theemin III' 9-max Seat #7 is the button
Seat 2: BlackCat0812 ($6.46 in chips) 
Seat 4: MOONSP3LL ($7.49 in chips) 
Seat 5: Maria'sDad77 ($15.77 in chips) 
Seat 6: Dorex2007 ($5.21 in chips) 
Seat 7: tolyaz ($3.86 in chips) 
Seat 8: rezabraba333 ($2.09 in chips) 
Seat 9: Brennon4 ($8.30 in chips) 
rezabraba333: posts small blind $0.02
Brennon4: posts big blind $0.05
eskaeliey: sits out 
*** HOLE CARDS ***
Dealt to Dorex2007 [3c 4s]
BlackCat0812: folds 
MOONSP3LL: raises $0.10 to $0.15
Maria'sDad77: folds 
Dorex2007: folds 
tolyaz: folds 
rezabraba333: folds 
Brennon4: folds 
Uncalled bet ($0.10) returned to MOONSP3LL
MOONSP3LL collected $0.12 from pot
MOONSP3LL: doesn't show hand 
*** SUMMARY ***
Total pot $0.12 | Rake $0 
Seat 2: BlackCat0812 folded before Flop (didn't bet)
Seat 4: MOONSP3LL collected ($0.12)
Seat 5: Maria'sDad77 folded before Flop (didn't bet)
Seat 6: Dorex2007 folded before Flop (didn't bet)
Seat 7: tolyaz (button) folded before Flop (didn't bet)
Seat 8: rezabraba333 (small blind) folded before Flop
Seat 9: Brennon4 (big blind) folded before Flop



PokerStars Hand #238019341457:  Hold'em No Limit ($0.02/$0.05 USD) - 2022/08/15 22:50:31 PT [2022/08/16 1:50:31 ET]
Table 'Theemin III' 9-max Seat #8 is the button
Seat 1: eskaeliey ($5 in chips) 
Seat 2: BlackCat0812 ($6.46 in chips) 
Seat 4: MOONSP3LL ($7.56 in chips) 
Seat 5: Maria'sDad77 ($15.77 in chips) 
Seat 6: Dorex2007 ($5.21 in chips) 
Seat 7: tolyaz ($3.86 in chips) 
Seat 8: rezabraba333 ($2.07 in chips) 
Seat 9: Brennon4 ($8.25 in chips) 
Brennon4: posts small blind $0.02
eskaeliey: posts big blind $0.05
*** HOLE CARDS ***
Dealt to Dorex2007 [Js 5h]
BlackCat0812: folds 
MOONSP3LL: folds 
Maria'sDad77: folds 
Dorex2007: folds 
tolyaz: folds 
rezabraba333: calls $0.05
Brennon4: raises $0.15 to $0.20
eskaeliey: calls $0.15
rezabraba333: calls $0.15
*** FLOP *** [Qd 6d 7c]
Brennon4: bets $0.15
eskaeliey: folds 
rezabraba333: raises $0.15 to $0.30
Brennon4: calls $0.15
*** TURN *** [Qd 6d 7c] [8c]
Brennon4: checks 
rezabraba333: checks 
*** RIVER *** [Qd 6d 7c 8c] [3s]
Brennon4: bets $7.75 and is all-in
rezabraba333: calls $1.57 and is all-in
Uncalled bet ($6.18) returned to Brennon4
*** SHOW DOWN ***
Brennon4: shows [Qs Qh] (three of a kind, Queens)
rezabraba333: shows [Jc Jh] (a pair of Jacks)
Brennon4 collected $4.16 from pot
*** SUMMARY ***
Total pot $4.34 | Rake $0.18 
Board [Qd 6d 7c 8c 3s]
Seat 1: eskaeliey (big blind) folded on the Flop
Seat 2: BlackCat0812 folded before Flop (didn't bet)
Seat 4: MOONSP3LL folded before Flop (didn't bet)
Seat 5: Maria'sDad77 folded before Flop (didn't bet)
Seat 6: Dorex2007 folded before Flop (didn't bet)
Seat 7: tolyaz folded before Flop (didn't bet)
Seat 8: rezabraba333 (button) showed [Jc Jh] and lost with a pair of Jacks
Seat 9: Brennon4 (small blind) showed [Qs Qh] and won ($4.16) with three of a kind, Queens



PokerStars Hand #238019348535:  Hold'em No Limit ($0.02/$0.05 USD) - 2022/08/15 22:51:40 PT [2022/08/16 1:51:40 ET]
Table 'Theemin III' 9-max Seat #9 is the button
Seat 1: eskaeliey ($4.80 in chips) 
Seat 2: BlackCat0812 ($6.46 in chips) 
Seat 4: MOONSP3LL ($7.56 in chips) 
Seat 5: Maria'sDad77 ($15.77 in chips) 
Seat 6: Dorex2007 ($5.21 in chips) 
Seat 7: tolyaz ($3.86 in chips) 
Seat 9: Brennon4 ($10.34 in chips) 
eskaeliey: posts small blind $0.02
BlackCat0812: posts big blind $0.05
*** HOLE CARDS ***
Dealt to Dorex2007 [6c Jc]
MOONSP3LL: folds 
Maria'sDad77: raises $0.05 to $0.10
Dorex2007: folds 
tolyaz: folds 
Brennon4: folds 
rezabraba333 leaves the table
eskaeliey: calls $0.08
BlackCat0812: folds 
*** FLOP *** [Ks Qc 5d]
eskaeliey: checks 
Maria'sDad77: checks 
*** TURN *** [Ks Qc 5d] [8h]
01Abo joins the table at seat #8 
eskaeliey: bets $0.15
Brennon4 leaves the table
Maria'sDad77: calls $0.15
*** RIVER *** [Ks Qc 5d 8h] [Kh]
eskaeliey: bets $0.25
Maria'sDad77: folds 
Uncalled bet ($0.25) returned to eskaeliey
eskaeliey collected $0.53 from pot
*** SUMMARY ***
Total pot $0.55 | Rake $0.02 
Board [Ks Qc 5d 8h Kh]
Seat 1: eskaeliey (small blind) collected ($0.53)
Seat 2: BlackCat0812 (big blind) folded before Flop
Seat 4: MOONSP3LL folded before Flop (didn't bet)
Seat 5: Maria'sDad77 folded on the River
Seat 6: Dorex2007 folded before Flop (didn't bet)
Seat 7: tolyaz folded before Flop (didn't bet)
Seat 9: Brennon4 (button) folded before Flop (didn't bet)



PokerStars Hand #238019356348:  Hold'em No Limit ($0.02/$0.05 USD) - 2022/08/15 22:52:57 PT [2022/08/16 1:52:57 ET]
Table 'Theemin III' 9-max Seat #1 is the button
Seat 1: eskaeliey ($5.08 in chips) 
Seat 2: BlackCat0812 ($6.41 in chips) 
Seat 4: MOONSP3LL ($7.56 in chips) 
Seat 5: Maria'sDad77 ($15.52 in chips) 
Seat 6: Dorex2007 ($5.21 in chips) 
Seat 7: tolyaz ($3.86 in chips) 
Seat 8: 01Abo ($3.81 in chips) 
BlackCat0812: posts small blind $0.02
MOONSP3LL: posts big blind $0.05
01Abo: posts big blind $0.05
*** HOLE CARDS ***
Dealt to Dorex2007 [Js Kc]
Maria'sDad77: folds 
Dorex2007: calls $0.05
tolyaz: calls $0.05
01Abo: checks 
eskaeliey has timed out
eskaeliey: folds 
BlackCat0812: folds 
MOONSP3LL: checks 
*** FLOP *** [Kh 5c 2c]
MOONSP3LL: checks 
Dorex2007: bets $0.21
tolyaz: folds 
01Abo: folds 
MOONSP3LL: folds 
Uncalled bet ($0.21) returned to Dorex2007
Dorex2007 collected $0.21 from pot
Dorex2007: doesn't show hand 
*** SUMMARY ***
Total pot $0.22 | Rake $0.01 
Board [Kh 5c 2c]
Seat 1: eskaeliey (button) folded before Flop (didn't bet)
Seat 2: BlackCat0812 (small blind) folded before Flop
Seat 4: MOONSP3LL (big blind) folded on the Flop
Seat 5: Maria'sDad77 folded before Flop (didn't bet)
Seat 6: Dorex2007 collected ($0.21)
Seat 7: tolyaz folded on the Flop
Seat 8: 01Abo folded on the Flop (didn't bet)



PokerStars Hand #238019361067:  Hold'em No Limit ($0.02/$0.05 USD) - 2022/08/15 22:53:42 PT [2022/08/16 1:53:42 ET]
Table 'Theemin III' 9-max Seat #2 is the button
Seat 1: eskaeliey ($5.08 in chips) 
Seat 2: BlackCat0812 ($6.39 in chips) 
Seat 4: MOONSP3LL ($7.51 in chips) 
Seat 5: Maria'sDad77 ($15.52 in chips) 
Seat 6: Dorex2007 ($5.37 in chips) 
Seat 7: tolyaz ($3.81 in chips) 
Seat 8: 01Abo ($3.76 in chips) 
MOONSP3LL: posts small blind $0.02
Maria'sDad77: posts big blind $0.05
*** HOLE CARDS ***
Dealt to Dorex2007 [7d 9d]
Dorex2007: folds 
tolyaz: raises $0.05 to $0.10
01Abo: folds 
eskaeliey: raises $0.05 to $0.15
flat_26_music joins the table at seat #9 
BlackCat0812: folds 
MOONSP3LL: folds 
Maria'sDad77: folds 
tolyaz: calls $0.05
*** FLOP *** [9s Js 9h]
tolyaz: checks 
eskaeliey: bets $0.15
tolyaz: calls $0.15
*** TURN *** [9s Js 9h] [3s]
tolyaz: checks 
eskaeliey: checks 
*** RIVER *** [9s Js 9h 3s] [4s]
tolyaz: checks 
eskaeliey: bets $0.64
tolyaz: folds 
Uncalled bet ($0.64) returned to eskaeliey
eskaeliey collected $0.64 from pot
*** SUMMARY ***
Total pot $0.67 | Rake $0.03 
Board [9s Js 9h 3s 4s]
Seat 1: eskaeliey collected ($0.64)
Seat 2: BlackCat0812 (button) folded before Flop (didn't bet)
Seat 4: MOONSP3LL (small blind) folded before Flop
Seat 5: Maria'sDad77 (big blind) folded before Flop
Seat 6: Dorex2007 folded before Flop (didn't bet)
Seat 7: tolyaz folded on the River
Seat 8: 01Abo folded before Flop (didn't bet)



PokerStars Hand #238019367830:  Hold'em No Limit ($0.02/$0.05 USD) - 2022/08/15 22:54:49 PT [2022/08/16 1:54:49 ET]
Table 'Theemin III' 9-max Seat #4 is the button
Seat 1: eskaeliey ($5.42 in chips) 
Seat 2: BlackCat0812 ($6.39 in chips) 
Seat 3: gio119 ($4 in chips) 
Seat 4: MOONSP3LL ($7.49 in chips) 
Seat 5: Maria'sDad77 ($15.47 in chips) 
Seat 6: Dorex2007 ($5.37 in chips) 
Seat 7: tolyaz ($3.51 in chips) 
Seat 8: 01Abo ($3.76 in chips) 
Maria'sDad77: posts small blind $0.02
Dorex2007: posts big blind $0.05
flat_26_music: sits out 
gio119: posts small & big blinds $0.07
*** HOLE CARDS ***
Dealt to Dorex2007 [Ad 9c]
tolyaz: raises $0.05 to $0.10
01Abo: folds 
eskaeliey: folds 
BlackCat0812: folds 
gio119: calls $0.05
MOONSP3LL: folds 
Maria'sDad77: folds 
Dorex2007: folds 
*** FLOP *** [Jc Qs 3d]
tolyaz: bets $0.14
gio119: folds 
Uncalled bet ($0.14) returned to tolyaz
tolyaz collected $0.28 from pot
tolyaz: doesn't show hand 
*** SUMMARY ***
Total pot $0.29 | Rake $0.01 
Board [Jc Qs 3d]
Seat 1: eskaeliey folded before Flop (didn't bet)
Seat 2: BlackCat0812 folded before Flop (didn't bet)
Seat 3: gio119 folded on the Flop
Seat 4: MOONSP3LL (button) folded before Flop (didn't bet)
Seat 5: Maria'sDad77 (small blind) folded before Flop
Seat 6: Dorex2007 (big blind) folded before Flop
Seat 7: tolyaz collected ($0.28)
Seat 8: 01Abo folded before Flop (didn't bet)



PokerStars Hand #238019371906:  Hold'em No Limit ($0.02/$0.05 USD) - 2022/08/15 22:55:30 PT [2022/08/16 1:55:30 ET]
Table 'Theemin III' 9-max Seat #5 is the button
Seat 1: eskaeliey ($5.42 in chips) 
Seat 2: BlackCat0812 ($6.39 in chips) 
Seat 3: gio119 ($4 in chips) 
Seat 4: MOONSP3LL ($7.49 in chips) 
Seat 5: Maria'sDad77 ($15.45 in chips) 
Seat 6: Dorex2007 ($5.32 in chips) 
Seat 7: tolyaz ($3.69 in chips) 
Seat 8: 01Abo ($3.76 in chips) 
Dorex2007: posts small blind $0.02
tolyaz: posts big blind $0.05
flat_26_music: sits out 
*** HOLE CARDS ***
Dealt to Dorex2007 [2c 8s]
01Abo: folds 
eskaeliey: folds 
BlackCat0812: folds 
gio119: calls $0.05
MOONSP3LL: raises $0.15 to $0.20
Maria'sDad77: folds 
Dorex2007: folds 
tolyaz: folds 
gio119: folds 
Uncalled bet ($0.15) returned to MOONSP3LL
MOONSP3LL collected $0.17 from pot
MOONSP3LL: doesn't show hand 
*** SUMMARY ***
Total pot $0.17 | Rake $0 
Seat 1: eskaeliey folded before Flop (didn't bet)
Seat 2: BlackCat0812 folded before Flop (didn't bet)
Seat 3: gio119 folded before Flop
Seat 4: MOONSP3LL collected ($0.17)
Seat 5: Maria'sDad77 (button) folded before Flop (didn't bet)
Seat 6: Dorex2007 (small blind) folded before Flop
Seat 7: tolyaz (big blind) folded before Flop
Seat 8: 01Abo folded before Flop (didn't bet)



PokerStars Hand #238019374272:  Hold'em No Limit ($0.02/$0.05 USD) - 2022/08/15 22:55:56 PT [2022/08/16 1:55:56 ET]
Table 'Theemin III' 9-max Seat #6 is the button
Seat 1: eskaeliey ($5.42 in chips) 
Seat 2: BlackCat0812 ($6.39 in chips) 
Seat 3: gio119 ($4 in chips) 
Seat 4: MOONSP3LL ($7.61 in chips) 
Seat 5: Maria'sDad77 ($15.45 in chips) 
Seat 6: Dorex2007 ($5.30 in chips) 
Seat 7: tolyaz ($3.64 in chips) 
Seat 8: 01Abo ($3.76 in chips) 
tolyaz: posts small blind $0.02
01Abo: posts big blind $0.05
flat_26_music: sits out 
*** HOLE CARDS ***
Dealt to Dorex2007 [Tc Jh]
eskaeliey: folds 
BlackCat0812: folds 
gio119: folds 
MOONSP3LL: folds 
Maria'sDad77: folds 
Dorex2007: raises $0.05 to $0.10
tolyaz: folds 
01Abo: calls $0.05
*** FLOP *** [4c Qd Qs]
01Abo: checks 
Dorex2007: checks 
*** TURN *** [4c Qd Qs] [Ah]
01Abo: checks 
Dorex2007: checks 
*** RIVER *** [4c Qd Qs Ah] [Kd]
01Abo: bets $0.10
Dorex2007: calls $0.10
*** SHOW DOWN ***
01Abo: shows [8h 3h] (a pair of Queens)
Dorex2007: shows [Tc Jh] (a straight, Ten to Ace)
Dorex2007 collected $0.40 from pot
*** SUMMARY ***
Total pot $0.42 | Rake $0.02 
Board [4c Qd Qs Ah Kd]
Seat 1: eskaeliey folded before Flop (didn't bet)
Seat 2: BlackCat0812 folded before Flop (didn't bet)
Seat 3: gio119 folded before Flop (didn't bet)
Seat 4: MOONSP3LL folded before Flop (didn't bet)
Seat 5: Maria'sDad77 folded before Flop (didn't bet)
Seat 6: Dorex2007 (button) showed [Tc Jh] and won ($0.40) with a straight, Ten to Ace
Seat 7: tolyaz (small blind) folded before Flop
Seat 8: 01Abo (big blind) showed [8h 3h] and lost with a pair of Queens



PokerStars Hand #238019379613:  Hold'em No Limit ($0.02/$0.05 USD) - 2022/08/15 22:56:56 PT [2022/08/16 1:56:56 ET]
Table 'Theemin III' 9-max Seat #7 is the button
Seat 1: eskaeliey ($5.42 in chips) 
Seat 2: BlackCat0812 ($6.39 in chips) 
Seat 3: gio119 ($4 in chips) 
Seat 4: MOONSP3LL ($7.61 in chips) 
Seat 5: Maria'sDad77 ($15.45 in chips) 
Seat 6: Dorex2007 ($5.50 in chips) 
Seat 7: tolyaz ($3.62 in chips) 
Seat 8: 01Abo ($3.56 in chips) 
Seat 9: flat_26_music ($3.01 in chips) 
01Abo: posts small blind $0.02
flat_26_music: posts big blind $0.05
*** HOLE CARDS ***
Dealt to Dorex2007 [Ad 7d]
eskaeliey: folds 
BlackCat0812: folds 
gio119: folds 
MOONSP3LL: folds 
Maria'sDad77 has timed out
Maria'sDad77: folds 
Dorex2007: calls $0.05
tolyaz: folds 
01Abo: folds 
flat_26_music: folds 
flat_26_music leaves the table
Dorex2007 collected $0.12 from pot
Dorex2007: doesn't show hand 
*** SUMMARY ***
Total pot $0.12 | Rake $0 
Seat 1: eskaeliey folded before Flop (didn't bet)
Seat 2: BlackCat0812 folded before Flop (didn't bet)
Seat 3: gio119 folded before Flop (didn't bet)
Seat 4: MOONSP3LL folded before Flop (didn't bet)
Seat 5: Maria'sDad77 folded before Flop (didn't bet)
Seat 6: Dorex2007 collected ($0.12)
Seat 7: tolyaz (button) folded before Flop (didn't bet)
Seat 8: 01Abo (small blind) folded before Flop
Seat 9: flat_26_music (big blind) folded before Flop



PokerStars Hand #238019382587:  Hold'em No Limit ($0.02/$0.05 USD) - 2022/08/15 22:57:28 PT [2022/08/16 1:57:28 ET]
Table 'Theemin III' 9-max Seat #8 is the button
Seat 1: eskaeliey ($5.42 in chips) 
Seat 2: BlackCat0812 ($6.39 in chips) 
Seat 3: gio119 ($4 in chips) 
Seat 4: MOONSP3LL ($7.61 in chips) 
Seat 5: Maria'sDad77 ($15.45 in chips) 
Seat 6: Dorex2007 ($5.57 in chips) 
Seat 7: tolyaz ($3.62 in chips) 
Seat 8: 01Abo ($3.54 in chips) 
eskaeliey: posts small blind $0.02
BlackCat0812: posts big blind $0.05
*** HOLE CARDS ***
Dealt to Dorex2007 [As 6s]
gio119: folds 
Templar85 joins the table at seat #9 
MOONSP3LL: folds 
Maria'sDad77: folds 
Dorex2007: calls $0.05
tolyaz: calls $0.05
01Abo: folds 
eskaeliey: calls $0.03
BlackCat0812: checks 
*** FLOP *** [Jd Th Ah]
eskaeliey: bets $0.15
BlackCat0812: folds 
Dorex2007: folds 
tolyaz: folds 
Uncalled bet ($0.15) returned to eskaeliey
eskaeliey collected $0.19 from pot
*** SUMMARY ***
Total pot $0.20 | Rake $0.01 
Board [Jd Th Ah]
Seat 1: eskaeliey (small blind) collected ($0.19)
Seat 2: BlackCat0812 (big blind) folded on the Flop
Seat 3: gio119 folded before Flop (didn't bet)
Seat 4: MOONSP3LL folded before Flop (didn't bet)
Seat 5: Maria'sDad77 folded before Flop (didn't bet)
Seat 6: Dorex2007 folded on the Flop
Seat 7: tolyaz folded on the Flop
Seat 8: 01Abo (button) folded before Flop (didn't bet)



PokerStars Hand #238019386414:  Hold'em No Limit ($0.02/$0.05 USD) - 2022/08/15 22:58:10 PT [2022/08/16 1:58:10 ET]
Table 'Theemin III' 9-max Seat #1 is the button
Seat 1: eskaeliey ($5.56 in chips) 
Seat 2: BlackCat0812 ($6.34 in chips) 
Seat 3: gio119 ($4 in chips) 
Seat 4: MOONSP3LL ($7.61 in chips) 
Seat 5: Maria'sDad77 ($15.45 in chips) 
Seat 6: Dorex2007 ($5.52 in chips) 
Seat 7: tolyaz ($3.57 in chips) 
Seat 8: 01Abo ($3.54 in chips) 
BlackCat0812: posts small blind $0.02
gio119: posts big blind $0.05
Templar85: sits out 
*** HOLE CARDS ***
Dealt to Dorex2007 [3c Kd]
MOONSP3LL: folds 
Maria'sDad77: folds 
Dorex2007: folds 
tolyaz: folds 
01Abo: folds 
eskaeliey: raises $0.10 to $0.15
BlackCat0812: folds 
gio119: folds 
Uncalled bet ($0.10) returned to eskaeliey
eskaeliey collected $0.12 from pot
*** SUMMARY ***
Total pot $0.12 | Rake $0 
Seat 1: eskaeliey (button) collected ($0.12)
Seat 2: BlackCat0812 (small blind) folded before Flop
Seat 3: gio119 (big blind) folded before Flop
Seat 4: MOONSP3LL folded before Flop (didn't bet)
Seat 5: Maria'sDad77 folded before Flop (didn't bet)
Seat 6: Dorex2007 folded before Flop (didn't bet)
Seat 7: tolyaz folded before Flop (didn't bet)
Seat 8: 01Abo folded before Flop (didn't bet)



PokerStars Hand #238019387906:  Hold'em No Limit ($0.02/$0.05 USD) - 2022/08/15 22:58:27 PT [2022/08/16 1:58:27 ET]
Table 'Theemin III' 9-max Seat #2 is the button
Seat 1: eskaeliey ($5.63 in chips) 
Seat 2: BlackCat0812 ($6.32 in chips) 
Seat 3: gio119 ($4 in chips) 
Seat 4: MOONSP3LL ($7.61 in chips) 
Seat 5: Maria'sDad77 ($15.45 in chips) 
Seat 6: Dorex2007 ($5.52 in chips) 
Seat 7: tolyaz ($3.57 in chips) 
Seat 8: 01Abo ($3.54 in chips) 
gio119: posts small blind $0.02
MOONSP3LL: posts big blind $0.05
Templar85: sits out 
*** HOLE CARDS ***
Dealt to Dorex2007 [Ks 9c]
Maria'sDad77: folds 
Dorex2007: folds 
tolyaz: folds 
01Abo: folds 
eskaeliey: folds 
BlackCat0812: calls $0.05
gio119: calls $0.03
MOONSP3LL: checks 
*** FLOP *** [8c 4d Ad]
gio119: checks 
MOONSP3LL: checks 
BlackCat0812: checks 
*** TURN *** [8c 4d Ad] [3c]
gio119: checks 
MOONSP3LL: checks 
BlackCat0812: checks 
*** RIVER *** [8c 4d Ad 3c] [6h]
gio119: checks 
MOONSP3LL: checks 
BlackCat0812: checks 
*** SHOW DOWN ***
gio119: shows [Th Ts] (a pair of Tens)
MOONSP3LL: mucks hand 
BlackCat0812: mucks hand 
gio119 collected $0.14 from pot
*** SUMMARY ***
Total pot $0.15 | Rake $0.01 
Board [8c 4d Ad 3c 6h]
Seat 1: eskaeliey folded before Flop (didn't bet)
Seat 2: BlackCat0812 (button) mucked [Js Qc]
Seat 3: gio119 (small blind) showed [Th Ts] and won ($0.14) with a pair of Tens
Seat 4: MOONSP3LL (big blind) mucked [5h 6s]
Seat 5: Maria'sDad77 folded before Flop (didn't bet)
Seat 6: Dorex2007 folded before Flop (didn't bet)
Seat 7: tolyaz folded before Flop (didn't bet)
Seat 8: 01Abo folded before Flop (didn't bet)



PokerStars Hand #238019393279:  Hold'em No Limit ($0.02/$0.05 USD) - 2022/08/15 22:59:25 PT [2022/08/16 1:59:25 ET]
Table 'Theemin III' 9-max Seat #3 is the button
Seat 1: eskaeliey ($5.63 in chips) 
Seat 2: BlackCat0812 ($6.27 in chips) 
Seat 3: gio119 ($4.09 in chips) 
Seat 4: MOONSP3LL ($7.56 in chips) 
Seat 5: Maria'sDad77 ($15.45 in chips) 
Seat 6: Dorex2007 ($5.52 in chips) 
Seat 7: tolyaz ($3.57 in chips) 
Seat 8: 01Abo ($3.54 in chips) 
MOONSP3LL: posts small blind $0.02
Maria'sDad77: posts big blind $0.05
Templar85: sits out 
*** HOLE CARDS ***
Dealt to Dorex2007 [9d 7c]
Dorex2007: folds 
tolyaz: folds 
01Abo: folds 
eskaeliey: calls $0.05
BlackCat0812: folds 
gio119: folds 
MOONSP3LL: raises $0.15 to $0.20
Maria'sDad77: folds 
eskaeliey: calls $0.15
*** FLOP *** [5c Qs 6h]
MOONSP3LL: bets $0.14
eskaeliey: calls $0.14
*** TURN *** [5c Qs 6h] [9c]
MOONSP3LL: bets $0.36
eskaeliey: calls $0.36
*** RIVER *** [5c Qs 6h 9c] [5d]
MOONSP3LL: bets $0.72
eskaeliey: calls $0.72
*** SHOW DOWN ***
MOONSP3LL: shows [2c 2h] (two pair, Fives and Deuces)
eskaeliey: shows [Ts Qc] (two pair, Queens and Fives)
eskaeliey collected $2.77 from pot
*** SUMMARY ***
Total pot $2.89 | Rake $0.12 
Board [5c Qs 6h 9c 5d]
Seat 1: eskaeliey showed [Ts Qc] and won ($2.77) with two pair, Queens and Fives
Seat 2: BlackCat0812 folded before Flop (didn't bet)
Seat 3: gio119 (button) folded before Flop (didn't bet)
Seat 4: MOONSP3LL (small blind) showed [2c 2h] and lost with two pair, Fives and Deuces
Seat 5: Maria'sDad77 (big blind) folded before Flop
Seat 6: Dorex2007 folded before Flop (didn't bet)
Seat 7: tolyaz folded before Flop (didn't bet)
Seat 8: 01Abo folded before Flop (didn't bet)



PokerStars Hand #238019398739:  Hold'em No Limit ($0.02/$0.05 USD) - 2022/08/15 23:00:25 PT [2022/08/16 2:00:25 ET]
Table 'Theemin III' 9-max Seat #4 is the button
Seat 1: eskaeliey ($6.98 in chips) 
Seat 2: BlackCat0812 ($6.27 in chips) 
Seat 3: gio119 ($4.09 in chips) 
Seat 4: MOONSP3LL ($6.14 in chips) 
Seat 5: Maria'sDad77 ($15.40 in chips) 
Seat 6: Dorex2007 ($5.52 in chips) 
Seat 7: tolyaz ($3.57 in chips) 
Seat 8: 01Abo ($3.54 in chips) 
Maria'sDad77: posts small blind $0.02
Dorex2007: posts big blind $0.05
Templar85: sits out 
*** HOLE CARDS ***
Dealt to Dorex2007 [9c As]
tolyaz: raises $0.05 to $0.10
01Abo: calls $0.10
eskaeliey: calls $0.10
BlackCat0812: folds 
gio119: folds 
MOONSP3LL: folds 
Maria'sDad77: folds 
Dorex2007: folds 
*** FLOP *** [2d Ts 4c]
tolyaz: bets $0.15
01Abo: calls $0.15
eskaeliey: folds 
*** TURN *** [2d Ts 4c] [6d]
tolyaz: bets $0.15
01Abo: folds 
Uncalled bet ($0.15) returned to tolyaz
tolyaz collected $0.64 from pot
tolyaz: doesn't show hand 
*** SUMMARY ***
Total pot $0.67 | Rake $0.03 
Board [2d Ts 4c 6d]
Seat 1: eskaeliey folded on the Flop
Seat 2: BlackCat0812 folded before Flop (didn't bet)
Seat 3: gio119 folded before Flop (didn't bet)
Seat 4: MOONSP3LL (button) folded before Flop (didn't bet)
Seat 5: Maria'sDad77 (small blind) folded before Flop
Seat 6: Dorex2007 (big blind) folded before Flop
Seat 7: tolyaz collected ($0.64)
Seat 8: 01Abo folded on the Turn



PokerStars Hand #238019404667:  Hold'em No Limit ($0.02/$0.05 USD) - 2022/08/15 23:01:27 PT [2022/08/16 2:01:27 ET]
Table 'Theemin III' 9-max Seat #5 is the button
Seat 1: eskaeliey ($6.88 in chips) 
Seat 2: BlackCat0812 ($6.27 in chips) 
Seat 3: gio119 ($4.09 in chips) 
Seat 4: MOONSP3LL ($6.14 in chips) 
Seat 5: Maria'sDad77 ($15.38 in chips) 
Seat 6: Dorex2007 ($5.47 in chips) 
Seat 8: 01Abo ($3.29 in chips) 
Dorex2007: posts small blind $0.02
tolyaz: is sitting out 
01Abo: posts big blind $0.05
Templar85: sits out 
*** HOLE CARDS ***
Dealt to Dorex2007 [3s 7c]
eskaeliey: calls $0.05
BlackCat0812: calls $0.05
gio119: folds 
tolyaz leaves the table
MOONSP3LL: folds 
Maria'sDad77: raises $0.15 to $0.20
Dorex2007: folds 
M.zanoza joins the table at seat #7 
01Abo: calls $0.15
eskaeliey: calls $0.15
BlackCat0812: folds 
*** FLOP *** [Ac Jc 2h]
01Abo: checks 
eskaeliey: checks 
Maria'sDad77: bets $0.47
01Abo: folds 
eskaeliey: folds 
Uncalled bet ($0.47) returned to Maria'sDad77
Maria'sDad77 collected $0.64 from pot
*** SUMMARY ***
Total pot $0.67 | Rake $0.03 
Board [Ac Jc 2h]
Seat 1: eskaeliey folded on the Flop
Seat 2: BlackCat0812 folded before Flop
Seat 3: gio119 folded before Flop (didn't bet)
Seat 4: MOONSP3LL folded before Flop (didn't bet)
Seat 5: Maria'sDad77 (button) collected ($0.64)
Seat 6: Dorex2007 (small blind) folded before Flop
Seat 8: 01Abo (big blind) folded on the Flop



PokerStars Hand #238019411454:  Hold'em No Limit ($0.02/$0.05 USD) - 2022/08/15 23:02:36 PT [2022/08/16 2:02:36 ET]
Table 'Theemin III' 9-max Seat #6 is the button
Seat 1: eskaeliey ($6.68 in chips) 
Seat 2: BlackCat0812 ($6.22 in chips) 
Seat 3: gio119 ($4.09 in chips) 
Seat 4: MOONSP3LL ($6.14 in chips) 
Seat 5: Maria'sDad77 ($15.82 in chips) 
Seat 6: Dorex2007 ($5.45 in chips) 
Seat 8: 01Abo ($3.09 in chips) 
Seat 9: Templar85 ($5 in chips) 
01Abo: posts small blind $0.02
Templar85: posts big blind $0.05
*** HOLE CARDS ***
Dealt to Dorex2007 [6h 9c]
eskaeliey: folds 
BlackCat0812: calls $0.05
gio119: folds 
MOONSP3LL: folds 
Maria'sDad77: folds 
Dorex2007: folds 
01Abo: folds 
Templar85: checks 
*** FLOP *** [2s 8d 7d]
Templar85: checks 
BlackCat0812: checks 
*** TURN *** [2s 8d 7d] [7s]
Templar85: checks 
BlackCat0812: checks 
*** RIVER *** [2s 8d 7d 7s] [Kc]
Templar85: checks 
BlackCat0812: bets $0.06
Templar85: folds 
Uncalled bet ($0.06) returned to BlackCat0812
BlackCat0812 collected $0.12 from pot
*** SUMMARY ***
Total pot $0.12 | Rake $0 
Board [2s 8d 7d 7s Kc]
Seat 1: eskaeliey folded before Flop (didn't bet)
Seat 2: BlackCat0812 collected ($0.12)
Seat 3: gio119 folded before Flop (didn't bet)
Seat 4: MOONSP3LL folded before Flop (didn't bet)
Seat 5: Maria'sDad77 folded before Flop (didn't bet)
Seat 6: Dorex2007 (button) folded before Flop (didn't bet)
Seat 8: 01Abo (small blind) folded before Flop
Seat 9: Templar85 (big blind) folded on the River



PokerStars Hand #238019417113:  Hold'em No Limit ($0.02/$0.05 USD) - 2022/08/15 23:03:33 PT [2022/08/16 2:03:33 ET]
Table 'Theemin III' 9-max Seat #8 is the button
Seat 1: eskaeliey ($6.68 in chips) 
Seat 2: BlackCat0812 ($6.29 in chips) 
Seat 3: gio119 ($4.09 in chips) 
Seat 4: MOONSP3LL ($6.14 in chips) 
Seat 5: Maria'sDad77 ($15.82 in chips) 
Seat 6: Dorex2007 ($5.45 in chips) 
Seat 8: 01Abo ($3.07 in chips) 
Seat 9: Templar85 ($5 in chips) 
Templar85: posts small blind $0.02
eskaeliey: posts big blind $0.05
M.zanoza: sits out 
*** HOLE CARDS ***
Dealt to Dorex2007 [Kh 3d]
BlackCat0812: folds 
gio119: folds 
MOONSP3LL: folds 
Maria'sDad77: folds 
Dorex2007: folds 
01Abo: raises $0.10 to $0.15
Templar85: folds 
eskaeliey: calls $0.10
*** FLOP *** [5c 2d 6c]
eskaeliey: checks 
01Abo: bets $0.26
eskaeliey: folds 
Uncalled bet ($0.26) returned to 01Abo
01Abo collected $0.31 from pot
*** SUMMARY ***
Total pot $0.32 | Rake $0.01 
Board [5c 2d 6c]
Seat 1: eskaeliey (big blind) folded on the Flop
Seat 2: BlackCat0812 folded before Flop (didn't bet)
Seat 3: gio119 folded before Flop (didn't bet)
Seat 4: MOONSP3LL folded before Flop (didn't bet)
Seat 5: Maria'sDad77 folded before Flop (didn't bet)
Seat 6: Dorex2007 folded before Flop (didn't bet)
Seat 8: 01Abo (button) collected ($0.31)
Seat 9: Templar85 (small blind) folded before Flop



PokerStars Hand #238019420404:  Hold'em No Limit ($0.02/$0.05 USD) - 2022/08/15 23:04:05 PT [2022/08/16 2:04:05 ET]
Table 'Theemin III' 9-max Seat #9 is the button
Seat 1: eskaeliey ($6.53 in chips) 
Seat 2: BlackCat0812 ($6.29 in chips) 
Seat 3: gio119 ($4.09 in chips) 
Seat 4: MOONSP3LL ($6.14 in chips) 
Seat 5: Maria'sDad77 ($15.82 in chips) 
Seat 6: Dorex2007 ($5.45 in chips) 
Seat 8: 01Abo ($3.23 in chips) 
Seat 9: Templar85 ($5 in chips) 
eskaeliey: posts small blind $0.02
BlackCat0812: posts big blind $0.05
M.zanoza: sits out 
*** HOLE CARDS ***
Dealt to Dorex2007 [Qs 7c]
gio119 has timed out
gio119: folds 
MOONSP3LL: folds 
Maria'sDad77: folds 
Dorex2007: folds 
01Abo: calls $0.05
Templar85: folds 
eskaeliey: raises $0.05 to $0.10
BlackCat0812: calls $0.05
01Abo: calls $0.05
*** FLOP *** [Kh Jh 3h]
eskaeliey: bets $0.20
BlackCat0812: calls $0.20
01Abo: folds 
*** TURN *** [Kh Jh 3h] [Ac]
eskaeliey: checks 
BlackCat0812: bets $0.33
eskaeliey: folds 
Uncalled bet ($0.33) returned to BlackCat0812
BlackCat0812 collected $0.67 from pot
*** SUMMARY ***
Total pot $0.70 | Rake $0.03 
Board [Kh Jh 3h Ac]
Seat 1: eskaeliey (small blind) folded on the Turn
Seat 2: BlackCat0812 (big blind) collected ($0.67)
Seat 3: gio119 folded before Flop (didn't bet)
Seat 4: MOONSP3LL folded before Flop (didn't bet)
Seat 5: Maria'sDad77 folded before Flop (didn't bet)
Seat 6: Dorex2007 folded before Flop (didn't bet)
Seat 8: 01Abo folded on the Flop
Seat 9: Templar85 (button) folded before Flop (didn't bet)



PokerStars Hand #238019425753:  Hold'em No Limit ($0.02/$0.05 USD) - 2022/08/15 23:04:58 PT [2022/08/16 2:04:58 ET]
Table 'Theemin III' 9-max Seat #1 is the button
Seat 1: eskaeliey ($6.23 in chips) 
Seat 2: BlackCat0812 ($6.66 in chips) 
Seat 3: gio119 ($4.09 in chips) 
Seat 4: MOONSP3LL ($6.14 in chips) 
Seat 5: Maria'sDad77 ($15.82 in chips) 
Seat 6: Dorex2007 ($5.45 in chips) 
Seat 8: 01Abo ($3.13 in chips) 
Seat 9: Templar85 ($5 in chips) 
BlackCat0812: posts small blind $0.02
gio119: posts big blind $0.05
M.zanoza: sits out 
*** HOLE CARDS ***
Dealt to Dorex2007 [3h Jc]
MOONSP3LL: folds 
Maria'sDad77: folds 
Dorex2007: folds 
01Abo: folds 
Templar85: folds 
eskaeliey: folds 
BlackCat0812: calls $0.03
gio119: checks 
*** FLOP *** [Ks 8d 7d]
BlackCat0812: checks 
gio119: checks 
*** TURN *** [Ks 8d 7d] [8s]
BlackCat0812: checks 
gio119: checks 
*** RIVER *** [Ks 8d 7d 8s] [6c]
BlackCat0812: checks 
gio119: checks 
*** SHOW DOWN ***
BlackCat0812: shows [Qc Ad] (a pair of Eights)
gio119: shows [Qd Ah] (a pair of Eights)
BlackCat0812 collected $0.05 from pot
gio119 collected $0.05 from pot
*** SUMMARY ***
Total pot $0.10 | Rake $0 
Board [Ks 8d 7d 8s 6c]
Seat 1: eskaeliey (button) folded before Flop (didn't bet)
Seat 2: BlackCat0812 (small blind) showed [Qc Ad] and won ($0.05) with a pair of Eights
Seat 3: gio119 (big blind) showed [Qd Ah] and won ($0.05) with a pair of Eights
Seat 4: MOONSP3LL folded before Flop (didn't bet)
Seat 5: Maria'sDad77 folded before Flop (didn't bet)
Seat 6: Dorex2007 folded before Flop (didn't bet)
Seat 8: 01Abo folded before Flop (didn't bet)
Seat 9: Templar85 folded before Flop (didn't bet)



PokerStars Hand #238019431989:  Hold'em No Limit ($0.02/$0.05 USD) - 2022/08/15 23:06:01 PT [2022/08/16 2:06:01 ET]
Table 'Theemin III' 9-max Seat #2 is the button
Seat 1: eskaeliey ($6.23 in chips) 
Seat 2: BlackCat0812 ($6.66 in chips) 
Seat 3: gio119 ($4.09 in chips) 
Seat 4: MOONSP3LL ($6.14 in chips) 
Seat 5: Maria'sDad77 ($15.82 in chips) 
Seat 6: Dorex2007 ($5.45 in chips) 
Seat 8: 01Abo ($3.13 in chips) 
Seat 9: Templar85 ($5 in chips) 
gio119: posts small blind $0.02
MOONSP3LL: posts big blind $0.05
M.zanoza: sits out 
*** HOLE CARDS ***
Dealt to Dorex2007 [7c 6s]
Maria'sDad77: folds 
Dorex2007: folds 
01Abo: raises $0.10 to $0.15
Templar85: folds 
eskaeliey: folds 
BlackCat0812: folds 
gio119: folds 
MOONSP3LL: folds 
Uncalled bet ($0.10) returned to 01Abo
01Abo collected $0.12 from pot
*** SUMMARY ***
Total pot $0.12 | Rake $0 
Seat 1: eskaeliey folded before Flop (didn't bet)
Seat 2: BlackCat0812 (button) folded before Flop (didn't bet)
Seat 3: gio119 (small blind) folded before Flop
Seat 4: MOONSP3LL (big blind) folded before Flop
Seat 5: Maria'sDad77 folded before Flop (didn't bet)
Seat 6: Dorex2007 folded before Flop (didn't bet)
Seat 8: 01Abo collected ($0.12)
Seat 9: Templar85 folded before Flop (didn't bet)



PokerStars Hand #238019435285:  Hold'em No Limit ($0.02/$0.05 USD) - 2022/08/15 23:06:33 PT [2022/08/16 2:06:33 ET]
Table 'Theemin III' 9-max Seat #3 is the button
Seat 1: eskaeliey ($6.23 in chips) 
Seat 2: BlackCat0812 ($6.66 in chips) 
Seat 3: gio119 ($4.07 in chips) 
Seat 4: MOONSP3LL ($6.09 in chips) 
Seat 5: Maria'sDad77 ($15.82 in chips) 
Seat 6: Dorex2007 ($5.45 in chips) 
Seat 8: 01Abo ($3.20 in chips) 
Seat 9: Templar85 ($5 in chips) 
MOONSP3LL: posts small blind $0.02
Maria'sDad77: posts big blind $0.05
M.zanoza: sits out 
*** HOLE CARDS ***
Dealt to Dorex2007 [5s Jc]
Dorex2007: folds 
01Abo: folds 
Templar85: raises $0.10 to $0.15
eskaeliey: calls $0.15
BlackCat0812: folds 
gio119 has timed out
gio119: folds 
MOONSP3LL: folds 
Maria'sDad77: folds 
*** FLOP *** [2s 4h Th]
Templar85: checks 
eskaeliey: bets $0.15
Templar85: folds 
Uncalled bet ($0.15) returned to eskaeliey
eskaeliey collected $0.35 from pot
*** SUMMARY ***
Total pot $0.37 | Rake $0.02 
Board [2s 4h Th]
Seat 1: eskaeliey collected ($0.35)
Seat 2: BlackCat0812 folded before Flop (didn't bet)
Seat 3: gio119 (button) folded before Flop (didn't bet)
Seat 4: MOONSP3LL (small blind) folded before Flop
Seat 5: Maria'sDad77 (big blind) folded before Flop
Seat 6: Dorex2007 folded before Flop (didn't bet)
Seat 8: 01Abo folded before Flop (didn't bet)
Seat 9: Templar85 folded on the Flop



PokerStars Hand #238019440052:  Hold'em No Limit ($0.02/$0.05 USD) - 2022/08/15 23:07:21 PT [2022/08/16 2:07:21 ET]
Table 'Theemin III' 9-max Seat #4 is the button
Seat 1: eskaeliey ($6.43 in chips) 
Seat 2: BlackCat0812 ($6.66 in chips) 
Seat 4: MOONSP3LL ($6.07 in chips) 
Seat 5: Maria'sDad77 ($15.77 in chips) 
Seat 6: Dorex2007 ($5.45 in chips) 
Seat 8: 01Abo ($3.20 in chips) 
Seat 9: Templar85 ($5 in chips) 
Maria'sDad77: posts small blind $0.02
Dorex2007: posts big blind $0.05
M.zanoza: sits out 
*** HOLE CARDS ***
Dealt to Dorex2007 [6c 5h]
01Abo: calls $0.05
Templar85: folds 
eskaeliey: folds 
BlackCat0812: folds 
MOONSP3LL: raises $0.15 to $0.20
Maria'sDad77: folds 
Dorex2007: folds 
01Abo: calls $0.15
*** FLOP *** [Th 7h 8s]
01Abo: checks 
MOONSP3LL: bets $0.23
01Abo: calls $0.23
*** TURN *** [Th 7h 8s] [4c]
01Abo: checks 
MOONSP3LL: bets $0.62
01Abo: calls $0.62
*** RIVER *** [Th 7h 8s 4c] [2h]
01Abo: checks 
MOONSP3LL: checks 
*** SHOW DOWN ***
01Abo: shows [7c Jc] (a pair of Sevens)
MOONSP3LL: shows [Ad Ac] (a pair of Aces)
MOONSP3LL collected $2.06 from pot
*** SUMMARY ***
Total pot $2.17 | Rake $0.11 
Board [Th 7h 8s 4c 2h]
Seat 1: eskaeliey folded before Flop (didn't bet)
Seat 2: BlackCat0812 folded before Flop (didn't bet)
Seat 4: MOONSP3LL (button) showed [Ad Ac] and won ($2.06) with a pair of Aces
Seat 5: Maria'sDad77 (small blind) folded before Flop
Seat 6: Dorex2007 (big blind) folded before Flop
Seat 8: 01Abo showed [7c Jc] and lost with a pair of Sevens
Seat 9: Templar85 folded before Flop (didn't bet)



PokerStars Hand #238019446164:  Hold'em No Limit ($0.02/$0.05 USD) - 2022/08/15 23:08:22 PT [2022/08/16 2:08:22 ET]
Table 'Theemin III' 9-max Seat #5 is the button
Seat 1: eskaeliey ($6.43 in chips) 
Seat 2: BlackCat0812 ($6.66 in chips) 
Seat 4: MOONSP3LL ($7.08 in chips) 
Seat 5: Maria'sDad77 ($15.75 in chips) 
Seat 6: Dorex2007 ($5.40 in chips) 
Seat 7: M.zanoza ($5 in chips) 
Seat 8: 01Abo ($2.15 in chips) 
Seat 9: Templar85 ($5 in chips) 
Dorex2007: posts small blind $0.02
M.zanoza: posts big blind $0.05
*** HOLE CARDS ***
Dealt to Dorex2007 [As 6c]
01Abo: folds 
Templar85: folds 
eskaeliey: calls $0.05
BlackCat0812: folds 
MOONSP3LL: folds 
Maria'sDad77: folds 
Dorex2007: calls $0.03
M.zanoza: checks 
*** FLOP *** [6s Qh 4h]
Dorex2007: bets $0.14
M.zanoza: folds 
eskaeliey: folds 
Uncalled bet ($0.14) returned to Dorex2007
Dorex2007 collected $0.14 from pot
Dorex2007: doesn't show hand 
*** SUMMARY ***
Total pot $0.15 | Rake $0.01 
Board [6s Qh 4h]
Seat 1: eskaeliey folded on the Flop
Seat 2: BlackCat0812 folded before Flop (didn't bet)
Seat 4: MOONSP3LL folded before Flop (didn't bet)
Seat 5: Maria'sDad77 (button) folded before Flop (didn't bet)
Seat 6: Dorex2007 (small blind) collected ($0.14)
Seat 7: M.zanoza (big blind) folded on the Flop
Seat 8: 01Abo folded before Flop (didn't bet)
Seat 9: Templar85 folded before Flop (didn't bet)



PokerStars Hand #238019449569:  Hold'em No Limit ($0.02/$0.05 USD) - 2022/08/15 23:08:57 PT [2022/08/16 2:08:57 ET]
Table 'Theemin III' 9-max Seat #6 is the button
Seat 1: eskaeliey ($6.38 in chips) 
Seat 2: BlackCat0812 ($6.66 in chips) 
Seat 4: MOONSP3LL ($7.08 in chips) 
Seat 5: Maria'sDad77 ($15.75 in chips) 
Seat 6: Dorex2007 ($5.49 in chips) 
Seat 7: M.zanoza ($5 in chips) 
Seat 8: 01Abo ($2.15 in chips) 
Seat 9: Templar85 ($5 in chips) 
M.zanoza: posts small blind $0.02
01Abo: posts big blind $0.05
*** HOLE CARDS ***
Dealt to Dorex2007 [Qc Qd]
Templar85: folds 
eskaeliey: folds 
BlackCat0812: folds 
MOONSP3LL: folds 
Maria'sDad77: folds 
Dorex2007: raises $0.10 to $0.15
M.zanoza: folds 
01Abo: calls $0.10
*** FLOP *** [6d 4c 9s]
01Abo: checks 
Dorex2007: bets $5.34 and is all-in
01Abo: folds 
Uncalled bet ($5.34) returned to Dorex2007
Dorex2007 collected $0.31 from pot
Dorex2007: doesn't show hand 
*** SUMMARY ***
Total pot $0.32 | Rake $0.01 
Board [6d 4c 9s]
Seat 1: eskaeliey folded before Flop (didn't bet)
Seat 2: BlackCat0812 folded before Flop (didn't bet)
Seat 4: MOONSP3LL folded before Flop (didn't bet)
Seat 5: Maria'sDad77 folded before Flop (didn't bet)
Seat 6: Dorex2007 (button) collected ($0.31)
Seat 7: M.zanoza (small blind) folded before Flop
Seat 8: 01Abo (big blind) folded on the Flop
Seat 9: Templar85 folded before Flop (didn't bet)



PokerStars Hand #238019452988:  Hold'em No Limit ($0.02/$0.05 USD) - 2022/08/15 23:09:32 PT [2022/08/16 2:09:32 ET]
Table 'Theemin III' 9-max Seat #7 is the button
Seat 1: eskaeliey ($6.38 in chips) 
Seat 2: BlackCat0812 ($6.66 in chips) 
Seat 4: MOONSP3LL ($7.08 in chips) 
Seat 5: Maria'sDad77 ($15.75 in chips) 
Seat 6: Dorex2007 ($5.65 in chips) 
Seat 7: M.zanoza ($5 in chips) 
Seat 8: 01Abo ($2 in chips) 
Seat 9: Templar85 ($5 in chips) 
01Abo: posts small blind $0.02
Templar85: posts big blind $0.05
*** HOLE CARDS ***
Dealt to Dorex2007 [8h Tc]
eskaeliey: calls $0.05
BlackCat0812: folds 
MOONSP3LL: folds 
Maria'sDad77: folds 
Dorex2007: folds 
M.zanoza: folds 
01Abo: folds 
Templar85: checks 
*** FLOP *** [7s 4h Qh]
Templar85: bets $0.06
eskaeliey: calls $0.06
*** TURN *** [7s 4h Qh] [Th]
Templar85: bets $0.10
eskaeliey: calls $0.10
*** RIVER *** [7s 4h Qh Th] [Td]
Templar85: checks 
eskaeliey: bets $0.25
Templar85: calls $0.25
*** SHOW DOWN ***
eskaeliey: shows [Kc Ad] (a pair of Tens)
Templar85: shows [Qd 8d] (two pair, Queens and Tens)
Templar85 collected $0.90 from pot
*** SUMMARY ***
Total pot $0.94 | Rake $0.04 
Board [7s 4h Qh Th Td]
Seat 1: eskaeliey showed [Kc Ad] and lost with a pair of Tens
Seat 2: BlackCat0812 folded before Flop (didn't bet)
Seat 4: MOONSP3LL folded before Flop (didn't bet)
Seat 5: Maria'sDad77 folded before Flop (didn't bet)
Seat 6: Dorex2007 folded before Flop (didn't bet)
Seat 7: M.zanoza (button) folded before Flop (didn't bet)
Seat 8: 01Abo (small blind) folded before Flop
Seat 9: Templar85 (big blind) showed [Qd 8d] and won ($0.90) with two pair, Queens and Tens



PokerStars Hand #238019457632:  Hold'em No Limit ($0.02/$0.05 USD) - 2022/08/15 23:10:19 PT [2022/08/16 2:10:19 ET]
Table 'Theemin III' 9-max Seat #8 is the button
Seat 1: eskaeliey ($5.92 in chips) 
Seat 2: BlackCat0812 ($6.66 in chips) 
Seat 4: MOONSP3LL ($7.08 in chips) 
Seat 5: Maria'sDad77 ($15.75 in chips) 
Seat 6: Dorex2007 ($5.65 in chips) 
Seat 7: M.zanoza ($5 in chips) 
Seat 8: 01Abo ($1.98 in chips) 
Seat 9: Templar85 ($5.44 in chips) 
Templar85: posts small blind $0.02
eskaeliey: posts big blind $0.05
*** HOLE CARDS ***
Dealt to Dorex2007 [6h 7h]
BlackCat0812 has timed out
BlackCat0812: folds 
MOONSP3LL: raises $0.07 to $0.12
Maria'sDad77: folds 
Dorex2007: folds 
M.zanoza: folds 
01Abo: calls $0.12
Templar85: folds 
eskaeliey: folds 
*** FLOP *** [7s 5h Jh]
MOONSP3LL: bets $0.15
01Abo: folds 
Uncalled bet ($0.15) returned to MOONSP3LL
MOONSP3LL collected $0.30 from pot
MOONSP3LL: doesn't show hand 
*** SUMMARY ***
Total pot $0.31 | Rake $0.01 
Board [7s 5h Jh]
Seat 1: eskaeliey (big blind) folded before Flop
Seat 2: BlackCat0812 folded before Flop (didn't bet)
Seat 4: MOONSP3LL collected ($0.30)
Seat 5: Maria'sDad77 folded before Flop (didn't bet)
Seat 6: Dorex2007 folded before Flop (didn't bet)
Seat 7: M.zanoza folded before Flop (didn't bet)
Seat 8: 01Abo (button) folded on the Flop
Seat 9: Templar85 (small blind) folded before Flop



PokerStars Hand #238019461384:  Hold'em No Limit ($0.02/$0.05 USD) - 2022/08/15 23:10:56 PT [2022/08/16 2:10:56 ET]
Table 'Theemin III' 9-max Seat #9 is the button
Seat 1: eskaeliey ($5.87 in chips) 
Seat 2: BlackCat0812 ($6.66 in chips) 
Seat 4: MOONSP3LL ($7.26 in chips) 
Seat 5: Maria'sDad77 ($15.75 in chips) 
Seat 6: Dorex2007 ($5.65 in chips) 
Seat 7: M.zanoza ($5 in chips) 
Seat 8: 01Abo ($1.86 in chips) 
Seat 9: Templar85 ($5.42 in chips) 
eskaeliey: posts small blind $0.02
BlackCat0812: posts big blind $0.05
*** HOLE CARDS ***
Dealt to Dorex2007 [Js 4s]
MOONSP3LL: raises $0.05 to $0.10
Maria'sDad77: folds 
Dorex2007: folds 
M.zanoza: folds 
01Abo: folds 
Templar85: folds 
eskaeliey: calls $0.08
BlackCat0812: calls $0.05
*** FLOP *** [2d Kc Tc]
eskaeliey: checks 
BlackCat0812: checks 
MOONSP3LL: bets $0.10
eskaeliey: folds 
BlackCat0812: folds 
Uncalled bet ($0.10) returned to MOONSP3LL
MOONSP3LL collected $0.29 from pot
MOONSP3LL: doesn't show hand 
*** SUMMARY ***
Total pot $0.30 | Rake $0.01 
Board [2d Kc Tc]
Seat 1: eskaeliey (small blind) folded on the Flop
Seat 2: BlackCat0812 (big blind) folded on the Flop
Seat 4: MOONSP3LL collected ($0.29)
Seat 5: Maria'sDad77 folded before Flop (didn't bet)
Seat 6: Dorex2007 folded before Flop (didn't bet)
Seat 7: M.zanoza folded before Flop (didn't bet)
Seat 8: 01Abo folded before Flop (didn't bet)
Seat 9: Templar85 (button) folded before Flop (didn't bet)



PokerStars Hand #238019465759:  Hold'em No Limit ($0.02/$0.05 USD) - 2022/08/15 23:11:40 PT [2022/08/16 2:11:40 ET]
Table 'Theemin III' 9-max Seat #2 is the button
Seat 2: BlackCat0812 ($6.56 in chips) 
Seat 4: MOONSP3LL ($7.45 in chips) 
Seat 5: Maria'sDad77 ($15.75 in chips) 
Seat 6: Dorex2007 ($5.65 in chips) 
Seat 7: M.zanoza ($5 in chips) 
Seat 8: 01Abo ($1.86 in chips) 
Seat 9: Templar85 ($5.42 in chips) 
MOONSP3LL: posts small blind $0.02
Maria'sDad77: posts big blind $0.05
*** HOLE CARDS ***
Dealt to Dorex2007 [7h Kh]
Dorex2007: folds 
M.zanoza: folds 
01Abo: folds 
Templar85: folds 
BlackCat0812: folds 
MOONSP3LL: raises $0.10 to $0.15
Maria'sDad77: calls $0.10
*** FLOP *** [Tc Jh 3d]
MOONSP3LL: bets $0.10
Maria'sDad77: calls $0.10
*** TURN *** [Tc Jh 3d] [3h]
MOONSP3LL: bets $0.25
Maria'sDad77: calls $0.25
*** RIVER *** [Tc Jh 3d 3h] [2d]
MOONSP3LL: checks 
Maria'sDad77: checks 
*** SHOW DOWN ***
MOONSP3LL: shows [As 8h] (a pair of Threes)
Maria'sDad77: shows [Qs Jd] (two pair, Jacks and Threes)
Maria'sDad77 collected $0.96 from pot
*** SUMMARY ***
Total pot $1 | Rake $0.04 
Board [Tc Jh 3d 3h 2d]
Seat 2: BlackCat0812 (button) folded before Flop (didn't bet)
Seat 4: MOONSP3LL (small blind) showed [As 8h] and lost with a pair of Threes
Seat 5: Maria'sDad77 (big blind) showed [Qs Jd] and won ($0.96) with two pair, Jacks and Threes
Seat 6: Dorex2007 folded before Flop (didn't bet)
Seat 7: M.zanoza folded before Flop (didn't bet)
Seat 8: 01Abo folded before Flop (didn't bet)
Seat 9: Templar85 folded before Flop (didn't bet)



PokerStars Hand #238019473222:  Hold'em No Limit ($0.02/$0.05 USD) - 2022/08/15 23:12:56 PT [2022/08/16 2:12:56 ET]
Table 'Theemin III' 9-max Seat #4 is the button
Seat 2: BlackCat0812 ($6.56 in chips) 
Seat 4: MOONSP3LL ($6.95 in chips) 
Seat 5: Maria'sDad77 ($16.21 in chips) 
Seat 6: Dorex2007 ($5.65 in chips) 
Seat 7: M.zanoza ($5 in chips) 
Seat 8: 01Abo ($1.86 in chips) 
Seat 9: Templar85 ($5.42 in chips) 
Maria'sDad77: posts small blind $0.02
Dorex2007: posts big blind $0.05
*** HOLE CARDS ***
Dealt to Dorex2007 [Qh Qc]
M.zanoza: folds 
01Abo: calls $0.05
Templar85: folds 
BlackCat0812: folds 
MOONSP3LL: folds 
Maria'sDad77: folds 
Dorex2007: raises $0.10 to $0.15
01Abo: calls $0.10
*** FLOP *** [Ks 4c Jh]
Dorex2007: checks 
01Abo: bets $0.15
Dorex2007: calls $0.15
*** TURN *** [Ks 4c Jh] [9h]
Dorex2007: bets $0.29
01Abo: calls $0.29
*** RIVER *** [Ks 4c Jh 9h] [3d]
Dorex2007: bets $0.57
01Abo: calls $0.57
*** SHOW DOWN ***
Dorex2007: shows [Qh Qc] (a pair of Queens)
01Abo: mucks hand 
Dorex2007 collected $2.24 from pot
*** SUMMARY ***
Total pot $2.34 | Rake $0.10 
Board [Ks 4c Jh 9h 3d]
Seat 2: BlackCat0812 folded before Flop (didn't bet)
Seat 4: MOONSP3LL (button) folded before Flop (didn't bet)
Seat 5: Maria'sDad77 (small blind) folded before Flop
Seat 6: Dorex2007 (big blind) showed [Qh Qc] and won ($2.24) with a pair of Queens
Seat 7: M.zanoza folded before Flop (didn't bet)
Seat 8: 01Abo mucked [Td Js]
Seat 9: Templar85 folded before Flop (didn't bet)



PokerStars Hand #238019477157:  Hold'em No Limit ($0.02/$0.05 USD) - 2022/08/15 23:13:36 PT [2022/08/16 2:13:36 ET]
Table 'Theemin III' 9-max Seat #5 is the button
Seat 2: BlackCat0812 ($6.56 in chips) 
Seat 4: MOONSP3LL ($6.95 in chips) 
Seat 5: Maria'sDad77 ($16.19 in chips) 
Seat 6: Dorex2007 ($6.73 in chips) 
Seat 7: M.zanoza ($5 in chips) 
Seat 8: 01Abo ($0.70 in chips) 
Seat 9: Templar85 ($5.42 in chips) 
Dorex2007: posts small blind $0.02
M.zanoza: posts big blind $0.05
*** HOLE CARDS ***
Dealt to Dorex2007 [Jc 2s]
01Abo: folds 
Templar85: folds 
BlackCat0812: calls $0.05
MOONSP3LL: raises $0.15 to $0.20
Maria'sDad77: folds 
Dorex2007: folds 
M.zanoza: folds 
BlackCat0812: calls $0.15
*** FLOP *** [4d 3d 7h]
BlackCat0812: bets $0.15
MOONSP3LL: raises $0.48 to $0.63
BlackCat0812: folds 
Uncalled bet ($0.48) returned to MOONSP3LL
MOONSP3LL collected $0.73 from pot
MOONSP3LL: doesn't show hand 
*** SUMMARY ***
Total pot $0.77 | Rake $0.04 
Board [4d 3d 7h]
Seat 2: BlackCat0812 folded on the Flop
Seat 4: MOONSP3LL collected ($0.73)
Seat 5: Maria'sDad77 (button) folded before Flop (didn't bet)
Seat 6: Dorex2007 (small blind) folded before Flop
Seat 7: M.zanoza (big blind) folded before Flop
Seat 8: 01Abo folded before Flop (didn't bet)
Seat 9: Templar85 folded before Flop (didn't bet)



PokerStars Hand #238019481167:  Hold'em No Limit ($0.02/$0.05 USD) - 2022/08/15 23:14:16 PT [2022/08/16 2:14:16 ET]
Table 'Theemin III' 9-max Seat #6 is the button
Seat 2: BlackCat0812 ($6.21 in chips) 
Seat 4: MOONSP3LL ($7.33 in chips) 
Seat 5: Maria'sDad77 ($16.19 in chips) 
Seat 6: Dorex2007 ($6.71 in chips) 
Seat 7: M.zanoza ($5 in chips) 
Seat 8: 01Abo ($0.70 in chips) 
Seat 9: Templar85 ($5.42 in chips) 
M.zanoza: posts small blind $0.02
01Abo: posts big blind $0.05
*** HOLE CARDS ***
Dealt to Dorex2007 [9h Ah]
Templar85: folds 
BlackCat0812: folds 
MOONSP3LL: folds 
Maria'sDad77: folds 
Dorex2007: raises $0.15 to $0.20
M.zanoza: folds 
01Abo: folds 
Uncalled bet ($0.15) returned to Dorex2007
Dorex2007 collected $0.12 from pot
Dorex2007: doesn't show hand 
*** SUMMARY ***
Total pot $0.12 | Rake $0 
Seat 2: BlackCat0812 folded before Flop (didn't bet)
Seat 4: MOONSP3LL folded before Flop (didn't bet)
Seat 5: Maria'sDad77 folded before Flop (didn't bet)
Seat 6: Dorex2007 (button) collected ($0.12)
Seat 7: M.zanoza (small blind) folded before Flop
Seat 8: 01Abo (big blind) folded before Flop
Seat 9: Templar85 folded before Flop (didn't bet)



PokerStars Hand #238019482827:  Hold'em No Limit ($0.02/$0.05 USD) - 2022/08/15 23:14:32 PT [2022/08/16 2:14:32 ET]
Table 'Theemin III' 9-max Seat #7 is the button
Seat 2: BlackCat0812 ($6.21 in chips) 
Seat 4: MOONSP3LL ($7.33 in chips) 
Seat 6: Dorex2007 ($6.78 in chips) 
Seat 7: M.zanoza ($5 in chips) 
Seat 8: 01Abo ($0.65 in chips) 
Seat 9: Templar85 ($5.42 in chips) 
01Abo: posts small blind $0.02
Templar85: posts big blind $0.05
*** HOLE CARDS ***
Dealt to Dorex2007 [9d Kc]
BlackCat0812: calls $0.05
MOONSP3LL: folds 
Dorex2007: folds 
M.zanoza: calls $0.05
01Abo: calls $0.03
Templar85: checks 
*** FLOP *** [Ac Ks 4d]
01Abo: checks 
Templar85: checks 
BlackCat0812: checks 
M.zanoza: checks 
*** TURN *** [Ac Ks 4d] [5h]
01Abo: checks 
Templar85: checks 
BlackCat0812: bets $0.15
M.zanoza: calls $0.15
01Abo: folds 
Templar85: folds 
*** RIVER *** [Ac Ks 4d 5h] [3d]
BlackCat0812: bets $0.30
M.zanoza: calls $0.30
*** SHOW DOWN ***
BlackCat0812: shows [Js As] (a pair of Aces)
M.zanoza: shows [5d 5c] (three of a kind, Fives)
M.zanoza collected $1.05 from pot
*** SUMMARY ***
Total pot $1.10 | Rake $0.05 
Board [Ac Ks 4d 5h 3d]
Seat 2: BlackCat0812 showed [Js As] and lost with a pair of Aces
Seat 4: MOONSP3LL folded before Flop (didn't bet)
Seat 6: Dorex2007 folded before Flop (didn't bet)
Seat 7: M.zanoza (button) showed [5d 5c] and won ($1.05) with three of a kind, Fives
Seat 8: 01Abo (small blind) folded on the Turn
Seat 9: Templar85 (big blind) folded on the Turn



PokerStars Hand #238019486920:  Hold'em No Limit ($0.02/$0.05 USD) - 2022/08/15 23:15:13 PT [2022/08/16 2:15:13 ET]
Table 'Theemin III' 9-max Seat #8 is the button
Seat 2: BlackCat0812 ($5.71 in chips) 
Seat 4: MOONSP3LL ($7.33 in chips) 
Seat 6: Dorex2007 ($6.78 in chips) 
Seat 7: M.zanoza ($5.55 in chips) 
Seat 8: 01Abo ($0.60 in chips) 
Seat 9: Templar85 ($5.37 in chips) 
Templar85: posts small blind $0.02
BlackCat0812: posts big blind $0.05
*** HOLE CARDS ***
Dealt to Dorex2007 [8h Ts]
MOONSP3LL: folds 
Dorex2007: folds 
M.zanoza: folds 
01Abo: folds 
Templar85: raises $0.10 to $0.15
BlackCat0812: calls $0.10
*** FLOP *** [4h 7d 4s]
Templar85: bets $0.14
Maria'sDad77 is disconnected 
BlackCat0812: folds 
Uncalled bet ($0.14) returned to Templar85
Templar85 collected $0.29 from pot
Templar85: doesn't show hand 
*** SUMMARY ***
Total pot $0.30 | Rake $0.01 
Board [4h 7d 4s]
Seat 2: BlackCat0812 (big blind) folded on the Flop
Seat 4: MOONSP3LL folded before Flop (didn't bet)
Seat 6: Dorex2007 folded before Flop (didn't bet)
Seat 7: M.zanoza folded before Flop (didn't bet)
Seat 8: 01Abo (button) folded before Flop (didn't bet)
Seat 9: Templar85 (small blind) collected ($0.29)



PokerStars Hand #238019490222:  Hold'em No Limit ($0.02/$0.05 USD) - 2022/08/15 23:15:46 PT [2022/08/16 2:15:46 ET]
Table 'Theemin III' 9-max Seat #9 is the button
Seat 2: BlackCat0812 ($5.56 in chips) 
Seat 4: MOONSP3LL ($7.33 in chips) 
Seat 6: Dorex2007 ($6.78 in chips) 
Seat 7: M.zanoza ($5.55 in chips) 
Seat 8: 01Abo ($0.60 in chips) 
Seat 9: Templar85 ($5.51 in chips) 
BlackCat0812: posts small blind $0.02
MOONSP3LL: posts big blind $0.05
*** HOLE CARDS ***
Dealt to Dorex2007 [Jh Ah]
Dorex2007: raises $0.10 to $0.15
M.zanoza: calls $0.15
01Abo: calls $0.15
Templar85: folds 
BlackCat0812: folds 
MOONSP3LL: folds 
*** FLOP *** [8c 4s 9c]
Dorex2007: checks 
M.zanoza: bets $0.34
01Abo: folds 
Dorex2007: folds 
Uncalled bet ($0.34) returned to M.zanoza
M.zanoza collected $0.50 from pot
*** SUMMARY ***
Total pot $0.52 | Rake $0.02 
Board [8c 4s 9c]
Seat 2: BlackCat0812 (small blind) folded before Flop
Seat 4: MOONSP3LL (big blind) folded before Flop
Seat 6: Dorex2007 folded on the Flop
Seat 7: M.zanoza collected ($0.50)
Seat 8: 01Abo folded on the Flop
Seat 9: Templar85 (button) folded before Flop (didn't bet)



PokerStars Hand #238019493146:  Hold'em No Limit ($0.02/$0.05 USD) - 2022/08/15 23:16:15 PT [2022/08/16 2:16:15 ET]
Table 'Theemin III' 9-max Seat #2 is the button
Seat 2: BlackCat0812 ($5.54 in chips) 
Seat 4: MOONSP3LL ($7.28 in chips) 
Seat 6: Dorex2007 ($6.63 in chips) 
Seat 7: M.zanoza ($5.90 in chips) 
Seat 8: 01Abo ($0.45 in chips) 
Seat 9: Templar85 ($5.51 in chips) 
MOONSP3LL: posts small blind $0.02
Dorex2007: posts big blind $0.05
*** HOLE CARDS ***
Dealt to Dorex2007 [9c Kc]
M.zanoza: folds 
01Abo: raises $0.10 to $0.15
Templar85: folds 
BlackCat0812: folds 
MOONSP3LL: folds 
Dorex2007: calls $0.10
*** FLOP *** [Ac Kh 7s]
Dorex2007: bets $0.21
01Abo: raises $0.09 to $0.30 and is all-in
Dorex2007: calls $0.09
*** TURN *** [Ac Kh 7s] [2d]
*** RIVER *** [Ac Kh 7s 2d] [3h]
*** SHOW DOWN ***
Dorex2007: shows [9c Kc] (a pair of Kings)
01Abo: shows [6c 6h] (a pair of Sixes)
Dorex2007 cashed out the hand for $0.80 | Cash Out Fee $0.01
*** SUMMARY ***
Total pot $0.92 | Rake $0.04 
Board [Ac Kh 7s 2d 3h]
Seat 2: BlackCat0812 (button) folded before Flop (didn't bet)
Seat 4: MOONSP3LL (small blind) folded before Flop
Seat 6: Dorex2007 (big blind) showed [9c Kc] and won ($0.88) with a pair of Kings (pot not awarded as player cashed out)
Seat 7: M.zanoza folded before Flop (didn't bet)
Seat 8: 01Abo showed [6c 6h] and lost with a pair of Sixes
Seat 9: Templar85 folded before Flop (didn't bet)



PokerStars Hand #238019496402:  Hold'em No Limit ($0.02/$0.05 USD) - 2022/08/15 23:16:47 PT [2022/08/16 2:16:47 ET]
Table 'Theemin III' 9-max Seat #4 is the button
Seat 2: BlackCat0812 ($5.54 in chips) 
Seat 4: MOONSP3LL ($7.26 in chips) 
Seat 6: Dorex2007 ($6.98 in chips) 
Seat 7: M.zanoza ($5.90 in chips) 
Seat 9: Templar85 ($5.51 in chips) 
Dorex2007: posts small blind $0.02
M.zanoza: posts big blind $0.05
*** HOLE CARDS ***
Dealt to Dorex2007 [9s Qc]
Templar85: folds 
BlackCat0812: calls $0.05
01Abo leaves the table
MOONSP3LL: raises $0.15 to $0.20
Dorex2007: folds 
M.zanoza: folds 
serhiiK85 joins the table at seat #8 
BlackCat0812: folds 
Uncalled bet ($0.15) returned to MOONSP3LL
MOONSP3LL collected $0.17 from pot
MOONSP3LL: doesn't show hand 
*** SUMMARY ***
Total pot $0.17 | Rake $0 
Seat 2: BlackCat0812 folded before Flop
Seat 4: MOONSP3LL (button) collected ($0.17)
Seat 6: Dorex2007 (small blind) folded before Flop
Seat 7: M.zanoza (big blind) folded before Flop
Seat 9: Templar85 folded before Flop (didn't bet)



