PokerStars Hand #238905754058:  Hold'em No Limit ($0.02/$0.05 USD) - 2022/09/27 20:48:18 PT [2022/09/27 23:48:18 ET]
Table 'Ilioneus' 9-max Seat #3 is the button
Seat 1: bauticius ($7.47 in chips) 
Seat 2: Dorex2007 ($5 in chips) 
Seat 3: vkorgik ($4 in chips) 
Seat 4: PokerCaseiro ($1.02 in chips) 
Seat 5: Thiago 0421 ($3.03 in chips) 
Seat 6: fravacad ($8.57 in chips) 
Seat 7: abobora71 ($4.23 in chips) 
Seat 8: Almanza63 ($12.10 in chips) 
Seat 9: BluffOnTable ($5.04 in chips) 
PokerCaseiro: posts small blind $0.02
Thiago 0421: posts big blind $0.05
Dorex2007: posts big blind $0.05
*** HOLE CARDS ***
Dealt to Dorex2007 [7h 4s]
fravacad: folds 
abobora71: folds 
Almanza63: folds 
BluffOnTable: folds 
bauticius: raises $0.10 to $0.15
Dorex2007: folds 
vkorgik: folds 
PokerCaseiro: calls $0.13
Thiago 0421: folds 
*** FLOP *** [6d 3s 8h]
PokerCaseiro: checks 
bauticius: checks 
*** TURN *** [6d 3s 8h] [3c]
PokerCaseiro: bets $0.87 and is all-in
bauticius: folds 
Uncalled bet ($0.87) returned to PokerCaseiro
PokerCaseiro collected $0.38 from pot
*** SUMMARY ***
Total pot $0.40 | Rake $0.02 
Board [6d 3s 8h 3c]
Seat 1: bauticius folded on the Turn
Seat 2: Dorex2007 folded before Flop (didn't bet)
Seat 3: vkorgik (button) folded before Flop (didn't bet)
Seat 4: PokerCaseiro (small blind) collected ($0.38)
Seat 5: Thiago 0421 (big blind) folded before Flop
Seat 6: fravacad folded before Flop (didn't bet)
Seat 7: abobora71 folded before Flop (didn't bet)
Seat 8: Almanza63 folded before Flop (didn't bet)
Seat 9: BluffOnTable folded before Flop (didn't bet)



PokerStars Hand #238905758673:  Hold'em No Limit ($0.02/$0.05 USD) - 2022/09/27 20:48:53 PT [2022/09/27 23:48:53 ET]
Table 'Ilioneus' 9-max Seat #4 is the button
Seat 1: bauticius ($7.32 in chips) 
Seat 2: Dorex2007 ($5 in chips) 
Seat 3: vkorgik ($4 in chips) 
Seat 4: PokerCaseiro ($1.25 in chips) 
Seat 5: Thiago 0421 ($2.98 in chips) 
Seat 6: fravacad ($8.57 in chips) 
Seat 7: abobora71 ($4.23 in chips) 
Seat 8: Almanza63 ($12.10 in chips) 
Seat 9: BluffOnTable ($5.04 in chips) 
Thiago 0421: posts small blind $0.02
fravacad: posts big blind $0.05
*** HOLE CARDS ***
Dealt to Dorex2007 [2h 8s]
abobora71: folds 
Almanza63: folds 
BluffOnTable: folds 
bauticius: folds 
Dorex2007: folds 
vkorgik: folds 
PokerCaseiro: calls $0.05
Thiago 0421: calls $0.03
fravacad: checks 
*** FLOP *** [Kc 6s Qs]
Thiago 0421: checks 
fravacad: checks 
PokerCaseiro: bets $0.10
Thiago 0421: folds 
fravacad: folds 
Uncalled bet ($0.10) returned to PokerCaseiro
PokerCaseiro collected $0.14 from pot
*** SUMMARY ***
Total pot $0.15 | Rake $0.01 
Board [Kc 6s Qs]
Seat 1: bauticius folded before Flop (didn't bet)
Seat 2: Dorex2007 folded before Flop (didn't bet)
Seat 3: vkorgik folded before Flop (didn't bet)
Seat 4: PokerCaseiro (button) collected ($0.14)
Seat 5: Thiago 0421 (small blind) folded on the Flop
Seat 6: fravacad (big blind) folded on the Flop
Seat 7: abobora71 folded before Flop (didn't bet)
Seat 8: Almanza63 folded before Flop (didn't bet)
Seat 9: BluffOnTable folded before Flop (didn't bet)



PokerStars Hand #238905765891:  Hold'em No Limit ($0.02/$0.05 USD) - 2022/09/27 20:49:48 PT [2022/09/27 23:49:48 ET]
Table 'Ilioneus' 9-max Seat #5 is the button
Seat 1: bauticius ($7.32 in chips) 
Seat 2: Dorex2007 ($5 in chips) 
Seat 3: vkorgik ($4 in chips) 
Seat 4: PokerCaseiro ($1.34 in chips) 
Seat 5: Thiago 0421 ($2.93 in chips) 
Seat 6: fravacad ($8.52 in chips) 
Seat 7: abobora71 ($4.23 in chips) 
Seat 8: Almanza63 ($12.10 in chips) 
Seat 9: BluffOnTable ($5.04 in chips) 
fravacad: posts small blind $0.02
abobora71: posts big blind $0.05
*** HOLE CARDS ***
Dealt to Dorex2007 [Tc 6s]
Almanza63: folds 
BluffOnTable: folds 
bauticius has timed out
bauticius: folds 
Dorex2007: folds 
vkorgik: folds 
PokerCaseiro: raises $0.15 to $0.20
Thiago 0421: calls $0.20
fravacad: folds 
abobora71: folds 
*** FLOP *** [Jc 5h As]
PokerCaseiro: bets $0.15
Thiago 0421: calls $0.15
*** TURN *** [Jc 5h As] [8h]
PokerCaseiro: checks 
Thiago 0421: checks 
*** RIVER *** [Jc 5h As 8h] [8d]
PokerCaseiro: bets $0.15
Thiago 0421: raises $0.30 to $0.45
PokerCaseiro: folds 
Uncalled bet ($0.30) returned to Thiago 0421
Thiago 0421 collected $1.03 from pot
*** SUMMARY ***
Total pot $1.07 | Rake $0.04 
Board [Jc 5h As 8h 8d]
Seat 1: bauticius folded before Flop (didn't bet)
Seat 2: Dorex2007 folded before Flop (didn't bet)
Seat 3: vkorgik folded before Flop (didn't bet)
Seat 4: PokerCaseiro folded on the River
Seat 5: Thiago 0421 (button) collected ($1.03)
Seat 6: fravacad (small blind) folded before Flop
Seat 7: abobora71 (big blind) folded before Flop
Seat 8: Almanza63 folded before Flop (didn't bet)
Seat 9: BluffOnTable folded before Flop (didn't bet)



PokerStars Hand #238905774499:  Hold'em No Limit ($0.02/$0.05 USD) - 2022/09/27 20:50:55 PT [2022/09/27 23:50:55 ET]
Table 'Ilioneus' 9-max Seat #6 is the button
Seat 2: Dorex2007 ($5 in chips) 
Seat 3: vkorgik ($4 in chips) 
Seat 4: PokerCaseiro ($0.84 in chips) 
Seat 5: Thiago 0421 ($3.46 in chips) 
Seat 6: fravacad ($8.50 in chips) 
Seat 7: abobora71 ($4.18 in chips) 
Seat 8: Almanza63 ($12.10 in chips) 
Seat 9: BluffOnTable ($5.04 in chips) 
abobora71: posts small blind $0.02
Almanza63: posts big blind $0.05
*** HOLE CARDS ***
Dealt to Dorex2007 [Tc 6c]
BluffOnTable: folds 
Dorex2007: folds 
vkorgik: folds 
PokerCaseiro: folds 
Thiago 0421: folds 
fravacad: folds 
abobora71: calls $0.03
Almanza63: checks 
*** FLOP *** [Td 5c Ac]
abobora71: checks 
Almanza63: checks 
*** TURN *** [Td 5c Ac] [9c]
abobora71: checks 
Almanza63: bets $0.10
abobora71: folds 
Uncalled bet ($0.10) returned to Almanza63
Almanza63 collected $0.10 from pot
Almanza63: doesn't show hand 
*** SUMMARY ***
Total pot $0.10 | Rake $0 
Board [Td 5c Ac 9c]
Seat 2: Dorex2007 folded before Flop (didn't bet)
Seat 3: vkorgik folded before Flop (didn't bet)
Seat 4: PokerCaseiro folded before Flop (didn't bet)
Seat 5: Thiago 0421 folded before Flop (didn't bet)
Seat 6: fravacad (button) folded before Flop (didn't bet)
Seat 7: abobora71 (small blind) folded on the Turn
Seat 8: Almanza63 (big blind) collected ($0.10)
Seat 9: BluffOnTable folded before Flop (didn't bet)



PokerStars Hand #238905778887:  Hold'em No Limit ($0.02/$0.05 USD) - 2022/09/27 20:51:29 PT [2022/09/27 23:51:29 ET]
Table 'Ilioneus' 9-max Seat #7 is the button
Seat 2: Dorex2007 ($5 in chips) 
Seat 3: vkorgik ($4 in chips) 
Seat 4: PokerCaseiro ($0.84 in chips) 
Seat 5: Thiago 0421 ($3.46 in chips) 
Seat 6: fravacad ($8.50 in chips) 
Seat 7: abobora71 ($4.13 in chips) 
Seat 8: Almanza63 ($12.15 in chips) 
Seat 9: BluffOnTable ($5.04 in chips) 
Almanza63: posts small blind $0.02
BluffOnTable: posts big blind $0.05
*** HOLE CARDS ***
Dealt to Dorex2007 [Tc Jh]
Dorex2007: folds 
vkorgik: folds 
PokerCaseiro: folds 
Thiago 0421: folds 
fravacad: folds 
abobora71: folds 
Almanza63: raises $0.10 to $0.15
BluffOnTable: folds 
Uncalled bet ($0.10) returned to Almanza63
Almanza63 collected $0.10 from pot
Almanza63: doesn't show hand 
*** SUMMARY ***
Total pot $0.10 | Rake $0 
Seat 2: Dorex2007 folded before Flop (didn't bet)
Seat 3: vkorgik folded before Flop (didn't bet)
Seat 4: PokerCaseiro folded before Flop (didn't bet)
Seat 5: Thiago 0421 folded before Flop (didn't bet)
Seat 6: fravacad folded before Flop (didn't bet)
Seat 7: abobora71 (button) folded before Flop (didn't bet)
Seat 8: Almanza63 (small blind) collected ($0.10)
Seat 9: BluffOnTable (big blind) folded before Flop



PokerStars Hand #238905784437:  Hold'em No Limit ($0.02/$0.05 USD) - 2022/09/27 20:52:13 PT [2022/09/27 23:52:13 ET]
Table 'Ilioneus' 9-max Seat #8 is the button
Seat 2: Dorex2007 ($5 in chips) 
Seat 3: vkorgik ($4 in chips) 
Seat 4: PokerCaseiro ($0.84 in chips) 
Seat 5: Thiago 0421 ($3.46 in chips) 
Seat 6: fravacad ($8.50 in chips) 
Seat 7: abobora71 ($4.13 in chips) 
Seat 8: Almanza63 ($12.20 in chips) 
Seat 9: BluffOnTable ($5 in chips) 
BluffOnTable: posts small blind $0.02
Dorex2007: posts big blind $0.05
*** HOLE CARDS ***
Dealt to Dorex2007 [9h 2c]
vkorgik: folds 
PokerCaseiro: folds 
Thiago 0421: folds 
fravacad: folds 
abobora71: folds 
Almanza63: folds 
BluffOnTable: folds 
Uncalled bet ($0.03) returned to Dorex2007
Dorex2007 collected $0.04 from pot
Dorex2007: doesn't show hand 
*** SUMMARY ***
Total pot $0.04 | Rake $0 
Seat 2: Dorex2007 (big blind) collected ($0.04)
Seat 3: vkorgik folded before Flop (didn't bet)
Seat 4: PokerCaseiro folded before Flop (didn't bet)
Seat 5: Thiago 0421 folded before Flop (didn't bet)
Seat 6: fravacad folded before Flop (didn't bet)
Seat 7: abobora71 folded before Flop (didn't bet)
Seat 8: Almanza63 (button) folded before Flop (didn't bet)
Seat 9: BluffOnTable (small blind) folded before Flop



PokerStars Hand #238905786452:  Hold'em No Limit ($0.02/$0.05 USD) - 2022/09/27 20:52:28 PT [2022/09/27 23:52:28 ET]
Table 'Ilioneus' 9-max Seat #9 is the button
Seat 2: Dorex2007 ($5.02 in chips) 
Seat 4: PokerCaseiro ($0.84 in chips) 
Seat 5: Thiago 0421 ($3.46 in chips) 
Seat 6: fravacad ($8.50 in chips) 
Seat 7: abobora71 ($4.13 in chips) 
Seat 8: Almanza63 ($12.20 in chips) 
Seat 9: BluffOnTable ($5 in chips) 
Dorex2007: posts small blind $0.02
vkorgik: is sitting out 
vkorgik leaves the table
PokerCaseiro: posts big blind $0.05
*** HOLE CARDS ***
Dealt to Dorex2007 [6h Ts]
Thiago 0421: folds 
fravacad: calls $0.05
abobora71: folds 
Almanza63: folds 
BluffOnTable: folds 
Dorex2007: folds 
PokerCaseiro: raises $0.20 to $0.25
fravacad: calls $0.20
*** FLOP *** [7s Qd 6d]
PokerCaseiro: bets $0.15
fravacad: calls $0.15
*** TURN *** [7s Qd 6d] [Ks]
Piotrek510 joins the table at seat #3 
PokerCaseiro: checks 
fravacad: bets $0.20
PokerCaseiro: folds 
Uncalled bet ($0.20) returned to fravacad
fravacad collected $0.79 from pot
fravacad: doesn't show hand 
*** SUMMARY ***
Total pot $0.82 | Rake $0.03 
Board [7s Qd 6d Ks]
Seat 2: Dorex2007 (small blind) folded before Flop
Seat 4: PokerCaseiro (big blind) folded on the Turn
Seat 5: Thiago 0421 folded before Flop (didn't bet)
Seat 6: fravacad collected ($0.79)
Seat 7: abobora71 folded before Flop (didn't bet)
Seat 8: Almanza63 folded before Flop (didn't bet)
Seat 9: BluffOnTable (button) folded before Flop (didn't bet)



PokerStars Hand #238905792768:  Hold'em No Limit ($0.02/$0.05 USD) - 2022/09/27 20:53:17 PT [2022/09/27 23:53:17 ET]
Table 'Ilioneus' 9-max Seat #2 is the button
Seat 1: bauticius ($7.32 in chips) 
Seat 2: Dorex2007 ($5 in chips) 
Seat 4: PokerCaseiro ($0.44 in chips) 
Seat 5: Thiago 0421 ($3.46 in chips) 
Seat 6: fravacad ($8.89 in chips) 
Seat 7: abobora71 ($4.13 in chips) 
Seat 8: Almanza63 ($12.20 in chips) 
Seat 9: BluffOnTable ($5 in chips) 
PokerCaseiro: posts small blind $0.02
Thiago 0421: posts big blind $0.05
bauticius: posts small & big blinds $0.07
*** HOLE CARDS ***
Dealt to Dorex2007 [Th 8d]
fravacad: folds 
abobora71: folds 
Almanza63: folds 
BluffOnTable: folds 
bauticius: checks 
Dorex2007: folds 
PokerCaseiro: raises $0.39 to $0.44 and is all-in
Thiago 0421: folds 
bauticius: folds 
Uncalled bet ($0.39) returned to PokerCaseiro
PokerCaseiro collected $0.17 from pot
*** SUMMARY ***
Total pot $0.17 | Rake $0 
Seat 1: bauticius folded before Flop (didn't bet)
Seat 2: Dorex2007 (button) folded before Flop (didn't bet)
Seat 4: PokerCaseiro (small blind) collected ($0.17)
Seat 5: Thiago 0421 (big blind) folded before Flop
Seat 6: fravacad folded before Flop (didn't bet)
Seat 7: abobora71 folded before Flop (didn't bet)
Seat 8: Almanza63 folded before Flop (didn't bet)
Seat 9: BluffOnTable folded before Flop (didn't bet)



PokerStars Hand #238905796180:  Hold'em No Limit ($0.02/$0.05 USD) - 2022/09/27 20:53:44 PT [2022/09/27 23:53:44 ET]
Table 'Ilioneus' 9-max Seat #4 is the button
Seat 1: bauticius ($7.25 in chips) 
Seat 2: Dorex2007 ($5 in chips) 
Seat 4: PokerCaseiro ($0.56 in chips) 
Seat 5: Thiago 0421 ($3.41 in chips) 
Seat 6: fravacad ($8.89 in chips) 
Seat 7: abobora71 ($4.13 in chips) 
Seat 8: Almanza63 ($12.20 in chips) 
Seat 9: BluffOnTable ($5 in chips) 
Thiago 0421: posts small blind $0.02
fravacad: posts big blind $0.05
Piotrek510: sits out 
*** HOLE CARDS ***
Dealt to Dorex2007 [4h 6c]
abobora71: folds 
Almanza63: folds 
BluffOnTable: folds 
bauticius: folds 
Dorex2007: folds 
PokerCaseiro: folds 
Thiago 0421: calls $0.03
fravacad: checks 
*** FLOP *** [3c 7c 8s]
Thiago 0421: checks 
fravacad: checks 
*** TURN *** [3c 7c 8s] [Tc]
Thiago 0421: checks 
fravacad: checks 
*** RIVER *** [3c 7c 8s Tc] [Kd]
Thiago 0421: checks 
fravacad: checks 
*** SHOW DOWN ***
Thiago 0421: shows [Jh Kh] (a pair of Kings)
fravacad: mucks hand 
Thiago 0421 collected $0.10 from pot
*** SUMMARY ***
Total pot $0.10 | Rake $0 
Board [3c 7c 8s Tc Kd]
Seat 1: bauticius folded before Flop (didn't bet)
Seat 2: Dorex2007 folded before Flop (didn't bet)
Seat 4: PokerCaseiro (button) folded before Flop (didn't bet)
Seat 5: Thiago 0421 (small blind) showed [Jh Kh] and won ($0.10) with a pair of Kings
Seat 6: fravacad (big blind) mucked [2d 4d]
Seat 7: abobora71 folded before Flop (didn't bet)
Seat 8: Almanza63 folded before Flop (didn't bet)
Seat 9: BluffOnTable folded before Flop (didn't bet)



PokerStars Hand #238905803644:  Hold'em No Limit ($0.02/$0.05 USD) - 2022/09/27 20:54:43 PT [2022/09/27 23:54:43 ET]
Table 'Ilioneus' 9-max Seat #5 is the button
Seat 1: bauticius ($7.25 in chips) 
Seat 2: Dorex2007 ($5 in chips) 
Seat 4: PokerCaseiro ($0.56 in chips) 
Seat 5: Thiago 0421 ($3.46 in chips) 
Seat 6: fravacad ($8.84 in chips) 
Seat 7: abobora71 ($4.13 in chips) 
Seat 8: Almanza63 ($12.20 in chips) 
Seat 9: BluffOnTable ($5 in chips) 
fravacad: posts small blind $0.02
abobora71: posts big blind $0.05
Piotrek510: sits out 
*** HOLE CARDS ***
Dealt to Dorex2007 [2d 2c]
Almanza63: folds 
BluffOnTable: raises $0.10 to $0.15
bauticius: folds 
Dorex2007: calls $0.15
PokerCaseiro: folds 
Thiago 0421: folds 
fravacad: folds 
abobora71 has timed out
abobora71: folds 
*** FLOP *** [Kh 4d 3d]
BluffOnTable: checks 
Dorex2007: checks 
*** TURN *** [Kh 4d 3d] [7d]
BluffOnTable: checks 
Dorex2007: checks 
*** RIVER *** [Kh 4d 3d 7d] [3c]
BluffOnTable: checks 
Dorex2007: checks 
*** SHOW DOWN ***
BluffOnTable: shows [Qd As] (a pair of Threes)
Dorex2007: shows [2d 2c] (two pair, Threes and Deuces)
Dorex2007 collected $0.35 from pot
*** SUMMARY ***
Total pot $0.37 | Rake $0.02 
Board [Kh 4d 3d 7d 3c]
Seat 1: bauticius folded before Flop (didn't bet)
Seat 2: Dorex2007 showed [2d 2c] and won ($0.35) with two pair, Threes and Deuces
Seat 4: PokerCaseiro folded before Flop (didn't bet)
Seat 5: Thiago 0421 (button) folded before Flop (didn't bet)
Seat 6: fravacad (small blind) folded before Flop
Seat 7: abobora71 (big blind) folded before Flop
Seat 8: Almanza63 folded before Flop (didn't bet)
Seat 9: BluffOnTable showed [Qd As] and lost with a pair of Threes



PokerStars Hand #238905813660:  Hold'em No Limit ($0.02/$0.05 USD) - 2022/09/27 20:56:11 PT [2022/09/27 23:56:11 ET]
Table 'Ilioneus' 9-max Seat #6 is the button
Seat 1: bauticius ($7.25 in chips) 
Seat 2: Dorex2007 ($5.20 in chips) 
Seat 4: PokerCaseiro ($0.56 in chips) 
Seat 5: Thiago 0421 ($3.46 in chips) 
Seat 6: fravacad ($8.82 in chips) 
Seat 7: abobora71 ($4.08 in chips) 
Seat 8: Almanza63 ($12.20 in chips) 
Seat 9: BluffOnTable ($5 in chips) 
abobora71: posts small blind $0.02
Almanza63: posts big blind $0.05
Piotrek510: sits out 
*** HOLE CARDS ***
Dealt to Dorex2007 [9c 2h]
BluffOnTable: folds 
bauticius has timed out
bauticius: folds 
Dorex2007: folds 
PokerCaseiro: folds 
Thiago 0421: calls $0.05
fravacad: folds 
abobora71: folds 
Almanza63: checks 
*** FLOP *** [6c Kh Kc]
Almanza63: bets $0.06
Thiago 0421: folds 
Uncalled bet ($0.06) returned to Almanza63
Almanza63 collected $0.12 from pot
Almanza63: doesn't show hand 
*** SUMMARY ***
Total pot $0.12 | Rake $0 
Board [6c Kh Kc]
Seat 1: bauticius folded before Flop (didn't bet)
Seat 2: Dorex2007 folded before Flop (didn't bet)
Seat 4: PokerCaseiro folded before Flop (didn't bet)
Seat 5: Thiago 0421 folded on the Flop
Seat 6: fravacad (button) folded before Flop (didn't bet)
Seat 7: abobora71 (small blind) folded before Flop
Seat 8: Almanza63 (big blind) collected ($0.12)
Seat 9: BluffOnTable folded before Flop (didn't bet)



PokerStars Hand #238905818049:  Hold'em No Limit ($0.02/$0.05 USD) - 2022/09/27 20:56:53 PT [2022/09/27 23:56:53 ET]
Table 'Ilioneus' 9-max Seat #7 is the button
Seat 1: bauticius ($7.25 in chips) 
Seat 2: Dorex2007 ($5.20 in chips) 
Seat 4: PokerCaseiro ($0.56 in chips) 
Seat 5: Thiago 0421 ($3.41 in chips) 
Seat 6: fravacad ($8.82 in chips) 
Seat 7: abobora71 ($4.06 in chips) 
Seat 8: Almanza63 ($12.27 in chips) 
Seat 9: BluffOnTable ($5 in chips) 
Almanza63: posts small blind $0.02
BluffOnTable: posts big blind $0.05
Piotrek510: sits out 
*** HOLE CARDS ***
Dealt to Dorex2007 [7c 2h]
bauticius: folds 
Dorex2007: folds 
PokerCaseiro: folds 
Thiago 0421: folds 
Thiago 0421 leaves the table
fravacad: raises $0.05 to $0.10
abobora71: folds 
Almanza63: calls $0.08
BluffOnTable: calls $0.05
*** FLOP *** [8h 9s Jd]
Almanza63: checks 
BluffOnTable: checks 
fravacad: checks 
*** TURN *** [8h 9s Jd] [5h]
Almanza63: checks 
BluffOnTable: bets $0.19
fravacad: calls $0.19
Sr ÁviIa joins the table at seat #5 
Almanza63: folds 
*** RIVER *** [8h 9s Jd 5h] [4d]
BluffOnTable: checks 
fravacad: bets $0.26
BluffOnTable: calls $0.26
*** SHOW DOWN ***
fravacad: shows [Kd Qc] (high card King)
BluffOnTable: shows [As Jc] (a pair of Jacks)
BluffOnTable collected $1.15 from pot
*** SUMMARY ***
Total pot $1.20 | Rake $0.05 
Board [8h 9s Jd 5h 4d]
Seat 1: bauticius folded before Flop (didn't bet)
Seat 2: Dorex2007 folded before Flop (didn't bet)
Seat 4: PokerCaseiro folded before Flop (didn't bet)
Seat 5: Thiago 0421 folded before Flop (didn't bet)
Seat 6: fravacad showed [Kd Qc] and lost with high card King
Seat 7: abobora71 (button) folded before Flop (didn't bet)
Seat 8: Almanza63 (small blind) folded on the Turn
Seat 9: BluffOnTable (big blind) showed [As Jc] and won ($1.15) with a pair of Jacks



PokerStars Hand #238905825143:  Hold'em No Limit ($0.02/$0.05 USD) - 2022/09/27 20:58:02 PT [2022/09/27 23:58:02 ET]
Table 'Ilioneus' 9-max Seat #8 is the button
Seat 1: bauticius ($7.25 in chips) 
Seat 2: Dorex2007 ($5.20 in chips) 
Seat 4: PokerCaseiro ($0.56 in chips) 
Seat 6: fravacad ($8.27 in chips) 
Seat 7: abobora71 ($4.06 in chips) 
Seat 8: Almanza63 ($12.17 in chips) 
Seat 9: BluffOnTable ($5.60 in chips) 
BluffOnTable: posts small blind $0.02
bauticius: posts big blind $0.05
Piotrek510: sits out 
Sr ÁviIa: sits out 
*** HOLE CARDS ***
Dealt to Dorex2007 [5s 2d]
Dorex2007: folds 
PokerCaseiro: folds 
fravacad: calls $0.05
abobora71: folds 
Almanza63: raises $0.10 to $0.15
BluffOnTable: folds 
bauticius: folds 
fravacad: calls $0.10
*** FLOP *** [Qc 6c 4c]
fravacad: checks 
Almanza63: checks 
*** TURN *** [Qc 6c 4c] [6s]
fravacad: checks 
Almanza63: checks 
*** RIVER *** [Qc 6c 4c 6s] [Tc]
fravacad: bets $0.40
Almanza63: folds 
Uncalled bet ($0.40) returned to fravacad
fravacad collected $0.35 from pot
fravacad: doesn't show hand 
*** SUMMARY ***
Total pot $0.37 | Rake $0.02 
Board [Qc 6c 4c 6s Tc]
Seat 1: bauticius (big blind) folded before Flop
Seat 2: Dorex2007 folded before Flop (didn't bet)
Seat 4: PokerCaseiro folded before Flop (didn't bet)
Seat 6: fravacad collected ($0.35)
Seat 7: abobora71 folded before Flop (didn't bet)
Seat 8: Almanza63 (button) folded on the River
Seat 9: BluffOnTable (small blind) folded before Flop



PokerStars Hand #238905830916:  Hold'em No Limit ($0.02/$0.05 USD) - 2022/09/27 20:58:58 PT [2022/09/27 23:58:58 ET]
Table 'Ilioneus' 9-max Seat #9 is the button
Seat 1: bauticius ($7.20 in chips) 
Seat 2: Dorex2007 ($5.20 in chips) 
Seat 4: PokerCaseiro ($0.56 in chips) 
Seat 6: fravacad ($8.47 in chips) 
Seat 7: abobora71 ($4.06 in chips) 
Seat 8: Almanza63 ($12.02 in chips) 
Seat 9: BluffOnTable ($5.58 in chips) 
bauticius: posts small blind $0.02
Dorex2007: posts big blind $0.05
Piotrek510: sits out 
Sr ÁviIa: sits out 
*** HOLE CARDS ***
Dealt to Dorex2007 [Ah Jd]
PokerCaseiro: folds 
fravacad: folds 
abobora71: calls $0.05
Almanza63: folds 
BluffOnTable: folds 
bauticius: calls $0.03
Dorex2007: checks 
*** FLOP *** [3h 8s 5h]
bauticius: checks 
Dorex2007: checks 
abobora71: bets $0.05
bauticius: folds 
Dorex2007: folds 
Uncalled bet ($0.05) returned to abobora71
abobora71 collected $0.14 from pot
abobora71: doesn't show hand 
*** SUMMARY ***
Total pot $0.15 | Rake $0.01 
Board [3h 8s 5h]
Seat 1: bauticius (small blind) folded on the Flop
Seat 2: Dorex2007 (big blind) folded on the Flop
Seat 4: PokerCaseiro folded before Flop (didn't bet)
Seat 6: fravacad folded before Flop (didn't bet)
Seat 7: abobora71 collected ($0.14)
Seat 8: Almanza63 folded before Flop (didn't bet)
Seat 9: BluffOnTable (button) folded before Flop (didn't bet)



PokerStars Hand #238905835030:  Hold'em No Limit ($0.02/$0.05 USD) - 2022/09/27 20:59:39 PT [2022/09/27 23:59:39 ET]
Table 'Ilioneus' 9-max Seat #1 is the button
Seat 1: bauticius ($7.15 in chips) 
Seat 2: Dorex2007 ($5.15 in chips) 
Seat 3: Piotrek510 ($5 in chips) 
Seat 4: PokerCaseiro ($0.56 in chips) 
Seat 6: fravacad ($8.47 in chips) 
Seat 7: abobora71 ($4.15 in chips) 
Seat 8: Almanza63 ($12.02 in chips) 
Seat 9: BluffOnTable ($5.58 in chips) 
Dorex2007: posts small blind $0.02
Piotrek510: posts big blind $0.05
Sr ÁviIa: sits out 
*** HOLE CARDS ***
Dealt to Dorex2007 [5d Kc]
PokerCaseiro: raises $0.51 to $0.56 and is all-in
fravacad: folds 
abobora71: folds 
Almanza63: folds 
BluffOnTable: folds 
bauticius: folds 
Dorex2007: folds 
Piotrek510: folds 
Uncalled bet ($0.51) returned to PokerCaseiro
PokerCaseiro collected $0.12 from pot
*** SUMMARY ***
Total pot $0.12 | Rake $0 
Seat 1: bauticius (button) folded before Flop (didn't bet)
Seat 2: Dorex2007 (small blind) folded before Flop
Seat 3: Piotrek510 (big blind) folded before Flop
Seat 4: PokerCaseiro collected ($0.12)
Seat 6: fravacad folded before Flop (didn't bet)
Seat 7: abobora71 folded before Flop (didn't bet)
Seat 8: Almanza63 folded before Flop (didn't bet)
Seat 9: BluffOnTable folded before Flop (didn't bet)



PokerStars Hand #238905837025:  Hold'em No Limit ($0.02/$0.05 USD) - 2022/09/27 20:59:58 PT [2022/09/27 23:59:58 ET]
Table 'Ilioneus' 9-max Seat #2 is the button
Seat 1: bauticius ($7.15 in chips) 
Seat 2: Dorex2007 ($5.13 in chips) 
Seat 3: Piotrek510 ($5 in chips) 
Seat 4: PokerCaseiro ($0.63 in chips) 
Seat 6: fravacad ($8.47 in chips) 
Seat 7: abobora71 ($4.15 in chips) 
Seat 8: Almanza63 ($12.02 in chips) 
Seat 9: BluffOnTable ($5.58 in chips) 
Piotrek510: posts small blind $0.02
PokerCaseiro: posts big blind $0.05
Sr ÁviIa: sits out 
*** HOLE CARDS ***
Dealt to Dorex2007 [2c 8d]
fravacad: folds 
abobora71: folds 
Almanza63: folds 
BluffOnTable: folds 
bauticius: raises $0.10 to $0.15
Dorex2007: folds 
Piotrek510: folds 
PokerCaseiro: folds 
Uncalled bet ($0.10) returned to bauticius
bauticius collected $0.12 from pot
bauticius: doesn't show hand 
*** SUMMARY ***
Total pot $0.12 | Rake $0 
Seat 1: bauticius collected ($0.12)
Seat 2: Dorex2007 (button) folded before Flop (didn't bet)
Seat 3: Piotrek510 (small blind) folded before Flop
Seat 4: PokerCaseiro (big blind) folded before Flop
Seat 6: fravacad folded before Flop (didn't bet)
Seat 7: abobora71 folded before Flop (didn't bet)
Seat 8: Almanza63 folded before Flop (didn't bet)
Seat 9: BluffOnTable folded before Flop (didn't bet)



