PokerStars Hand #233394341035:  Hold'em No Limit ($0.01/$0.02 USD) - 2022/01/22 19:14:37 PT [2022/01/22 22:14:37 ET]
Table 'Ennomos III' 9-max Seat #2 is the button
Seat 2: cukka ($0.70 in chips) 
Seat 3: AlexandreOFS ($0.91 in chips) 
Seat 4: humangortch ($1.40 in chips) 
Seat 5: leandro gimenes ($3.16 in chips) 
Seat 6: Boomgah ($2.41 in chips) 
Seat 7: Sanek19911 ($2.29 in chips) 
Seat 8: leon 2124 ($0.97 in chips) 
Seat 9: Dorex2007 ($2 in chips) 
AlexandreOFS: posts small blind $0.01
humangortch: posts big blind $0.02
Dorex2007: posts big blind $0.02
*** HOLE CARDS ***
Dealt to Dorex2007 [9d 5d]
leandro gimenes: folds 
Boomgah: folds 
Sanek19911: raises $0.09 to $0.11
leon 2124: calls $0.11
Dorex2007: folds 
cukka: folds 
korgivvostorge joins the table at seat #1 
AlexandreOFS: calls $0.10
humangortch: folds 
*** FLOP *** [3c 8d 2c]
AlexandreOFS: checks 
Sanek19911: checks 
leon 2124: checks 
*** TURN *** [3c 8d 2c] [Ts]
AlexandreOFS: checks 
Sanek19911: checks 
leon 2124: bets $0.20
AlexandreOFS: calls $0.20
Sanek19911: folds 
*** RIVER *** [3c 8d 2c Ts] [8c]
AlexandreOFS: checks 
leon 2124: checks 
*** SHOW DOWN ***
AlexandreOFS: shows [4c Ad] (a pair of Eights)
leon 2124: shows [6c 7c] (a flush, Eight high)
leon 2124 collected $0.74 from pot
*** SUMMARY ***
Total pot $0.77 | Rake $0.03 
Board [3c 8d 2c Ts 8c]
Seat 2: cukka (button) folded before Flop (didn't bet)
Seat 3: AlexandreOFS (small blind) showed [4c Ad] and lost with a pair of Eights
Seat 4: humangortch (big blind) folded before Flop
Seat 5: leandro gimenes folded before Flop (didn't bet)
Seat 6: Boomgah folded before Flop (didn't bet)
Seat 7: Sanek19911 folded on the Turn
Seat 8: leon 2124 showed [6c 7c] and won ($0.74) with a flush, Eight high
Seat 9: Dorex2007 folded before Flop (didn't bet)



PokerStars Hand #233394371004:  Hold'em No Limit ($0.01/$0.02 USD) - 2022/01/22 19:16:09 PT [2022/01/22 22:16:09 ET]
Table 'Ennomos III' 9-max Seat #3 is the button
Seat 2: cukka ($0.70 in chips) 
Seat 3: AlexandreOFS ($0.60 in chips) 
Seat 4: humangortch ($1.38 in chips) 
Seat 5: leandro gimenes ($3.16 in chips) 
Seat 6: Boomgah ($2.41 in chips) 
Seat 7: Sanek19911 ($2.18 in chips) 
Seat 8: leon 2124 ($1.40 in chips) 
Seat 9: Dorex2007 ($2 in chips) 
humangortch: posts small blind $0.01
leandro gimenes: posts big blind $0.02
korgivvostorge: sits out 
*** HOLE CARDS ***
Dealt to Dorex2007 [3h Qc]
Boomgah: folds 
Sanek19911: raises $0.03 to $0.05
leon 2124: folds 
Dorex2007: folds 
cukka: folds 
AlexandreOFS: folds 
humangortch: calls $0.04
leandro gimenes: calls $0.03
*** FLOP *** [5c 7c 5d]
humangortch: bets $0.07
leandro gimenes: folds 
Sanek19911: calls $0.07
*** TURN *** [5c 7c 5d] [2d]
humangortch: bets $0.14
Sanek19911: calls $0.14
*** RIVER *** [5c 7c 5d 2d] [Jc]
humangortch: checks 
Sanek19911: checks 
*** SHOW DOWN ***
humangortch: shows [Kc Kh] (two pair, Kings and Fives)
Sanek19911: mucks hand 
humangortch collected $0.55 from pot
*** SUMMARY ***
Total pot $0.57 | Rake $0.02 
Board [5c 7c 5d 2d Jc]
Seat 2: cukka folded before Flop (didn't bet)
Seat 3: AlexandreOFS (button) folded before Flop (didn't bet)
Seat 4: humangortch (small blind) showed [Kc Kh] and won ($0.55) with two pair, Kings and Fives
Seat 5: leandro gimenes (big blind) folded on the Flop
Seat 6: Boomgah folded before Flop (didn't bet)
Seat 7: Sanek19911 mucked [7s 8s]
Seat 8: leon 2124 folded before Flop (didn't bet)
Seat 9: Dorex2007 folded before Flop (didn't bet)



PokerStars Hand #233394384888:  Hold'em No Limit ($0.01/$0.02 USD) - 2022/01/22 19:17:03 PT [2022/01/22 22:17:03 ET]
Table 'Ennomos III' 9-max Seat #4 is the button
Seat 2: cukka ($0.70 in chips) 
Seat 3: AlexandreOFS ($0.60 in chips) 
Seat 4: humangortch ($1.67 in chips) 
Seat 5: leandro gimenes ($3.11 in chips) 
Seat 6: Boomgah ($2.41 in chips) 
Seat 7: Sanek19911 ($2 in chips) 
Seat 8: leon 2124 ($1.40 in chips) 
Seat 9: Dorex2007 ($2 in chips) 
leandro gimenes: posts small blind $0.01
Boomgah: posts big blind $0.02
korgivvostorge: sits out 
*** HOLE CARDS ***
Dealt to Dorex2007 [Jd Qs]
Sanek19911: folds 
Sanek19911 leaves the table
leon 2124: folds 
Dorex2007: folds 
cukka: folds 
AlexandreOFS: folds 
humangortch: calls $0.02
yopo23 joins the table at seat #7 
leandro gimenes: calls $0.01
Boomgah: checks 
*** FLOP *** [2d 5c 7s]
leandro gimenes: checks 
Boomgah: checks 
humangortch: checks 
*** TURN *** [2d 5c 7s] [6h]
leandro gimenes: bets $0.03
Boomgah: calls $0.03
humangortch: calls $0.03
*** RIVER *** [2d 5c 7s 6h] [7d]
leandro gimenes: checks 
Boomgah: bets $0.07
humangortch: folds 
leandro gimenes: calls $0.07
*** SHOW DOWN ***
Boomgah: shows [2h 6d] (two pair, Sevens and Sixes)
leandro gimenes: shows [Ts 6s] (two pair, Sevens and Sixes - Ten kicker)
leandro gimenes collected $0.28 from pot
*** SUMMARY ***
Total pot $0.29 | Rake $0.01 
Board [2d 5c 7s 6h 7d]
Seat 2: cukka folded before Flop (didn't bet)
Seat 3: AlexandreOFS folded before Flop (didn't bet)
Seat 4: humangortch (button) folded on the River
Seat 5: leandro gimenes (small blind) showed [Ts 6s] and won ($0.28) with two pair, Sevens and Sixes
Seat 6: Boomgah (big blind) showed [2h 6d] and lost with two pair, Sevens and Sixes
Seat 7: Sanek19911 folded before Flop (didn't bet)
Seat 8: leon 2124 folded before Flop (didn't bet)
Seat 9: Dorex2007 folded before Flop (didn't bet)



PokerStars Hand #233394398098:  Hold'em No Limit ($0.01/$0.02 USD) - 2022/01/22 19:17:56 PT [2022/01/22 22:17:56 ET]
Table 'Ennomos III' 9-max Seat #5 is the button
Seat 2: cukka ($0.70 in chips) 
Seat 3: AlexandreOFS ($0.60 in chips) 
Seat 4: humangortch ($1.62 in chips) 
Seat 5: leandro gimenes ($3.27 in chips) 
Seat 6: Boomgah ($2.29 in chips) 
Seat 7: yopo23 ($0.80 in chips) 
Seat 8: leon 2124 ($1.40 in chips) 
Seat 9: Dorex2007 ($2 in chips) 
Boomgah: posts small blind $0.01
yopo23: posts big blind $0.02
korgivvostorge: sits out 
*** HOLE CARDS ***
Dealt to Dorex2007 [9h 2s]
leon 2124: folds 
Dorex2007: folds 
cukka: raises $0.04 to $0.06
AlexandreOFS: raises $0.15 to $0.21
humangortch: folds 
leandro gimenes: folds 
Boomgah: folds 
yopo23: folds 
cukka: folds 
Uncalled bet ($0.15) returned to AlexandreOFS
AlexandreOFS collected $0.15 from pot
AlexandreOFS: doesn't show hand 
*** SUMMARY ***
Total pot $0.15 | Rake $0 
Seat 2: cukka folded before Flop
Seat 3: AlexandreOFS collected ($0.15)
Seat 4: humangortch folded before Flop (didn't bet)
Seat 5: leandro gimenes (button) folded before Flop (didn't bet)
Seat 6: Boomgah (small blind) folded before Flop
Seat 7: yopo23 (big blind) folded before Flop
Seat 8: leon 2124 folded before Flop (didn't bet)
Seat 9: Dorex2007 folded before Flop (didn't bet)



PokerStars Hand #233394405142:  Hold'em No Limit ($0.01/$0.02 USD) - 2022/01/22 19:18:23 PT [2022/01/22 22:18:23 ET]
Table 'Ennomos III' 9-max Seat #6 is the button
Seat 2: cukka ($0.64 in chips) 
Seat 3: AlexandreOFS ($0.69 in chips) 
Seat 4: humangortch ($1.62 in chips) 
Seat 5: leandro gimenes ($3.27 in chips) 
Seat 6: Boomgah ($2.28 in chips) 
Seat 7: yopo23 ($0.78 in chips) 
Seat 8: leon 2124 ($1.40 in chips) 
Seat 9: Dorex2007 ($2 in chips) 
yopo23: posts small blind $0.01
leon 2124: posts big blind $0.02
korgivvostorge: sits out 
*** HOLE CARDS ***
Dealt to Dorex2007 [Ks As]
Dorex2007: raises $0.02 to $0.04
cukka: calls $0.04
AlexandreOFS: folds 
humangortch: calls $0.04
leandro gimenes: calls $0.04
Boomgah: calls $0.04
yopo23: folds 
leon 2124: calls $0.02
*** FLOP *** [Js 9s 5c]
leon 2124: checks 
Dorex2007: checks 
cukka: checks 
humangortch: bets $0.12
leandro gimenes: calls $0.12
Boomgah: folds 
leon 2124: folds 
Dorex2007: calls $0.12
cukka: folds 
*** TURN *** [Js 9s 5c] [Td]
Dorex2007: bets $0.14
humangortch: raises $0.14 to $0.28
leandro gimenes: calls $0.28
Dorex2007: calls $0.14
*** RIVER *** [Js 9s 5c Td] [Jc]
Dorex2007: checks 
humangortch: checks 
leandro gimenes: checks 
*** SHOW DOWN ***
Dorex2007: shows [Ks As] (a pair of Jacks)
humangortch: shows [9d Ts] (two pair, Jacks and Tens)
leandro gimenes: shows [Th Qc] (two pair, Jacks and Tens - Queen kicker)
leandro gimenes collected $1.40 from pot
*** SUMMARY ***
Total pot $1.45 | Rake $0.05 
Board [Js 9s 5c Td Jc]
Seat 2: cukka folded on the Flop
Seat 3: AlexandreOFS folded before Flop (didn't bet)
Seat 4: humangortch showed [9d Ts] and lost with two pair, Jacks and Tens
Seat 5: leandro gimenes showed [Th Qc] and won ($1.40) with two pair, Jacks and Tens
Seat 6: Boomgah (button) folded on the Flop
Seat 7: yopo23 (small blind) folded before Flop
Seat 8: leon 2124 (big blind) folded on the Flop
Seat 9: Dorex2007 showed [Ks As] and lost with a pair of Jacks



PokerStars Hand #233394425952:  Hold'em No Limit ($0.01/$0.02 USD) - 2022/01/22 19:19:45 PT [2022/01/22 22:19:45 ET]
Table 'Ennomos III' 9-max Seat #7 is the button
Seat 2: cukka ($0.60 in chips) 
Seat 3: AlexandreOFS ($0.69 in chips) 
Seat 4: humangortch ($1.18 in chips) 
Seat 5: leandro gimenes ($4.23 in chips) 
Seat 6: Boomgah ($2.24 in chips) 
Seat 7: yopo23 ($0.77 in chips) 
Seat 8: leon 2124 ($1.36 in chips) 
Seat 9: Dorex2007 ($2 in chips) 
leon 2124: posts small blind $0.01
Dorex2007: posts big blind $0.02
korgivvostorge: sits out 
*** HOLE CARDS ***
Dealt to Dorex2007 [9h Kh]
cukka: folds 
AlexandreOFS: folds 
humangortch: folds 
leandro gimenes: raises $0.05 to $0.07
Boomgah: folds 
yopo23: calls $0.07
leon 2124: folds 
Dorex2007: folds 
*** FLOP *** [Jc 4c Js]
leandro gimenes: checks 
yopo23: checks 
*** TURN *** [Jc 4c Js] [2h]
leandro gimenes: bets $0.06
yopo23: folds 
Uncalled bet ($0.06) returned to leandro gimenes
leandro gimenes collected $0.16 from pot
leandro gimenes: doesn't show hand 
*** SUMMARY ***
Total pot $0.17 | Rake $0.01 
Board [Jc 4c Js 2h]
Seat 2: cukka folded before Flop (didn't bet)
Seat 3: AlexandreOFS folded before Flop (didn't bet)
Seat 4: humangortch folded before Flop (didn't bet)
Seat 5: leandro gimenes collected ($0.16)
Seat 6: Boomgah folded before Flop (didn't bet)
Seat 7: yopo23 (button) folded on the Turn
Seat 8: leon 2124 (small blind) folded before Flop
Seat 9: Dorex2007 (big blind) folded before Flop



PokerStars Hand #233394437691:  Hold'em No Limit ($0.01/$0.02 USD) - 2022/01/22 19:20:31 PT [2022/01/22 22:20:31 ET]
Table 'Ennomos III' 9-max Seat #8 is the button
Seat 1: korgivvostorge ($2 in chips) 
Seat 2: cukka ($0.60 in chips) 
Seat 3: AlexandreOFS ($0.69 in chips) 
Seat 4: humangortch ($1.18 in chips) 
Seat 5: leandro gimenes ($4.32 in chips) 
Seat 6: Boomgah ($2.24 in chips) 
Seat 7: yopo23 ($0.70 in chips) 
Seat 8: leon 2124 ($1.35 in chips) 
Seat 9: Dorex2007 ($2 in chips) 
Dorex2007: posts small blind $0.01
korgivvostorge: posts big blind $0.02
*** HOLE CARDS ***
Dealt to Dorex2007 [9d Ac]
cukka: raises $0.04 to $0.06
AlexandreOFS: calls $0.06
humangortch: calls $0.06
leandro gimenes: calls $0.06
Boomgah: folds 
yopo23: calls $0.06
leon 2124: calls $0.06
Dorex2007: folds 
korgivvostorge: folds 
*** FLOP *** [5d Ad Td]
cukka: checks 
AlexandreOFS: bets $0.38
humangortch: calls $0.38
leandro gimenes: raises $1.52 to $1.90
yopo23: folds 
leon 2124: folds 
cukka: folds 
AlexandreOFS: calls $0.25 and is all-in
humangortch: calls $0.74 and is all-in
Uncalled bet ($0.78) returned to leandro gimenes
*** TURN *** [5d Ad Td] [Th]
*** RIVER *** [5d Ad Td Th] [8c]
*** SHOW DOWN ***
humangortch: shows [6d Ah] (two pair, Aces and Tens)
leandro gimenes: shows [Jc As] (two pair, Aces and Tens - Jack kicker)
leandro gimenes collected $0.95 from side pot
AlexandreOFS: shows [Qc Ts] (three of a kind, Tens)
AlexandreOFS collected $2.20 from main pot
*** SUMMARY ***
Total pot $3.26 Main pot $2.20. Side pot $0.95. | Rake $0.11 
Board [5d Ad Td Th 8c]
Seat 1: korgivvostorge (big blind) folded before Flop
Seat 2: cukka folded on the Flop
Seat 3: AlexandreOFS showed [Qc Ts] and won ($2.20) with three of a kind, Tens
Seat 4: humangortch showed [6d Ah] and lost with two pair, Aces and Tens
Seat 5: leandro gimenes showed [Jc As] and won ($0.95) with two pair, Aces and Tens
Seat 6: Boomgah folded before Flop (didn't bet)
Seat 7: yopo23 folded on the Flop
Seat 8: leon 2124 (button) folded on the Flop
Seat 9: Dorex2007 (small blind) folded before Flop



PokerStars Hand #233394459296:  Hold'em No Limit ($0.01/$0.02 USD) - 2022/01/22 19:21:58 PT [2022/01/22 22:21:58 ET]
Table 'Ennomos III' 9-max Seat #9 is the button
Seat 1: korgivvostorge ($1.98 in chips) 
Seat 2: cukka ($0.54 in chips) 
Seat 3: AlexandreOFS ($2.20 in chips) 
Seat 5: leandro gimenes ($4.09 in chips) 
Seat 6: Boomgah ($2.24 in chips) 
Seat 7: yopo23 ($0.64 in chips) 
Seat 8: leon 2124 ($1.29 in chips) 
Seat 9: Dorex2007 ($2 in chips) 
korgivvostorge: posts small blind $0.01
cukka: posts big blind $0.02
*** HOLE CARDS ***
Dealt to Dorex2007 [As 4d]
humangortch leaves the table
AlexandreOFS: folds 
leandro gimenes: folds 
Boomgah: folds 
yopo23 has timed out
yopo23: folds 
leon 2124: raises $0.02 to $0.04
Dorex2007: folds 
korgivvostorge: folds 
cukka: calls $0.02
*** FLOP *** [4c 8d 2s]
cukka: checks 
leon 2124: checks 
*** TURN *** [4c 8d 2s] [Th]
cukka: checks 
leon 2124: bets $0.08
cukka: folds 
Uncalled bet ($0.08) returned to leon 2124
leon 2124 collected $0.09 from pot
leon 2124: doesn't show hand 
*** SUMMARY ***
Total pot $0.09 | Rake $0 
Board [4c 8d 2s Th]
Seat 1: korgivvostorge (small blind) folded before Flop
Seat 2: cukka (big blind) folded on the Turn
Seat 3: AlexandreOFS folded before Flop (didn't bet)
Seat 5: leandro gimenes folded before Flop (didn't bet)
Seat 6: Boomgah folded before Flop (didn't bet)
Seat 7: yopo23 folded before Flop (didn't bet)
Seat 8: leon 2124 collected ($0.09)
Seat 9: Dorex2007 (button) folded before Flop (didn't bet)



PokerStars Hand #233394472686:  Hold'em No Limit ($0.01/$0.02 USD) - 2022/01/22 19:22:51 PT [2022/01/22 22:22:51 ET]
Table 'Ennomos III' 9-max Seat #1 is the button
Seat 1: korgivvostorge ($1.97 in chips) 
Seat 2: cukka ($0.50 in chips) 
Seat 3: AlexandreOFS ($2.20 in chips) 
Seat 5: leandro gimenes ($4.09 in chips) 
Seat 6: Boomgah ($2.24 in chips) 
Seat 8: leon 2124 ($1.34 in chips) 
Seat 9: Dorex2007 ($2 in chips) 
cukka: posts small blind $0.01
AlexandreOFS: posts big blind $0.02
*** HOLE CARDS ***
Dealt to Dorex2007 [6h 5c]
leandro gimenes: calls $0.02
Boomgah: raises $0.06 to $0.08
leon 2124: folds 
Dorex2007: folds 
korgivvostorge: folds 
cukka: folds 
AlexandreOFS: folds 
leandro gimenes: calls $0.06
*** FLOP *** [As 3s Ac]
leandro gimenes: checks 
Boomgah: checks 
*** TURN *** [As 3s Ac] [9s]
leandro gimenes: checks 
Boomgah: checks 
*** RIVER *** [As 3s Ac 9s] [9c]
leandro gimenes: bets $0.18
Boomgah: folds 
Uncalled bet ($0.18) returned to leandro gimenes
leandro gimenes collected $0.18 from pot
leandro gimenes: doesn't show hand 
*** SUMMARY ***
Total pot $0.19 | Rake $0.01 
Board [As 3s Ac 9s 9c]
Seat 1: korgivvostorge (button) folded before Flop (didn't bet)
Seat 2: cukka (small blind) folded before Flop
Seat 3: AlexandreOFS (big blind) folded before Flop
Seat 5: leandro gimenes collected ($0.18)
Seat 6: Boomgah folded on the River
Seat 8: leon 2124 folded before Flop (didn't bet)
Seat 9: Dorex2007 folded before Flop (didn't bet)



PokerStars Hand #233394487028:  Hold'em No Limit ($0.01/$0.02 USD) - 2022/01/22 19:23:48 PT [2022/01/22 22:23:48 ET]
Table 'Ennomos III' 9-max Seat #2 is the button
Seat 1: korgivvostorge ($1.97 in chips) 
Seat 2: cukka ($0.49 in chips) 
Seat 3: AlexandreOFS ($2.18 in chips) 
Seat 5: leandro gimenes ($4.19 in chips) 
Seat 6: Boomgah ($2.16 in chips) 
Seat 8: leon 2124 ($1.34 in chips) 
Seat 9: Dorex2007 ($2 in chips) 
AlexandreOFS: posts small blind $0.01
leandro gimenes: posts big blind $0.02
*** HOLE CARDS ***
Dealt to Dorex2007 [9d 7h]
Boomgah: folds 
ArfurDaley joins the table at seat #4 
leon 2124: folds 
Dorex2007: folds 
korgivvostorge: folds 
cukka: folds 
AlexandreOFS: folds 
Uncalled bet ($0.01) returned to leandro gimenes
leandro gimenes collected $0.02 from pot
leandro gimenes: doesn't show hand 
*** SUMMARY ***
Total pot $0.02 | Rake $0 
Seat 1: korgivvostorge folded before Flop (didn't bet)
Seat 2: cukka (button) folded before Flop (didn't bet)
Seat 3: AlexandreOFS (small blind) folded before Flop
Seat 5: leandro gimenes (big blind) collected ($0.02)
Seat 6: Boomgah folded before Flop (didn't bet)
Seat 8: leon 2124 folded before Flop (didn't bet)
Seat 9: Dorex2007 folded before Flop (didn't bet)



PokerStars Hand #233394500379:  Hold'em No Limit ($0.01/$0.02 USD) - 2022/01/22 19:24:05 PT [2022/01/22 22:24:05 ET]
Table 'Ennomos III' 9-max Seat #3 is the button
Seat 1: korgivvostorge ($1.97 in chips) 
Seat 2: cukka ($0.49 in chips) 
Seat 3: AlexandreOFS ($2.17 in chips) 
Seat 5: leandro gimenes ($4.20 in chips) 
Seat 6: Boomgah ($2.16 in chips) 
Seat 7: yopo23 ($0.64 in chips) 
Seat 8: leon 2124 ($1.34 in chips) 
Seat 9: Dorex2007 ($2 in chips) 
leandro gimenes: posts small blind $0.01
Boomgah: posts big blind $0.02
*** HOLE CARDS ***
Dealt to Dorex2007 [4h Ad]
yopo23: folds 
leon 2124: folds 
Dorex2007: folds 
korgivvostorge: folds 
cukka: folds 
AlexandreOFS has timed out
AlexandreOFS: folds 
leandro gimenes: calls $0.01
Boomgah: checks 
*** FLOP *** [8d 3d Jc]
leandro gimenes: checks 
Boomgah: checks 
*** TURN *** [8d 3d Jc] [3c]
leandro gimenes: checks 
Boomgah: checks 
*** RIVER *** [8d 3d Jc 3c] [4c]
leandro gimenes: checks 
Boomgah: checks 
*** SHOW DOWN ***
leandro gimenes: shows [Qh Td] (a pair of Threes)
Boomgah: shows [6d Kd] (a pair of Threes - King kicker)
Boomgah collected $0.04 from pot
*** SUMMARY ***
Total pot $0.04 | Rake $0 
Board [8d 3d Jc 3c 4c]
Seat 1: korgivvostorge folded before Flop (didn't bet)
Seat 2: cukka folded before Flop (didn't bet)
Seat 3: AlexandreOFS (button) folded before Flop (didn't bet)
Seat 5: leandro gimenes (small blind) showed [Qh Td] and lost with a pair of Threes
Seat 6: Boomgah (big blind) showed [6d Kd] and won ($0.04) with a pair of Threes
Seat 7: yopo23 folded before Flop (didn't bet)
Seat 8: leon 2124 folded before Flop (didn't bet)
Seat 9: Dorex2007 folded before Flop (didn't bet)



PokerStars Hand #233394516210:  Hold'em No Limit ($0.01/$0.02 USD) - 2022/01/22 19:25:08 PT [2022/01/22 22:25:08 ET]
Table 'Ennomos III' 9-max Seat #5 is the button
Seat 1: korgivvostorge ($1.97 in chips) 
Seat 2: cukka ($0.49 in chips) 
Seat 3: AlexandreOFS ($2.17 in chips) 
Seat 5: leandro gimenes ($4.18 in chips) 
Seat 6: Boomgah ($2.18 in chips) 
Seat 7: yopo23 ($0.64 in chips) 
Seat 8: leon 2124 ($1.34 in chips) 
Seat 9: Dorex2007 ($2 in chips) 
Boomgah: posts small blind $0.01
yopo23: posts big blind $0.02
ArfurDaley: sits out 
*** HOLE CARDS ***
Dealt to Dorex2007 [2s Jd]
leon 2124: folds 
Dorex2007: folds 
korgivvostorge: raises $0.04 to $0.06
cukka: folds 
AlexandreOFS: calls $0.06
leandro gimenes: folds 
Boomgah: folds 
yopo23: folds 
*** FLOP *** [Kh 7c 9s]
korgivvostorge: bets $0.08
AlexandreOFS: raises $0.08 to $0.16
korgivvostorge: calls $0.08
*** TURN *** [Kh 7c 9s] [3s]
korgivvostorge: bets $0.24
AlexandreOFS: raises $0.47 to $0.71
leandro gimenes leaves the table
korgivvostorge: calls $0.47
*** RIVER *** [Kh 7c 9s 3s] [Jc]
korgivvostorge: checks 
AlexandreOFS: bets $1.24 and is all-in
korgivvostorge: folds 
Uncalled bet ($1.24) returned to AlexandreOFS
AlexandreOFS collected $1.82 from pot
*** SUMMARY ***
Total pot $1.89 | Rake $0.07 
Board [Kh 7c 9s 3s Jc]
Seat 1: korgivvostorge folded on the River
Seat 2: cukka folded before Flop (didn't bet)
Seat 3: AlexandreOFS collected ($1.82)
Seat 5: leandro gimenes (button) folded before Flop (didn't bet)
Seat 6: Boomgah (small blind) folded before Flop
Seat 7: yopo23 (big blind) folded before Flop
Seat 8: leon 2124 folded before Flop (didn't bet)
Seat 9: Dorex2007 folded before Flop (didn't bet)



PokerStars Hand #233394689858:  Hold'em No Limit ($0.01/$0.02 USD) - 2022/01/22 19:35:57 PT [2022/01/22 22:35:57 ET]
Table 'Ennomos III' 9-max Seat #1 is the button
Seat 1: korgivvostorge ($1.90 in chips) 
Seat 2: cukka ($1.13 in chips) 
Seat 3: AlexandreOFS ($3.01 in chips) 
Seat 4: ArfurDaley ($2 in chips) 
Seat 5: dimon880018 ($1.70 in chips) 
Seat 6: Boomgah ($2 in chips) 
Seat 7: yopo23 ($1.19 in chips) 
Seat 8: leon 2124 ($1.23 in chips) 
Seat 9: Dorex2007 ($2 in chips) 
cukka: posts small blind $0.01
AlexandreOFS: posts big blind $0.02
Dorex2007: posts small & big blinds $0.03
*** HOLE CARDS ***
Dealt to Dorex2007 [3d 7d]
ArfurDaley: raises $0.08 to $0.10
dimon880018: folds 
Boomgah: folds 
yopo23: folds 
leon 2124: folds 
Dorex2007: folds 
korgivvostorge: folds 
yopo23 leaves the table
cukka: folds 
AlexandreOFS: folds 
Uncalled bet ($0.08) returned to ArfurDaley
ArfurDaley collected $0.08 from pot
*** SUMMARY ***
Total pot $0.08 | Rake $0 
Seat 1: korgivvostorge (button) folded before Flop (didn't bet)
Seat 2: cukka (small blind) folded before Flop
Seat 3: AlexandreOFS (big blind) folded before Flop
Seat 4: ArfurDaley collected ($0.08)
Seat 5: dimon880018 folded before Flop (didn't bet)
Seat 6: Boomgah folded before Flop (didn't bet)
Seat 7: yopo23 folded before Flop (didn't bet)
Seat 8: leon 2124 folded before Flop (didn't bet)
Seat 9: Dorex2007 folded before Flop (didn't bet)



PokerStars Hand #233394697516:  Hold'em No Limit ($0.01/$0.02 USD) - 2022/01/22 19:36:29 PT [2022/01/22 22:36:29 ET]
Table 'Ennomos III' 9-max Seat #2 is the button
Seat 1: korgivvostorge ($1.90 in chips) 
Seat 2: cukka ($1.12 in chips) 
Seat 3: AlexandreOFS ($2.99 in chips) 
Seat 4: ArfurDaley ($2.06 in chips) 
Seat 5: dimon880018 ($1.70 in chips) 
Seat 6: Boomgah ($2 in chips) 
Seat 8: leon 2124 ($1.23 in chips) 
Seat 9: Dorex2007 ($2 in chips) 
AlexandreOFS: posts small blind $0.01
ArfurDaley: posts big blind $0.02
*** HOLE CARDS ***
Dealt to Dorex2007 [4s Qd]
dimon880018: folds 
Boomgah: folds 
leon 2124: folds 
Dorex2007: folds 
korgivvostorge: folds 
cukka: calls $0.02
AlexandreOFS: calls $0.01
ArfurDaley: checks 
*** FLOP *** [4h 3d 6h]
AlexandreOFS: bets $0.02
ArfurDaley: folds 
cukka: calls $0.02
*** TURN *** [4h 3d 6h] [Ks]
AlexandreOFS: bets $0.02
cukka: calls $0.02
*** RIVER *** [4h 3d 6h Ks] [9d]
SL5005 joins the table at seat #7 
AlexandreOFS: bets $0.02
cukka: calls $0.02
*** SHOW DOWN ***
AlexandreOFS: shows [3c 6c] (two pair, Sixes and Threes)
cukka: mucks hand 
AlexandreOFS collected $0.17 from pot
*** SUMMARY ***
Total pot $0.18 | Rake $0.01 
Board [4h 3d 6h Ks 9d]
Seat 1: korgivvostorge folded before Flop (didn't bet)
Seat 2: cukka (button) mucked [3h Ah]
Seat 3: AlexandreOFS (small blind) showed [3c 6c] and won ($0.17) with two pair, Sixes and Threes
Seat 4: ArfurDaley (big blind) folded on the Flop
Seat 5: dimon880018 folded before Flop (didn't bet)
Seat 6: Boomgah folded before Flop (didn't bet)
Seat 8: leon 2124 folded before Flop (didn't bet)
Seat 9: Dorex2007 folded before Flop (didn't bet)



PokerStars Hand #233394707470:  Hold'em No Limit ($0.01/$0.02 USD) - 2022/01/22 19:37:11 PT [2022/01/22 22:37:11 ET]
Table 'Ennomos III' 9-max Seat #3 is the button
Seat 1: korgivvostorge ($1.90 in chips) 
Seat 2: cukka ($1.04 in chips) 
Seat 3: AlexandreOFS ($3.08 in chips) 
Seat 4: ArfurDaley ($2.04 in chips) 
Seat 5: dimon880018 ($1.70 in chips) 
Seat 6: Boomgah ($2 in chips) 
Seat 8: leon 2124 ($1.23 in chips) 
Seat 9: Dorex2007 ($2 in chips) 
ArfurDaley: posts small blind $0.01
dimon880018: posts big blind $0.02
SL5005: sits out 
*** HOLE CARDS ***
Dealt to Dorex2007 [4s Qc]
Boomgah: folds 
leon 2124: raises $0.02 to $0.04
Dorex2007: folds 
korgivvostorge: folds 
cukka: raises $0.06 to $0.10
AlexandreOFS: raises $0.27 to $0.37
ArfurDaley: folds 
dimon880018: folds 
leon 2124: folds 
cukka: raises $0.67 to $1.04 and is all-in
AlexandreOFS: calls $0.67
*** FLOP *** [9d 4d 2h]
*** TURN *** [9d 4d 2h] [9c]
*** RIVER *** [9d 4d 2h 9c] [Jh]
*** SHOW DOWN ***
cukka: shows [7c 7d] (two pair, Nines and Sevens)
AlexandreOFS: shows [5d 5s] (two pair, Nines and Fives)
cukka collected $2.07 from pot
*** SUMMARY ***
Total pot $2.15 | Rake $0.08 
Board [9d 4d 2h 9c Jh]
Seat 1: korgivvostorge folded before Flop (didn't bet)
Seat 2: cukka showed [7c 7d] and won ($2.07) with two pair, Nines and Sevens
Seat 3: AlexandreOFS (button) showed [5d 5s] and lost with two pair, Nines and Fives
Seat 4: ArfurDaley (small blind) folded before Flop
Seat 5: dimon880018 (big blind) folded before Flop
Seat 6: Boomgah folded before Flop (didn't bet)
Seat 8: leon 2124 folded before Flop
Seat 9: Dorex2007 folded before Flop (didn't bet)



PokerStars Hand #233394719393:  Hold'em No Limit ($0.01/$0.02 USD) - 2022/01/22 19:38:02 PT [2022/01/22 22:38:02 ET]
Table 'Ennomos III' 9-max Seat #4 is the button
Seat 1: korgivvostorge ($1.90 in chips) 
Seat 2: cukka ($2.07 in chips) 
Seat 3: AlexandreOFS ($2.04 in chips) 
Seat 4: ArfurDaley ($2.03 in chips) 
Seat 5: dimon880018 ($1.68 in chips) 
Seat 6: Boomgah ($2 in chips) 
Seat 7: SL5005 ($1.38 in chips) 
Seat 8: leon 2124 ($1.19 in chips) 
Seat 9: Dorex2007 ($2 in chips) 
dimon880018: posts small blind $0.01
Boomgah: posts big blind $0.02
SL5005: posts big blind $0.02
*** HOLE CARDS ***
Dealt to Dorex2007 [2c Js]
SL5005: checks 
leon 2124: folds 
Dorex2007: folds 
korgivvostorge: folds 
cukka: raises $0.04 to $0.06
AlexandreOFS: calls $0.06
ArfurDaley: folds 
dimon880018: calls $0.05
Boomgah: calls $0.04
SL5005: calls $0.04
*** FLOP *** [7s Kd 2d]
dimon880018: checks 
Boomgah: checks 
SL5005: checks 
cukka: bets $0.06
AlexandreOFS: folds 
dimon880018: folds 
Boomgah: folds 
SL5005: folds 
Uncalled bet ($0.06) returned to cukka
cukka collected $0.29 from pot
cukka: doesn't show hand 
*** SUMMARY ***
Total pot $0.30 | Rake $0.01 
Board [7s Kd 2d]
Seat 1: korgivvostorge folded before Flop (didn't bet)
Seat 2: cukka collected ($0.29)
Seat 3: AlexandreOFS folded on the Flop
Seat 4: ArfurDaley (button) folded before Flop (didn't bet)
Seat 5: dimon880018 (small blind) folded on the Flop
Seat 6: Boomgah (big blind) folded on the Flop
Seat 7: SL5005 folded on the Flop
Seat 8: leon 2124 folded before Flop (didn't bet)
Seat 9: Dorex2007 folded before Flop (didn't bet)



PokerStars Hand #233394733266:  Hold'em No Limit ($0.01/$0.02 USD) - 2022/01/22 19:39:00 PT [2022/01/22 22:39:00 ET]
Table 'Ennomos III' 9-max Seat #5 is the button
Seat 1: korgivvostorge ($1.90 in chips) 
Seat 2: cukka ($2.30 in chips) 
Seat 3: AlexandreOFS ($1.98 in chips) 
Seat 4: ArfurDaley ($2.03 in chips) 
Seat 5: dimon880018 ($1.62 in chips) 
Seat 6: Boomgah ($2 in chips) 
Seat 7: SL5005 ($1.32 in chips) 
Seat 8: leon 2124 ($1.19 in chips) 
Seat 9: Dorex2007 ($2 in chips) 
Boomgah: posts small blind $0.01
SL5005: posts big blind $0.02
*** HOLE CARDS ***
Dealt to Dorex2007 [Ks 2h]
leon 2124: folds 
Dorex2007: folds 
korgivvostorge: folds 
cukka: raises $0.06 to $0.08
AlexandreOFS: folds 
ArfurDaley: folds 
dimon880018: folds 
Boomgah: folds 
SL5005: folds 
Uncalled bet ($0.06) returned to cukka
cukka collected $0.05 from pot
cukka: doesn't show hand 
*** SUMMARY ***
Total pot $0.05 | Rake $0 
Seat 1: korgivvostorge folded before Flop (didn't bet)
Seat 2: cukka collected ($0.05)
Seat 3: AlexandreOFS folded before Flop (didn't bet)
Seat 4: ArfurDaley folded before Flop (didn't bet)
Seat 5: dimon880018 (button) folded before Flop (didn't bet)
Seat 6: Boomgah (small blind) folded before Flop
Seat 7: SL5005 (big blind) folded before Flop
Seat 8: leon 2124 folded before Flop (didn't bet)
Seat 9: Dorex2007 folded before Flop (didn't bet)



PokerStars Hand #233394740184:  Hold'em No Limit ($0.01/$0.02 USD) - 2022/01/22 19:39:30 PT [2022/01/22 22:39:30 ET]
Table 'Ennomos III' 9-max Seat #6 is the button
Seat 1: korgivvostorge ($1.90 in chips) 
Seat 2: cukka ($2.33 in chips) 
Seat 3: AlexandreOFS ($1.98 in chips) 
Seat 4: ArfurDaley ($2.03 in chips) 
Seat 5: dimon880018 ($1.62 in chips) 
Seat 6: Boomgah ($2 in chips) 
Seat 7: SL5005 ($1.30 in chips) 
Seat 8: leon 2124 ($1.19 in chips) 
Seat 9: Dorex2007 ($2 in chips) 
SL5005: posts small blind $0.01
leon 2124: posts big blind $0.02
*** HOLE CARDS ***
Dealt to Dorex2007 [8d Qd]
Dorex2007: folds 
korgivvostorge: folds 
cukka: calls $0.02
AlexandreOFS: folds 
ArfurDaley: folds 
dimon880018: calls $0.02
Boomgah: folds 
SL5005: calls $0.01
leon 2124: checks 
*** FLOP *** [Jd 7h Tc]
SL5005: bets $0.08
leon 2124: folds 
cukka: folds 
dimon880018: folds 
Uncalled bet ($0.08) returned to SL5005
SL5005 collected $0.08 from pot
SL5005: doesn't show hand 
*** SUMMARY ***
Total pot $0.08 | Rake $0 
Board [Jd 7h Tc]
Seat 1: korgivvostorge folded before Flop (didn't bet)
Seat 2: cukka folded on the Flop
Seat 3: AlexandreOFS folded before Flop (didn't bet)
Seat 4: ArfurDaley folded before Flop (didn't bet)
Seat 5: dimon880018 folded on the Flop
Seat 6: Boomgah (button) folded before Flop (didn't bet)
Seat 7: SL5005 (small blind) collected ($0.08)
Seat 8: leon 2124 (big blind) folded on the Flop
Seat 9: Dorex2007 folded before Flop (didn't bet)



PokerStars Hand #233394760373:  Hold'em No Limit ($0.01/$0.02 USD) - 2022/01/22 19:40:14 PT [2022/01/22 22:40:14 ET]
Table 'Ennomos III' 9-max Seat #7 is the button
Seat 1: korgivvostorge ($1.90 in chips) 
Seat 2: cukka ($2.31 in chips) 
Seat 3: AlexandreOFS ($1.98 in chips) 
Seat 4: ArfurDaley ($2.03 in chips) 
Seat 5: dimon880018 ($1.60 in chips) 
Seat 6: Boomgah ($2 in chips) 
Seat 7: SL5005 ($1.36 in chips) 
Seat 8: leon 2124 ($1.17 in chips) 
Seat 9: Dorex2007 ($2 in chips) 
leon 2124: posts small blind $0.01
Dorex2007: posts big blind $0.02
*** HOLE CARDS ***
Dealt to Dorex2007 [2h Qh]
korgivvostorge: folds 
cukka has timed out
cukka: folds 
AlexandreOFS: folds 
ArfurDaley: folds 
dimon880018: folds 
Boomgah: raises $0.03 to $0.05
SL5005: folds 
leon 2124: folds 
Dorex2007: folds 
Uncalled bet ($0.03) returned to Boomgah
Boomgah collected $0.05 from pot
*** SUMMARY ***
Total pot $0.05 | Rake $0 
Seat 1: korgivvostorge folded before Flop (didn't bet)
Seat 2: cukka folded before Flop (didn't bet)
Seat 3: AlexandreOFS folded before Flop (didn't bet)
Seat 4: ArfurDaley folded before Flop (didn't bet)
Seat 5: dimon880018 folded before Flop (didn't bet)
Seat 6: Boomgah collected ($0.05)
Seat 7: SL5005 (button) folded before Flop (didn't bet)
Seat 8: leon 2124 (small blind) folded before Flop
Seat 9: Dorex2007 (big blind) folded before Flop



PokerStars Hand #233394770405:  Hold'em No Limit ($0.01/$0.02 USD) - 2022/01/22 19:40:58 PT [2022/01/22 22:40:58 ET]
Table 'Ennomos III' 9-max Seat #8 is the button
Seat 1: korgivvostorge ($1.90 in chips) 
Seat 3: AlexandreOFS ($1.98 in chips) 
Seat 4: ArfurDaley ($2.03 in chips) 
Seat 5: dimon880018 ($1.60 in chips) 
Seat 6: Boomgah ($2.03 in chips) 
Seat 7: SL5005 ($1.36 in chips) 
Seat 8: leon 2124 ($1.16 in chips) 
Seat 9: Dorex2007 ($2 in chips) 
Dorex2007: posts small blind $0.01
korgivvostorge: posts big blind $0.02
*** HOLE CARDS ***
Dealt to Dorex2007 [Ah 3d]
AlexandreOFS: raises $0.02 to $0.04
ArfurDaley: calls $0.04
dimon880018: folds 
Boomgah: folds 
SL5005: folds 
leon 2124: folds 
Dorex2007: folds 
korgivvostorge: folds 
*** FLOP *** [9d 6d Ad]
AlexandreOFS: checks 
ArfurDaley: checks 
*** TURN *** [9d 6d Ad] [7d]
AlexandreOFS: bets $0.06
ArfurDaley: calls $0.06
*** RIVER *** [9d 6d Ad 7d] [4h]
AlexandreOFS: bets $0.11
ArfurDaley: folds 
Uncalled bet ($0.11) returned to AlexandreOFS
AlexandreOFS collected $0.22 from pot
AlexandreOFS: doesn't show hand 
*** SUMMARY ***
Total pot $0.23 | Rake $0.01 
Board [9d 6d Ad 7d 4h]
Seat 1: korgivvostorge (big blind) folded before Flop
Seat 3: AlexandreOFS collected ($0.22)
Seat 4: ArfurDaley folded on the River
Seat 5: dimon880018 folded before Flop (didn't bet)
Seat 6: Boomgah folded before Flop (didn't bet)
Seat 7: SL5005 folded before Flop (didn't bet)
Seat 8: leon 2124 (button) folded before Flop (didn't bet)
Seat 9: Dorex2007 (small blind) folded before Flop



PokerStars Hand #233394786891:  Hold'em No Limit ($0.01/$0.02 USD) - 2022/01/22 19:42:09 PT [2022/01/22 22:42:09 ET]
Table 'Ennomos III' 9-max Seat #9 is the button
Seat 1: korgivvostorge ($1.88 in chips) 
Seat 2: cukka ($2.31 in chips) 
Seat 3: AlexandreOFS ($2.10 in chips) 
Seat 4: ArfurDaley ($2 in chips) 
Seat 5: dimon880018 ($1.60 in chips) 
Seat 6: Boomgah ($2.03 in chips) 
Seat 7: SL5005 ($1.36 in chips) 
Seat 8: leon 2124 ($1.16 in chips) 
Seat 9: Dorex2007 ($2 in chips) 
korgivvostorge: posts small blind $0.01
cukka: posts big blind $0.02
*** HOLE CARDS ***
Dealt to Dorex2007 [7s Ks]
AlexandreOFS: folds 
ArfurDaley: folds 
dimon880018: folds 
Boomgah: raises $0.04 to $0.06
SL5005: folds 
leon 2124: folds 
Dorex2007: folds 
korgivvostorge: calls $0.05
cukka: folds 
*** FLOP *** [5s Jh 9h]
korgivvostorge: bets $0.08
Boomgah: calls $0.08
*** TURN *** [5s Jh 9h] [4d]
korgivvostorge: bets $0.10
Boomgah: raises $0.30 to $0.40
korgivvostorge: folds 
Uncalled bet ($0.30) returned to Boomgah
Boomgah collected $0.48 from pot
*** SUMMARY ***
Total pot $0.50 | Rake $0.02 
Board [5s Jh 9h 4d]
Seat 1: korgivvostorge (small blind) folded on the Turn
Seat 2: cukka (big blind) folded before Flop
Seat 3: AlexandreOFS folded before Flop (didn't bet)
Seat 4: ArfurDaley folded before Flop (didn't bet)
Seat 5: dimon880018 folded before Flop (didn't bet)
Seat 6: Boomgah collected ($0.48)
Seat 7: SL5005 folded before Flop (didn't bet)
Seat 8: leon 2124 folded before Flop (didn't bet)
Seat 9: Dorex2007 (button) folded before Flop (didn't bet)



PokerStars Hand #233394802653:  Hold'em No Limit ($0.01/$0.02 USD) - 2022/01/22 19:43:18 PT [2022/01/22 22:43:18 ET]
Table 'Ennomos III' 9-max Seat #1 is the button
Seat 1: korgivvostorge ($1.64 in chips) 
Seat 2: cukka ($2.29 in chips) 
Seat 3: AlexandreOFS ($2.10 in chips) 
Seat 4: ArfurDaley ($2 in chips) 
Seat 5: dimon880018 ($1.60 in chips) 
Seat 6: Boomgah ($2.27 in chips) 
Seat 7: SL5005 ($1.36 in chips) 
Seat 8: leon 2124 ($1.16 in chips) 
Seat 9: Dorex2007 ($2 in chips) 
cukka: posts small blind $0.01
AlexandreOFS: posts big blind $0.02
*** HOLE CARDS ***
Dealt to Dorex2007 [6h 4c]
ArfurDaley: folds 
dimon880018: folds 
Boomgah: folds 
SL5005: folds 
leon 2124: raises $0.04 to $0.06
Dorex2007: folds 
korgivvostorge: folds 
cukka: folds 
AlexandreOFS: calls $0.04
*** FLOP *** [7c Qs Kh]
AlexandreOFS: checks 
leon 2124: checks 
*** TURN *** [7c Qs Kh] [4h]
AlexandreOFS: checks 
leon 2124: checks 
*** RIVER *** [7c Qs Kh 4h] [Td]
AlexandreOFS: bets $0.04
leon 2124: folds 
Uncalled bet ($0.04) returned to AlexandreOFS
AlexandreOFS collected $0.13 from pot
AlexandreOFS: doesn't show hand 
*** SUMMARY ***
Total pot $0.13 | Rake $0 
Board [7c Qs Kh 4h Td]
Seat 1: korgivvostorge (button) folded before Flop (didn't bet)
Seat 2: cukka (small blind) folded before Flop
Seat 3: AlexandreOFS (big blind) collected ($0.13)
Seat 4: ArfurDaley folded before Flop (didn't bet)
Seat 5: dimon880018 folded before Flop (didn't bet)
Seat 6: Boomgah folded before Flop (didn't bet)
Seat 7: SL5005 folded before Flop (didn't bet)
Seat 8: leon 2124 folded on the River
Seat 9: Dorex2007 folded before Flop (didn't bet)



PokerStars Hand #233394815126:  Hold'em No Limit ($0.01/$0.02 USD) - 2022/01/22 19:44:13 PT [2022/01/22 22:44:13 ET]
Table 'Ennomos III' 9-max Seat #2 is the button
Seat 1: korgivvostorge ($1.64 in chips) 
Seat 2: cukka ($2.28 in chips) 
Seat 3: AlexandreOFS ($2.17 in chips) 
Seat 4: ArfurDaley ($2 in chips) 
Seat 5: dimon880018 ($1.60 in chips) 
Seat 6: Boomgah ($2.27 in chips) 
Seat 7: SL5005 ($1.36 in chips) 
Seat 8: leon 2124 ($1.10 in chips) 
Seat 9: Dorex2007 ($2 in chips) 
AlexandreOFS: posts small blind $0.01
ArfurDaley: posts big blind $0.02
*** HOLE CARDS ***
Dealt to Dorex2007 [Qh Ts]
dimon880018: folds 
dimon880018 leaves the table
Boomgah: folds 
SL5005 has timed out
SL5005: folds 
leon 2124: folds 
Dorex2007: raises $0.02 to $0.04
korgivvostorge: raises $0.08 to $0.12
cukka: folds 
AlexandreOFS: folds 
ArfurDaley: folds 
Dorex2007: folds 
Uncalled bet ($0.08) returned to korgivvostorge
korgivvostorge collected $0.11 from pot
*** SUMMARY ***
Total pot $0.11 | Rake $0 
Seat 1: korgivvostorge collected ($0.11)
Seat 2: cukka (button) folded before Flop (didn't bet)
Seat 3: AlexandreOFS (small blind) folded before Flop
Seat 4: ArfurDaley (big blind) folded before Flop
Seat 5: dimon880018 folded before Flop (didn't bet)
Seat 6: Boomgah folded before Flop (didn't bet)
Seat 7: SL5005 folded before Flop (didn't bet)
Seat 8: leon 2124 folded before Flop (didn't bet)
Seat 9: Dorex2007 folded before Flop



PokerStars Hand #233394823271:  Hold'em No Limit ($0.01/$0.02 USD) - 2022/01/22 19:44:50 PT [2022/01/22 22:44:50 ET]
Table 'Ennomos III' 9-max Seat #3 is the button
Seat 1: korgivvostorge ($1.71 in chips) 
Seat 2: cukka ($2.28 in chips) 
Seat 3: AlexandreOFS ($2.16 in chips) 
Seat 4: ArfurDaley ($2 in chips) 
Seat 6: Boomgah ($2.27 in chips) 
Seat 7: SL5005 ($1.36 in chips) 
Seat 8: leon 2124 ($1.10 in chips) 
Seat 9: Dorex2007 ($2 in chips) 
ArfurDaley: posts small blind $0.01
Boomgah: posts big blind $0.02
*** HOLE CARDS ***
Dealt to Dorex2007 [7c Ks]
SL5005: folds 
leon 2124: folds 
Dorex2007: folds 
korgivvostorge: folds 
cukka: folds 
AlexandreOFS: folds 
ArfurDaley: raises $0.04 to $0.06
cappiiieee joins the table at seat #5 
Boomgah: calls $0.04
*** FLOP *** [5c 2c Tc]
ArfurDaley: checks 
Boomgah: checks 
*** TURN *** [5c 2c Tc] [7s]
ArfurDaley: checks 
Boomgah: checks 
*** RIVER *** [5c 2c Tc 7s] [2d]
ArfurDaley: bets $0.02
Boomgah: folds 
Uncalled bet ($0.02) returned to ArfurDaley
ArfurDaley collected $0.12 from pot
*** SUMMARY ***
Total pot $0.12 | Rake $0 
Board [5c 2c Tc 7s 2d]
Seat 1: korgivvostorge folded before Flop (didn't bet)
Seat 2: cukka folded before Flop (didn't bet)
Seat 3: AlexandreOFS (button) folded before Flop (didn't bet)
Seat 4: ArfurDaley (small blind) collected ($0.12)
Seat 6: Boomgah (big blind) folded on the River
Seat 7: SL5005 folded before Flop (didn't bet)
Seat 8: leon 2124 folded before Flop (didn't bet)
Seat 9: Dorex2007 folded before Flop (didn't bet)



PokerStars Hand #233394838085:  Hold'em No Limit ($0.01/$0.02 USD) - 2022/01/22 19:45:42 PT [2022/01/22 22:45:42 ET]
Table 'Ennomos III' 9-max Seat #6 is the button
Seat 1: korgivvostorge ($1.71 in chips) 
Seat 2: cukka ($2.28 in chips) 
Seat 3: AlexandreOFS ($2.16 in chips) 
Seat 6: Boomgah ($2.21 in chips) 
Seat 7: SL5005 ($1.36 in chips) 
Seat 8: leon 2124 ($1.10 in chips) 
Seat 9: Dorex2007 ($2 in chips) 
SL5005: posts small blind $0.01
leon 2124: posts big blind $0.02
cappiiieee: sits out 
*** HOLE CARDS ***
Dealt to Dorex2007 [Ah 7s]
ArfurDaley leaves the table
Dorex2007: folds 
korgivvostorge: folds 
cukka: raises $0.06 to $0.08
AlexandreOFS: calls $0.08
Boomgah: folds 
SL5005: folds 
leon 2124: calls $0.06
*** FLOP *** [6h 5s Qc]
leon 2124: checks 
Luansousapro joins the table at seat #4 
cukka: bets $0.12
AlexandreOFS: raises $0.24 to $0.36
leon 2124: folds 
cukka: folds 
Uncalled bet ($0.24) returned to AlexandreOFS
AlexandreOFS collected $0.47 from pot
AlexandreOFS: doesn't show hand 
*** SUMMARY ***
Total pot $0.49 | Rake $0.02 
Board [6h 5s Qc]
Seat 1: korgivvostorge folded before Flop (didn't bet)
Seat 2: cukka folded on the Flop
Seat 3: AlexandreOFS collected ($0.47)
Seat 6: Boomgah (button) folded before Flop (didn't bet)
Seat 7: SL5005 (small blind) folded before Flop
Seat 8: leon 2124 (big blind) folded on the Flop
Seat 9: Dorex2007 folded before Flop (didn't bet)



PokerStars Hand #233394851515:  Hold'em No Limit ($0.01/$0.02 USD) - 2022/01/22 19:46:42 PT [2022/01/22 22:46:42 ET]
Table 'Ennomos III' 9-max Seat #7 is the button
Seat 1: korgivvostorge ($1.71 in chips) 
Seat 2: cukka ($2.08 in chips) 
Seat 3: AlexandreOFS ($2.43 in chips) 
Seat 6: Boomgah ($2.21 in chips) 
Seat 7: SL5005 ($1.35 in chips) 
Seat 8: leon 2124 ($1.02 in chips) 
Seat 9: Dorex2007 ($2 in chips) 
leon 2124: posts small blind $0.01
Dorex2007: posts big blind $0.02
Luansousapro: sits out 
cappiiieee: sits out 
*** HOLE CARDS ***
Dealt to Dorex2007 [9d 4d]
korgivvostorge: folds 
cukka: calls $0.02
AlexandreOFS: calls $0.02
Boomgah: folds 
SL5005: folds 
leon 2124: raises $0.10 to $0.12
Dorex2007: folds 
cukka: folds 
AlexandreOFS: calls $0.10
*** FLOP *** [2d As 3h]
leon 2124: bets $0.18
AlexandreOFS: calls $0.18
*** TURN *** [2d As 3h] [8h]
leon 2124: bets $0.72 and is all-in
AlexandreOFS: folds 
Uncalled bet ($0.72) returned to leon 2124
leon 2124 collected $0.62 from pot
leon 2124: doesn't show hand 
*** SUMMARY ***
Total pot $0.64 | Rake $0.02 
Board [2d As 3h 8h]
Seat 1: korgivvostorge folded before Flop (didn't bet)
Seat 2: cukka folded before Flop
Seat 3: AlexandreOFS folded on the Turn
Seat 6: Boomgah folded before Flop (didn't bet)
Seat 7: SL5005 (button) folded before Flop (didn't bet)
Seat 8: leon 2124 (small blind) collected ($0.62)
Seat 9: Dorex2007 (big blind) folded before Flop



PokerStars Hand #233394870029:  Hold'em No Limit ($0.01/$0.02 USD) - 2022/01/22 19:48:05 PT [2022/01/22 22:48:05 ET]
Table 'Ennomos III' 9-max Seat #8 is the button
Seat 1: korgivvostorge ($1.71 in chips) 
Seat 2: cukka ($2.06 in chips) 
Seat 3: AlexandreOFS ($2.13 in chips) 
Seat 6: Boomgah ($2.21 in chips) 
Seat 7: SL5005 ($1.35 in chips) 
Seat 8: leon 2124 ($1.34 in chips) 
Seat 9: Dorex2007 ($2 in chips) 
Dorex2007: posts small blind $0.01
korgivvostorge: posts big blind $0.02
Luansousapro: sits out 
cappiiieee: sits out 
*** HOLE CARDS ***
Dealt to Dorex2007 [8s Kc]
cukka: raises $0.04 to $0.06
AlexandreOFS: folds 
Boomgah: folds 
SL5005: calls $0.06
leon 2124: calls $0.06
Dorex2007: folds 
korgivvostorge: calls $0.04
*** FLOP *** [7s Qh 5d]
korgivvostorge: checks 
cukka: checks 
SL5005: bets $0.24
leon 2124: folds 
korgivvostorge: folds 
cukka: folds 
Uncalled bet ($0.24) returned to SL5005
SL5005 collected $0.24 from pot
SL5005: doesn't show hand 
*** SUMMARY ***
Total pot $0.25 | Rake $0.01 
Board [7s Qh 5d]
Seat 1: korgivvostorge (big blind) folded on the Flop
Seat 2: cukka folded on the Flop
Seat 3: AlexandreOFS folded before Flop (didn't bet)
Seat 6: Boomgah folded before Flop (didn't bet)
Seat 7: SL5005 collected ($0.24)
Seat 8: leon 2124 (button) folded on the Flop
Seat 9: Dorex2007 (small blind) folded before Flop



PokerStars Hand #233394879118:  Hold'em No Limit ($0.01/$0.02 USD) - 2022/01/22 19:48:46 PT [2022/01/22 22:48:46 ET]
Table 'Ennomos III' 9-max Seat #9 is the button
Seat 1: korgivvostorge ($1.65 in chips) 
Seat 2: cukka ($2 in chips) 
Seat 3: AlexandreOFS ($2.13 in chips) 
Seat 5: cappiiieee ($1.60 in chips) 
Seat 6: Boomgah ($2.21 in chips) 
Seat 7: SL5005 ($1.53 in chips) 
Seat 8: leon 2124 ($1.28 in chips) 
Seat 9: Dorex2007 ($2 in chips) 
korgivvostorge: posts small blind $0.01
cukka: posts big blind $0.02
Luansousapro: sits out 
cappiiieee: posts big blind $0.02
*** HOLE CARDS ***
Dealt to Dorex2007 [9c 8d]
AlexandreOFS: folds 
cappiiieee: checks 
Boomgah: folds 
SL5005: folds 
leon 2124: folds 
Dorex2007: folds 
korgivvostorge: folds 
cukka: raises $0.04 to $0.06
cappiiieee: folds 
Uncalled bet ($0.04) returned to cukka
cukka collected $0.05 from pot
cukka: doesn't show hand 
*** SUMMARY ***
Total pot $0.05 | Rake $0 
Seat 1: korgivvostorge (small blind) folded before Flop
Seat 2: cukka (big blind) collected ($0.05)
Seat 3: AlexandreOFS folded before Flop (didn't bet)
Seat 5: cappiiieee folded before Flop (didn't bet)
Seat 6: Boomgah folded before Flop (didn't bet)
Seat 7: SL5005 folded before Flop (didn't bet)
Seat 8: leon 2124 folded before Flop (didn't bet)
Seat 9: Dorex2007 (button) folded before Flop (didn't bet)



PokerStars Hand #233394885605:  Hold'em No Limit ($0.01/$0.02 USD) - 2022/01/22 19:49:16 PT [2022/01/22 22:49:16 ET]
Table 'Ennomos III' 9-max Seat #1 is the button
Seat 1: korgivvostorge ($1.64 in chips) 
Seat 2: cukka ($2.03 in chips) 
Seat 3: AlexandreOFS ($2.13 in chips) 
Seat 5: cappiiieee ($1.58 in chips) 
Seat 6: Boomgah ($2.21 in chips) 
Seat 7: SL5005 ($1.53 in chips) 
Seat 8: leon 2124 ($1.28 in chips) 
Seat 9: Dorex2007 ($2 in chips) 
cukka: posts small blind $0.01
AlexandreOFS: posts big blind $0.02
Luansousapro: sits out 
*** HOLE CARDS ***
Dealt to Dorex2007 [8d Jh]
cappiiieee: folds 
Boomgah: folds 
SL5005: folds 
leon 2124: folds 
Dorex2007: folds 
korgivvostorge: folds 
cukka: calls $0.01
AlexandreOFS: checks 
*** FLOP *** [Kh 7s 9s]
cukka: checks 
AlexandreOFS: checks 
*** TURN *** [Kh 7s 9s] [Ks]
cukka: bets $0.04
AlexandreOFS: calls $0.04
*** RIVER *** [Kh 7s 9s Ks] [6d]
cukka: bets $0.06
AlexandreOFS: calls $0.06
*** SHOW DOWN ***
cukka: shows [7h 8s] (two pair, Kings and Sevens)
AlexandreOFS: mucks hand 
cukka collected $0.23 from pot
*** SUMMARY ***
Total pot $0.24 | Rake $0.01 
Board [Kh 7s 9s Ks 6d]
Seat 1: korgivvostorge (button) folded before Flop (didn't bet)
Seat 2: cukka (small blind) showed [7h 8s] and won ($0.23) with two pair, Kings and Sevens
Seat 3: AlexandreOFS (big blind) mucked [Qh Ad]
Seat 5: cappiiieee folded before Flop (didn't bet)
Seat 6: Boomgah folded before Flop (didn't bet)
Seat 7: SL5005 folded before Flop (didn't bet)
Seat 8: leon 2124 folded before Flop (didn't bet)
Seat 9: Dorex2007 folded before Flop (didn't bet)



PokerStars Hand #233394894240:  Hold'em No Limit ($0.01/$0.02 USD) - 2022/01/22 19:49:56 PT [2022/01/22 22:49:56 ET]
Table 'Ennomos III' 9-max Seat #2 is the button
Seat 1: korgivvostorge ($1.64 in chips) 
Seat 2: cukka ($2.14 in chips) 
Seat 3: AlexandreOFS ($2.01 in chips) 
Seat 4: Luansousapro ($1.44 in chips) 
Seat 5: cappiiieee ($1.58 in chips) 
Seat 6: Boomgah ($2.21 in chips) 
Seat 7: SL5005 ($1.53 in chips) 
Seat 8: leon 2124 ($1.28 in chips) 
Seat 9: Dorex2007 ($2 in chips) 
AlexandreOFS: posts small blind $0.01
Luansousapro: posts big blind $0.02
*** HOLE CARDS ***
Dealt to Dorex2007 [6d Qd]
cappiiieee has timed out
cappiiieee: folds 
Boomgah: folds 
SL5005: folds 
leon 2124: raises $0.04 to $0.06
Dorex2007: folds 
korgivvostorge: folds 
cukka: folds 
AlexandreOFS: calls $0.05
Luansousapro: folds 
*** FLOP *** [6h 4c 8s]
AlexandreOFS: checks 
leon 2124: checks 
*** TURN *** [6h 4c 8s] [3s]
AlexandreOFS: checks 
leon 2124: checks 
*** RIVER *** [6h 4c 8s 3s] [7d]
AlexandreOFS: checks 
leon 2124: checks 
*** SHOW DOWN ***
AlexandreOFS: shows [9h Kh] (high card King)
leon 2124: shows [Qc Ah] (high card Ace)
leon 2124 collected $0.14 from pot
*** SUMMARY ***
Total pot $0.14 | Rake $0 
Board [6h 4c 8s 3s 7d]
Seat 1: korgivvostorge folded before Flop (didn't bet)
Seat 2: cukka (button) folded before Flop (didn't bet)
Seat 3: AlexandreOFS (small blind) showed [9h Kh] and lost with high card King
Seat 4: Luansousapro (big blind) folded before Flop
Seat 5: cappiiieee folded before Flop (didn't bet)
Seat 6: Boomgah folded before Flop (didn't bet)
Seat 7: SL5005 folded before Flop (didn't bet)
Seat 8: leon 2124 showed [Qc Ah] and won ($0.14) with high card Ace
Seat 9: Dorex2007 folded before Flop (didn't bet)



PokerStars Hand #233394914429:  Hold'em No Limit ($0.01/$0.02 USD) - 2022/01/22 19:50:56 PT [2022/01/22 22:50:56 ET]
Table 'Ennomos III' 9-max Seat #3 is the button
Seat 1: korgivvostorge ($1.64 in chips) 
Seat 2: cukka ($2.14 in chips) 
Seat 3: AlexandreOFS ($1.95 in chips) 
Seat 4: Luansousapro ($1.42 in chips) 
Seat 5: cappiiieee ($1.58 in chips) 
Seat 6: Boomgah ($2.21 in chips) 
Seat 7: SL5005 ($1.53 in chips) 
Seat 8: leon 2124 ($1.36 in chips) 
Seat 9: Dorex2007 ($2 in chips) 
Luansousapro: posts small blind $0.01
cappiiieee: posts big blind $0.02
*** HOLE CARDS ***
Dealt to Dorex2007 [2d 7d]
Boomgah: folds 
SL5005: folds 
leon 2124: folds 
Dorex2007: folds 
korgivvostorge: folds 
cukka: folds 
AlexandreOFS: calls $0.02
Luansousapro: raises $0.02 to $0.04
cappiiieee: calls $0.02
AlexandreOFS: calls $0.02
*** FLOP *** [6h Js Qs]
Luansousapro: bets $0.06
cappiiieee: folds 
AlexandreOFS: calls $0.06
*** TURN *** [6h Js Qs] [3h]
Luansousapro: bets $0.12
AlexandreOFS: calls $0.12
*** RIVER *** [6h Js Qs 3h] [Jc]
Luansousapro: checks 
AlexandreOFS: checks 
*** SHOW DOWN ***
Luansousapro: shows [Ah 6d] (two pair, Jacks and Sixes)
AlexandreOFS: mucks hand 
Luansousapro collected $0.46 from pot
*** SUMMARY ***
Total pot $0.48 | Rake $0.02 
Board [6h Js Qs 3h Jc]
Seat 1: korgivvostorge folded before Flop (didn't bet)
Seat 2: cukka folded before Flop (didn't bet)
Seat 3: AlexandreOFS (button) mucked [5c 5s]
Seat 4: Luansousapro (small blind) showed [Ah 6d] and won ($0.46) with two pair, Jacks and Sixes
Seat 5: cappiiieee (big blind) folded on the Flop
Seat 6: Boomgah folded before Flop (didn't bet)
Seat 7: SL5005 folded before Flop (didn't bet)
Seat 8: leon 2124 folded before Flop (didn't bet)
Seat 9: Dorex2007 folded before Flop (didn't bet)



PokerStars Hand #233394926553:  Hold'em No Limit ($0.01/$0.02 USD) - 2022/01/22 19:51:51 PT [2022/01/22 22:51:51 ET]
Table 'Ennomos III' 9-max Seat #4 is the button
Seat 1: korgivvostorge ($1.64 in chips) 
Seat 2: cukka ($2.14 in chips) 
Seat 3: AlexandreOFS ($1.73 in chips) 
Seat 4: Luansousapro ($1.66 in chips) 
Seat 5: cappiiieee ($1.54 in chips) 
Seat 6: Boomgah ($2.21 in chips) 
Seat 7: SL5005 ($1.53 in chips) 
Seat 8: leon 2124 ($1.36 in chips) 
Seat 9: Dorex2007 ($2 in chips) 
cappiiieee: posts small blind $0.01
Boomgah: posts big blind $0.02
*** HOLE CARDS ***
Dealt to Dorex2007 [7h Tc]
SL5005: folds 
leon 2124: raises $0.02 to $0.04
Dorex2007: folds 
korgivvostorge: raises $0.02 to $0.06
cukka: folds 
AlexandreOFS: folds 
Luansousapro: folds 
cappiiieee: folds 
Boomgah: folds 
leon 2124: calls $0.02
*** FLOP *** [Ks 9d 8d]
leon 2124: checks 
korgivvostorge: bets $0.08
leon 2124: calls $0.08
*** TURN *** [Ks 9d 8d] [Ac]
leon 2124: checks 
korgivvostorge: bets $0.10
leon 2124: calls $0.10
*** RIVER *** [Ks 9d 8d Ac] [4s]
leon 2124: checks 
korgivvostorge: checks 
*** SHOW DOWN ***
leon 2124: shows [Ts Kc] (a pair of Kings)
korgivvostorge: mucks hand 
leon 2124 collected $0.49 from pot
*** SUMMARY ***
Total pot $0.51 | Rake $0.02 
Board [Ks 9d 8d Ac 4s]
Seat 1: korgivvostorge mucked [Js Jc]
Seat 2: cukka folded before Flop (didn't bet)
Seat 3: AlexandreOFS folded before Flop (didn't bet)
Seat 4: Luansousapro (button) folded before Flop (didn't bet)
Seat 5: cappiiieee (small blind) folded before Flop
Seat 6: Boomgah (big blind) folded before Flop
Seat 7: SL5005 folded before Flop (didn't bet)
Seat 8: leon 2124 showed [Ts Kc] and won ($0.49) with a pair of Kings
Seat 9: Dorex2007 folded before Flop (didn't bet)



PokerStars Hand #233394945706:  Hold'em No Limit ($0.01/$0.02 USD) - 2022/01/22 19:53:17 PT [2022/01/22 22:53:17 ET]
Table 'Ennomos III' 9-max Seat #5 is the button
Seat 1: korgivvostorge ($1.40 in chips) 
Seat 2: cukka ($2.14 in chips) 
Seat 3: AlexandreOFS ($1.73 in chips) 
Seat 4: Luansousapro ($1.66 in chips) 
Seat 5: cappiiieee ($1.53 in chips) 
Seat 6: Boomgah ($2.19 in chips) 
Seat 7: SL5005 ($1.53 in chips) 
Seat 8: leon 2124 ($1.61 in chips) 
Seat 9: Dorex2007 ($2 in chips) 
Boomgah: posts small blind $0.01
SL5005: posts big blind $0.02
*** HOLE CARDS ***
Dealt to Dorex2007 [Qd 8h]
leon 2124: folds 
Dorex2007: folds 
korgivvostorge: raises $0.04 to $0.06
cukka: calls $0.06
AlexandreOFS: folds 
Luansousapro: folds 
cappiiieee: folds 
Boomgah: calls $0.05
SL5005: folds 
*** FLOP *** [9s 4s 3h]
Boomgah: checks 
korgivvostorge: bets $0.06
cukka: folds 
Boomgah: calls $0.06
*** TURN *** [9s 4s 3h] [2h]
Boomgah: checks 
korgivvostorge: checks 
*** RIVER *** [9s 4s 3h 2h] [4h]
Boomgah: bets $0.16
korgivvostorge: folds 
Uncalled bet ($0.16) returned to Boomgah
Boomgah collected $0.31 from pot
*** SUMMARY ***
Total pot $0.32 | Rake $0.01 
Board [9s 4s 3h 2h 4h]
Seat 1: korgivvostorge folded on the River
Seat 2: cukka folded on the Flop
Seat 3: AlexandreOFS folded before Flop (didn't bet)
Seat 4: Luansousapro folded before Flop (didn't bet)
Seat 5: cappiiieee (button) folded before Flop (didn't bet)
Seat 6: Boomgah (small blind) collected ($0.31)
Seat 7: SL5005 (big blind) folded before Flop
Seat 8: leon 2124 folded before Flop (didn't bet)
Seat 9: Dorex2007 folded before Flop (didn't bet)



PokerStars Hand #233394965524:  Hold'em No Limit ($0.01/$0.02 USD) - 2022/01/22 19:54:48 PT [2022/01/22 22:54:48 ET]
Table 'Ennomos III' 9-max Seat #6 is the button
Seat 1: korgivvostorge ($1.28 in chips) 
Seat 2: cukka ($2.08 in chips) 
Seat 3: AlexandreOFS ($1.73 in chips) 
Seat 4: Luansousapro ($1.66 in chips) 
Seat 5: cappiiieee ($1.53 in chips) 
Seat 6: Boomgah ($2.38 in chips) 
Seat 7: SL5005 ($1.51 in chips) 
Seat 8: leon 2124 ($1.61 in chips) 
Seat 9: Dorex2007 ($2 in chips) 
SL5005: posts small blind $0.01
leon 2124: posts big blind $0.02
*** HOLE CARDS ***
Dealt to Dorex2007 [Kc 4h]
Dorex2007 has timed out
Dorex2007: folds 
korgivvostorge: folds 
cukka: calls $0.02
AlexandreOFS: folds 
Luansousapro: raises $0.04 to $0.06
cappiiieee: calls $0.06
Boomgah: folds 
SL5005: folds 
leon 2124: calls $0.04
cukka: calls $0.04
*** FLOP *** [4c 8s Qs]
leon 2124: checks 
cukka: checks 
Luansousapro: bets $0.10
cappiiieee: calls $0.10
leon 2124: folds 
cukka: folds 
*** TURN *** [4c 8s Qs] [8h]
Luansousapro: bets $0.10
cappiiieee: calls $0.10
*** RIVER *** [4c 8s Qs 8h] [3d]
Luansousapro: checks 
cappiiieee: bets $0.63
Luansousapro: folds 
Uncalled bet ($0.63) returned to cappiiieee
cappiiieee collected $0.63 from pot
*** SUMMARY ***
Total pot $0.65 | Rake $0.02 
Board [4c 8s Qs 8h 3d]
Seat 1: korgivvostorge folded before Flop (didn't bet)
Seat 2: cukka folded on the Flop
Seat 3: AlexandreOFS folded before Flop (didn't bet)
Seat 4: Luansousapro folded on the River
Seat 5: cappiiieee collected ($0.63)
Seat 6: Boomgah (button) folded before Flop (didn't bet)
Seat 7: SL5005 (small blind) folded before Flop
Seat 8: leon 2124 (big blind) folded on the Flop
Seat 9: Dorex2007 folded before Flop (didn't bet)



PokerStars Hand #233394986427:  Hold'em No Limit ($0.01/$0.02 USD) - 2022/01/22 19:56:43 PT [2022/01/22 22:56:43 ET]
Table 'Ennomos III' 9-max Seat #7 is the button
Seat 1: korgivvostorge ($1.28 in chips) 
Seat 2: cukka ($2.02 in chips) 
Seat 3: AlexandreOFS ($1.73 in chips) 
Seat 4: Luansousapro ($1.40 in chips) 
Seat 5: cappiiieee ($1.90 in chips) 
Seat 6: Boomgah ($2.38 in chips) 
Seat 7: SL5005 ($1.50 in chips) 
Seat 8: leon 2124 ($1.55 in chips) 
Seat 9: Dorex2007 ($2 in chips) 
leon 2124: posts small blind $0.01
Dorex2007: posts big blind $0.02
*** HOLE CARDS ***
Dealt to Dorex2007 [9s 2s]
korgivvostorge: raises $0.04 to $0.06
cukka: folds 
AlexandreOFS: calls $0.06
Luansousapro: folds 
cappiiieee: calls $0.06
Boomgah: folds 
SL5005: folds 
leon 2124: folds 
Dorex2007: folds 
*** FLOP *** [Qh 9c Kc]
korgivvostorge: bets $0.14
AlexandreOFS: calls $0.14
cappiiieee: folds 
*** TURN *** [Qh 9c Kc] [9d]
korgivvostorge: bets $0.24
AlexandreOFS: calls $0.24
*** RIVER *** [Qh 9c Kc 9d] [3s]
korgivvostorge: checks 
AlexandreOFS: checks 
*** SHOW DOWN ***
korgivvostorge: shows [Td Kd] (two pair, Kings and Nines)
AlexandreOFS: mucks hand 
korgivvostorge collected $0.94 from pot
*** SUMMARY ***
Total pot $0.97 | Rake $0.03 
Board [Qh 9c Kc 9d 3s]
Seat 1: korgivvostorge showed [Td Kd] and won ($0.94) with two pair, Kings and Nines
Seat 2: cukka folded before Flop (didn't bet)
Seat 3: AlexandreOFS mucked [Js Ad]
Seat 4: Luansousapro folded before Flop (didn't bet)
Seat 5: cappiiieee folded on the Flop
Seat 6: Boomgah folded before Flop (didn't bet)
Seat 7: SL5005 (button) folded before Flop (didn't bet)
Seat 8: leon 2124 (small blind) folded before Flop
Seat 9: Dorex2007 (big blind) folded before Flop



PokerStars Hand #233394997503:  Hold'em No Limit ($0.01/$0.02 USD) - 2022/01/22 19:57:46 PT [2022/01/22 22:57:46 ET]
Table 'Ennomos III' 9-max Seat #8 is the button
Seat 1: korgivvostorge ($1.78 in chips) 
Seat 2: cukka ($2.02 in chips) 
Seat 3: AlexandreOFS ($1.29 in chips) 
Seat 4: Luansousapro ($1.40 in chips) 
Seat 5: cappiiieee ($1.84 in chips) 
Seat 6: Boomgah ($2.38 in chips) 
Seat 7: SL5005 ($1.50 in chips) 
Seat 8: leon 2124 ($1.54 in chips) 
Seat 9: Dorex2007 ($2 in chips) 
Dorex2007: posts small blind $0.01
korgivvostorge: posts big blind $0.02
*** HOLE CARDS ***
Dealt to Dorex2007 [5c Ts]
cukka: folds 
AlexandreOFS: folds 
Luansousapro: raises $0.04 to $0.06
cappiiieee: calls $0.06
Boomgah: folds 
SL5005: raises $0.24 to $0.30
leon 2124: folds 
Dorex2007: folds 
korgivvostorge: folds 
Luansousapro: calls $0.24
cappiiieee: raises $1.54 to $1.84 and is all-in
SL5005: calls $1.20 and is all-in
Luansousapro: calls $1.10 and is all-in
Uncalled bet ($0.34) returned to cappiiieee
*** FLOP *** [8s 6s 5s]
*** TURN *** [8s 6s 5s] [Ad]
*** RIVER *** [8s 6s 5s Ad] [3s]
*** SHOW DOWN ***
cappiiieee: shows [Ah Kc] (a pair of Aces)
SL5005: shows [Qc Qs] (a flush, Queen high)
SL5005 collected $0.19 from side pot
Luansousapro: shows [As Qd] (a flush, Ace high)
Luansousapro cashed out the hand for $0.22
cappiiieee cashed out the hand for $1.69 | Cash Out Fee $0.02
*** SUMMARY ***
Total pot $4.43 Main pot $4.08. Side pot $0.19. | Rake $0.16 
Board [8s 6s 5s Ad 3s]
Seat 1: korgivvostorge (big blind) folded before Flop
Seat 2: cukka folded before Flop (didn't bet)
Seat 3: AlexandreOFS folded before Flop (didn't bet)
Seat 4: Luansousapro showed [As Qd] and won ($4.08) with a flush, Ace high (pot not awarded as player cashed out)
Seat 5: cappiiieee showed [Ah Kc] and lost with a pair of Aces (cashed out).
Seat 6: Boomgah folded before Flop (didn't bet)
Seat 7: SL5005 showed [Qc Qs] and won ($0.19) with a flush, Queen high
Seat 8: leon 2124 (button) folded before Flop (didn't bet)
Seat 9: Dorex2007 (small blind) folded before Flop



PokerStars Hand #233395008153:  Hold'em No Limit ($0.01/$0.02 USD) - 2022/01/22 19:58:47 PT [2022/01/22 22:58:47 ET]
Table 'Ennomos III' 9-max Seat #9 is the button
Seat 1: korgivvostorge ($1.76 in chips) 
Seat 2: cukka ($2.02 in chips) 
Seat 3: AlexandreOFS ($1.29 in chips) 
Seat 4: Luansousapro ($0.22 in chips) 
Seat 5: cappiiieee ($2.03 in chips) 
Seat 6: Boomgah ($2.38 in chips) 
Seat 7: SL5005 ($0.19 in chips) 
Seat 8: leon 2124 ($1.54 in chips) 
Seat 9: Dorex2007 ($2 in chips) 
korgivvostorge: posts small blind $0.01
cukka: posts big blind $0.02
*** HOLE CARDS ***
Dealt to Dorex2007 [8s 4h]
AlexandreOFS has timed out
AlexandreOFS: folds 
Luansousapro has timed out
Luansousapro: folds 
cappiiieee: folds 
Boomgah: folds 
SL5005: folds 
leon 2124 has timed out
leon 2124: folds 
Dorex2007: folds 
korgivvostorge: raises $0.04 to $0.06
cukka: folds 
Uncalled bet ($0.04) returned to korgivvostorge
korgivvostorge collected $0.04 from pot
*** SUMMARY ***
Total pot $0.04 | Rake $0 
Seat 1: korgivvostorge (small blind) collected ($0.04)
Seat 2: cukka (big blind) folded before Flop
Seat 3: AlexandreOFS folded before Flop (didn't bet)
Seat 4: Luansousapro folded before Flop (didn't bet)
Seat 5: cappiiieee folded before Flop (didn't bet)
Seat 6: Boomgah folded before Flop (didn't bet)
Seat 7: SL5005 folded before Flop (didn't bet)
Seat 8: leon 2124 folded before Flop (didn't bet)
Seat 9: Dorex2007 (button) folded before Flop (didn't bet)



PokerStars Hand #233395022840:  Hold'em No Limit ($0.01/$0.02 USD) - 2022/01/22 19:59:37 PT [2022/01/22 22:59:37 ET]
Table 'Ennomos III' 9-max Seat #1 is the button
Seat 1: korgivvostorge ($1.78 in chips) 
Seat 2: cukka ($2 in chips) 
Seat 3: AlexandreOFS ($1.29 in chips) 
Seat 4: Luansousapro ($0.22 in chips) 
Seat 5: cappiiieee ($2.03 in chips) 
Seat 6: Boomgah ($2.38 in chips) 
Seat 7: SL5005 ($0.19 in chips) 
Seat 9: Dorex2007 ($2 in chips) 
cukka: posts small blind $0.01
AlexandreOFS: posts big blind $0.02
*** HOLE CARDS ***
Dealt to Dorex2007 [Qc 5c]
Luansousapro: folds 
cappiiieee: calls $0.02
Boomgah: folds 
SL5005: calls $0.02
Dorex2007: folds 
korgivvostorge: folds 
cukka: folds 
AlexandreOFS: checks 
*** FLOP *** [3c 7s 3h]
AlexandreOFS: checks 
cappiiieee: bets $0.04
SL5005: folds 
AlexandreOFS: calls $0.04
*** TURN *** [3c 7s 3h] [6d]
AlexandreOFS: checks 
cappiiieee: bets $0.07
AlexandreOFS: calls $0.07
*** RIVER *** [3c 7s 3h 6d] [2s]
AlexandreOFS: checks 
cappiiieee: checks 
*** SHOW DOWN ***
AlexandreOFS: shows [Td 7h] (two pair, Sevens and Threes)
cappiiieee: mucks hand 
AlexandreOFS collected $0.28 from pot
*** SUMMARY ***
Total pot $0.29 | Rake $0.01 
Board [3c 7s 3h 6d 2s]
Seat 1: korgivvostorge (button) folded before Flop (didn't bet)
Seat 2: cukka (small blind) folded before Flop
Seat 3: AlexandreOFS (big blind) showed [Td 7h] and won ($0.28) with two pair, Sevens and Threes
Seat 4: Luansousapro folded before Flop (didn't bet)
Seat 5: cappiiieee mucked [5d 7d]
Seat 6: Boomgah folded before Flop (didn't bet)
Seat 7: SL5005 folded on the Flop
Seat 9: Dorex2007 folded before Flop (didn't bet)



PokerStars Hand #233395033063:  Hold'em No Limit ($0.01/$0.02 USD) - 2022/01/22 20:00:32 PT [2022/01/22 23:00:32 ET]
Table 'Ennomos III' 9-max Seat #2 is the button
Seat 1: korgivvostorge ($1.78 in chips) 
Seat 2: cukka ($1.99 in chips) 
Seat 3: AlexandreOFS ($1.44 in chips) 
Seat 4: Luansousapro ($0.22 in chips) 
Seat 5: cappiiieee ($1.90 in chips) 
Seat 6: Boomgah ($2.38 in chips) 
Seat 7: SL5005 ($0.17 in chips) 
Seat 8: leon 2124 ($1.54 in chips) 
Seat 9: Dorex2007 ($2 in chips) 
AlexandreOFS: posts small blind $0.01
Luansousapro: posts big blind $0.02
*** HOLE CARDS ***
Dealt to Dorex2007 [8s 5d]
cappiiieee: calls $0.02
Boomgah: folds 
SL5005: folds 
leon 2124: calls $0.02
Dorex2007: folds 
korgivvostorge: raises $0.04 to $0.06
cukka: folds 
AlexandreOFS: folds 
Luansousapro: folds 
cappiiieee: folds 
leon 2124: calls $0.04
*** FLOP *** [2s 8d 5s]
leon 2124: checks 
korgivvostorge: bets $0.10
Luansousapro leaves the table
leon 2124: calls $0.10
*** TURN *** [2s 8d 5s] [Qc]
leon 2124: checks 
Adrel joins the table at seat #4 
korgivvostorge: bets $0.18
leon 2124: folds 
Uncalled bet ($0.18) returned to korgivvostorge
korgivvostorge collected $0.36 from pot
*** SUMMARY ***
Total pot $0.37 | Rake $0.01 
Board [2s 8d 5s Qc]
Seat 1: korgivvostorge collected ($0.36)
Seat 2: cukka (button) folded before Flop (didn't bet)
Seat 3: AlexandreOFS (small blind) folded before Flop
Seat 4: Luansousapro (big blind) folded before Flop
Seat 5: cappiiieee folded before Flop
Seat 6: Boomgah folded before Flop (didn't bet)
Seat 7: SL5005 folded before Flop (didn't bet)
Seat 8: leon 2124 folded on the Turn
Seat 9: Dorex2007 folded before Flop (didn't bet)



PokerStars Hand #233395049480:  Hold'em No Limit ($0.01/$0.02 USD) - 2022/01/22 20:01:53 PT [2022/01/22 23:01:53 ET]
Table 'Ennomos III' 9-max Seat #3 is the button
Seat 1: korgivvostorge ($1.98 in chips) 
Seat 2: cukka ($1.99 in chips) 
Seat 3: AlexandreOFS ($1.43 in chips) 
Seat 5: cappiiieee ($1.88 in chips) 
Seat 6: Boomgah ($2.38 in chips) 
Seat 7: SL5005 ($0.17 in chips) 
Seat 8: leon 2124 ($1.38 in chips) 
Seat 9: Dorex2007 ($2 in chips) 
cappiiieee: posts small blind $0.01
Boomgah: posts big blind $0.02
*** HOLE CARDS ***
Dealt to Dorex2007 [2s 4s]
SL5005: calls $0.02
leon 2124: folds 
Dorex2007: folds 
korgivvostorge: folds 
cukka: calls $0.02
AlexandreOFS: folds 
cappiiieee: calls $0.01
Boomgah: checks 
*** FLOP *** [2h Ah 8s]
cappiiieee: checks 
Boomgah: checks 
SL5005: bets $0.15 and is all-in
cukka: folds 
cappiiieee: folds 
Boomgah: folds 
Uncalled bet ($0.15) returned to SL5005
SL5005 collected $0.08 from pot
SL5005: doesn't show hand 
*** SUMMARY ***
Total pot $0.08 | Rake $0 
Board [2h Ah 8s]
Seat 1: korgivvostorge folded before Flop (didn't bet)
Seat 2: cukka folded on the Flop
Seat 3: AlexandreOFS (button) folded before Flop (didn't bet)
Seat 5: cappiiieee (small blind) folded on the Flop
Seat 6: Boomgah (big blind) folded on the Flop
Seat 7: SL5005 collected ($0.08)
Seat 8: leon 2124 folded before Flop (didn't bet)
Seat 9: Dorex2007 folded before Flop (didn't bet)



PokerStars Hand #233395056995:  Hold'em No Limit ($0.01/$0.02 USD) - 2022/01/22 20:02:30 PT [2022/01/22 23:02:30 ET]
Table 'Ennomos III' 9-max Seat #5 is the button
Seat 1: korgivvostorge ($1.98 in chips) 
Seat 2: cukka ($1.97 in chips) 
Seat 3: AlexandreOFS ($1.43 in chips) 
Seat 4: Adrel ($1.60 in chips) 
Seat 5: cappiiieee ($1.86 in chips) 
Seat 6: Boomgah ($2.36 in chips) 
Seat 7: SL5005 ($0.23 in chips) 
Seat 8: leon 2124 ($1.38 in chips) 
Seat 9: Dorex2007 ($2 in chips) 
Boomgah: posts small blind $0.01
SL5005: posts big blind $0.02
Adrel: posts big blind $0.02
*** HOLE CARDS ***
Dealt to Dorex2007 [3d 2s]
leon 2124: calls $0.02
Dorex2007: folds 
korgivvostorge: folds 
cukka: folds 
AlexandreOFS: folds 
Adrel: raises $0.02 to $0.04
cappiiieee: calls $0.04
Boomgah: calls $0.03
SL5005: calls $0.02
leon 2124: calls $0.02
*** FLOP *** [Qd 7d 9d]
Boomgah: checks 
SL5005: checks 
leon 2124: bets $0.06
Adrel: raises $0.06 to $0.12
cappiiieee: folds 
Boomgah: folds 
SL5005: folds 
leon 2124: calls $0.06
*** TURN *** [Qd 7d 9d] [Jc]
leon 2124: checks 
Adrel: bets $0.21
leon 2124: calls $0.21
*** RIVER *** [Qd 7d 9d Jc] [2c]
leon 2124: checks 
Adrel: bets $0.41
leon 2124: folds 
Uncalled bet ($0.41) returned to Adrel
Adrel collected $0.83 from pot
Adrel: doesn't show hand 
*** SUMMARY ***
Total pot $0.86 | Rake $0.03 
Board [Qd 7d 9d Jc 2c]
Seat 1: korgivvostorge folded before Flop (didn't bet)
Seat 2: cukka folded before Flop (didn't bet)
Seat 3: AlexandreOFS folded before Flop (didn't bet)
Seat 4: Adrel collected ($0.83)
Seat 5: cappiiieee (button) folded on the Flop
Seat 6: Boomgah (small blind) folded on the Flop
Seat 7: SL5005 (big blind) folded on the Flop
Seat 8: leon 2124 folded on the River
Seat 9: Dorex2007 folded before Flop (didn't bet)



PokerStars Hand #233395083080:  Hold'em No Limit ($0.01/$0.02 USD) - 2022/01/22 20:04:34 PT [2022/01/22 23:04:34 ET]
Table 'Ennomos III' 9-max Seat #6 is the button
Seat 1: korgivvostorge ($1.98 in chips) 
Seat 2: cukka ($1.97 in chips) 
Seat 3: AlexandreOFS ($1.43 in chips) 
Seat 4: Adrel ($2.06 in chips) 
Seat 5: cappiiieee ($1.82 in chips) 
Seat 6: Boomgah ($2.32 in chips) 
Seat 7: SL5005 ($0.19 in chips) 
Seat 8: leon 2124 ($1.01 in chips) 
Seat 9: Dorex2007 ($2 in chips) 
SL5005: posts small blind $0.01
leon 2124: posts big blind $0.02
*** HOLE CARDS ***
Dealt to Dorex2007 [7d 7s]
Dorex2007: raises $0.02 to $0.04
korgivvostorge: raises $0.06 to $0.10
cukka: folds 
AlexandreOFS: folds 
Adrel: folds 
cappiiieee: calls $0.10
Boomgah: folds 
SL5005: folds 
leon 2124: folds 
Dorex2007: calls $0.06
*** FLOP *** [8d Ac Ah]
Dorex2007: bets $0.16
leon 2124 leaves the table
korgivvostorge: raises $0.16 to $0.32
cappiiieee: folds 
Dorex2007: folds 
Uncalled bet ($0.16) returned to korgivvostorge
korgivvostorge collected $0.63 from pot
*** SUMMARY ***
Total pot $0.65 | Rake $0.02 
Board [8d Ac Ah]
Seat 1: korgivvostorge collected ($0.63)
Seat 2: cukka folded before Flop (didn't bet)
Seat 3: AlexandreOFS folded before Flop (didn't bet)
Seat 4: Adrel folded before Flop (didn't bet)
Seat 5: cappiiieee folded on the Flop
Seat 6: Boomgah (button) folded before Flop (didn't bet)
Seat 7: SL5005 (small blind) folded before Flop
Seat 8: leon 2124 (big blind) folded before Flop
Seat 9: Dorex2007 folded on the Flop



PokerStars Hand #233395098147:  Hold'em No Limit ($0.01/$0.02 USD) - 2022/01/22 20:05:46 PT [2022/01/22 23:05:46 ET]
Table 'Ennomos III' 9-max Seat #7 is the button
Seat 1: korgivvostorge ($2.35 in chips) 
Seat 2: cukka ($1.97 in chips) 
Seat 3: AlexandreOFS ($1.43 in chips) 
Seat 4: Adrel ($2.06 in chips) 
Seat 5: cappiiieee ($1.72 in chips) 
Seat 6: Boomgah ($2.32 in chips) 
Seat 7: SL5005 ($0.18 in chips) 
Seat 9: Dorex2007 ($2 in chips) 
Dorex2007: posts small blind $0.01
korgivvostorge: posts big blind $0.02
*** HOLE CARDS ***
Dealt to Dorex2007 [Jc 4s]
cukka: raises $0.05 to $0.07
AlexandreOFS: raises $0.07 to $0.14
Adrel: folds 
cappiiieee: folds 
Boomgah: folds 
SL5005: folds 
Dorex2007: folds 
korgivvostorge: folds 
cukka: calls $0.07
*** FLOP *** [7c 5h 7d]
cukka: checks 
AlexandreOFS: bets $0.15
cukka: raises $0.15 to $0.30
AlexandreOFS: calls $0.15
*** TURN *** [7c 5h 7d] [Qs]
cukka: bets $1.53 and is all-in
AlexandreOFS: calls $0.99 and is all-in
Uncalled bet ($0.54) returned to cukka
*** RIVER *** [7c 5h 7d Qs] [Ad]
*** SHOW DOWN ***
cukka: shows [9c 9d] (two pair, Nines and Sevens)
AlexandreOFS: shows [Qc Qh] (a full house, Queens full of Sevens)
AlexandreOFS collected $2.79 from pot
*** SUMMARY ***
Total pot $2.89 | Rake $0.10 
Board [7c 5h 7d Qs Ad]
Seat 1: korgivvostorge (big blind) folded before Flop
Seat 2: cukka showed [9c 9d] and lost with two pair, Nines and Sevens
Seat 3: AlexandreOFS showed [Qc Qh] and won ($2.79) with a full house, Queens full of Sevens
Seat 4: Adrel folded before Flop (didn't bet)
Seat 5: cappiiieee folded before Flop (didn't bet)
Seat 6: Boomgah folded before Flop (didn't bet)
Seat 7: SL5005 (button) folded before Flop (didn't bet)
Seat 9: Dorex2007 (small blind) folded before Flop



PokerStars Hand #233395123844:  Hold'em No Limit ($0.01/$0.02 USD) - 2022/01/22 20:07:15 PT [2022/01/22 23:07:15 ET]
Table 'Ennomos III' 9-max Seat #9 is the button
Seat 1: korgivvostorge ($2.33 in chips) 
Seat 2: cukka ($0.54 in chips) 
Seat 3: AlexandreOFS ($2.79 in chips) 
Seat 5: cappiiieee ($1.72 in chips) 
Seat 6: Boomgah ($2.32 in chips) 
Seat 7: SL5005 ($0.18 in chips) 
Seat 9: Dorex2007 ($2 in chips) 
korgivvostorge: posts small blind $0.01
cukka: posts big blind $0.02
*** HOLE CARDS ***
Dealt to Dorex2007 [Qc 8s]
AlexandreOFS: folds 
cappiiieee: folds 
Boomgah: folds 
SHAH175 joins the table at seat #8 
SL5005: raises $0.16 to $0.18 and is all-in
Dorex2007: folds 
korgivvostorge: folds 
cukka: folds 
Uncalled bet ($0.16) returned to SL5005
SL5005 collected $0.05 from pot
SL5005: doesn't show hand 
*** SUMMARY ***
Total pot $0.05 | Rake $0 
Seat 1: korgivvostorge (small blind) folded before Flop
Seat 2: cukka (big blind) folded before Flop
Seat 3: AlexandreOFS folded before Flop (didn't bet)
Seat 5: cappiiieee folded before Flop (didn't bet)
Seat 6: Boomgah folded before Flop (didn't bet)
Seat 7: SL5005 collected ($0.05)
Seat 9: Dorex2007 (button) folded before Flop (didn't bet)



PokerStars Hand #233395127757:  Hold'em No Limit ($0.01/$0.02 USD) - 2022/01/22 20:07:34 PT [2022/01/22 23:07:34 ET]
Table 'Ennomos III' 9-max Seat #1 is the button
Seat 1: korgivvostorge ($2.32 in chips) 
Seat 2: cukka ($0.52 in chips) 
Seat 3: AlexandreOFS ($2.79 in chips) 
Seat 5: cappiiieee ($1.72 in chips) 
Seat 6: Boomgah ($2.32 in chips) 
Seat 7: SL5005 ($0.21 in chips) 
Seat 8: SHAH175 ($1.60 in chips) 
Seat 9: Dorex2007 ($2 in chips) 
cukka: posts small blind $0.01
AlexandreOFS: posts big blind $0.02
SHAH175: posts big blind $0.02
*** HOLE CARDS ***
Dealt to Dorex2007 [7d 2d]
cappiiieee: folds 
Boomgah: folds 
SL5005 has timed out
SL5005: folds 
SHAH175: checks 
Dorex2007: folds 
korgivvostorge: folds 
cukka: raises $0.06 to $0.08
AlexandreOFS: folds 
SHAH175: calls $0.06
*** FLOP *** [4d As Ts]
cukka: checks 
SHAH175: checks 
*** TURN *** [4d As Ts] [5d]
cukka: checks 
SHAH175: bets $0.14
cukka: folds 
Uncalled bet ($0.14) returned to SHAH175
SHAH175 collected $0.17 from pot
SHAH175: doesn't show hand 
*** SUMMARY ***
Total pot $0.18 | Rake $0.01 
Board [4d As Ts 5d]
Seat 1: korgivvostorge (button) folded before Flop (didn't bet)
Seat 2: cukka (small blind) folded on the Turn
Seat 3: AlexandreOFS (big blind) folded before Flop
Seat 5: cappiiieee folded before Flop (didn't bet)
Seat 6: Boomgah folded before Flop (didn't bet)
Seat 7: SL5005 folded before Flop (didn't bet)
Seat 8: SHAH175 collected ($0.17)
Seat 9: Dorex2007 folded before Flop (didn't bet)



PokerStars Hand #233395137975:  Hold'em No Limit ($0.01/$0.02 USD) - 2022/01/22 20:08:24 PT [2022/01/22 23:08:24 ET]
Table 'Ennomos III' 9-max Seat #2 is the button
Seat 1: korgivvostorge ($2.32 in chips) 
Seat 2: cukka ($0.44 in chips) 
Seat 3: AlexandreOFS ($2.77 in chips) 
Seat 5: cappiiieee ($1.72 in chips) 
Seat 6: Boomgah ($2.32 in chips) 
Seat 7: SL5005 ($0.21 in chips) 
Seat 8: SHAH175 ($1.69 in chips) 
Seat 9: Dorex2007 ($2 in chips) 
AlexandreOFS: posts small blind $0.01
cappiiieee: posts big blind $0.02
*** HOLE CARDS ***
Dealt to Dorex2007 [Qd 4c]
Boomgah: folds 
SL5005: folds 
SHAH175: folds 
Dorex2007: folds 
korgivvostorge: folds 
cukka: calls $0.02
AlexandreOFS: calls $0.01
cappiiieee: checks 
*** FLOP *** [4h 9s 5h]
AlexandreOFS: checks 
cappiiieee: checks 
cukka: checks 
*** TURN *** [4h 9s 5h] [5d]
AlexandreOFS: bets $0.03
cappiiieee: folds 
cukka: calls $0.03
*** RIVER *** [4h 9s 5h 5d] [Jd]
AlexandreOFS: checks 
cukka: checks 
*** SHOW DOWN ***
AlexandreOFS: shows [8c Ad] (a pair of Fives)
cukka: mucks hand 
AlexandreOFS collected $0.12 from pot
*** SUMMARY ***
Total pot $0.12 | Rake $0 
Board [4h 9s 5h 5d Jd]
Seat 1: korgivvostorge folded before Flop (didn't bet)
Seat 2: cukka (button) mucked [7h Th]
Seat 3: AlexandreOFS (small blind) showed [8c Ad] and won ($0.12) with a pair of Fives
Seat 5: cappiiieee (big blind) folded on the Turn
Seat 6: Boomgah folded before Flop (didn't bet)
Seat 7: SL5005 folded before Flop (didn't bet)
Seat 8: SHAH175 folded before Flop (didn't bet)
Seat 9: Dorex2007 folded before Flop (didn't bet)



PokerStars Hand #233395153180:  Hold'em No Limit ($0.01/$0.02 USD) - 2022/01/22 20:09:39 PT [2022/01/22 23:09:39 ET]
Table 'Ennomos III' 9-max Seat #3 is the button
Seat 1: korgivvostorge ($2.32 in chips) 
Seat 2: cukka ($0.39 in chips) 
Seat 3: AlexandreOFS ($2.84 in chips) 
Seat 5: cappiiieee ($1.70 in chips) 
Seat 6: Boomgah ($2.32 in chips) 
Seat 7: SL5005 ($0.21 in chips) 
Seat 8: SHAH175 ($1.69 in chips) 
Seat 9: Dorex2007 ($2 in chips) 
cappiiieee: posts small blind $0.01
Boomgah: posts big blind $0.02
*** HOLE CARDS ***
Dealt to Dorex2007 [3s Jc]
SL5005: folds 
SHAH175: folds 
Dorex2007: folds 
korgivvostorge: folds 
cukka: folds 
AlexandreOFS: folds 
cappiiieee: folds 
Uncalled bet ($0.01) returned to Boomgah
Boomgah collected $0.02 from pot
*** SUMMARY ***
Total pot $0.02 | Rake $0 
Seat 1: korgivvostorge folded before Flop (didn't bet)
Seat 2: cukka folded before Flop (didn't bet)
Seat 3: AlexandreOFS (button) folded before Flop (didn't bet)
Seat 5: cappiiieee (small blind) folded before Flop
Seat 6: Boomgah (big blind) collected ($0.02)
Seat 7: SL5005 folded before Flop (didn't bet)
Seat 8: SHAH175 folded before Flop (didn't bet)
Seat 9: Dorex2007 folded before Flop (didn't bet)



PokerStars Hand #233395156661:  Hold'em No Limit ($0.01/$0.02 USD) - 2022/01/22 20:09:56 PT [2022/01/22 23:09:56 ET]
Table 'Ennomos III' 9-max Seat #5 is the button
Seat 1: korgivvostorge ($2.32 in chips) 
Seat 2: cukka ($0.39 in chips) 
Seat 3: AlexandreOFS ($2.84 in chips) 
Seat 5: cappiiieee ($1.69 in chips) 
Seat 6: Boomgah ($2.33 in chips) 
Seat 7: SL5005 ($0.21 in chips) 
Seat 8: SHAH175 ($1.69 in chips) 
Seat 9: Dorex2007 ($2 in chips) 
Boomgah: posts small blind $0.01
SL5005: posts big blind $0.02
*** HOLE CARDS ***
Dealt to Dorex2007 [2d 5s]
SHAH175: folds 
Dorex2007: folds 
korgivvostorge: raises $0.04 to $0.06
cukka: folds 
AlexandreOFS: folds 
cappiiieee: folds 
Boomgah: folds 
SL5005: raises $0.15 to $0.21 and is all-in
korgivvostorge: calls $0.15
*** FLOP *** [Qs 2s 9d]
*** TURN *** [Qs 2s 9d] [8s]
*** RIVER *** [Qs 2s 9d 8s] [8c]
*** SHOW DOWN ***
SL5005: shows [8d Ad] (three of a kind, Eights)
korgivvostorge: shows [Jh Ah] (a pair of Eights)
SL5005 collected $0.41 from pot
*** SUMMARY ***
Total pot $0.43 | Rake $0.02 
Board [Qs 2s 9d 8s 8c]
Seat 1: korgivvostorge showed [Jh Ah] and lost with a pair of Eights
Seat 2: cukka folded before Flop (didn't bet)
Seat 3: AlexandreOFS folded before Flop (didn't bet)
Seat 5: cappiiieee (button) folded before Flop (didn't bet)
Seat 6: Boomgah (small blind) folded before Flop
Seat 7: SL5005 (big blind) showed [8d Ad] and won ($0.41) with three of a kind, Eights
Seat 8: SHAH175 folded before Flop (didn't bet)
Seat 9: Dorex2007 folded before Flop (didn't bet)



PokerStars Hand #233395166634:  Hold'em No Limit ($0.01/$0.02 USD) - 2022/01/22 20:10:45 PT [2022/01/22 23:10:45 ET]
Table 'Ennomos III' 9-max Seat #6 is the button
Seat 1: korgivvostorge ($2.11 in chips) 
Seat 2: cukka ($0.39 in chips) 
Seat 3: AlexandreOFS ($2.84 in chips) 
Seat 5: cappiiieee ($1.69 in chips) 
Seat 6: Boomgah ($2.32 in chips) 
Seat 7: SL5005 ($0.41 in chips) 
Seat 8: SHAH175 ($1.69 in chips) 
Seat 9: Dorex2007 ($2 in chips) 
SL5005: posts small blind $0.01
SHAH175: posts big blind $0.02
*** HOLE CARDS ***
Dealt to Dorex2007 [9h 7h]
Dorex2007: folds 
korgivvostorge: folds 
cukka: folds 
AlexandreOFS: folds 
cappiiieee: calls $0.02
Boomgah: folds 
SL5005: calls $0.01
SHAH175: checks 
*** FLOP *** [5h 2s 3h]
SL5005: bets $0.39 and is all-in
SHAH175: folds 
cappiiieee: calls $0.39
*** TURN *** [5h 2s 3h] [Jc]
*** RIVER *** [5h 2s 3h Jc] [4s]
*** SHOW DOWN ***
SL5005: shows [8h Th] (high card Jack)
cappiiieee: shows [8c Ah] (a straight, Ace to Five)
cappiiieee collected $0.81 from pot
*** SUMMARY ***
Total pot $0.84 | Rake $0.03 
Board [5h 2s 3h Jc 4s]
Seat 1: korgivvostorge folded before Flop (didn't bet)
Seat 2: cukka folded before Flop (didn't bet)
Seat 3: AlexandreOFS folded before Flop (didn't bet)
Seat 5: cappiiieee showed [8c Ah] and won ($0.81) with a straight, Ace to Five
Seat 6: Boomgah (button) folded before Flop (didn't bet)
Seat 7: SL5005 (small blind) showed [8h Th] and lost with high card Jack
Seat 8: SHAH175 (big blind) folded on the Flop
Seat 9: Dorex2007 folded before Flop (didn't bet)



PokerStars Hand #233395185141:  Hold'em No Limit ($0.01/$0.02 USD) - 2022/01/22 20:11:28 PT [2022/01/22 23:11:28 ET]
Table 'Ennomos III' 9-max Seat #8 is the button
Seat 1: korgivvostorge ($2.11 in chips) 
Seat 2: cukka ($0.39 in chips) 
Seat 3: AlexandreOFS ($2.84 in chips) 
Seat 4: Adrel ($2.06 in chips) 
Seat 5: cappiiieee ($2.09 in chips) 
Seat 6: Boomgah ($2.32 in chips) 
Seat 8: SHAH175 ($1.67 in chips) 
Seat 9: Dorex2007 ($2 in chips) 
Dorex2007: posts small blind $0.01
korgivvostorge: posts big blind $0.02
Adrel: posts small & big blinds $0.03
*** HOLE CARDS ***
Dealt to Dorex2007 [3s 5c]
cukka: folds 
AlexandreOFS: calls $0.02
Adrel: raises $0.02 to $0.04
cappiiieee: folds 
Boomgah: folds 
SHAH175: calls $0.04
SL5005 leaves the table
Dorex2007: folds 
korgivvostorge: raises $0.12 to $0.16
AlexandreOFS: calls $0.14
infiniti888 joins the table at seat #7 
Adrel: calls $0.12
SHAH175: calls $0.12
*** FLOP *** [5h Td Qh]
korgivvostorge: checks 
AlexandreOFS: bets $0.32
Adrel: folds 
SHAH175: folds 
korgivvostorge: folds 
Uncalled bet ($0.32) returned to AlexandreOFS
AlexandreOFS collected $0.64 from pot
AlexandreOFS: doesn't show hand 
*** SUMMARY ***
Total pot $0.66 | Rake $0.02 
Board [5h Td Qh]
Seat 1: korgivvostorge (big blind) folded on the Flop
Seat 2: cukka folded before Flop (didn't bet)
Seat 3: AlexandreOFS collected ($0.64)
Seat 4: Adrel folded on the Flop
Seat 5: cappiiieee folded before Flop (didn't bet)
Seat 6: Boomgah folded before Flop (didn't bet)
Seat 8: SHAH175 (button) folded on the Flop
Seat 9: Dorex2007 (small blind) folded before Flop



PokerStars Hand #233395196120:  Hold'em No Limit ($0.01/$0.02 USD) - 2022/01/22 20:12:22 PT [2022/01/22 23:12:22 ET]
Table 'Ennomos III' 9-max Seat #9 is the button
Seat 1: korgivvostorge ($1.95 in chips) 
Seat 2: cukka ($0.39 in chips) 
Seat 3: AlexandreOFS ($3.32 in chips) 
Seat 4: Adrel ($1.89 in chips) 
Seat 5: cappiiieee ($2.09 in chips) 
Seat 6: Boomgah ($2.32 in chips) 
Seat 7: infiniti888 ($2 in chips) 
Seat 8: SHAH175 ($1.51 in chips) 
Seat 9: Dorex2007 ($2 in chips) 
korgivvostorge: posts small blind $0.01
cukka: posts big blind $0.02
infiniti888: posts big blind $0.02
*** HOLE CARDS ***
Dealt to Dorex2007 [Ac 7s]
AlexandreOFS: folds 
Adrel: folds 
cappiiieee: calls $0.02
Boomgah: folds 
infiniti888: checks 
SHAH175: calls $0.02
Dorex2007: calls $0.02
korgivvostorge: folds 
cukka: checks 
*** FLOP *** [4d 5s Jc]
cukka: bets $0.11
cappiiieee: folds 
infiniti888: folds 
SHAH175: folds 
Dorex2007: folds 
Uncalled bet ($0.11) returned to cukka
cukka collected $0.11 from pot
cukka: doesn't show hand 
*** SUMMARY ***
Total pot $0.11 | Rake $0 
Board [4d 5s Jc]
Seat 1: korgivvostorge (small blind) folded before Flop
Seat 2: cukka (big blind) collected ($0.11)
Seat 3: AlexandreOFS folded before Flop (didn't bet)
Seat 4: Adrel folded before Flop (didn't bet)
Seat 5: cappiiieee folded on the Flop
Seat 6: Boomgah folded before Flop (didn't bet)
Seat 7: infiniti888 folded on the Flop (didn't bet)
Seat 8: SHAH175 folded on the Flop
Seat 9: Dorex2007 (button) folded on the Flop



PokerStars Hand #233395204363:  Hold'em No Limit ($0.01/$0.02 USD) - 2022/01/22 20:13:03 PT [2022/01/22 23:13:03 ET]
Table 'Ennomos III' 9-max Seat #1 is the button
Seat 1: korgivvostorge ($1.94 in chips) 
Seat 2: cukka ($0.48 in chips) 
Seat 3: AlexandreOFS ($3.32 in chips) 
Seat 4: Adrel ($1.89 in chips) 
Seat 5: cappiiieee ($2.07 in chips) 
Seat 6: Boomgah ($2.32 in chips) 
Seat 7: infiniti888 ($1.98 in chips) 
Seat 8: SHAH175 ($1.49 in chips) 
Seat 9: Dorex2007 ($2 in chips) 
cukka: posts small blind $0.01
AlexandreOFS: posts big blind $0.02
*** HOLE CARDS ***
Dealt to Dorex2007 [9c 5d]
Adrel: calls $0.02
cappiiieee: folds 
Boomgah: folds 
infiniti888: folds 
SHAH175: folds 
Dorex2007: folds 
korgivvostorge: folds 
cukka: calls $0.01
AlexandreOFS: raises $0.04 to $0.06
Adrel: calls $0.04
cukka: folds 
*** FLOP *** [Kh Ad Tc]
AlexandreOFS: bets $0.06
Adrel: calls $0.06
*** TURN *** [Kh Ad Tc] [9s]
AlexandreOFS: bets $0.08
Adrel: calls $0.08
*** RIVER *** [Kh Ad Tc 9s] [3c]
AlexandreOFS: bets $0.41
Adrel: folds 
Uncalled bet ($0.41) returned to AlexandreOFS
AlexandreOFS collected $0.41 from pot
AlexandreOFS: doesn't show hand 
*** SUMMARY ***
Total pot $0.42 | Rake $0.01 
Board [Kh Ad Tc 9s 3c]
Seat 1: korgivvostorge (button) folded before Flop (didn't bet)
Seat 2: cukka (small blind) folded before Flop
Seat 3: AlexandreOFS (big blind) collected ($0.41)
Seat 4: Adrel folded on the River
Seat 5: cappiiieee folded before Flop (didn't bet)
Seat 6: Boomgah folded before Flop (didn't bet)
Seat 7: infiniti888 folded before Flop (didn't bet)
Seat 8: SHAH175 folded before Flop (didn't bet)
Seat 9: Dorex2007 folded before Flop (didn't bet)



PokerStars Hand #233395215976:  Hold'em No Limit ($0.01/$0.02 USD) - 2022/01/22 20:13:59 PT [2022/01/22 23:13:59 ET]
Table 'Ennomos III' 9-max Seat #2 is the button
Seat 1: korgivvostorge ($1.94 in chips) 
Seat 2: cukka ($0.46 in chips) 
Seat 3: AlexandreOFS ($3.53 in chips) 
Seat 4: Adrel ($1.69 in chips) 
Seat 5: cappiiieee ($2.07 in chips) 
Seat 6: Boomgah ($2.32 in chips) 
Seat 7: infiniti888 ($1.98 in chips) 
Seat 8: SHAH175 ($1.49 in chips) 
Seat 9: Dorex2007 ($2 in chips) 
AlexandreOFS: posts small blind $0.01
Adrel: posts big blind $0.02
*** HOLE CARDS ***
Dealt to Dorex2007 [Td 5h]
cappiiieee: folds 
Boomgah: folds 
infiniti888: folds 
SHAH175: folds 
Dorex2007: folds 
korgivvostorge: folds 
cukka: raises $0.05 to $0.07
AlexandreOFS: folds 
Adrel: calls $0.05
*** FLOP *** [Qd 6c Jh]
Adrel: checks 
cukka: bets $0.14
Adrel: folds 
Uncalled bet ($0.14) returned to cukka
cukka collected $0.14 from pot
cukka: doesn't show hand 
*** SUMMARY ***
Total pot $0.15 | Rake $0.01 
Board [Qd 6c Jh]
Seat 1: korgivvostorge folded before Flop (didn't bet)
Seat 2: cukka (button) collected ($0.14)
Seat 3: AlexandreOFS (small blind) folded before Flop
Seat 4: Adrel (big blind) folded on the Flop
Seat 5: cappiiieee folded before Flop (didn't bet)
Seat 6: Boomgah folded before Flop (didn't bet)
Seat 7: infiniti888 folded before Flop (didn't bet)
Seat 8: SHAH175 folded before Flop (didn't bet)
Seat 9: Dorex2007 folded before Flop (didn't bet)



PokerStars Hand #233395222549:  Hold'em No Limit ($0.01/$0.02 USD) - 2022/01/22 20:14:32 PT [2022/01/22 23:14:32 ET]
Table 'Ennomos III' 9-max Seat #3 is the button
Seat 1: korgivvostorge ($1.94 in chips) 
Seat 2: cukka ($0.53 in chips) 
Seat 3: AlexandreOFS ($3.52 in chips) 
Seat 4: Adrel ($1.62 in chips) 
Seat 5: cappiiieee ($2.07 in chips) 
Seat 6: Boomgah ($2.32 in chips) 
Seat 7: infiniti888 ($1.98 in chips) 
Seat 8: SHAH175 ($1.49 in chips) 
Seat 9: Dorex2007 ($2 in chips) 
Adrel: posts small blind $0.01
cappiiieee: posts big blind $0.02
*** HOLE CARDS ***
Dealt to Dorex2007 [Ks 6c]
Boomgah: folds 
infiniti888: folds 
SHAH175: folds 
Dorex2007: folds 
korgivvostorge: folds 
cukka: folds 
AlexandreOFS: calls $0.02
Adrel: calls $0.01
cappiiieee: checks 
*** FLOP *** [Th Qh 9d]
Adrel: bets $0.02
cappiiieee: calls $0.02
AlexandreOFS: calls $0.02
*** TURN *** [Th Qh 9d] [Tc]
Adrel: checks 
cappiiieee: bets $0.06
AlexandreOFS: calls $0.06
Adrel: folds 
*** RIVER *** [Th Qh 9d Tc] [Qc]
cappiiieee: bets $0.23
AlexandreOFS: calls $0.23
*** SHOW DOWN ***
cappiiieee: shows [Qd 2c] (a full house, Queens full of Tens)
AlexandreOFS: mucks hand 
cappiiieee collected $0.68 from pot
*** SUMMARY ***
Total pot $0.70 | Rake $0.02 
Board [Th Qh 9d Tc Qc]
Seat 1: korgivvostorge folded before Flop (didn't bet)
Seat 2: cukka folded before Flop (didn't bet)
Seat 3: AlexandreOFS (button) mucked [Jh Kh]
Seat 4: Adrel (small blind) folded on the Turn
Seat 5: cappiiieee (big blind) showed [Qd 2c] and won ($0.68) with a full house, Queens full of Tens
Seat 6: Boomgah folded before Flop (didn't bet)
Seat 7: infiniti888 folded before Flop (didn't bet)
Seat 8: SHAH175 folded before Flop (didn't bet)
Seat 9: Dorex2007 folded before Flop (didn't bet)



PokerStars Hand #233395233591:  Hold'em No Limit ($0.01/$0.02 USD) - 2022/01/22 20:15:26 PT [2022/01/22 23:15:26 ET]
Table 'Ennomos III' 9-max Seat #4 is the button
Seat 1: korgivvostorge ($1.94 in chips) 
Seat 2: cukka ($0.53 in chips) 
Seat 3: AlexandreOFS ($3.19 in chips) 
Seat 4: Adrel ($1.58 in chips) 
Seat 5: cappiiieee ($2.42 in chips) 
Seat 6: Boomgah ($2.32 in chips) 
Seat 7: infiniti888 ($1.98 in chips) 
Seat 8: SHAH175 ($1.49 in chips) 
Seat 9: Dorex2007 ($2 in chips) 
cappiiieee: posts small blind $0.01
Boomgah: posts big blind $0.02
*** HOLE CARDS ***
Dealt to Dorex2007 [Jc 9c]
infiniti888: folds 
SHAH175: folds 
Dorex2007: raises $0.04 to $0.06
korgivvostorge: folds 
cukka: folds 
AlexandreOFS: calls $0.06
Adrel: calls $0.06
cappiiieee: folds 
Boomgah: calls $0.04
*** FLOP *** [4h Qs Ks]
Boomgah: checks 
Dorex2007: checks 
AlexandreOFS: bets $0.24
Adrel: folds 
Boomgah: folds 
Dorex2007: folds 
Uncalled bet ($0.24) returned to AlexandreOFS
AlexandreOFS collected $0.24 from pot
AlexandreOFS: doesn't show hand 
*** SUMMARY ***
Total pot $0.25 | Rake $0.01 
Board [4h Qs Ks]
Seat 1: korgivvostorge folded before Flop (didn't bet)
Seat 2: cukka folded before Flop (didn't bet)
Seat 3: AlexandreOFS collected ($0.24)
Seat 4: Adrel (button) folded on the Flop
Seat 5: cappiiieee (small blind) folded before Flop
Seat 6: Boomgah (big blind) folded on the Flop
Seat 7: infiniti888 folded before Flop (didn't bet)
Seat 8: SHAH175 folded before Flop (didn't bet)
Seat 9: Dorex2007 folded on the Flop



PokerStars Hand #233395241224:  Hold'em No Limit ($0.01/$0.02 USD) - 2022/01/22 20:16:04 PT [2022/01/22 23:16:04 ET]
Table 'Ennomos III' 9-max Seat #5 is the button
Seat 1: korgivvostorge ($1.94 in chips) 
Seat 2: cukka ($0.53 in chips) 
Seat 3: AlexandreOFS ($3.37 in chips) 
Seat 4: Adrel ($1.52 in chips) 
Seat 5: cappiiieee ($2.41 in chips) 
Seat 6: Boomgah ($2.26 in chips) 
Seat 7: infiniti888 ($1.98 in chips) 
Seat 8: SHAH175 ($1.49 in chips) 
Seat 9: Dorex2007 ($2 in chips) 
Boomgah: posts small blind $0.01
infiniti888: posts big blind $0.02
*** HOLE CARDS ***
Dealt to Dorex2007 [Ad Qs]
SHAH175: folds 
Dorex2007: raises $0.04 to $0.06
korgivvostorge: folds 
cukka: folds 
AlexandreOFS: folds 
Adrel: calls $0.06
cappiiieee: folds 
Boomgah: calls $0.05
infiniti888: folds 
*** FLOP *** [4c Qd Ks]
Boomgah: checks 
Dorex2007: bets $0.13
Adrel: folds 
Boomgah: folds 
Uncalled bet ($0.13) returned to Dorex2007
Dorex2007 collected $0.19 from pot
Dorex2007: doesn't show hand 
*** SUMMARY ***
Total pot $0.20 | Rake $0.01 
Board [4c Qd Ks]
Seat 1: korgivvostorge folded before Flop (didn't bet)
Seat 2: cukka folded before Flop (didn't bet)
Seat 3: AlexandreOFS folded before Flop (didn't bet)
Seat 4: Adrel folded on the Flop
Seat 5: cappiiieee (button) folded before Flop (didn't bet)
Seat 6: Boomgah (small blind) folded on the Flop
Seat 7: infiniti888 (big blind) folded before Flop
Seat 8: SHAH175 folded before Flop (didn't bet)
Seat 9: Dorex2007 collected ($0.19)



PokerStars Hand #233395252440:  Hold'em No Limit ($0.01/$0.02 USD) - 2022/01/22 20:16:58 PT [2022/01/22 23:16:58 ET]
Table 'Ennomos III' 9-max Seat #6 is the button
Seat 1: korgivvostorge ($1.94 in chips) 
Seat 2: cukka ($0.53 in chips) 
Seat 3: AlexandreOFS ($3.37 in chips) 
Seat 4: Adrel ($1.46 in chips) 
Seat 5: cappiiieee ($2.41 in chips) 
Seat 6: Boomgah ($2.20 in chips) 
Seat 7: infiniti888 ($1.96 in chips) 
Seat 8: SHAH175 ($1.49 in chips) 
Seat 9: Dorex2007 ($2.13 in chips) 
infiniti888: posts small blind $0.01
SHAH175: posts big blind $0.02
*** HOLE CARDS ***
Dealt to Dorex2007 [3h Qc]
Dorex2007: folds 
korgivvostorge: folds 
cukka: folds 
AlexandreOFS: folds 
Adrel: folds 
cappiiieee has timed out
cappiiieee: folds 
Boomgah: raises $0.04 to $0.06
infiniti888: folds 
SHAH175: folds 
Uncalled bet ($0.04) returned to Boomgah
Boomgah collected $0.05 from pot
*** SUMMARY ***
Total pot $0.05 | Rake $0 
Seat 1: korgivvostorge folded before Flop (didn't bet)
Seat 2: cukka folded before Flop (didn't bet)
Seat 3: AlexandreOFS folded before Flop (didn't bet)
Seat 4: Adrel folded before Flop (didn't bet)
Seat 5: cappiiieee folded before Flop (didn't bet)
Seat 6: Boomgah (button) collected ($0.05)
Seat 7: infiniti888 (small blind) folded before Flop
Seat 8: SHAH175 (big blind) folded before Flop
Seat 9: Dorex2007 folded before Flop (didn't bet)



PokerStars Hand #233395259735:  Hold'em No Limit ($0.01/$0.02 USD) - 2022/01/22 20:17:34 PT [2022/01/22 23:17:34 ET]
Table 'Ennomos III' 9-max Seat #7 is the button
Seat 1: korgivvostorge ($1.94 in chips) 
Seat 2: cukka ($0.53 in chips) 
Seat 3: AlexandreOFS ($3.37 in chips) 
Seat 4: Adrel ($1.46 in chips) 
Seat 5: cappiiieee ($2.41 in chips) 
Seat 6: Boomgah ($2.23 in chips) 
Seat 7: infiniti888 ($1.95 in chips) 
Seat 8: SHAH175 ($1.47 in chips) 
Seat 9: Dorex2007 ($2.13 in chips) 
SHAH175: posts small blind $0.01
Dorex2007: posts big blind $0.02
*** HOLE CARDS ***
Dealt to Dorex2007 [5s Jh]
korgivvostorge: raises $0.02 to $0.04
cukka: folds 
AlexandreOFS: folds 
Adrel: calls $0.04
cappiiieee: folds 
Boomgah: folds 
infiniti888: folds 
SHAH175: folds 
Dorex2007: folds 
*** FLOP *** [9s Jd 4h]
korgivvostorge: bets $0.06
Adrel: folds 
Uncalled bet ($0.06) returned to korgivvostorge
korgivvostorge collected $0.11 from pot
*** SUMMARY ***
Total pot $0.11 | Rake $0 
Board [9s Jd 4h]
Seat 1: korgivvostorge collected ($0.11)
Seat 2: cukka folded before Flop (didn't bet)
Seat 3: AlexandreOFS folded before Flop (didn't bet)
Seat 4: Adrel folded on the Flop
Seat 5: cappiiieee folded before Flop (didn't bet)
Seat 6: Boomgah folded before Flop (didn't bet)
Seat 7: infiniti888 (button) folded before Flop (didn't bet)
Seat 8: SHAH175 (small blind) folded before Flop
Seat 9: Dorex2007 (big blind) folded before Flop



PokerStars Hand #233395268333:  Hold'em No Limit ($0.01/$0.02 USD) - 2022/01/22 20:18:16 PT [2022/01/22 23:18:16 ET]
Table 'Ennomos III' 9-max Seat #8 is the button
Seat 1: korgivvostorge ($2.01 in chips) 
Seat 2: cukka ($0.53 in chips) 
Seat 3: AlexandreOFS ($3.37 in chips) 
Seat 4: Adrel ($1.42 in chips) 
Seat 5: cappiiieee ($2.41 in chips) 
Seat 6: Boomgah ($2.23 in chips) 
Seat 7: infiniti888 ($1.95 in chips) 
Seat 8: SHAH175 ($1.46 in chips) 
Seat 9: Dorex2007 ($2.11 in chips) 
Dorex2007: posts small blind $0.01
korgivvostorge: posts big blind $0.02
*** HOLE CARDS ***
Dealt to Dorex2007 [5d 2h]
cukka: folds 
AlexandreOFS: raises $0.02 to $0.04
Adrel: calls $0.04
cappiiieee: folds 
Boomgah: folds 
infiniti888: folds 
SHAH175: calls $0.04
Dorex2007: folds 
korgivvostorge: calls $0.02
*** FLOP *** [6s 3s Kc]
korgivvostorge: checks 
AlexandreOFS: checks 
Adrel: checks 
SHAH175: bets $0.14
korgivvostorge: calls $0.14
AlexandreOFS: folds 
Adrel: folds 
*** TURN *** [6s 3s Kc] [7d]
korgivvostorge: bets $0.22
SHAH175: calls $0.22
*** RIVER *** [6s 3s Kc 7d] [Ah]
korgivvostorge: checks 
SHAH175: bets $0.30
korgivvostorge: folds 
Uncalled bet ($0.30) returned to SHAH175
SHAH175 collected $0.86 from pot
SHAH175: doesn't show hand 
*** SUMMARY ***
Total pot $0.89 | Rake $0.03 
Board [6s 3s Kc 7d Ah]
Seat 1: korgivvostorge (big blind) folded on the River
Seat 2: cukka folded before Flop (didn't bet)
Seat 3: AlexandreOFS folded on the Flop
Seat 4: Adrel folded on the Flop
Seat 5: cappiiieee folded before Flop (didn't bet)
Seat 6: Boomgah folded before Flop (didn't bet)
Seat 7: infiniti888 folded before Flop (didn't bet)
Seat 8: SHAH175 (button) collected ($0.86)
Seat 9: Dorex2007 (small blind) folded before Flop



PokerStars Hand #233395286898:  Hold'em No Limit ($0.01/$0.02 USD) - 2022/01/22 20:19:47 PT [2022/01/22 23:19:47 ET]
Table 'Ennomos III' 9-max Seat #9 is the button
Seat 1: korgivvostorge ($1.61 in chips) 
Seat 2: cukka ($0.53 in chips) 
Seat 3: AlexandreOFS ($3.33 in chips) 
Seat 5: cappiiieee ($2.41 in chips) 
Seat 6: Boomgah ($2.23 in chips) 
Seat 7: infiniti888 ($1.95 in chips) 
Seat 8: SHAH175 ($1.92 in chips) 
Seat 9: Dorex2007 ($2.10 in chips) 
korgivvostorge: posts small blind $0.01
cukka: posts big blind $0.02
*** HOLE CARDS ***
Dealt to Dorex2007 [7s 3h]
AlexandreOFS: folds 
cappiiieee: calls $0.02
Boomgah: folds 
infiniti888: folds 
SHAH175: calls $0.02
Dorex2007: folds 
korgivvostorge: folds 
cukka: checks 
*** FLOP *** [3d Td Kd]
cukka: checks 
cappiiieee: bets $0.07
SHAH175: folds 
cukka: folds 
Uncalled bet ($0.07) returned to cappiiieee
cappiiieee collected $0.07 from pot
*** SUMMARY ***
Total pot $0.07 | Rake $0 
Board [3d Td Kd]
Seat 1: korgivvostorge (small blind) folded before Flop
Seat 2: cukka (big blind) folded on the Flop
Seat 3: AlexandreOFS folded before Flop (didn't bet)
Seat 5: cappiiieee collected ($0.07)
Seat 6: Boomgah folded before Flop (didn't bet)
Seat 7: infiniti888 folded before Flop (didn't bet)
Seat 8: SHAH175 folded on the Flop
Seat 9: Dorex2007 (button) folded before Flop (didn't bet)



PokerStars Hand #233395293305:  Hold'em No Limit ($0.01/$0.02 USD) - 2022/01/22 20:20:18 PT [2022/01/22 23:20:18 ET]
Table 'Ennomos III' 9-max Seat #1 is the button
Seat 1: korgivvostorge ($1.60 in chips) 
Seat 2: cukka ($0.51 in chips) 
Seat 3: AlexandreOFS ($3.33 in chips) 
Seat 5: cappiiieee ($2.46 in chips) 
Seat 6: Boomgah ($2.23 in chips) 
Seat 7: infiniti888 ($1.95 in chips) 
Seat 8: SHAH175 ($1.90 in chips) 
Seat 9: Dorex2007 ($2.10 in chips) 
cukka: posts small blind $0.01
AlexandreOFS: posts big blind $0.02
*** HOLE CARDS ***
Dealt to Dorex2007 [7c Ah]
cappiiieee: folds 
Boomgah: folds 
infiniti888: calls $0.02
SHAH175: folds 
Dorex2007: folds 
korgivvostorge: folds 
cukka: raises $0.04 to $0.06
AlexandreOFS: folds 
infiniti888: calls $0.04
*** FLOP *** [6h 3h 5s]
cukka: bets $0.06
infiniti888: calls $0.06
*** TURN *** [6h 3h 5s] [7d]
cukka: checks 
infiniti888: bets $0.08
cukka: folds 
Uncalled bet ($0.08) returned to infiniti888
infiniti888 collected $0.25 from pot
infiniti888: doesn't show hand 
*** SUMMARY ***
Total pot $0.26 | Rake $0.01 
Board [6h 3h 5s 7d]
Seat 1: korgivvostorge (button) folded before Flop (didn't bet)
Seat 2: cukka (small blind) folded on the Turn
Seat 3: AlexandreOFS (big blind) folded before Flop
Seat 5: cappiiieee folded before Flop (didn't bet)
Seat 6: Boomgah folded before Flop (didn't bet)
Seat 7: infiniti888 collected ($0.25)
Seat 8: SHAH175 folded before Flop (didn't bet)
Seat 9: Dorex2007 folded before Flop (didn't bet)



PokerStars Hand #233395302305:  Hold'em No Limit ($0.01/$0.02 USD) - 2022/01/22 20:21:02 PT [2022/01/22 23:21:02 ET]
Table 'Ennomos III' 9-max Seat #2 is the button
Seat 1: korgivvostorge ($1.60 in chips) 
Seat 2: cukka ($0.39 in chips) 
Seat 3: AlexandreOFS ($3.31 in chips) 
Seat 5: cappiiieee ($2.46 in chips) 
Seat 6: Boomgah ($2.23 in chips) 
Seat 7: infiniti888 ($2.08 in chips) 
Seat 8: SHAH175 ($1.90 in chips) 
Seat 9: Dorex2007 ($2.10 in chips) 
AlexandreOFS: posts small blind $0.01
cappiiieee: posts big blind $0.02
*** HOLE CARDS ***
Dealt to Dorex2007 [9s 6h]
Boomgah: folds 
infiniti888: folds 
SHAH175: calls $0.02
Dorex2007: folds 
korgivvostorge: folds 
cukka: folds 
AlexandreOFS: calls $0.01
cappiiieee: checks 
*** FLOP *** [6d 6c 5s]
AlexandreOFS: checks 
cappiiieee: checks 
SHAH175: checks 
*** TURN *** [6d 6c 5s] [As]
AlexandreOFS: checks 
cappiiieee: checks 
SHAH175: checks 
*** RIVER *** [6d 6c 5s As] [8d]
AlexandreOFS: bets $0.02
cappiiieee: folds 
SHAH175: folds 
Uncalled bet ($0.02) returned to AlexandreOFS
AlexandreOFS collected $0.06 from pot
AlexandreOFS: doesn't show hand 
*** SUMMARY ***
Total pot $0.06 | Rake $0 
Board [6d 6c 5s As 8d]
Seat 1: korgivvostorge folded before Flop (didn't bet)
Seat 2: cukka (button) folded before Flop (didn't bet)
Seat 3: AlexandreOFS (small blind) collected ($0.06)
Seat 5: cappiiieee (big blind) folded on the River
Seat 6: Boomgah folded before Flop (didn't bet)
Seat 7: infiniti888 folded before Flop (didn't bet)
Seat 8: SHAH175 folded on the River
Seat 9: Dorex2007 folded before Flop (didn't bet)



PokerStars Hand #233395313064:  Hold'em No Limit ($0.01/$0.02 USD) - 2022/01/22 20:21:55 PT [2022/01/22 23:21:55 ET]
Table 'Ennomos III' 9-max Seat #3 is the button
Seat 1: korgivvostorge ($1.60 in chips) 
Seat 2: cukka ($0.39 in chips) 
Seat 3: AlexandreOFS ($3.35 in chips) 
Seat 5: cappiiieee ($2.44 in chips) 
Seat 6: Boomgah ($2.23 in chips) 
Seat 7: infiniti888 ($2.08 in chips) 
Seat 8: SHAH175 ($1.88 in chips) 
Seat 9: Dorex2007 ($2.10 in chips) 
cappiiieee: posts small blind $0.01
Boomgah: posts big blind $0.02
*** HOLE CARDS ***
Dealt to Dorex2007 [6d 2s]
infiniti888: folds 
SHAH175: calls $0.02
Dorex2007: folds 
korgivvostorge: folds 
cukka: raises $0.07 to $0.09
AlexandreOFS: folds 
cappiiieee: folds 
Boomgah: folds 
SHAH175: folds 
Uncalled bet ($0.07) returned to cukka
cukka collected $0.07 from pot
cukka: doesn't show hand 
*** SUMMARY ***
Total pot $0.07 | Rake $0 
Seat 1: korgivvostorge folded before Flop (didn't bet)
Seat 2: cukka collected ($0.07)
Seat 3: AlexandreOFS (button) folded before Flop (didn't bet)
Seat 5: cappiiieee (small blind) folded before Flop
Seat 6: Boomgah (big blind) folded before Flop
Seat 7: infiniti888 folded before Flop (didn't bet)
Seat 8: SHAH175 folded before Flop
Seat 9: Dorex2007 folded before Flop (didn't bet)



PokerStars Hand #233395319359:  Hold'em No Limit ($0.01/$0.02 USD) - 2022/01/22 20:22:26 PT [2022/01/22 23:22:26 ET]
Table 'Ennomos III' 9-max Seat #5 is the button
Seat 1: korgivvostorge ($1.60 in chips) 
Seat 2: cukka ($0.44 in chips) 
Seat 3: AlexandreOFS ($3.35 in chips) 
Seat 4: Adrel ($1.38 in chips) 
Seat 5: cappiiieee ($2.43 in chips) 
Seat 6: Boomgah ($2.21 in chips) 
Seat 7: infiniti888 ($2.08 in chips) 
Seat 8: SHAH175 ($1.86 in chips) 
Seat 9: Dorex2007 ($2.10 in chips) 
Boomgah: posts small blind $0.01
infiniti888: posts big blind $0.02
Adrel: posts small & big blinds $0.03
*** HOLE CARDS ***
Dealt to Dorex2007 [Tc 9c]
SHAH175: folds 
Dorex2007: raises $0.02 to $0.04
korgivvostorge: raises $0.06 to $0.10
cukka: folds 
AlexandreOFS: folds 
Adrel: calls $0.08
cappiiieee: folds 
Boomgah: folds 
infiniti888: folds 
Dorex2007: calls $0.06
*** FLOP *** [6c Jc 3s]
Dorex2007: checks 
korgivvostorge: bets $0.20
Adrel: folds 
Dorex2007: calls $0.20
*** TURN *** [6c Jc 3s] [8s]
Dorex2007: checks 
korgivvostorge: bets $0.47
Dorex2007: folds 
Uncalled bet ($0.47) returned to korgivvostorge
korgivvostorge collected $0.71 from pot
*** SUMMARY ***
Total pot $0.74 | Rake $0.03 
Board [6c Jc 3s 8s]
Seat 1: korgivvostorge collected ($0.71)
Seat 2: cukka folded before Flop (didn't bet)
Seat 3: AlexandreOFS folded before Flop (didn't bet)
Seat 4: Adrel folded on the Flop
Seat 5: cappiiieee (button) folded before Flop (didn't bet)
Seat 6: Boomgah (small blind) folded before Flop
Seat 7: infiniti888 (big blind) folded before Flop
Seat 8: SHAH175 folded before Flop (didn't bet)
Seat 9: Dorex2007 folded on the Turn



PokerStars Hand #233395342013:  Hold'em No Limit ($0.01/$0.02 USD) - 2022/01/22 20:23:32 PT [2022/01/22 23:23:32 ET]
Table 'Ennomos III' 9-max Seat #6 is the button
Seat 1: korgivvostorge ($2.01 in chips) 
Seat 2: cukka ($0.44 in chips) 
Seat 3: AlexandreOFS ($3.35 in chips) 
Seat 4: Adrel ($1.27 in chips) 
Seat 5: cappiiieee ($2.43 in chips) 
Seat 6: Boomgah ($2.20 in chips) 
Seat 7: infiniti888 ($2.06 in chips) 
Seat 8: SHAH175 ($1.86 in chips) 
Seat 9: Dorex2007 ($2 in chips) 
infiniti888: posts small blind $0.01
SHAH175: posts big blind $0.02
*** HOLE CARDS ***
Dealt to Dorex2007 [Tc 9s]
Dorex2007: folds 
korgivvostorge: folds 
cukka: folds 
AlexandreOFS: folds 
Adrel: calls $0.02
cappiiieee: folds 
Boomgah: raises $0.06 to $0.08
infiniti888: folds 
SHAH175: folds 
Adrel: calls $0.06
*** FLOP *** [7c 5c 9d]
Adrel: checks 
Boomgah: checks 
*** TURN *** [7c 5c 9d] [4h]
Adrel: checks 
Boomgah: checks 
*** RIVER *** [7c 5c 9d 4h] [9h]
Adrel: checks 
Boomgah: checks 
*** SHOW DOWN ***
Adrel: shows [Jh As] (a pair of Nines)
Boomgah: mucks hand 
Adrel collected $0.18 from pot
*** SUMMARY ***
Total pot $0.19 | Rake $0.01 
Board [7c 5c 9d 4h 9h]
Seat 1: korgivvostorge folded before Flop (didn't bet)
Seat 2: cukka folded before Flop (didn't bet)
Seat 3: AlexandreOFS folded before Flop (didn't bet)
Seat 4: Adrel showed [Jh As] and won ($0.18) with a pair of Nines
Seat 5: cappiiieee folded before Flop (didn't bet)
Seat 6: Boomgah (button) mucked [Qs Js]
Seat 7: infiniti888 (small blind) folded before Flop
Seat 8: SHAH175 (big blind) folded before Flop
Seat 9: Dorex2007 folded before Flop (didn't bet)



PokerStars Hand #233395359966:  Hold'em No Limit ($0.01/$0.02 USD) - 2022/01/22 20:24:25 PT [2022/01/22 23:24:25 ET]
Table 'Ennomos III' 9-max Seat #7 is the button
Seat 1: korgivvostorge ($2.01 in chips) 
Seat 2: cukka ($0.44 in chips) 
Seat 3: AlexandreOFS ($3.35 in chips) 
Seat 4: Adrel ($1.37 in chips) 
Seat 5: cappiiieee ($2.43 in chips) 
Seat 6: Boomgah ($2.12 in chips) 
Seat 7: infiniti888 ($2.05 in chips) 
Seat 8: SHAH175 ($1.84 in chips) 
Seat 9: Dorex2007 ($2 in chips) 
SHAH175: posts small blind $0.01
Dorex2007: posts big blind $0.02
*** HOLE CARDS ***
Dealt to Dorex2007 [6h Kd]
korgivvostorge: folds 
cukka: raises $0.06 to $0.08
AlexandreOFS: folds 
Adrel: folds 
cappiiieee: folds 
Boomgah: folds 
infiniti888: folds 
SHAH175: calls $0.07
Dorex2007: folds 
*** FLOP *** [Th 5s Qc]
SHAH175: checks 
cukka: bets $0.06
SHAH175: calls $0.06
*** TURN *** [Th 5s Qc] [2d]
SHAH175: checks 
cukka: bets $0.30 and is all-in
SHAH175: calls $0.30
*** RIVER *** [Th 5s Qc 2d] [Ad]
*** SHOW DOWN ***
SHAH175: shows [Jc Js] (a pair of Jacks)
cukka: shows [5h 5c] (three of a kind, Fives)
cukka collected $0.87 from pot
*** SUMMARY ***
Total pot $0.90 | Rake $0.03 
Board [Th 5s Qc 2d Ad]
Seat 1: korgivvostorge folded before Flop (didn't bet)
Seat 2: cukka showed [5h 5c] and won ($0.87) with three of a kind, Fives
Seat 3: AlexandreOFS folded before Flop (didn't bet)
Seat 4: Adrel folded before Flop (didn't bet)
Seat 5: cappiiieee folded before Flop (didn't bet)
Seat 6: Boomgah folded before Flop (didn't bet)
Seat 7: infiniti888 (button) folded before Flop (didn't bet)
Seat 8: SHAH175 (small blind) showed [Jc Js] and lost with a pair of Jacks
Seat 9: Dorex2007 (big blind) folded before Flop



PokerStars Hand #233395371404:  Hold'em No Limit ($0.01/$0.02 USD) - 2022/01/22 20:25:21 PT [2022/01/22 23:25:21 ET]
Table 'Ennomos III' 9-max Seat #8 is the button
Seat 1: korgivvostorge ($2.01 in chips) 
Seat 2: cukka ($0.87 in chips) 
Seat 3: AlexandreOFS ($3.35 in chips) 
Seat 4: Adrel ($1.37 in chips) 
Seat 5: cappiiieee ($2.43 in chips) 
Seat 6: Boomgah ($2.12 in chips) 
Seat 7: infiniti888 ($2.05 in chips) 
Seat 8: SHAH175 ($1.40 in chips) 
Seat 9: Dorex2007 ($2 in chips) 
Dorex2007: posts small blind $0.01
korgivvostorge: posts big blind $0.02
*** HOLE CARDS ***
Dealt to Dorex2007 [As 6h]
cukka: folds 
AlexandreOFS: folds 
Adrel: calls $0.02
cappiiieee: raises $0.04 to $0.06
Boomgah: folds 
infiniti888: folds 
SHAH175: folds 
Dorex2007: folds 
korgivvostorge: calls $0.04
Adrel: calls $0.04
*** FLOP *** [3h 5c Kc]
korgivvostorge: checks 
Adrel: bets $0.02
cappiiieee: calls $0.02
korgivvostorge: calls $0.02
*** TURN *** [3h 5c Kc] [Ts]
korgivvostorge: checks 
Adrel: bets $0.12
cappiiieee: folds 
korgivvostorge: folds 
Uncalled bet ($0.12) returned to Adrel
Adrel collected $0.24 from pot
Adrel: doesn't show hand 
*** SUMMARY ***
Total pot $0.25 | Rake $0.01 
Board [3h 5c Kc Ts]
Seat 1: korgivvostorge (big blind) folded on the Turn
Seat 2: cukka folded before Flop (didn't bet)
Seat 3: AlexandreOFS folded before Flop (didn't bet)
Seat 4: Adrel collected ($0.24)
Seat 5: cappiiieee folded on the Turn
Seat 6: Boomgah folded before Flop (didn't bet)
Seat 7: infiniti888 folded before Flop (didn't bet)
Seat 8: SHAH175 (button) folded before Flop (didn't bet)
Seat 9: Dorex2007 (small blind) folded before Flop



PokerStars Hand #233395383399:  Hold'em No Limit ($0.01/$0.02 USD) - 2022/01/22 20:26:19 PT [2022/01/22 23:26:19 ET]
Table 'Ennomos III' 9-max Seat #9 is the button
Seat 1: korgivvostorge ($1.93 in chips) 
Seat 2: cukka ($0.87 in chips) 
Seat 3: AlexandreOFS ($3.35 in chips) 
Seat 4: Adrel ($1.53 in chips) 
Seat 5: cappiiieee ($2.35 in chips) 
Seat 6: Boomgah ($2.12 in chips) 
Seat 7: infiniti888 ($2.05 in chips) 
Seat 8: SHAH175 ($1.40 in chips) 
Seat 9: Dorex2007 ($2 in chips) 
korgivvostorge: posts small blind $0.01
cukka: posts big blind $0.02
*** HOLE CARDS ***
Dealt to Dorex2007 [4c 5s]
AlexandreOFS: folds 
Adrel: calls $0.02
cappiiieee: folds 
Boomgah: folds 
infiniti888: folds 
SHAH175: calls $0.02
Dorex2007: folds 
korgivvostorge: raises $0.04 to $0.06
cukka: calls $0.04
Adrel: calls $0.04
SHAH175: folds 
*** FLOP *** [3h Jh 4d]
korgivvostorge: bets $0.12
cukka: calls $0.12
Adrel: folds 
*** TURN *** [3h Jh 4d] [4h]
korgivvostorge: bets $0.12
cukka: calls $0.12
*** RIVER *** [3h Jh 4d 4h] [6h]
korgivvostorge: checks 
cukka: bets $0.57 and is all-in
korgivvostorge: folds 
Uncalled bet ($0.57) returned to cukka
cukka collected $0.66 from pot
cukka: doesn't show hand 
*** SUMMARY ***
Total pot $0.68 | Rake $0.02 
Board [3h Jh 4d 4h 6h]
Seat 1: korgivvostorge (small blind) folded on the River
Seat 2: cukka (big blind) collected ($0.66)
Seat 3: AlexandreOFS folded before Flop (didn't bet)
Seat 4: Adrel folded on the Flop
Seat 5: cappiiieee folded before Flop (didn't bet)
Seat 6: Boomgah folded before Flop (didn't bet)
Seat 7: infiniti888 folded before Flop (didn't bet)
Seat 8: SHAH175 folded before Flop
Seat 9: Dorex2007 (button) folded before Flop (didn't bet)



PokerStars Hand #233395400392:  Hold'em No Limit ($0.01/$0.02 USD) - 2022/01/22 20:27:43 PT [2022/01/22 23:27:43 ET]
Table 'Ennomos III' 9-max Seat #1 is the button
Seat 1: korgivvostorge ($1.63 in chips) 
Seat 2: cukka ($1.23 in chips) 
Seat 3: AlexandreOFS ($3.35 in chips) 
Seat 4: Adrel ($1.47 in chips) 
Seat 5: cappiiieee ($2.35 in chips) 
Seat 6: Boomgah ($2.12 in chips) 
Seat 7: infiniti888 ($2.05 in chips) 
Seat 8: SHAH175 ($1.38 in chips) 
Seat 9: Dorex2007 ($2 in chips) 
cukka: posts small blind $0.01
AlexandreOFS: posts big blind $0.02
*** HOLE CARDS ***
Dealt to Dorex2007 [8s 4h]
Adrel: calls $0.02
cappiiieee: folds 
Boomgah: folds 
infiniti888: folds 
SHAH175: calls $0.02
Dorex2007: folds 
korgivvostorge: folds 
cappiiieee leaves the table
cukka: raises $0.08 to $0.10
AlexandreOFS: folds 
Adrel: folds 
SHAH175: calls $0.08
*** FLOP *** [3h Ah Kc]
cukka: bets $0.06
SHAH175: folds 
Uncalled bet ($0.06) returned to cukka
cukka collected $0.23 from pot
cukka: doesn't show hand 
*** SUMMARY ***
Total pot $0.24 | Rake $0.01 
Board [3h Ah Kc]
Seat 1: korgivvostorge (button) folded before Flop (didn't bet)
Seat 2: cukka (small blind) collected ($0.23)
Seat 3: AlexandreOFS (big blind) folded before Flop
Seat 4: Adrel folded before Flop
Seat 5: cappiiieee folded before Flop (didn't bet)
Seat 6: Boomgah folded before Flop (didn't bet)
Seat 7: infiniti888 folded before Flop (didn't bet)
Seat 8: SHAH175 folded on the Flop
Seat 9: Dorex2007 folded before Flop (didn't bet)



PokerStars Hand #233395411721:  Hold'em No Limit ($0.01/$0.02 USD) - 2022/01/22 20:28:38 PT [2022/01/22 23:28:38 ET]
Table 'Ennomos III' 9-max Seat #2 is the button
Seat 2: cukka ($1.36 in chips) 
Seat 3: AlexandreOFS ($3.33 in chips) 
Seat 4: Adrel ($1.45 in chips) 
Seat 6: Boomgah ($2.12 in chips) 
Seat 7: infiniti888 ($2.05 in chips) 
Seat 8: SHAH175 ($1.28 in chips) 
Seat 9: Dorex2007 ($2 in chips) 
AlexandreOFS: posts small blind $0.01
Adrel: posts big blind $0.02
*** HOLE CARDS ***
Dealt to Dorex2007 [3s 8h]
Boomgah: folds 
infiniti888: folds 
SHAH175: folds 
Dorex2007: folds 
cukka: calls $0.02
AlexandreOFS: calls $0.01
Adrel: checks 
*** FLOP *** [Kd Qs 4c]
AlexandreOFS: checks 
Adrel: checks 
cukka: bets $0.06
ghostlider joins the table at seat #5 
AlexandreOFS: calls $0.06
Adrel: folds 
*** TURN *** [Kd Qs 4c] [4d]
AlexandreOFS: checks 
cukka: checks 
*** RIVER *** [Kd Qs 4c 4d] [9h]
AlexandreOFS: bets $0.17
Adrel leaves the table
cukka: calls $0.17
*** SHOW DOWN ***
AlexandreOFS: shows [Kc 9s] (two pair, Kings and Nines)
cukka: shows [Qh Ks] (two pair, Kings and Queens)
cukka collected $0.50 from pot
*** SUMMARY ***
Total pot $0.52 | Rake $0.02 
Board [Kd Qs 4c 4d 9h]
Seat 2: cukka (button) showed [Qh Ks] and won ($0.50) with two pair, Kings and Queens
Seat 3: AlexandreOFS (small blind) showed [Kc 9s] and lost with two pair, Kings and Nines
Seat 4: Adrel (big blind) folded on the Flop
Seat 6: Boomgah folded before Flop (didn't bet)
Seat 7: infiniti888 folded before Flop (didn't bet)
Seat 8: SHAH175 folded before Flop (didn't bet)
Seat 9: Dorex2007 folded before Flop (didn't bet)



PokerStars Hand #233395422954:  Hold'em No Limit ($0.01/$0.02 USD) - 2022/01/22 20:29:32 PT [2022/01/22 23:29:32 ET]
Table 'Ennomos III' 9-max Seat #3 is the button
Seat 2: cukka ($1.61 in chips) 
Seat 3: AlexandreOFS ($3.08 in chips) 
Seat 6: Boomgah ($2.12 in chips) 
Seat 7: infiniti888 ($2.05 in chips) 
Seat 8: SHAH175 ($1.28 in chips) 
Seat 9: Dorex2007 ($2 in chips) 
Boomgah: posts small blind $0.01
infiniti888: posts big blind $0.02
*** HOLE CARDS ***
Dealt to Dorex2007 [Qc Js]
SHAH175: calls $0.02
Dorex2007: calls $0.02
shohei-s joins the table at seat #4 
cukka: calls $0.02
AlexandreOFS: calls $0.02
Boomgah: raises $0.10 to $0.12
infiniti888: folds 
SHAH175: calls $0.10
Dorex2007: folds 
cukka: calls $0.10
AlexandreOFS: calls $0.10
*** FLOP *** [Td 9h 5d]
Boomgah: bets $0.25
SHAH175: folds 
cukka: calls $0.25
AlexandreOFS: calls $0.25
*** TURN *** [Td 9h 5d] [As]
Boomgah: checks 
cukka: checks 
AlexandreOFS: bets $0.46
Boomgah: calls $0.46
cukka: folds 
*** RIVER *** [Td 9h 5d As] [Jc]
Boomgah: checks 
AlexandreOFS: bets $2.25 and is all-in
Boomgah: calls $1.29 and is all-in
Uncalled bet ($0.96) returned to AlexandreOFS
*** SHOW DOWN ***
AlexandreOFS: shows [Qs Tc] (a pair of Tens)
Boomgah: shows [Jh Ad] (two pair, Aces and Jacks)
Boomgah collected $4.60 from pot
*** SUMMARY ***
Total pot $4.77 | Rake $0.17 
Board [Td 9h 5d As Jc]
Seat 2: cukka folded on the Turn
Seat 3: AlexandreOFS (button) showed [Qs Tc] and lost with a pair of Tens
Seat 6: Boomgah (small blind) showed [Jh Ad] and won ($4.60) with two pair, Aces and Jacks
Seat 7: infiniti888 (big blind) folded before Flop
Seat 8: SHAH175 folded on the Flop
Seat 9: Dorex2007 folded before Flop



PokerStars Hand #233395450135:  Hold'em No Limit ($0.01/$0.02 USD) - 2022/01/22 20:31:47 PT [2022/01/22 23:31:47 ET]
Table 'Ennomos III' 9-max Seat #6 is the button
Seat 1: korgivvostorge ($1.63 in chips) 
Seat 2: cukka ($1.24 in chips) 
Seat 3: AlexandreOFS ($0.96 in chips) 
Seat 4: shohei-s ($2 in chips) 
Seat 5: ghostlider ($0.80 in chips) 
Seat 6: Boomgah ($4.60 in chips) 
Seat 7: infiniti888 ($2.03 in chips) 
Seat 8: SHAH175 ($1.16 in chips) 
Seat 9: Dorex2007 ($2 in chips) 
infiniti888: posts small blind $0.01
SHAH175: posts big blind $0.02
shohei-s: posts big blind $0.02
ghostlider: posts big blind $0.02
*** HOLE CARDS ***
Dealt to Dorex2007 [Th 2h]
Dorex2007 has timed out
Dorex2007: folds 
korgivvostorge: folds 
cukka: raises $0.04 to $0.06
AlexandreOFS: folds 
korgivvostorge leaves the table
eesus421 joins the table at seat #1 
shohei-s: calls $0.04
ghostlider: folds 
Boomgah: folds 
infiniti888: raises $1.97 to $2.03 and is all-in
SHAH175: folds 
cukka: folds 
shohei-s: folds 
Uncalled bet ($1.97) returned to infiniti888
infiniti888 collected $0.22 from pot
infiniti888: doesn't show hand 
*** SUMMARY ***
Total pot $0.22 | Rake $0 
Seat 1: korgivvostorge folded before Flop (didn't bet)
Seat 2: cukka folded before Flop
Seat 3: AlexandreOFS folded before Flop (didn't bet)
Seat 4: shohei-s folded before Flop
Seat 5: ghostlider folded before Flop (didn't bet)
Seat 6: Boomgah (button) folded before Flop (didn't bet)
Seat 7: infiniti888 (small blind) collected ($0.22)
Seat 8: SHAH175 (big blind) folded before Flop
Seat 9: Dorex2007 folded before Flop (didn't bet)



PokerStars Hand #233395458073:  Hold'em No Limit ($0.01/$0.02 USD) - 2022/01/22 20:32:26 PT [2022/01/22 23:32:26 ET]
Table 'Ennomos III' 9-max Seat #7 is the button
Seat 2: cukka ($1.18 in chips) 
Seat 3: AlexandreOFS ($0.96 in chips) 
Seat 4: shohei-s ($1.94 in chips) 
Seat 5: ghostlider ($0.78 in chips) 
Seat 6: Boomgah ($4.60 in chips) 
Seat 7: infiniti888 ($2.19 in chips) 
Seat 8: SHAH175 ($1.14 in chips) 
Seat 9: Dorex2007 ($2 in chips) 
SHAH175: posts small blind $0.01
Dorex2007: posts big blind $0.02
eesus421: sits out 
*** HOLE CARDS ***
Dealt to Dorex2007 [Qs 2d]
cukka: folds 
AlexandreOFS: raises $0.94 to $0.96 and is all-in
shohei-s: folds 
ghostlider: folds 
Boomgah: folds 
infiniti888: folds 
SHAH175: folds 
Dorex2007: folds 
Uncalled bet ($0.94) returned to AlexandreOFS
AlexandreOFS collected $0.05 from pot
AlexandreOFS: doesn't show hand 
*** SUMMARY ***
Total pot $0.05 | Rake $0 
Seat 2: cukka folded before Flop (didn't bet)
Seat 3: AlexandreOFS collected ($0.05)
Seat 4: shohei-s folded before Flop (didn't bet)
Seat 5: ghostlider folded before Flop (didn't bet)
Seat 6: Boomgah folded before Flop (didn't bet)
Seat 7: infiniti888 (button) folded before Flop (didn't bet)
Seat 8: SHAH175 (small blind) folded before Flop
Seat 9: Dorex2007 (big blind) folded before Flop



PokerStars Hand #233395461781:  Hold'em No Limit ($0.01/$0.02 USD) - 2022/01/22 20:32:44 PT [2022/01/22 23:32:44 ET]
Table 'Ennomos III' 9-max Seat #8 is the button
Seat 1: eesus421 ($1.98 in chips) 
Seat 2: cukka ($1.18 in chips) 
Seat 3: AlexandreOFS ($0.99 in chips) 
Seat 4: shohei-s ($1.94 in chips) 
Seat 5: ghostlider ($0.78 in chips) 
Seat 6: Boomgah ($4.60 in chips) 
Seat 7: infiniti888 ($2.19 in chips) 
Seat 8: SHAH175 ($1.13 in chips) 
Seat 9: Dorex2007 ($2 in chips) 
Dorex2007: posts small blind $0.01
eesus421: posts big blind $0.02
*** HOLE CARDS ***
Dealt to Dorex2007 [2h 7c]
cukka: calls $0.02
AlexandreOFS: folds 
shohei-s: folds 
ghostlider: folds 
Boomgah: raises $0.06 to $0.08
infiniti888: folds 
SHAH175: raises $0.24 to $0.32
Dorex2007: folds 
eesus421: folds 
cukka: folds 
Boomgah: folds 
Uncalled bet ($0.24) returned to SHAH175
SHAH175 collected $0.21 from pot
SHAH175: doesn't show hand 
*** SUMMARY ***
Total pot $0.21 | Rake $0 
Seat 1: eesus421 (big blind) folded before Flop
Seat 2: cukka folded before Flop
Seat 3: AlexandreOFS folded before Flop (didn't bet)
Seat 4: shohei-s folded before Flop (didn't bet)
Seat 5: ghostlider folded before Flop (didn't bet)
Seat 6: Boomgah folded before Flop
Seat 7: infiniti888 folded before Flop (didn't bet)
Seat 8: SHAH175 (button) collected ($0.21)
Seat 9: Dorex2007 (small blind) folded before Flop



PokerStars Hand #233395468826:  Hold'em No Limit ($0.01/$0.02 USD) - 2022/01/22 20:33:19 PT [2022/01/22 23:33:19 ET]
Table 'Ennomos III' 9-max Seat #9 is the button
Seat 1: eesus421 ($1.96 in chips) 
Seat 2: cukka ($1.16 in chips) 
Seat 3: AlexandreOFS ($0.99 in chips) 
Seat 4: shohei-s ($1.94 in chips) 
Seat 5: ghostlider ($0.78 in chips) 
Seat 6: Boomgah ($4.52 in chips) 
Seat 7: infiniti888 ($2.19 in chips) 
Seat 8: SHAH175 ($1.26 in chips) 
Seat 9: Dorex2007 ($2 in chips) 
eesus421: posts small blind $0.01
cukka: posts big blind $0.02
*** HOLE CARDS ***
Dealt to Dorex2007 [5h 9c]
AlexandreOFS: folds 
shohei-s: folds 
ghostlider: raises $0.05 to $0.07
Boomgah: folds 
infiniti888: folds 
SHAH175: folds 
Dorex2007: folds 
eesus421: folds 
cukka: folds 
Uncalled bet ($0.05) returned to ghostlider
ghostlider collected $0.05 from pot
ghostlider: doesn't show hand 
*** SUMMARY ***
Total pot $0.05 | Rake $0 
Seat 1: eesus421 (small blind) folded before Flop
Seat 2: cukka (big blind) folded before Flop
Seat 3: AlexandreOFS folded before Flop (didn't bet)
Seat 4: shohei-s folded before Flop (didn't bet)
Seat 5: ghostlider collected ($0.05)
Seat 6: Boomgah folded before Flop (didn't bet)
Seat 7: infiniti888 folded before Flop (didn't bet)
Seat 8: SHAH175 folded before Flop (didn't bet)
Seat 9: Dorex2007 (button) folded before Flop (didn't bet)



PokerStars Hand #233395472517:  Hold'em No Limit ($0.01/$0.02 USD) - 2022/01/22 20:33:37 PT [2022/01/22 23:33:37 ET]
Table 'Ennomos III' 9-max Seat #1 is the button
Seat 1: eesus421 ($1.95 in chips) 
Seat 2: cukka ($1.14 in chips) 
Seat 3: AlexandreOFS ($0.99 in chips) 
Seat 4: shohei-s ($1.94 in chips) 
Seat 5: ghostlider ($0.81 in chips) 
Seat 6: Boomgah ($4.52 in chips) 
Seat 7: infiniti888 ($2.19 in chips) 
Seat 8: SHAH175 ($1.26 in chips) 
Seat 9: Dorex2007 ($2 in chips) 
cukka: posts small blind $0.01
AlexandreOFS: posts big blind $0.02
*** HOLE CARDS ***
Dealt to Dorex2007 [Jh 2s]
shohei-s: folds 
ghostlider: folds 
Boomgah: folds 
infiniti888: folds 
SHAH175: calls $0.02
Dorex2007: folds 
eesus421: folds 
cukka: calls $0.01
AlexandreOFS: checks 
*** FLOP *** [7h 4c Th]
cukka: checks 
AlexandreOFS: checks 
SHAH175: checks 
*** TURN *** [7h 4c Th] [Ac]
cukka: checks 
AlexandreOFS: checks 
SHAH175: bets $0.10
cukka: folds 
AlexandreOFS: folds 
Uncalled bet ($0.10) returned to SHAH175
SHAH175 collected $0.06 from pot
SHAH175: doesn't show hand 
*** SUMMARY ***
Total pot $0.06 | Rake $0 
Board [7h 4c Th Ac]
Seat 1: eesus421 (button) folded before Flop (didn't bet)
Seat 2: cukka (small blind) folded on the Turn
Seat 3: AlexandreOFS (big blind) folded on the Turn
Seat 4: shohei-s folded before Flop (didn't bet)
Seat 5: ghostlider folded before Flop (didn't bet)
Seat 6: Boomgah folded before Flop (didn't bet)
Seat 7: infiniti888 folded before Flop (didn't bet)
Seat 8: SHAH175 collected ($0.06)
Seat 9: Dorex2007 folded before Flop (didn't bet)



PokerStars Hand #233395489297:  Hold'em No Limit ($0.01/$0.02 USD) - 2022/01/22 20:35:00 PT [2022/01/22 23:35:00 ET]
Table 'Ennomos III' 9-max Seat #2 is the button
Seat 1: eesus421 ($1.95 in chips) 
Seat 2: cukka ($1.12 in chips) 
Seat 3: AlexandreOFS ($0.97 in chips) 
Seat 4: shohei-s ($1.94 in chips) 
Seat 5: ghostlider ($0.81 in chips) 
Seat 6: Boomgah ($4.52 in chips) 
Seat 7: infiniti888 ($2.19 in chips) 
Seat 8: SHAH175 ($1.30 in chips) 
Seat 9: Dorex2007 ($2 in chips) 
AlexandreOFS: posts small blind $0.01
shohei-s: posts big blind $0.02
*** HOLE CARDS ***
Dealt to Dorex2007 [Td 9s]
ghostlider: folds 
Boomgah: folds 
infiniti888: folds 
SHAH175: folds 
Dorex2007: folds 
eesus421: folds 
cukka: folds 
AlexandreOFS: folds 
Uncalled bet ($0.01) returned to shohei-s
shohei-s collected $0.02 from pot
shohei-s: doesn't show hand 
*** SUMMARY ***
Total pot $0.02 | Rake $0 
Seat 1: eesus421 folded before Flop (didn't bet)
Seat 2: cukka (button) folded before Flop (didn't bet)
Seat 3: AlexandreOFS (small blind) folded before Flop
Seat 4: shohei-s (big blind) collected ($0.02)
Seat 5: ghostlider folded before Flop (didn't bet)
Seat 6: Boomgah folded before Flop (didn't bet)
Seat 7: infiniti888 folded before Flop (didn't bet)
Seat 8: SHAH175 folded before Flop (didn't bet)
Seat 9: Dorex2007 folded before Flop (didn't bet)



PokerStars Hand #233395492166:  Hold'em No Limit ($0.01/$0.02 USD) - 2022/01/22 20:35:15 PT [2022/01/22 23:35:15 ET]
Table 'Ennomos III' 9-max Seat #3 is the button
Seat 1: eesus421 ($1.95 in chips) 
Seat 2: cukka ($1.12 in chips) 
Seat 3: AlexandreOFS ($0.96 in chips) 
Seat 4: shohei-s ($1.95 in chips) 
Seat 5: ghostlider ($0.81 in chips) 
Seat 6: Boomgah ($4.52 in chips) 
Seat 7: infiniti888 ($2.19 in chips) 
Seat 8: SHAH175 ($1.30 in chips) 
Seat 9: Dorex2007 ($2 in chips) 
shohei-s: posts small blind $0.01
ghostlider: posts big blind $0.02
*** HOLE CARDS ***
Dealt to Dorex2007 [Qd 4c]
Boomgah: folds 
infiniti888: folds 
Boomgah leaves the table
SHAH175: calls $0.02
Dorex2007: folds 
eesus421: folds 
cukka: calls $0.02
AlexandreOFS: folds 
shohei-s: folds 
ghostlider: checks 
*** FLOP *** [6d 6h Ac]
leizy1986 joins the table at seat #6 
ghostlider: checks 
SHAH175: checks 
cukka: bets $0.07
ghostlider: folds 
SHAH175: folds 
Uncalled bet ($0.07) returned to cukka
cukka collected $0.07 from pot
cukka: doesn't show hand 
*** SUMMARY ***
Total pot $0.07 | Rake $0 
Board [6d 6h Ac]
Seat 1: eesus421 folded before Flop (didn't bet)
Seat 2: cukka collected ($0.07)
Seat 3: AlexandreOFS (button) folded before Flop (didn't bet)
Seat 4: shohei-s (small blind) folded before Flop
Seat 5: ghostlider (big blind) folded on the Flop
Seat 6: Boomgah folded before Flop (didn't bet)
Seat 7: infiniti888 folded before Flop (didn't bet)
Seat 8: SHAH175 folded on the Flop
Seat 9: Dorex2007 folded before Flop (didn't bet)



PokerStars Hand #233395498075:  Hold'em No Limit ($0.01/$0.02 USD) - 2022/01/22 20:35:44 PT [2022/01/22 23:35:44 ET]
Table 'Ennomos III' 9-max Seat #4 is the button
Seat 1: eesus421 ($1.95 in chips) 
Seat 2: cukka ($1.17 in chips) 
Seat 4: shohei-s ($1.94 in chips) 
Seat 5: ghostlider ($0.79 in chips) 
Seat 6: leizy1986 ($1.26 in chips) 
Seat 7: infiniti888 ($2.19 in chips) 
Seat 8: SHAH175 ($1.28 in chips) 
Seat 9: Dorex2007 ($2 in chips) 
ghostlider: posts small blind $0.01
leizy1986: posts big blind $0.02
*** HOLE CARDS ***
Dealt to Dorex2007 [8c 7c]
infiniti888: folds 
SHAH175: folds 
Dorex2007: raises $0.02 to $0.04
eesus421: folds 
cukka: folds 
shohei-s: folds 
ghostlider: folds 
leizy1986: calls $0.02
*** FLOP *** [Qs 6d 6c]
leizy1986: checks 
Dorex2007: checks 
*** TURN *** [Qs 6d 6c] [Ts]
leizy1986: checks 
Dorex2007: checks 
*** RIVER *** [Qs 6d 6c Ts] [Qd]
leizy1986: checks 
Dorex2007: bets $0.05
leizy1986: folds 
Uncalled bet ($0.05) returned to Dorex2007
Dorex2007 collected $0.09 from pot
Dorex2007: doesn't show hand 
*** SUMMARY ***
Total pot $0.09 | Rake $0 
Board [Qs 6d 6c Ts Qd]
Seat 1: eesus421 folded before Flop (didn't bet)
Seat 2: cukka folded before Flop (didn't bet)
Seat 4: shohei-s (button) folded before Flop (didn't bet)
Seat 5: ghostlider (small blind) folded before Flop
Seat 6: leizy1986 (big blind) folded on the River
Seat 7: infiniti888 folded before Flop (didn't bet)
Seat 8: SHAH175 folded before Flop (didn't bet)
Seat 9: Dorex2007 collected ($0.09)



PokerStars Hand #233395504428:  Hold'em No Limit ($0.01/$0.02 USD) - 2022/01/22 20:36:15 PT [2022/01/22 23:36:15 ET]
Table 'Ennomos III' 9-max Seat #5 is the button
Seat 1: eesus421 ($1.95 in chips) 
Seat 2: cukka ($1.17 in chips) 
Seat 4: shohei-s ($1.94 in chips) 
Seat 5: ghostlider ($0.78 in chips) 
Seat 6: leizy1986 ($1.22 in chips) 
Seat 7: infiniti888 ($2.19 in chips) 
Seat 8: SHAH175 ($1.28 in chips) 
Seat 9: Dorex2007 ($2.05 in chips) 
leizy1986: posts small blind $0.01
infiniti888: posts big blind $0.02
*** HOLE CARDS ***
Dealt to Dorex2007 [7d Js]
SHAH175: folds 
Dorex2007: folds 
eesus421: folds 
cukka: folds 
shohei-s: folds 
ghostlider: folds 
leizy1986: calls $0.01
infiniti888: checks 
*** FLOP *** [8h 3s Jc]
leizy1986: checks 
infiniti888: checks 
*** TURN *** [8h 3s Jc] [6c]
leizy1986: checks 
eesus421 leaves the table
infiniti888: checks 
*** RIVER *** [8h 3s Jc 6c] [As]
leizy1986: bets $0.02
infiniti888: folds 
Uncalled bet ($0.02) returned to leizy1986
leizy1986 collected $0.04 from pot
*** SUMMARY ***
Total pot $0.04 | Rake $0 
Board [8h 3s Jc 6c As]
Seat 1: eesus421 folded before Flop (didn't bet)
Seat 2: cukka folded before Flop (didn't bet)
Seat 4: shohei-s folded before Flop (didn't bet)
Seat 5: ghostlider (button) folded before Flop (didn't bet)
Seat 6: leizy1986 (small blind) collected ($0.04)
Seat 7: infiniti888 (big blind) folded on the River
Seat 8: SHAH175 folded before Flop (didn't bet)
Seat 9: Dorex2007 folded before Flop (didn't bet)



PokerStars Hand #233395517160:  Hold'em No Limit ($0.01/$0.02 USD) - 2022/01/22 20:37:18 PT [2022/01/22 23:37:18 ET]
Table 'Ennomos III' 9-max Seat #6 is the button
Seat 2: cukka ($1.17 in chips) 
Seat 3: AlexandreOFS ($0.96 in chips) 
Seat 4: shohei-s ($1.94 in chips) 
Seat 5: ghostlider ($0.78 in chips) 
Seat 6: leizy1986 ($1.24 in chips) 
Seat 7: infiniti888 ($2.17 in chips) 
Seat 8: SHAH175 ($1.28 in chips) 
Seat 9: Dorex2007 ($2.05 in chips) 
infiniti888: posts small blind $0.01
SHAH175: posts big blind $0.02
*** HOLE CARDS ***
Dealt to Dorex2007 [Qh 8d]
Dorex2007: folds 
cukka: calls $0.02
AlexandreOFS: folds 
shohei-s: raises $0.04 to $0.06
ghostlider: folds 
leizy1986: folds 
infiniti888: folds 
SHAH175: folds 
reylegna25 joins the table at seat #1 
cukka: calls $0.04
*** FLOP *** [Ks 9d Js]
cukka: checks 
shohei-s: bets $0.14
cukka: folds 
Uncalled bet ($0.14) returned to shohei-s
shohei-s collected $0.14 from pot
shohei-s: doesn't show hand 
*** SUMMARY ***
Total pot $0.15 | Rake $0.01 
Board [Ks 9d Js]
Seat 2: cukka folded on the Flop
Seat 3: AlexandreOFS folded before Flop (didn't bet)
Seat 4: shohei-s collected ($0.14)
Seat 5: ghostlider folded before Flop (didn't bet)
Seat 6: leizy1986 (button) folded before Flop (didn't bet)
Seat 7: infiniti888 (small blind) folded before Flop
Seat 8: SHAH175 (big blind) folded before Flop
Seat 9: Dorex2007 folded before Flop (didn't bet)



PokerStars Hand #233395528270:  Hold'em No Limit ($0.01/$0.02 USD) - 2022/01/22 20:38:12 PT [2022/01/22 23:38:12 ET]
Table 'Ennomos III' 9-max Seat #7 is the button
Seat 2: cukka ($1.11 in chips) 
Seat 3: AlexandreOFS ($0.96 in chips) 
Seat 4: shohei-s ($2.02 in chips) 
Seat 5: ghostlider ($0.78 in chips) 
Seat 6: leizy1986 ($1.24 in chips) 
Seat 7: infiniti888 ($2.16 in chips) 
Seat 8: SHAH175 ($1.26 in chips) 
Seat 9: Dorex2007 ($2.05 in chips) 
SHAH175: posts small blind $0.01
Dorex2007: posts big blind $0.02
reylegna25: sits out 
*** HOLE CARDS ***
Dealt to Dorex2007 [Ah 4h]
cukka: folds 
AlexandreOFS: folds 
shohei-s: folds 
ghostlider: raises $0.04 to $0.06
leizy1986: folds 
infiniti888: folds 
SHAH175: folds 
Dorex2007: calls $0.04
*** FLOP *** [8s 2s 4c]
Dorex2007: bets $0.09
ghostlider: folds 
Uncalled bet ($0.09) returned to Dorex2007
Dorex2007 collected $0.13 from pot
Dorex2007: doesn't show hand 
*** SUMMARY ***
Total pot $0.13 | Rake $0 
Board [8s 2s 4c]
Seat 2: cukka folded before Flop (didn't bet)
Seat 3: AlexandreOFS folded before Flop (didn't bet)
Seat 4: shohei-s folded before Flop (didn't bet)
Seat 5: ghostlider folded on the Flop
Seat 6: leizy1986 folded before Flop (didn't bet)
Seat 7: infiniti888 (button) folded before Flop (didn't bet)
Seat 8: SHAH175 (small blind) folded before Flop
Seat 9: Dorex2007 (big blind) collected ($0.13)



PokerStars Hand #233395533738:  Hold'em No Limit ($0.01/$0.02 USD) - 2022/01/22 20:38:39 PT [2022/01/22 23:38:39 ET]
Table 'Ennomos III' 9-max Seat #8 is the button
Seat 1: reylegna25 ($0.80 in chips) 
Seat 2: cukka ($1.11 in chips) 
Seat 3: AlexandreOFS ($0.96 in chips) 
Seat 4: shohei-s ($2.02 in chips) 
Seat 5: ghostlider ($0.72 in chips) 
Seat 6: leizy1986 ($1.24 in chips) 
Seat 7: infiniti888 ($2.16 in chips) 
Seat 8: SHAH175 ($1.25 in chips) 
Seat 9: Dorex2007 ($2.12 in chips) 
Dorex2007: posts small blind $0.01
reylegna25: posts big blind $0.02
*** HOLE CARDS ***
Dealt to Dorex2007 [4s As]
cukka: folds 
AlexandreOFS: folds 
AlexandreOFS leaves the table
shohei-s: raises $0.02 to $0.04
ghostlider: folds 
leizy1986: folds 
thulerr joins the table at seat #3 
infiniti888: folds 
SHAH175: folds 
Dorex2007: calls $0.03
reylegna25: folds 
*** FLOP *** [Ks 8s Td]
Dorex2007: bets $0.05
shohei-s: folds 
Uncalled bet ($0.05) returned to Dorex2007
Dorex2007 collected $0.10 from pot
Dorex2007: doesn't show hand 
*** SUMMARY ***
Total pot $0.10 | Rake $0 
Board [Ks 8s Td]
Seat 1: reylegna25 (big blind) folded before Flop
Seat 2: cukka folded before Flop (didn't bet)
Seat 3: AlexandreOFS folded before Flop (didn't bet)
Seat 4: shohei-s folded on the Flop
Seat 5: ghostlider folded before Flop (didn't bet)
Seat 6: leizy1986 folded before Flop (didn't bet)
Seat 7: infiniti888 folded before Flop (didn't bet)
Seat 8: SHAH175 (button) folded before Flop (didn't bet)
Seat 9: Dorex2007 (small blind) collected ($0.10)



PokerStars Hand #233395542066:  Hold'em No Limit ($0.01/$0.02 USD) - 2022/01/22 20:39:20 PT [2022/01/22 23:39:20 ET]
Table 'Ennomos III' 9-max Seat #9 is the button
Seat 1: reylegna25 ($0.78 in chips) 
Seat 2: cukka ($1.11 in chips) 
Seat 4: shohei-s ($1.98 in chips) 
Seat 5: ghostlider ($0.72 in chips) 
Seat 6: leizy1986 ($1.24 in chips) 
Seat 7: infiniti888 ($2.16 in chips) 
Seat 8: SHAH175 ($1.25 in chips) 
Seat 9: Dorex2007 ($2.18 in chips) 
reylegna25: posts small blind $0.01
cukka: posts big blind $0.02
thulerr: sits out 
*** HOLE CARDS ***
Dealt to Dorex2007 [Ks 7c]
shohei-s: raises $0.04 to $0.06
ghostlider: folds 
leizy1986: calls $0.06
infiniti888: folds 
SHAH175: folds 
Dorex2007: folds 
reylegna25: calls $0.05
cukka: folds 
*** FLOP *** [4h Js 8c]
reylegna25: bets $0.09
shohei-s: calls $0.09
leizy1986: folds 
*** TURN *** [4h Js 8c] [5c]
reylegna25: bets $0.37
shohei-s: calls $0.37
*** RIVER *** [4h Js 8c 5c] [9d]
reylegna25: checks 
shohei-s: bets $1.46 and is all-in
reylegna25: calls $0.26 and is all-in
Uncalled bet ($1.20) returned to shohei-s
*** SHOW DOWN ***
shohei-s: shows [9h Th] (a pair of Nines)
reylegna25: shows [Jh Td] (a pair of Jacks)
reylegna25 collected $1.58 from pot
*** SUMMARY ***
Total pot $1.64 | Rake $0.06 
Board [4h Js 8c 5c 9d]
Seat 1: reylegna25 (small blind) showed [Jh Td] and won ($1.58) with a pair of Jacks
Seat 2: cukka (big blind) folded before Flop
Seat 4: shohei-s showed [9h Th] and lost with a pair of Nines
Seat 5: ghostlider folded before Flop (didn't bet)
Seat 6: leizy1986 folded on the Flop
Seat 7: infiniti888 folded before Flop (didn't bet)
Seat 8: SHAH175 folded before Flop (didn't bet)
Seat 9: Dorex2007 (button) folded before Flop (didn't bet)



PokerStars Hand #233395557089:  Hold'em No Limit ($0.01/$0.02 USD) - 2022/01/22 20:40:36 PT [2022/01/22 23:40:36 ET]
Table 'Ennomos III' 9-max Seat #1 is the button
Seat 1: reylegna25 ($1.58 in chips) 
Seat 2: cukka ($1.09 in chips) 
Seat 3: thulerr ($1.32 in chips) 
Seat 4: shohei-s ($1.20 in chips) 
Seat 5: ghostlider ($0.72 in chips) 
Seat 6: leizy1986 ($1.18 in chips) 
Seat 7: infiniti888 ($2.16 in chips) 
Seat 8: SHAH175 ($1.25 in chips) 
Seat 9: Dorex2007 ($2.18 in chips) 
cukka: posts small blind $0.01
thulerr: posts big blind $0.02
*** HOLE CARDS ***
Dealt to Dorex2007 [4s 6d]
shohei-s: raises $0.04 to $0.06
ghostlider: folds 
leizy1986: calls $0.06
infiniti888: folds 
SHAH175: folds 
Dorex2007: folds 
reylegna25: folds 
cukka: folds 
thulerr: raises $0.12 to $0.18
shohei-s: calls $0.12
leizy1986: calls $0.12
*** FLOP *** [Qd 8h 9h]
thulerr: bets $0.53
shohei-s: folds 
leizy1986: folds 
Uncalled bet ($0.53) returned to thulerr
thulerr collected $0.53 from pot
thulerr: doesn't show hand 
*** SUMMARY ***
Total pot $0.55 | Rake $0.02 
Board [Qd 8h 9h]
Seat 1: reylegna25 (button) folded before Flop (didn't bet)
Seat 2: cukka (small blind) folded before Flop
Seat 3: thulerr (big blind) collected ($0.53)
Seat 4: shohei-s folded on the Flop
Seat 5: ghostlider folded before Flop (didn't bet)
Seat 6: leizy1986 folded on the Flop
Seat 7: infiniti888 folded before Flop (didn't bet)
Seat 8: SHAH175 folded before Flop (didn't bet)
Seat 9: Dorex2007 folded before Flop (didn't bet)



PokerStars Hand #233395565775:  Hold'em No Limit ($0.01/$0.02 USD) - 2022/01/22 20:41:20 PT [2022/01/22 23:41:20 ET]
Table 'Ennomos III' 9-max Seat #2 is the button
Seat 1: reylegna25 ($1.58 in chips) 
Seat 2: cukka ($1.08 in chips) 
Seat 3: thulerr ($1.67 in chips) 
Seat 4: shohei-s ($1.02 in chips) 
Seat 5: ghostlider ($0.72 in chips) 
Seat 6: leizy1986 ($1 in chips) 
Seat 7: infiniti888 ($2.16 in chips) 
Seat 8: SHAH175 ($1.25 in chips) 
Seat 9: Dorex2007 ($2.18 in chips) 
thulerr: posts small blind $0.01
shohei-s: posts big blind $0.02
*** HOLE CARDS ***
Dealt to Dorex2007 [Jd 5d]
ghostlider: folds 
leizy1986: calls $0.02
infiniti888 has timed out
infiniti888: folds 
SHAH175: calls $0.02
Dorex2007: folds 
reylegna25: folds 
cukka: folds 
thulerr: calls $0.01
shohei-s: checks 
*** FLOP *** [Ad 7s 3s]
thulerr: checks 
shohei-s: checks 
leizy1986: bets $0.04
SHAH175: calls $0.04
thulerr: calls $0.04
shohei-s: folds 
*** TURN *** [Ad 7s 3s] [9h]
thulerr: checks 
leizy1986: bets $0.10
SHAH175: calls $0.10
thulerr: calls $0.10
*** RIVER *** [Ad 7s 3s 9h] [4c]
thulerr: checks 
leizy1986: bets $0.24
SHAH175: raises $0.32 to $0.56
thulerr: raises $0.62 to $1.18
leizy1986: folds 
SHAH175: calls $0.53 and is all-in
Uncalled bet ($0.09) returned to thulerr
*** SHOW DOWN ***
thulerr: shows [6h 5c] (a straight, Three to Seven)
SHAH175: shows [6s 5s] (a straight, Three to Seven)
thulerr collected $1.41 from pot
SHAH175 collected $1.41 from pot
*** SUMMARY ***
Total pot $2.92 | Rake $0.10 
Board [Ad 7s 3s 9h 4c]
Seat 1: reylegna25 folded before Flop (didn't bet)
Seat 2: cukka (button) folded before Flop (didn't bet)
Seat 3: thulerr (small blind) showed [6h 5c] and won ($1.41) with a straight, Three to Seven
Seat 4: shohei-s (big blind) folded on the Flop
Seat 5: ghostlider folded before Flop (didn't bet)
Seat 6: leizy1986 folded on the River
Seat 7: infiniti888 folded before Flop (didn't bet)
Seat 8: SHAH175 showed [6s 5s] and won ($1.41) with a straight, Three to Seven
Seat 9: Dorex2007 folded before Flop (didn't bet)



PokerStars Hand #233395584006:  Hold'em No Limit ($0.01/$0.02 USD) - 2022/01/22 20:42:51 PT [2022/01/22 23:42:51 ET]
Table 'Ennomos III' 9-max Seat #3 is the button
Seat 1: reylegna25 ($1.58 in chips) 
Seat 2: cukka ($1.08 in chips) 
Seat 3: thulerr ($1.83 in chips) 
Seat 4: shohei-s ($1 in chips) 
Seat 5: ghostlider ($0.72 in chips) 
Seat 6: leizy1986 ($0.60 in chips) 
Seat 7: infiniti888 ($2.16 in chips) 
Seat 8: SHAH175 ($1.41 in chips) 
Seat 9: Dorex2007 ($2.18 in chips) 
shohei-s: posts small blind $0.01
ghostlider: posts big blind $0.02
*** HOLE CARDS ***
Dealt to Dorex2007 [6s 5c]
leizy1986: raises $0.04 to $0.06
infiniti888: folds 
SHAH175: calls $0.06
Dorex2007: folds 
reylegna25: folds 
cukka: folds 
thulerr: folds 
shohei-s: calls $0.05
ghostlider: folds 
*** FLOP *** [4c Ts 9s]
shohei-s: bets $0.10
leizy1986: calls $0.10
SHAH175: calls $0.10
*** TURN *** [4c Ts 9s] [8d]
shohei-s: checks 
leizy1986: bets $0.10
SHAH175: calls $0.10
shohei-s: calls $0.10
*** RIVER *** [4c Ts 9s 8d] [4d]
shohei-s: checks 
leizy1986: bets $0.34 and is all-in
SHAH175: folds 
shohei-s: folds 
Uncalled bet ($0.34) returned to leizy1986
leizy1986 collected $0.77 from pot
leizy1986: doesn't show hand 
*** SUMMARY ***
Total pot $0.80 | Rake $0.03 
Board [4c Ts 9s 8d 4d]
Seat 1: reylegna25 folded before Flop (didn't bet)
Seat 2: cukka folded before Flop (didn't bet)
Seat 3: thulerr (button) folded before Flop (didn't bet)
Seat 4: shohei-s (small blind) folded on the River
Seat 5: ghostlider (big blind) folded before Flop
Seat 6: leizy1986 collected ($0.77)
Seat 7: infiniti888 folded before Flop (didn't bet)
Seat 8: SHAH175 folded on the River
Seat 9: Dorex2007 folded before Flop (didn't bet)



PokerStars Hand #233395610232:  Hold'em No Limit ($0.01/$0.02 USD) - 2022/01/22 20:43:48 PT [2022/01/22 23:43:48 ET]
Table 'Ennomos III' 9-max Seat #4 is the button
Seat 1: reylegna25 ($1.58 in chips) 
Seat 2: cukka ($1.08 in chips) 
Seat 3: thulerr ($1.83 in chips) 
Seat 4: shohei-s ($0.74 in chips) 
Seat 5: ghostlider ($0.70 in chips) 
Seat 6: leizy1986 ($1.11 in chips) 
Seat 7: infiniti888 ($2.16 in chips) 
Seat 8: SHAH175 ($1.15 in chips) 
Seat 9: Dorex2007 ($2.18 in chips) 
ghostlider: posts small blind $0.01
leizy1986: posts big blind $0.02
*** HOLE CARDS ***
Dealt to Dorex2007 [9c 3c]
infiniti888: folds 
SHAH175: folds 
Dorex2007: folds 
reylegna25: folds 
cukka: raises $0.05 to $0.07
thulerr: calls $0.07
shohei-s: folds 
ghostlider: folds 
leizy1986: calls $0.05
*** FLOP *** [Qd 4d 6d]
leizy1986: checks 
cukka: bets $0.11
thulerr: folds 
leizy1986: folds 
Uncalled bet ($0.11) returned to cukka
cukka collected $0.21 from pot
cukka: doesn't show hand 
*** SUMMARY ***
Total pot $0.22 | Rake $0.01 
Board [Qd 4d 6d]
Seat 1: reylegna25 folded before Flop (didn't bet)
Seat 2: cukka collected ($0.21)
Seat 3: thulerr folded on the Flop
Seat 4: shohei-s (button) folded before Flop (didn't bet)
Seat 5: ghostlider (small blind) folded before Flop
Seat 6: leizy1986 (big blind) folded on the Flop
Seat 7: infiniti888 folded before Flop (didn't bet)
Seat 8: SHAH175 folded before Flop (didn't bet)
Seat 9: Dorex2007 folded before Flop (didn't bet)



PokerStars Hand #233395618331:  Hold'em No Limit ($0.01/$0.02 USD) - 2022/01/22 20:44:29 PT [2022/01/22 23:44:29 ET]
Table 'Ennomos III' 9-max Seat #5 is the button
Seat 1: reylegna25 ($1.58 in chips) 
Seat 2: cukka ($1.22 in chips) 
Seat 3: thulerr ($1.76 in chips) 
Seat 4: shohei-s ($0.74 in chips) 
Seat 5: ghostlider ($0.69 in chips) 
Seat 6: leizy1986 ($1.04 in chips) 
Seat 7: infiniti888 ($2.16 in chips) 
Seat 8: SHAH175 ($1.15 in chips) 
Seat 9: Dorex2007 ($2.18 in chips) 
leizy1986: posts small blind $0.01
infiniti888: posts big blind $0.02
*** HOLE CARDS ***
Dealt to Dorex2007 [8c 4d]
SHAH175: calls $0.02
Dorex2007: folds 
reylegna25: folds 
cukka: calls $0.02
thulerr: folds 
shohei-s: raises $0.04 to $0.06
ghostlider: folds 
leizy1986: calls $0.05
infiniti888: calls $0.04
SHAH175: calls $0.04
cukka: calls $0.04
*** FLOP *** [Qc 8h 5d]
leizy1986: checks 
infiniti888: checks 
SHAH175: checks 
cukka: checks 
shohei-s: checks 
*** TURN *** [Qc 8h 5d] [6d]
leizy1986: bets $0.02
infiniti888: calls $0.02
SHAH175: calls $0.02
cukka: calls $0.02
shohei-s: calls $0.02
*** RIVER *** [Qc 8h 5d 6d] [2h]
leizy1986: bets $0.06
infiniti888: folds 
SHAH175: folds 
cukka: folds 
shohei-s: folds 
Uncalled bet ($0.06) returned to leizy1986
leizy1986 collected $0.39 from pot
leizy1986: doesn't show hand 
*** SUMMARY ***
Total pot $0.40 | Rake $0.01 
Board [Qc 8h 5d 6d 2h]
Seat 1: reylegna25 folded before Flop (didn't bet)
Seat 2: cukka folded on the River
Seat 3: thulerr folded before Flop (didn't bet)
Seat 4: shohei-s folded on the River
Seat 5: ghostlider (button) folded before Flop (didn't bet)
Seat 6: leizy1986 (small blind) collected ($0.39)
Seat 7: infiniti888 (big blind) folded on the River
Seat 8: SHAH175 folded on the River
Seat 9: Dorex2007 folded before Flop (didn't bet)



PokerStars Hand #233395636901:  Hold'em No Limit ($0.01/$0.02 USD) - 2022/01/22 20:46:03 PT [2022/01/22 23:46:03 ET]
Table 'Ennomos III' 9-max Seat #6 is the button
Seat 1: reylegna25 ($1.58 in chips) 
Seat 2: cukka ($1.14 in chips) 
Seat 3: thulerr ($1.76 in chips) 
Seat 4: shohei-s ($0.66 in chips) 
Seat 5: ghostlider ($0.69 in chips) 
Seat 6: leizy1986 ($1.35 in chips) 
Seat 7: infiniti888 ($2.08 in chips) 
Seat 8: SHAH175 ($1.07 in chips) 
Seat 9: Dorex2007 ($2.18 in chips) 
infiniti888: posts small blind $0.01
SHAH175: posts big blind $0.02
*** HOLE CARDS ***
Dealt to Dorex2007 [Td Ks]
Dorex2007: folds 
reylegna25: folds 
cukka: folds 
thulerr has timed out
thulerr: folds 
shohei-s: folds 
ghostlider: calls $0.02
leizy1986: calls $0.02
infiniti888: folds 
SHAH175: checks 
*** FLOP *** [9h 8d 7d]
SHAH175: checks 
ghostlider: bets $0.02
leizy1986: calls $0.02
SHAH175: calls $0.02
*** TURN *** [9h 8d 7d] [6s]
SHAH175: checks 
ghostlider: bets $0.07
leizy1986: calls $0.07
SHAH175: folds 
*** RIVER *** [9h 8d 7d 6s] [Jd]
ghostlider: bets $0.58 and is all-in
leizy1986: folds 
Uncalled bet ($0.58) returned to ghostlider
ghostlider collected $0.26 from pot
ghostlider: doesn't show hand 
*** SUMMARY ***
Total pot $0.27 | Rake $0.01 
Board [9h 8d 7d 6s Jd]
Seat 1: reylegna25 folded before Flop (didn't bet)
Seat 2: cukka folded before Flop (didn't bet)
Seat 3: thulerr folded before Flop (didn't bet)
Seat 4: shohei-s folded before Flop (didn't bet)
Seat 5: ghostlider collected ($0.26)
Seat 6: leizy1986 (button) folded on the River
Seat 7: infiniti888 (small blind) folded before Flop
Seat 8: SHAH175 (big blind) folded on the Turn
Seat 9: Dorex2007 folded before Flop (didn't bet)



PokerStars Hand #233395649474:  Hold'em No Limit ($0.01/$0.02 USD) - 2022/01/22 20:47:07 PT [2022/01/22 23:47:07 ET]
Table 'Ennomos III' 9-max Seat #7 is the button
Seat 1: reylegna25 ($1.58 in chips) 
Seat 2: cukka ($1.14 in chips) 
Seat 3: thulerr ($1.76 in chips) 
Seat 4: shohei-s ($0.66 in chips) 
Seat 5: ghostlider ($0.84 in chips) 
Seat 6: leizy1986 ($1.24 in chips) 
Seat 7: infiniti888 ($2.07 in chips) 
Seat 8: SHAH175 ($1.03 in chips) 
Seat 9: Dorex2007 ($2.18 in chips) 
SHAH175: posts small blind $0.01
Dorex2007: posts big blind $0.02
*** HOLE CARDS ***
Dealt to Dorex2007 [4s 8c]
reylegna25: folds 
cukka: folds 
thulerr: raises $0.08 to $0.10
shohei-s: folds 
ghostlider: calls $0.10
leizy1986: calls $0.10
infiniti888: folds 
SHAH175: folds 
Dorex2007: folds 
*** FLOP *** [As Ah Kd]
thulerr: bets $0.04
ghostlider: calls $0.04
leizy1986: calls $0.04
*** TURN *** [As Ah Kd] [Ts]
thulerr: checks 
ghostlider: checks 
leizy1986: checks 
*** RIVER *** [As Ah Kd Ts] [8s]
thulerr: checks 
ghostlider: checks 
leizy1986: checks 
*** SHOW DOWN ***
thulerr: shows [8d Th] (two pair, Aces and Tens)
ghostlider: shows [9h Kh] (two pair, Aces and Kings)
leizy1986: shows [Jd Ks] (two pair, Aces and Kings - Jack kicker)
leizy1986 collected $0.43 from pot
*** SUMMARY ***
Total pot $0.45 | Rake $0.02 
Board [As Ah Kd Ts 8s]
Seat 1: reylegna25 folded before Flop (didn't bet)
Seat 2: cukka folded before Flop (didn't bet)
Seat 3: thulerr showed [8d Th] and lost with two pair, Aces and Tens
Seat 4: shohei-s folded before Flop (didn't bet)
Seat 5: ghostlider showed [9h Kh] and lost with two pair, Aces and Kings
Seat 6: leizy1986 showed [Jd Ks] and won ($0.43) with two pair, Aces and Kings
Seat 7: infiniti888 (button) folded before Flop (didn't bet)
Seat 8: SHAH175 (small blind) folded before Flop
Seat 9: Dorex2007 (big blind) folded before Flop



PokerStars Hand #233395656950:  Hold'em No Limit ($0.01/$0.02 USD) - 2022/01/22 20:47:46 PT [2022/01/22 23:47:46 ET]
Table 'Ennomos III' 9-max Seat #8 is the button
Seat 1: reylegna25 ($1.58 in chips) 
Seat 2: cukka ($1.14 in chips) 
Seat 3: thulerr ($1.62 in chips) 
Seat 4: shohei-s ($0.66 in chips) 
Seat 5: ghostlider ($0.70 in chips) 
Seat 6: leizy1986 ($1.53 in chips) 
Seat 7: infiniti888 ($2.07 in chips) 
Seat 8: SHAH175 ($1.02 in chips) 
Seat 9: Dorex2007 ($2.16 in chips) 
Dorex2007: posts small blind $0.01
reylegna25: posts big blind $0.02
*** HOLE CARDS ***
Dealt to Dorex2007 [9h 5s]
cukka: folds 
thulerr: folds 
shohei-s: folds 
ghostlider: calls $0.02
leizy1986: calls $0.02
infiniti888: calls $0.02
SHAH175: folds 
Dorex2007: folds 
reylegna25: checks 
*** FLOP *** [Kh 3h Qh]
reylegna25: bets $0.04
ghostlider: folds 
leizy1986: calls $0.04
infiniti888: folds 
*** TURN *** [Kh 3h Qh] [Tc]
reylegna25: bets $0.08
leizy1986: calls $0.08
*** RIVER *** [Kh 3h Qh Tc] [Jd]
reylegna25: bets $0.16
leizy1986: calls $0.16
*** SHOW DOWN ***
reylegna25: shows [Ts Kc] (two pair, Kings and Tens)
leizy1986: shows [2c Ah] (a straight, Ten to Ace)
leizy1986 collected $0.63 from pot
*** SUMMARY ***
Total pot $0.65 | Rake $0.02 
Board [Kh 3h Qh Tc Jd]
Seat 1: reylegna25 (big blind) showed [Ts Kc] and lost with two pair, Kings and Tens
Seat 2: cukka folded before Flop (didn't bet)
Seat 3: thulerr folded before Flop (didn't bet)
Seat 4: shohei-s folded before Flop (didn't bet)
Seat 5: ghostlider folded on the Flop
Seat 6: leizy1986 showed [2c Ah] and won ($0.63) with a straight, Ten to Ace
Seat 7: infiniti888 folded on the Flop
Seat 8: SHAH175 (button) folded before Flop (didn't bet)
Seat 9: Dorex2007 (small blind) folded before Flop



PokerStars Hand #233395668354:  Hold'em No Limit ($0.01/$0.02 USD) - 2022/01/22 20:48:44 PT [2022/01/22 23:48:44 ET]
Table 'Ennomos III' 9-max Seat #9 is the button
Seat 1: reylegna25 ($1.28 in chips) 
Seat 2: cukka ($1.14 in chips) 
Seat 3: thulerr ($1.62 in chips) 
Seat 4: shohei-s ($0.66 in chips) 
Seat 5: ghostlider ($0.68 in chips) 
Seat 6: leizy1986 ($1.86 in chips) 
Seat 7: infiniti888 ($2.05 in chips) 
Seat 8: SHAH175 ($1.02 in chips) 
Seat 9: Dorex2007 ($2.15 in chips) 
reylegna25: posts small blind $0.01
cukka: posts big blind $0.02
*** HOLE CARDS ***
Dealt to Dorex2007 [Js Ts]
thulerr: raises $0.08 to $0.10
shohei-s: folds 
ghostlider: folds 
leizy1986: folds 
infiniti888: calls $0.10
SHAH175: calls $0.10
Dorex2007: calls $0.10
reylegna25: folds 
cukka: folds 
*** FLOP *** [9h 3s Ad]
thulerr: checks 
infiniti888: checks 
SHAH175: bets $0.21
Dorex2007: folds 
thulerr: folds 
infiniti888: folds 
Uncalled bet ($0.21) returned to SHAH175
SHAH175 collected $0.41 from pot
SHAH175: doesn't show hand 
*** SUMMARY ***
Total pot $0.43 | Rake $0.02 
Board [9h 3s Ad]
Seat 1: reylegna25 (small blind) folded before Flop
Seat 2: cukka (big blind) folded before Flop
Seat 3: thulerr folded on the Flop
Seat 4: shohei-s folded before Flop (didn't bet)
Seat 5: ghostlider folded before Flop (didn't bet)
Seat 6: leizy1986 folded before Flop (didn't bet)
Seat 7: infiniti888 folded on the Flop
Seat 8: SHAH175 collected ($0.41)
Seat 9: Dorex2007 (button) folded on the Flop



PokerStars Hand #233395676390:  Hold'em No Limit ($0.01/$0.02 USD) - 2022/01/22 20:49:25 PT [2022/01/22 23:49:25 ET]
Table 'Ennomos III' 9-max Seat #1 is the button
Seat 1: reylegna25 ($1.27 in chips) 
Seat 2: cukka ($1.12 in chips) 
Seat 3: thulerr ($1.52 in chips) 
Seat 4: shohei-s ($0.66 in chips) 
Seat 5: ghostlider ($0.68 in chips) 
Seat 6: leizy1986 ($1.86 in chips) 
Seat 7: infiniti888 ($1.95 in chips) 
Seat 8: SHAH175 ($1.33 in chips) 
Seat 9: Dorex2007 ($2.05 in chips) 
cukka: posts small blind $0.01
thulerr: posts big blind $0.02
*** HOLE CARDS ***
Dealt to Dorex2007 [3s 2d]
shohei-s: raises $0.04 to $0.06
ghostlider: folds 
leizy1986: calls $0.06
infiniti888: folds 
SHAH175: folds 
Dorex2007: folds 
reylegna25: folds 
cukka: folds 
thulerr: raises $0.14 to $0.20
shohei-s: calls $0.14
leizy1986: calls $0.14
*** FLOP *** [Kc Ac 5s]
thulerr: bets $0.59
shohei-s: calls $0.46 and is all-in
leizy1986: folds 
Uncalled bet ($0.13) returned to thulerr
thulerr has timed out
*** TURN *** [Kc Ac 5s] [5c]
*** RIVER *** [Kc Ac 5s 5c] [7h]
*** SHOW DOWN ***
thulerr: shows [3h 3d] (two pair, Fives and Threes)
shohei-s: shows [Qd Td] (a pair of Fives)
thulerr collected $1.48 from pot
*** SUMMARY ***
Total pot $1.53 | Rake $0.05 
Board [Kc Ac 5s 5c 7h]
Seat 1: reylegna25 (button) folded before Flop (didn't bet)
Seat 2: cukka (small blind) folded before Flop
Seat 3: thulerr (big blind) showed [3h 3d] and won ($1.48) with two pair, Fives and Threes
Seat 4: shohei-s showed [Qd Td] and lost with a pair of Fives
Seat 5: ghostlider folded before Flop (didn't bet)
Seat 6: leizy1986 folded on the Flop
Seat 7: infiniti888 folded before Flop (didn't bet)
Seat 8: SHAH175 folded before Flop (didn't bet)
Seat 9: Dorex2007 folded before Flop (didn't bet)



PokerStars Hand #233395687524:  Hold'em No Limit ($0.01/$0.02 USD) - 2022/01/22 20:50:23 PT [2022/01/22 23:50:23 ET]
Table 'Ennomos III' 9-max Seat #2 is the button
Seat 1: reylegna25 ($1.27 in chips) 
Seat 2: cukka ($1.11 in chips) 
Seat 3: thulerr ($2.34 in chips) 
Seat 5: ghostlider ($0.68 in chips) 
Seat 6: leizy1986 ($1.66 in chips) 
Seat 7: infiniti888 ($1.95 in chips) 
Seat 8: SHAH175 ($1.33 in chips) 
Seat 9: Dorex2007 ($2.05 in chips) 
thulerr: posts small blind $0.01
ghostlider: posts big blind $0.02
*** HOLE CARDS ***
Dealt to Dorex2007 [2d 3s]
leizy1986: calls $0.02
infiniti888: folds 
SHAH175: folds 
Dorex2007: folds 
shohei-s leaves the table
reylegna25: folds 
cukka: calls $0.02
thulerr: raises $0.02 to $0.04
ghostlider: calls $0.02
leizy1986: calls $0.02
cukka: calls $0.02
*** FLOP *** [7c Js 8d]
thulerr: checks 
ghostlider: checks 
leizy1986: checks 
cukka: checks 
*** TURN *** [7c Js 8d] [Qh]
thulerr: bets $0.10
ghostlider: folds 
leizy1986: calls $0.10
cukka: calls $0.10
*** RIVER *** [7c Js 8d Qh] [8s]
thulerr: bets $0.14
leizy1986: calls $0.14
cukka: folds 
*** SHOW DOWN ***
thulerr: shows [Qs 2s] (two pair, Queens and Eights)
leizy1986: shows [Ts Qc] (two pair, Queens and Eights)
thulerr collected $0.36 from pot
leizy1986 collected $0.35 from pot
*** SUMMARY ***
Total pot $0.74 | Rake $0.03 
Board [7c Js 8d Qh 8s]
Seat 1: reylegna25 folded before Flop (didn't bet)
Seat 2: cukka (button) folded on the River
Seat 3: thulerr (small blind) showed [Qs 2s] and won ($0.36) with two pair, Queens and Eights
Seat 5: ghostlider (big blind) folded on the Turn
Seat 6: leizy1986 showed [Ts Qc] and won ($0.35) with two pair, Queens and Eights
Seat 7: infiniti888 folded before Flop (didn't bet)
Seat 8: SHAH175 folded before Flop (didn't bet)
Seat 9: Dorex2007 folded before Flop (didn't bet)



PokerStars Hand #233395701171:  Hold'em No Limit ($0.01/$0.02 USD) - 2022/01/22 20:51:34 PT [2022/01/22 23:51:34 ET]
Table 'Ennomos III' 9-max Seat #3 is the button
Seat 1: reylegna25 ($1.27 in chips) 
Seat 2: cukka ($0.97 in chips) 
Seat 3: thulerr ($2.42 in chips) 
Seat 5: ghostlider ($0.64 in chips) 
Seat 6: leizy1986 ($1.73 in chips) 
Seat 7: infiniti888 ($1.95 in chips) 
Seat 8: SHAH175 ($1.33 in chips) 
Seat 9: Dorex2007 ($2.05 in chips) 
ghostlider: posts small blind $0.01
leizy1986: posts big blind $0.02
*** HOLE CARDS ***
Dealt to Dorex2007 [Tc 3c]
infiniti888: folds 
SHAH175: folds 
Dorex2007: folds 
reylegna25: raises $0.04 to $0.06
cukka: folds 
thulerr: calls $0.06
ghostlider: folds 
leizy1986: calls $0.04
*** FLOP *** [Ks 2d 5d]
leizy1986: checks 
reylegna25: bets $0.09
thulerr: calls $0.09
leizy1986: folds 
*** TURN *** [Ks 2d 5d] [8d]
reylegna25: bets $0.18
thulerr: folds 
Uncalled bet ($0.18) returned to reylegna25
reylegna25 collected $0.36 from pot
reylegna25: doesn't show hand 
*** SUMMARY ***
Total pot $0.37 | Rake $0.01 
Board [Ks 2d 5d 8d]
Seat 1: reylegna25 collected ($0.36)
Seat 2: cukka folded before Flop (didn't bet)
Seat 3: thulerr (button) folded on the Turn
Seat 5: ghostlider (small blind) folded before Flop
Seat 6: leizy1986 (big blind) folded on the Flop
Seat 7: infiniti888 folded before Flop (didn't bet)
Seat 8: SHAH175 folded before Flop (didn't bet)
Seat 9: Dorex2007 folded before Flop (didn't bet)



PokerStars Hand #233395708370:  Hold'em No Limit ($0.01/$0.02 USD) - 2022/01/22 20:52:12 PT [2022/01/22 23:52:12 ET]
Table 'Ennomos III' 9-max Seat #5 is the button
Seat 1: reylegna25 ($1.48 in chips) 
Seat 2: cukka ($0.97 in chips) 
Seat 3: thulerr ($2.27 in chips) 
Seat 5: ghostlider ($0.63 in chips) 
Seat 6: leizy1986 ($1.67 in chips) 
Seat 7: infiniti888 ($1.95 in chips) 
Seat 8: SHAH175 ($1.33 in chips) 
Seat 9: Dorex2007 ($2.05 in chips) 
leizy1986: posts small blind $0.01
infiniti888: posts big blind $0.02
*** HOLE CARDS ***
Dealt to Dorex2007 [8c 7d]
SHAH175 has timed out
SHAH175: folds 
Dorex2007: folds 
reylegna25: folds 
cukka: calls $0.02
thulerr: folds 
ghostlider: folds 
leizy1986: calls $0.01
infiniti888: checks 
*** FLOP *** [4d Js Kd]
leizy1986: checks 
infiniti888: checks 
cukka: checks 
*** TURN *** [4d Js Kd] [3h]
leizy1986: checks 
infiniti888: checks 
cukka: checks 
*** RIVER *** [4d Js Kd 3h] [Qd]
leizy1986: bets $0.02
infiniti888: folds 
cukka: raises $0.10 to $0.12
leizy1986: folds 
Uncalled bet ($0.10) returned to cukka
cukka collected $0.10 from pot
cukka: doesn't show hand 
*** SUMMARY ***
Total pot $0.10 | Rake $0 
Board [4d Js Kd 3h Qd]
Seat 1: reylegna25 folded before Flop (didn't bet)
Seat 2: cukka collected ($0.10)
Seat 3: thulerr folded before Flop (didn't bet)
Seat 5: ghostlider (button) folded before Flop (didn't bet)
Seat 6: leizy1986 (small blind) folded on the River
Seat 7: infiniti888 (big blind) folded on the River
Seat 8: SHAH175 folded before Flop (didn't bet)
Seat 9: Dorex2007 folded before Flop (didn't bet)



PokerStars Hand #233395728490:  Hold'em No Limit ($0.01/$0.02 USD) - 2022/01/22 20:53:09 PT [2022/01/22 23:53:09 ET]
Table 'Ennomos III' 9-max Seat #6 is the button
Seat 1: reylegna25 ($1.48 in chips) 
Seat 2: cukka ($1.03 in chips) 
Seat 3: thulerr ($2.27 in chips) 
Seat 5: ghostlider ($0.63 in chips) 
Seat 6: leizy1986 ($1.63 in chips) 
Seat 7: infiniti888 ($1.93 in chips) 
Seat 8: SHAH175 ($1.33 in chips) 
Seat 9: Dorex2007 ($2.05 in chips) 
infiniti888: posts small blind $0.01
SHAH175: posts big blind $0.02
*** HOLE CARDS ***
Dealt to Dorex2007 [9h 8c]
Dorex2007: folds 
reylegna25: raises $0.04 to $0.06
cukka: folds 
thulerr: folds 
ghostlider: folds 
leizy1986: folds 
infiniti888: raises $0.14 to $0.20
SHAH175: folds 
reylegna25: raises $0.14 to $0.34
infiniti888: calls $0.14
*** FLOP *** [4c 9c 7c]
infiniti888: checks 
reylegna25: bets $0.34
infiniti888: calls $0.34
*** TURN *** [4c 9c 7c] [Ah]
infiniti888: checks 
reylegna25: checks 
*** RIVER *** [4c 9c 7c Ah] [2h]
infiniti888: bets $1.25 and is all-in
reylegna25: calls $0.80 and is all-in
Uncalled bet ($0.45) returned to infiniti888
*** SHOW DOWN ***
infiniti888: shows [Jh Jc] (a pair of Jacks)
reylegna25: shows [Jd Js] (a pair of Jacks)
infiniti888 collected $1.44 from pot
reylegna25 collected $1.44 from pot
*** SUMMARY ***
Total pot $2.98 | Rake $0.10 
Board [4c 9c 7c Ah 2h]
Seat 1: reylegna25 showed [Jd Js] and won ($1.44) with a pair of Jacks
Seat 2: cukka folded before Flop (didn't bet)
Seat 3: thulerr folded before Flop (didn't bet)
Seat 5: ghostlider folded before Flop (didn't bet)
Seat 6: leizy1986 (button) folded before Flop (didn't bet)
Seat 7: infiniti888 (small blind) showed [Jh Jc] and won ($1.44) with a pair of Jacks
Seat 8: SHAH175 (big blind) folded before Flop
Seat 9: Dorex2007 folded before Flop (didn't bet)



PokerStars Hand #233395742020:  Hold'em No Limit ($0.01/$0.02 USD) - 2022/01/22 20:54:20 PT [2022/01/22 23:54:20 ET]
Table 'Ennomos III' 9-max Seat #7 is the button
Seat 1: reylegna25 ($1.44 in chips) 
Seat 2: cukka ($1.03 in chips) 
Seat 3: thulerr ($2.27 in chips) 
Seat 5: ghostlider ($0.63 in chips) 
Seat 6: leizy1986 ($1.63 in chips) 
Seat 7: infiniti888 ($1.89 in chips) 
Seat 8: SHAH175 ($1.31 in chips) 
Seat 9: Dorex2007 ($2.05 in chips) 
SHAH175: posts small blind $0.01
Dorex2007: posts big blind $0.02
*** HOLE CARDS ***
Dealt to Dorex2007 [9c 5s]
reylegna25: folds 
cukka: folds 
thulerr: folds 
ghostlider: folds 
leizy1986: folds 
infiniti888 has timed out
infiniti888: folds 
SHAH175: raises $0.02 to $0.04
Dorex2007: folds 
Uncalled bet ($0.02) returned to SHAH175
SHAH175 collected $0.04 from pot
SHAH175: doesn't show hand 
*** SUMMARY ***
Total pot $0.04 | Rake $0 
Seat 1: reylegna25 folded before Flop (didn't bet)
Seat 2: cukka folded before Flop (didn't bet)
Seat 3: thulerr folded before Flop (didn't bet)
Seat 5: ghostlider folded before Flop (didn't bet)
Seat 6: leizy1986 folded before Flop (didn't bet)
Seat 7: infiniti888 (button) folded before Flop (didn't bet)
Seat 8: SHAH175 (small blind) collected ($0.04)
Seat 9: Dorex2007 (big blind) folded before Flop



PokerStars Hand #233395746204:  Hold'em No Limit ($0.01/$0.02 USD) - 2022/01/22 20:54:42 PT [2022/01/22 23:54:42 ET]
Table 'Ennomos III' 9-max Seat #8 is the button
Seat 1: reylegna25 ($1.44 in chips) 
Seat 2: cukka ($1.03 in chips) 
Seat 3: thulerr ($2.27 in chips) 
Seat 5: ghostlider ($0.63 in chips) 
Seat 6: leizy1986 ($1.63 in chips) 
Seat 8: SHAH175 ($1.33 in chips) 
Seat 9: Dorex2007 ($2.03 in chips) 
Dorex2007: posts small blind $0.01
reylegna25: posts big blind $0.02
*** HOLE CARDS ***
Dealt to Dorex2007 [7c 3d]
cukka: raises $0.05 to $0.07
thulerr: folds 
ghostlider: folds 
mrgreen959 joins the table at seat #4 
leizy1986: calls $0.07
SHAH175: folds 
Dorex2007: folds 
reylegna25: folds 
*** FLOP *** [Jd Js Kh]
cukka: checks 
leizy1986: checks 
*** TURN *** [Jd Js Kh] [9d]
cukka: checks 
leizy1986: checks 
*** RIVER *** [Jd Js Kh 9d] [7h]
cukka: bets $0.16
leizy1986: folds 
Uncalled bet ($0.16) returned to cukka
cukka collected $0.16 from pot
cukka: doesn't show hand 
*** SUMMARY ***
Total pot $0.17 | Rake $0.01 
Board [Jd Js Kh 9d 7h]
Seat 1: reylegna25 (big blind) folded before Flop
Seat 2: cukka collected ($0.16)
Seat 3: thulerr folded before Flop (didn't bet)
Seat 5: ghostlider folded before Flop (didn't bet)
Seat 6: leizy1986 folded on the River
Seat 8: SHAH175 (button) folded before Flop (didn't bet)
Seat 9: Dorex2007 (small blind) folded before Flop



PokerStars Hand #233395752730:  Hold'em No Limit ($0.01/$0.02 USD) - 2022/01/22 20:55:18 PT [2022/01/22 23:55:18 ET]
Table 'Ennomos III' 9-max Seat #9 is the button
Seat 1: reylegna25 ($1.42 in chips) 
Seat 2: cukka ($1.12 in chips) 
Seat 3: thulerr ($2.27 in chips) 
Seat 5: ghostlider ($0.63 in chips) 
Seat 6: leizy1986 ($1.56 in chips) 
Seat 7: infiniti888 ($1.89 in chips) 
Seat 8: SHAH175 ($1.33 in chips) 
Seat 9: Dorex2007 ($2.02 in chips) 
reylegna25: posts small blind $0.01
cukka: posts big blind $0.02
mrgreen959: sits out 
*** HOLE CARDS ***
Dealt to Dorex2007 [Kd 9d]
thulerr: raises $0.08 to $0.10
ghostlider: folds 
leizy1986: folds 
infiniti888: folds 
SHAH175: folds 
Dorex2007: calls $0.10
reylegna25: folds 
cukka: calls $0.08
*** FLOP *** [6c 8s 4s]
cukka: checks 
thulerr: bets $0.22
Dorex2007: folds 
cukka: folds 
Uncalled bet ($0.22) returned to thulerr
thulerr collected $0.30 from pot
thulerr: doesn't show hand 
*** SUMMARY ***
Total pot $0.31 | Rake $0.01 
Board [6c 8s 4s]
Seat 1: reylegna25 (small blind) folded before Flop
Seat 2: cukka (big blind) folded on the Flop
Seat 3: thulerr collected ($0.30)
Seat 5: ghostlider folded before Flop (didn't bet)
Seat 6: leizy1986 folded before Flop (didn't bet)
Seat 7: infiniti888 folded before Flop (didn't bet)
Seat 8: SHAH175 folded before Flop (didn't bet)
Seat 9: Dorex2007 (button) folded on the Flop



PokerStars Hand #233395760424:  Hold'em No Limit ($0.01/$0.02 USD) - 2022/01/22 20:56:07 PT [2022/01/22 23:56:07 ET]
Table 'Ennomos III' 9-max Seat #1 is the button
Seat 1: reylegna25 ($1.41 in chips) 
Seat 2: cukka ($1.02 in chips) 
Seat 3: thulerr ($2.47 in chips) 
Seat 5: ghostlider ($0.63 in chips) 
Seat 6: leizy1986 ($1.56 in chips) 
Seat 7: infiniti888 ($1.89 in chips) 
Seat 8: SHAH175 ($1.33 in chips) 
Seat 9: Dorex2007 ($2 in chips) 
cukka: posts small blind $0.01
thulerr: posts big blind $0.02
mrgreen959: sits out 
*** HOLE CARDS ***
Dealt to Dorex2007 [3s 9h]
ghostlider: calls $0.02
leizy1986: folds 
infiniti888: folds 
SHAH175: folds 
Dorex2007: folds 
reylegna25: folds 
cukka: folds 
thulerr: raises $0.04 to $0.06
ghostlider: calls $0.04
*** FLOP *** [8d Qh 5s]
thulerr: bets $0.07
ghostlider: folds 
Uncalled bet ($0.07) returned to thulerr
thulerr collected $0.13 from pot
thulerr: doesn't show hand 
*** SUMMARY ***
Total pot $0.13 | Rake $0 
Board [8d Qh 5s]
Seat 1: reylegna25 (button) folded before Flop (didn't bet)
Seat 2: cukka (small blind) folded before Flop
Seat 3: thulerr (big blind) collected ($0.13)
Seat 5: ghostlider folded on the Flop
Seat 6: leizy1986 folded before Flop (didn't bet)
Seat 7: infiniti888 folded before Flop (didn't bet)
Seat 8: SHAH175 folded before Flop (didn't bet)
Seat 9: Dorex2007 folded before Flop (didn't bet)



PokerStars Hand #233395764473:  Hold'em No Limit ($0.01/$0.02 USD) - 2022/01/22 20:56:33 PT [2022/01/22 23:56:33 ET]
Table 'Ennomos III' 9-max Seat #2 is the button
Seat 1: reylegna25 ($1.41 in chips) 
Seat 2: cukka ($1.01 in chips) 
Seat 3: thulerr ($2.54 in chips) 
Seat 4: mrgreen959 ($2 in chips) 
Seat 5: ghostlider ($0.57 in chips) 
Seat 6: leizy1986 ($1.56 in chips) 
Seat 7: infiniti888 ($1.89 in chips) 
Seat 8: SHAH175 ($1.33 in chips) 
Seat 9: Dorex2007 ($2 in chips) 
thulerr: posts small blind $0.01
mrgreen959: posts big blind $0.02
*** HOLE CARDS ***
Dealt to Dorex2007 [3h Kh]
ghostlider: folds 
leizy1986: calls $0.02
infiniti888: folds 
SHAH175: folds 
Dorex2007: folds 
reylegna25: folds 
cukka: folds 
thulerr: folds 
mrgreen959: checks 
*** FLOP *** [7c Js 3c]
mrgreen959: checks 
leizy1986: checks 
*** TURN *** [7c Js 3c] [9c]
mrgreen959: checks 
leizy1986: checks 
*** RIVER *** [7c Js 3c 9c] [Ad]
mrgreen959: checks 
leizy1986: checks 
*** SHOW DOWN ***
mrgreen959: shows [Qs 4c] (high card Ace)
leizy1986: shows [Kd Th] (high card Ace - King kicker)
leizy1986 collected $0.05 from pot
*** SUMMARY ***
Total pot $0.05 | Rake $0 
Board [7c Js 3c 9c Ad]
Seat 1: reylegna25 folded before Flop (didn't bet)
Seat 2: cukka (button) folded before Flop (didn't bet)
Seat 3: thulerr (small blind) folded before Flop
Seat 4: mrgreen959 (big blind) showed [Qs 4c] and lost with high card Ace
Seat 5: ghostlider folded before Flop (didn't bet)
Seat 6: leizy1986 showed [Kd Th] and won ($0.05) with high card Ace
Seat 7: infiniti888 folded before Flop (didn't bet)
Seat 8: SHAH175 folded before Flop (didn't bet)
Seat 9: Dorex2007 folded before Flop (didn't bet)



PokerStars Hand #233395769692:  Hold'em No Limit ($0.01/$0.02 USD) - 2022/01/22 20:57:05 PT [2022/01/22 23:57:05 ET]
Table 'Ennomos III' 9-max Seat #3 is the button
Seat 1: reylegna25 ($1.41 in chips) 
Seat 2: cukka ($1.01 in chips) 
Seat 3: thulerr ($2.53 in chips) 
Seat 4: mrgreen959 ($1.98 in chips) 
Seat 5: ghostlider ($0.57 in chips) 
Seat 6: leizy1986 ($1.59 in chips) 
Seat 7: infiniti888 ($1.89 in chips) 
Seat 8: SHAH175 ($1.33 in chips) 
Seat 9: Dorex2007 ($2 in chips) 
mrgreen959: posts small blind $0.01
ghostlider: posts big blind $0.02
*** HOLE CARDS ***
Dealt to Dorex2007 [3s Js]
leizy1986: raises $0.04 to $0.06
infiniti888: folds 
SHAH175: folds 
Dorex2007: folds 
reylegna25: folds 
cukka: folds 
thulerr: raises $0.06 to $0.12
mrgreen959: calls $0.11
ghostlider: folds 
leizy1986: calls $0.06
*** FLOP *** [9s Jd 6s]
mrgreen959: checks 
leizy1986: checks 
thulerr: checks 
*** TURN *** [9s Jd 6s] [Ah]
mrgreen959: checks 
leizy1986: bets $0.19
thulerr: folds 
mrgreen959: calls $0.19
*** RIVER *** [9s Jd 6s Ah] [5d]
mrgreen959: checks 
leizy1986: bets $0.37
mrgreen959: calls $0.37
*** SHOW DOWN ***
leizy1986: shows [Ac Kh] (a pair of Aces)
mrgreen959: mucks hand 
leizy1986 collected $1.45 from pot
*** SUMMARY ***
Total pot $1.50 | Rake $0.05 
Board [9s Jd 6s Ah 5d]
Seat 1: reylegna25 folded before Flop (didn't bet)
Seat 2: cukka folded before Flop (didn't bet)
Seat 3: thulerr (button) folded on the Turn
Seat 4: mrgreen959 (small blind) mucked [Ad 7d]
Seat 5: ghostlider (big blind) folded before Flop
Seat 6: leizy1986 showed [Ac Kh] and won ($1.45) with a pair of Aces
Seat 7: infiniti888 folded before Flop (didn't bet)
Seat 8: SHAH175 folded before Flop (didn't bet)
Seat 9: Dorex2007 folded before Flop (didn't bet)



PokerStars Hand #233395776995:  Hold'em No Limit ($0.01/$0.02 USD) - 2022/01/22 20:57:52 PT [2022/01/22 23:57:52 ET]
Table 'Ennomos III' 9-max Seat #4 is the button
Seat 1: reylegna25 ($1.41 in chips) 
Seat 2: cukka ($1.01 in chips) 
Seat 3: thulerr ($2.41 in chips) 
Seat 4: mrgreen959 ($1.30 in chips) 
Seat 5: ghostlider ($0.55 in chips) 
Seat 6: leizy1986 ($2.36 in chips) 
Seat 7: infiniti888 ($1.89 in chips) 
Seat 8: SHAH175 ($1.33 in chips) 
Seat 9: Dorex2007 ($2 in chips) 
ghostlider: posts small blind $0.01
leizy1986: posts big blind $0.02
*** HOLE CARDS ***
Dealt to Dorex2007 [8c 6h]
infiniti888: calls $0.02
SHAH175: calls $0.02
Dorex2007: folds 
reylegna25: folds 
cukka: folds 
thulerr: raises $0.12 to $0.14
mrgreen959: folds 
ghostlider: folds 
leizy1986: folds 
infiniti888: folds 
SHAH175: calls $0.12
*** FLOP *** [7c 4s 5d]
infiniti888 leaves the table
leizy1986 leaves the table
SHAH175: checks 
thulerr: bets $0.28
SHAH175: folds 
Uncalled bet ($0.28) returned to thulerr
thulerr collected $0.32 from pot
thulerr: doesn't show hand 
*** SUMMARY ***
Total pot $0.33 | Rake $0.01 
Board [7c 4s 5d]
Seat 1: reylegna25 folded before Flop (didn't bet)
Seat 2: cukka folded before Flop (didn't bet)
Seat 3: thulerr collected ($0.32)
Seat 4: mrgreen959 (button) folded before Flop (didn't bet)
Seat 5: ghostlider (small blind) folded before Flop
Seat 6: leizy1986 (big blind) folded before Flop
Seat 7: infiniti888 folded before Flop
Seat 8: SHAH175 folded on the Flop
Seat 9: Dorex2007 folded before Flop (didn't bet)



PokerStars Hand #233395791261:  Hold'em No Limit ($0.01/$0.02 USD) - 2022/01/22 20:58:32 PT [2022/01/22 23:58:32 ET]
Table 'Ennomos III' 9-max Seat #5 is the button
Seat 1: reylegna25 ($1.41 in chips) 
Seat 2: cukka ($1.01 in chips) 
Seat 3: thulerr ($2.59 in chips) 
Seat 4: mrgreen959 ($2 in chips) 
Seat 5: ghostlider ($0.54 in chips) 
Seat 8: SHAH175 ($1.19 in chips) 
Seat 9: Dorex2007 ($2 in chips) 
SHAH175: posts small blind $0.01
Dorex2007: posts big blind $0.02
*** HOLE CARDS ***
Dealt to Dorex2007 [2s Ts]
reylegna25: folds 
cukka: folds 
thulerr: raises $0.02 to $0.04
mrgreen959: folds 
ghostlider: folds 
SHAH175: folds 
Dorex2007: folds 
Uncalled bet ($0.02) returned to thulerr
thulerr collected $0.05 from pot
thulerr: doesn't show hand 
*** SUMMARY ***
Total pot $0.05 | Rake $0 
Seat 1: reylegna25 folded before Flop (didn't bet)
Seat 2: cukka folded before Flop (didn't bet)
Seat 3: thulerr collected ($0.05)
Seat 4: mrgreen959 folded before Flop (didn't bet)
Seat 5: ghostlider (button) folded before Flop (didn't bet)
Seat 8: SHAH175 (small blind) folded before Flop
Seat 9: Dorex2007 (big blind) folded before Flop



PokerStars Hand #233395794685:  Hold'em No Limit ($0.01/$0.02 USD) - 2022/01/22 20:58:54 PT [2022/01/22 23:58:54 ET]
Table 'Ennomos III' 9-max Seat #8 is the button
Seat 1: reylegna25 ($1.41 in chips) 
Seat 2: cukka ($1.01 in chips) 
Seat 3: thulerr ($2.62 in chips) 
Seat 4: mrgreen959 ($2 in chips) 
Seat 5: ghostlider ($0.54 in chips) 
Seat 8: SHAH175 ($1.18 in chips) 
Seat 9: Dorex2007 ($2 in chips) 
Dorex2007: posts small blind $0.01
reylegna25: posts big blind $0.02
*** HOLE CARDS ***
Dealt to Dorex2007 [Ac 5s]
cukka: folds 
thulerr: calls $0.02
mrgreen959: folds 
ghostlider: folds 
SHAH175: folds 
Dorex2007: calls $0.01
reylegna25: checks 
*** FLOP *** [8s Th 9h]
Dorex2007: checks 
reylegna25: bets $0.06
thulerr: folds 
Dorex2007: folds 
Uncalled bet ($0.06) returned to reylegna25
reylegna25 collected $0.06 from pot
reylegna25: doesn't show hand 
*** SUMMARY ***
Total pot $0.06 | Rake $0 
Board [8s Th 9h]
Seat 1: reylegna25 (big blind) collected ($0.06)
Seat 2: cukka folded before Flop (didn't bet)
Seat 3: thulerr folded on the Flop
Seat 4: mrgreen959 folded before Flop (didn't bet)
Seat 5: ghostlider folded before Flop (didn't bet)
Seat 8: SHAH175 (button) folded before Flop (didn't bet)
Seat 9: Dorex2007 (small blind) folded on the Flop



PokerStars Hand #233395801605:  Hold'em No Limit ($0.01/$0.02 USD) - 2022/01/22 20:59:37 PT [2022/01/22 23:59:37 ET]
Table 'Ennomos III' 9-max Seat #9 is the button
Seat 1: reylegna25 ($1.45 in chips) 
Seat 2: cukka ($1.01 in chips) 
Seat 3: thulerr ($2.60 in chips) 
Seat 4: mrgreen959 ($2 in chips) 
Seat 5: ghostlider ($0.54 in chips) 
Seat 8: SHAH175 ($1.18 in chips) 
Seat 9: Dorex2007 ($2 in chips) 
reylegna25: posts small blind $0.01
cukka: posts big blind $0.02
*** HOLE CARDS ***
Dealt to Dorex2007 [5s 3h]
thulerr: raises $0.08 to $0.10
mrgreen959: folds 
ghostlider: folds 
SHAH175: folds 
Dorex2007: folds 
reylegna25: folds 
cukka: folds 
Uncalled bet ($0.08) returned to thulerr
thulerr collected $0.05 from pot
thulerr: doesn't show hand 
*** SUMMARY ***
Total pot $0.05 | Rake $0 
Seat 1: reylegna25 (small blind) folded before Flop
Seat 2: cukka (big blind) folded before Flop
Seat 3: thulerr collected ($0.05)
Seat 4: mrgreen959 folded before Flop (didn't bet)
Seat 5: ghostlider folded before Flop (didn't bet)
Seat 8: SHAH175 folded before Flop (didn't bet)
Seat 9: Dorex2007 (button) folded before Flop (didn't bet)



