PokerStars Hand #239001693552:  Hold'em No Limit ($0.05/$0.10 USD) - 2022/10/02 17:07:14 PT [2022/10/02 20:07:14 ET]
Table 'Josefa' 9-max Seat #5 is the button
Seat 1: sos fric ($9.30 in chips) 
Seat 2: GypsyBaron ($20.08 in chips) 
Seat 3: iboyo420 ($11.30 in chips) 
Seat 4: Dorex2007 ($10 in chips) 
Seat 5: Sundin177 ($22.94 in chips) 
Seat 6: SBA10 ($9.80 in chips) 
Seat 7: PauloCesarH ($19.76 in chips) 
Seat 8: pocho1429 ($9.79 in chips) 
SBA10: posts small blind $0.05
PauloCesarH: posts big blind $0.10
Dorex2007: posts big blind $0.10
*** HOLE CARDS ***
Dealt to Dorex2007 [Qs 8s]
pocho1429: folds 
sos fric: folds 
GypsyBaron: folds 
iboyo420: calls $0.10
Dorex2007: checks 
Sundin177: folds 
SBA10: calls $0.05
PauloCesarH: checks 
*** FLOP *** [5c Jh 4s]
SBA10: checks 
PauloCesarH: checks 
iboyo420: bets $0.29
Dorex2007: folds 
SBA10: calls $0.29
PauloCesarH: calls $0.29
*** TURN *** [5c Jh 4s] [4c]
SBA10: checks 
PauloCesarH: checks 
iboyo420: bets $1.51
SBA10: folds 
PauloCesarH: folds 
Uncalled bet ($1.51) returned to iboyo420
iboyo420 collected $1.21 from pot
*** SUMMARY ***
Total pot $1.27 | Rake $0.06 
Board [5c Jh 4s 4c]
Seat 1: sos fric folded before Flop (didn't bet)
Seat 2: GypsyBaron folded before Flop (didn't bet)
Seat 3: iboyo420 collected ($1.21)
Seat 4: Dorex2007 folded on the Flop (didn't bet)
Seat 5: Sundin177 (button) folded before Flop (didn't bet)
Seat 6: SBA10 (small blind) folded on the Turn
Seat 7: PauloCesarH (big blind) folded on the Turn
Seat 8: pocho1429 folded before Flop (didn't bet)



PokerStars Hand #239001707989:  Hold'em No Limit ($0.05/$0.10 USD) - 2022/10/02 17:08:25 PT [2022/10/02 20:08:25 ET]
Table 'Josefa' 9-max Seat #6 is the button
Seat 1: sos fric ($9.30 in chips) 
Seat 2: GypsyBaron ($20.08 in chips) 
Seat 3: iboyo420 ($12.12 in chips) 
Seat 4: Dorex2007 ($10 in chips) 
Seat 5: Sundin177 ($22.94 in chips) 
Seat 6: SBA10 ($9.41 in chips) 
Seat 7: PauloCesarH ($19.37 in chips) 
Seat 8: pocho1429 ($9.79 in chips) 
Seat 9: zeroDeLucro ($7 in chips) 
PauloCesarH: posts small blind $0.05
pocho1429: posts big blind $0.10
*** HOLE CARDS ***
Dealt to Dorex2007 [Td 6d]
zeroDeLucro: raises $0.20 to $0.30
sos fric: folds 
GypsyBaron: folds 
iboyo420: calls $0.30
Dorex2007: folds 
Sundin177: folds 
SBA10: folds 
PauloCesarH: folds 
pocho1429: folds 
*** FLOP *** [4h Qs As]
zeroDeLucro: bets $0.30
iboyo420: raises $0.50 to $0.80
zeroDeLucro: calls $0.50
*** TURN *** [4h Qs As] [7d]
zeroDeLucro: checks 
iboyo420: checks 
*** RIVER *** [4h Qs As 7d] [9h]
zeroDeLucro: checks 
iboyo420: checks 
*** SHOW DOWN ***
zeroDeLucro: shows [Kd Ks] (a pair of Kings)
iboyo420: mucks hand 
zeroDeLucro collected $2.24 from pot
*** SUMMARY ***
Total pot $2.35 | Rake $0.11 
Board [4h Qs As 7d 9h]
Seat 1: sos fric folded before Flop (didn't bet)
Seat 2: GypsyBaron folded before Flop (didn't bet)
Seat 3: iboyo420 mucked [8s 3s]
Seat 4: Dorex2007 folded before Flop (didn't bet)
Seat 5: Sundin177 folded before Flop (didn't bet)
Seat 6: SBA10 (button) folded before Flop (didn't bet)
Seat 7: PauloCesarH (small blind) folded before Flop
Seat 8: pocho1429 (big blind) folded before Flop
Seat 9: zeroDeLucro showed [Kd Ks] and won ($2.24) with a pair of Kings



PokerStars Hand #239001718738:  Hold'em No Limit ($0.05/$0.10 USD) - 2022/10/02 17:09:18 PT [2022/10/02 20:09:18 ET]
Table 'Josefa' 9-max Seat #7 is the button
Seat 1: sos fric ($9.30 in chips) 
Seat 2: GypsyBaron ($20.08 in chips) 
Seat 3: iboyo420 ($11.02 in chips) 
Seat 4: Dorex2007 ($10 in chips) 
Seat 5: Sundin177 ($22.94 in chips) 
Seat 6: SBA10 ($9.41 in chips) 
Seat 7: PauloCesarH ($19.32 in chips) 
Seat 8: pocho1429 ($9.69 in chips) 
Seat 9: zeroDeLucro ($8.14 in chips) 
pocho1429: posts small blind $0.05
zeroDeLucro: posts big blind $0.10
*** HOLE CARDS ***
Dealt to Dorex2007 [9d Th]
sos fric: folds 
GypsyBaron: folds 
iboyo420: calls $0.10
Dorex2007: folds 
Sundin177: folds 
SBA10: calls $0.10
PauloCesarH: folds 
pocho1429: calls $0.05
zeroDeLucro: checks 
*** FLOP *** [7c 4s 5s]
pocho1429: checks 
zeroDeLucro: checks 
iboyo420: bets $0.30
SBA10: folds 
pocho1429: folds 
zeroDeLucro: folds 
Uncalled bet ($0.30) returned to iboyo420
iboyo420 collected $0.38 from pot
*** SUMMARY ***
Total pot $0.40 | Rake $0.02 
Board [7c 4s 5s]
Seat 1: sos fric folded before Flop (didn't bet)
Seat 2: GypsyBaron folded before Flop (didn't bet)
Seat 3: iboyo420 collected ($0.38)
Seat 4: Dorex2007 folded before Flop (didn't bet)
Seat 5: Sundin177 folded before Flop (didn't bet)
Seat 6: SBA10 folded on the Flop
Seat 7: PauloCesarH (button) folded before Flop (didn't bet)
Seat 8: pocho1429 (small blind) folded on the Flop
Seat 9: zeroDeLucro (big blind) folded on the Flop



PokerStars Hand #239001732912:  Hold'em No Limit ($0.05/$0.10 USD) - 2022/10/02 17:10:28 PT [2022/10/02 20:10:28 ET]
Table 'Josefa' 9-max Seat #8 is the button
Seat 1: sos fric ($9.30 in chips) 
Seat 2: GypsyBaron ($20.08 in chips) 
Seat 3: iboyo420 ($11.30 in chips) 
Seat 4: Dorex2007 ($10 in chips) 
Seat 5: Sundin177 ($22.94 in chips) 
Seat 6: SBA10 ($9.31 in chips) 
Seat 7: PauloCesarH ($19.32 in chips) 
Seat 8: pocho1429 ($9.59 in chips) 
Seat 9: zeroDeLucro ($8.04 in chips) 
zeroDeLucro: posts small blind $0.05
sos fric: posts big blind $0.10
*** HOLE CARDS ***
Dealt to Dorex2007 [Kd 9s]
GypsyBaron: folds 
iboyo420: raises $0.40 to $0.50
Dorex2007: folds 
Sundin177: folds 
SBA10: folds 
PauloCesarH: folds 
pocho1429: folds 
zeroDeLucro: folds 
sos fric: folds 
Uncalled bet ($0.40) returned to iboyo420
iboyo420 collected $0.25 from pot
*** SUMMARY ***
Total pot $0.25 | Rake $0 
Seat 1: sos fric (big blind) folded before Flop
Seat 2: GypsyBaron folded before Flop (didn't bet)
Seat 3: iboyo420 collected ($0.25)
Seat 4: Dorex2007 folded before Flop (didn't bet)
Seat 5: Sundin177 folded before Flop (didn't bet)
Seat 6: SBA10 folded before Flop (didn't bet)
Seat 7: PauloCesarH folded before Flop (didn't bet)
Seat 8: pocho1429 (button) folded before Flop (didn't bet)
Seat 9: zeroDeLucro (small blind) folded before Flop



PokerStars Hand #239001735658:  Hold'em No Limit ($0.05/$0.10 USD) - 2022/10/02 17:10:41 PT [2022/10/02 20:10:41 ET]
Table 'Josefa' 9-max Seat #9 is the button
Seat 1: sos fric ($9.20 in chips) 
Seat 2: GypsyBaron ($20.08 in chips) 
Seat 3: iboyo420 ($11.45 in chips) 
Seat 4: Dorex2007 ($10 in chips) 
Seat 5: Sundin177 ($22.94 in chips) 
Seat 6: SBA10 ($9.31 in chips) 
Seat 7: PauloCesarH ($19.32 in chips) 
Seat 8: pocho1429 ($9.59 in chips) 
Seat 9: zeroDeLucro ($7.99 in chips) 
sos fric: posts small blind $0.05
GypsyBaron: posts big blind $0.10
*** HOLE CARDS ***
Dealt to Dorex2007 [7s Tc]
iboyo420: raises $0.20 to $0.30
Dorex2007: folds 
Sundin177: folds 
SBA10: folds 
PauloCesarH: calls $0.30
pocho1429: folds 
zeroDeLucro: calls $0.30
sos fric: folds 
GypsyBaron: calls $0.20
*** FLOP *** [Jc 4h 2d]
GypsyBaron: checks 
iboyo420: bets $0.79
PauloCesarH: folds 
zeroDeLucro: calls $0.79
GypsyBaron: folds 
*** TURN *** [Jc 4h 2d] [Ac]
iboyo420: bets $2.70
zeroDeLucro: calls $2.70
*** RIVER *** [Jc 4h 2d Ac] [4s]
iboyo420: checks 
zeroDeLucro: checks 
*** SHOW DOWN ***
iboyo420: shows [3s Qs] (a pair of Fours)
zeroDeLucro: shows [Qh Js] (two pair, Jacks and Fours)
zeroDeLucro collected $7.86 from pot
*** SUMMARY ***
Total pot $8.23 | Rake $0.37 
Board [Jc 4h 2d Ac 4s]
Seat 1: sos fric (small blind) folded before Flop
Seat 2: GypsyBaron (big blind) folded on the Flop
Seat 3: iboyo420 showed [3s Qs] and lost with a pair of Fours
Seat 4: Dorex2007 folded before Flop (didn't bet)
Seat 5: Sundin177 folded before Flop (didn't bet)
Seat 6: SBA10 folded before Flop (didn't bet)
Seat 7: PauloCesarH folded on the Flop
Seat 8: pocho1429 folded before Flop (didn't bet)
Seat 9: zeroDeLucro (button) showed [Qh Js] and won ($7.86) with two pair, Jacks and Fours



PokerStars Hand #239001748468:  Hold'em No Limit ($0.05/$0.10 USD) - 2022/10/02 17:11:44 PT [2022/10/02 20:11:44 ET]
Table 'Josefa' 9-max Seat #1 is the button
Seat 1: sos fric ($9.15 in chips) 
Seat 2: GypsyBaron ($19.78 in chips) 
Seat 3: iboyo420 ($7.66 in chips) 
Seat 4: Dorex2007 ($10 in chips) 
Seat 5: Sundin177 ($22.94 in chips) 
Seat 6: SBA10 ($9.31 in chips) 
Seat 7: PauloCesarH ($19.02 in chips) 
Seat 8: pocho1429 ($9.59 in chips) 
Seat 9: zeroDeLucro ($12.06 in chips) 
GypsyBaron: posts small blind $0.05
iboyo420: posts big blind $0.10
*** HOLE CARDS ***
Dealt to Dorex2007 [Qs 5s]
Dorex2007: folds 
Sundin177: folds 
SBA10: folds 
PauloCesarH: folds 
pocho1429: calls $0.10
zeroDeLucro: folds 
sos fric: raises $0.20 to $0.30
GypsyBaron: folds 
iboyo420: calls $0.20
pocho1429: calls $0.20
*** FLOP *** [7s Tc 7h]
iboyo420: bets $0.40
pocho1429: calls $0.40
sos fric: folds 
*** TURN *** [7s Tc 7h] [Jh]
iboyo420: checks 
pocho1429: checks 
*** RIVER *** [7s Tc 7h Jh] [Kh]
iboyo420: checks 
pocho1429: checks 
*** SHOW DOWN ***
iboyo420: shows [8s As] (a pair of Sevens)
pocho1429: shows [Ts Ks] (two pair, Kings and Tens)
pocho1429 collected $1.67 from pot
*** SUMMARY ***
Total pot $1.75 | Rake $0.08 
Board [7s Tc 7h Jh Kh]
Seat 1: sos fric (button) folded on the Flop
Seat 2: GypsyBaron (small blind) folded before Flop
Seat 3: iboyo420 (big blind) showed [8s As] and lost with a pair of Sevens
Seat 4: Dorex2007 folded before Flop (didn't bet)
Seat 5: Sundin177 folded before Flop (didn't bet)
Seat 6: SBA10 folded before Flop (didn't bet)
Seat 7: PauloCesarH folded before Flop (didn't bet)
Seat 8: pocho1429 showed [Ts Ks] and won ($1.67) with two pair, Kings and Tens
Seat 9: zeroDeLucro folded before Flop (didn't bet)



PokerStars Hand #239001763595:  Hold'em No Limit ($0.05/$0.10 USD) - 2022/10/02 17:12:58 PT [2022/10/02 20:12:58 ET]
Table 'Josefa' 9-max Seat #2 is the button
Seat 1: sos fric ($8.85 in chips) 
Seat 2: GypsyBaron ($19.73 in chips) 
Seat 3: iboyo420 ($6.96 in chips) 
Seat 4: Dorex2007 ($10 in chips) 
Seat 5: Sundin177 ($22.94 in chips) 
Seat 6: SBA10 ($9.31 in chips) 
Seat 7: PauloCesarH ($19.02 in chips) 
Seat 8: pocho1429 ($10.56 in chips) 
Seat 9: zeroDeLucro ($12.06 in chips) 
iboyo420: posts small blind $0.05
Dorex2007: posts big blind $0.10
*** HOLE CARDS ***
Dealt to Dorex2007 [8h Qs]
Sundin177: folds 
SBA10: folds 
PauloCesarH: folds 
pocho1429: folds 
zeroDeLucro: folds 
sos fric: folds 
GypsyBaron: folds 
iboyo420: calls $0.05
Dorex2007: checks 
*** FLOP *** [2h Kh Th]
iboyo420: bets $0.20
Dorex2007: folds 
Uncalled bet ($0.20) returned to iboyo420
iboyo420 collected $0.19 from pot
*** SUMMARY ***
Total pot $0.20 | Rake $0.01 
Board [2h Kh Th]
Seat 1: sos fric folded before Flop (didn't bet)
Seat 2: GypsyBaron (button) folded before Flop (didn't bet)
Seat 3: iboyo420 (small blind) collected ($0.19)
Seat 4: Dorex2007 (big blind) folded on the Flop
Seat 5: Sundin177 folded before Flop (didn't bet)
Seat 6: SBA10 folded before Flop (didn't bet)
Seat 7: PauloCesarH folded before Flop (didn't bet)
Seat 8: pocho1429 folded before Flop (didn't bet)
Seat 9: zeroDeLucro folded before Flop (didn't bet)



PokerStars Hand #239001768360:  Hold'em No Limit ($0.05/$0.10 USD) - 2022/10/02 17:13:21 PT [2022/10/02 20:13:21 ET]
Table 'Josefa' 9-max Seat #3 is the button
Seat 1: sos fric ($8.85 in chips) 
Seat 2: GypsyBaron ($19.73 in chips) 
Seat 3: iboyo420 ($7.05 in chips) 
Seat 4: Dorex2007 ($10 in chips) 
Seat 5: Sundin177 ($22.94 in chips) 
Seat 6: SBA10 ($9.31 in chips) 
Seat 7: PauloCesarH ($19.02 in chips) 
Seat 8: pocho1429 ($10.56 in chips) 
Seat 9: zeroDeLucro ($12.06 in chips) 
Dorex2007: posts small blind $0.05
Sundin177: posts big blind $0.10
*** HOLE CARDS ***
Dealt to Dorex2007 [Qc Js]
SBA10: folds 
PauloCesarH: raises $0.15 to $0.25
pocho1429: folds 
zeroDeLucro: folds 
sos fric: folds 
GypsyBaron: folds 
iboyo420: folds 
iboyo420 leaves the table
Dorex2007: folds 
Sundin177: folds 
Uncalled bet ($0.15) returned to PauloCesarH
PauloCesarH collected $0.25 from pot
PauloCesarH: doesn't show hand 
*** SUMMARY ***
Total pot $0.25 | Rake $0 
Seat 1: sos fric folded before Flop (didn't bet)
Seat 2: GypsyBaron folded before Flop (didn't bet)
Seat 3: iboyo420 (button) folded before Flop (didn't bet)
Seat 4: Dorex2007 (small blind) folded before Flop
Seat 5: Sundin177 (big blind) folded before Flop
Seat 6: SBA10 folded before Flop (didn't bet)
Seat 7: PauloCesarH collected ($0.25)
Seat 8: pocho1429 folded before Flop (didn't bet)
Seat 9: zeroDeLucro folded before Flop (didn't bet)



PokerStars Hand #239001773335:  Hold'em No Limit ($0.05/$0.10 USD) - 2022/10/02 17:13:45 PT [2022/10/02 20:13:45 ET]
Table 'Josefa' 9-max Seat #4 is the button
Seat 1: sos fric ($8.85 in chips) 
Seat 2: GypsyBaron ($19.73 in chips) 
Seat 4: Dorex2007 ($10 in chips) 
Seat 5: Sundin177 ($22.84 in chips) 
Seat 6: SBA10 ($9.31 in chips) 
Seat 7: PauloCesarH ($19.17 in chips) 
Seat 8: pocho1429 ($10.56 in chips) 
Seat 9: zeroDeLucro ($12.06 in chips) 
Sundin177: posts small blind $0.05
SBA10: posts big blind $0.10
*** HOLE CARDS ***
Dealt to Dorex2007 [Qh 2s]
PauloCesarH: calls $0.10
pocho1429: folds 
zeroDeLucro: folds 
sos fric: folds 
saac_txz joins the table at seat #3 
GypsyBaron: folds 
Dorex2007: folds 
Sundin177: folds 
SBA10: checks 
*** FLOP *** [Ac 4h Td]
SBA10: checks 
PauloCesarH: checks 
*** TURN *** [Ac 4h Td] [6d]
SBA10: bets $0.16
PauloCesarH: calls $0.16
*** RIVER *** [Ac 4h Td 6d] [9h]
SBA10: bets $0.36
PauloCesarH: calls $0.36
*** SHOW DOWN ***
SBA10: shows [Ad 9s] (two pair, Aces and Nines)
PauloCesarH: mucks hand 
SBA10 collected $1.23 from pot
*** SUMMARY ***
Total pot $1.29 | Rake $0.06 
Board [Ac 4h Td 6d 9h]
Seat 1: sos fric folded before Flop (didn't bet)
Seat 2: GypsyBaron folded before Flop (didn't bet)
Seat 4: Dorex2007 (button) folded before Flop (didn't bet)
Seat 5: Sundin177 (small blind) folded before Flop
Seat 6: SBA10 (big blind) showed [Ad 9s] and won ($1.23) with two pair, Aces and Nines
Seat 7: PauloCesarH mucked [Ah 7h]
Seat 8: pocho1429 folded before Flop (didn't bet)
Seat 9: zeroDeLucro folded before Flop (didn't bet)



PokerStars Hand #239001782082:  Hold'em No Limit ($0.05/$0.10 USD) - 2022/10/02 17:14:28 PT [2022/10/02 20:14:28 ET]
Table 'Josefa' 9-max Seat #5 is the button
Seat 1: sos fric ($8.85 in chips) 
Seat 2: GypsyBaron ($19.73 in chips) 
Seat 3: saac_txz ($4 in chips) 
Seat 4: Dorex2007 ($10 in chips) 
Seat 5: Sundin177 ($22.79 in chips) 
Seat 6: SBA10 ($9.92 in chips) 
Seat 8: pocho1429 ($10.56 in chips) 
Seat 9: zeroDeLucro ($12.06 in chips) 
SBA10: posts small blind $0.05
PauloCesarH: is sitting out 
pocho1429: posts big blind $0.10
saac_txz: posts big blind $0.10
*** HOLE CARDS ***
Dealt to Dorex2007 [Ks 3h]
zeroDeLucro: folds 
sos fric: raises $0.20 to $0.30
GypsyBaron: folds 
PauloCesarH leaves the table
saac_txz: calls $0.20
Dorex2007: folds 
Sundin177: folds 
SBA10: folds 
pocho1429: calls $0.20
*** FLOP *** [Ad Ts 2h]
pocho1429: checks 
sos fric: bets $0.50
saac_txz: calls $0.50
pocho1429: folds 
*** TURN *** [Ad Ts 2h] [8d]
sos fric: bets $1
saac_txz: folds 
Uncalled bet ($1) returned to sos fric
sos fric collected $1.86 from pot
sos fric: doesn't show hand 
*** SUMMARY ***
Total pot $1.95 | Rake $0.09 
Board [Ad Ts 2h 8d]
Seat 1: sos fric collected ($1.86)
Seat 2: GypsyBaron folded before Flop (didn't bet)
Seat 3: saac_txz folded on the Turn
Seat 4: Dorex2007 folded before Flop (didn't bet)
Seat 5: Sundin177 (button) folded before Flop (didn't bet)
Seat 6: SBA10 (small blind) folded before Flop
Seat 8: pocho1429 (big blind) folded on the Flop
Seat 9: zeroDeLucro folded before Flop (didn't bet)



PokerStars Hand #239001791235:  Hold'em No Limit ($0.05/$0.10 USD) - 2022/10/02 17:15:12 PT [2022/10/02 20:15:12 ET]
Table 'Josefa' 9-max Seat #6 is the button
Seat 1: sos fric ($9.91 in chips) 
Seat 2: GypsyBaron ($19.73 in chips) 
Seat 3: saac_txz ($3.20 in chips) 
Seat 4: Dorex2007 ($10 in chips) 
Seat 5: Sundin177 ($22.79 in chips) 
Seat 6: SBA10 ($9.87 in chips) 
Seat 8: pocho1429 ($10.26 in chips) 
Seat 9: zeroDeLucro ($12.06 in chips) 
pocho1429: posts small blind $0.05
zeroDeLucro: posts big blind $0.10
*** HOLE CARDS ***
Dealt to Dorex2007 [5s 9c]
j bugat joins the table at seat #7 
sos fric: folds 
GypsyBaron: folds 
saac_txz: folds 
Dorex2007: folds 
Sundin177: folds 
SBA10: raises $0.15 to $0.25
pocho1429: folds 
zeroDeLucro: folds 
Uncalled bet ($0.15) returned to SBA10
SBA10 collected $0.25 from pot
SBA10: doesn't show hand 
*** SUMMARY ***
Total pot $0.25 | Rake $0 
Seat 1: sos fric folded before Flop (didn't bet)
Seat 2: GypsyBaron folded before Flop (didn't bet)
Seat 3: saac_txz folded before Flop (didn't bet)
Seat 4: Dorex2007 folded before Flop (didn't bet)
Seat 5: Sundin177 folded before Flop (didn't bet)
Seat 6: SBA10 (button) collected ($0.25)
Seat 8: pocho1429 (small blind) folded before Flop
Seat 9: zeroDeLucro (big blind) folded before Flop



PokerStars Hand #239001795093:  Hold'em No Limit ($0.05/$0.10 USD) - 2022/10/02 17:15:30 PT [2022/10/02 20:15:30 ET]
Table 'Josefa' 9-max Seat #8 is the button
Seat 1: sos fric ($9.91 in chips) 
Seat 2: GypsyBaron ($19.73 in chips) 
Seat 3: saac_txz ($3.20 in chips) 
Seat 4: Dorex2007 ($10 in chips) 
Seat 5: Sundin177 ($22.79 in chips) 
Seat 6: SBA10 ($10.02 in chips) 
Seat 7: j bugat ($8 in chips) 
Seat 8: pocho1429 ($10.21 in chips) 
Seat 9: zeroDeLucro ($11.96 in chips) 
zeroDeLucro: posts small blind $0.05
sos fric: posts big blind $0.10
j bugat: posts big blind $0.10
*** HOLE CARDS ***
Dealt to Dorex2007 [6h 5h]
GypsyBaron: folds 
saac_txz: folds 
Dorex2007: folds 
Sundin177: raises $0.35 to $0.45
SBA10: folds 
j bugat: calls $0.35
pocho1429: folds 
zeroDeLucro: folds 
sos fric: folds 
*** FLOP *** [9c Ad 9s]
Sundin177: checks 
j bugat: checks 
*** TURN *** [9c Ad 9s] [Th]
Sundin177: checks 
j bugat: checks 
*** RIVER *** [9c Ad 9s Th] [2h]
Sundin177: checks 
j bugat: bets $0.50
Sundin177: folds 
Uncalled bet ($0.50) returned to j bugat
j bugat collected $1 from pot
*** SUMMARY ***
Total pot $1.05 | Rake $0.05 
Board [9c Ad 9s Th 2h]
Seat 1: sos fric (big blind) folded before Flop
Seat 2: GypsyBaron folded before Flop (didn't bet)
Seat 3: saac_txz folded before Flop (didn't bet)
Seat 4: Dorex2007 folded before Flop (didn't bet)
Seat 5: Sundin177 folded on the River
Seat 6: SBA10 folded before Flop (didn't bet)
Seat 7: j bugat collected ($1)
Seat 8: pocho1429 (button) folded before Flop (didn't bet)
Seat 9: zeroDeLucro (small blind) folded before Flop



PokerStars Hand #239001803570:  Hold'em No Limit ($0.05/$0.10 USD) - 2022/10/02 17:16:10 PT [2022/10/02 20:16:10 ET]
Table 'Josefa' 9-max Seat #9 is the button
Seat 1: sos fric ($9.81 in chips) 
Seat 2: GypsyBaron ($19.73 in chips) 
Seat 3: saac_txz ($3.20 in chips) 
Seat 4: Dorex2007 ($10 in chips) 
Seat 5: Sundin177 ($22.34 in chips) 
Seat 6: SBA10 ($10.02 in chips) 
Seat 7: j bugat ($8.55 in chips) 
Seat 8: pocho1429 ($10.21 in chips) 
Seat 9: zeroDeLucro ($11.91 in chips) 
sos fric: posts small blind $0.05
GypsyBaron: posts big blind $0.10
*** HOLE CARDS ***
Dealt to Dorex2007 [3h 8c]
saac_txz: calls $0.10
Dorex2007: folds 
Sundin177: folds 
SBA10: folds 
j bugat: calls $0.10
pocho1429: folds 
zeroDeLucro: folds 
sos fric: folds 
GypsyBaron: checks 
*** FLOP *** [9s Kh 3c]
GypsyBaron: checks 
saac_txz: checks 
j bugat: checks 
*** TURN *** [9s Kh 3c] [Ad]
GypsyBaron: checks 
saac_txz: bets $0.10
j bugat: folds 
GypsyBaron: folds 
Uncalled bet ($0.10) returned to saac_txz
saac_txz collected $0.33 from pot
saac_txz: doesn't show hand 
*** SUMMARY ***
Total pot $0.35 | Rake $0.02 
Board [9s Kh 3c Ad]
Seat 1: sos fric (small blind) folded before Flop
Seat 2: GypsyBaron (big blind) folded on the Turn
Seat 3: saac_txz collected ($0.33)
Seat 4: Dorex2007 folded before Flop (didn't bet)
Seat 5: Sundin177 folded before Flop (didn't bet)
Seat 6: SBA10 folded before Flop (didn't bet)
Seat 7: j bugat folded on the Turn
Seat 8: pocho1429 folded before Flop (didn't bet)
Seat 9: zeroDeLucro (button) folded before Flop (didn't bet)



PokerStars Hand #239001811450:  Hold'em No Limit ($0.05/$0.10 USD) - 2022/10/02 17:16:48 PT [2022/10/02 20:16:48 ET]
Table 'Josefa' 9-max Seat #1 is the button
Seat 1: sos fric ($9.76 in chips) 
Seat 2: GypsyBaron ($19.63 in chips) 
Seat 3: saac_txz ($3.43 in chips) 
Seat 4: Dorex2007 ($10 in chips) 
Seat 5: Sundin177 ($22.34 in chips) 
Seat 6: SBA10 ($10.02 in chips) 
Seat 7: j bugat ($8.45 in chips) 
Seat 8: pocho1429 ($10.21 in chips) 
Seat 9: zeroDeLucro ($11.91 in chips) 
GypsyBaron: posts small blind $0.05
saac_txz: posts big blind $0.10
*** HOLE CARDS ***
Dealt to Dorex2007 [Qd 7d]
Dorex2007: folds 
Sundin177: folds 
SBA10: folds 
j bugat: folds 
pocho1429: folds 
zeroDeLucro: folds 
sos fric: folds 
GypsyBaron: calls $0.05
saac_txz: checks 
*** FLOP *** [Kh 3h 9h]
GypsyBaron: checks 
saac_txz: checks 
*** TURN *** [Kh 3h 9h] [Td]
GypsyBaron: bets $0.10
saac_txz: folds 
Uncalled bet ($0.10) returned to GypsyBaron
GypsyBaron collected $0.19 from pot
GypsyBaron: doesn't show hand 
*** SUMMARY ***
Total pot $0.20 | Rake $0.01 
Board [Kh 3h 9h Td]
Seat 1: sos fric (button) folded before Flop (didn't bet)
Seat 2: GypsyBaron (small blind) collected ($0.19)
Seat 3: saac_txz (big blind) folded on the Turn
Seat 4: Dorex2007 folded before Flop (didn't bet)
Seat 5: Sundin177 folded before Flop (didn't bet)
Seat 6: SBA10 folded before Flop (didn't bet)
Seat 7: j bugat folded before Flop (didn't bet)
Seat 8: pocho1429 folded before Flop (didn't bet)
Seat 9: zeroDeLucro folded before Flop (didn't bet)



PokerStars Hand #239001818078:  Hold'em No Limit ($0.05/$0.10 USD) - 2022/10/02 17:17:20 PT [2022/10/02 20:17:20 ET]
Table 'Josefa' 9-max Seat #2 is the button
Seat 1: sos fric ($9.76 in chips) 
Seat 2: GypsyBaron ($19.72 in chips) 
Seat 3: saac_txz ($3.33 in chips) 
Seat 4: Dorex2007 ($10 in chips) 
Seat 5: Sundin177 ($22.34 in chips) 
Seat 6: SBA10 ($10.02 in chips) 
Seat 7: j bugat ($8.45 in chips) 
Seat 8: pocho1429 ($10.21 in chips) 
Seat 9: zeroDeLucro ($11.91 in chips) 
saac_txz: posts small blind $0.05
Dorex2007: posts big blind $0.10
*** HOLE CARDS ***
Dealt to Dorex2007 [7c As]
Sundin177: folds 
SBA10: raises $0.15 to $0.25
j bugat: folds 
pocho1429: folds 
zeroDeLucro: folds 
sos fric: folds 
GypsyBaron: folds 
saac_txz: folds 
Dorex2007: folds 
Uncalled bet ($0.15) returned to SBA10
SBA10 collected $0.25 from pot
SBA10: doesn't show hand 
*** SUMMARY ***
Total pot $0.25 | Rake $0 
Seat 1: sos fric folded before Flop (didn't bet)
Seat 2: GypsyBaron (button) folded before Flop (didn't bet)
Seat 3: saac_txz (small blind) folded before Flop
Seat 4: Dorex2007 (big blind) folded before Flop
Seat 5: Sundin177 folded before Flop (didn't bet)
Seat 6: SBA10 collected ($0.25)
Seat 7: j bugat folded before Flop (didn't bet)
Seat 8: pocho1429 folded before Flop (didn't bet)
Seat 9: zeroDeLucro folded before Flop (didn't bet)



PokerStars Hand #239001821920:  Hold'em No Limit ($0.05/$0.10 USD) - 2022/10/02 17:17:39 PT [2022/10/02 20:17:39 ET]
Table 'Josefa' 9-max Seat #3 is the button
Seat 1: sos fric ($9.76 in chips) 
Seat 2: GypsyBaron ($19.72 in chips) 
Seat 3: saac_txz ($3.28 in chips) 
Seat 4: Dorex2007 ($10 in chips) 
Seat 5: Sundin177 ($22.34 in chips) 
Seat 6: SBA10 ($10.17 in chips) 
Seat 7: j bugat ($8.45 in chips) 
Seat 8: pocho1429 ($10.21 in chips) 
Seat 9: zeroDeLucro ($11.91 in chips) 
Dorex2007: posts small blind $0.05
Sundin177: posts big blind $0.10
*** HOLE CARDS ***
Dealt to Dorex2007 [As Jh]
SBA10: folds 
j bugat: calls $0.10
pocho1429: folds 
zeroDeLucro: folds 
sos fric: folds 
GypsyBaron: folds 
saac_txz: folds 
Dorex2007: calls $0.05
Sundin177: checks 
*** FLOP *** [4h 8h Jc]
Dorex2007: checks 
Sundin177: checks 
j bugat: bets $0.14
Dorex2007: calls $0.14
Sundin177: folds 
*** TURN *** [4h 8h Jc] [3s]
Dorex2007: bets $0.37
j bugat: calls $0.37
*** RIVER *** [4h 8h Jc 3s] [5s]
Dorex2007: bets $1.26
j bugat: calls $1.26
*** SHOW DOWN ***
Dorex2007: shows [As Jh] (a pair of Jacks)
j bugat: mucks hand 
Dorex2007 collected $3.67 from pot
*** SUMMARY ***
Total pot $3.84 | Rake $0.17 
Board [4h 8h Jc 3s 5s]
Seat 1: sos fric folded before Flop (didn't bet)
Seat 2: GypsyBaron folded before Flop (didn't bet)
Seat 3: saac_txz (button) folded before Flop (didn't bet)
Seat 4: Dorex2007 (small blind) showed [As Jh] and won ($3.67) with a pair of Jacks
Seat 5: Sundin177 (big blind) folded on the Flop
Seat 6: SBA10 folded before Flop (didn't bet)
Seat 7: j bugat mucked [Js Qd]
Seat 8: pocho1429 folded before Flop (didn't bet)
Seat 9: zeroDeLucro folded before Flop (didn't bet)



PokerStars Hand #239001830810:  Hold'em No Limit ($0.05/$0.10 USD) - 2022/10/02 17:18:22 PT [2022/10/02 20:18:22 ET]
Table 'Josefa' 9-max Seat #4 is the button
Seat 1: sos fric ($9.76 in chips) 
Seat 2: GypsyBaron ($19.72 in chips) 
Seat 3: saac_txz ($3.28 in chips) 
Seat 4: Dorex2007 ($11.80 in chips) 
Seat 5: Sundin177 ($22.24 in chips) 
Seat 6: SBA10 ($10.17 in chips) 
Seat 7: j bugat ($6.58 in chips) 
Seat 8: pocho1429 ($10.21 in chips) 
Seat 9: zeroDeLucro ($11.91 in chips) 
Sundin177: posts small blind $0.05
SBA10: posts big blind $0.10
*** HOLE CARDS ***
Dealt to Dorex2007 [9h Jd]
j bugat: raises $0.20 to $0.30
pocho1429: folds 
zeroDeLucro: folds 
sos fric: calls $0.30
GypsyBaron: folds 
saac_txz: folds 
Dorex2007: folds 
Sundin177: folds 
SBA10: folds 
*** FLOP *** [7c Kc 6d]
j bugat: bets $0.30
sos fric: folds 
Uncalled bet ($0.30) returned to j bugat
j bugat collected $0.72 from pot
*** SUMMARY ***
Total pot $0.75 | Rake $0.03 
Board [7c Kc 6d]
Seat 1: sos fric folded on the Flop
Seat 2: GypsyBaron folded before Flop (didn't bet)
Seat 3: saac_txz folded before Flop (didn't bet)
Seat 4: Dorex2007 (button) folded before Flop (didn't bet)
Seat 5: Sundin177 (small blind) folded before Flop
Seat 6: SBA10 (big blind) folded before Flop
Seat 7: j bugat collected ($0.72)
Seat 8: pocho1429 folded before Flop (didn't bet)
Seat 9: zeroDeLucro folded before Flop (didn't bet)



PokerStars Hand #239001837589:  Hold'em No Limit ($0.05/$0.10 USD) - 2022/10/02 17:18:55 PT [2022/10/02 20:18:55 ET]
Table 'Josefa' 9-max Seat #5 is the button
Seat 1: sos fric ($9.46 in chips) 
Seat 2: GypsyBaron ($19.72 in chips) 
Seat 3: saac_txz ($3.28 in chips) 
Seat 4: Dorex2007 ($11.80 in chips) 
Seat 5: Sundin177 ($22.19 in chips) 
Seat 6: SBA10 ($10.07 in chips) 
Seat 7: j bugat ($7 in chips) 
Seat 8: pocho1429 ($10.21 in chips) 
Seat 9: zeroDeLucro ($11.91 in chips) 
SBA10: posts small blind $0.05
j bugat: posts big blind $0.10
*** HOLE CARDS ***
Dealt to Dorex2007 [Jh Jd]
pocho1429: folds 
zeroDeLucro: folds 
sos fric: folds 
GypsyBaron: folds 
saac_txz: folds 
Dorex2007: raises $0.20 to $0.30
Sundin177: raises $0.75 to $1.05
SBA10: folds 
j bugat: folds 
Dorex2007: calls $0.75
*** FLOP *** [9c 8d 9d]
Dorex2007: checks 
Sundin177: checks 
*** TURN *** [9c 8d 9d] [9s]
Dorex2007: bets $10.75 and is all-in
Sundin177: folds 
Uncalled bet ($10.75) returned to Dorex2007
Dorex2007 collected $2.15 from pot
Dorex2007: doesn't show hand 
*** SUMMARY ***
Total pot $2.25 | Rake $0.10 
Board [9c 8d 9d 9s]
Seat 1: sos fric folded before Flop (didn't bet)
Seat 2: GypsyBaron folded before Flop (didn't bet)
Seat 3: saac_txz folded before Flop (didn't bet)
Seat 4: Dorex2007 collected ($2.15)
Seat 5: Sundin177 (button) folded on the Turn
Seat 6: SBA10 (small blind) folded before Flop
Seat 7: j bugat (big blind) folded before Flop
Seat 8: pocho1429 folded before Flop (didn't bet)
Seat 9: zeroDeLucro folded before Flop (didn't bet)



PokerStars Hand #239001850862:  Hold'em No Limit ($0.05/$0.10 USD) - 2022/10/02 17:19:59 PT [2022/10/02 20:19:59 ET]
Table 'Josefa' 9-max Seat #6 is the button
Seat 1: sos fric ($9.46 in chips) 
Seat 2: GypsyBaron ($19.72 in chips) 
Seat 3: saac_txz ($3.28 in chips) 
Seat 4: Dorex2007 ($12.90 in chips) 
Seat 5: Sundin177 ($21.14 in chips) 
Seat 6: SBA10 ($10.02 in chips) 
Seat 7: j bugat ($6.90 in chips) 
Seat 8: pocho1429 ($10.21 in chips) 
Seat 9: zeroDeLucro ($11.91 in chips) 
j bugat: posts small blind $0.05
pocho1429: posts big blind $0.10
*** HOLE CARDS ***
Dealt to Dorex2007 [3d Qs]
zeroDeLucro: folds 
sos fric: folds 
GypsyBaron: folds 
saac_txz: folds 
Dorex2007: folds 
Sundin177: folds 
SBA10: folds 
j bugat: calls $0.05
pocho1429: checks 
*** FLOP *** [Js 9d 6h]
j bugat: bets $0.10
pocho1429: folds 
Uncalled bet ($0.10) returned to j bugat
j bugat collected $0.19 from pot
*** SUMMARY ***
Total pot $0.20 | Rake $0.01 
Board [Js 9d 6h]
Seat 1: sos fric folded before Flop (didn't bet)
Seat 2: GypsyBaron folded before Flop (didn't bet)
Seat 3: saac_txz folded before Flop (didn't bet)
Seat 4: Dorex2007 folded before Flop (didn't bet)
Seat 5: Sundin177 folded before Flop (didn't bet)
Seat 6: SBA10 (button) folded before Flop (didn't bet)
Seat 7: j bugat (small blind) collected ($0.19)
Seat 8: pocho1429 (big blind) folded on the Flop
Seat 9: zeroDeLucro folded before Flop (didn't bet)



PokerStars Hand #239001855734:  Hold'em No Limit ($0.05/$0.10 USD) - 2022/10/02 17:20:22 PT [2022/10/02 20:20:22 ET]
Table 'Josefa' 9-max Seat #7 is the button
Seat 1: sos fric ($9.46 in chips) 
Seat 2: GypsyBaron ($19.72 in chips) 
Seat 3: saac_txz ($3.28 in chips) 
Seat 4: Dorex2007 ($12.90 in chips) 
Seat 5: Sundin177 ($21.14 in chips) 
Seat 6: SBA10 ($10.02 in chips) 
Seat 7: j bugat ($6.99 in chips) 
Seat 8: pocho1429 ($10.11 in chips) 
Seat 9: zeroDeLucro ($11.91 in chips) 
pocho1429: posts small blind $0.05
zeroDeLucro: posts big blind $0.10
*** HOLE CARDS ***
Dealt to Dorex2007 [7d 3h]
sos fric: raises $0.20 to $0.30
GypsyBaron: folds 
saac_txz: calls $0.30
Dorex2007: folds 
Sundin177: folds 
SBA10: folds 
j bugat: folds 
pocho1429: calls $0.25
zeroDeLucro: folds 
*** FLOP *** [Kd 8h Jd]
pocho1429: checks 
sos fric: checks 
saac_txz: bets $0.10
pocho1429: folds 
sos fric: calls $0.10
*** TURN *** [Kd 8h Jd] [Js]
sos fric: checks 
saac_txz: bets $0.10
sos fric: calls $0.10
*** RIVER *** [Kd 8h Jd Js] [6h]
sos fric: checks 
saac_txz: bets $0.67
sos fric: folds 
Uncalled bet ($0.67) returned to saac_txz
saac_txz collected $1.34 from pot
saac_txz: doesn't show hand 
*** SUMMARY ***
Total pot $1.40 | Rake $0.06 
Board [Kd 8h Jd Js 6h]
Seat 1: sos fric folded on the River
Seat 2: GypsyBaron folded before Flop (didn't bet)
Seat 3: saac_txz collected ($1.34)
Seat 4: Dorex2007 folded before Flop (didn't bet)
Seat 5: Sundin177 folded before Flop (didn't bet)
Seat 6: SBA10 folded before Flop (didn't bet)
Seat 7: j bugat (button) folded before Flop (didn't bet)
Seat 8: pocho1429 (small blind) folded on the Flop
Seat 9: zeroDeLucro (big blind) folded before Flop



PokerStars Hand #239001865501:  Hold'em No Limit ($0.05/$0.10 USD) - 2022/10/02 17:21:10 PT [2022/10/02 20:21:10 ET]
Table 'Josefa' 9-max Seat #8 is the button
Seat 1: sos fric ($8.96 in chips) 
Seat 2: GypsyBaron ($19.72 in chips) 
Seat 3: saac_txz ($4.12 in chips) 
Seat 4: Dorex2007 ($12.90 in chips) 
Seat 5: Sundin177 ($21.14 in chips) 
Seat 6: SBA10 ($10.02 in chips) 
Seat 7: j bugat ($6.99 in chips) 
Seat 8: pocho1429 ($9.81 in chips) 
Seat 9: zeroDeLucro ($11.81 in chips) 
zeroDeLucro: posts small blind $0.05
sos fric: posts big blind $0.10
*** HOLE CARDS ***
Dealt to Dorex2007 [7d Js]
GypsyBaron: folds 
saac_txz: folds 
Dorex2007: folds 
Sundin177: folds 
SBA10: raises $0.15 to $0.25
j bugat: folds 
pocho1429: folds 
zeroDeLucro: calls $0.20
sos fric: folds 
*** FLOP *** [8h 9d Kh]
zeroDeLucro: checks 
SBA10: bets $0.29
zeroDeLucro: folds 
Uncalled bet ($0.29) returned to SBA10
SBA10 collected $0.57 from pot
SBA10: doesn't show hand 
*** SUMMARY ***
Total pot $0.60 | Rake $0.03 
Board [8h 9d Kh]
Seat 1: sos fric (big blind) folded before Flop
Seat 2: GypsyBaron folded before Flop (didn't bet)
Seat 3: saac_txz folded before Flop (didn't bet)
Seat 4: Dorex2007 folded before Flop (didn't bet)
Seat 5: Sundin177 folded before Flop (didn't bet)
Seat 6: SBA10 collected ($0.57)
Seat 7: j bugat folded before Flop (didn't bet)
Seat 8: pocho1429 (button) folded before Flop (didn't bet)
Seat 9: zeroDeLucro (small blind) folded on the Flop



PokerStars Hand #239001873221:  Hold'em No Limit ($0.05/$0.10 USD) - 2022/10/02 17:21:47 PT [2022/10/02 20:21:47 ET]
Table 'Josefa' 9-max Seat #9 is the button
Seat 1: sos fric ($8.86 in chips) 
Seat 2: GypsyBaron ($19.72 in chips) 
Seat 3: saac_txz ($4.12 in chips) 
Seat 4: Dorex2007 ($12.90 in chips) 
Seat 5: Sundin177 ($21.14 in chips) 
Seat 6: SBA10 ($10.34 in chips) 
Seat 7: j bugat ($6.99 in chips) 
Seat 8: pocho1429 ($9.81 in chips) 
Seat 9: zeroDeLucro ($11.56 in chips) 
sos fric: posts small blind $0.05
GypsyBaron: posts big blind $0.10
*** HOLE CARDS ***
Dealt to Dorex2007 [Jh 4s]
saac_txz: folds 
Dorex2007: folds 
Sundin177: folds 
SBA10: folds 
j bugat: raises $0.20 to $0.30
pocho1429: folds 
zeroDeLucro: folds 
sos fric: folds 
GypsyBaron: folds 
Uncalled bet ($0.20) returned to j bugat
j bugat collected $0.25 from pot
*** SUMMARY ***
Total pot $0.25 | Rake $0 
Seat 1: sos fric (small blind) folded before Flop
Seat 2: GypsyBaron (big blind) folded before Flop
Seat 3: saac_txz folded before Flop (didn't bet)
Seat 4: Dorex2007 folded before Flop (didn't bet)
Seat 5: Sundin177 folded before Flop (didn't bet)
Seat 6: SBA10 folded before Flop (didn't bet)
Seat 7: j bugat collected ($0.25)
Seat 8: pocho1429 folded before Flop (didn't bet)
Seat 9: zeroDeLucro (button) folded before Flop (didn't bet)



PokerStars Hand #239001877213:  Hold'em No Limit ($0.05/$0.10 USD) - 2022/10/02 17:22:07 PT [2022/10/02 20:22:07 ET]
Table 'Josefa' 9-max Seat #1 is the button
Seat 1: sos fric ($8.81 in chips) 
Seat 2: GypsyBaron ($19.62 in chips) 
Seat 3: saac_txz ($4.12 in chips) 
Seat 4: Dorex2007 ($12.90 in chips) 
Seat 5: Sundin177 ($21.14 in chips) 
Seat 6: SBA10 ($10.34 in chips) 
Seat 7: j bugat ($7.14 in chips) 
Seat 8: pocho1429 ($9.81 in chips) 
Seat 9: zeroDeLucro ($11.56 in chips) 
GypsyBaron: posts small blind $0.05
saac_txz: posts big blind $0.10
*** HOLE CARDS ***
Dealt to Dorex2007 [Qh 8c]
Dorex2007: folds 
Sundin177: folds 
SBA10: folds 
j bugat: folds 
pocho1429: calls $0.10
zeroDeLucro: folds 
sos fric: folds 
GypsyBaron: calls $0.05
saac_txz: checks 
*** FLOP *** [7s Kc 3d]
GypsyBaron: bets $0.10
saac_txz: folds 
pocho1429: folds 
Uncalled bet ($0.10) returned to GypsyBaron
GypsyBaron collected $0.29 from pot
GypsyBaron: doesn't show hand 
*** SUMMARY ***
Total pot $0.30 | Rake $0.01 
Board [7s Kc 3d]
Seat 1: sos fric (button) folded before Flop (didn't bet)
Seat 2: GypsyBaron (small blind) collected ($0.29)
Seat 3: saac_txz (big blind) folded on the Flop
Seat 4: Dorex2007 folded before Flop (didn't bet)
Seat 5: Sundin177 folded before Flop (didn't bet)
Seat 6: SBA10 folded before Flop (didn't bet)
Seat 7: j bugat folded before Flop (didn't bet)
Seat 8: pocho1429 folded on the Flop
Seat 9: zeroDeLucro folded before Flop (didn't bet)



PokerStars Hand #239001883489:  Hold'em No Limit ($0.05/$0.10 USD) - 2022/10/02 17:22:37 PT [2022/10/02 20:22:37 ET]
Table 'Josefa' 9-max Seat #2 is the button
Seat 1: sos fric ($8.81 in chips) 
Seat 2: GypsyBaron ($19.81 in chips) 
Seat 3: saac_txz ($4.02 in chips) 
Seat 4: Dorex2007 ($12.90 in chips) 
Seat 5: Sundin177 ($21.14 in chips) 
Seat 6: SBA10 ($10.34 in chips) 
Seat 7: j bugat ($7.14 in chips) 
Seat 8: pocho1429 ($9.71 in chips) 
Seat 9: zeroDeLucro ($11.56 in chips) 
saac_txz: posts small blind $0.05
Dorex2007: posts big blind $0.10
*** HOLE CARDS ***
Dealt to Dorex2007 [3d Tc]
Sundin177: folds 
SBA10: folds 
j bugat: raises $0.10 to $0.20
pocho1429: folds 
zeroDeLucro: folds 
sos fric: calls $0.20
GypsyBaron: folds 
saac_txz: folds 
Dorex2007: folds 
*** FLOP *** [As Kh Jd]
j bugat: checks 
sos fric: bets $0.40
j bugat: folds 
Uncalled bet ($0.40) returned to sos fric
sos fric collected $0.53 from pot
sos fric: doesn't show hand 
*** SUMMARY ***
Total pot $0.55 | Rake $0.02 
Board [As Kh Jd]
Seat 1: sos fric collected ($0.53)
Seat 2: GypsyBaron (button) folded before Flop (didn't bet)
Seat 3: saac_txz (small blind) folded before Flop
Seat 4: Dorex2007 (big blind) folded before Flop
Seat 5: Sundin177 folded before Flop (didn't bet)
Seat 6: SBA10 folded before Flop (didn't bet)
Seat 7: j bugat folded on the Flop
Seat 8: pocho1429 folded before Flop (didn't bet)
Seat 9: zeroDeLucro folded before Flop (didn't bet)



PokerStars Hand #239001890212:  Hold'em No Limit ($0.05/$0.10 USD) - 2022/10/02 17:23:09 PT [2022/10/02 20:23:09 ET]
Table 'Josefa' 9-max Seat #3 is the button
Seat 1: sos fric ($9.14 in chips) 
Seat 2: GypsyBaron ($19.81 in chips) 
Seat 3: saac_txz ($3.97 in chips) 
Seat 4: Dorex2007 ($12.80 in chips) 
Seat 5: Sundin177 ($21.14 in chips) 
Seat 6: SBA10 ($10.34 in chips) 
Seat 7: j bugat ($6.94 in chips) 
Seat 8: pocho1429 ($9.71 in chips) 
Seat 9: zeroDeLucro ($11.56 in chips) 
Dorex2007: posts small blind $0.05
Sundin177: posts big blind $0.10
*** HOLE CARDS ***
Dealt to Dorex2007 [6s 2h]
SBA10: folds 
j bugat: folds 
pocho1429: folds 
zeroDeLucro: folds 
sos fric: raises $0.20 to $0.30
GypsyBaron: folds 
saac_txz: folds 
Dorex2007: folds 
Sundin177: folds 
Uncalled bet ($0.20) returned to sos fric
sos fric collected $0.25 from pot
sos fric: doesn't show hand 
*** SUMMARY ***
Total pot $0.25 | Rake $0 
Seat 1: sos fric collected ($0.25)
Seat 2: GypsyBaron folded before Flop (didn't bet)
Seat 3: saac_txz (button) folded before Flop (didn't bet)
Seat 4: Dorex2007 (small blind) folded before Flop
Seat 5: Sundin177 (big blind) folded before Flop
Seat 6: SBA10 folded before Flop (didn't bet)
Seat 7: j bugat folded before Flop (didn't bet)
Seat 8: pocho1429 folded before Flop (didn't bet)
Seat 9: zeroDeLucro folded before Flop (didn't bet)



PokerStars Hand #239001893416:  Hold'em No Limit ($0.05/$0.10 USD) - 2022/10/02 17:23:25 PT [2022/10/02 20:23:25 ET]
Table 'Josefa' 9-max Seat #4 is the button
Seat 1: sos fric ($9.29 in chips) 
Seat 2: GypsyBaron ($19.81 in chips) 
Seat 3: saac_txz ($3.97 in chips) 
Seat 4: Dorex2007 ($12.75 in chips) 
Seat 5: Sundin177 ($21.04 in chips) 
Seat 6: SBA10 ($10.34 in chips) 
Seat 7: j bugat ($6.94 in chips) 
Seat 8: pocho1429 ($9.71 in chips) 
Seat 9: zeroDeLucro ($11.56 in chips) 
Sundin177: posts small blind $0.05
SBA10: posts big blind $0.10
*** HOLE CARDS ***
Dealt to Dorex2007 [Qc Js]
j bugat: raises $0.20 to $0.30
pocho1429: folds 
zeroDeLucro: calls $0.30
sos fric: folds 
GypsyBaron: raises $19.51 to $19.81 and is all-in
saac_txz: folds 
Dorex2007: folds 
Sundin177: folds 
SBA10: folds 
j bugat: calls $6.64 and is all-in
zeroDeLucro: folds 
Uncalled bet ($12.87) returned to GypsyBaron
*** FLOP *** [5d 9s 6c]
*** TURN *** [5d 9s 6c] [Ad]
*** RIVER *** [5d 9s 6c Ad] [4d]
*** SHOW DOWN ***
j bugat: shows [Kh Qh] (high card Ace)
GypsyBaron: shows [Kd As] (a pair of Aces)
GypsyBaron collected $13.69 from pot
*** SUMMARY ***
Total pot $14.33 | Rake $0.64 
Board [5d 9s 6c Ad 4d]
Seat 1: sos fric folded before Flop (didn't bet)
Seat 2: GypsyBaron showed [Kd As] and won ($13.69) with a pair of Aces
Seat 3: saac_txz folded before Flop (didn't bet)
Seat 4: Dorex2007 (button) folded before Flop (didn't bet)
Seat 5: Sundin177 (small blind) folded before Flop
Seat 6: SBA10 (big blind) folded before Flop
Seat 7: j bugat showed [Kh Qh] and lost with high card Ace
Seat 8: pocho1429 folded before Flop (didn't bet)
Seat 9: zeroDeLucro folded before Flop



PokerStars Hand #239001900576:  Hold'em No Limit ($0.05/$0.10 USD) - 2022/10/02 17:24:00 PT [2022/10/02 20:24:00 ET]
Table 'Josefa' 9-max Seat #5 is the button
Seat 1: sos fric ($9.29 in chips) 
Seat 2: GypsyBaron ($26.56 in chips) 
Seat 3: saac_txz ($3.97 in chips) 
Seat 4: Dorex2007 ($12.75 in chips) 
Seat 5: Sundin177 ($20.99 in chips) 
Seat 6: SBA10 ($10.24 in chips) 
Seat 8: pocho1429 ($9.71 in chips) 
Seat 9: zeroDeLucro ($11.26 in chips) 
SBA10: posts small blind $0.05
pocho1429: posts big blind $0.10
*** HOLE CARDS ***
Dealt to Dorex2007 [Qc Qd]
j bugat leaves the table
zeroDeLucro: folds 
sos fric: folds 
GypsyBaron: folds 
saac_txz: folds 
Dorex2007: raises $0.25 to $0.35
A-money1507 joins the table at seat #7 
Sundin177: folds 
SBA10: folds 
pocho1429: folds 
Uncalled bet ($0.25) returned to Dorex2007
Dorex2007 collected $0.25 from pot
Dorex2007: doesn't show hand 
*** SUMMARY ***
Total pot $0.25 | Rake $0 
Seat 1: sos fric folded before Flop (didn't bet)
Seat 2: GypsyBaron folded before Flop (didn't bet)
Seat 3: saac_txz folded before Flop (didn't bet)
Seat 4: Dorex2007 collected ($0.25)
Seat 5: Sundin177 (button) folded before Flop (didn't bet)
Seat 6: SBA10 (small blind) folded before Flop
Seat 8: pocho1429 (big blind) folded before Flop
Seat 9: zeroDeLucro folded before Flop (didn't bet)



