PokerStars Hand #238074153889:  Hold'em No Limit ($0.02/$0.05 USD) - 2022/08/18 15:20:07 PT [2022/08/18 18:20:07 ET]
Table 'Appella III' 9-max Seat #6 is the button
Seat 1: Sutton1407 ($4.43 in chips) 
Seat 2: AGVsmarT ($3.39 in chips) 
Seat 3: babyfacebibs ($3.83 in chips) 
Seat 4: AssosManiki ($5.35 in chips) 
Seat 5: Dorex2007 ($5 in chips) 
Seat 6: blueberry ($5.09 in chips) 
Seat 8: gmitoi ($9.49 in chips) 
Seat 9: kukrapok_2 ($5 in chips) 
gmitoi: posts small blind $0.02
kukrapok_2: posts big blind $0.05
Dorex2007: posts big blind $0.05
*** HOLE CARDS ***
Dealt to Dorex2007 [5d 4s]
Sutton1407: raises $0.10 to $0.15
AGVsmarT: calls $0.15
babyfacebibs: folds 
AssosManiki: folds 
Dorex2007: folds 
blueberry: folds 
gmitoi: folds 
kukrapok_2: calls $0.10
*** FLOP *** [6c Jd 9s]
kukrapok_2: checks 
Sutton1407: bets $0.25
AGVsmarT: folds 
kukrapok_2: calls $0.25
*** TURN *** [6c Jd 9s] [8h]
kukrapok_2: checks 
Sutton1407: checks 
*** RIVER *** [6c Jd 9s 8h] [5c]
kukrapok_2: checks 
Sutton1407: checks 
*** SHOW DOWN ***
kukrapok_2: shows [6h Jh] (two pair, Jacks and Sixes)
Sutton1407: mucks hand 
kukrapok_2 collected $0.98 from pot
*** SUMMARY ***
Total pot $1.02 | Rake $0.04 
Board [6c Jd 9s 8h 5c]
Seat 1: Sutton1407 mucked [Ks Kd]
Seat 2: AGVsmarT folded on the Flop
Seat 3: babyfacebibs folded before Flop (didn't bet)
Seat 4: AssosManiki folded before Flop (didn't bet)
Seat 5: Dorex2007 folded before Flop (didn't bet)
Seat 6: blueberry (button) folded before Flop (didn't bet)
Seat 8: gmitoi (small blind) folded before Flop
Seat 9: kukrapok_2 (big blind) showed [6h Jh] and won ($0.98) with two pair, Jacks and Sixes



PokerStars Hand #238074171258:  Hold'em No Limit ($0.02/$0.05 USD) - 2022/08/18 15:21:00 PT [2022/08/18 18:21:00 ET]
Table 'Appella III' 9-max Seat #8 is the button
Seat 1: Sutton1407 ($4.03 in chips) 
Seat 2: AGVsmarT ($5 in chips) 
Seat 3: babyfacebibs ($3.83 in chips) 
Seat 4: AssosManiki ($5.35 in chips) 
Seat 5: Dorex2007 ($5 in chips) 
Seat 6: blueberry ($5.09 in chips) 
Seat 8: gmitoi ($9.47 in chips) 
Seat 9: kukrapok_2 ($5.58 in chips) 
kukrapok_2: posts small blind $0.02
Sutton1407: posts big blind $0.05
*** HOLE CARDS ***
Dealt to Dorex2007 [7s 7h]
AGVsmarT: folds 
babyfacebibs: folds 
AssosManiki: folds 
Dorex2007: raises $0.20 to $0.25
blueberry: folds 
gmitoi: folds 
kukrapok_2: folds 
Sutton1407: folds 
Uncalled bet ($0.20) returned to Dorex2007
Dorex2007 collected $0.12 from pot
Dorex2007: doesn't show hand 
*** SUMMARY ***
Total pot $0.12 | Rake $0 
Seat 1: Sutton1407 (big blind) folded before Flop
Seat 2: AGVsmarT folded before Flop (didn't bet)
Seat 3: babyfacebibs folded before Flop (didn't bet)
Seat 4: AssosManiki folded before Flop (didn't bet)
Seat 5: Dorex2007 collected ($0.12)
Seat 6: blueberry folded before Flop (didn't bet)
Seat 8: gmitoi (button) folded before Flop (didn't bet)
Seat 9: kukrapok_2 (small blind) folded before Flop



PokerStars Hand #238074179763:  Hold'em No Limit ($0.02/$0.05 USD) - 2022/08/18 15:21:27 PT [2022/08/18 18:21:27 ET]
Table 'Appella III' 9-max Seat #9 is the button
Seat 1: Sutton1407 ($3.98 in chips) 
Seat 2: AGVsmarT ($5 in chips) 
Seat 3: babyfacebibs ($3.83 in chips) 
Seat 4: AssosManiki ($5.35 in chips) 
Seat 5: Dorex2007 ($5.07 in chips) 
Seat 6: blueberry ($5.09 in chips) 
Seat 8: gmitoi ($9.47 in chips) 
Seat 9: kukrapok_2 ($5.56 in chips) 
Sutton1407: posts small blind $0.02
AGVsmarT: posts big blind $0.05
*** HOLE CARDS ***
Dealt to Dorex2007 [5h 2c]
babyfacebibs: folds 
AssosManiki: folds 
Dorex2007: folds 
blueberry has timed out
blueberry: folds 
gmitoi: raises $0.10 to $0.15
kukrapok_2: calls $0.15
Sutton1407: folds 
AGVsmarT: folds 
*** FLOP *** [7d 9d Qs]
gmitoi: bets $0.17
kukrapok_2: folds 
Uncalled bet ($0.17) returned to gmitoi
gmitoi collected $0.35 from pot
gmitoi: doesn't show hand 
*** SUMMARY ***
Total pot $0.37 | Rake $0.02 
Board [7d 9d Qs]
Seat 1: Sutton1407 (small blind) folded before Flop
Seat 2: AGVsmarT (big blind) folded before Flop
Seat 3: babyfacebibs folded before Flop (didn't bet)
Seat 4: AssosManiki folded before Flop (didn't bet)
Seat 5: Dorex2007 folded before Flop (didn't bet)
Seat 6: blueberry folded before Flop (didn't bet)
Seat 8: gmitoi collected ($0.35)
Seat 9: kukrapok_2 (button) folded on the Flop



PokerStars Hand #238074197333:  Hold'em No Limit ($0.02/$0.05 USD) - 2022/08/18 15:22:21 PT [2022/08/18 18:22:21 ET]
Table 'Appella III' 9-max Seat #1 is the button
Seat 1: Sutton1407 ($3.96 in chips) 
Seat 2: AGVsmarT ($4.95 in chips) 
Seat 3: babyfacebibs ($3.83 in chips) 
Seat 4: AssosManiki ($5.35 in chips) 
Seat 5: Dorex2007 ($5.07 in chips) 
Seat 6: blueberry ($5.09 in chips) 
Seat 8: gmitoi ($9.67 in chips) 
Seat 9: kukrapok_2 ($5.41 in chips) 
AGVsmarT: posts small blind $0.02
babyfacebibs: posts big blind $0.05
*** HOLE CARDS ***
Dealt to Dorex2007 [Ks 9d]
AssosManiki: folds 
Dorex2007: folds 
blueberry: calls $0.05
gmitoi: folds 
kukrapok_2: raises $0.20 to $0.25
Sutton1407: folds 
AGVsmarT: folds 
babyfacebibs: folds 
blueberry: folds 
Uncalled bet ($0.20) returned to kukrapok_2
kukrapok_2 collected $0.17 from pot
*** SUMMARY ***
Total pot $0.17 | Rake $0 
Seat 1: Sutton1407 (button) folded before Flop (didn't bet)
Seat 2: AGVsmarT (small blind) folded before Flop
Seat 3: babyfacebibs (big blind) folded before Flop
Seat 4: AssosManiki folded before Flop (didn't bet)
Seat 5: Dorex2007 folded before Flop (didn't bet)
Seat 6: blueberry folded before Flop
Seat 8: gmitoi folded before Flop (didn't bet)
Seat 9: kukrapok_2 collected ($0.17)



PokerStars Hand #238074206047:  Hold'em No Limit ($0.02/$0.05 USD) - 2022/08/18 15:22:48 PT [2022/08/18 18:22:48 ET]
Table 'Appella III' 9-max Seat #2 is the button
Seat 1: Sutton1407 ($3.96 in chips) 
Seat 2: AGVsmarT ($4.93 in chips) 
Seat 3: babyfacebibs ($3.78 in chips) 
Seat 4: AssosManiki ($5.35 in chips) 
Seat 5: Dorex2007 ($5.07 in chips) 
Seat 6: blueberry ($5.04 in chips) 
Seat 8: gmitoi ($9.67 in chips) 
Seat 9: kukrapok_2 ($5.53 in chips) 
babyfacebibs: posts small blind $0.02
AssosManiki: posts big blind $0.05
*** HOLE CARDS ***
Dealt to Dorex2007 [Jc Js]
Dorex2007: raises $0.15 to $0.20
blueberry: folds 
gmitoi: folds 
kukrapok_2: folds 
Sutton1407: folds 
AGVsmarT: folds 
babyfacebibs: folds 
AssosManiki: folds 
Uncalled bet ($0.15) returned to Dorex2007
Dorex2007 collected $0.12 from pot
Dorex2007: doesn't show hand 
*** SUMMARY ***
Total pot $0.12 | Rake $0 
Seat 1: Sutton1407 folded before Flop (didn't bet)
Seat 2: AGVsmarT (button) folded before Flop (didn't bet)
Seat 3: babyfacebibs (small blind) folded before Flop
Seat 4: AssosManiki (big blind) folded before Flop
Seat 5: Dorex2007 collected ($0.12)
Seat 6: blueberry folded before Flop (didn't bet)
Seat 8: gmitoi folded before Flop (didn't bet)
Seat 9: kukrapok_2 folded before Flop (didn't bet)



PokerStars Hand #238074211756:  Hold'em No Limit ($0.02/$0.05 USD) - 2022/08/18 15:23:06 PT [2022/08/18 18:23:06 ET]
Table 'Appella III' 9-max Seat #3 is the button
Seat 1: Sutton1407 ($3.96 in chips) 
Seat 2: AGVsmarT ($4.93 in chips) 
Seat 3: babyfacebibs ($3.76 in chips) 
Seat 4: AssosManiki ($5.30 in chips) 
Seat 5: Dorex2007 ($5.14 in chips) 
Seat 6: blueberry ($5.04 in chips) 
Seat 8: gmitoi ($9.67 in chips) 
Seat 9: kukrapok_2 ($5.53 in chips) 
AssosManiki: posts small blind $0.02
Dorex2007: posts big blind $0.05
*** HOLE CARDS ***
Dealt to Dorex2007 [Js 4d]
blueberry: folds 
bigvern0001 leaves the table
gmitoi: folds 
kukrapok_2: folds 
Sutton1407: raises $0.10 to $0.15
AGVsmarT: folds 
babyfacebibs: folds 
AssosManiki: folds 
Dorex2007: folds 
Uncalled bet ($0.10) returned to Sutton1407
Sutton1407 collected $0.12 from pot
*** SUMMARY ***
Total pot $0.12 | Rake $0 
Seat 1: Sutton1407 collected ($0.12)
Seat 2: AGVsmarT folded before Flop (didn't bet)
Seat 3: babyfacebibs (button) folded before Flop (didn't bet)
Seat 4: AssosManiki (small blind) folded before Flop
Seat 5: Dorex2007 (big blind) folded before Flop
Seat 6: blueberry folded before Flop (didn't bet)
Seat 8: gmitoi folded before Flop (didn't bet)
Seat 9: kukrapok_2 folded before Flop (didn't bet)



PokerStars Hand #238074221559:  Hold'em No Limit ($0.02/$0.05 USD) - 2022/08/18 15:23:36 PT [2022/08/18 18:23:36 ET]
Table 'Appella III' 9-max Seat #4 is the button
Seat 1: Sutton1407 ($4.03 in chips) 
Seat 2: AGVsmarT ($4.93 in chips) 
Seat 3: babyfacebibs ($3.76 in chips) 
Seat 4: AssosManiki ($5.28 in chips) 
Seat 5: Dorex2007 ($5.09 in chips) 
Seat 6: blueberry ($5.04 in chips) 
Seat 8: gmitoi ($9.67 in chips) 
Seat 9: kukrapok_2 ($5.53 in chips) 
Dorex2007: posts small blind $0.02
blueberry: posts big blind $0.05
*** HOLE CARDS ***
Dealt to Dorex2007 [3c Qd]
gmitoi: folds 
kukrapok_2: folds 
Sutton1407: calls $0.05
AGVsmarT: folds 
babyfacebibs: folds 
AssosManiki: folds 
Dorex2007: folds 
AceSpadeSurfer joins the table at seat #7 
blueberry: checks 
*** FLOP *** [Kd 8s 9s]
blueberry: checks 
Sutton1407: checks 
*** TURN *** [Kd 8s 9s] [7s]
blueberry: checks 
Sutton1407: bets $0.06
blueberry: folds 
Uncalled bet ($0.06) returned to Sutton1407
Sutton1407 collected $0.12 from pot
*** SUMMARY ***
Total pot $0.12 | Rake $0 
Board [Kd 8s 9s 7s]
Seat 1: Sutton1407 collected ($0.12)
Seat 2: AGVsmarT folded before Flop (didn't bet)
Seat 3: babyfacebibs folded before Flop (didn't bet)
Seat 4: AssosManiki (button) folded before Flop (didn't bet)
Seat 5: Dorex2007 (small blind) folded before Flop
Seat 6: blueberry (big blind) folded on the Turn
Seat 8: gmitoi folded before Flop (didn't bet)
Seat 9: kukrapok_2 folded before Flop (didn't bet)



PokerStars Hand #238074231372:  Hold'em No Limit ($0.02/$0.05 USD) - 2022/08/18 15:24:07 PT [2022/08/18 18:24:07 ET]
Table 'Appella III' 9-max Seat #5 is the button
Seat 1: Sutton1407 ($4.10 in chips) 
Seat 2: AGVsmarT ($4.93 in chips) 
Seat 3: babyfacebibs ($3.76 in chips) 
Seat 4: AssosManiki ($5.28 in chips) 
Seat 5: Dorex2007 ($5.07 in chips) 
Seat 6: blueberry ($4.99 in chips) 
Seat 7: AceSpadeSurfer ($3 in chips) 
Seat 8: gmitoi ($9.67 in chips) 
Seat 9: kukrapok_2 ($5.53 in chips) 
blueberry: posts small blind $0.02
AceSpadeSurfer: posts big blind $0.05
*** HOLE CARDS ***
Dealt to Dorex2007 [Jc 4d]
gmitoi: folds 
kukrapok_2: folds 
Sutton1407: folds 
AGVsmarT: folds 
babyfacebibs: calls $0.05
AssosManiki: folds 
Dorex2007: folds 
blueberry: folds 
AceSpadeSurfer: checks 
*** FLOP *** [9h Ks Qc]
AceSpadeSurfer: bets $0.16
babyfacebibs: calls $0.16
*** TURN *** [9h Ks Qc] [Td]
AceSpadeSurfer: bets $0.41
babyfacebibs: folds 
Uncalled bet ($0.41) returned to AceSpadeSurfer
AceSpadeSurfer collected $0.42 from pot
AceSpadeSurfer: doesn't show hand 
*** SUMMARY ***
Total pot $0.44 | Rake $0.02 
Board [9h Ks Qc Td]
Seat 1: Sutton1407 folded before Flop (didn't bet)
Seat 2: AGVsmarT folded before Flop (didn't bet)
Seat 3: babyfacebibs folded on the Turn
Seat 4: AssosManiki folded before Flop (didn't bet)
Seat 5: Dorex2007 (button) folded before Flop (didn't bet)
Seat 6: blueberry (small blind) folded before Flop
Seat 7: AceSpadeSurfer (big blind) collected ($0.42)
Seat 8: gmitoi folded before Flop (didn't bet)
Seat 9: kukrapok_2 folded before Flop (didn't bet)



PokerStars Hand #238074249521:  Hold'em No Limit ($0.02/$0.05 USD) - 2022/08/18 15:25:03 PT [2022/08/18 18:25:03 ET]
Table 'Appella III' 9-max Seat #6 is the button
Seat 1: Sutton1407 ($4.10 in chips) 
Seat 2: AGVsmarT ($4.93 in chips) 
Seat 3: babyfacebibs ($3.55 in chips) 
Seat 4: AssosManiki ($5.28 in chips) 
Seat 5: Dorex2007 ($5.07 in chips) 
Seat 6: blueberry ($4.97 in chips) 
Seat 8: gmitoi ($9.67 in chips) 
Seat 9: kukrapok_2 ($5.53 in chips) 
gmitoi: posts small blind $0.02
kukrapok_2: posts big blind $0.05
*** HOLE CARDS ***
Dealt to Dorex2007 [6s Th]
Sutton1407: folds 
AGVsmarT has timed out
AGVsmarT: folds 
babyfacebibs: folds 
AssosManiki: folds 
Dorex2007: folds 
blueberry: folds 
gmitoi: folds 
Uncalled bet ($0.03) returned to kukrapok_2
kukrapok_2 collected $0.04 from pot
*** SUMMARY ***
Total pot $0.04 | Rake $0 
Seat 1: Sutton1407 folded before Flop (didn't bet)
Seat 2: AGVsmarT folded before Flop (didn't bet)
Seat 3: babyfacebibs folded before Flop (didn't bet)
Seat 4: AssosManiki folded before Flop (didn't bet)
Seat 5: Dorex2007 folded before Flop (didn't bet)
Seat 6: blueberry (button) folded before Flop (didn't bet)
Seat 8: gmitoi (small blind) folded before Flop
Seat 9: kukrapok_2 (big blind) collected ($0.04)



PokerStars Hand #238074258577:  Hold'em No Limit ($0.02/$0.05 USD) - 2022/08/18 15:25:32 PT [2022/08/18 18:25:32 ET]
Table 'Appella III' 9-max Seat #8 is the button
Seat 1: Sutton1407 ($4.10 in chips) 
Seat 3: babyfacebibs ($3.55 in chips) 
Seat 4: AssosManiki ($5.28 in chips) 
Seat 5: Dorex2007 ($5.07 in chips) 
Seat 6: blueberry ($4.97 in chips) 
Seat 8: gmitoi ($9.65 in chips) 
Seat 9: kukrapok_2 ($5.55 in chips) 
kukrapok_2: posts small blind $0.02
Sutton1407: posts big blind $0.05
*** HOLE CARDS ***
Dealt to Dorex2007 [7c 4s]
babyfacebibs: calls $0.05
AssosManiki: folds 
Dorex2007: folds 
blueberry: folds 
gmitoi: folds 
kukrapok_2: calls $0.03
Sutton1407: checks 
*** FLOP *** [As 3c 9s]
kukrapok_2: checks 
Sutton1407: checks 
babyfacebibs: checks 
*** TURN *** [As 3c 9s] [Qc]
kukrapok_2: checks 
Sutton1407: checks 
babyfacebibs: checks 
*** RIVER *** [As 3c 9s Qc] [Jd]
kukrapok_2: checks 
Sutton1407: checks 
babyfacebibs: checks 
*** SHOW DOWN ***
kukrapok_2: shows [6d Jh] (a pair of Jacks)
Sutton1407: mucks hand 
babyfacebibs: mucks hand 
kukrapok_2 collected $0.14 from pot
*** SUMMARY ***
Total pot $0.15 | Rake $0.01 
Board [As 3c 9s Qc Jd]
Seat 1: Sutton1407 (big blind) mucked [3h 2s]
Seat 3: babyfacebibs mucked [7h Th]
Seat 4: AssosManiki folded before Flop (didn't bet)
Seat 5: Dorex2007 folded before Flop (didn't bet)
Seat 6: blueberry folded before Flop (didn't bet)
Seat 8: gmitoi (button) folded before Flop (didn't bet)
Seat 9: kukrapok_2 (small blind) showed [6d Jh] and won ($0.14) with a pair of Jacks



PokerStars Hand #238074274234:  Hold'em No Limit ($0.02/$0.05 USD) - 2022/08/18 15:26:21 PT [2022/08/18 18:26:21 ET]
Table 'Appella III' 9-max Seat #9 is the button
Seat 1: Sutton1407 ($4.05 in chips) 
Seat 2: AGVsmarT ($4.93 in chips) 
Seat 3: babyfacebibs ($3.50 in chips) 
Seat 4: AssosManiki ($5.28 in chips) 
Seat 5: Dorex2007 ($5.07 in chips) 
Seat 6: blueberry ($4.97 in chips) 
Seat 8: gmitoi ($9.65 in chips) 
Seat 9: kukrapok_2 ($5.64 in chips) 
Sutton1407: posts small blind $0.02
AGVsmarT: posts big blind $0.05
*** HOLE CARDS ***
Dealt to Dorex2007 [2h 4h]
babyfacebibs: folds 
AssosManiki: folds 
Dorex2007: folds 
blueberry: calls $0.05
gmitoi: calls $0.05
kukrapok_2: raises $0.20 to $0.25
Sutton1407: folds 
AGVsmarT: folds 
blueberry: folds 
gmitoi: folds 
Uncalled bet ($0.20) returned to kukrapok_2
kukrapok_2 collected $0.22 from pot
*** SUMMARY ***
Total pot $0.22 | Rake $0 
Seat 1: Sutton1407 (small blind) folded before Flop
Seat 2: AGVsmarT (big blind) folded before Flop
Seat 3: babyfacebibs folded before Flop (didn't bet)
Seat 4: AssosManiki folded before Flop (didn't bet)
Seat 5: Dorex2007 folded before Flop (didn't bet)
Seat 6: blueberry folded before Flop
Seat 8: gmitoi folded before Flop
Seat 9: kukrapok_2 (button) collected ($0.22)



PokerStars Hand #238074287247:  Hold'em No Limit ($0.02/$0.05 USD) - 2022/08/18 15:27:02 PT [2022/08/18 18:27:02 ET]
Table 'Appella III' 9-max Seat #1 is the button
Seat 1: Sutton1407 ($4.03 in chips) 
Seat 2: AGVsmarT ($4.88 in chips) 
Seat 3: babyfacebibs ($3.50 in chips) 
Seat 4: AssosManiki ($5.28 in chips) 
Seat 5: Dorex2007 ($5.07 in chips) 
Seat 6: blueberry ($4.92 in chips) 
Seat 8: gmitoi ($9.60 in chips) 
Seat 9: kukrapok_2 ($5.81 in chips) 
AGVsmarT: posts small blind $0.02
babyfacebibs: posts big blind $0.05
*** HOLE CARDS ***
Dealt to Dorex2007 [3h Ts]
AssosManiki: folds 
Dorex2007: folds 
blueberry: folds 
gmitoi: raises $0.10 to $0.15
kukrapok_2: folds 
Sutton1407: folds 
AGVsmarT: calls $0.13
babyfacebibs: folds 
*** FLOP *** [4d Js Qh]
AGVsmarT: bets $0.34
gmitoi: calls $0.34
*** TURN *** [4d Js Qh] [6s]
AGVsmarT: bets $0.50
gmitoi: calls $0.50
*** RIVER *** [4d Js Qh 6s] [7h]
AGVsmarT: bets $1.95
AceSpadeSurfer leaves the table
gmitoi: folds 
Uncalled bet ($1.95) returned to AGVsmarT
AGVsmarT collected $1.95 from pot
*** SUMMARY ***
Total pot $2.03 | Rake $0.08 
Board [4d Js Qh 6s 7h]
Seat 1: Sutton1407 (button) folded before Flop (didn't bet)
Seat 2: AGVsmarT (small blind) collected ($1.95)
Seat 3: babyfacebibs (big blind) folded before Flop
Seat 4: AssosManiki folded before Flop (didn't bet)
Seat 5: Dorex2007 folded before Flop (didn't bet)
Seat 6: blueberry folded before Flop (didn't bet)
Seat 8: gmitoi folded on the River
Seat 9: kukrapok_2 folded before Flop (didn't bet)



PokerStars Hand #238074308383:  Hold'em No Limit ($0.02/$0.05 USD) - 2022/08/18 15:28:09 PT [2022/08/18 18:28:09 ET]
Table 'Appella III' 9-max Seat #2 is the button
Seat 1: Sutton1407 ($4.03 in chips) 
Seat 2: AGVsmarT ($5.84 in chips) 
Seat 3: babyfacebibs ($3.45 in chips) 
Seat 4: AssosManiki ($5.28 in chips) 
Seat 5: Dorex2007 ($5.07 in chips) 
Seat 6: blueberry ($4.92 in chips) 
Seat 8: gmitoi ($8.61 in chips) 
Seat 9: kukrapok_2 ($5.81 in chips) 
babyfacebibs: posts small blind $0.02
AssosManiki: posts big blind $0.05
*** HOLE CARDS ***
Dealt to Dorex2007 [7s Th]
Dorex2007: folds 
blueberry: folds 
gmitoi: folds 
kukrapok_2: raises $0.08 to $0.13
Sutton1407: folds 
6tee joins the table at seat #7 
AGVsmarT: folds 
babyfacebibs: folds 
AssosManiki: calls $0.08
*** FLOP *** [Jc 8c 4c]
AssosManiki: checks 
kukrapok_2: bets $0.10
AssosManiki: folds 
Uncalled bet ($0.10) returned to kukrapok_2
kukrapok_2 collected $0.27 from pot
*** SUMMARY ***
Total pot $0.28 | Rake $0.01 
Board [Jc 8c 4c]
Seat 1: Sutton1407 folded before Flop (didn't bet)
Seat 2: AGVsmarT (button) folded before Flop (didn't bet)
Seat 3: babyfacebibs (small blind) folded before Flop
Seat 4: AssosManiki (big blind) folded on the Flop
Seat 5: Dorex2007 folded before Flop (didn't bet)
Seat 6: blueberry folded before Flop (didn't bet)
Seat 8: gmitoi folded before Flop (didn't bet)
Seat 9: kukrapok_2 collected ($0.27)



PokerStars Hand #238074320424:  Hold'em No Limit ($0.02/$0.05 USD) - 2022/08/18 15:28:47 PT [2022/08/18 18:28:47 ET]
Table 'Appella III' 9-max Seat #3 is the button
Seat 1: Sutton1407 ($4.03 in chips) 
Seat 2: AGVsmarT ($5.84 in chips) 
Seat 3: babyfacebibs ($3.43 in chips) 
Seat 4: AssosManiki ($5.15 in chips) 
Seat 5: Dorex2007 ($5.07 in chips) 
Seat 6: blueberry ($4.92 in chips) 
Seat 7: 6tee ($2.50 in chips) 
Seat 8: gmitoi ($8.61 in chips) 
Seat 9: kukrapok_2 ($5.95 in chips) 
AssosManiki: posts small blind $0.02
Dorex2007: posts big blind $0.05
6tee: posts big blind $0.05
*** HOLE CARDS ***
Dealt to Dorex2007 [Kc 7s]
blueberry: folds 
6tee: checks 
gmitoi: folds 
kukrapok_2: folds 
Sutton1407: folds 
AGVsmarT: calls $0.05
babyfacebibs: folds 
AssosManiki: folds 
Dorex2007: checks 
*** FLOP *** [Ks 8d 8c]
Dorex2007: bets $0.16
6tee: folds 
AGVsmarT: folds 
Uncalled bet ($0.16) returned to Dorex2007
Dorex2007 collected $0.16 from pot
Dorex2007: doesn't show hand 
*** SUMMARY ***
Total pot $0.17 | Rake $0.01 
Board [Ks 8d 8c]
Seat 1: Sutton1407 folded before Flop (didn't bet)
Seat 2: AGVsmarT folded on the Flop
Seat 3: babyfacebibs (button) folded before Flop (didn't bet)
Seat 4: AssosManiki (small blind) folded before Flop
Seat 5: Dorex2007 (big blind) collected ($0.16)
Seat 6: blueberry folded before Flop (didn't bet)
Seat 7: 6tee folded on the Flop (didn't bet)
Seat 8: gmitoi folded before Flop (didn't bet)
Seat 9: kukrapok_2 folded before Flop (didn't bet)



PokerStars Hand #238074332974:  Hold'em No Limit ($0.02/$0.05 USD) - 2022/08/18 15:29:27 PT [2022/08/18 18:29:27 ET]
Table 'Appella III' 9-max Seat #4 is the button
Seat 1: Sutton1407 ($4.03 in chips) 
Seat 2: AGVsmarT ($5.79 in chips) 
Seat 3: babyfacebibs ($3.43 in chips) 
Seat 4: AssosManiki ($5.13 in chips) 
Seat 5: Dorex2007 ($5.18 in chips) 
Seat 6: blueberry ($4.92 in chips) 
Seat 7: 6tee ($2.45 in chips) 
Seat 8: gmitoi ($8.61 in chips) 
Seat 9: kukrapok_2 ($5.95 in chips) 
Dorex2007: posts small blind $0.02
blueberry: posts big blind $0.05
*** HOLE CARDS ***
Dealt to Dorex2007 [9d 9h]
6tee: folds 
gmitoi: folds 
kukrapok_2: folds 
Sutton1407: folds 
AGVsmarT: folds 
babyfacebibs: raises $0.05 to $0.10
AssosManiki: folds 
Dorex2007: raises $0.15 to $0.25
blueberry: folds 
babyfacebibs: calls $0.15
*** FLOP *** [3c Tc 9s]
Dorex2007: bets $0.26
babyfacebibs: folds 
Uncalled bet ($0.26) returned to Dorex2007
Dorex2007 collected $0.53 from pot
Dorex2007: doesn't show hand 
*** SUMMARY ***
Total pot $0.55 | Rake $0.02 
Board [3c Tc 9s]
Seat 1: Sutton1407 folded before Flop (didn't bet)
Seat 2: AGVsmarT folded before Flop (didn't bet)
Seat 3: babyfacebibs folded on the Flop
Seat 4: AssosManiki (button) folded before Flop (didn't bet)
Seat 5: Dorex2007 (small blind) collected ($0.53)
Seat 6: blueberry (big blind) folded before Flop
Seat 7: 6tee folded before Flop (didn't bet)
Seat 8: gmitoi folded before Flop (didn't bet)
Seat 9: kukrapok_2 folded before Flop (didn't bet)



PokerStars Hand #238074344391:  Hold'em No Limit ($0.02/$0.05 USD) - 2022/08/18 15:30:03 PT [2022/08/18 18:30:03 ET]
Table 'Appella III' 9-max Seat #5 is the button
Seat 1: Sutton1407 ($4.03 in chips) 
Seat 2: AGVsmarT ($5.79 in chips) 
Seat 3: babyfacebibs ($3.18 in chips) 
Seat 4: AssosManiki ($5.13 in chips) 
Seat 5: Dorex2007 ($5.46 in chips) 
Seat 6: blueberry ($5 in chips) 
Seat 7: 6tee ($2.45 in chips) 
Seat 8: gmitoi ($8.61 in chips) 
Seat 9: kukrapok_2 ($5.95 in chips) 
blueberry: posts small blind $0.02
6tee: posts big blind $0.05
*** HOLE CARDS ***
Dealt to Dorex2007 [Js Jh]
gmitoi: folds 
kukrapok_2: raises $0.08 to $0.13
Sutton1407: folds 
AGVsmarT: folds 
babyfacebibs: calls $0.13
AssosManiki: folds 
Dorex2007: raises $0.46 to $0.59
blueberry: folds 
6tee: folds 
kukrapok_2: folds 
babyfacebibs: raises $0.46 to $1.05
Dorex2007: raises $4.41 to $5.46 and is all-in
babyfacebibs: calls $2.13 and is all-in
Uncalled bet ($2.28) returned to Dorex2007
*** FLOP *** [3s 4s Qh]
*** TURN *** [3s 4s Qh] [Kc]
*** RIVER *** [3s 4s Qh Kc] [9h]
*** SHOW DOWN ***
babyfacebibs: shows [Ah Ad] (a pair of Aces)
Dorex2007: shows [Js Jh] (a pair of Jacks)
babyfacebibs collected $6.29 from pot
*** SUMMARY ***
Total pot $6.56 | Rake $0.27 
Board [3s 4s Qh Kc 9h]
Seat 1: Sutton1407 folded before Flop (didn't bet)
Seat 2: AGVsmarT folded before Flop (didn't bet)
Seat 3: babyfacebibs showed [Ah Ad] and won ($6.29) with a pair of Aces
Seat 4: AssosManiki folded before Flop (didn't bet)
Seat 5: Dorex2007 (button) showed [Js Jh] and lost with a pair of Jacks
Seat 6: blueberry (small blind) folded before Flop
Seat 7: 6tee (big blind) folded before Flop
Seat 8: gmitoi folded before Flop (didn't bet)
Seat 9: kukrapok_2 folded before Flop



PokerStars Hand #238074361173:  Hold'em No Limit ($0.02/$0.05 USD) - 2022/08/18 15:30:55 PT [2022/08/18 18:30:55 ET]
Table 'Appella III' 9-max Seat #6 is the button
Seat 1: Sutton1407 ($4.03 in chips) 
Seat 2: AGVsmarT ($5.79 in chips) 
Seat 3: babyfacebibs ($6.29 in chips) 
Seat 4: AssosManiki ($5.13 in chips) 
Seat 5: Dorex2007 ($5 in chips) 
Seat 6: blueberry ($4.98 in chips) 
Seat 7: 6tee ($2.40 in chips) 
Seat 8: gmitoi ($8.61 in chips) 
Seat 9: kukrapok_2 ($5.82 in chips) 
6tee: posts small blind $0.02
gmitoi: posts big blind $0.05
*** HOLE CARDS ***
Dealt to Dorex2007 [9c 7h]
kukrapok_2: folds 
Sutton1407: folds 
AGVsmarT: folds 
babyfacebibs: calls $0.05
AssosManiki: folds 
Dorex2007: folds 
blueberry: calls $0.05
6tee: folds 
gmitoi: raises $0.17 to $0.22
babyfacebibs: calls $0.17
blueberry: folds 
*** FLOP *** [3c 3s 9s]
gmitoi: bets $0.25
babyfacebibs: calls $0.25
*** TURN *** [3c 3s 9s] [Kd]
gmitoi: bets $0.50
babyfacebibs: folds 
Uncalled bet ($0.50) returned to gmitoi
gmitoi collected $0.97 from pot
gmitoi: doesn't show hand 
*** SUMMARY ***
Total pot $1.01 | Rake $0.04 
Board [3c 3s 9s Kd]
Seat 1: Sutton1407 folded before Flop (didn't bet)
Seat 2: AGVsmarT folded before Flop (didn't bet)
Seat 3: babyfacebibs folded on the Turn
Seat 4: AssosManiki folded before Flop (didn't bet)
Seat 5: Dorex2007 folded before Flop (didn't bet)
Seat 6: blueberry (button) folded before Flop
Seat 7: 6tee (small blind) folded before Flop
Seat 8: gmitoi (big blind) collected ($0.97)
Seat 9: kukrapok_2 folded before Flop (didn't bet)



PokerStars Hand #238074379282:  Hold'em No Limit ($0.02/$0.05 USD) - 2022/08/18 15:31:51 PT [2022/08/18 18:31:51 ET]
Table 'Appella III' 9-max Seat #7 is the button
Seat 1: Sutton1407 ($4.03 in chips) 
Seat 2: AGVsmarT ($5.79 in chips) 
Seat 3: babyfacebibs ($5.82 in chips) 
Seat 4: AssosManiki ($5.13 in chips) 
Seat 5: Dorex2007 ($5 in chips) 
Seat 6: blueberry ($4.93 in chips) 
Seat 7: 6tee ($2.38 in chips) 
Seat 8: gmitoi ($9.11 in chips) 
Seat 9: kukrapok_2 ($5.82 in chips) 
gmitoi: posts small blind $0.02
kukrapok_2: posts big blind $0.05
*** HOLE CARDS ***
Dealt to Dorex2007 [Jd 2d]
Sutton1407: folds 
AGVsmarT: folds 
babyfacebibs: folds 
AssosManiki: raises $0.08 to $0.13
Dorex2007: folds 
blueberry: folds 
6tee: folds 
gmitoi: folds 
kukrapok_2: calls $0.08
*** FLOP *** [9s As 3c]
kukrapok_2: checks 
AssosManiki: bets $0.18
kukrapok_2: folds 
Uncalled bet ($0.18) returned to AssosManiki
AssosManiki collected $0.27 from pot
AssosManiki: doesn't show hand 
*** SUMMARY ***
Total pot $0.28 | Rake $0.01 
Board [9s As 3c]
Seat 1: Sutton1407 folded before Flop (didn't bet)
Seat 2: AGVsmarT folded before Flop (didn't bet)
Seat 3: babyfacebibs folded before Flop (didn't bet)
Seat 4: AssosManiki collected ($0.27)
Seat 5: Dorex2007 folded before Flop (didn't bet)
Seat 6: blueberry folded before Flop (didn't bet)
Seat 7: 6tee (button) folded before Flop (didn't bet)
Seat 8: gmitoi (small blind) folded before Flop
Seat 9: kukrapok_2 (big blind) folded on the Flop



PokerStars Hand #238074406692:  Hold'em No Limit ($0.02/$0.05 USD) - 2022/08/18 15:32:47 PT [2022/08/18 18:32:47 ET]
Table 'Appella III' 9-max Seat #8 is the button
Seat 1: Sutton1407 ($4.03 in chips) 
Seat 2: AGVsmarT ($5.79 in chips) 
Seat 3: babyfacebibs ($5.82 in chips) 
Seat 4: AssosManiki ($5.27 in chips) 
Seat 5: Dorex2007 ($5 in chips) 
Seat 6: blueberry ($4.93 in chips) 
Seat 7: 6tee ($2.38 in chips) 
Seat 8: gmitoi ($9.09 in chips) 
Seat 9: kukrapok_2 ($5.69 in chips) 
kukrapok_2: posts small blind $0.02
Sutton1407: posts big blind $0.05
*** HOLE CARDS ***
Dealt to Dorex2007 [Qh 2d]
AGVsmarT: folds 
babyfacebibs has timed out
babyfacebibs: folds 
AssosManiki: folds 
Dorex2007: folds 
blueberry: folds 
6tee: folds 
gmitoi: raises $0.10 to $0.15
kukrapok_2: folds 
Sutton1407: folds 
Uncalled bet ($0.10) returned to gmitoi
gmitoi collected $0.12 from pot
gmitoi: doesn't show hand 
*** SUMMARY ***
Total pot $0.12 | Rake $0 
Seat 1: Sutton1407 (big blind) folded before Flop
Seat 2: AGVsmarT folded before Flop (didn't bet)
Seat 3: babyfacebibs folded before Flop (didn't bet)
Seat 4: AssosManiki folded before Flop (didn't bet)
Seat 5: Dorex2007 folded before Flop (didn't bet)
Seat 6: blueberry folded before Flop (didn't bet)
Seat 7: 6tee folded before Flop (didn't bet)
Seat 8: gmitoi (button) collected ($0.12)
Seat 9: kukrapok_2 (small blind) folded before Flop



PokerStars Hand #238074420093:  Hold'em No Limit ($0.02/$0.05 USD) - 2022/08/18 15:33:29 PT [2022/08/18 18:33:29 ET]
Table 'Appella III' 9-max Seat #9 is the button
Seat 1: Sutton1407 ($3.98 in chips) 
Seat 2: AGVsmarT ($5.79 in chips) 
Seat 4: AssosManiki ($5.27 in chips) 
Seat 5: Dorex2007 ($5 in chips) 
Seat 6: blueberry ($4.93 in chips) 
Seat 7: 6tee ($2.38 in chips) 
Seat 8: gmitoi ($9.16 in chips) 
Seat 9: kukrapok_2 ($5.67 in chips) 
Sutton1407: posts small blind $0.02
AGVsmarT: posts big blind $0.05
*** HOLE CARDS ***
Dealt to Dorex2007 [Qs Ks]
AssosManiki: folds 
Dorex2007: raises $0.10 to $0.15
blueberry: folds 
6tee: folds 
gmitoi: folds 
kukrapok_2: folds 
Sutton1407: folds 
AGVsmarT: calls $0.10
*** FLOP *** [Qd 2h 5s]
AGVsmarT: checks 
Dorex2007: bets $0.31
AGVsmarT: folds 
Uncalled bet ($0.31) returned to Dorex2007
Dorex2007 collected $0.31 from pot
Dorex2007: doesn't show hand 
*** SUMMARY ***
Total pot $0.32 | Rake $0.01 
Board [Qd 2h 5s]
Seat 1: Sutton1407 (small blind) folded before Flop
Seat 2: AGVsmarT (big blind) folded on the Flop
Seat 4: AssosManiki folded before Flop (didn't bet)
Seat 5: Dorex2007 collected ($0.31)
Seat 6: blueberry folded before Flop (didn't bet)
Seat 7: 6tee folded before Flop (didn't bet)
Seat 8: gmitoi folded before Flop (didn't bet)
Seat 9: kukrapok_2 (button) folded before Flop (didn't bet)



PokerStars Hand #238074432305:  Hold'em No Limit ($0.02/$0.05 USD) - 2022/08/18 15:34:07 PT [2022/08/18 18:34:07 ET]
Table 'Appella III' 9-max Seat #1 is the button
Seat 1: Sutton1407 ($3.96 in chips) 
Seat 2: AGVsmarT ($5.64 in chips) 
Seat 4: AssosManiki ($5.27 in chips) 
Seat 5: Dorex2007 ($5.16 in chips) 
Seat 6: blueberry ($4.93 in chips) 
Seat 7: 6tee ($2.38 in chips) 
Seat 8: gmitoi ($9.16 in chips) 
Seat 9: kukrapok_2 ($5.67 in chips) 
AGVsmarT: posts small blind $0.02
AssosManiki: posts big blind $0.05
*** HOLE CARDS ***
Dealt to Dorex2007 [4s 5d]
Dorex2007: folds 
blueberry: folds 
6tee: folds 
gmitoi: folds 
kukrapok_2: folds 
Sutton1407: folds 
AGVsmarT: folds 
Uncalled bet ($0.03) returned to AssosManiki
AssosManiki collected $0.04 from pot
AssosManiki: doesn't show hand 
*** SUMMARY ***
Total pot $0.04 | Rake $0 
Seat 1: Sutton1407 (button) folded before Flop (didn't bet)
Seat 2: AGVsmarT (small blind) folded before Flop
Seat 4: AssosManiki (big blind) collected ($0.04)
Seat 5: Dorex2007 folded before Flop (didn't bet)
Seat 6: blueberry folded before Flop (didn't bet)
Seat 7: 6tee folded before Flop (didn't bet)
Seat 8: gmitoi folded before Flop (didn't bet)
Seat 9: kukrapok_2 folded before Flop (didn't bet)



PokerStars Hand #238074437992:  Hold'em No Limit ($0.02/$0.05 USD) - 2022/08/18 15:34:24 PT [2022/08/18 18:34:24 ET]
Table 'Appella III' 9-max Seat #2 is the button
Seat 1: Sutton1407 ($3.96 in chips) 
Seat 2: AGVsmarT ($5.62 in chips) 
Seat 4: AssosManiki ($5.29 in chips) 
Seat 5: Dorex2007 ($5.16 in chips) 
Seat 6: blueberry ($4.93 in chips) 
Seat 7: 6tee ($2.38 in chips) 
Seat 8: gmitoi ($9.16 in chips) 
Seat 9: kukrapok_2 ($5.67 in chips) 
AssosManiki: posts small blind $0.02
Dorex2007: posts big blind $0.05
*** HOLE CARDS ***
Dealt to Dorex2007 [7d Qc]
blueberry: folds 
blueberry leaves the table
6tee: folds 
gmitoi: folds 
kukrapok_2: raises $0.08 to $0.13
Sutton1407: folds 
AGVsmarT: calls $0.13
AssosManiki: folds 
Dorex2007: folds 
*** FLOP *** [Jd Kd Kc]
kukrapok_2: bets $0.10
AGVsmarT: calls $0.10
*** TURN *** [Jd Kd Kc] [9h]
kukrapok_2: bets $0.15
AGVsmarT: raises $0.15 to $0.30
kukrapok_2: calls $0.15
*** RIVER *** [Jd Kd Kc 9h] [Js]
kukrapok_2: checks 
AGVsmarT: bets $1.08
kukrapok_2: folds 
Uncalled bet ($1.08) returned to AGVsmarT
AGVsmarT collected $1.08 from pot
*** SUMMARY ***
Total pot $1.13 | Rake $0.05 
Board [Jd Kd Kc 9h Js]
Seat 1: Sutton1407 folded before Flop (didn't bet)
Seat 2: AGVsmarT (button) collected ($1.08)
Seat 4: AssosManiki (small blind) folded before Flop
Seat 5: Dorex2007 (big blind) folded before Flop
Seat 6: blueberry folded before Flop (didn't bet)
Seat 7: 6tee folded before Flop (didn't bet)
Seat 8: gmitoi folded before Flop (didn't bet)
Seat 9: kukrapok_2 folded on the River



PokerStars Hand #238074459567:  Hold'em No Limit ($0.02/$0.05 USD) - 2022/08/18 15:35:31 PT [2022/08/18 18:35:31 ET]
Table 'Appella III' 9-max Seat #4 is the button
Seat 1: Sutton1407 ($3.96 in chips) 
Seat 2: AGVsmarT ($6.17 in chips) 
Seat 4: AssosManiki ($5.27 in chips) 
Seat 5: Dorex2007 ($5.11 in chips) 
Seat 7: 6tee ($2.38 in chips) 
Seat 8: gmitoi ($9.16 in chips) 
Seat 9: kukrapok_2 ($5.14 in chips) 
Dorex2007: posts small blind $0.02
6tee: posts big blind $0.05
babyfacebibs: sits out 
*** HOLE CARDS ***
Dealt to Dorex2007 [5s Qd]
gmitoi: folds 
kukrapok_2: raises $0.10 to $0.15
Sutton1407: folds 
AGVsmarT: folds 
AssosManiki: folds 
Dorex2007: folds 
6tee: folds 
Uncalled bet ($0.10) returned to kukrapok_2
kukrapok_2 collected $0.12 from pot
*** SUMMARY ***
Total pot $0.12 | Rake $0 
Seat 1: Sutton1407 folded before Flop (didn't bet)
Seat 2: AGVsmarT folded before Flop (didn't bet)
Seat 4: AssosManiki (button) folded before Flop (didn't bet)
Seat 5: Dorex2007 (small blind) folded before Flop
Seat 7: 6tee (big blind) folded before Flop
Seat 8: gmitoi folded before Flop (didn't bet)
Seat 9: kukrapok_2 collected ($0.12)



PokerStars Hand #238074465709:  Hold'em No Limit ($0.02/$0.05 USD) - 2022/08/18 15:35:50 PT [2022/08/18 18:35:50 ET]
Table 'Appella III' 9-max Seat #5 is the button
Seat 1: Sutton1407 ($3.96 in chips) 
Seat 2: AGVsmarT ($6.17 in chips) 
Seat 3: babyfacebibs ($5.82 in chips) 
Seat 4: AssosManiki ($5.27 in chips) 
Seat 5: Dorex2007 ($5.09 in chips) 
Seat 7: 6tee ($2.33 in chips) 
Seat 8: gmitoi ($9.16 in chips) 
Seat 9: kukrapok_2 ($5.21 in chips) 
6tee: posts small blind $0.02
gmitoi: posts big blind $0.05
babyfacebibs: posts small & big blinds $0.07
*** HOLE CARDS ***
Dealt to Dorex2007 [5d Qd]
kukrapok_2: folds 
Sutton1407: folds 
AGVsmarT: calls $0.05
babyfacebibs: checks 
AssosManiki: folds 
Dorex2007: folds 
6tee: folds 
gmitoi: checks 
*** FLOP *** [Ad 2d 8c]
gmitoi: checks 
baigan9285 joins the table at seat #6 
AGVsmarT: checks 
babyfacebibs: checks 
*** TURN *** [Ad 2d 8c] [Th]
gmitoi: checks 
AGVsmarT: bets $0.05
babyfacebibs: calls $0.05
gmitoi: calls $0.05
*** RIVER *** [Ad 2d 8c Th] [7d]
gmitoi: checks 
AGVsmarT: checks 
babyfacebibs: checks 
*** SHOW DOWN ***
gmitoi: shows [Td 6s] (a pair of Tens)
AGVsmarT: mucks hand 
babyfacebibs: mucks hand 
gmitoi collected $0.33 from pot
*** SUMMARY ***
Total pot $0.34 | Rake $0.01 
Board [Ad 2d 8c Th 7d]
Seat 1: Sutton1407 folded before Flop (didn't bet)
Seat 2: AGVsmarT mucked [9d 9h]
Seat 3: babyfacebibs mucked [Qc 8s]
Seat 4: AssosManiki folded before Flop (didn't bet)
Seat 5: Dorex2007 (button) folded before Flop (didn't bet)
Seat 7: 6tee (small blind) folded before Flop
Seat 8: gmitoi (big blind) showed [Td 6s] and won ($0.33) with a pair of Tens
Seat 9: kukrapok_2 folded before Flop (didn't bet)



PokerStars Hand #238074479228:  Hold'em No Limit ($0.02/$0.05 USD) - 2022/08/18 15:36:33 PT [2022/08/18 18:36:33 ET]
Table 'Appella III' 9-max Seat #7 is the button
Seat 1: Sutton1407 ($3.96 in chips) 
Seat 2: AGVsmarT ($6.07 in chips) 
Seat 3: babyfacebibs ($5.70 in chips) 
Seat 4: AssosManiki ($5.27 in chips) 
Seat 5: Dorex2007 ($5.09 in chips) 
Seat 7: 6tee ($2.31 in chips) 
Seat 8: gmitoi ($9.39 in chips) 
Seat 9: kukrapok_2 ($5.21 in chips) 
gmitoi: posts small blind $0.02
kukrapok_2: posts big blind $0.05
baigan9285: sits out 
*** HOLE CARDS ***
Dealt to Dorex2007 [Ks 5d]
Sutton1407: raises $0.10 to $0.15
AGVsmarT: folds 
babyfacebibs: folds 
AssosManiki: folds 
Dorex2007: folds 
6tee: folds 
gmitoi: folds 
kukrapok_2: folds 
Uncalled bet ($0.10) returned to Sutton1407
Sutton1407 collected $0.12 from pot
*** SUMMARY ***
Total pot $0.12 | Rake $0 
Seat 1: Sutton1407 collected ($0.12)
Seat 2: AGVsmarT folded before Flop (didn't bet)
Seat 3: babyfacebibs folded before Flop (didn't bet)
Seat 4: AssosManiki folded before Flop (didn't bet)
Seat 5: Dorex2007 folded before Flop (didn't bet)
Seat 7: 6tee (button) folded before Flop (didn't bet)
Seat 8: gmitoi (small blind) folded before Flop
Seat 9: kukrapok_2 (big blind) folded before Flop



PokerStars Hand #238074485138:  Hold'em No Limit ($0.02/$0.05 USD) - 2022/08/18 15:36:51 PT [2022/08/18 18:36:51 ET]
Table 'Appella III' 9-max Seat #8 is the button
Seat 1: Sutton1407 ($4.03 in chips) 
Seat 2: AGVsmarT ($6.07 in chips) 
Seat 3: babyfacebibs ($5.70 in chips) 
Seat 4: AssosManiki ($5.27 in chips) 
Seat 5: Dorex2007 ($5.09 in chips) 
Seat 7: 6tee ($2.31 in chips) 
Seat 8: gmitoi ($9.37 in chips) 
Seat 9: kukrapok_2 ($5.16 in chips) 
kukrapok_2: posts small blind $0.02
Sutton1407: posts big blind $0.05
baigan9285: sits out 
*** HOLE CARDS ***
Dealt to Dorex2007 [7s Kd]
AGVsmarT: folds 
babyfacebibs: folds 
AssosManiki: raises $0.08 to $0.13
Dorex2007: folds 
6tee: folds 
gmitoi: folds 
kukrapok_2: folds 
Sutton1407: folds 
Uncalled bet ($0.08) returned to AssosManiki
AssosManiki collected $0.12 from pot
AssosManiki: doesn't show hand 
*** SUMMARY ***
Total pot $0.12 | Rake $0 
Seat 1: Sutton1407 (big blind) folded before Flop
Seat 2: AGVsmarT folded before Flop (didn't bet)
Seat 3: babyfacebibs folded before Flop (didn't bet)
Seat 4: AssosManiki collected ($0.12)
Seat 5: Dorex2007 folded before Flop (didn't bet)
Seat 7: 6tee folded before Flop (didn't bet)
Seat 8: gmitoi (button) folded before Flop (didn't bet)
Seat 9: kukrapok_2 (small blind) folded before Flop



PokerStars Hand #238074498544:  Hold'em No Limit ($0.02/$0.05 USD) - 2022/08/18 15:37:33 PT [2022/08/18 18:37:33 ET]
Table 'Appella III' 9-max Seat #9 is the button
Seat 1: Sutton1407 ($3.98 in chips) 
Seat 2: AGVsmarT ($6.07 in chips) 
Seat 3: babyfacebibs ($5.70 in chips) 
Seat 4: AssosManiki ($5.34 in chips) 
Seat 5: Dorex2007 ($5.09 in chips) 
Seat 7: 6tee ($2.31 in chips) 
Seat 8: gmitoi ($9.37 in chips) 
Seat 9: kukrapok_2 ($5.14 in chips) 
Sutton1407: posts small blind $0.02
AGVsmarT: posts big blind $0.05
baigan9285: sits out 
*** HOLE CARDS ***
Dealt to Dorex2007 [Qs 4s]
babyfacebibs: folds 
AssosManiki: raises $0.08 to $0.13
Dorex2007: folds 
6tee: calls $0.13
gmitoi: folds 
kukrapok_2: calls $0.13
Sutton1407: calls $0.11
AGVsmarT: calls $0.08
*** FLOP *** [Tc Qh 3c]
Sutton1407: checks 
AGVsmarT: bets $0.20
AssosManiki: calls $0.20
6tee: calls $0.20
kukrapok_2: folds 
Sutton1407: folds 
*** TURN *** [Tc Qh 3c] [4h]
AGVsmarT: bets $0.20
AssosManiki: raises $1.02 to $1.22
6tee: folds 
AGVsmarT: folds 
Uncalled bet ($1.02) returned to AssosManiki
AssosManiki collected $1.58 from pot
AssosManiki: doesn't show hand 
*** SUMMARY ***
Total pot $1.65 | Rake $0.07 
Board [Tc Qh 3c 4h]
Seat 1: Sutton1407 (small blind) folded on the Flop
Seat 2: AGVsmarT (big blind) folded on the Turn
Seat 3: babyfacebibs folded before Flop (didn't bet)
Seat 4: AssosManiki collected ($1.58)
Seat 5: Dorex2007 folded before Flop (didn't bet)
Seat 7: 6tee folded on the Turn
Seat 8: gmitoi folded before Flop (didn't bet)
Seat 9: kukrapok_2 (button) folded on the Flop



PokerStars Hand #238074529780:  Hold'em No Limit ($0.02/$0.05 USD) - 2022/08/18 15:39:11 PT [2022/08/18 18:39:11 ET]
Table 'Appella III' 9-max Seat #1 is the button
Seat 1: Sutton1407 ($3.85 in chips) 
Seat 2: AGVsmarT ($5.54 in chips) 
Seat 3: babyfacebibs ($5.70 in chips) 
Seat 4: AssosManiki ($6.39 in chips) 
Seat 5: Dorex2007 ($5.09 in chips) 
Seat 7: 6tee ($1.98 in chips) 
Seat 8: gmitoi ($9.37 in chips) 
Seat 9: kukrapok_2 ($5.01 in chips) 
AGVsmarT: posts small blind $0.02
babyfacebibs: posts big blind $0.05
baigan9285: sits out 
*** HOLE CARDS ***
Dealt to Dorex2007 [2c Jd]
AssosManiki: folds 
Dorex2007: folds 
6tee: folds 
gmitoi: raises $0.10 to $0.15
kukrapok_2: folds 
Sutton1407: folds 
AGVsmarT: folds 
babyfacebibs: folds 
Uncalled bet ($0.10) returned to gmitoi
gmitoi collected $0.12 from pot
gmitoi: doesn't show hand 
*** SUMMARY ***
Total pot $0.12 | Rake $0 
Seat 1: Sutton1407 (button) folded before Flop (didn't bet)
Seat 2: AGVsmarT (small blind) folded before Flop
Seat 3: babyfacebibs (big blind) folded before Flop
Seat 4: AssosManiki folded before Flop (didn't bet)
Seat 5: Dorex2007 folded before Flop (didn't bet)
Seat 7: 6tee folded before Flop (didn't bet)
Seat 8: gmitoi collected ($0.12)
Seat 9: kukrapok_2 folded before Flop (didn't bet)



PokerStars Hand #238074537151:  Hold'em No Limit ($0.02/$0.05 USD) - 2022/08/18 15:39:35 PT [2022/08/18 18:39:35 ET]
Table 'Appella III' 9-max Seat #2 is the button
Seat 1: Sutton1407 ($3.85 in chips) 
Seat 2: AGVsmarT ($5.52 in chips) 
Seat 3: babyfacebibs ($5.65 in chips) 
Seat 4: AssosManiki ($6.39 in chips) 
Seat 5: Dorex2007 ($5.09 in chips) 
Seat 7: 6tee ($1.98 in chips) 
Seat 8: gmitoi ($9.44 in chips) 
Seat 9: kukrapok_2 ($5.01 in chips) 
babyfacebibs: posts small blind $0.02
AssosManiki: posts big blind $0.05
baigan9285: sits out 
*** HOLE CARDS ***
Dealt to Dorex2007 [4c Jh]
Dorex2007: folds 
6tee: calls $0.05
gmitoi: folds 
kukrapok_2: calls $0.05
Sutton1407: folds 
AGVsmarT: folds 
babyfacebibs: folds 
AssosManiki: checks 
*** FLOP *** [Kd 6s Kh]
AssosManiki: checks 
6tee: bets $0.08
kukrapok_2: raises $0.16 to $0.24
AssosManiki: folds 
6tee: calls $0.16
*** TURN *** [Kd 6s Kh] [8d]
6tee: checks 
kukrapok_2: checks 
*** RIVER *** [Kd 6s Kh 8d] [Tc]
6tee: checks 
kukrapok_2: checks 
*** SHOW DOWN ***
6tee: shows [Ac Ah] (two pair, Aces and Kings)
kukrapok_2: mucks hand 
6tee collected $0.62 from pot
*** SUMMARY ***
Total pot $0.65 | Rake $0.03 
Board [Kd 6s Kh 8d Tc]
Seat 1: Sutton1407 folded before Flop (didn't bet)
Seat 2: AGVsmarT (button) folded before Flop (didn't bet)
Seat 3: babyfacebibs (small blind) folded before Flop
Seat 4: AssosManiki (big blind) folded on the Flop
Seat 5: Dorex2007 folded before Flop (didn't bet)
Seat 7: 6tee showed [Ac Ah] and won ($0.62) with two pair, Aces and Kings
Seat 8: gmitoi folded before Flop (didn't bet)
Seat 9: kukrapok_2 mucked [As 3c]



PokerStars Hand #238074556190:  Hold'em No Limit ($0.02/$0.05 USD) - 2022/08/18 15:40:35 PT [2022/08/18 18:40:35 ET]
Table 'Appella III' 9-max Seat #3 is the button
Seat 1: Sutton1407 ($3.85 in chips) 
Seat 2: AGVsmarT ($5.52 in chips) 
Seat 3: babyfacebibs ($5.63 in chips) 
Seat 4: AssosManiki ($6.34 in chips) 
Seat 5: Dorex2007 ($5.09 in chips) 
Seat 7: 6tee ($2.31 in chips) 
Seat 8: gmitoi ($9.44 in chips) 
Seat 9: kukrapok_2 ($4.72 in chips) 
AssosManiki: posts small blind $0.02
Dorex2007: posts big blind $0.05
baigan9285: sits out 
*** HOLE CARDS ***
Dealt to Dorex2007 [Ks 9d]
6tee: folds 
gmitoi: raises $0.10 to $0.15
kukrapok_2: folds 
Sutton1407: folds 
AGVsmarT: folds 
babyfacebibs: folds 
AssosManiki: folds 
Dorex2007: folds 
Uncalled bet ($0.10) returned to gmitoi
gmitoi collected $0.12 from pot
gmitoi: doesn't show hand 
*** SUMMARY ***
Total pot $0.12 | Rake $0 
Seat 1: Sutton1407 folded before Flop (didn't bet)
Seat 2: AGVsmarT folded before Flop (didn't bet)
Seat 3: babyfacebibs (button) folded before Flop (didn't bet)
Seat 4: AssosManiki (small blind) folded before Flop
Seat 5: Dorex2007 (big blind) folded before Flop
Seat 7: 6tee folded before Flop (didn't bet)
Seat 8: gmitoi collected ($0.12)
Seat 9: kukrapok_2 folded before Flop (didn't bet)



PokerStars Hand #238074562282:  Hold'em No Limit ($0.02/$0.05 USD) - 2022/08/18 15:40:54 PT [2022/08/18 18:40:54 ET]
Table 'Appella III' 9-max Seat #4 is the button
Seat 1: Sutton1407 ($3.85 in chips) 
Seat 2: AGVsmarT ($5.52 in chips) 
Seat 3: babyfacebibs ($5.63 in chips) 
Seat 4: AssosManiki ($6.32 in chips) 
Seat 5: Dorex2007 ($5.04 in chips) 
Seat 6: baigan9285 ($5 in chips) 
Seat 7: 6tee ($2.31 in chips) 
Seat 8: gmitoi ($9.51 in chips) 
Seat 9: kukrapok_2 ($4.72 in chips) 
Dorex2007: posts small blind $0.02
baigan9285: posts big blind $0.05
*** HOLE CARDS ***
Dealt to Dorex2007 [2d 7s]
6tee: folds 
gmitoi: folds 
kukrapok_2: folds 
Sutton1407: folds 
AGVsmarT: calls $0.05
babyfacebibs: folds 
kukrapok_2 leaves the table
AssosManiki: folds 
Dorex2007: folds 
baigan9285: checks 
*** FLOP *** [Th Kc 3c]
baigan9285: checks 
AGVsmarT: bets $0.05
baigan9285: folds 
Uncalled bet ($0.05) returned to AGVsmarT
AGVsmarT collected $0.12 from pot
*** SUMMARY ***
Total pot $0.12 | Rake $0 
Board [Th Kc 3c]
Seat 1: Sutton1407 folded before Flop (didn't bet)
Seat 2: AGVsmarT collected ($0.12)
Seat 3: babyfacebibs folded before Flop (didn't bet)
Seat 4: AssosManiki (button) folded before Flop (didn't bet)
Seat 5: Dorex2007 (small blind) folded before Flop
Seat 6: baigan9285 (big blind) folded on the Flop
Seat 7: 6tee folded before Flop (didn't bet)
Seat 8: gmitoi folded before Flop (didn't bet)
Seat 9: kukrapok_2 folded before Flop (didn't bet)



PokerStars Hand #238074574756:  Hold'em No Limit ($0.02/$0.05 USD) - 2022/08/18 15:41:33 PT [2022/08/18 18:41:33 ET]
Table 'Appella III' 9-max Seat #5 is the button
Seat 1: Sutton1407 ($3.85 in chips) 
Seat 2: AGVsmarT ($5.59 in chips) 
Seat 3: babyfacebibs ($5.63 in chips) 
Seat 4: AssosManiki ($6.32 in chips) 
Seat 5: Dorex2007 ($5.02 in chips) 
Seat 6: baigan9285 ($4.95 in chips) 
Seat 7: 6tee ($2.31 in chips) 
Seat 8: gmitoi ($9.51 in chips) 
baigan9285: posts small blind $0.02
6tee: posts big blind $0.05
*** HOLE CARDS ***
Dealt to Dorex2007 [7c As]
gmitoi: folds 
Sutton1407: raises $0.10 to $0.15
AGVsmarT: folds 
babyfacebibs: folds 
AssosManiki: folds 
Dorex2007: folds 
baigan9285: folds 
6tee: folds 
Uncalled bet ($0.10) returned to Sutton1407
Sutton1407 collected $0.12 from pot
*** SUMMARY ***
Total pot $0.12 | Rake $0 
Seat 1: Sutton1407 collected ($0.12)
Seat 2: AGVsmarT folded before Flop (didn't bet)
Seat 3: babyfacebibs folded before Flop (didn't bet)
Seat 4: AssosManiki folded before Flop (didn't bet)
Seat 5: Dorex2007 (button) folded before Flop (didn't bet)
Seat 6: baigan9285 (small blind) folded before Flop
Seat 7: 6tee (big blind) folded before Flop
Seat 8: gmitoi folded before Flop (didn't bet)



PokerStars Hand #238074584598:  Hold'em No Limit ($0.02/$0.05 USD) - 2022/08/18 15:42:05 PT [2022/08/18 18:42:05 ET]
Table 'Appella III' 9-max Seat #6 is the button
Seat 1: Sutton1407 ($3.92 in chips) 
Seat 2: AGVsmarT ($5.59 in chips) 
Seat 3: babyfacebibs ($5.63 in chips) 
Seat 4: AssosManiki ($6.32 in chips) 
Seat 5: Dorex2007 ($5.02 in chips) 
Seat 6: baigan9285 ($4.93 in chips) 
Seat 7: 6tee ($2.26 in chips) 
Seat 8: gmitoi ($9.51 in chips) 
6tee: posts small blind $0.02
gmitoi: posts big blind $0.05
*** HOLE CARDS ***
Dealt to Dorex2007 [4d As]
Sutton1407: folds 
AGVsmarT: calls $0.05
babyfacebibs: folds 
AssosManiki: folds 
Dorex2007: folds 
baigan9285: raises $0.17 to $0.22
6tee: folds 
gmitoi: calls $0.17
AGVsmarT: folds 
*** FLOP *** [5d Jc 3s]
Derevtsssova joins the table at seat #9 
gmitoi: checks 
baigan9285: checks 
*** TURN *** [5d Jc 3s] [3c]
gmitoi: checks 
baigan9285: bets $0.30
gmitoi: folds 
Uncalled bet ($0.30) returned to baigan9285
baigan9285 collected $0.49 from pot
*** SUMMARY ***
Total pot $0.51 | Rake $0.02 
Board [5d Jc 3s 3c]
Seat 1: Sutton1407 folded before Flop (didn't bet)
Seat 2: AGVsmarT folded before Flop
Seat 3: babyfacebibs folded before Flop (didn't bet)
Seat 4: AssosManiki folded before Flop (didn't bet)
Seat 5: Dorex2007 folded before Flop (didn't bet)
Seat 6: baigan9285 (button) collected ($0.49)
Seat 7: 6tee (small blind) folded before Flop
Seat 8: gmitoi (big blind) folded on the Turn



PokerStars Hand #238074600732:  Hold'em No Limit ($0.02/$0.05 USD) - 2022/08/18 15:42:56 PT [2022/08/18 18:42:56 ET]
Table 'Appella III' 9-max Seat #7 is the button
Seat 1: Sutton1407 ($3.92 in chips) 
Seat 2: AGVsmarT ($5.54 in chips) 
Seat 3: babyfacebibs ($5.63 in chips) 
Seat 4: AssosManiki ($6.32 in chips) 
Seat 5: Dorex2007 ($5.02 in chips) 
Seat 6: baigan9285 ($5.20 in chips) 
Seat 7: 6tee ($2.24 in chips) 
Seat 8: gmitoi ($9.29 in chips) 
Seat 9: Derevtsssova ($5 in chips) 
gmitoi: posts small blind $0.02
Derevtsssova: posts big blind $0.05
*** HOLE CARDS ***
Dealt to Dorex2007 [Th Ac]
Sutton1407: raises $0.10 to $0.15
AGVsmarT: folds 
babyfacebibs: folds 
AssosManiki: folds 
Dorex2007: folds 
baigan9285: folds 
6tee: folds 
gmitoi: folds 
Derevtsssova has timed out
Derevtsssova: folds 
Uncalled bet ($0.10) returned to Sutton1407
Sutton1407 collected $0.12 from pot
*** SUMMARY ***
Total pot $0.12 | Rake $0 
Seat 1: Sutton1407 collected ($0.12)
Seat 2: AGVsmarT folded before Flop (didn't bet)
Seat 3: babyfacebibs folded before Flop (didn't bet)
Seat 4: AssosManiki folded before Flop (didn't bet)
Seat 5: Dorex2007 folded before Flop (didn't bet)
Seat 6: baigan9285 folded before Flop (didn't bet)
Seat 7: 6tee (button) folded before Flop (didn't bet)
Seat 8: gmitoi (small blind) folded before Flop
Seat 9: Derevtsssova (big blind) folded before Flop



PokerStars Hand #238074616270:  Hold'em No Limit ($0.02/$0.05 USD) - 2022/08/18 15:43:46 PT [2022/08/18 18:43:46 ET]
Table 'Appella III' 9-max Seat #8 is the button
Seat 1: Sutton1407 ($3.99 in chips) 
Seat 2: AGVsmarT ($5.54 in chips) 
Seat 3: babyfacebibs ($5.63 in chips) 
Seat 4: AssosManiki ($6.32 in chips) 
Seat 5: Dorex2007 ($5.02 in chips) 
Seat 6: baigan9285 ($5.20 in chips) 
Seat 7: 6tee ($2.24 in chips) 
Seat 8: gmitoi ($9.27 in chips) 
Sutton1407: posts small blind $0.02
AGVsmarT: posts big blind $0.05
*** HOLE CARDS ***
Dealt to Dorex2007 [4s 5h]
babyfacebibs: folds 
AssosManiki: raises $0.08 to $0.13
Dorex2007: folds 
baigan9285: calls $0.13
6tee: folds 
gmitoi: calls $0.13
Sutton1407: folds 
AGVsmarT: folds 
*** FLOP *** [3s 4h 7h]
Sutton1407 leaves the table
AssosManiki: checks 
baigan9285: checks 
gmitoi: checks 
*** TURN *** [3s 4h 7h] [Ks]
AssosManiki: bets $0.30
baigan9285: calls $0.30
gmitoi: folds 
*** RIVER *** [3s 4h 7h Ks] [5c]
AssosManiki: checks 
baigan9285: checks 
*** SHOW DOWN ***
AssosManiki: shows [Kd Ad] (a pair of Kings)
baigan9285: mucks hand 
AssosManiki collected $1.02 from pot
*** SUMMARY ***
Total pot $1.06 | Rake $0.04 
Board [3s 4h 7h Ks 5c]
Seat 1: Sutton1407 (small blind) folded before Flop
Seat 2: AGVsmarT (big blind) folded before Flop
Seat 3: babyfacebibs folded before Flop (didn't bet)
Seat 4: AssosManiki showed [Kd Ad] and won ($1.02) with a pair of Kings
Seat 5: Dorex2007 folded before Flop (didn't bet)
Seat 6: baigan9285 mucked [Qs Kc]
Seat 7: 6tee folded before Flop (didn't bet)
Seat 8: gmitoi (button) folded on the Turn



PokerStars Hand #238074636645:  Hold'em No Limit ($0.02/$0.05 USD) - 2022/08/18 15:44:51 PT [2022/08/18 18:44:51 ET]
Table 'Appella III' 9-max Seat #2 is the button
Seat 2: AGVsmarT ($5.49 in chips) 
Seat 3: babyfacebibs ($5.63 in chips) 
Seat 4: AssosManiki ($6.91 in chips) 
Seat 5: Dorex2007 ($5.02 in chips) 
Seat 6: baigan9285 ($4.77 in chips) 
Seat 7: 6tee ($2.24 in chips) 
Seat 8: gmitoi ($9.14 in chips) 
babyfacebibs: posts small blind $0.02
AssosManiki: posts big blind $0.05
Derevtsssova has timed out
Derevtsssova: is sitting out 
*** HOLE CARDS ***
Dealt to Dorex2007 [As Jc]
Dorex2007: raises $0.10 to $0.15
negreanumura joins the table at seat #1 
baigan9285: folds 
6tee: folds 
gmitoi: folds 
AGVsmarT: folds 
babyfacebibs: folds 
AssosManiki: folds 
Uncalled bet ($0.10) returned to Dorex2007
Dorex2007 collected $0.12 from pot
Dorex2007: doesn't show hand 
*** SUMMARY ***
Total pot $0.12 | Rake $0 
Seat 2: AGVsmarT (button) folded before Flop (didn't bet)
Seat 3: babyfacebibs (small blind) folded before Flop
Seat 4: AssosManiki (big blind) folded before Flop
Seat 5: Dorex2007 collected ($0.12)
Seat 6: baigan9285 folded before Flop (didn't bet)
Seat 7: 6tee folded before Flop (didn't bet)
Seat 8: gmitoi folded before Flop (didn't bet)



PokerStars Hand #238074650930:  Hold'em No Limit ($0.02/$0.05 USD) - 2022/08/18 15:45:37 PT [2022/08/18 18:45:37 ET]
Table 'Appella III' 9-max Seat #3 is the button
Seat 2: AGVsmarT ($5.49 in chips) 
Seat 3: babyfacebibs ($5.61 in chips) 
Seat 4: AssosManiki ($6.86 in chips) 
Seat 5: Dorex2007 ($5.09 in chips) 
Seat 6: baigan9285 ($4.77 in chips) 
Seat 7: 6tee ($2.24 in chips) 
Seat 8: gmitoi ($9.14 in chips) 
AssosManiki: posts small blind $0.02
Dorex2007: posts big blind $0.05
negreanumura: sits out 
*** HOLE CARDS ***
Dealt to Dorex2007 [Th 2c]
baigan9285: folds 
6tee: folds 
gmitoi: raises $0.10 to $0.15
AGVsmarT: folds 
babyfacebibs: folds 
AssosManiki: folds 
Dorex2007: folds 
Uncalled bet ($0.10) returned to gmitoi
gmitoi collected $0.12 from pot
gmitoi: doesn't show hand 
*** SUMMARY ***
Total pot $0.12 | Rake $0 
Seat 2: AGVsmarT folded before Flop (didn't bet)
Seat 3: babyfacebibs (button) folded before Flop (didn't bet)
Seat 4: AssosManiki (small blind) folded before Flop
Seat 5: Dorex2007 (big blind) folded before Flop
Seat 6: baigan9285 folded before Flop (didn't bet)
Seat 7: 6tee folded before Flop (didn't bet)
Seat 8: gmitoi collected ($0.12)



PokerStars Hand #238074656869:  Hold'em No Limit ($0.02/$0.05 USD) - 2022/08/18 15:45:56 PT [2022/08/18 18:45:56 ET]
Table 'Appella III' 9-max Seat #4 is the button
Seat 2: AGVsmarT ($5.49 in chips) 
Seat 3: babyfacebibs ($5.61 in chips) 
Seat 4: AssosManiki ($6.84 in chips) 
Seat 5: Dorex2007 ($5.04 in chips) 
Seat 6: baigan9285 ($4.77 in chips) 
Seat 7: 6tee ($2.24 in chips) 
Seat 8: gmitoi ($9.21 in chips) 
Dorex2007: posts small blind $0.02
baigan9285: posts big blind $0.05
negreanumura: sits out 
*** HOLE CARDS ***
Dealt to Dorex2007 [5c 9c]
6tee: folds 
gmitoi: calls $0.05
AGVsmarT: calls $0.05
babyfacebibs: folds 
AssosManiki: folds 
Dorex2007: folds 
baigan9285: checks 
*** FLOP *** [8s 7h 7c]
baigan9285: checks 
gmitoi: checks 
AGVsmarT: bets $0.10
baigan9285: folds 
gmitoi: folds 
Uncalled bet ($0.10) returned to AGVsmarT
AGVsmarT collected $0.16 from pot
*** SUMMARY ***
Total pot $0.17 | Rake $0.01 
Board [8s 7h 7c]
Seat 2: AGVsmarT collected ($0.16)
Seat 3: babyfacebibs folded before Flop (didn't bet)
Seat 4: AssosManiki (button) folded before Flop (didn't bet)
Seat 5: Dorex2007 (small blind) folded before Flop
Seat 6: baigan9285 (big blind) folded on the Flop
Seat 7: 6tee folded before Flop (didn't bet)
Seat 8: gmitoi folded on the Flop



PokerStars Hand #238074674973:  Hold'em No Limit ($0.02/$0.05 USD) - 2022/08/18 15:46:46 PT [2022/08/18 18:46:46 ET]
Table 'Appella III' 9-max Seat #5 is the button
Seat 2: AGVsmarT ($5.60 in chips) 
Seat 3: babyfacebibs ($5.61 in chips) 
Seat 4: AssosManiki ($6.84 in chips) 
Seat 5: Dorex2007 ($5.02 in chips) 
Seat 6: baigan9285 ($4.72 in chips) 
Seat 7: 6tee ($2.24 in chips) 
Seat 8: gmitoi ($9.16 in chips) 
baigan9285: posts small blind $0.02
6tee: posts big blind $0.05
Derevtsssova: sits out 
negreanumura: sits out 
*** HOLE CARDS ***
Dealt to Dorex2007 [Jc Ts]
gmitoi: raises $0.10 to $0.15
AGVsmarT: folds 
babyfacebibs: calls $0.15
AssosManiki: calls $0.15
Dorex2007: calls $0.15
baigan9285: folds 
6tee: folds 
*** FLOP *** [4d 3s Kc]
gmitoi: checks 
babyfacebibs: checks 
AssosManiki: checks 
Dorex2007: checks 
*** TURN *** [4d 3s Kc] [3h]
gmitoi: checks 
babyfacebibs: bets $0.32
AssosManiki: folds 
Dorex2007: folds 
gmitoi: folds 
Uncalled bet ($0.32) returned to babyfacebibs
babyfacebibs collected $0.64 from pot
babyfacebibs: doesn't show hand 
*** SUMMARY ***
Total pot $0.67 | Rake $0.03 
Board [4d 3s Kc 3h]
Seat 2: AGVsmarT folded before Flop (didn't bet)
Seat 3: babyfacebibs collected ($0.64)
Seat 4: AssosManiki folded on the Turn
Seat 5: Dorex2007 (button) folded on the Turn
Seat 6: baigan9285 (small blind) folded before Flop
Seat 7: 6tee (big blind) folded before Flop
Seat 8: gmitoi folded on the Turn



PokerStars Hand #238074705130:  Hold'em No Limit ($0.02/$0.05 USD) - 2022/08/18 15:48:23 PT [2022/08/18 18:48:23 ET]
Table 'Appella III' 9-max Seat #6 is the button
Seat 2: AGVsmarT ($5.60 in chips) 
Seat 3: babyfacebibs ($6.10 in chips) 
Seat 4: AssosManiki ($6.69 in chips) 
Seat 5: Dorex2007 ($5 in chips) 
Seat 6: baigan9285 ($4.70 in chips) 
Seat 7: 6tee ($2.19 in chips) 
Seat 8: gmitoi ($9.01 in chips) 
6tee: posts small blind $0.02
gmitoi: posts big blind $0.05
Derevtsssova: sits out 
negreanumura: sits out 
*** HOLE CARDS ***
Dealt to Dorex2007 [Ad 8c]
AGVsmarT: folds 
babyfacebibs: folds 
AssosManiki: raises $0.08 to $0.13
Dorex2007: folds 
baigan9285: folds 
6tee: folds 
gmitoi: folds 
Uncalled bet ($0.08) returned to AssosManiki
AssosManiki collected $0.12 from pot
AssosManiki: doesn't show hand 
*** SUMMARY ***
Total pot $0.12 | Rake $0 
Seat 2: AGVsmarT folded before Flop (didn't bet)
Seat 3: babyfacebibs folded before Flop (didn't bet)
Seat 4: AssosManiki collected ($0.12)
Seat 5: Dorex2007 folded before Flop (didn't bet)
Seat 6: baigan9285 (button) folded before Flop (didn't bet)
Seat 7: 6tee (small blind) folded before Flop
Seat 8: gmitoi (big blind) folded before Flop



PokerStars Hand #238074712625:  Hold'em No Limit ($0.02/$0.05 USD) - 2022/08/18 15:48:48 PT [2022/08/18 18:48:48 ET]
Table 'Appella III' 9-max Seat #7 is the button
Seat 2: AGVsmarT ($5.60 in chips) 
Seat 3: babyfacebibs ($6.10 in chips) 
Seat 4: AssosManiki ($6.76 in chips) 
Seat 5: Dorex2007 ($5 in chips) 
Seat 6: baigan9285 ($4.70 in chips) 
Seat 7: 6tee ($2.17 in chips) 
Seat 8: gmitoi ($8.96 in chips) 
Seat 9: Derevtsssova ($5 in chips) 
gmitoi: posts small blind $0.02
Derevtsssova: posts big blind $0.05
negreanumura: sits out 
*** HOLE CARDS ***
Dealt to Dorex2007 [3d 5h]
AGVsmarT: folds 
babyfacebibs: calls $0.05
AssosManiki: calls $0.05
Dorex2007: folds 
baigan9285: folds 
6tee: folds 
gmitoi: calls $0.03
Derevtsssova: checks 
*** FLOP *** [9s Jc 3h]
gmitoi: checks 
Derevtsssova: checks 
babyfacebibs: checks 
AssosManiki: checks 
*** TURN *** [9s Jc 3h] [Kc]
gmitoi: bets $0.10
Derevtsssova: folds 
babyfacebibs: folds 
AssosManiki: folds 
Uncalled bet ($0.10) returned to gmitoi
gmitoi collected $0.19 from pot
gmitoi: doesn't show hand 
*** SUMMARY ***
Total pot $0.20 | Rake $0.01 
Board [9s Jc 3h Kc]
Seat 2: AGVsmarT folded before Flop (didn't bet)
Seat 3: babyfacebibs folded on the Turn
Seat 4: AssosManiki folded on the Turn
Seat 5: Dorex2007 folded before Flop (didn't bet)
Seat 6: baigan9285 folded before Flop (didn't bet)
Seat 7: 6tee (button) folded before Flop (didn't bet)
Seat 8: gmitoi (small blind) collected ($0.19)
Seat 9: Derevtsssova (big blind) folded on the Turn



PokerStars Hand #238074731808:  Hold'em No Limit ($0.02/$0.05 USD) - 2022/08/18 15:49:50 PT [2022/08/18 18:49:50 ET]
Table 'Appella III' 9-max Seat #8 is the button
Seat 1: negreanumura ($2.84 in chips) 
Seat 2: AGVsmarT ($5.60 in chips) 
Seat 3: babyfacebibs ($6.05 in chips) 
Seat 4: AssosManiki ($6.71 in chips) 
Seat 5: Dorex2007 ($5 in chips) 
Seat 6: baigan9285 ($4.70 in chips) 
Seat 7: 6tee ($2.17 in chips) 
Seat 8: gmitoi ($9.10 in chips) 
Seat 9: Derevtsssova ($5 in chips) 
Derevtsssova: posts small blind $0.02
negreanumura: posts big blind $0.05
*** HOLE CARDS ***
Dealt to Dorex2007 [As Qd]
AGVsmarT: folds 
babyfacebibs: folds 
AssosManiki: folds 
Dorex2007: raises $0.05 to $0.10
baigan9285: folds 
6tee: folds 
gmitoi: calls $0.10
Derevtsssova: folds 
negreanumura: raises $0.32 to $0.42
Dorex2007: folds 
gmitoi: folds 
Uncalled bet ($0.32) returned to negreanumura
negreanumura collected $0.32 from pot
*** SUMMARY ***
Total pot $0.32 | Rake $0 
Seat 1: negreanumura (big blind) collected ($0.32)
Seat 2: AGVsmarT folded before Flop (didn't bet)
Seat 3: babyfacebibs folded before Flop (didn't bet)
Seat 4: AssosManiki folded before Flop (didn't bet)
Seat 5: Dorex2007 folded before Flop
Seat 6: baigan9285 folded before Flop (didn't bet)
Seat 7: 6tee folded before Flop (didn't bet)
Seat 8: gmitoi (button) folded before Flop
Seat 9: Derevtsssova (small blind) folded before Flop



PokerStars Hand #238074738522:  Hold'em No Limit ($0.02/$0.05 USD) - 2022/08/18 15:50:12 PT [2022/08/18 18:50:12 ET]
Table 'Appella III' 9-max Seat #9 is the button
Seat 1: negreanumura ($3.06 in chips) 
Seat 2: AGVsmarT ($5.60 in chips) 
Seat 3: babyfacebibs ($6.05 in chips) 
Seat 4: AssosManiki ($6.71 in chips) 
Seat 5: Dorex2007 ($5 in chips) 
Seat 6: baigan9285 ($4.70 in chips) 
Seat 7: 6tee ($2.17 in chips) 
Seat 8: gmitoi ($9 in chips) 
Seat 9: Derevtsssova ($5 in chips) 
negreanumura: posts small blind $0.02
AGVsmarT: posts big blind $0.05
*** HOLE CARDS ***
Dealt to Dorex2007 [Tc 8s]
babyfacebibs: raises $0.05 to $0.10
AssosManiki: folds 
Dorex2007: folds 
baigan9285: folds 
6tee: raises $0.27 to $0.37
gmitoi: folds 
Derevtsssova: folds 
negreanumura: folds 
AGVsmarT: folds 
babyfacebibs: raises $0.27 to $0.64
6tee: calls $0.27
*** FLOP *** [4d 3c 2c]
babyfacebibs: bets $1.29
6tee: folds 
Uncalled bet ($1.29) returned to babyfacebibs
babyfacebibs collected $1.29 from pot
babyfacebibs: doesn't show hand 
*** SUMMARY ***
Total pot $1.35 | Rake $0.06 
Board [4d 3c 2c]
Seat 1: negreanumura (small blind) folded before Flop
Seat 2: AGVsmarT (big blind) folded before Flop
Seat 3: babyfacebibs collected ($1.29)
Seat 4: AssosManiki folded before Flop (didn't bet)
Seat 5: Dorex2007 folded before Flop (didn't bet)
Seat 6: baigan9285 folded before Flop (didn't bet)
Seat 7: 6tee folded on the Flop
Seat 8: gmitoi folded before Flop (didn't bet)
Seat 9: Derevtsssova (button) folded before Flop (didn't bet)



PokerStars Hand #238074753911:  Hold'em No Limit ($0.02/$0.05 USD) - 2022/08/18 15:51:03 PT [2022/08/18 18:51:03 ET]
Table 'Appella III' 9-max Seat #1 is the button
Seat 1: negreanumura ($3.04 in chips) 
Seat 2: AGVsmarT ($5.55 in chips) 
Seat 3: babyfacebibs ($6.70 in chips) 
Seat 4: AssosManiki ($6.71 in chips) 
Seat 5: Dorex2007 ($5 in chips) 
Seat 6: baigan9285 ($4.70 in chips) 
Seat 7: 6tee ($1.53 in chips) 
Seat 8: gmitoi ($9 in chips) 
Seat 9: Derevtsssova ($5 in chips) 
AGVsmarT: posts small blind $0.02
babyfacebibs: posts big blind $0.05
*** HOLE CARDS ***
Dealt to Dorex2007 [4h Jh]
AssosManiki: folds 
Dorex2007: folds 
baigan9285: folds 
6tee: folds 
gmitoi: folds 
Derevtsssova: folds 
negreanumura: calls $0.05
AGVsmarT: folds 
babyfacebibs: checks 
*** FLOP *** [6d Tc 7h]
babyfacebibs: checks 
negreanumura: checks 
*** TURN *** [6d Tc 7h] [Kh]
babyfacebibs: checks 
negreanumura: bets $0.05
babyfacebibs: folds 
Uncalled bet ($0.05) returned to negreanumura
negreanumura collected $0.12 from pot
*** SUMMARY ***
Total pot $0.12 | Rake $0 
Board [6d Tc 7h Kh]
Seat 1: negreanumura (button) collected ($0.12)
Seat 2: AGVsmarT (small blind) folded before Flop
Seat 3: babyfacebibs (big blind) folded on the Turn
Seat 4: AssosManiki folded before Flop (didn't bet)
Seat 5: Dorex2007 folded before Flop (didn't bet)
Seat 6: baigan9285 folded before Flop (didn't bet)
Seat 7: 6tee folded before Flop (didn't bet)
Seat 8: gmitoi folded before Flop (didn't bet)
Seat 9: Derevtsssova folded before Flop (didn't bet)



PokerStars Hand #238074768928:  Hold'em No Limit ($0.02/$0.05 USD) - 2022/08/18 15:51:51 PT [2022/08/18 18:51:51 ET]
Table 'Appella III' 9-max Seat #2 is the button
Seat 1: negreanumura ($3.11 in chips) 
Seat 2: AGVsmarT ($5.53 in chips) 
Seat 3: babyfacebibs ($6.65 in chips) 
Seat 4: AssosManiki ($6.71 in chips) 
Seat 5: Dorex2007 ($5 in chips) 
Seat 6: baigan9285 ($4.70 in chips) 
Seat 7: 6tee ($1.53 in chips) 
Seat 8: gmitoi ($9 in chips) 
Seat 9: Derevtsssova ($5 in chips) 
babyfacebibs: posts small blind $0.02
AssosManiki: posts big blind $0.05
*** HOLE CARDS ***
Dealt to Dorex2007 [9s 6d]
Dorex2007: folds 
baigan9285: folds 
6tee: folds 
gmitoi: folds 
Derevtsssova: folds 
negreanumura: folds 
AGVsmarT: raises $0.12 to $0.17
babyfacebibs: folds 
AssosManiki: folds 
Uncalled bet ($0.12) returned to AGVsmarT
AGVsmarT collected $0.12 from pot
*** SUMMARY ***
Total pot $0.12 | Rake $0 
Seat 1: negreanumura folded before Flop (didn't bet)
Seat 2: AGVsmarT (button) collected ($0.12)
Seat 3: babyfacebibs (small blind) folded before Flop
Seat 4: AssosManiki (big blind) folded before Flop
Seat 5: Dorex2007 folded before Flop (didn't bet)
Seat 6: baigan9285 folded before Flop (didn't bet)
Seat 7: 6tee folded before Flop (didn't bet)
Seat 8: gmitoi folded before Flop (didn't bet)
Seat 9: Derevtsssova folded before Flop (didn't bet)



PokerStars Hand #238074778975:  Hold'em No Limit ($0.02/$0.05 USD) - 2022/08/18 15:52:24 PT [2022/08/18 18:52:24 ET]
Table 'Appella III' 9-max Seat #3 is the button
Seat 1: negreanumura ($3.11 in chips) 
Seat 2: AGVsmarT ($5.60 in chips) 
Seat 3: babyfacebibs ($6.63 in chips) 
Seat 4: AssosManiki ($6.66 in chips) 
Seat 5: Dorex2007 ($5 in chips) 
Seat 6: baigan9285 ($4.70 in chips) 
Seat 7: 6tee ($1.53 in chips) 
Seat 8: gmitoi ($9 in chips) 
Seat 9: Derevtsssova ($5 in chips) 
AssosManiki: posts small blind $0.02
Dorex2007: posts big blind $0.05
*** HOLE CARDS ***
Dealt to Dorex2007 [5h Ks]
baigan9285: folds 
6tee: calls $0.05
gmitoi: folds 
Derevtsssova: folds 
negreanumura: folds 
AGVsmarT: folds 
babyfacebibs: folds 
AssosManiki: calls $0.03
Dorex2007: checks 
*** FLOP *** [7d 6s 8d]
AssosManiki: checks 
Dorex2007: checks 
6tee: checks 
*** TURN *** [7d 6s 8d] [2s]
AssosManiki: checks 
Dorex2007: checks 
6tee: checks 
*** RIVER *** [7d 6s 8d 2s] [8s]
AssosManiki: checks 
Dorex2007: checks 
6tee: checks 
*** SHOW DOWN ***
AssosManiki: shows [3s 5c] (a pair of Eights)
Dorex2007: shows [5h Ks] (a pair of Eights - King kicker)
6tee: mucks hand 
Dorex2007 collected $0.14 from pot
*** SUMMARY ***
Total pot $0.15 | Rake $0.01 
Board [7d 6s 8d 2s 8s]
Seat 1: negreanumura folded before Flop (didn't bet)
Seat 2: AGVsmarT folded before Flop (didn't bet)
Seat 3: babyfacebibs (button) folded before Flop (didn't bet)
Seat 4: AssosManiki (small blind) showed [3s 5c] and lost with a pair of Eights
Seat 5: Dorex2007 (big blind) showed [5h Ks] and won ($0.14) with a pair of Eights
Seat 6: baigan9285 folded before Flop (didn't bet)
Seat 7: 6tee mucked [Qc Tc]
Seat 8: gmitoi folded before Flop (didn't bet)
Seat 9: Derevtsssova folded before Flop (didn't bet)



PokerStars Hand #238074799689:  Hold'em No Limit ($0.02/$0.05 USD) - 2022/08/18 15:53:33 PT [2022/08/18 18:53:33 ET]
Table 'Appella III' 9-max Seat #4 is the button
Seat 1: negreanumura ($3.11 in chips) 
Seat 2: AGVsmarT ($5.60 in chips) 
Seat 3: babyfacebibs ($6.63 in chips) 
Seat 4: AssosManiki ($6.61 in chips) 
Seat 5: Dorex2007 ($5.09 in chips) 
Seat 6: baigan9285 ($4.70 in chips) 
Seat 7: 6tee ($1.48 in chips) 
Seat 8: gmitoi ($9 in chips) 
Seat 9: Derevtsssova ($5 in chips) 
Dorex2007: posts small blind $0.02
baigan9285: posts big blind $0.05
*** HOLE CARDS ***
Dealt to Dorex2007 [7h 5d]
6tee: calls $0.05
gmitoi: folds 
Derevtsssova: folds 
negreanumura: calls $0.05
AGVsmarT: folds 
babyfacebibs: folds 
AssosManiki: folds 
Dorex2007: folds 
baigan9285: checks 
*** FLOP *** [9c 2c Ah]
baigan9285: checks 
6tee: bets $0.16
negreanumura: folds 
baigan9285: folds 
Uncalled bet ($0.16) returned to 6tee
6tee collected $0.16 from pot
*** SUMMARY ***
Total pot $0.17 | Rake $0.01 
Board [9c 2c Ah]
Seat 1: negreanumura folded on the Flop
Seat 2: AGVsmarT folded before Flop (didn't bet)
Seat 3: babyfacebibs folded before Flop (didn't bet)
Seat 4: AssosManiki (button) folded before Flop (didn't bet)
Seat 5: Dorex2007 (small blind) folded before Flop
Seat 6: baigan9285 (big blind) folded on the Flop
Seat 7: 6tee collected ($0.16)
Seat 8: gmitoi folded before Flop (didn't bet)
Seat 9: Derevtsssova folded before Flop (didn't bet)



PokerStars Hand #238074811494:  Hold'em No Limit ($0.02/$0.05 USD) - 2022/08/18 15:54:12 PT [2022/08/18 18:54:12 ET]
Table 'Appella III' 9-max Seat #5 is the button
Seat 1: negreanumura ($3.06 in chips) 
Seat 2: AGVsmarT ($5.60 in chips) 
Seat 3: babyfacebibs ($6.63 in chips) 
Seat 4: AssosManiki ($6.61 in chips) 
Seat 5: Dorex2007 ($5.07 in chips) 
Seat 6: baigan9285 ($4.65 in chips) 
Seat 7: 6tee ($1.59 in chips) 
Seat 8: gmitoi ($9 in chips) 
Seat 9: Derevtsssova ($5 in chips) 
baigan9285: posts small blind $0.02
6tee: posts big blind $0.05
*** HOLE CARDS ***
Dealt to Dorex2007 [Ah 3c]
gmitoi has timed out
gmitoi: folds 
Derevtsssova: raises $0.10 to $0.15
negreanumura: folds 
AGVsmarT: folds 
babyfacebibs: folds 
AssosManiki: folds 
Dorex2007: folds 
baigan9285: folds 
6tee: folds 
Uncalled bet ($0.10) returned to Derevtsssova
Derevtsssova collected $0.12 from pot
Derevtsssova: doesn't show hand 
*** SUMMARY ***
Total pot $0.12 | Rake $0 
Seat 1: negreanumura folded before Flop (didn't bet)
Seat 2: AGVsmarT folded before Flop (didn't bet)
Seat 3: babyfacebibs folded before Flop (didn't bet)
Seat 4: AssosManiki folded before Flop (didn't bet)
Seat 5: Dorex2007 (button) folded before Flop (didn't bet)
Seat 6: baigan9285 (small blind) folded before Flop
Seat 7: 6tee (big blind) folded before Flop
Seat 8: gmitoi folded before Flop (didn't bet)
Seat 9: Derevtsssova collected ($0.12)



PokerStars Hand #238074821365:  Hold'em No Limit ($0.02/$0.05 USD) - 2022/08/18 15:54:45 PT [2022/08/18 18:54:45 ET]
Table 'Appella III' 9-max Seat #6 is the button
Seat 1: negreanumura ($3.06 in chips) 
Seat 2: AGVsmarT ($5.60 in chips) 
Seat 3: babyfacebibs ($6.63 in chips) 
Seat 4: AssosManiki ($6.61 in chips) 
Seat 5: Dorex2007 ($5.07 in chips) 
Seat 6: baigan9285 ($4.63 in chips) 
Seat 7: 6tee ($1.54 in chips) 
Seat 9: Derevtsssova ($5.07 in chips) 
6tee: posts small blind $0.02
Derevtsssova: posts big blind $0.05
*** HOLE CARDS ***
Dealt to Dorex2007 [4d 9d]
negreanumura: calls $0.05
AGVsmarT: folds 
babyfacebibs: calls $0.05
AssosManiki: folds 
Dorex2007: folds 
baigan9285: folds 
6tee: folds 
Derevtsssova: checks 
*** FLOP *** [Jc 5s 9s]
Derevtsssova: checks 
negreanumura: bets $0.13
babyfacebibs: folds 
Derevtsssova: folds 
Uncalled bet ($0.13) returned to negreanumura
negreanumura collected $0.16 from pot
*** SUMMARY ***
Total pot $0.17 | Rake $0.01 
Board [Jc 5s 9s]
Seat 1: negreanumura collected ($0.16)
Seat 2: AGVsmarT folded before Flop (didn't bet)
Seat 3: babyfacebibs folded on the Flop
Seat 4: AssosManiki folded before Flop (didn't bet)
Seat 5: Dorex2007 folded before Flop (didn't bet)
Seat 6: baigan9285 (button) folded before Flop (didn't bet)
Seat 7: 6tee (small blind) folded before Flop
Seat 9: Derevtsssova (big blind) folded on the Flop



PokerStars Hand #238074833206:  Hold'em No Limit ($0.02/$0.05 USD) - 2022/08/18 15:55:29 PT [2022/08/18 18:55:29 ET]
Table 'Appella III' 9-max Seat #7 is the button
Seat 1: negreanumura ($3.17 in chips) 
Seat 2: AGVsmarT ($5.60 in chips) 
Seat 3: babyfacebibs ($6.58 in chips) 
Seat 4: AssosManiki ($6.61 in chips) 
Seat 5: Dorex2007 ($5.07 in chips) 
Seat 6: baigan9285 ($4.63 in chips) 
Seat 7: 6tee ($1.52 in chips) 
Seat 9: Derevtsssova ($5.02 in chips) 
Derevtsssova: posts small blind $0.02
negreanumura: posts big blind $0.05
*** HOLE CARDS ***
Dealt to Dorex2007 [Ks 8d]
AGVsmarT: folds 
babyfacebibs: calls $0.05
AssosManiki: folds 
Dorex2007: folds 
baigan9285: raises $0.10 to $0.15
6tee: folds 
Derevtsssova: folds 
negreanumura: folds 
babyfacebibs: calls $0.10
*** FLOP *** [Qd 9c 6d]
babyfacebibs: checks 
baigan9285: checks 
*** TURN *** [Qd 9c 6d] [Ts]
babyfacebibs: bets $0.17
baigan9285: calls $0.17
*** RIVER *** [Qd 9c 6d Ts] [5h]
babyfacebibs: bets $0.34
baigan9285: calls $0.34
*** SHOW DOWN ***
babyfacebibs: shows [Jd Qc] (a pair of Queens)
baigan9285: mucks hand 
babyfacebibs collected $1.33 from pot
*** SUMMARY ***
Total pot $1.39 | Rake $0.06 
Board [Qd 9c 6d Ts 5h]
Seat 1: negreanumura (big blind) folded before Flop
Seat 2: AGVsmarT folded before Flop (didn't bet)
Seat 3: babyfacebibs showed [Jd Qc] and won ($1.33) with a pair of Queens
Seat 4: AssosManiki folded before Flop (didn't bet)
Seat 5: Dorex2007 folded before Flop (didn't bet)
Seat 6: baigan9285 mucked [Th 8h]
Seat 7: 6tee (button) folded before Flop (didn't bet)
Seat 9: Derevtsssova (small blind) folded before Flop



PokerStars Hand #238074849898:  Hold'em No Limit ($0.02/$0.05 USD) - 2022/08/18 15:56:37 PT [2022/08/18 18:56:37 ET]
Table 'Appella III' 9-max Seat #9 is the button
Seat 1: negreanumura ($3.12 in chips) 
Seat 2: AGVsmarT ($5.60 in chips) 
Seat 3: babyfacebibs ($7.25 in chips) 
Seat 4: AssosManiki ($6.61 in chips) 
Seat 5: Dorex2007 ($5.07 in chips) 
Seat 6: baigan9285 ($3.97 in chips) 
Seat 7: 6tee ($1.52 in chips) 
Seat 9: Derevtsssova ($5 in chips) 
negreanumura: posts small blind $0.02
AGVsmarT: posts big blind $0.05
*** HOLE CARDS ***
Dealt to Dorex2007 [2s 7s]
babyfacebibs: folds 
AssosManiki: folds 
Dorex2007: folds 
baigan9285: folds 
6tee: folds 
Derevtsssova: raises $0.10 to $0.15
negreanumura: calls $0.13
AGVsmarT: folds 
*** FLOP *** [Jh 3d 2c]
negreanumura: checks 
Derevtsssova: checks 
*** TURN *** [Jh 3d 2c] [Ac]
negreanumura: bets $0.05
Derevtsssova: calls $0.05
*** RIVER *** [Jh 3d 2c Ac] [4c]
negreanumura: bets $0.43
Derevtsssova: calls $0.43
*** SHOW DOWN ***
negreanumura: shows [Tc 9c] (a flush, Ace high)
Derevtsssova: mucks hand 
negreanumura collected $1.25 from pot
*** SUMMARY ***
Total pot $1.31 | Rake $0.06 
Board [Jh 3d 2c Ac 4c]
Seat 1: negreanumura (small blind) showed [Tc 9c] and won ($1.25) with a flush, Ace high
Seat 2: AGVsmarT (big blind) folded before Flop
Seat 3: babyfacebibs folded before Flop (didn't bet)
Seat 4: AssosManiki folded before Flop (didn't bet)
Seat 5: Dorex2007 folded before Flop (didn't bet)
Seat 6: baigan9285 folded before Flop (didn't bet)
Seat 7: 6tee folded before Flop (didn't bet)
Seat 9: Derevtsssova (button) mucked [Ad 7h]



PokerStars Hand #238074863965:  Hold'em No Limit ($0.02/$0.05 USD) - 2022/08/18 15:57:34 PT [2022/08/18 18:57:34 ET]
Table 'Appella III' 9-max Seat #1 is the button
Seat 1: negreanumura ($3.74 in chips) 
Seat 2: AGVsmarT ($5.55 in chips) 
Seat 3: babyfacebibs ($7.25 in chips) 
Seat 4: AssosManiki ($6.61 in chips) 
Seat 5: Dorex2007 ($5.07 in chips) 
Seat 6: baigan9285 ($3.97 in chips) 
Seat 7: 6tee ($1.52 in chips) 
Seat 9: Derevtsssova ($5 in chips) 
AGVsmarT: posts small blind $0.02
babyfacebibs: posts big blind $0.05
*** HOLE CARDS ***
Dealt to Dorex2007 [8d Jc]
AssosManiki: folds 
Dorex2007: folds 
baigan9285: folds 
6tee: folds 
Derevtsssova: folds 
negreanumura: calls $0.05
AGVsmarT: calls $0.03
babyfacebibs: checks 
*** FLOP *** [6d Kh Qd]
AGVsmarT: bets $0.14
babyfacebibs: folds 
negreanumura: folds 
Uncalled bet ($0.14) returned to AGVsmarT
AGVsmarT collected $0.14 from pot
*** SUMMARY ***
Total pot $0.15 | Rake $0.01 
Board [6d Kh Qd]
Seat 1: negreanumura (button) folded on the Flop
Seat 2: AGVsmarT (small blind) collected ($0.14)
Seat 3: babyfacebibs (big blind) folded on the Flop
Seat 4: AssosManiki folded before Flop (didn't bet)
Seat 5: Dorex2007 folded before Flop (didn't bet)
Seat 6: baigan9285 folded before Flop (didn't bet)
Seat 7: 6tee folded before Flop (didn't bet)
Seat 9: Derevtsssova folded before Flop (didn't bet)



PokerStars Hand #238074878972:  Hold'em No Limit ($0.02/$0.05 USD) - 2022/08/18 15:58:35 PT [2022/08/18 18:58:35 ET]
Table 'Appella III' 9-max Seat #2 is the button
Seat 1: negreanumura ($3.69 in chips) 
Seat 2: AGVsmarT ($5.64 in chips) 
Seat 3: babyfacebibs ($7.20 in chips) 
Seat 4: AssosManiki ($6.61 in chips) 
Seat 5: Dorex2007 ($5.07 in chips) 
Seat 6: baigan9285 ($5 in chips) 
Seat 7: 6tee ($1.52 in chips) 
Seat 9: Derevtsssova ($5 in chips) 
babyfacebibs: posts small blind $0.02
AssosManiki: posts big blind $0.05
*** HOLE CARDS ***
Dealt to Dorex2007 [Ad 4c]
Dorex2007: folds 
baigan9285: folds 
6tee: folds 
Derevtsssova: folds 
negreanumura: folds 
AGVsmarT: calls $0.05
babyfacebibs: folds 
AssosManiki: checks 
*** FLOP *** [Th 5h 9h]
AssosManiki: checks 
AGVsmarT: bets $0.05
AssosManiki: folds 
Uncalled bet ($0.05) returned to AGVsmarT
AGVsmarT collected $0.12 from pot
*** SUMMARY ***
Total pot $0.12 | Rake $0 
Board [Th 5h 9h]
Seat 1: negreanumura folded before Flop (didn't bet)
Seat 2: AGVsmarT (button) collected ($0.12)
Seat 3: babyfacebibs (small blind) folded before Flop
Seat 4: AssosManiki (big blind) folded on the Flop
Seat 5: Dorex2007 folded before Flop (didn't bet)
Seat 6: baigan9285 folded before Flop (didn't bet)
Seat 7: 6tee folded before Flop (didn't bet)
Seat 9: Derevtsssova folded before Flop (didn't bet)



PokerStars Hand #238074885933:  Hold'em No Limit ($0.02/$0.05 USD) - 2022/08/18 15:59:04 PT [2022/08/18 18:59:04 ET]
Table 'Appella III' 9-max Seat #4 is the button
Seat 1: negreanumura ($3.69 in chips) 
Seat 2: AGVsmarT ($5.71 in chips) 
Seat 4: AssosManiki ($6.56 in chips) 
Seat 5: Dorex2007 ($5.07 in chips) 
Seat 6: baigan9285 ($5 in chips) 
Seat 7: 6tee ($1.52 in chips) 
Seat 9: Derevtsssova ($5 in chips) 
Dorex2007: posts small blind $0.02
baigan9285: posts big blind $0.05
*** HOLE CARDS ***
Dealt to Dorex2007 [3s 8h]
6tee: folds 
Derevtsssova has timed out
Derevtsssova: folds 
negreanumura: calls $0.05
AGVsmarT has timed out
AGVsmarT: folds 
AssosManiki: folds 
Dorex2007: folds 
baigan9285: checks 
*** FLOP *** [5h 6h 4d]
baigan9285: checks 
negreanumura: checks 
*** TURN *** [5h 6h 4d] [3d]
baigan9285: checks 
negreanumura: bets $0.05
baigan9285: raises $0.11 to $0.16
negreanumura: calls $0.11
*** RIVER *** [5h 6h 4d 3d] [Ah]
baigan9285: bets $0.21
negreanumura: raises $0.42 to $0.63
baigan9285: folds 
Uncalled bet ($0.42) returned to negreanumura
negreanumura collected $0.81 from pot
*** SUMMARY ***
Total pot $0.86 | Rake $0.05 
Board [5h 6h 4d 3d Ah]
Seat 1: negreanumura collected ($0.81)
Seat 2: AGVsmarT folded before Flop (didn't bet)
Seat 4: AssosManiki (button) folded before Flop (didn't bet)
Seat 5: Dorex2007 (small blind) folded before Flop
Seat 6: baigan9285 (big blind) folded on the River
Seat 7: 6tee folded before Flop (didn't bet)
Seat 9: Derevtsssova folded before Flop (didn't bet)



PokerStars Hand #238074902485:  Hold'em No Limit ($0.02/$0.05 USD) - 2022/08/18 16:00:11 PT [2022/08/18 19:00:11 ET]
Table 'Appella III' 9-max Seat #5 is the button
Seat 1: negreanumura ($4.08 in chips) 
Seat 4: AssosManiki ($6.56 in chips) 
Seat 5: Dorex2007 ($5.05 in chips) 
Seat 6: baigan9285 ($4.58 in chips) 
Seat 7: 6tee ($1.52 in chips) 
Seat 9: Derevtsssova ($5 in chips) 
baigan9285: posts small blind $0.02
6tee: posts big blind $0.05
*** HOLE CARDS ***
Dealt to Dorex2007 [Qd 7d]
Derevtsssova: folds 
negreanumura: folds 
AssosManiki: folds 
Dorex2007: folds 
baigan9285: folds 
Uncalled bet ($0.03) returned to 6tee
6tee collected $0.04 from pot
*** SUMMARY ***
Total pot $0.04 | Rake $0 
Seat 1: negreanumura folded before Flop (didn't bet)
Seat 4: AssosManiki folded before Flop (didn't bet)
Seat 5: Dorex2007 (button) folded before Flop (didn't bet)
Seat 6: baigan9285 (small blind) folded before Flop
Seat 7: 6tee (big blind) collected ($0.04)
Seat 9: Derevtsssova folded before Flop (didn't bet)



PokerStars Hand #238074905287:  Hold'em No Limit ($0.02/$0.05 USD) - 2022/08/18 16:00:22 PT [2022/08/18 19:00:22 ET]
Table 'Appella III' 9-max Seat #6 is the button
Seat 1: negreanumura ($4.08 in chips) 
Seat 4: AssosManiki ($6.56 in chips) 
Seat 5: Dorex2007 ($5.05 in chips) 
Seat 6: baigan9285 ($4.56 in chips) 
Seat 7: 6tee ($1.54 in chips) 
Seat 9: Derevtsssova ($5 in chips) 
6tee: posts small blind $0.02
Derevtsssova: posts big blind $0.05
*** HOLE CARDS ***
Dealt to Dorex2007 [7c 8s]
negreanumura: folds 
AssosManiki: folds 
Dorex2007: folds 
baigan9285: raises $0.10 to $0.15
6tee has timed out
6tee: folds 
Derevtsssova: raises $0.32 to $0.47
baigan9285: folds 
Uncalled bet ($0.32) returned to Derevtsssova
Derevtsssova collected $0.32 from pot
Derevtsssova: doesn't show hand 
*** SUMMARY ***
Total pot $0.32 | Rake $0 
Seat 1: negreanumura folded before Flop (didn't bet)
Seat 4: AssosManiki folded before Flop (didn't bet)
Seat 5: Dorex2007 folded before Flop (didn't bet)
Seat 6: baigan9285 (button) folded before Flop
Seat 7: 6tee (small blind) folded before Flop
Seat 9: Derevtsssova (big blind) collected ($0.32)



PokerStars Hand #238074936542:  Hold'em No Limit ($0.02/$0.05 USD) - 2022/08/18 16:01:39 PT [2022/08/18 19:01:39 ET]
Table 'Appella III' 9-max Seat #9 is the button
Seat 1: negreanumura ($4.08 in chips) 
Seat 2: AGVsmarT ($5.71 in chips) 
Seat 4: AssosManiki ($6.56 in chips) 
Seat 5: Dorex2007 ($5.05 in chips) 
Seat 6: baigan9285 ($4.41 in chips) 
Seat 9: Derevtsssova ($5.17 in chips) 
negreanumura: posts small blind $0.02
AGVsmarT: posts big blind $0.05
*** HOLE CARDS ***
Dealt to Dorex2007 [2h 9d]
AssosManiki: folds 
Dorex2007: folds 
baigan9285: folds 
Derevtsssova: folds 
negreanumura: calls $0.03
AGVsmarT: raises $0.10 to $0.15
negreanumura: calls $0.10
*** FLOP *** [5d 3h 5s]
negreanumura: bets $0.15
AGVsmarT: calls $0.15
*** TURN *** [5d 3h 5s] [7s]
negreanumura: bets $0.29
AGVsmarT: calls $0.29
*** RIVER *** [5d 3h 5s 7s] [Th]
negreanumura: bets $0.56
AGVsmarT: calls $0.56
*** SHOW DOWN ***
negreanumura: shows [Qc 7c] (two pair, Sevens and Fives)
AGVsmarT: shows [Kd Ks] (two pair, Kings and Fives)
AGVsmarT collected $2.20 from pot
*** SUMMARY ***
Total pot $2.30 | Rake $0.10 
Board [5d 3h 5s 7s Th]
Seat 1: negreanumura (small blind) showed [Qc 7c] and lost with two pair, Sevens and Fives
Seat 2: AGVsmarT (big blind) showed [Kd Ks] and won ($2.20) with two pair, Kings and Fives
Seat 4: AssosManiki folded before Flop (didn't bet)
Seat 5: Dorex2007 folded before Flop (didn't bet)
Seat 6: baigan9285 folded before Flop (didn't bet)
Seat 9: Derevtsssova (button) folded before Flop (didn't bet)



PokerStars Hand #238074948685:  Hold'em No Limit ($0.02/$0.05 USD) - 2022/08/18 16:02:20 PT [2022/08/18 19:02:20 ET]
Table 'Appella III' 9-max Seat #1 is the button
Seat 1: negreanumura ($2.93 in chips) 
Seat 2: AGVsmarT ($6.76 in chips) 
Seat 4: AssosManiki ($6.56 in chips) 
Seat 5: Dorex2007 ($5.05 in chips) 
Seat 6: baigan9285 ($4.41 in chips) 
Seat 9: Derevtsssova ($5.17 in chips) 
AGVsmarT: posts small blind $0.02
AssosManiki: posts big blind $0.05
*** HOLE CARDS ***
Dealt to Dorex2007 [Qc Jc]
Dorex2007: raises $0.10 to $0.15
baigan9285: folds 
Derevtsssova: folds 
negreanumura: calls $0.15
AGVsmarT: calls $0.13
AssosManiki: folds 
*** FLOP *** [8d 6s 3s]
AGVsmarT: bets $0.20
Dorex2007: folds 
negreanumura: folds 
Uncalled bet ($0.20) returned to AGVsmarT
AGVsmarT collected $0.48 from pot
*** SUMMARY ***
Total pot $0.50 | Rake $0.02 
Board [8d 6s 3s]
Seat 1: negreanumura (button) folded on the Flop
Seat 2: AGVsmarT (small blind) collected ($0.48)
Seat 4: AssosManiki (big blind) folded before Flop
Seat 5: Dorex2007 folded on the Flop
Seat 6: baigan9285 folded before Flop (didn't bet)
Seat 9: Derevtsssova folded before Flop (didn't bet)



PokerStars Hand #238074957181:  Hold'em No Limit ($0.02/$0.05 USD) - 2022/08/18 16:02:49 PT [2022/08/18 19:02:49 ET]
Table 'Appella III' 9-max Seat #2 is the button
Seat 1: negreanumura ($2.78 in chips) 
Seat 2: AGVsmarT ($7.09 in chips) 
Seat 4: AssosManiki ($6.51 in chips) 
Seat 5: Dorex2007 ($5 in chips) 
Seat 6: baigan9285 ($4.41 in chips) 
Seat 9: Derevtsssova ($5.17 in chips) 
AssosManiki: posts small blind $0.02
Dorex2007: posts big blind $0.05
*** HOLE CARDS ***
Dealt to Dorex2007 [As 7s]
baigan9285: folds 
Derevtsssova: folds 
negreanumura: folds 
AGVsmarT: folds 
AssosManiki: folds 
Uncalled bet ($0.03) returned to Dorex2007
Dorex2007 collected $0.04 from pot
Dorex2007: doesn't show hand 
*** SUMMARY ***
Total pot $0.04 | Rake $0 
Seat 1: negreanumura folded before Flop (didn't bet)
Seat 2: AGVsmarT (button) folded before Flop (didn't bet)
Seat 4: AssosManiki (small blind) folded before Flop
Seat 5: Dorex2007 (big blind) collected ($0.04)
Seat 6: baigan9285 folded before Flop (didn't bet)
Seat 9: Derevtsssova folded before Flop (didn't bet)



PokerStars Hand #238074961755:  Hold'em No Limit ($0.02/$0.05 USD) - 2022/08/18 16:03:05 PT [2022/08/18 19:03:05 ET]
Table 'Appella III' 9-max Seat #4 is the button
Seat 1: negreanumura ($2.78 in chips) 
Seat 2: AGVsmarT ($7.09 in chips) 
Seat 4: AssosManiki ($6.49 in chips) 
Seat 5: Dorex2007 ($5.02 in chips) 
Seat 6: baigan9285 ($4.41 in chips) 
Seat 9: Derevtsssova ($5.17 in chips) 
Dorex2007: posts small blind $0.02
baigan9285: posts big blind $0.05
*** HOLE CARDS ***
Dealt to Dorex2007 [6s Qd]
Derevtsssova: raises $0.10 to $0.15
negreanumura: folds 
AGVsmarT: folds 
AssosManiki: folds 
Dorex2007: folds 
baigan9285: folds 
Uncalled bet ($0.10) returned to Derevtsssova
Derevtsssova collected $0.12 from pot
Derevtsssova: doesn't show hand 
*** SUMMARY ***
Total pot $0.12 | Rake $0 
Seat 1: negreanumura folded before Flop (didn't bet)
Seat 2: AGVsmarT folded before Flop (didn't bet)
Seat 4: AssosManiki (button) folded before Flop (didn't bet)
Seat 5: Dorex2007 (small blind) folded before Flop
Seat 6: baigan9285 (big blind) folded before Flop
Seat 9: Derevtsssova collected ($0.12)



PokerStars Hand #238074969651:  Hold'em No Limit ($0.02/$0.05 USD) - 2022/08/18 16:03:32 PT [2022/08/18 19:03:32 ET]
Table 'Appella III' 9-max Seat #5 is the button
Seat 1: negreanumura ($2.78 in chips) 
Seat 2: AGVsmarT ($7.09 in chips) 
Seat 4: AssosManiki ($6.49 in chips) 
Seat 5: Dorex2007 ($5 in chips) 
Seat 6: baigan9285 ($4.36 in chips) 
Seat 9: Derevtsssova ($5.24 in chips) 
baigan9285: posts small blind $0.02
Derevtsssova: posts big blind $0.05
*** HOLE CARDS ***
Dealt to Dorex2007 [6s 2s]
negreanumura: folds 
AGVsmarT: folds 
AssosManiki: folds 
Dorex2007: folds 
baigan9285: raises $0.10 to $0.15
Derevtsssova: calls $0.10
*** FLOP *** [9d 7c 9h]
baigan9285: checks 
Derevtsssova: checks 
*** TURN *** [9d 7c 9h] [Jh]
baigan9285: checks 
Derevtsssova: bets $0.22
baigan9285: calls $0.22
*** RIVER *** [9d 7c 9h Jh] [Kh]
baigan9285: checks 
Derevtsssova: checks 
*** SHOW DOWN ***
baigan9285: shows [5s Ah] (a pair of Nines)
Derevtsssova: shows [4s 4h] (two pair, Nines and Fours)
Derevtsssova collected $0.71 from pot
*** SUMMARY ***
Total pot $0.74 | Rake $0.03 
Board [9d 7c 9h Jh Kh]
Seat 1: negreanumura folded before Flop (didn't bet)
Seat 2: AGVsmarT folded before Flop (didn't bet)
Seat 4: AssosManiki folded before Flop (didn't bet)
Seat 5: Dorex2007 (button) folded before Flop (didn't bet)
Seat 6: baigan9285 (small blind) showed [5s Ah] and lost with a pair of Nines
Seat 9: Derevtsssova (big blind) showed [4s 4h] and won ($0.71) with two pair, Nines and Fours



PokerStars Hand #238074983610:  Hold'em No Limit ($0.02/$0.05 USD) - 2022/08/18 16:04:19 PT [2022/08/18 19:04:19 ET]
Table 'Appella III' 9-max Seat #6 is the button
Seat 1: negreanumura ($2.78 in chips) 
Seat 2: AGVsmarT ($7.09 in chips) 
Seat 3: babyfacebibs ($7.18 in chips) 
Seat 4: AssosManiki ($6.49 in chips) 
Seat 5: Dorex2007 ($5 in chips) 
Seat 6: baigan9285 ($3.99 in chips) 
Seat 9: Derevtsssova ($5.58 in chips) 
Derevtsssova: posts small blind $0.02
negreanumura: posts big blind $0.05
babyfacebibs: posts small & big blinds $0.07
*** HOLE CARDS ***
Dealt to Dorex2007 [5c 9c]
AGVsmarT: folds 
babyfacebibs: checks 
AssosManiki: folds 
Dorex2007: folds 
baigan9285: folds 
Derevtsssova: raises $0.15 to $0.20
negreanumura: folds 
babyfacebibs: folds 
Uncalled bet ($0.15) returned to Derevtsssova
Derevtsssova collected $0.17 from pot
Derevtsssova: doesn't show hand 
*** SUMMARY ***
Total pot $0.17 | Rake $0 
Seat 1: negreanumura (big blind) folded before Flop
Seat 2: AGVsmarT folded before Flop (didn't bet)
Seat 3: babyfacebibs folded before Flop (didn't bet)
Seat 4: AssosManiki folded before Flop (didn't bet)
Seat 5: Dorex2007 folded before Flop (didn't bet)
Seat 6: baigan9285 (button) folded before Flop (didn't bet)
Seat 9: Derevtsssova (small blind) collected ($0.17)



PokerStars Hand #238074993757:  Hold'em No Limit ($0.02/$0.05 USD) - 2022/08/18 16:04:40 PT [2022/08/18 19:04:40 ET]
Table 'Appella III' 9-max Seat #9 is the button
Seat 1: negreanumura ($2.73 in chips) 
Seat 2: AGVsmarT ($7.09 in chips) 
Seat 3: babyfacebibs ($7.11 in chips) 
Seat 4: AssosManiki ($6.49 in chips) 
Seat 5: Dorex2007 ($5 in chips) 
Seat 6: baigan9285 ($3.99 in chips) 
Seat 9: Derevtsssova ($5.70 in chips) 
negreanumura: posts small blind $0.02
AGVsmarT: posts big blind $0.05
*** HOLE CARDS ***
Dealt to Dorex2007 [Ts 5s]
babyfacebibs: folds 
AssosManiki: folds 
Dorex2007: folds 
baigan9285: folds 
Derevtsssova: raises $0.10 to $0.15
negreanumura: folds 
AGVsmarT: folds 
Uncalled bet ($0.10) returned to Derevtsssova
Derevtsssova collected $0.12 from pot
Derevtsssova: doesn't show hand 
*** SUMMARY ***
Total pot $0.12 | Rake $0 
Seat 1: negreanumura (small blind) folded before Flop
Seat 2: AGVsmarT (big blind) folded before Flop
Seat 3: babyfacebibs folded before Flop (didn't bet)
Seat 4: AssosManiki folded before Flop (didn't bet)
Seat 5: Dorex2007 folded before Flop (didn't bet)
Seat 6: baigan9285 folded before Flop (didn't bet)
Seat 9: Derevtsssova (button) collected ($0.12)



PokerStars Hand #238074997045:  Hold'em No Limit ($0.02/$0.05 USD) - 2022/08/18 16:04:52 PT [2022/08/18 19:04:52 ET]
Table 'Appella III' 9-max Seat #1 is the button
Seat 1: negreanumura ($2.71 in chips) 
Seat 2: AGVsmarT ($7.04 in chips) 
Seat 3: babyfacebibs ($7.11 in chips) 
Seat 4: AssosManiki ($6.49 in chips) 
Seat 5: Dorex2007 ($5 in chips) 
Seat 6: baigan9285 ($5 in chips) 
Seat 9: Derevtsssova ($5.77 in chips) 
AGVsmarT: posts small blind $0.02
babyfacebibs: posts big blind $0.05
*** HOLE CARDS ***
Dealt to Dorex2007 [Ac 8s]
AssosManiki: folds 
Dorex2007: folds 
baigan9285: folds 
Derevtsssova: raises $0.10 to $0.15
negreanumura: folds 
AGVsmarT: folds 
babyfacebibs: folds 
Uncalled bet ($0.10) returned to Derevtsssova
Derevtsssova collected $0.12 from pot
Derevtsssova: doesn't show hand 
*** SUMMARY ***
Total pot $0.12 | Rake $0 
Seat 1: negreanumura (button) folded before Flop (didn't bet)
Seat 2: AGVsmarT (small blind) folded before Flop
Seat 3: babyfacebibs (big blind) folded before Flop
Seat 4: AssosManiki folded before Flop (didn't bet)
Seat 5: Dorex2007 folded before Flop (didn't bet)
Seat 6: baigan9285 folded before Flop (didn't bet)
Seat 9: Derevtsssova collected ($0.12)



PokerStars Hand #238075002357:  Hold'em No Limit ($0.02/$0.05 USD) - 2022/08/18 16:05:09 PT [2022/08/18 19:05:09 ET]
Table 'Appella III' 9-max Seat #2 is the button
Seat 1: negreanumura ($2.71 in chips) 
Seat 2: AGVsmarT ($7.02 in chips) 
Seat 3: babyfacebibs ($7.06 in chips) 
Seat 4: AssosManiki ($6.49 in chips) 
Seat 5: Dorex2007 ($5 in chips) 
Seat 6: baigan9285 ($5 in chips) 
Seat 9: Derevtsssova ($5.84 in chips) 
babyfacebibs: posts small blind $0.02
AssosManiki: posts big blind $0.05
*** HOLE CARDS ***
Dealt to Dorex2007 [6s 2c]
Dorex2007: folds 
baigan9285: folds 
Derevtsssova: folds 
negreanumura: folds 
AGVsmarT: raises $0.10 to $0.15
babyfacebibs: calls $0.13
AssosManiki: folds 
*** FLOP *** [9d Td 4h]
babyfacebibs: checks 
AGVsmarT: bets $0.34
babyfacebibs: folds 
Uncalled bet ($0.34) returned to AGVsmarT
AGVsmarT collected $0.34 from pot
*** SUMMARY ***
Total pot $0.35 | Rake $0.01 
Board [9d Td 4h]
Seat 1: negreanumura folded before Flop (didn't bet)
Seat 2: AGVsmarT (button) collected ($0.34)
Seat 3: babyfacebibs (small blind) folded on the Flop
Seat 4: AssosManiki (big blind) folded before Flop
Seat 5: Dorex2007 folded before Flop (didn't bet)
Seat 6: baigan9285 folded before Flop (didn't bet)
Seat 9: Derevtsssova folded before Flop (didn't bet)



PokerStars Hand #238075013427:  Hold'em No Limit ($0.02/$0.05 USD) - 2022/08/18 16:05:48 PT [2022/08/18 19:05:48 ET]
Table 'Appella III' 9-max Seat #3 is the button
Seat 1: negreanumura ($2.71 in chips) 
Seat 2: AGVsmarT ($7.21 in chips) 
Seat 3: babyfacebibs ($6.91 in chips) 
Seat 4: AssosManiki ($6.44 in chips) 
Seat 5: Dorex2007 ($5 in chips) 
Seat 6: baigan9285 ($5 in chips) 
Seat 9: Derevtsssova ($5.84 in chips) 
AssosManiki: posts small blind $0.02
Dorex2007: posts big blind $0.05
*** HOLE CARDS ***
Dealt to Dorex2007 [7h 5h]
baigan9285: folds 
Derevtsssova: folds 
negreanumura: folds 
AGVsmarT has timed out
AGVsmarT: folds 
babyfacebibs: folds 
AssosManiki: folds 
Uncalled bet ($0.03) returned to Dorex2007
Dorex2007 collected $0.04 from pot
Dorex2007: doesn't show hand 
*** SUMMARY ***
Total pot $0.04 | Rake $0 
Seat 1: negreanumura folded before Flop (didn't bet)
Seat 2: AGVsmarT folded before Flop (didn't bet)
Seat 3: babyfacebibs (button) folded before Flop (didn't bet)
Seat 4: AssosManiki (small blind) folded before Flop
Seat 5: Dorex2007 (big blind) collected ($0.04)
Seat 6: baigan9285 folded before Flop (didn't bet)
Seat 9: Derevtsssova folded before Flop (didn't bet)



PokerStars Hand #238075021602:  Hold'em No Limit ($0.02/$0.05 USD) - 2022/08/18 16:06:16 PT [2022/08/18 19:06:16 ET]
Table 'Appella III' 9-max Seat #4 is the button
Seat 1: negreanumura ($2.71 in chips) 
Seat 3: babyfacebibs ($6.91 in chips) 
Seat 4: AssosManiki ($6.42 in chips) 
Seat 5: Dorex2007 ($5.02 in chips) 
Seat 6: baigan9285 ($5 in chips) 
Seat 9: Derevtsssova ($5.84 in chips) 
Dorex2007: posts small blind $0.02
baigan9285: posts big blind $0.05
*** HOLE CARDS ***
Dealt to Dorex2007 [Js Ad]
Derevtsssova: folds 
negreanumura: folds 
babyfacebibs: raises $0.05 to $0.10
AssosManiki: folds 
Dorex2007: calls $0.08
baigan9285: calls $0.05
*** FLOP *** [9c Td Qc]
Dorex2007: checks 
baigan9285: checks 
babyfacebibs: bets $0.05
Dorex2007: calls $0.05
baigan9285: raises $0.22 to $0.27
babyfacebibs: calls $0.22
Dorex2007: folds 
*** TURN *** [9c Td Qc] [Ks]
baigan9285: bets $0.75
babyfacebibs: folds 
Uncalled bet ($0.75) returned to baigan9285
baigan9285 collected $0.85 from pot
*** SUMMARY ***
Total pot $0.89 | Rake $0.04 
Board [9c Td Qc Ks]
Seat 1: negreanumura folded before Flop (didn't bet)
Seat 3: babyfacebibs folded on the Turn
Seat 4: AssosManiki (button) folded before Flop (didn't bet)
Seat 5: Dorex2007 (small blind) folded on the Flop
Seat 6: baigan9285 (big blind) collected ($0.85)
Seat 9: Derevtsssova folded before Flop (didn't bet)



PokerStars Hand #238075043924:  Hold'em No Limit ($0.02/$0.05 USD) - 2022/08/18 16:07:32 PT [2022/08/18 19:07:32 ET]
Table 'Appella III' 9-max Seat #5 is the button
Seat 1: negreanumura ($2.71 in chips) 
Seat 2: AGVsmarT ($7.21 in chips) 
Seat 3: babyfacebibs ($6.54 in chips) 
Seat 4: AssosManiki ($6.42 in chips) 
Seat 5: Dorex2007 ($5 in chips) 
Seat 6: baigan9285 ($5.48 in chips) 
Seat 8: gmitoi ($9 in chips) 
Seat 9: Derevtsssova ($5.84 in chips) 
baigan9285: posts small blind $0.02
gmitoi: posts big blind $0.05
*** HOLE CARDS ***
Dealt to Dorex2007 [8s Qs]
Derevtsssova: raises $0.12 to $0.17
negreanumura: folds 
AGVsmarT: folds 
babyfacebibs: folds 
AssosManiki: folds 
Dorex2007: folds 
baigan9285: folds 
gmitoi: folds 
Uncalled bet ($0.12) returned to Derevtsssova
Derevtsssova collected $0.12 from pot
Derevtsssova: doesn't show hand 
*** SUMMARY ***
Total pot $0.12 | Rake $0 
Seat 1: negreanumura folded before Flop (didn't bet)
Seat 2: AGVsmarT folded before Flop (didn't bet)
Seat 3: babyfacebibs folded before Flop (didn't bet)
Seat 4: AssosManiki folded before Flop (didn't bet)
Seat 5: Dorex2007 (button) folded before Flop (didn't bet)
Seat 6: baigan9285 (small blind) folded before Flop
Seat 8: gmitoi (big blind) folded before Flop
Seat 9: Derevtsssova collected ($0.12)



PokerStars Hand #238075049737:  Hold'em No Limit ($0.02/$0.05 USD) - 2022/08/18 16:07:52 PT [2022/08/18 19:07:52 ET]
Table 'Appella III' 9-max Seat #6 is the button
Seat 1: negreanumura ($2.71 in chips) 
Seat 2: AGVsmarT ($7.21 in chips) 
Seat 3: babyfacebibs ($6.54 in chips) 
Seat 4: AssosManiki ($6.42 in chips) 
Seat 5: Dorex2007 ($5 in chips) 
Seat 6: baigan9285 ($5.46 in chips) 
Seat 8: gmitoi ($8.95 in chips) 
Seat 9: Derevtsssova ($5.91 in chips) 
gmitoi: posts small blind $0.02
Derevtsssova: posts big blind $0.05
*** HOLE CARDS ***
Dealt to Dorex2007 [Ks 4d]
negreanumura: folds 
AGVsmarT: folds 
babyfacebibs: folds 
AssosManiki: folds 
AssosManiki leaves the table
Dorex2007: folds 
baigan9285: folds 
gmitoi: raises $0.10 to $0.15
Derevtsssova: calls $0.10
*** FLOP *** [Kd 4c 5d]
gmitoi: checks 
Derevtsssova: checks 
*** TURN *** [Kd 4c 5d] [3h]
gmitoi: checks 
Derevtsssova: bets $0.22
gmitoi: folds 
Uncalled bet ($0.22) returned to Derevtsssova
Derevtsssova collected $0.29 from pot
Derevtsssova: doesn't show hand 
*** SUMMARY ***
Total pot $0.30 | Rake $0.01 
Board [Kd 4c 5d 3h]
Seat 1: negreanumura folded before Flop (didn't bet)
Seat 2: AGVsmarT folded before Flop (didn't bet)
Seat 3: babyfacebibs folded before Flop (didn't bet)
Seat 4: AssosManiki folded before Flop (didn't bet)
Seat 5: Dorex2007 folded before Flop (didn't bet)
Seat 6: baigan9285 (button) folded before Flop (didn't bet)
Seat 8: gmitoi (small blind) folded on the Turn
Seat 9: Derevtsssova (big blind) collected ($0.29)



PokerStars Hand #238075062852:  Hold'em No Limit ($0.02/$0.05 USD) - 2022/08/18 16:08:38 PT [2022/08/18 19:08:38 ET]
Table 'Appella III' 9-max Seat #8 is the button
Seat 1: negreanumura ($2.71 in chips) 
Seat 2: AGVsmarT ($7.21 in chips) 
Seat 3: babyfacebibs ($6.54 in chips) 
Seat 5: Dorex2007 ($5 in chips) 
Seat 6: baigan9285 ($5.46 in chips) 
Seat 8: gmitoi ($8.80 in chips) 
Seat 9: Derevtsssova ($6.05 in chips) 
Derevtsssova: posts small blind $0.02
negreanumura: posts big blind $0.05
*** HOLE CARDS ***
Dealt to Dorex2007 [7s 9s]
AGVsmarT: folds 
babyfacebibs: folds 
Dorex2007: folds 
baigan9285: folds 
gmitoi: folds 
Derevtsssova: folds 
Uncalled bet ($0.03) returned to negreanumura
negreanumura collected $0.04 from pot
*** SUMMARY ***
Total pot $0.04 | Rake $0 
Seat 1: negreanumura (big blind) collected ($0.04)
Seat 2: AGVsmarT folded before Flop (didn't bet)
Seat 3: babyfacebibs folded before Flop (didn't bet)
Seat 5: Dorex2007 folded before Flop (didn't bet)
Seat 6: baigan9285 folded before Flop (didn't bet)
Seat 8: gmitoi (button) folded before Flop (didn't bet)
Seat 9: Derevtsssova (small blind) folded before Flop



PokerStars Hand #238075066274:  Hold'em No Limit ($0.02/$0.05 USD) - 2022/08/18 16:08:49 PT [2022/08/18 19:08:49 ET]
Table 'Appella III' 9-max Seat #9 is the button
Seat 1: negreanumura ($2.73 in chips) 
Seat 2: AGVsmarT ($7.21 in chips) 
Seat 3: babyfacebibs ($6.54 in chips) 
Seat 5: Dorex2007 ($5 in chips) 
Seat 6: baigan9285 ($5.46 in chips) 
Seat 8: gmitoi ($8.80 in chips) 
Seat 9: Derevtsssova ($6.03 in chips) 
negreanumura: posts small blind $0.02
AGVsmarT: posts big blind $0.05
*** HOLE CARDS ***
Dealt to Dorex2007 [6s Th]
babyfacebibs: folds 
Dorex2007: folds 
baigan9285: folds 
gmitoi: raises $0.10 to $0.15
Derevtsssova: folds 
negreanumura: folds 
AGVsmarT: folds 
Uncalled bet ($0.10) returned to gmitoi
gmitoi collected $0.12 from pot
gmitoi: doesn't show hand 
*** SUMMARY ***
Total pot $0.12 | Rake $0 
Seat 1: negreanumura (small blind) folded before Flop
Seat 2: AGVsmarT (big blind) folded before Flop
Seat 3: babyfacebibs folded before Flop (didn't bet)
Seat 5: Dorex2007 folded before Flop (didn't bet)
Seat 6: baigan9285 folded before Flop (didn't bet)
Seat 8: gmitoi collected ($0.12)
Seat 9: Derevtsssova (button) folded before Flop (didn't bet)



PokerStars Hand #238075076839:  Hold'em No Limit ($0.02/$0.05 USD) - 2022/08/18 16:09:26 PT [2022/08/18 19:09:26 ET]
Table 'Appella III' 9-max Seat #1 is the button
Seat 1: negreanumura ($2.71 in chips) 
Seat 2: AGVsmarT ($7.16 in chips) 
Seat 3: babyfacebibs ($6.54 in chips) 
Seat 5: Dorex2007 ($5 in chips) 
Seat 6: baigan9285 ($5.46 in chips) 
Seat 8: gmitoi ($8.87 in chips) 
Seat 9: Derevtsssova ($6.03 in chips) 
AGVsmarT: posts small blind $0.02
babyfacebibs: posts big blind $0.05
*** HOLE CARDS ***
Dealt to Dorex2007 [Qh Kh]
Dorex2007: raises $0.05 to $0.10
baigan9285: folds 
gmitoi: folds 
Derevtsssova: calls $0.10
negreanumura: calls $0.10
AGVsmarT: folds 
babyfacebibs: calls $0.05
*** FLOP *** [2d 5s Qc]
babyfacebibs: checks 
Dorex2007: bets $0.40
Derevtsssova: folds 
negreanumura: folds 
babyfacebibs: folds 
Uncalled bet ($0.40) returned to Dorex2007
Dorex2007 collected $0.40 from pot
Dorex2007: doesn't show hand 
*** SUMMARY ***
Total pot $0.42 | Rake $0.02 
Board [2d 5s Qc]
Seat 1: negreanumura (button) folded on the Flop
Seat 2: AGVsmarT (small blind) folded before Flop
Seat 3: babyfacebibs (big blind) folded on the Flop
Seat 5: Dorex2007 collected ($0.40)
Seat 6: baigan9285 folded before Flop (didn't bet)
Seat 8: gmitoi folded before Flop (didn't bet)
Seat 9: Derevtsssova folded on the Flop



PokerStars Hand #238075085350:  Hold'em No Limit ($0.02/$0.05 USD) - 2022/08/18 16:09:56 PT [2022/08/18 19:09:56 ET]
Table 'Appella III' 9-max Seat #2 is the button
Seat 1: negreanumura ($2.61 in chips) 
Seat 2: AGVsmarT ($7.14 in chips) 
Seat 3: babyfacebibs ($6.44 in chips) 
Seat 5: Dorex2007 ($5.30 in chips) 
Seat 6: baigan9285 ($5.46 in chips) 
Seat 8: gmitoi ($8.87 in chips) 
Seat 9: Derevtsssova ($5.93 in chips) 
babyfacebibs: posts small blind $0.02
Dorex2007: posts big blind $0.05
*** HOLE CARDS ***
Dealt to Dorex2007 [6h 8h]
baigan9285: folds 
gmitoi: folds 
Derevtsssova: folds 
harbaka joins the table at seat #4 
negreanumura: folds 
AGVsmarT: raises $0.12 to $0.17
babyfacebibs: folds 
Dorex2007: folds 
Uncalled bet ($0.12) returned to AGVsmarT
AGVsmarT collected $0.12 from pot
*** SUMMARY ***
Total pot $0.12 | Rake $0 
Seat 1: negreanumura folded before Flop (didn't bet)
Seat 2: AGVsmarT (button) collected ($0.12)
Seat 3: babyfacebibs (small blind) folded before Flop
Seat 5: Dorex2007 (big blind) folded before Flop
Seat 6: baigan9285 folded before Flop (didn't bet)
Seat 8: gmitoi folded before Flop (didn't bet)
Seat 9: Derevtsssova folded before Flop (didn't bet)



PokerStars Hand #238075090086:  Hold'em No Limit ($0.02/$0.05 USD) - 2022/08/18 16:10:11 PT [2022/08/18 19:10:11 ET]
Table 'Appella III' 9-max Seat #3 is the button
Seat 1: negreanumura ($2.61 in chips) 
Seat 2: AGVsmarT ($7.21 in chips) 
Seat 3: babyfacebibs ($6.42 in chips) 
Seat 5: Dorex2007 ($5.25 in chips) 
Seat 6: baigan9285 ($5.46 in chips) 
Seat 8: gmitoi ($8.87 in chips) 
Seat 9: Derevtsssova ($5.93 in chips) 
Dorex2007: posts small blind $0.02
baigan9285: posts big blind $0.05
*** HOLE CARDS ***
Dealt to Dorex2007 [4s Ts]
gmitoi: folds 
Derevtsssova: folds 
negreanumura: raises $0.05 to $0.10
AGVsmarT: folds 
babyfacebibs: folds 
Dorex2007: folds 
baigan9285: folds 
Uncalled bet ($0.05) returned to negreanumura
negreanumura collected $0.12 from pot
*** SUMMARY ***
Total pot $0.12 | Rake $0 
Seat 1: negreanumura collected ($0.12)
Seat 2: AGVsmarT folded before Flop (didn't bet)
Seat 3: babyfacebibs (button) folded before Flop (didn't bet)
Seat 5: Dorex2007 (small blind) folded before Flop
Seat 6: baigan9285 (big blind) folded before Flop
Seat 8: gmitoi folded before Flop (didn't bet)
Seat 9: Derevtsssova folded before Flop (didn't bet)



PokerStars Hand #238075096922:  Hold'em No Limit ($0.02/$0.05 USD) - 2022/08/18 16:10:35 PT [2022/08/18 19:10:35 ET]
Table 'Appella III' 9-max Seat #5 is the button
Seat 1: negreanumura ($2.68 in chips) 
Seat 2: AGVsmarT ($7.21 in chips) 
Seat 3: babyfacebibs ($6.42 in chips) 
Seat 5: Dorex2007 ($5.23 in chips) 
Seat 6: baigan9285 ($5.41 in chips) 
Seat 8: gmitoi ($8.87 in chips) 
Seat 9: Derevtsssova ($5.93 in chips) 
baigan9285: posts small blind $0.02
gmitoi: posts big blind $0.05
harbaka: sits out 
*** HOLE CARDS ***
Dealt to Dorex2007 [6h 4d]
Derevtsssova: folds 
negreanumura: folds 
AGVsmarT: folds 
babyfacebibs: raises $0.15 to $0.20
Dorex2007: folds 
baigan9285: folds 
gmitoi: folds 
Uncalled bet ($0.15) returned to babyfacebibs
babyfacebibs collected $0.12 from pot
babyfacebibs: doesn't show hand 
*** SUMMARY ***
Total pot $0.12 | Rake $0 
Seat 1: negreanumura folded before Flop (didn't bet)
Seat 2: AGVsmarT folded before Flop (didn't bet)
Seat 3: babyfacebibs collected ($0.12)
Seat 5: Dorex2007 (button) folded before Flop (didn't bet)
Seat 6: baigan9285 (small blind) folded before Flop
Seat 8: gmitoi (big blind) folded before Flop
Seat 9: Derevtsssova folded before Flop (didn't bet)



PokerStars Hand #238075105262:  Hold'em No Limit ($0.02/$0.05 USD) - 2022/08/18 16:11:05 PT [2022/08/18 19:11:05 ET]
Table 'Appella III' 9-max Seat #6 is the button
Seat 1: negreanumura ($2.68 in chips) 
Seat 2: AGVsmarT ($7.21 in chips) 
Seat 3: babyfacebibs ($6.49 in chips) 
Seat 5: Dorex2007 ($5.23 in chips) 
Seat 6: baigan9285 ($5.39 in chips) 
Seat 8: gmitoi ($8.82 in chips) 
Seat 9: Derevtsssova ($5.93 in chips) 
gmitoi: posts small blind $0.02
Derevtsssova: posts big blind $0.05
harbaka: sits out 
*** HOLE CARDS ***
Dealt to Dorex2007 [Ts Kc]
negreanumura has timed out
negreanumura: folds 
AGVsmarT: folds 
babyfacebibs: calls $0.05
Dorex2007: calls $0.05
baigan9285: folds 
gmitoi: folds 
Derevtsssova: checks 
*** FLOP *** [Th Td Ks]
Derevtsssova: checks 
babyfacebibs: checks 
Dorex2007: checks 
*** TURN *** [Th Td Ks] [6h]
Derevtsssova: checks 
babyfacebibs: checks 
Dorex2007: bets $0.11
Derevtsssova: folds 
babyfacebibs: folds 
Uncalled bet ($0.11) returned to Dorex2007
Dorex2007 collected $0.16 from pot
Dorex2007: doesn't show hand 
*** SUMMARY ***
Total pot $0.17 | Rake $0.01 
Board [Th Td Ks 6h]
Seat 1: negreanumura folded before Flop (didn't bet)
Seat 2: AGVsmarT folded before Flop (didn't bet)
Seat 3: babyfacebibs folded on the Turn
Seat 5: Dorex2007 collected ($0.16)
Seat 6: baigan9285 (button) folded before Flop (didn't bet)
Seat 8: gmitoi (small blind) folded before Flop
Seat 9: Derevtsssova (big blind) folded on the Turn



PokerStars Hand #238075121781:  Hold'em No Limit ($0.02/$0.05 USD) - 2022/08/18 16:11:58 PT [2022/08/18 19:11:58 ET]
Table 'Appella III' 9-max Seat #8 is the button
Seat 1: negreanumura ($2.68 in chips) 
Seat 2: AGVsmarT ($7.21 in chips) 
Seat 3: babyfacebibs ($6.44 in chips) 
Seat 5: Dorex2007 ($5.34 in chips) 
Seat 6: baigan9285 ($5.39 in chips) 
Seat 8: gmitoi ($8.80 in chips) 
Seat 9: Derevtsssova ($5.88 in chips) 
Derevtsssova: posts small blind $0.02
negreanumura: posts big blind $0.05
harbaka: sits out 
*** HOLE CARDS ***
Dealt to Dorex2007 [As Qc]
AGVsmarT: folds 
babyfacebibs: raises $0.05 to $0.10
Dorex2007: calls $0.10
baigan9285: folds 
gmitoi: folds 
Derevtsssova: calls $0.08
negreanumura: raises $0.45 to $0.55
babyfacebibs: folds 
Dorex2007: folds 
Derevtsssova: folds 
Uncalled bet ($0.45) returned to negreanumura
negreanumura collected $0.40 from pot
*** SUMMARY ***
Total pot $0.40 | Rake $0 
Seat 1: negreanumura (big blind) collected ($0.40)
Seat 2: AGVsmarT folded before Flop (didn't bet)
Seat 3: babyfacebibs folded before Flop
Seat 5: Dorex2007 folded before Flop
Seat 6: baigan9285 folded before Flop (didn't bet)
Seat 8: gmitoi (button) folded before Flop (didn't bet)
Seat 9: Derevtsssova (small blind) folded before Flop



PokerStars Hand #238075131278:  Hold'em No Limit ($0.02/$0.05 USD) - 2022/08/18 16:12:32 PT [2022/08/18 19:12:32 ET]
Table 'Appella III' 9-max Seat #9 is the button
Seat 1: negreanumura ($2.98 in chips) 
Seat 2: AGVsmarT ($7.21 in chips) 
Seat 3: babyfacebibs ($6.34 in chips) 
Seat 5: Dorex2007 ($5.24 in chips) 
Seat 6: baigan9285 ($5.39 in chips) 
Seat 8: gmitoi ($8.80 in chips) 
Seat 9: Derevtsssova ($5.78 in chips) 
negreanumura: posts small blind $0.02
AGVsmarT: posts big blind $0.05
harbaka: sits out 
*** HOLE CARDS ***
Dealt to Dorex2007 [Tc 8d]
babyfacebibs: folds 
Dorex2007: folds 
baigan9285: raises $0.10 to $0.15
gmitoi: folds 
Derevtsssova: calls $0.15
negreanumura: folds 
AGVsmarT: folds 
*** FLOP *** [Th Ad As]
baigan9285: checks 
Derevtsssova: checks 
*** TURN *** [Th Ad As] [9h]
baigan9285: bets $0.17
Derevtsssova: raises $0.48 to $0.65
baigan9285: calls $0.48
*** RIVER *** [Th Ad As 9h] [Qh]
baigan9285: checks 
Derevtsssova: checks 
*** SHOW DOWN ***
baigan9285: shows [Ah 3h] (a flush, Ace high)
Derevtsssova: mucks hand 
baigan9285 collected $1.60 from pot
*** SUMMARY ***
Total pot $1.67 | Rake $0.07 
Board [Th Ad As 9h Qh]
Seat 1: negreanumura (small blind) folded before Flop
Seat 2: AGVsmarT (big blind) folded before Flop
Seat 3: babyfacebibs folded before Flop (didn't bet)
Seat 5: Dorex2007 folded before Flop (didn't bet)
Seat 6: baigan9285 showed [Ah 3h] and won ($1.60) with a flush, Ace high
Seat 8: gmitoi folded before Flop (didn't bet)
Seat 9: Derevtsssova (button) mucked [4h Kh]



PokerStars Hand #238075146076:  Hold'em No Limit ($0.02/$0.05 USD) - 2022/08/18 16:13:24 PT [2022/08/18 19:13:24 ET]
Table 'Appella III' 9-max Seat #1 is the button
Seat 1: negreanumura ($2.96 in chips) 
Seat 2: AGVsmarT ($7.16 in chips) 
Seat 3: babyfacebibs ($6.34 in chips) 
Seat 5: Dorex2007 ($5.24 in chips) 
Seat 6: baigan9285 ($6.19 in chips) 
Seat 8: gmitoi ($8.80 in chips) 
Seat 9: Derevtsssova ($5 in chips) 
AGVsmarT: posts small blind $0.02
babyfacebibs: posts big blind $0.05
harbaka: sits out 
*** HOLE CARDS ***
Dealt to Dorex2007 [7d 4d]
Dorex2007: folds 
baigan9285: folds 
gmitoi: raises $0.10 to $0.15
Derevtsssova: calls $0.15
negreanumura: calls $0.15
AGVsmarT: folds 
babyfacebibs: calls $0.10
*** FLOP *** [7c 8s 2c]
babyfacebibs: checks 
gmitoi: bets $0.29
Derevtsssova: raises $0.81 to $1.10
negreanumura: calls $1.10
babyfacebibs: folds 
gmitoi: folds 
*** TURN *** [7c 8s 2c] [9s]
Derevtsssova: bets $2.24
negreanumura: calls $1.71 and is all-in
Uncalled bet ($0.53) returned to Derevtsssova
*** RIVER *** [7c 8s 2c 9s] [Kh]
*** SHOW DOWN ***
Derevtsssova: shows [2d 2s] (three of a kind, Deuces)
negreanumura: shows [7s 4s] (a pair of Sevens)
Derevtsssova collected $6.26 from pot
*** SUMMARY ***
Total pot $6.53 | Rake $0.27 
Board [7c 8s 2c 9s Kh]
Seat 1: negreanumura (button) showed [7s 4s] and lost with a pair of Sevens
Seat 2: AGVsmarT (small blind) folded before Flop
Seat 3: babyfacebibs (big blind) folded on the Flop
Seat 5: Dorex2007 folded before Flop (didn't bet)
Seat 6: baigan9285 folded before Flop (didn't bet)
Seat 8: gmitoi folded on the Flop
Seat 9: Derevtsssova showed [2d 2s] and won ($6.26) with three of a kind, Deuces



PokerStars Hand #238075170091:  Hold'em No Limit ($0.02/$0.05 USD) - 2022/08/18 16:14:50 PT [2022/08/18 19:14:50 ET]
Table 'Appella III' 9-max Seat #2 is the button
Seat 2: AGVsmarT ($7.14 in chips) 
Seat 3: babyfacebibs ($6.19 in chips) 
Seat 4: harbaka ($2 in chips) 
Seat 5: Dorex2007 ($5.24 in chips) 
Seat 6: baigan9285 ($6.19 in chips) 
Seat 8: gmitoi ($8.36 in chips) 
Seat 9: Derevtsssova ($8.30 in chips) 
babyfacebibs: posts small blind $0.02
harbaka: posts big blind $0.05
*** HOLE CARDS ***
Dealt to Dorex2007 [3h As]
Dorex2007: folds 
baigan9285: folds 
gmitoi: folds 
Derevtsssova: folds 
AGVsmarT: folds 
babyfacebibs: folds 
Uncalled bet ($0.03) returned to harbaka
harbaka collected $0.04 from pot
harbaka: doesn't show hand 
*** SUMMARY ***
Total pot $0.04 | Rake $0 
Seat 2: AGVsmarT (button) folded before Flop (didn't bet)
Seat 3: babyfacebibs (small blind) folded before Flop
Seat 4: harbaka (big blind) collected ($0.04)
Seat 5: Dorex2007 folded before Flop (didn't bet)
Seat 6: baigan9285 folded before Flop (didn't bet)
Seat 8: gmitoi folded before Flop (didn't bet)
Seat 9: Derevtsssova folded before Flop (didn't bet)



PokerStars Hand #238075172720:  Hold'em No Limit ($0.02/$0.05 USD) - 2022/08/18 16:14:59 PT [2022/08/18 19:14:59 ET]
Table 'Appella III' 9-max Seat #3 is the button
Seat 2: AGVsmarT ($7.14 in chips) 
Seat 3: babyfacebibs ($6.17 in chips) 
Seat 4: harbaka ($2.02 in chips) 
Seat 5: Dorex2007 ($5.24 in chips) 
Seat 6: baigan9285 ($6.19 in chips) 
Seat 8: gmitoi ($8.36 in chips) 
Seat 9: Derevtsssova ($8.30 in chips) 
harbaka: posts small blind $0.02
Dorex2007: posts big blind $0.05
*** HOLE CARDS ***
Dealt to Dorex2007 [Jh 8d]
negreanumura leaves the table
baigan9285: folds 
gmitoi: folds 
Derevtsssova: raises $0.10 to $0.15
AGVsmarT: folds 
babyfacebibs: calls $0.15
harbaka: folds 
Dorex2007: folds 
*** FLOP *** [Js Ad 6s]
Derevtsssova: checks 
babyfacebibs: checks 
*** TURN *** [Js Ad 6s] [Ts]
Derevtsssova: bets $0.26
babyfacebibs: folds 
Uncalled bet ($0.26) returned to Derevtsssova
Derevtsssova collected $0.35 from pot
Derevtsssova: doesn't show hand 
*** SUMMARY ***
Total pot $0.37 | Rake $0.02 
Board [Js Ad 6s Ts]
Seat 2: AGVsmarT folded before Flop (didn't bet)
Seat 3: babyfacebibs (button) folded on the Turn
Seat 4: harbaka (small blind) folded before Flop
Seat 5: Dorex2007 (big blind) folded before Flop
Seat 6: baigan9285 folded before Flop (didn't bet)
Seat 8: gmitoi folded before Flop (didn't bet)
Seat 9: Derevtsssova collected ($0.35)



PokerStars Hand #238075188291:  Hold'em No Limit ($0.02/$0.05 USD) - 2022/08/18 16:15:34 PT [2022/08/18 19:15:34 ET]
Table 'Appella III' 9-max Seat #4 is the button
Seat 2: AGVsmarT ($7.14 in chips) 
Seat 3: babyfacebibs ($6.02 in chips) 
Seat 4: harbaka ($2 in chips) 
Seat 5: Dorex2007 ($5.19 in chips) 
Seat 6: baigan9285 ($6.19 in chips) 
Seat 8: gmitoi ($8.36 in chips) 
Seat 9: Derevtsssova ($8.50 in chips) 
Dorex2007: posts small blind $0.02
baigan9285: posts big blind $0.05
*** HOLE CARDS ***
Dealt to Dorex2007 [9c Jc]
gmitoi: folds 
Derevtsssova: folds 
AGVsmarT: folds 
babyfacebibs: folds 
harbaka: raises $0.10 to $0.15
Dorex2007: folds 
baigan9285: folds 
Uncalled bet ($0.10) returned to harbaka
harbaka collected $0.12 from pot
harbaka: doesn't show hand 
*** SUMMARY ***
Total pot $0.12 | Rake $0 
Seat 2: AGVsmarT folded before Flop (didn't bet)
Seat 3: babyfacebibs folded before Flop (didn't bet)
Seat 4: harbaka (button) collected ($0.12)
Seat 5: Dorex2007 (small blind) folded before Flop
Seat 6: baigan9285 (big blind) folded before Flop
Seat 8: gmitoi folded before Flop (didn't bet)
Seat 9: Derevtsssova folded before Flop (didn't bet)



PokerStars Hand #238075195838:  Hold'em No Limit ($0.02/$0.05 USD) - 2022/08/18 16:16:01 PT [2022/08/18 19:16:01 ET]
Table 'Appella III' 9-max Seat #5 is the button
Seat 2: AGVsmarT ($7.14 in chips) 
Seat 3: babyfacebibs ($6.02 in chips) 
Seat 4: harbaka ($2.07 in chips) 
Seat 5: Dorex2007 ($5.17 in chips) 
Seat 6: baigan9285 ($6.14 in chips) 
Seat 8: gmitoi ($8.36 in chips) 
Seat 9: Derevtsssova ($8.50 in chips) 
baigan9285: posts small blind $0.02
gmitoi: posts big blind $0.05
*** HOLE CARDS ***
Dealt to Dorex2007 [Jh 3h]
Derevtsssova: folds 
AGVsmarT: calls $0.05
babyfacebibs: folds 
harbaka: folds 
Dorex2007: folds 
baigan9285: raises $0.10 to $0.15
gmitoi: folds 
AGVsmarT: calls $0.10
*** FLOP *** [Ks 8s 7d]
baigan9285: bets $0.24
AGVsmarT: calls $0.24
*** TURN *** [Ks 8s 7d] [8c]
baigan9285: bets $0.45
AGVsmarT: folds 
Uncalled bet ($0.45) returned to baigan9285
baigan9285 collected $0.80 from pot
6tee leaves the table
*** SUMMARY ***
Total pot $0.83 | Rake $0.03 
Board [Ks 8s 7d 8c]
Seat 2: AGVsmarT folded on the Turn
Seat 3: babyfacebibs folded before Flop (didn't bet)
Seat 4: harbaka folded before Flop (didn't bet)
Seat 5: Dorex2007 (button) folded before Flop (didn't bet)
Seat 6: baigan9285 (small blind) collected ($0.80)
Seat 8: gmitoi (big blind) folded before Flop
Seat 9: Derevtsssova folded before Flop (didn't bet)



PokerStars Hand #238075214110:  Hold'em No Limit ($0.02/$0.05 USD) - 2022/08/18 16:17:06 PT [2022/08/18 19:17:06 ET]
Table 'Appella III' 9-max Seat #6 is the button
Seat 2: AGVsmarT ($6.75 in chips) 
Seat 3: babyfacebibs ($6.02 in chips) 
Seat 4: harbaka ($2.07 in chips) 
Seat 5: Dorex2007 ($5.17 in chips) 
Seat 6: baigan9285 ($6.55 in chips) 
Seat 8: gmitoi ($8.31 in chips) 
Seat 9: Derevtsssova ($8.50 in chips) 
gmitoi: posts small blind $0.02
Derevtsssova: posts big blind $0.05
*** HOLE CARDS ***
Dealt to Dorex2007 [3h 2c]
AGVsmarT: folds 
babyfacebibs: folds 
harbaka: folds 
Dorex2007: folds 
baigan9285: folds 
gmitoi: raises $0.10 to $0.15
Derevtsssova: folds 
Uncalled bet ($0.10) returned to gmitoi
gmitoi collected $0.10 from pot
gmitoi: doesn't show hand 
*** SUMMARY ***
Total pot $0.10 | Rake $0 
Seat 2: AGVsmarT folded before Flop (didn't bet)
Seat 3: babyfacebibs folded before Flop (didn't bet)
Seat 4: harbaka folded before Flop (didn't bet)
Seat 5: Dorex2007 folded before Flop (didn't bet)
Seat 6: baigan9285 (button) folded before Flop (didn't bet)
Seat 8: gmitoi (small blind) collected ($0.10)
Seat 9: Derevtsssova (big blind) folded before Flop



PokerStars Hand #238075218011:  Hold'em No Limit ($0.02/$0.05 USD) - 2022/08/18 16:17:20 PT [2022/08/18 19:17:20 ET]
Table 'Appella III' 9-max Seat #8 is the button
Seat 2: AGVsmarT ($6.75 in chips) 
Seat 3: babyfacebibs ($6.02 in chips) 
Seat 4: harbaka ($2.07 in chips) 
Seat 5: Dorex2007 ($5.17 in chips) 
Seat 6: baigan9285 ($6.55 in chips) 
Seat 8: gmitoi ($8.36 in chips) 
Seat 9: Derevtsssova ($8.45 in chips) 
Derevtsssova: posts small blind $0.02
AGVsmarT: posts big blind $0.05
*** HOLE CARDS ***
Dealt to Dorex2007 [Td 5d]
babyfacebibs: calls $0.05
harbaka: folds 
Dorex2007: folds 
baigan9285: folds 
gmitoi: folds 
Derevtsssova: calls $0.03
AGVsmarT: checks 
*** FLOP *** [Js Ts Jh]
Derevtsssova: checks 
AGVsmarT: checks 
babyfacebibs: checks 
*** TURN *** [Js Ts Jh] [As]
Derevtsssova: bets $0.11
AGVsmarT: folds 
babyfacebibs: folds 
Uncalled bet ($0.11) returned to Derevtsssova
Derevtsssova collected $0.14 from pot
Derevtsssova: doesn't show hand 
*** SUMMARY ***
Total pot $0.15 | Rake $0.01 
Board [Js Ts Jh As]
Seat 2: AGVsmarT (big blind) folded on the Turn
Seat 3: babyfacebibs folded on the Turn
Seat 4: harbaka folded before Flop (didn't bet)
Seat 5: Dorex2007 folded before Flop (didn't bet)
Seat 6: baigan9285 folded before Flop (didn't bet)
Seat 8: gmitoi (button) folded before Flop (didn't bet)
Seat 9: Derevtsssova (small blind) collected ($0.14)



PokerStars Hand #238075232551:  Hold'em No Limit ($0.02/$0.05 USD) - 2022/08/18 16:18:12 PT [2022/08/18 19:18:12 ET]
Table 'Appella III' 9-max Seat #9 is the button
Seat 2: AGVsmarT ($6.70 in chips) 
Seat 3: babyfacebibs ($5.97 in chips) 
Seat 4: harbaka ($2.07 in chips) 
Seat 5: Dorex2007 ($5.17 in chips) 
Seat 6: baigan9285 ($6.55 in chips) 
Seat 8: gmitoi ($8.36 in chips) 
Seat 9: Derevtsssova ($8.54 in chips) 
AGVsmarT: posts small blind $0.02
babyfacebibs: posts big blind $0.05
*** HOLE CARDS ***
Dealt to Dorex2007 [2h 9h]
harbaka: folds 
Dorex2007: folds 
baigan9285: raises $0.07 to $0.12
gmitoi: folds 
Derevtsssova: folds 
AGVsmarT: calls $0.10
babyfacebibs: calls $0.07
*** FLOP *** [Jh 8c 4h]
AGVsmarT: bets $0.10
babyfacebibs: calls $0.10
baigan9285: calls $0.10
*** TURN *** [Jh 8c 4h] [7h]
AGVsmarT: bets $0.15
babyfacebibs: calls $0.15
baigan9285: folds 
*** RIVER *** [Jh 8c 4h 7h] [Ac]
AGVsmarT: checks 
babyfacebibs: bets $0.46
AGVsmarT: folds 
Uncalled bet ($0.46) returned to babyfacebibs
babyfacebibs collected $0.92 from pot
babyfacebibs: doesn't show hand 
*** SUMMARY ***
Total pot $0.96 | Rake $0.04 
Board [Jh 8c 4h 7h Ac]
Seat 2: AGVsmarT (small blind) folded on the River
Seat 3: babyfacebibs (big blind) collected ($0.92)
Seat 4: harbaka folded before Flop (didn't bet)
Seat 5: Dorex2007 folded before Flop (didn't bet)
Seat 6: baigan9285 folded on the Turn
Seat 8: gmitoi folded before Flop (didn't bet)
Seat 9: Derevtsssova (button) folded before Flop (didn't bet)



PokerStars Hand #238075250316:  Hold'em No Limit ($0.02/$0.05 USD) - 2022/08/18 16:19:17 PT [2022/08/18 19:19:17 ET]
Table 'Appella III' 9-max Seat #2 is the button
Seat 2: AGVsmarT ($6.33 in chips) 
Seat 3: babyfacebibs ($6.52 in chips) 
Seat 4: harbaka ($2.07 in chips) 
Seat 5: Dorex2007 ($5.17 in chips) 
Seat 6: baigan9285 ($6.33 in chips) 
Seat 8: gmitoi ($8.36 in chips) 
Seat 9: Derevtsssova ($8.54 in chips) 
babyfacebibs: posts small blind $0.02
harbaka: posts big blind $0.05
*** HOLE CARDS ***
Dealt to Dorex2007 [9c Ac]
Dorex2007: folds 
baigan9285: raises $0.07 to $0.12
gmitoi: folds 
Derevtsssova: calls $0.12
AGVsmarT: folds 
babyfacebibs: calls $0.10
harbaka: calls $0.07
*** FLOP *** [Jc 9s 8d]
babyfacebibs: checks 
harbaka: checks 
DonD13 joins the table at seat #7 
Debz1412 joins the table at seat #1 
baigan9285: bets $0.23
Derevtsssova: calls $0.23
babyfacebibs: calls $0.23
harbaka: folds 
*** TURN *** [Jc 9s 8d] [4s]
babyfacebibs: checks 
baigan9285: bets $0.56
Derevtsssova: calls $0.56
babyfacebibs: calls $0.56
*** RIVER *** [Jc 9s 8d 4s] [2h]
babyfacebibs: checks 
baigan9285: checks 
Derevtsssova: checks 
*** SHOW DOWN ***
babyfacebibs: shows [8h 8c] (three of a kind, Eights)
baigan9285: mucks hand 
Derevtsssova: mucks hand 
babyfacebibs collected $2.73 from pot
*** SUMMARY ***
Total pot $2.85 | Rake $0.12 
Board [Jc 9s 8d 4s 2h]
Seat 2: AGVsmarT (button) folded before Flop (didn't bet)
Seat 3: babyfacebibs (small blind) showed [8h 8c] and won ($2.73) with three of a kind, Eights
Seat 4: harbaka (big blind) folded on the Flop
Seat 5: Dorex2007 folded before Flop (didn't bet)
Seat 6: baigan9285 mucked [Kc Tc]
Seat 8: gmitoi folded before Flop (didn't bet)
Seat 9: Derevtsssova mucked [Jh Ad]



PokerStars Hand #238075269859:  Hold'em No Limit ($0.02/$0.05 USD) - 2022/08/18 16:20:27 PT [2022/08/18 19:20:27 ET]
Table 'Appella III' 9-max Seat #3 is the button
Seat 1: Debz1412 ($2 in chips) 
Seat 2: AGVsmarT ($6.33 in chips) 
Seat 3: babyfacebibs ($8.34 in chips) 
Seat 4: harbaka ($1.95 in chips) 
Seat 5: Dorex2007 ($5.17 in chips) 
Seat 6: baigan9285 ($5.42 in chips) 
Seat 7: DonD13 ($2 in chips) 
Seat 8: gmitoi ($8.36 in chips) 
Seat 9: Derevtsssova ($7.63 in chips) 
harbaka: posts small blind $0.02
Dorex2007: posts big blind $0.05
DonD13: posts big blind $0.05
Debz1412: posts big blind $0.05
*** HOLE CARDS ***
Dealt to Dorex2007 [4c 5s]
baigan9285: folds 
DonD13: checks 
gmitoi: folds 
Derevtsssova: folds 
Debz1412: checks 
AGVsmarT: calls $0.05
babyfacebibs: folds 
harbaka: folds 
Dorex2007: checks 
*** FLOP *** [Kc 9d As]
Dorex2007: checks 
DonD13: checks 
Debz1412: checks 
AGVsmarT: checks 
*** TURN *** [Kc 9d As] [5h]
Dorex2007: checks 
DonD13: checks 
Debz1412: checks 
AGVsmarT: checks 
*** RIVER *** [Kc 9d As 5h] [Ad]
Dorex2007: checks 
DonD13: checks 
Debz1412: checks 
AGVsmarT: checks 
*** SHOW DOWN ***
Dorex2007: shows [4c 5s] (two pair, Aces and Fives)
DonD13: mucks hand 
Debz1412: shows [Kd 3h] (two pair, Aces and Kings)
AGVsmarT: mucks hand 
Debz1412 collected $0.21 from pot
*** SUMMARY ***
Total pot $0.22 | Rake $0.01 
Board [Kc 9d As 5h Ad]
Seat 1: Debz1412 showed [Kd 3h] and won ($0.21) with two pair, Aces and Kings
Seat 2: AGVsmarT mucked [8s Ts]
Seat 3: babyfacebibs (button) folded before Flop (didn't bet)
Seat 4: harbaka (small blind) folded before Flop
Seat 5: Dorex2007 (big blind) showed [4c 5s] and lost with two pair, Aces and Fives
Seat 6: baigan9285 folded before Flop (didn't bet)
Seat 7: DonD13 mucked [3d 7s]
Seat 8: gmitoi folded before Flop (didn't bet)
Seat 9: Derevtsssova folded before Flop (didn't bet)



PokerStars Hand #238075288988:  Hold'em No Limit ($0.02/$0.05 USD) - 2022/08/18 16:21:36 PT [2022/08/18 19:21:36 ET]
Table 'Appella III' 9-max Seat #4 is the button
Seat 1: Debz1412 ($2.16 in chips) 
Seat 2: AGVsmarT ($6.28 in chips) 
Seat 4: harbaka ($1.93 in chips) 
Seat 5: Dorex2007 ($5.12 in chips) 
Seat 6: baigan9285 ($5.42 in chips) 
Seat 7: DonD13 ($1.95 in chips) 
Seat 8: gmitoi ($8.36 in chips) 
Seat 9: Derevtsssova ($7.63 in chips) 
Dorex2007: posts small blind $0.02
baigan9285: posts big blind $0.05
*** HOLE CARDS ***
Dealt to Dorex2007 [Th 6h]
DonD13: calls $0.05
gmitoi: folds 
Derevtsssova: folds 
Debz1412: calls $0.05
AGVsmarT: folds 
harbaka: folds 
Dorex2007: folds 
baigan9285: checks 
*** FLOP *** [3c 3h 6d]
baigan9285: checks 
DonD13: bets $0.05
Debz1412: calls $0.05
baigan9285: calls $0.05
*** TURN *** [3c 3h 6d] [2c]
baigan9285: checks 
DonD13: bets $0.05
Debz1412: calls $0.05
baigan9285: calls $0.05
*** RIVER *** [3c 3h 6d 2c] [Jh]
baigan9285: checks 
DonD13: bets $0.10
Debz1412: folds 
baigan9285: calls $0.10
*** SHOW DOWN ***
DonD13: shows [Ah As] (two pair, Aces and Threes)
baigan9285: mucks hand 
DonD13 collected $0.64 from pot
*** SUMMARY ***
Total pot $0.67 | Rake $0.03 
Board [3c 3h 6d 2c Jh]
Seat 1: Debz1412 folded on the River
Seat 2: AGVsmarT folded before Flop (didn't bet)
Seat 4: harbaka (button) folded before Flop (didn't bet)
Seat 5: Dorex2007 (small blind) folded before Flop
Seat 6: baigan9285 (big blind) mucked [Qd 6c]
Seat 7: DonD13 showed [Ah As] and won ($0.64) with two pair, Aces and Threes
Seat 8: gmitoi folded before Flop (didn't bet)
Seat 9: Derevtsssova folded before Flop (didn't bet)



PokerStars Hand #238075305494:  Hold'em No Limit ($0.02/$0.05 USD) - 2022/08/18 16:22:36 PT [2022/08/18 19:22:36 ET]
Table 'Appella III' 9-max Seat #5 is the button
Seat 1: Debz1412 ($2.01 in chips) 
Seat 2: AGVsmarT ($6.28 in chips) 
Seat 4: harbaka ($1.93 in chips) 
Seat 5: Dorex2007 ($5.10 in chips) 
Seat 6: baigan9285 ($5.17 in chips) 
Seat 7: DonD13 ($2.34 in chips) 
Seat 8: gmitoi ($8.36 in chips) 
Seat 9: Derevtsssova ($7.63 in chips) 
baigan9285: posts small blind $0.02
DonD13: posts big blind $0.05
*** HOLE CARDS ***
Dealt to Dorex2007 [Jc Kd]
gmitoi: folds 
Derevtsssova: folds 
Debz1412: calls $0.05
AGVsmarT: calls $0.05
harbaka: folds 
Dorex2007: calls $0.05
baigan9285: raises $0.20 to $0.25
DonD13: folds 
Debz1412: folds 
AGVsmarT: folds 
Dorex2007: folds 
Uncalled bet ($0.20) returned to baigan9285
baigan9285 collected $0.25 from pot
*** SUMMARY ***
Total pot $0.25 | Rake $0 
Seat 1: Debz1412 folded before Flop
Seat 2: AGVsmarT folded before Flop
Seat 4: harbaka folded before Flop (didn't bet)
Seat 5: Dorex2007 (button) folded before Flop
Seat 6: baigan9285 (small blind) collected ($0.25)
Seat 7: DonD13 (big blind) folded before Flop
Seat 8: gmitoi folded before Flop (didn't bet)
Seat 9: Derevtsssova folded before Flop (didn't bet)



PokerStars Hand #238075314003:  Hold'em No Limit ($0.02/$0.05 USD) - 2022/08/18 16:23:08 PT [2022/08/18 19:23:08 ET]
Table 'Appella III' 9-max Seat #6 is the button
Seat 1: Debz1412 ($1.96 in chips) 
Seat 2: AGVsmarT ($6.23 in chips) 
Seat 4: harbaka ($1.93 in chips) 
Seat 5: Dorex2007 ($5.05 in chips) 
Seat 6: baigan9285 ($5.37 in chips) 
Seat 7: DonD13 ($2.29 in chips) 
Seat 8: gmitoi ($8.36 in chips) 
Seat 9: Derevtsssova ($7.63 in chips) 
DonD13: posts small blind $0.02
gmitoi: posts big blind $0.05
*** HOLE CARDS ***
Dealt to Dorex2007 [Qd Kh]
Derevtsssova: raises $0.10 to $0.15
Debz1412: calls $0.15
AGVsmarT: calls $0.15
harbaka: folds 
Dorex2007: calls $0.15
baigan9285: folds 
DonD13: raises $0.40 to $0.55
gmitoi: folds 
Derevtsssova: calls $0.40
Debz1412: folds 
AGVsmarT: folds 
Dorex2007: folds 
*** FLOP *** [2s 5c 7c]
DonD13: bets $0.55
Derevtsssova: raises $1.84 to $2.39
DonD13: calls $1.19 and is all-in
Uncalled bet ($0.65) returned to Derevtsssova
Derevtsssova has timed out
*** TURN *** [2s 5c 7c] [4h]
*** RIVER *** [2s 5c 7c 4h] [3c]
*** SHOW DOWN ***
DonD13: shows [Ac Ad] (a straight, Ace to Five)
Derevtsssova: shows [8d 8s] (a pair of Eights)
DonD13 collected $4.87 from pot
*** SUMMARY ***
Total pot $5.08 | Rake $0.21 
Board [2s 5c 7c 4h 3c]
Seat 1: Debz1412 folded before Flop
Seat 2: AGVsmarT folded before Flop
Seat 4: harbaka folded before Flop (didn't bet)
Seat 5: Dorex2007 folded before Flop
Seat 6: baigan9285 (button) folded before Flop (didn't bet)
Seat 7: DonD13 (small blind) showed [Ac Ad] and won ($4.87) with a straight, Ace to Five
Seat 8: gmitoi (big blind) folded before Flop
Seat 9: Derevtsssova showed [8d 8s] and lost with a pair of Eights



PokerStars Hand #238075333138:  Hold'em No Limit ($0.02/$0.05 USD) - 2022/08/18 16:24:18 PT [2022/08/18 19:24:18 ET]
Table 'Appella III' 9-max Seat #7 is the button
Seat 1: Debz1412 ($1.81 in chips) 
Seat 2: AGVsmarT ($6.08 in chips) 
Seat 4: harbaka ($1.93 in chips) 
Seat 5: Dorex2007 ($5 in chips) 
Seat 6: baigan9285 ($5.37 in chips) 
Seat 7: DonD13 ($4.87 in chips) 
Seat 8: gmitoi ($8.31 in chips) 
Seat 9: Derevtsssova ($5.34 in chips) 
gmitoi: posts small blind $0.02
Derevtsssova: posts big blind $0.05
*** HOLE CARDS ***
Dealt to Dorex2007 [Jh 4c]
Debz1412: raises $0.15 to $0.20
AGVsmarT: folds 
harbaka: folds 
Dorex2007: folds 
baigan9285: folds 
DonD13: folds 
gmitoi: folds 
Derevtsssova: folds 
Uncalled bet ($0.15) returned to Debz1412
Debz1412 collected $0.12 from pot
Debz1412: doesn't show hand 
*** SUMMARY ***
Total pot $0.12 | Rake $0 
Seat 1: Debz1412 collected ($0.12)
Seat 2: AGVsmarT folded before Flop (didn't bet)
Seat 4: harbaka folded before Flop (didn't bet)
Seat 5: Dorex2007 folded before Flop (didn't bet)
Seat 6: baigan9285 folded before Flop (didn't bet)
Seat 7: DonD13 (button) folded before Flop (didn't bet)
Seat 8: gmitoi (small blind) folded before Flop
Seat 9: Derevtsssova (big blind) folded before Flop



PokerStars Hand #238075338346:  Hold'em No Limit ($0.02/$0.05 USD) - 2022/08/18 16:24:37 PT [2022/08/18 19:24:37 ET]
Table 'Appella III' 9-max Seat #8 is the button
Seat 1: Debz1412 ($1.88 in chips) 
Seat 2: AGVsmarT ($6.08 in chips) 
Seat 4: harbaka ($1.93 in chips) 
Seat 5: Dorex2007 ($5 in chips) 
Seat 6: baigan9285 ($5.37 in chips) 
Seat 7: DonD13 ($4.87 in chips) 
Seat 8: gmitoi ($8.29 in chips) 
Seat 9: Derevtsssova ($5.29 in chips) 
Derevtsssova: posts small blind $0.02
Debz1412: posts big blind $0.05
*** HOLE CARDS ***
Dealt to Dorex2007 [Ad Qc]
AGVsmarT: folds 
harbaka: folds 
Dorex2007: raises $0.10 to $0.15
baigan9285: folds 
DonD13: folds 
gmitoi: folds 
Derevtsssova: folds 
Debz1412: folds 
Uncalled bet ($0.10) returned to Dorex2007
Dorex2007 collected $0.12 from pot
Dorex2007: doesn't show hand 
*** SUMMARY ***
Total pot $0.12 | Rake $0 
Seat 1: Debz1412 (big blind) folded before Flop
Seat 2: AGVsmarT folded before Flop (didn't bet)
Seat 4: harbaka folded before Flop (didn't bet)
Seat 5: Dorex2007 collected ($0.12)
Seat 6: baigan9285 folded before Flop (didn't bet)
Seat 7: DonD13 folded before Flop (didn't bet)
Seat 8: gmitoi (button) folded before Flop (didn't bet)
Seat 9: Derevtsssova (small blind) folded before Flop



PokerStars Hand #238075343810:  Hold'em No Limit ($0.02/$0.05 USD) - 2022/08/18 16:24:57 PT [2022/08/18 19:24:57 ET]
Table 'Appella III' 9-max Seat #9 is the button
Seat 1: Debz1412 ($1.83 in chips) 
Seat 2: AGVsmarT ($6.08 in chips) 
Seat 4: harbaka ($1.93 in chips) 
Seat 5: Dorex2007 ($5.07 in chips) 
Seat 6: baigan9285 ($5.37 in chips) 
Seat 7: DonD13 ($4.87 in chips) 
Seat 8: gmitoi ($8.29 in chips) 
Seat 9: Derevtsssova ($5.27 in chips) 
Debz1412: posts small blind $0.02
AGVsmarT: posts big blind $0.05
*** HOLE CARDS ***
Dealt to Dorex2007 [Tc Jd]
harbaka: folds 
Dorex2007: folds 
baigan9285: folds 
DonD13: folds 
gmitoi: folds 
Derevtsssova: folds 
Debz1412: calls $0.03
AGVsmarT: checks 
*** FLOP *** [2s Jh 6c]
Debz1412: checks 
AGVsmarT: checks 
*** TURN *** [2s Jh 6c] [4h]
Debz1412: bets $0.10
AGVsmarT: folds 
Uncalled bet ($0.10) returned to Debz1412
Debz1412 collected $0.10 from pot
Debz1412: doesn't show hand 
*** SUMMARY ***
Total pot $0.10 | Rake $0 
Board [2s Jh 6c 4h]
Seat 1: Debz1412 (small blind) collected ($0.10)
Seat 2: AGVsmarT (big blind) folded on the Turn
Seat 4: harbaka folded before Flop (didn't bet)
Seat 5: Dorex2007 folded before Flop (didn't bet)
Seat 6: baigan9285 folded before Flop (didn't bet)
Seat 7: DonD13 folded before Flop (didn't bet)
Seat 8: gmitoi folded before Flop (didn't bet)
Seat 9: Derevtsssova (button) folded before Flop (didn't bet)



PokerStars Hand #238075351620:  Hold'em No Limit ($0.02/$0.05 USD) - 2022/08/18 16:25:26 PT [2022/08/18 19:25:26 ET]
Table 'Appella III' 9-max Seat #1 is the button
Seat 1: Debz1412 ($1.88 in chips) 
Seat 2: AGVsmarT ($6.03 in chips) 
Seat 4: harbaka ($1.93 in chips) 
Seat 5: Dorex2007 ($5.07 in chips) 
Seat 6: baigan9285 ($5.37 in chips) 
Seat 7: DonD13 ($4.87 in chips) 
Seat 8: gmitoi ($8.29 in chips) 
Seat 9: Derevtsssova ($5.27 in chips) 
AGVsmarT: posts small blind $0.02
harbaka: posts big blind $0.05
*** HOLE CARDS ***
Dealt to Dorex2007 [2s 6s]
Dorex2007: folds 
baigan9285: folds 
DonD13: folds 
gmitoi: folds 
Derevtsssova: raises $0.10 to $0.15
Debz1412: calls $0.15
AGVsmarT: calls $0.13
harbaka: folds 
*** FLOP *** [Js Qh 9c]
AGVsmarT: bets $0.10
Derevtsssova: folds 
Debz1412: calls $0.10
*** TURN *** [Js Qh 9c] [9s]
AGVsmarT: bets $0.20
Debz1412: calls $0.20
*** RIVER *** [Js Qh 9c 9s] [5d]
AGVsmarT: bets $0.20
Debz1412: folds 
Uncalled bet ($0.20) returned to AGVsmarT
AGVsmarT collected $1.05 from pot
*** SUMMARY ***
Total pot $1.10 | Rake $0.05 
Board [Js Qh 9c 9s 5d]
Seat 1: Debz1412 (button) folded on the River
Seat 2: AGVsmarT (small blind) collected ($1.05)
Seat 4: harbaka (big blind) folded before Flop
Seat 5: Dorex2007 folded before Flop (didn't bet)
Seat 6: baigan9285 folded before Flop (didn't bet)
Seat 7: DonD13 folded before Flop (didn't bet)
Seat 8: gmitoi folded before Flop (didn't bet)
Seat 9: Derevtsssova folded on the Flop



PokerStars Hand #238075366100:  Hold'em No Limit ($0.02/$0.05 USD) - 2022/08/18 16:26:19 PT [2022/08/18 19:26:19 ET]
Table 'Appella III' 9-max Seat #2 is the button
Seat 1: Debz1412 ($1.43 in chips) 
Seat 2: AGVsmarT ($6.63 in chips) 
Seat 4: harbaka ($1.88 in chips) 
Seat 5: Dorex2007 ($5.07 in chips) 
Seat 6: baigan9285 ($5.37 in chips) 
Seat 7: DonD13 ($4.87 in chips) 
Seat 8: gmitoi ($8.29 in chips) 
Seat 9: Derevtsssova ($5.12 in chips) 
harbaka: posts small blind $0.02
Dorex2007: posts big blind $0.05
*** HOLE CARDS ***
Dealt to Dorex2007 [7c 5c]
baigan9285: folds 
DonD13: calls $0.05
gmitoi: folds 
Derevtsssova: folds 
Debz1412: calls $0.05
AGVsmarT: calls $0.05
harbaka: folds 
Dorex2007: checks 
*** FLOP *** [4s Tc Jd]
Dorex2007: checks 
DonD13: checks 
Debz1412: checks 
AGVsmarT: bets $0.10
Dorex2007: folds 
DonD13: calls $0.10
Debz1412: calls $0.10
*** TURN *** [4s Tc Jd] [8d]
DonD13: checks 
Debz1412: checks 
AGVsmarT: checks 
*** RIVER *** [4s Tc Jd 8d] [Kc]
DonD13: bets $0.15
Debz1412: folds 
AGVsmarT: raises $0.45 to $0.60
DonD13: raises $1.15 to $1.75
AGVsmarT: raises $1.15 to $2.90
DonD13: raises $1.82 to $4.72 and is all-in
AGVsmarT: calls $1.82
*** SHOW DOWN ***
DonD13: shows [As Qh] (a straight, Ten to Ace)
AGVsmarT: shows [Ad Qc] (a straight, Ten to Ace)
DonD13 collected $4.78 from pot
AGVsmarT collected $4.77 from pot
*** SUMMARY ***
Total pot $9.96 | Rake $0.41 
Board [4s Tc Jd 8d Kc]
Seat 1: Debz1412 folded on the River
Seat 2: AGVsmarT (button) showed [Ad Qc] and won ($4.77) with a straight, Ten to Ace
Seat 4: harbaka (small blind) folded before Flop
Seat 5: Dorex2007 (big blind) folded on the Flop
Seat 6: baigan9285 folded before Flop (didn't bet)
Seat 7: DonD13 showed [As Qh] and won ($4.78) with a straight, Ten to Ace
Seat 8: gmitoi folded before Flop (didn't bet)
Seat 9: Derevtsssova folded before Flop (didn't bet)



PokerStars Hand #238075399007:  Hold'em No Limit ($0.02/$0.05 USD) - 2022/08/18 16:28:20 PT [2022/08/18 19:28:20 ET]
Table 'Appella III' 9-max Seat #4 is the button
Seat 1: Debz1412 ($1.28 in chips) 
Seat 2: AGVsmarT ($6.53 in chips) 
Seat 3: babyfacebibs ($8.34 in chips) 
Seat 4: harbaka ($1.86 in chips) 
Seat 5: Dorex2007 ($5.02 in chips) 
Seat 6: baigan9285 ($5.37 in chips) 
Seat 7: DonD13 ($4.78 in chips) 
Seat 8: gmitoi ($8.29 in chips) 
Seat 9: Derevtsssova ($5.12 in chips) 
Dorex2007: posts small blind $0.02
baigan9285: posts big blind $0.05
babyfacebibs: posts small & big blinds $0.07
*** HOLE CARDS ***
Dealt to Dorex2007 [6h 6s]
DonD13: calls $0.05
gmitoi: raises $0.10 to $0.15
Derevtsssova: folds 
Debz1412: calls $0.15
AGVsmarT has timed out
AGVsmarT: folds 
babyfacebibs: calls $0.10
harbaka: folds 
Dorex2007: calls $0.13
baigan9285: folds 
DonD13: calls $0.10
*** FLOP *** [2s Kc 7c]
Dorex2007: checks 
DonD13: checks 
gmitoi: checks 
Debz1412: checks 
babyfacebibs: checks 
*** TURN *** [2s Kc 7c] [Ad]
Dorex2007: checks 
DonD13: bets $0.15
gmitoi: folds 
Debz1412: raises $0.55 to $0.70
babyfacebibs: folds 
Dorex2007: folds 
DonD13: raises $3.93 to $4.63 and is all-in
Debz1412: calls $0.43 and is all-in
Uncalled bet ($3.50) returned to DonD13
*** RIVER *** [2s Kc 7c Ad] [7s]
*** SHOW DOWN ***
DonD13: shows [Kd Ah] (two pair, Aces and Kings)
Debz1412: shows [Ks 7d] (a full house, Sevens full of Kings)
Debz1412 collected $2.95 from pot
*** SUMMARY ***
Total pot $3.08 | Rake $0.13 
Board [2s Kc 7c Ad 7s]
Seat 1: Debz1412 showed [Ks 7d] and won ($2.95) with a full house, Sevens full of Kings
Seat 2: AGVsmarT folded before Flop (didn't bet)
Seat 3: babyfacebibs folded on the Turn
Seat 4: harbaka (button) folded before Flop (didn't bet)
Seat 5: Dorex2007 (small blind) folded on the Turn
Seat 6: baigan9285 (big blind) folded before Flop
Seat 7: DonD13 showed [Kd Ah] and lost with two pair, Aces and Kings
Seat 8: gmitoi folded on the Turn
Seat 9: Derevtsssova folded before Flop (didn't bet)



PokerStars Hand #238075428617:  Hold'em No Limit ($0.02/$0.05 USD) - 2022/08/18 16:29:46 PT [2022/08/18 19:29:46 ET]
Table 'Appella III' 9-max Seat #5 is the button
Seat 1: Debz1412 ($2.95 in chips) 
Seat 3: babyfacebibs ($8.17 in chips) 
Seat 4: harbaka ($1.86 in chips) 
Seat 5: Dorex2007 ($5 in chips) 
Seat 6: baigan9285 ($5.32 in chips) 
Seat 7: DonD13 ($3.50 in chips) 
Seat 8: gmitoi ($8.14 in chips) 
Seat 9: Derevtsssova ($5.12 in chips) 
baigan9285: posts small blind $0.02
DonD13: posts big blind $0.05
*** HOLE CARDS ***
Dealt to Dorex2007 [As 7s]
gmitoi: folds 
Derevtsssova: folds 
Debz1412: calls $0.05
babyfacebibs: calls $0.05
harbaka: folds 
Dorex2007: calls $0.05
baigan9285: raises $0.25 to $0.30
DonD13: folds 
Debz1412: folds 
babyfacebibs: calls $0.25
Dorex2007: folds 
*** FLOP *** [Qd 9h 5d]
baigan9285: bets $0.36
babyfacebibs: calls $0.36
*** TURN *** [Qd 9h 5d] [Tc]
baigan9285: checks 
babyfacebibs: checks 
*** RIVER *** [Qd 9h 5d Tc] [2s]
baigan9285: bets $1.41
babyfacebibs: calls $1.41
*** SHOW DOWN ***
baigan9285: shows [Kd 7d] (high card King)
babyfacebibs: shows [9c Kc] (a pair of Nines)
babyfacebibs collected $4.11 from pot
*** SUMMARY ***
Total pot $4.29 | Rake $0.18 
Board [Qd 9h 5d Tc 2s]
Seat 1: Debz1412 folded before Flop
Seat 3: babyfacebibs showed [9c Kc] and won ($4.11) with a pair of Nines
Seat 4: harbaka folded before Flop (didn't bet)
Seat 5: Dorex2007 (button) folded before Flop
Seat 6: baigan9285 (small blind) showed [Kd 7d] and lost with high card King
Seat 7: DonD13 (big blind) folded before Flop
Seat 8: gmitoi folded before Flop (didn't bet)
Seat 9: Derevtsssova folded before Flop (didn't bet)



PokerStars Hand #238075461765:  Hold'em No Limit ($0.02/$0.05 USD) - 2022/08/18 16:31:19 PT [2022/08/18 19:31:19 ET]
Table 'Appella III' 9-max Seat #6 is the button
Seat 1: Debz1412 ($2.90 in chips) 
Seat 3: babyfacebibs ($10.21 in chips) 
Seat 4: harbaka ($1.86 in chips) 
Seat 5: Dorex2007 ($5 in chips) 
Seat 6: baigan9285 ($3.25 in chips) 
Seat 7: DonD13 ($3.45 in chips) 
Seat 8: gmitoi ($8.14 in chips) 
Seat 9: Derevtsssova ($5.12 in chips) 
DonD13: posts small blind $0.02
gmitoi: posts big blind $0.05
*** HOLE CARDS ***
Dealt to Dorex2007 [6d 7h]
Derevtsssova: folds 
Debz1412: raises $0.15 to $0.20
babyfacebibs: folds 
harbaka: folds 
Dorex2007: folds 
baigan9285: folds 
DonD13: folds 
gmitoi: folds 
Uncalled bet ($0.15) returned to Debz1412
Debz1412 collected $0.12 from pot
Debz1412: doesn't show hand 
*** SUMMARY ***
Total pot $0.12 | Rake $0 
Seat 1: Debz1412 collected ($0.12)
Seat 3: babyfacebibs folded before Flop (didn't bet)
Seat 4: harbaka folded before Flop (didn't bet)
Seat 5: Dorex2007 folded before Flop (didn't bet)
Seat 6: baigan9285 (button) folded before Flop (didn't bet)
Seat 7: DonD13 (small blind) folded before Flop
Seat 8: gmitoi (big blind) folded before Flop
Seat 9: Derevtsssova folded before Flop (didn't bet)



PokerStars Hand #238075467575:  Hold'em No Limit ($0.02/$0.05 USD) - 2022/08/18 16:31:41 PT [2022/08/18 19:31:41 ET]
Table 'Appella III' 9-max Seat #7 is the button
Seat 1: Debz1412 ($2.97 in chips) 
Seat 3: babyfacebibs ($10.21 in chips) 
Seat 4: harbaka ($1.86 in chips) 
Seat 5: Dorex2007 ($5 in chips) 
Seat 6: baigan9285 ($3.25 in chips) 
Seat 7: DonD13 ($3.43 in chips) 
Seat 8: gmitoi ($8.09 in chips) 
Seat 9: Derevtsssova ($5.12 in chips) 
gmitoi: posts small blind $0.02
Derevtsssova: posts big blind $0.05
*** HOLE CARDS ***
Dealt to Dorex2007 [9d 7s]
Debz1412: calls $0.05
babyfacebibs: calls $0.05
harbaka: folds 
Dorex2007: folds 
baigan9285: folds 
DonD13: folds 
gmitoi: folds 
Derevtsssova: checks 
*** FLOP *** [Kd 4s Qh]
Derevtsssova: checks 
Debz1412: checks 
babyfacebibs: checks 
*** TURN *** [Kd 4s Qh] [9h]
Derevtsssova: bets $0.12
Debz1412: folds 
babyfacebibs: folds 
Uncalled bet ($0.12) returned to Derevtsssova
Derevtsssova collected $0.16 from pot
Derevtsssova: doesn't show hand 
*** SUMMARY ***
Total pot $0.17 | Rake $0.01 
Board [Kd 4s Qh 9h]
Seat 1: Debz1412 folded on the Turn
Seat 3: babyfacebibs folded on the Turn
Seat 4: harbaka folded before Flop (didn't bet)
Seat 5: Dorex2007 folded before Flop (didn't bet)
Seat 6: baigan9285 folded before Flop (didn't bet)
Seat 7: DonD13 (button) folded before Flop (didn't bet)
Seat 8: gmitoi (small blind) folded before Flop
Seat 9: Derevtsssova (big blind) collected ($0.16)



PokerStars Hand #238075481785:  Hold'em No Limit ($0.02/$0.05 USD) - 2022/08/18 16:32:35 PT [2022/08/18 19:32:35 ET]
Table 'Appella III' 9-max Seat #8 is the button
Seat 1: Debz1412 ($2.92 in chips) 
Seat 3: babyfacebibs ($10.16 in chips) 
Seat 4: harbaka ($1.86 in chips) 
Seat 5: Dorex2007 ($5 in chips) 
Seat 6: baigan9285 ($3.25 in chips) 
Seat 7: DonD13 ($3.43 in chips) 
Seat 8: gmitoi ($8.07 in chips) 
Debz1412: posts small blind $0.02
babyfacebibs: posts big blind $0.05
*** HOLE CARDS ***
Dealt to Dorex2007 [7s 6d]
Derevtsssova leaves the table
harbaka: folds 
harbaka leaves the table
tanyaa1956 joins the table at seat #9 
Dorex2007: folds 
baigan9285: folds 
DonD13: folds 
BluffOnTable joins the table at seat #4 
gmitoi: raises $0.10 to $0.15
Debz1412: calls $0.13
babyfacebibs: folds 
*** FLOP *** [Td 3s Qc]
Debz1412: bets $0.34
gmitoi: raises $0.51 to $0.85
Debz1412: calls $0.51
*** TURN *** [Td 3s Qc] [4c]
Debz1412: checks 
gmitoi: bets $1.96
Debz1412: calls $1.92 and is all-in
Uncalled bet ($0.04) returned to gmitoi
*** RIVER *** [Td 3s Qc 4c] [Ts]
*** SHOW DOWN ***
Debz1412: shows [9s Qs] (two pair, Queens and Tens)
gmitoi: shows [As Ad] (two pair, Aces and Tens)
gmitoi collected $5.65 from pot
*** SUMMARY ***
Total pot $5.89 | Rake $0.24 
Board [Td 3s Qc 4c Ts]
Seat 1: Debz1412 (small blind) showed [9s Qs] and lost with two pair, Queens and Tens
Seat 3: babyfacebibs (big blind) folded before Flop
Seat 4: harbaka folded before Flop (didn't bet)
Seat 5: Dorex2007 folded before Flop (didn't bet)
Seat 6: baigan9285 folded before Flop (didn't bet)
Seat 7: DonD13 folded before Flop (didn't bet)
Seat 8: gmitoi (button) showed [As Ad] and won ($5.65) with two pair, Aces and Tens



PokerStars Hand #238075499940:  Hold'em No Limit ($0.02/$0.05 USD) - 2022/08/18 16:33:43 PT [2022/08/18 19:33:43 ET]
Table 'Appella III' 9-max Seat #3 is the button
Seat 3: babyfacebibs ($10.11 in chips) 
Seat 5: Dorex2007 ($5 in chips) 
Seat 6: baigan9285 ($3.25 in chips) 
Seat 7: DonD13 ($3.43 in chips) 
Seat 8: gmitoi ($10.80 in chips) 
Dorex2007: posts small blind $0.02
baigan9285: posts big blind $0.05
tanyaa1956: sits out 
*** HOLE CARDS ***
Dealt to Dorex2007 [Ac 8d]
DonD13: folds 
gmitoi: raises $0.10 to $0.15
babyfacebibs: calls $0.15
Dorex2007: folds 
baigan9285: folds 
*** FLOP *** [2s 6s 4c]
gmitoi: checks 
babyfacebibs: bets $0.35
gmitoi: folds 
Uncalled bet ($0.35) returned to babyfacebibs
babyfacebibs collected $0.35 from pot
babyfacebibs: doesn't show hand 
*** SUMMARY ***
Total pot $0.37 | Rake $0.02 
Board [2s 6s 4c]
Seat 3: babyfacebibs (button) collected ($0.35)
Seat 5: Dorex2007 (small blind) folded before Flop
Seat 6: baigan9285 (big blind) folded before Flop
Seat 7: DonD13 folded before Flop (didn't bet)
Seat 8: gmitoi folded on the Flop



PokerStars Hand #238075514566:  Hold'em No Limit ($0.02/$0.05 USD) - 2022/08/18 16:34:39 PT [2022/08/18 19:34:39 ET]
Table 'Appella III' 9-max Seat #5 is the button
Seat 1: Debz1412 ($2 in chips) 
Seat 3: babyfacebibs ($10.31 in chips) 
Seat 5: Dorex2007 ($5 in chips) 
Seat 6: baigan9285 ($3.20 in chips) 
Seat 7: DonD13 ($3.43 in chips) 
Seat 8: gmitoi ($10.65 in chips) 
baigan9285: posts small blind $0.02
DonD13: posts big blind $0.05
tanyaa1956: sits out 
BluffOnTable: sits out 
*** HOLE CARDS ***
Dealt to Dorex2007 [3c 5s]
gmitoi: folds 
Debz1412: raises $0.05 to $0.10
babyfacebibs: raises $0.05 to $0.15
Dorex2007: folds 
baigan9285: folds 
DonD13: calls $0.10
Debz1412: calls $0.05
*** FLOP *** [7s 8s 9c]
DonD13: checks 
Debz1412: checks 
babyfacebibs: checks 
*** TURN *** [7s 8s 9c] [7d]
DonD13: checks 
Debz1412: checks 
babyfacebibs: bets $0.22
DonD13: calls $0.22
Debz1412: calls $0.22
*** RIVER *** [7s 8s 9c 7d] [Ks]
DonD13: bets $0.35
Debz1412: raises $0.89 to $1.24
babyfacebibs: folds 
DonD13: raises $1.82 to $3.06 and is all-in
Debz1412: calls $0.39 and is all-in
Uncalled bet ($1.43) returned to DonD13
*** SHOW DOWN ***
DonD13: shows [8d 8h] (a full house, Eights full of Sevens)
Debz1412: shows [6s Qs] (a flush, King high)
DonD13 collected $4.21 from pot
*** SUMMARY ***
Total pot $4.39 | Rake $0.18 
Board [7s 8s 9c 7d Ks]
Seat 1: Debz1412 showed [6s Qs] and lost with a flush, King high
Seat 3: babyfacebibs folded on the River
Seat 5: Dorex2007 (button) folded before Flop (didn't bet)
Seat 6: baigan9285 (small blind) folded before Flop
Seat 7: DonD13 (big blind) showed [8d 8h] and won ($4.21) with a full house, Eights full of Sevens
Seat 8: gmitoi folded before Flop (didn't bet)



PokerStars Hand #238075536107:  Hold'em No Limit ($0.02/$0.05 USD) - 2022/08/18 16:36:01 PT [2022/08/18 19:36:01 ET]
Table 'Appella III' 9-max Seat #6 is the button
Seat 3: babyfacebibs ($9.94 in chips) 
Seat 5: Dorex2007 ($5 in chips) 
Seat 6: baigan9285 ($3.18 in chips) 
Seat 7: DonD13 ($5.64 in chips) 
Seat 8: gmitoi ($10.65 in chips) 
DonD13: posts small blind $0.02
gmitoi: posts big blind $0.05
tanyaa1956: sits out 
BluffOnTable: sits out 
*** HOLE CARDS ***
Dealt to Dorex2007 [Qh 9d]
babyfacebibs: calls $0.05
Dorex2007: folds 
Debz1412 leaves the table
baigan9285: folds 
DonD13: calls $0.03
gmitoi: checks 
*** FLOP *** [8h Qc 9c]
DonD13: checks 
gmitoi: checks 
babyfacebibs: checks 
*** TURN *** [8h Qc 9c] [6d]
DonD13: checks 
gmitoi: bets $0.15
babyfacebibs: folds 
DonD13: folds 
Uncalled bet ($0.15) returned to gmitoi
gmitoi collected $0.14 from pot
gmitoi: doesn't show hand 
*** SUMMARY ***
Total pot $0.15 | Rake $0.01 
Board [8h Qc 9c 6d]
Seat 3: babyfacebibs folded on the Turn
Seat 5: Dorex2007 folded before Flop (didn't bet)
Seat 6: baigan9285 (button) folded before Flop (didn't bet)
Seat 7: DonD13 (small blind) folded on the Turn
Seat 8: gmitoi (big blind) collected ($0.14)



PokerStars Hand #238075551056:  Hold'em No Limit ($0.02/$0.05 USD) - 2022/08/18 16:36:58 PT [2022/08/18 19:36:58 ET]
Table 'Appella III' 9-max Seat #7 is the button
Seat 3: babyfacebibs ($9.89 in chips) 
Seat 5: Dorex2007 ($5 in chips) 
Seat 7: DonD13 ($5.59 in chips) 
Seat 8: gmitoi ($10.74 in chips) 
Seat 9: tanyaa1956 ($5 in chips) 
gmitoi: posts small blind $0.02
tanyaa1956: posts big blind $0.05
BluffOnTable: sits out 
*** HOLE CARDS ***
Dealt to Dorex2007 [Ks Jd]
babyfacebibs: folds 
Dorex2007: folds 
DonD13: folds 
gmitoi: raises $0.10 to $0.15
CrownRoyalFTW joins the table at seat #1 
tanyaa1956: folds 
Uncalled bet ($0.10) returned to gmitoi
gmitoi collected $0.10 from pot
gmitoi: doesn't show hand 
*** SUMMARY ***
Total pot $0.10 | Rake $0 
Seat 3: babyfacebibs folded before Flop (didn't bet)
Seat 5: Dorex2007 folded before Flop (didn't bet)
Seat 7: DonD13 (button) folded before Flop (didn't bet)
Seat 8: gmitoi (small blind) collected ($0.10)
Seat 9: tanyaa1956 (big blind) folded before Flop



PokerStars Hand #238075556388:  Hold'em No Limit ($0.02/$0.05 USD) - 2022/08/18 16:37:18 PT [2022/08/18 19:37:18 ET]
Table 'Appella III' 9-max Seat #8 is the button
Seat 1: CrownRoyalFTW ($5 in chips) 
Seat 3: babyfacebibs ($9.89 in chips) 
Seat 5: Dorex2007 ($5 in chips) 
Seat 7: DonD13 ($5.59 in chips) 
Seat 8: gmitoi ($10.79 in chips) 
Seat 9: tanyaa1956 ($5 in chips) 
tanyaa1956: posts small blind $0.02
CrownRoyalFTW: posts big blind $0.05
BluffOnTable: sits out 
*** HOLE CARDS ***
Dealt to Dorex2007 [3d 6s]
babyfacebibs: folds 
Dorex2007: folds 
DonD13: folds 
gmitoi: raises $0.10 to $0.15
tanyaa1956: raises $0.35 to $0.50
CrownRoyalFTW: folds 
gmitoi: folds 
Uncalled bet ($0.35) returned to tanyaa1956
tanyaa1956 collected $0.35 from pot
tanyaa1956: doesn't show hand 
*** SUMMARY ***
Total pot $0.35 | Rake $0 
Seat 1: CrownRoyalFTW (big blind) folded before Flop
Seat 3: babyfacebibs folded before Flop (didn't bet)
Seat 5: Dorex2007 folded before Flop (didn't bet)
Seat 7: DonD13 folded before Flop (didn't bet)
Seat 8: gmitoi (button) folded before Flop
Seat 9: tanyaa1956 (small blind) collected ($0.35)



PokerStars Hand #238075562337:  Hold'em No Limit ($0.02/$0.05 USD) - 2022/08/18 16:37:41 PT [2022/08/18 19:37:41 ET]
Table 'Appella III' 9-max Seat #9 is the button
Seat 1: CrownRoyalFTW ($5 in chips) 
Seat 3: babyfacebibs ($9.89 in chips) 
Seat 5: Dorex2007 ($5 in chips) 
Seat 7: DonD13 ($5.59 in chips) 
Seat 8: gmitoi ($10.64 in chips) 
Seat 9: tanyaa1956 ($5.20 in chips) 
CrownRoyalFTW: posts small blind $0.02
babyfacebibs: posts big blind $0.05
BluffOnTable: sits out 
*** HOLE CARDS ***
Dealt to Dorex2007 [8s 6s]
Dorex2007: folds 
DonD13: folds 
gmitoi: raises $0.10 to $0.15
tanyaa1956: folds 
CrownRoyalFTW: folds 
babyfacebibs: calls $0.10
*** FLOP *** [Td 7c 4d]
babyfacebibs: checks 
gmitoi: checks 
*** TURN *** [Td 7c 4d] [7h]
babyfacebibs: bets $0.05
gmitoi: calls $0.05
*** RIVER *** [Td 7c 4d 7h] [8c]
babyfacebibs: bets $0.05
gmitoi: calls $0.05
*** SHOW DOWN ***
babyfacebibs: shows [Kc 6c] (a pair of Sevens)
gmitoi: shows [5d 5s] (two pair, Sevens and Fives)
gmitoi collected $0.50 from pot
*** SUMMARY ***
Total pot $0.52 | Rake $0.02 
Board [Td 7c 4d 7h 8c]
Seat 1: CrownRoyalFTW (small blind) folded before Flop
Seat 3: babyfacebibs (big blind) showed [Kc 6c] and lost with a pair of Sevens
Seat 5: Dorex2007 folded before Flop (didn't bet)
Seat 7: DonD13 folded before Flop (didn't bet)
Seat 8: gmitoi showed [5d 5s] and won ($0.50) with two pair, Sevens and Fives
Seat 9: tanyaa1956 (button) folded before Flop (didn't bet)



PokerStars Hand #238075572731:  Hold'em No Limit ($0.02/$0.05 USD) - 2022/08/18 16:38:21 PT [2022/08/18 19:38:21 ET]
Table 'Appella III' 9-max Seat #1 is the button
Seat 1: CrownRoyalFTW ($5 in chips) 
Seat 3: babyfacebibs ($9.64 in chips) 
Seat 4: BluffOnTable ($5 in chips) 
Seat 5: Dorex2007 ($5 in chips) 
Seat 7: DonD13 ($5.59 in chips) 
Seat 8: gmitoi ($10.89 in chips) 
Seat 9: tanyaa1956 ($5.20 in chips) 
babyfacebibs: posts small blind $0.02
BluffOnTable: posts big blind $0.05
*** HOLE CARDS ***
Dealt to Dorex2007 [9s 2h]
Dorex2007: folds 
DonD13: calls $0.05
gmitoi: calls $0.05
tanyaa1956: folds 
CrownRoyalFTW: folds 
babyfacebibs: folds 
BluffOnTable: checks 
*** FLOP *** [As 3d Ts]
BluffOnTable: checks 
DonD13: checks 
gmitoi: bets $0.10
BluffOnTable: folds 
DonD13: calls $0.10
*** TURN *** [As 3d Ts] [Jc]
DonD13: checks 
gmitoi: checks 
*** RIVER *** [As 3d Ts Jc] [5d]
DonD13: bets $0.25
gmitoi: calls $0.25
*** SHOW DOWN ***
DonD13: shows [Kh Qs] (a straight, Ten to Ace)
gmitoi: mucks hand 
DonD13 collected $0.83 from pot
*** SUMMARY ***
Total pot $0.87 | Rake $0.04 
Board [As 3d Ts Jc 5d]
Seat 1: CrownRoyalFTW (button) folded before Flop (didn't bet)
Seat 3: babyfacebibs (small blind) folded before Flop
Seat 4: BluffOnTable (big blind) folded on the Flop
Seat 5: Dorex2007 folded before Flop (didn't bet)
Seat 7: DonD13 showed [Kh Qs] and won ($0.83) with a straight, Ten to Ace
Seat 8: gmitoi mucked [Js Ah]
Seat 9: tanyaa1956 folded before Flop (didn't bet)



PokerStars Hand #238075586636:  Hold'em No Limit ($0.02/$0.05 USD) - 2022/08/18 16:39:15 PT [2022/08/18 19:39:15 ET]
Table 'Appella III' 9-max Seat #4 is the button
Seat 1: CrownRoyalFTW ($5 in chips) 
Seat 4: BluffOnTable ($5 in chips) 
Seat 5: Dorex2007 ($5 in chips) 
Seat 7: DonD13 ($6.02 in chips) 
Seat 8: gmitoi ($10.49 in chips) 
Seat 9: tanyaa1956 ($5.20 in chips) 
Dorex2007: posts small blind $0.02
DonD13: posts big blind $0.05
*** HOLE CARDS ***
Dealt to Dorex2007 [Ad Qs]
gmitoi: folds 
tanyaa1956: folds 
CrownRoyalFTW: folds 
BluffOnTable: folds 
Dorex2007: calls $0.03
DonD13: checks 
*** FLOP *** [6d Th Tc]
Dorex2007: checks 
DonD13: bets $0.05
Dorex2007: calls $0.05
*** TURN *** [6d Th Tc] [4d]
Dorex2007: checks 
DonD13: checks 
*** RIVER *** [6d Th Tc 4d] [Jc]
Dorex2007: checks 
DonD13: bets $0.10
Dorex2007: folds 
Uncalled bet ($0.10) returned to DonD13
DonD13 collected $0.19 from pot
DonD13: doesn't show hand 
*** SUMMARY ***
Total pot $0.20 | Rake $0.01 
Board [6d Th Tc 4d Jc]
Seat 1: CrownRoyalFTW folded before Flop (didn't bet)
Seat 4: BluffOnTable (button) folded before Flop (didn't bet)
Seat 5: Dorex2007 (small blind) folded on the River
Seat 7: DonD13 (big blind) collected ($0.19)
Seat 8: gmitoi folded before Flop (didn't bet)
Seat 9: tanyaa1956 folded before Flop (didn't bet)



PokerStars Hand #238075596062:  Hold'em No Limit ($0.02/$0.05 USD) - 2022/08/18 16:39:51 PT [2022/08/18 19:39:51 ET]
Table 'Appella III' 9-max Seat #5 is the button
Seat 1: CrownRoyalFTW ($5 in chips) 
Seat 4: BluffOnTable ($5 in chips) 
Seat 5: Dorex2007 ($5 in chips) 
Seat 7: DonD13 ($6.11 in chips) 
Seat 8: gmitoi ($10.49 in chips) 
Seat 9: tanyaa1956 ($5.20 in chips) 
DonD13: posts small blind $0.02
gmitoi: posts big blind $0.05
*** HOLE CARDS ***
Dealt to Dorex2007 [6c 9d]
tanyaa1956: folds 
CrownRoyalFTW: folds 
BluffOnTable: folds 
Dorex2007: folds 
DonD13: calls $0.03
gmitoi: checks 
*** FLOP *** [Ts Ah 8c]
DonD13: checks 
gmitoi: checks 
*** TURN *** [Ts Ah 8c] [3h]
DonD13: checks 
gmitoi: checks 
*** RIVER *** [Ts Ah 8c 3h] [2d]
DonD13: checks 
gmitoi: checks 
*** SHOW DOWN ***
DonD13: shows [7c 6d] (high card Ace)
gmitoi: shows [4s 9c] (high card Ace - Ten+Nine kicker)
gmitoi collected $0.10 from pot
*** SUMMARY ***
Total pot $0.10 | Rake $0 
Board [Ts Ah 8c 3h 2d]
Seat 1: CrownRoyalFTW folded before Flop (didn't bet)
Seat 4: BluffOnTable folded before Flop (didn't bet)
Seat 5: Dorex2007 (button) folded before Flop (didn't bet)
Seat 7: DonD13 (small blind) showed [7c 6d] and lost with high card Ace
Seat 8: gmitoi (big blind) showed [4s 9c] and won ($0.10) with high card Ace
Seat 9: tanyaa1956 folded before Flop (didn't bet)



PokerStars Hand #238075602865:  Hold'em No Limit ($0.02/$0.05 USD) - 2022/08/18 16:40:17 PT [2022/08/18 19:40:17 ET]
Table 'Appella III' 9-max Seat #7 is the button
Seat 1: CrownRoyalFTW ($5 in chips) 
Seat 4: BluffOnTable ($5 in chips) 
Seat 5: Dorex2007 ($5 in chips) 
Seat 7: DonD13 ($6.06 in chips) 
Seat 8: gmitoi ($10.54 in chips) 
gmitoi: posts small blind $0.02
tanyaa1956: is sitting out 
CrownRoyalFTW: posts big blind $0.05
*** HOLE CARDS ***
Dealt to Dorex2007 [Js 2h]
BluffOnTable: folds 
Dorex2007: folds 
DonD13: folds 
gmitoi: folds 
Uncalled bet ($0.03) returned to CrownRoyalFTW
tanyaa1956 leaves the table
CrownRoyalFTW collected $0.04 from pot
CrownRoyalFTW: doesn't show hand 
*** SUMMARY ***
Total pot $0.04 | Rake $0 
Seat 1: CrownRoyalFTW (big blind) collected ($0.04)
Seat 4: BluffOnTable folded before Flop (didn't bet)
Seat 5: Dorex2007 folded before Flop (didn't bet)
Seat 7: DonD13 (button) folded before Flop (didn't bet)
Seat 8: gmitoi (small blind) folded before Flop



PokerStars Hand #238075605096:  Hold'em No Limit ($0.02/$0.05 USD) - 2022/08/18 16:40:26 PT [2022/08/18 19:40:26 ET]
Table 'Appella III' 9-max Seat #8 is the button
Seat 1: CrownRoyalFTW ($5.02 in chips) 
Seat 4: BluffOnTable ($5 in chips) 
Seat 5: Dorex2007 ($5 in chips) 
Seat 7: DonD13 ($6.06 in chips) 
Seat 8: gmitoi ($10.52 in chips) 
CrownRoyalFTW: posts small blind $0.02
BluffOnTable: posts big blind $0.05
*** HOLE CARDS ***
Dealt to Dorex2007 [Jh 5h]
Dorex2007: folds 
DonD13: folds 
gmitoi: folds 
CrownRoyalFTW: calls $0.03
BluffOnTable: checks 
*** FLOP *** [8c 8d 7s]
CrownRoyalFTW: bets $0.05
BluffOnTable: folds 
Uncalled bet ($0.05) returned to CrownRoyalFTW
CrownRoyalFTW collected $0.10 from pot
CrownRoyalFTW: doesn't show hand 
*** SUMMARY ***
Total pot $0.10 | Rake $0 
Board [8c 8d 7s]
Seat 1: CrownRoyalFTW (small blind) collected ($0.10)
Seat 4: BluffOnTable (big blind) folded on the Flop
Seat 5: Dorex2007 folded before Flop (didn't bet)
Seat 7: DonD13 folded before Flop (didn't bet)
Seat 8: gmitoi (button) folded before Flop (didn't bet)



PokerStars Hand #238075610718:  Hold'em No Limit ($0.02/$0.05 USD) - 2022/08/18 16:40:47 PT [2022/08/18 19:40:47 ET]
Table 'Appella III' 9-max Seat #1 is the button
Seat 1: CrownRoyalFTW ($5.07 in chips) 
Seat 4: BluffOnTable ($5 in chips) 
Seat 5: Dorex2007 ($5 in chips) 
Seat 7: DonD13 ($6.06 in chips) 
Seat 8: gmitoi ($10.52 in chips) 
BluffOnTable: posts small blind $0.02
Dorex2007: posts big blind $0.05
*** HOLE CARDS ***
Dealt to Dorex2007 [9d Ts]
DonD13: folds 
gmitoi: folds 
CrownRoyalFTW: raises $0.10 to $0.15
DonD13 leaves the table
BluffOnTable: folds 
Dorex2007: folds 
Uncalled bet ($0.10) returned to CrownRoyalFTW
CrownRoyalFTW collected $0.12 from pot
CrownRoyalFTW: doesn't show hand 
*** SUMMARY ***
Total pot $0.12 | Rake $0 
Seat 1: CrownRoyalFTW (button) collected ($0.12)
Seat 4: BluffOnTable (small blind) folded before Flop
Seat 5: Dorex2007 (big blind) folded before Flop
Seat 7: DonD13 folded before Flop (didn't bet)
Seat 8: gmitoi folded before Flop (didn't bet)



PokerStars Hand #238075613801:  Hold'em No Limit ($0.02/$0.05 USD) - 2022/08/18 16:40:59 PT [2022/08/18 19:40:59 ET]
Table 'Appella III' 9-max Seat #4 is the button
Seat 1: CrownRoyalFTW ($5.14 in chips) 
Seat 4: BluffOnTable ($5 in chips) 
Seat 5: Dorex2007 ($5 in chips) 
Seat 8: gmitoi ($10.52 in chips) 
Dorex2007: posts small blind $0.02
gmitoi: posts big blind $0.05
*** HOLE CARDS ***
Dealt to Dorex2007 [4c 4h]
CrownRoyalFTW: folds 
BluffOnTable: raises $0.10 to $0.15
Dorex2007: calls $0.13
gmitoi: calls $0.10
*** FLOP *** [Th 8s 5h]
Dorex2007: checks 
gmitoi: checks 
BluffOnTable: checks 
*** TURN *** [Th 8s 5h] [5c]
Dorex2007: bets $0.21
gmitoi: folds 
BluffOnTable: folds 
Uncalled bet ($0.21) returned to Dorex2007
Dorex2007 collected $0.43 from pot
Dorex2007: doesn't show hand 
*** SUMMARY ***
Total pot $0.45 | Rake $0.02 
Board [Th 8s 5h 5c]
Seat 1: CrownRoyalFTW folded before Flop (didn't bet)
Seat 4: BluffOnTable (button) folded on the Turn
Seat 5: Dorex2007 (small blind) collected ($0.43)
Seat 8: gmitoi (big blind) folded on the Turn



PokerStars Hand #238075622282:  Hold'em No Limit ($0.02/$0.05 USD) - 2022/08/18 16:41:32 PT [2022/08/18 19:41:32 ET]
Table 'Appella III' 9-max Seat #5 is the button
Seat 1: CrownRoyalFTW ($5.14 in chips) 
Seat 4: BluffOnTable ($5 in chips) 
Seat 5: Dorex2007 ($5.28 in chips) 
gmitoi leaves the table
CrownRoyalFTW: posts small blind $0.02
BluffOnTable: posts big blind $0.05
*** HOLE CARDS ***
Dealt to Dorex2007 [7c 7s]
Dorex2007: calls $0.05
CrownRoyalFTW: folds 
BluffOnTable: checks 
*** FLOP *** [9d Ac Ks]
BluffOnTable: checks 
Dorex2007: checks 
*** TURN *** [9d Ac Ks] [3d]
BluffOnTable: checks 
Dorex2007: checks 
*** RIVER *** [9d Ac Ks 3d] [Tc]
BluffOnTable: checks 
Dorex2007: checks 
*** SHOW DOWN ***
BluffOnTable: shows [4h Js] (high card Ace)
Dorex2007: shows [7c 7s] (a pair of Sevens)
Dorex2007 collected $0.12 from pot
*** SUMMARY ***
Total pot $0.12 | Rake $0 
Board [9d Ac Ks 3d Tc]
Seat 1: CrownRoyalFTW (small blind) folded before Flop
Seat 4: BluffOnTable (big blind) showed [4h Js] and lost with high card Ace
Seat 5: Dorex2007 (button) showed [7c 7s] and won ($0.12) with a pair of Sevens



