PokerStars Hand #233633872521:  Hold'em No Limit ($0.01/$0.02 USD) - 2022/01/30 14:10:08 PT [2022/01/30 17:10:08 ET]
Table 'Fidelio II' 9-max Seat #9 is the button
Seat 2: Ronaldo Lessa B ($0.93 in chips) 
Seat 3: Parker09SA ($2.46 in chips) 
Seat 4: Zuzu1717 ($1.58 in chips) 
Seat 5: Dorex2007 ($2 in chips) 
Seat 6: alitam11 ($1.94 in chips) 
Seat 7: Krusty 013 ($2.06 in chips) 
Seat 8: M. GEBRIM ($1.60 in chips) 
Seat 9: LuisZeifer ($2 in chips) 
Ronaldo Lessa B: posts small blind $0.01
Parker09SA: posts big blind $0.02
M. GEBRIM: posts big blind $0.02
*** HOLE CARDS ***
Dealt to Dorex2007 [5h Jc]
Zuzu1717: folds 
xblondie70x joins the table at seat #1 
Dorex2007: folds 
alitam11: folds 
Krusty 013: folds 
M. GEBRIM: checks 
LuisZeifer has timed out
LuisZeifer: folds 
Ronaldo Lessa B: calls $0.01
Parker09SA: checks 
*** FLOP *** [3c Jd Js]
Ronaldo Lessa B: checks 
Parker09SA: checks 
M. GEBRIM: checks 
*** TURN *** [3c Jd Js] [5d]
Ronaldo Lessa B: checks 
Parker09SA: checks 
M. GEBRIM: checks 
*** RIVER *** [3c Jd Js 5d] [6s]
Ronaldo Lessa B: checks 
Parker09SA: checks 
M. GEBRIM: checks 
*** SHOW DOWN ***
Ronaldo Lessa B: shows [9h 8s] (a pair of Jacks)
Parker09SA: shows [8d Tc] (a pair of Jacks - Ten kicker)
M. GEBRIM: shows [2c Kc] (a pair of Jacks - King kicker)
M. GEBRIM collected $0.06 from pot
*** SUMMARY ***
Total pot $0.06 | Rake $0 
Board [3c Jd Js 5d 6s]
Seat 2: Ronaldo Lessa B (small blind) showed [9h 8s] and lost with a pair of Jacks
Seat 3: Parker09SA (big blind) showed [8d Tc] and lost with a pair of Jacks
Seat 4: Zuzu1717 folded before Flop (didn't bet)
Seat 5: Dorex2007 folded before Flop (didn't bet)
Seat 6: alitam11 folded before Flop (didn't bet)
Seat 7: Krusty 013 folded before Flop (didn't bet)
Seat 8: M. GEBRIM showed [2c Kc] and won ($0.06) with a pair of Jacks
Seat 9: LuisZeifer (button) folded before Flop (didn't bet)



PokerStars Hand #233633913592:  Hold'em No Limit ($0.01/$0.02 USD) - 2022/01/30 14:11:19 PT [2022/01/30 17:11:19 ET]
Table 'Fidelio II' 9-max Seat #2 is the button
Seat 2: Ronaldo Lessa B ($0.91 in chips) 
Seat 3: Parker09SA ($2.44 in chips) 
Seat 4: Zuzu1717 ($1.58 in chips) 
Seat 5: Dorex2007 ($2 in chips) 
Seat 6: alitam11 ($1.94 in chips) 
Seat 7: Krusty 013 ($2.06 in chips) 
Seat 8: M. GEBRIM ($1.64 in chips) 
Seat 9: LuisZeifer ($2 in chips) 
Parker09SA: posts small blind $0.01
Zuzu1717: posts big blind $0.02
xblondie70x: sits out 
*** HOLE CARDS ***
Dealt to Dorex2007 [Qh 3d]
Dorex2007: folds 
alitam11: folds 
Krusty 013: folds 
M. GEBRIM: folds 
LuisZeifer: folds 
Ronaldo Lessa B: folds 
Parker09SA: folds 
Uncalled bet ($0.01) returned to Zuzu1717
Zuzu1717 collected $0.02 from pot
Zuzu1717: doesn't show hand 
*** SUMMARY ***
Total pot $0.02 | Rake $0 
Seat 2: Ronaldo Lessa B (button) folded before Flop (didn't bet)
Seat 3: Parker09SA (small blind) folded before Flop
Seat 4: Zuzu1717 (big blind) collected ($0.02)
Seat 5: Dorex2007 folded before Flop (didn't bet)
Seat 6: alitam11 folded before Flop (didn't bet)
Seat 7: Krusty 013 folded before Flop (didn't bet)
Seat 8: M. GEBRIM folded before Flop (didn't bet)
Seat 9: LuisZeifer folded before Flop (didn't bet)



PokerStars Hand #233633921685:  Hold'em No Limit ($0.01/$0.02 USD) - 2022/01/30 14:11:33 PT [2022/01/30 17:11:33 ET]
Table 'Fidelio II' 9-max Seat #3 is the button
Seat 1: xblondie70x ($2 in chips) 
Seat 2: Ronaldo Lessa B ($0.91 in chips) 
Seat 3: Parker09SA ($2.43 in chips) 
Seat 4: Zuzu1717 ($1.59 in chips) 
Seat 5: Dorex2007 ($2 in chips) 
Seat 6: alitam11 ($1.94 in chips) 
Seat 7: Krusty 013 ($2.06 in chips) 
Seat 8: M. GEBRIM ($1.64 in chips) 
Seat 9: LuisZeifer ($2 in chips) 
Zuzu1717: posts small blind $0.01
Dorex2007: posts big blind $0.02
xblondie70x: posts big blind $0.02
*** HOLE CARDS ***
Dealt to Dorex2007 [6c 5s]
alitam11: folds 
Krusty 013: folds 
M. GEBRIM: calls $0.02
LuisZeifer: folds 
xblondie70x: checks 
Ronaldo Lessa B: folds 
Parker09SA: calls $0.02
Zuzu1717: folds 
Dorex2007: checks 
*** FLOP *** [3h Tc Qd]
Dorex2007: checks 
M. GEBRIM: checks 
xblondie70x: checks 
Parker09SA: checks 
*** TURN *** [3h Tc Qd] [Th]
Dorex2007: checks 
M. GEBRIM: checks 
xblondie70x: checks 
Parker09SA: bets $0.05
Dorex2007: folds 
M. GEBRIM: folds 
xblondie70x: folds 
Uncalled bet ($0.05) returned to Parker09SA
Parker09SA collected $0.09 from pot
*** SUMMARY ***
Total pot $0.09 | Rake $0 
Board [3h Tc Qd Th]
Seat 1: xblondie70x folded on the Turn (didn't bet)
Seat 2: Ronaldo Lessa B folded before Flop (didn't bet)
Seat 3: Parker09SA (button) collected ($0.09)
Seat 4: Zuzu1717 (small blind) folded before Flop
Seat 5: Dorex2007 (big blind) folded on the Turn
Seat 6: alitam11 folded before Flop (didn't bet)
Seat 7: Krusty 013 folded before Flop (didn't bet)
Seat 8: M. GEBRIM folded on the Turn
Seat 9: LuisZeifer folded before Flop (didn't bet)



PokerStars Hand #233633958813:  Hold'em No Limit ($0.01/$0.02 USD) - 2022/01/30 14:12:36 PT [2022/01/30 17:12:36 ET]
Table 'Fidelio II' 9-max Seat #4 is the button
Seat 1: xblondie70x ($1.98 in chips) 
Seat 2: Ronaldo Lessa B ($0.91 in chips) 
Seat 3: Parker09SA ($2.50 in chips) 
Seat 4: Zuzu1717 ($1.58 in chips) 
Seat 5: Dorex2007 ($2 in chips) 
Seat 6: alitam11 ($1.94 in chips) 
Seat 7: Krusty 013 ($2.06 in chips) 
Seat 8: M. GEBRIM ($1.62 in chips) 
Seat 9: LuisZeifer ($2 in chips) 
Dorex2007: posts small blind $0.01
alitam11: posts big blind $0.02
*** HOLE CARDS ***
Dealt to Dorex2007 [8c 5c]
Krusty 013: folds 
M. GEBRIM: calls $0.02
LuisZeifer: folds 
xblondie70x: calls $0.02
Ronaldo Lessa B: folds 
Parker09SA: raises $0.14 to $0.16
Zuzu1717: folds 
Dorex2007: folds 
alitam11: folds 
M. GEBRIM: folds 
xblondie70x: folds 
Uncalled bet ($0.14) returned to Parker09SA
Parker09SA collected $0.09 from pot
*** SUMMARY ***
Total pot $0.09 | Rake $0 
Seat 1: xblondie70x folded before Flop
Seat 2: Ronaldo Lessa B folded before Flop (didn't bet)
Seat 3: Parker09SA collected ($0.09)
Seat 4: Zuzu1717 (button) folded before Flop (didn't bet)
Seat 5: Dorex2007 (small blind) folded before Flop
Seat 6: alitam11 (big blind) folded before Flop
Seat 7: Krusty 013 folded before Flop (didn't bet)
Seat 8: M. GEBRIM folded before Flop
Seat 9: LuisZeifer folded before Flop (didn't bet)



PokerStars Hand #233633980201:  Hold'em No Limit ($0.01/$0.02 USD) - 2022/01/30 14:13:00 PT [2022/01/30 17:13:00 ET]
Table 'Fidelio II' 9-max Seat #5 is the button
Seat 1: xblondie70x ($1.96 in chips) 
Seat 2: Ronaldo Lessa B ($0.91 in chips) 
Seat 3: Parker09SA ($2.57 in chips) 
Seat 4: Zuzu1717 ($1.58 in chips) 
Seat 5: Dorex2007 ($2 in chips) 
Seat 6: alitam11 ($1.92 in chips) 
Seat 7: Krusty 013 ($2.06 in chips) 
Seat 8: M. GEBRIM ($1.60 in chips) 
Seat 9: LuisZeifer ($2 in chips) 
alitam11: posts small blind $0.01
Krusty 013: posts big blind $0.02
*** HOLE CARDS ***
Dealt to Dorex2007 [Tc 9c]
M. GEBRIM: calls $0.02
LuisZeifer: folds 
xblondie70x: folds 
Ronaldo Lessa B: calls $0.02
Parker09SA: folds 
Zuzu1717: folds 
Dorex2007: folds 
alitam11: folds 
Krusty 013: checks 
*** FLOP *** [Jd 7h 3s]
Krusty 013: checks 
M. GEBRIM: checks 
Ronaldo Lessa B: bets $0.04
Krusty 013: folds 
M. GEBRIM: folds 
Uncalled bet ($0.04) returned to Ronaldo Lessa B
Ronaldo Lessa B collected $0.07 from pot
Ronaldo Lessa B: doesn't show hand 
*** SUMMARY ***
Total pot $0.07 | Rake $0 
Board [Jd 7h 3s]
Seat 1: xblondie70x folded before Flop (didn't bet)
Seat 2: Ronaldo Lessa B collected ($0.07)
Seat 3: Parker09SA folded before Flop (didn't bet)
Seat 4: Zuzu1717 folded before Flop (didn't bet)
Seat 5: Dorex2007 (button) folded before Flop (didn't bet)
Seat 6: alitam11 (small blind) folded before Flop
Seat 7: Krusty 013 (big blind) folded on the Flop
Seat 8: M. GEBRIM folded on the Flop
Seat 9: LuisZeifer folded before Flop (didn't bet)



PokerStars Hand #233634002103:  Hold'em No Limit ($0.01/$0.02 USD) - 2022/01/30 14:13:38 PT [2022/01/30 17:13:38 ET]
Table 'Fidelio II' 9-max Seat #6 is the button
Seat 1: xblondie70x ($1.96 in chips) 
Seat 2: Ronaldo Lessa B ($0.96 in chips) 
Seat 3: Parker09SA ($2.57 in chips) 
Seat 4: Zuzu1717 ($1.58 in chips) 
Seat 5: Dorex2007 ($2 in chips) 
Seat 6: alitam11 ($1.91 in chips) 
Seat 7: Krusty 013 ($2.04 in chips) 
Seat 8: M. GEBRIM ($1.58 in chips) 
Seat 9: LuisZeifer ($2 in chips) 
Krusty 013: posts small blind $0.01
M. GEBRIM: posts big blind $0.02
*** HOLE CARDS ***
Dealt to Dorex2007 [9c 3s]
LuisZeifer: folds 
xblondie70x: calls $0.02
Ronaldo Lessa B: folds 
Parker09SA: calls $0.02
Zuzu1717: folds 
Dorex2007: folds 
alitam11: raises $0.09 to $0.11
Krusty 013: folds 
M. GEBRIM: calls $0.09
xblondie70x: folds 
Parker09SA: calls $0.09
*** FLOP *** [2d 5h 3c]
M. GEBRIM: checks 
Parker09SA: checks 
alitam11: checks 
*** TURN *** [2d 5h 3c] [Kd]
M. GEBRIM: checks 
Parker09SA: bets $0.18
alitam11: folds 
M. GEBRIM: calls $0.18
*** RIVER *** [2d 5h 3c Kd] [As]
M. GEBRIM: checks 
Parker09SA: checks 
*** SHOW DOWN ***
M. GEBRIM: shows [6h 4h] (a straight, Deuce to Six)
Parker09SA: mucks hand 
M. GEBRIM collected $0.69 from pot
*** SUMMARY ***
Total pot $0.72 | Rake $0.03 
Board [2d 5h 3c Kd As]
Seat 1: xblondie70x folded before Flop
Seat 2: Ronaldo Lessa B folded before Flop (didn't bet)
Seat 3: Parker09SA mucked [Tc Kc]
Seat 4: Zuzu1717 folded before Flop (didn't bet)
Seat 5: Dorex2007 folded before Flop (didn't bet)
Seat 6: alitam11 (button) folded on the Turn
Seat 7: Krusty 013 (small blind) folded before Flop
Seat 8: M. GEBRIM (big blind) showed [6h 4h] and won ($0.69) with a straight, Deuce to Six
Seat 9: LuisZeifer folded before Flop (didn't bet)



PokerStars Hand #233634053616:  Hold'em No Limit ($0.01/$0.02 USD) - 2022/01/30 14:15:08 PT [2022/01/30 17:15:08 ET]
Table 'Fidelio II' 9-max Seat #7 is the button
Seat 1: xblondie70x ($1.94 in chips) 
Seat 2: Ronaldo Lessa B ($0.96 in chips) 
Seat 3: Parker09SA ($2.28 in chips) 
Seat 4: Zuzu1717 ($1.58 in chips) 
Seat 5: Dorex2007 ($2 in chips) 
Seat 6: alitam11 ($1.80 in chips) 
Seat 7: Krusty 013 ($2.03 in chips) 
Seat 8: M. GEBRIM ($1.98 in chips) 
Seat 9: LuisZeifer ($2 in chips) 
M. GEBRIM: posts small blind $0.01
LuisZeifer: posts big blind $0.02
*** HOLE CARDS ***
Dealt to Dorex2007 [Qh Ah]
xblondie70x: raises $0.02 to $0.04
Ronaldo Lessa B: folds 
Parker09SA: folds 
Zuzu1717: folds 
Dorex2007: calls $0.04
alitam11: folds 
Krusty 013: calls $0.04
M. GEBRIM: calls $0.03
LuisZeifer: folds 
*** FLOP *** [6c 9c 9d]
M. GEBRIM: checks 
xblondie70x: bets $0.08
Dorex2007: folds 
Krusty 013: folds 
M. GEBRIM: folds 
Uncalled bet ($0.08) returned to xblondie70x
xblondie70x collected $0.17 from pot
xblondie70x: doesn't show hand 
*** SUMMARY ***
Total pot $0.18 | Rake $0.01 
Board [6c 9c 9d]
Seat 1: xblondie70x collected ($0.17)
Seat 2: Ronaldo Lessa B folded before Flop (didn't bet)
Seat 3: Parker09SA folded before Flop (didn't bet)
Seat 4: Zuzu1717 folded before Flop (didn't bet)
Seat 5: Dorex2007 folded on the Flop
Seat 6: alitam11 folded before Flop (didn't bet)
Seat 7: Krusty 013 (button) folded on the Flop
Seat 8: M. GEBRIM (small blind) folded on the Flop
Seat 9: LuisZeifer (big blind) folded before Flop



PokerStars Hand #233634078734:  Hold'em No Limit ($0.01/$0.02 USD) - 2022/01/30 14:15:52 PT [2022/01/30 17:15:52 ET]
Table 'Fidelio II' 9-max Seat #9 is the button
Seat 1: xblondie70x ($2.07 in chips) 
Seat 2: Ronaldo Lessa B ($0.96 in chips) 
Seat 3: Parker09SA ($2.28 in chips) 
Seat 4: Zuzu1717 ($1.58 in chips) 
Seat 5: Dorex2007 ($2 in chips) 
Seat 6: alitam11 ($1.80 in chips) 
Seat 7: Krusty 013 ($2 in chips) 
Seat 9: LuisZeifer ($1.98 in chips) 
xblondie70x: posts small blind $0.01
Ronaldo Lessa B: posts big blind $0.02
*** HOLE CARDS ***
Dealt to Dorex2007 [3d Kd]
Parker09SA: folds 
Zuzu1717: folds 
Dorex2007: folds 
alitam11: raises $0.03 to $0.05
Krusty 013: folds 
LuisZeifer: calls $0.05
xblondie70x: calls $0.04
Ronaldo Lessa B: folds 
*** FLOP *** [7s 5h 4s]
xblondie70x: bets $0.08
alitam11: folds 
LuisZeifer: raises $0.08 to $0.16
xblondie70x: calls $0.08
*** TURN *** [7s 5h 4s] [2s]
xblondie70x: bets $0.02
LuisZeifer: raises $0.26 to $0.28
xblondie70x: calls $0.26
*** RIVER *** [7s 5h 4s 2s] [5d]
xblondie70x: checks 
LuisZeifer: checks 
*** SHOW DOWN ***
xblondie70x: shows [6c 2d] (two pair, Fives and Deuces)
LuisZeifer: shows [Js Jc] (two pair, Jacks and Fives)
LuisZeifer collected $1 from pot
*** SUMMARY ***
Total pot $1.05 | Rake $0.05 
Board [7s 5h 4s 2s 5d]
Seat 1: xblondie70x (small blind) showed [6c 2d] and lost with two pair, Fives and Deuces
Seat 2: Ronaldo Lessa B (big blind) folded before Flop
Seat 3: Parker09SA folded before Flop (didn't bet)
Seat 4: Zuzu1717 folded before Flop (didn't bet)
Seat 5: Dorex2007 folded before Flop (didn't bet)
Seat 6: alitam11 folded on the Flop
Seat 7: Krusty 013 folded before Flop (didn't bet)
Seat 9: LuisZeifer (button) showed [Js Jc] and won ($1) with two pair, Jacks and Fives



PokerStars Hand #233634107076:  Hold'em No Limit ($0.01/$0.02 USD) - 2022/01/30 14:16:41 PT [2022/01/30 17:16:41 ET]
Table 'Fidelio II' 9-max Seat #1 is the button
Seat 1: xblondie70x ($1.58 in chips) 
Seat 2: Ronaldo Lessa B ($0.94 in chips) 
Seat 3: Parker09SA ($2.28 in chips) 
Seat 4: Zuzu1717 ($1.58 in chips) 
Seat 5: Dorex2007 ($2 in chips) 
Seat 6: alitam11 ($1.75 in chips) 
Seat 7: Krusty 013 ($2 in chips) 
Seat 9: LuisZeifer ($2.49 in chips) 
Ronaldo Lessa B: posts small blind $0.01
Parker09SA: posts big blind $0.02
*** HOLE CARDS ***
Dealt to Dorex2007 [Ks Qc]
M. GEBRIM is disconnected 
Zuzu1717: folds 
Dorex2007: raises $0.02 to $0.04
alitam11: folds 
Krusty 013: folds 
LuisZeifer: calls $0.04
xblondie70x: raises $0.20 to $0.24
Ronaldo Lessa B: folds 
Parker09SA: folds 
Dorex2007: folds 
LuisZeifer: folds 
Uncalled bet ($0.20) returned to xblondie70x
xblondie70x collected $0.15 from pot
xblondie70x: doesn't show hand 
*** SUMMARY ***
Total pot $0.15 | Rake $0 
Seat 1: xblondie70x (button) collected ($0.15)
Seat 2: Ronaldo Lessa B (small blind) folded before Flop
Seat 3: Parker09SA (big blind) folded before Flop
Seat 4: Zuzu1717 folded before Flop (didn't bet)
Seat 5: Dorex2007 folded before Flop
Seat 6: alitam11 folded before Flop (didn't bet)
Seat 7: Krusty 013 folded before Flop (didn't bet)
Seat 9: LuisZeifer folded before Flop



PokerStars Hand #233634140320:  Hold'em No Limit ($0.01/$0.02 USD) - 2022/01/30 14:17:39 PT [2022/01/30 17:17:39 ET]
Table 'Fidelio II' 9-max Seat #2 is the button
Seat 1: xblondie70x ($1.69 in chips) 
Seat 2: Ronaldo Lessa B ($0.93 in chips) 
Seat 3: Parker09SA ($2.26 in chips) 
Seat 4: Zuzu1717 ($1.58 in chips) 
Seat 5: Dorex2007 ($2 in chips) 
Seat 6: alitam11 ($1.75 in chips) 
Seat 7: Krusty 013 ($2 in chips) 
Seat 9: LuisZeifer ($2.45 in chips) 
Parker09SA: posts small blind $0.01
Zuzu1717: posts big blind $0.02
*** HOLE CARDS ***
Dealt to Dorex2007 [Jh 9h]
Dorex2007: folds 
alitam11: folds 
Krusty 013: folds 
LuisZeifer: folds 
xblondie70x: raises $0.05 to $0.07
Ronaldo Lessa B: folds 
Parker09SA: raises $0.16 to $0.23
Zuzu1717: folds 
xblondie70x: calls $0.16
*** FLOP *** [6h 7s 6d]
Parker09SA: checks 
xblondie70x: bets $0.46
Parker09SA: folds 
Uncalled bet ($0.46) returned to xblondie70x
xblondie70x collected $0.46 from pot
xblondie70x: doesn't show hand 
*** SUMMARY ***
Total pot $0.48 | Rake $0.02 
Board [6h 7s 6d]
Seat 1: xblondie70x collected ($0.46)
Seat 2: Ronaldo Lessa B (button) folded before Flop (didn't bet)
Seat 3: Parker09SA (small blind) folded on the Flop
Seat 4: Zuzu1717 (big blind) folded before Flop
Seat 5: Dorex2007 folded before Flop (didn't bet)
Seat 6: alitam11 folded before Flop (didn't bet)
Seat 7: Krusty 013 folded before Flop (didn't bet)
Seat 9: LuisZeifer folded before Flop (didn't bet)



PokerStars Hand #233634165400:  Hold'em No Limit ($0.01/$0.02 USD) - 2022/01/30 14:18:22 PT [2022/01/30 17:18:22 ET]
Table 'Fidelio II' 9-max Seat #3 is the button
Seat 1: xblondie70x ($1.92 in chips) 
Seat 2: Ronaldo Lessa B ($0.93 in chips) 
Seat 3: Parker09SA ($2.03 in chips) 
Seat 4: Zuzu1717 ($1.56 in chips) 
Seat 5: Dorex2007 ($2 in chips) 
Seat 6: alitam11 ($1.75 in chips) 
Seat 7: Krusty 013 ($2 in chips) 
Seat 9: LuisZeifer ($2.45 in chips) 
Zuzu1717: posts small blind $0.01
Dorex2007: posts big blind $0.02
*** HOLE CARDS ***
Dealt to Dorex2007 [9h 6d]
alitam11: folds 
Krusty 013: folds 
LuisZeifer: raises $0.02 to $0.04
xblondie70x: calls $0.04
Ronaldo Lessa B: folds 
Parker09SA: folds 
Zuzu1717: folds 
Dorex2007: folds 
*** FLOP *** [Qc 2d Kh]
LuisZeifer: bets $0.11
xblondie70x: folds 
Uncalled bet ($0.11) returned to LuisZeifer
LuisZeifer collected $0.11 from pot
*** SUMMARY ***
Total pot $0.11 | Rake $0 
Board [Qc 2d Kh]
Seat 1: xblondie70x folded on the Flop
Seat 2: Ronaldo Lessa B folded before Flop (didn't bet)
Seat 3: Parker09SA (button) folded before Flop (didn't bet)
Seat 4: Zuzu1717 (small blind) folded before Flop
Seat 5: Dorex2007 (big blind) folded before Flop
Seat 6: alitam11 folded before Flop (didn't bet)
Seat 7: Krusty 013 folded before Flop (didn't bet)
Seat 9: LuisZeifer collected ($0.11)



PokerStars Hand #233634190884:  Hold'em No Limit ($0.01/$0.02 USD) - 2022/01/30 14:19:07 PT [2022/01/30 17:19:07 ET]
Table 'Fidelio II' 9-max Seat #4 is the button
Seat 1: xblondie70x ($1.88 in chips) 
Seat 2: Ronaldo Lessa B ($0.93 in chips) 
Seat 3: Parker09SA ($2.03 in chips) 
Seat 4: Zuzu1717 ($1.55 in chips) 
Seat 5: Dorex2007 ($2 in chips) 
Seat 6: alitam11 ($1.75 in chips) 
Seat 7: Krusty 013 ($2 in chips) 
Seat 8: M. GEBRIM ($1.94 in chips) 
Seat 9: LuisZeifer ($2.52 in chips) 
Dorex2007: posts small blind $0.01
alitam11: posts big blind $0.02
*** HOLE CARDS ***
Dealt to Dorex2007 [7c Ks]
M. GEBRIM is disconnected 
Krusty 013: folds 
M. GEBRIM has timed out while disconnected
M. GEBRIM: folds 
LuisZeifer: folds 
xblondie70x: folds 
M. GEBRIM is disconnected 
Ronaldo Lessa B: folds 
Parker09SA: folds 
Zuzu1717: raises $0.04 to $0.06
Dorex2007: folds 
alitam11: folds 
Uncalled bet ($0.04) returned to Zuzu1717
Zuzu1717 collected $0.05 from pot
Zuzu1717: doesn't show hand 
*** SUMMARY ***
Total pot $0.05 | Rake $0 
Seat 1: xblondie70x folded before Flop (didn't bet)
Seat 2: Ronaldo Lessa B folded before Flop (didn't bet)
Seat 3: Parker09SA folded before Flop (didn't bet)
Seat 4: Zuzu1717 (button) collected ($0.05)
Seat 5: Dorex2007 (small blind) folded before Flop
Seat 6: alitam11 (big blind) folded before Flop
Seat 7: Krusty 013 folded before Flop (didn't bet)
Seat 8: M. GEBRIM folded before Flop (didn't bet)
Seat 9: LuisZeifer folded before Flop (didn't bet)



PokerStars Hand #233634216714:  Hold'em No Limit ($0.01/$0.02 USD) - 2022/01/30 14:19:52 PT [2022/01/30 17:19:52 ET]
Table 'Fidelio II' 9-max Seat #5 is the button
Seat 1: xblondie70x ($1.88 in chips) 
Seat 2: Ronaldo Lessa B ($0.93 in chips) 
Seat 3: Parker09SA ($2.03 in chips) 
Seat 4: Zuzu1717 ($1.58 in chips) 
Seat 5: Dorex2007 ($2 in chips) 
Seat 6: alitam11 ($1.73 in chips) 
Seat 7: Krusty 013 ($2 in chips) 
Seat 8: M. GEBRIM ($1.94 in chips) 
Seat 9: LuisZeifer ($2.52 in chips) 
alitam11: posts small blind $0.01
Krusty 013: posts big blind $0.02
*** HOLE CARDS ***
Dealt to Dorex2007 [Jh 4h]
M. GEBRIM: calls $0.02
LuisZeifer has timed out
LuisZeifer: folds 
xblondie70x: folds 
Ronaldo Lessa B: folds 
Parker09SA: folds 
Zuzu1717: folds 
Dorex2007: folds 
alitam11: folds 
Krusty 013: checks 
*** FLOP *** [9c 7s 5c]
Krusty 013: bets $0.03
M. GEBRIM: folds 
Uncalled bet ($0.03) returned to Krusty 013
Krusty 013 collected $0.05 from pot
Krusty 013: doesn't show hand 
*** SUMMARY ***
Total pot $0.05 | Rake $0 
Board [9c 7s 5c]
Seat 1: xblondie70x folded before Flop (didn't bet)
Seat 2: Ronaldo Lessa B folded before Flop (didn't bet)
Seat 3: Parker09SA folded before Flop (didn't bet)
Seat 4: Zuzu1717 folded before Flop (didn't bet)
Seat 5: Dorex2007 (button) folded before Flop (didn't bet)
Seat 6: alitam11 (small blind) folded before Flop
Seat 7: Krusty 013 (big blind) collected ($0.05)
Seat 8: M. GEBRIM folded on the Flop
Seat 9: LuisZeifer folded before Flop (didn't bet)



PokerStars Hand #233634242061:  Hold'em No Limit ($0.01/$0.02 USD) - 2022/01/30 14:20:36 PT [2022/01/30 17:20:36 ET]
Table 'Fidelio II' 9-max Seat #6 is the button
Seat 1: xblondie70x ($1.88 in chips) 
Seat 2: Ronaldo Lessa B ($0.93 in chips) 
Seat 3: Parker09SA ($2.03 in chips) 
Seat 4: Zuzu1717 ($1.58 in chips) 
Seat 5: Dorex2007 ($2 in chips) 
Seat 6: alitam11 ($1.72 in chips) 
Seat 7: Krusty 013 ($2.03 in chips) 
Seat 8: M. GEBRIM ($1.92 in chips) 
Seat 9: LuisZeifer ($2.52 in chips) 
Krusty 013: posts small blind $0.01
M. GEBRIM: posts big blind $0.02
*** HOLE CARDS ***
Dealt to Dorex2007 [Th Kc]
LuisZeifer has timed out
LuisZeifer: folds 
xblondie70x: folds 
Ronaldo Lessa B: folds 
Parker09SA: raises $0.04 to $0.06
Zuzu1717: folds 
Dorex2007: folds 
alitam11: folds 
Krusty 013: folds 
M. GEBRIM: calls $0.04
*** FLOP *** [Ts Ad 8h]
M. GEBRIM: checks 
Parker09SA: bets $0.08
M. GEBRIM: calls $0.08
*** TURN *** [Ts Ad 8h] [Kh]
M. GEBRIM: checks 
Parker09SA: bets $0.18
M. GEBRIM: calls $0.18
*** RIVER *** [Ts Ad 8h Kh] [8s]
M. GEBRIM: checks 
Parker09SA: bets $0.40
M. GEBRIM: folds 
Uncalled bet ($0.40) returned to Parker09SA
Parker09SA collected $0.63 from pot
*** SUMMARY ***
Total pot $0.65 | Rake $0.02 
Board [Ts Ad 8h Kh 8s]
Seat 1: xblondie70x folded before Flop (didn't bet)
Seat 2: Ronaldo Lessa B folded before Flop (didn't bet)
Seat 3: Parker09SA collected ($0.63)
Seat 4: Zuzu1717 folded before Flop (didn't bet)
Seat 5: Dorex2007 folded before Flop (didn't bet)
Seat 6: alitam11 (button) folded before Flop (didn't bet)
Seat 7: Krusty 013 (small blind) folded before Flop
Seat 8: M. GEBRIM (big blind) folded on the River
Seat 9: LuisZeifer folded before Flop (didn't bet)



PokerStars Hand #233634291873:  Hold'em No Limit ($0.01/$0.02 USD) - 2022/01/30 14:21:47 PT [2022/01/30 17:21:47 ET]
Table 'Fidelio II' 9-max Seat #7 is the button
Seat 1: xblondie70x ($1.88 in chips) 
Seat 2: Ronaldo Lessa B ($0.93 in chips) 
Seat 3: Parker09SA ($2.34 in chips) 
Seat 4: Zuzu1717 ($1.58 in chips) 
Seat 5: Dorex2007 ($2 in chips) 
Seat 6: alitam11 ($1.72 in chips) 
Seat 7: Krusty 013 ($2.02 in chips) 
Seat 8: M. GEBRIM ($1.60 in chips) 
Seat 9: LuisZeifer ($2.52 in chips) 
M. GEBRIM: posts small blind $0.01
LuisZeifer: posts big blind $0.02
*** HOLE CARDS ***
Dealt to Dorex2007 [9s 7c]
xblondie70x: folds 
Ronaldo Lessa B: folds 
Parker09SA: raises $0.04 to $0.06
Zuzu1717: folds 
Dorex2007: folds 
alitam11: folds 
Krusty 013: calls $0.06
M. GEBRIM: folds 
LuisZeifer: folds 
*** FLOP *** [Qd 5d 2d]
Parker09SA: bets $0.07
Krusty 013: calls $0.07
*** TURN *** [Qd 5d 2d] [8d]
Parker09SA: checks 
Krusty 013: bets $0.16
Parker09SA: calls $0.16
*** RIVER *** [Qd 5d 2d 8d] [Td]
Parker09SA: checks 
Krusty 013: checks 
*** SHOW DOWN ***
Parker09SA: shows [As Qs] (a flush, Queen high)
Krusty 013: shows [Jc Ah] (a flush, Queen high)
Parker09SA collected $0.30 from pot
Krusty 013 collected $0.29 from pot
*** SUMMARY ***
Total pot $0.61 | Rake $0.02 
Board [Qd 5d 2d 8d Td]
Seat 1: xblondie70x folded before Flop (didn't bet)
Seat 2: Ronaldo Lessa B folded before Flop (didn't bet)
Seat 3: Parker09SA showed [As Qs] and won ($0.30) with a flush, Queen high
Seat 4: Zuzu1717 folded before Flop (didn't bet)
Seat 5: Dorex2007 folded before Flop (didn't bet)
Seat 6: alitam11 folded before Flop (didn't bet)
Seat 7: Krusty 013 (button) showed [Jc Ah] and won ($0.29) with a flush, Queen high
Seat 8: M. GEBRIM (small blind) folded before Flop
Seat 9: LuisZeifer (big blind) folded before Flop



PokerStars Hand #233634311671:  Hold'em No Limit ($0.01/$0.02 USD) - 2022/01/30 14:22:22 PT [2022/01/30 17:22:22 ET]
Table 'Fidelio II' 9-max Seat #8 is the button
Seat 1: xblondie70x ($1.88 in chips) 
Seat 2: Ronaldo Lessa B ($0.93 in chips) 
Seat 3: Parker09SA ($2.35 in chips) 
Seat 4: Zuzu1717 ($1.58 in chips) 
Seat 5: Dorex2007 ($2 in chips) 
Seat 6: alitam11 ($2 in chips) 
Seat 7: Krusty 013 ($2.02 in chips) 
Seat 8: M. GEBRIM ($1.59 in chips) 
Seat 9: LuisZeifer ($2.50 in chips) 
LuisZeifer: posts small blind $0.01
xblondie70x: posts big blind $0.02
*** HOLE CARDS ***
Dealt to Dorex2007 [Qs 8c]
Ronaldo Lessa B: folds 
Parker09SA: folds 
Zuzu1717: folds 
Dorex2007: folds 
alitam11: raises $0.03 to $0.05
Krusty 013: folds 
M. GEBRIM: folds 
LuisZeifer: folds 
xblondie70x: calls $0.03
*** FLOP *** [7d Qh Qc]
xblondie70x: checks 
alitam11: checks 
*** TURN *** [7d Qh Qc] [Ad]
xblondie70x: checks 
alitam11: bets $0.06
xblondie70x: folds 
Uncalled bet ($0.06) returned to alitam11
alitam11 collected $0.11 from pot
alitam11: doesn't show hand 
*** SUMMARY ***
Total pot $0.11 | Rake $0 
Board [7d Qh Qc Ad]
Seat 1: xblondie70x (big blind) folded on the Turn
Seat 2: Ronaldo Lessa B folded before Flop (didn't bet)
Seat 3: Parker09SA folded before Flop (didn't bet)
Seat 4: Zuzu1717 folded before Flop (didn't bet)
Seat 5: Dorex2007 folded before Flop (didn't bet)
Seat 6: alitam11 collected ($0.11)
Seat 7: Krusty 013 folded before Flop (didn't bet)
Seat 8: M. GEBRIM (button) folded before Flop (didn't bet)
Seat 9: LuisZeifer (small blind) folded before Flop



PokerStars Hand #233634330148:  Hold'em No Limit ($0.01/$0.02 USD) - 2022/01/30 14:22:55 PT [2022/01/30 17:22:55 ET]
Table 'Fidelio II' 9-max Seat #9 is the button
Seat 1: xblondie70x ($1.83 in chips) 
Seat 2: Ronaldo Lessa B ($0.93 in chips) 
Seat 3: Parker09SA ($2.35 in chips) 
Seat 4: Zuzu1717 ($1.58 in chips) 
Seat 5: Dorex2007 ($2 in chips) 
Seat 6: alitam11 ($2.06 in chips) 
Seat 7: Krusty 013 ($2.02 in chips) 
Seat 8: M. GEBRIM ($1.59 in chips) 
Seat 9: LuisZeifer ($2.49 in chips) 
xblondie70x: posts small blind $0.01
Ronaldo Lessa B: posts big blind $0.02
*** HOLE CARDS ***
Dealt to Dorex2007 [Jc 5h]
Parker09SA: folds 
Zuzu1717: folds 
Dorex2007: folds 
alitam11: raises $0.03 to $0.05
Krusty 013: folds 
M. GEBRIM: calls $0.05
LuisZeifer: folds 
xblondie70x: raises $0.03 to $0.08
Ronaldo Lessa B: folds 
alitam11: calls $0.03
M. GEBRIM: calls $0.03
*** FLOP *** [Qs Kh 4s]
xblondie70x: bets $0.12
alitam11: folds 
M. GEBRIM: folds 
Uncalled bet ($0.12) returned to xblondie70x
xblondie70x collected $0.25 from pot
xblondie70x: doesn't show hand 
*** SUMMARY ***
Total pot $0.26 | Rake $0.01 
Board [Qs Kh 4s]
Seat 1: xblondie70x (small blind) collected ($0.25)
Seat 2: Ronaldo Lessa B (big blind) folded before Flop
Seat 3: Parker09SA folded before Flop (didn't bet)
Seat 4: Zuzu1717 folded before Flop (didn't bet)
Seat 5: Dorex2007 folded before Flop (didn't bet)
Seat 6: alitam11 folded on the Flop
Seat 7: Krusty 013 folded before Flop (didn't bet)
Seat 8: M. GEBRIM folded on the Flop
Seat 9: LuisZeifer (button) folded before Flop (didn't bet)



PokerStars Hand #233634361219:  Hold'em No Limit ($0.01/$0.02 USD) - 2022/01/30 14:23:40 PT [2022/01/30 17:23:40 ET]
Table 'Fidelio II' 9-max Seat #1 is the button
Seat 1: xblondie70x ($2 in chips) 
Seat 2: Ronaldo Lessa B ($0.91 in chips) 
Seat 3: Parker09SA ($2.35 in chips) 
Seat 4: Zuzu1717 ($1.58 in chips) 
Seat 5: Dorex2007 ($2 in chips) 
Seat 6: alitam11 ($1.98 in chips) 
Seat 7: Krusty 013 ($2.02 in chips) 
Seat 8: M. GEBRIM ($1.51 in chips) 
Seat 9: LuisZeifer ($2.49 in chips) 
Ronaldo Lessa B: posts small blind $0.01
Parker09SA: posts big blind $0.02
*** HOLE CARDS ***
Dealt to Dorex2007 [Qh 6h]
Zuzu1717: folds 
Dorex2007: folds 
alitam11: folds 
Krusty 013: folds 
M. GEBRIM: folds 
LuisZeifer: folds 
xblondie70x: raises $0.02 to $0.04
Ronaldo Lessa B: folds 
Parker09SA: calls $0.02
*** FLOP *** [2c 6d Kh]
Parker09SA: checks 
xblondie70x: bets $0.02
Parker09SA: folds 
Uncalled bet ($0.02) returned to xblondie70x
xblondie70x collected $0.09 from pot
xblondie70x: doesn't show hand 
*** SUMMARY ***
Total pot $0.09 | Rake $0 
Board [2c 6d Kh]
Seat 1: xblondie70x (button) collected ($0.09)
Seat 2: Ronaldo Lessa B (small blind) folded before Flop
Seat 3: Parker09SA (big blind) folded on the Flop
Seat 4: Zuzu1717 folded before Flop (didn't bet)
Seat 5: Dorex2007 folded before Flop (didn't bet)
Seat 6: alitam11 folded before Flop (didn't bet)
Seat 7: Krusty 013 folded before Flop (didn't bet)
Seat 8: M. GEBRIM folded before Flop (didn't bet)
Seat 9: LuisZeifer folded before Flop (didn't bet)



PokerStars Hand #233634375176:  Hold'em No Limit ($0.01/$0.02 USD) - 2022/01/30 14:24:06 PT [2022/01/30 17:24:06 ET]
Table 'Fidelio II' 9-max Seat #2 is the button
Seat 1: xblondie70x ($2.05 in chips) 
Seat 2: Ronaldo Lessa B ($0.90 in chips) 
Seat 3: Parker09SA ($2.31 in chips) 
Seat 4: Zuzu1717 ($1.58 in chips) 
Seat 5: Dorex2007 ($2 in chips) 
Seat 6: alitam11 ($1.98 in chips) 
Seat 7: Krusty 013 ($2.02 in chips) 
Seat 8: M. GEBRIM ($1.51 in chips) 
Seat 9: LuisZeifer ($2.49 in chips) 
Parker09SA: posts small blind $0.01
Zuzu1717: posts big blind $0.02
*** HOLE CARDS ***
Dealt to Dorex2007 [8h 6s]
Dorex2007: folds 
alitam11: folds 
Krusty 013: folds 
M. GEBRIM: folds 
LuisZeifer: folds 
xblondie70x: folds 
Ronaldo Lessa B: calls $0.02
Parker09SA: calls $0.01
Zuzu1717: checks 
*** FLOP *** [2h Kh Ad]
Parker09SA: checks 
Zuzu1717: checks 
Ronaldo Lessa B: checks 
*** TURN *** [2h Kh Ad] [8c]
Parker09SA: bets $0.03
Zuzu1717: folds 
Ronaldo Lessa B: raises $0.03 to $0.06
Parker09SA: calls $0.03
*** RIVER *** [2h Kh Ad 8c] [7d]
Parker09SA: checks 
Ronaldo Lessa B: bets $0.12
Parker09SA: calls $0.12
*** SHOW DOWN ***
Ronaldo Lessa B: shows [Kd Ks] (three of a kind, Kings)
Parker09SA: mucks hand 
Ronaldo Lessa B collected $0.41 from pot
*** SUMMARY ***
Total pot $0.42 | Rake $0.01 
Board [2h Kh Ad 8c 7d]
Seat 1: xblondie70x folded before Flop (didn't bet)
Seat 2: Ronaldo Lessa B (button) showed [Kd Ks] and won ($0.41) with three of a kind, Kings
Seat 3: Parker09SA (small blind) mucked [Ac 6c]
Seat 4: Zuzu1717 (big blind) folded on the Turn
Seat 5: Dorex2007 folded before Flop (didn't bet)
Seat 6: alitam11 folded before Flop (didn't bet)
Seat 7: Krusty 013 folded before Flop (didn't bet)
Seat 8: M. GEBRIM folded before Flop (didn't bet)
Seat 9: LuisZeifer folded before Flop (didn't bet)



PokerStars Hand #233634414918:  Hold'em No Limit ($0.01/$0.02 USD) - 2022/01/30 14:25:01 PT [2022/01/30 17:25:01 ET]
Table 'Fidelio II' 9-max Seat #3 is the button
Seat 1: xblondie70x ($2.05 in chips) 
Seat 2: Ronaldo Lessa B ($1.11 in chips) 
Seat 3: Parker09SA ($2.11 in chips) 
Seat 4: Zuzu1717 ($1.56 in chips) 
Seat 5: Dorex2007 ($2 in chips) 
Seat 6: alitam11 ($1.98 in chips) 
Seat 7: Krusty 013 ($2.02 in chips) 
Seat 8: M. GEBRIM ($1.51 in chips) 
Seat 9: LuisZeifer ($2.49 in chips) 
Zuzu1717: posts small blind $0.01
Dorex2007: posts big blind $0.02
*** HOLE CARDS ***
Dealt to Dorex2007 [7c 8s]
alitam11: raises $0.03 to $0.05
Krusty 013: raises $0.11 to $0.16
M. GEBRIM: folds 
M. GEBRIM leaves the table
LuisZeifer: folds 
xblondie70x: folds 
Ronaldo Lessa B: folds 
Parker09SA: folds 
Zuzu1717: folds 
Dorex2007: folds 
alitam11: folds 
Uncalled bet ($0.11) returned to Krusty 013
Krusty 013 collected $0.13 from pot
Krusty 013: doesn't show hand 
*** SUMMARY ***
Total pot $0.13 | Rake $0 
Seat 1: xblondie70x folded before Flop (didn't bet)
Seat 2: Ronaldo Lessa B folded before Flop (didn't bet)
Seat 3: Parker09SA (button) folded before Flop (didn't bet)
Seat 4: Zuzu1717 (small blind) folded before Flop
Seat 5: Dorex2007 (big blind) folded before Flop
Seat 6: alitam11 folded before Flop
Seat 7: Krusty 013 collected ($0.13)
Seat 8: M. GEBRIM folded before Flop (didn't bet)
Seat 9: LuisZeifer folded before Flop (didn't bet)



PokerStars Hand #233634437917:  Hold'em No Limit ($0.01/$0.02 USD) - 2022/01/30 14:25:42 PT [2022/01/30 17:25:42 ET]
Table 'Fidelio II' 9-max Seat #4 is the button
Seat 1: xblondie70x ($2.05 in chips) 
Seat 2: Ronaldo Lessa B ($1.11 in chips) 
Seat 3: Parker09SA ($2.11 in chips) 
Seat 4: Zuzu1717 ($1.55 in chips) 
Seat 5: Dorex2007 ($2 in chips) 
Seat 6: alitam11 ($1.93 in chips) 
Seat 7: Krusty 013 ($2.10 in chips) 
Seat 9: LuisZeifer ($2.49 in chips) 
Dorex2007: posts small blind $0.01
alitam11: posts big blind $0.02
*** HOLE CARDS ***
Dealt to Dorex2007 [3d Ks]
Krusty 013: folds 
LuisZeifer: folds 
xblondie70x: calls $0.02
Ronaldo Lessa B: folds 
Parker09SA: folds 
Zuzu1717: folds 
Dorex2007: calls $0.01
alitam11: checks 
*** FLOP *** [4c 9s 2s]
Dorex2007: checks 
alitam11: checks 
xblondie70x: checks 
*** TURN *** [4c 9s 2s] [Qh]
Dorex2007: checks 
alitam11: checks 
xblondie70x: checks 
*** RIVER *** [4c 9s 2s Qh] [Js]
Dorex2007: checks 
alitam11: checks 
xblondie70x: checks 
*** SHOW DOWN ***
Dorex2007: shows [3d Ks] (high card King)
alitam11: shows [3c 4s] (a pair of Fours)
xblondie70x: mucks hand 
alitam11 collected $0.06 from pot
*** SUMMARY ***
Total pot $0.06 | Rake $0 
Board [4c 9s 2s Qh Js]
Seat 1: xblondie70x mucked [8d Kd]
Seat 2: Ronaldo Lessa B folded before Flop (didn't bet)
Seat 3: Parker09SA folded before Flop (didn't bet)
Seat 4: Zuzu1717 (button) folded before Flop (didn't bet)
Seat 5: Dorex2007 (small blind) showed [3d Ks] and lost with high card King
Seat 6: alitam11 (big blind) showed [3c 4s] and won ($0.06) with a pair of Fours
Seat 7: Krusty 013 folded before Flop (didn't bet)
Seat 9: LuisZeifer folded before Flop (didn't bet)



PokerStars Hand #233634464697:  Hold'em No Limit ($0.01/$0.02 USD) - 2022/01/30 14:26:29 PT [2022/01/30 17:26:29 ET]
Table 'Fidelio II' 9-max Seat #5 is the button
Seat 1: xblondie70x ($2.03 in chips) 
Seat 2: Ronaldo Lessa B ($1.11 in chips) 
Seat 3: Parker09SA ($2.11 in chips) 
Seat 4: Zuzu1717 ($1.55 in chips) 
Seat 5: Dorex2007 ($2 in chips) 
Seat 6: alitam11 ($1.97 in chips) 
Seat 7: Krusty 013 ($2.10 in chips) 
Seat 9: LuisZeifer ($2.49 in chips) 
alitam11: posts small blind $0.01
Krusty 013: posts big blind $0.02
*** HOLE CARDS ***
Dealt to Dorex2007 [8d Kc]
LuisZeifer: folds 
xblondie70x: folds 
Ronaldo Lessa B: folds 
Parker09SA: raises $0.04 to $0.06
Zuzu1717: folds 
Dorex2007: folds 
alitam11: calls $0.05
Krusty 013: folds 
*** FLOP *** [Qh 2d 6d]
alitam11: checks 
Parker09SA: checks 
*** TURN *** [Qh 2d 6d] [Jc]
alitam11: checks 
Parker09SA: bets $0.07
alitam11: folds 
Uncalled bet ($0.07) returned to Parker09SA
Parker09SA collected $0.14 from pot
*** SUMMARY ***
Total pot $0.14 | Rake $0 
Board [Qh 2d 6d Jc]
Seat 1: xblondie70x folded before Flop (didn't bet)
Seat 2: Ronaldo Lessa B folded before Flop (didn't bet)
Seat 3: Parker09SA collected ($0.14)
Seat 4: Zuzu1717 folded before Flop (didn't bet)
Seat 5: Dorex2007 (button) folded before Flop (didn't bet)
Seat 6: alitam11 (small blind) folded on the Turn
Seat 7: Krusty 013 (big blind) folded before Flop
Seat 9: LuisZeifer folded before Flop (didn't bet)



PokerStars Hand #233634485687:  Hold'em No Limit ($0.01/$0.02 USD) - 2022/01/30 14:27:07 PT [2022/01/30 17:27:07 ET]
Table 'Fidelio II' 9-max Seat #6 is the button
Seat 1: xblondie70x ($2.03 in chips) 
Seat 2: Ronaldo Lessa B ($1.11 in chips) 
Seat 3: Parker09SA ($2.19 in chips) 
Seat 4: Zuzu1717 ($1.55 in chips) 
Seat 5: Dorex2007 ($2 in chips) 
Seat 6: alitam11 ($1.91 in chips) 
Seat 7: Krusty 013 ($2.08 in chips) 
Seat 9: LuisZeifer ($2.49 in chips) 
Krusty 013: posts small blind $0.01
LuisZeifer: posts big blind $0.02
*** HOLE CARDS ***
Dealt to Dorex2007 [7c Jh]
xblondie70x: folds 
Ronaldo Lessa B: folds 
Parker09SA: raises $0.04 to $0.06
Zuzu1717: folds 
Dorex2007: folds 
alitam11: folds 
Krusty 013: folds 
LuisZeifer: folds 
Uncalled bet ($0.04) returned to Parker09SA
Parker09SA collected $0.05 from pot
*** SUMMARY ***
Total pot $0.05 | Rake $0 
Seat 1: xblondie70x folded before Flop (didn't bet)
Seat 2: Ronaldo Lessa B folded before Flop (didn't bet)
Seat 3: Parker09SA collected ($0.05)
Seat 4: Zuzu1717 folded before Flop (didn't bet)
Seat 5: Dorex2007 folded before Flop (didn't bet)
Seat 6: alitam11 (button) folded before Flop (didn't bet)
Seat 7: Krusty 013 (small blind) folded before Flop
Seat 9: LuisZeifer (big blind) folded before Flop



PokerStars Hand #233634495666:  Hold'em No Limit ($0.01/$0.02 USD) - 2022/01/30 14:27:24 PT [2022/01/30 17:27:24 ET]
Table 'Fidelio II' 9-max Seat #7 is the button
Seat 1: xblondie70x ($2.03 in chips) 
Seat 2: Ronaldo Lessa B ($1.11 in chips) 
Seat 3: Parker09SA ($2.22 in chips) 
Seat 4: Zuzu1717 ($1.55 in chips) 
Seat 5: Dorex2007 ($2 in chips) 
Seat 6: alitam11 ($1.91 in chips) 
Seat 7: Krusty 013 ($2.07 in chips) 
Seat 9: LuisZeifer ($2.47 in chips) 
LuisZeifer: posts small blind $0.01
xblondie70x: posts big blind $0.02
*** HOLE CARDS ***
Dealt to Dorex2007 [5s Jh]
Ronaldo Lessa B: folds 
Parker09SA: folds 
Zuzu1717: folds 
Dorex2007: folds 
alitam11: folds 
Krusty 013: folds 
LuisZeifer: folds 
Uncalled bet ($0.01) returned to xblondie70x
xblondie70x collected $0.02 from pot
xblondie70x: doesn't show hand 
*** SUMMARY ***
Total pot $0.02 | Rake $0 
Seat 1: xblondie70x (big blind) collected ($0.02)
Seat 2: Ronaldo Lessa B folded before Flop (didn't bet)
Seat 3: Parker09SA folded before Flop (didn't bet)
Seat 4: Zuzu1717 folded before Flop (didn't bet)
Seat 5: Dorex2007 folded before Flop (didn't bet)
Seat 6: alitam11 folded before Flop (didn't bet)
Seat 7: Krusty 013 (button) folded before Flop (didn't bet)
Seat 9: LuisZeifer (small blind) folded before Flop



PokerStars Hand #233634506862:  Hold'em No Limit ($0.01/$0.02 USD) - 2022/01/30 14:27:44 PT [2022/01/30 17:27:44 ET]
Table 'Fidelio II' 9-max Seat #9 is the button
Seat 1: xblondie70x ($2.04 in chips) 
Seat 2: Ronaldo Lessa B ($1.11 in chips) 
Seat 3: Parker09SA ($2.22 in chips) 
Seat 4: Zuzu1717 ($1.55 in chips) 
Seat 5: Dorex2007 ($2 in chips) 
Seat 6: alitam11 ($1.91 in chips) 
Seat 7: Krusty 013 ($2.07 in chips) 
Seat 9: LuisZeifer ($2.46 in chips) 
xblondie70x: posts small blind $0.01
Ronaldo Lessa B: posts big blind $0.02
*** HOLE CARDS ***
Dealt to Dorex2007 [4d 9s]
Parker09SA: folds 
Zuzu1717: folds 
Dorex2007: folds 
alitam11: folds 
Krusty 013: folds 
LuisZeifer has timed out
LuisZeifer: folds 
xblondie70x: raises $0.04 to $0.06
Ronaldo Lessa B: folds 
Uncalled bet ($0.04) returned to xblondie70x
xblondie70x collected $0.04 from pot
xblondie70x: doesn't show hand 
*** SUMMARY ***
Total pot $0.04 | Rake $0 
Seat 1: xblondie70x (small blind) collected ($0.04)
Seat 2: Ronaldo Lessa B (big blind) folded before Flop
Seat 3: Parker09SA folded before Flop (didn't bet)
Seat 4: Zuzu1717 folded before Flop (didn't bet)
Seat 5: Dorex2007 folded before Flop (didn't bet)
Seat 6: alitam11 folded before Flop (didn't bet)
Seat 7: Krusty 013 folded before Flop (didn't bet)
Seat 9: LuisZeifer (button) folded before Flop (didn't bet)



PokerStars Hand #233634523413:  Hold'em No Limit ($0.01/$0.02 USD) - 2022/01/30 14:28:14 PT [2022/01/30 17:28:14 ET]
Table 'Fidelio II' 9-max Seat #1 is the button
Seat 1: xblondie70x ($2.06 in chips) 
Seat 2: Ronaldo Lessa B ($1.09 in chips) 
Seat 3: Parker09SA ($2.22 in chips) 
Seat 4: Zuzu1717 ($1.55 in chips) 
Seat 5: Dorex2007 ($2 in chips) 
Seat 6: alitam11 ($1.91 in chips) 
Seat 7: Krusty 013 ($2.07 in chips) 
Ronaldo Lessa B: posts small blind $0.01
Parker09SA: posts big blind $0.02
*** HOLE CARDS ***
Dealt to Dorex2007 [7d Qd]
Zuzu1717: folds 
Dorex2007: folds 
alitam11: folds 
Krusty 013: folds 
xblondie70x: folds 
Ronaldo Lessa B: folds 
Uncalled bet ($0.01) returned to Parker09SA
Parker09SA collected $0.02 from pot
*** SUMMARY ***
Total pot $0.02 | Rake $0 
Seat 1: xblondie70x (button) folded before Flop (didn't bet)
Seat 2: Ronaldo Lessa B (small blind) folded before Flop
Seat 3: Parker09SA (big blind) collected ($0.02)
Seat 4: Zuzu1717 folded before Flop (didn't bet)
Seat 5: Dorex2007 folded before Flop (didn't bet)
Seat 6: alitam11 folded before Flop (didn't bet)
Seat 7: Krusty 013 folded before Flop (didn't bet)



PokerStars Hand #233634530524:  Hold'em No Limit ($0.01/$0.02 USD) - 2022/01/30 14:28:26 PT [2022/01/30 17:28:26 ET]
Table 'Fidelio II' 9-max Seat #2 is the button
Seat 1: xblondie70x ($2.06 in chips) 
Seat 2: Ronaldo Lessa B ($1.08 in chips) 
Seat 3: Parker09SA ($2.23 in chips) 
Seat 4: Zuzu1717 ($1.55 in chips) 
Seat 5: Dorex2007 ($2 in chips) 
Seat 6: alitam11 ($1.91 in chips) 
Seat 7: Krusty 013 ($2.07 in chips) 
Seat 9: LuisZeifer ($2.46 in chips) 
Parker09SA: posts small blind $0.01
Zuzu1717: posts big blind $0.02
*** HOLE CARDS ***
Dealt to Dorex2007 [Kh 2c]
Dorex2007: folds 
alitam11: folds 
Krusty 013: folds 
LuisZeifer: folds 
xblondie70x: folds 
Ronaldo Lessa B: folds 
Parker09SA: folds 
Uncalled bet ($0.01) returned to Zuzu1717
Zuzu1717 collected $0.02 from pot
Zuzu1717: doesn't show hand 
*** SUMMARY ***
Total pot $0.02 | Rake $0 
Seat 1: xblondie70x folded before Flop (didn't bet)
Seat 2: Ronaldo Lessa B (button) folded before Flop (didn't bet)
Seat 3: Parker09SA (small blind) folded before Flop
Seat 4: Zuzu1717 (big blind) collected ($0.02)
Seat 5: Dorex2007 folded before Flop (didn't bet)
Seat 6: alitam11 folded before Flop (didn't bet)
Seat 7: Krusty 013 folded before Flop (didn't bet)
Seat 9: LuisZeifer folded before Flop (didn't bet)



PokerStars Hand #233634540906:  Hold'em No Limit ($0.01/$0.02 USD) - 2022/01/30 14:28:45 PT [2022/01/30 17:28:45 ET]
Table 'Fidelio II' 9-max Seat #3 is the button
Seat 1: xblondie70x ($2.06 in chips) 
Seat 2: Ronaldo Lessa B ($1.08 in chips) 
Seat 3: Parker09SA ($2.22 in chips) 
Seat 4: Zuzu1717 ($1.56 in chips) 
Seat 5: Dorex2007 ($2 in chips) 
Seat 6: alitam11 ($1.91 in chips) 
Seat 7: Krusty 013 ($2.07 in chips) 
Seat 9: LuisZeifer ($2.46 in chips) 
Zuzu1717: posts small blind $0.01
Dorex2007: posts big blind $0.02
*** HOLE CARDS ***
Dealt to Dorex2007 [2s 6h]
alitam11: folds 
Krusty 013: folds 
LuisZeifer has timed out
LuisZeifer: folds 
xblondie70x: folds 
Ronaldo Lessa B: folds 
Andorrior joins the table at seat #8 
Parker09SA: folds 
Zuzu1717: folds 
Uncalled bet ($0.01) returned to Dorex2007
Dorex2007 collected $0.02 from pot
Dorex2007: doesn't show hand 
*** SUMMARY ***
Total pot $0.02 | Rake $0 
Seat 1: xblondie70x folded before Flop (didn't bet)
Seat 2: Ronaldo Lessa B folded before Flop (didn't bet)
Seat 3: Parker09SA (button) folded before Flop (didn't bet)
Seat 4: Zuzu1717 (small blind) folded before Flop
Seat 5: Dorex2007 (big blind) collected ($0.02)
Seat 6: alitam11 folded before Flop (didn't bet)
Seat 7: Krusty 013 folded before Flop (didn't bet)
Seat 9: LuisZeifer folded before Flop (didn't bet)



PokerStars Hand #233634556294:  Hold'em No Limit ($0.01/$0.02 USD) - 2022/01/30 14:29:13 PT [2022/01/30 17:29:13 ET]
Table 'Fidelio II' 9-max Seat #4 is the button
Seat 1: xblondie70x ($2.06 in chips) 
Seat 2: Ronaldo Lessa B ($1.08 in chips) 
Seat 3: Parker09SA ($2.22 in chips) 
Seat 4: Zuzu1717 ($1.55 in chips) 
Seat 5: Dorex2007 ($2.01 in chips) 
Seat 7: Krusty 013 ($2.07 in chips) 
Seat 9: LuisZeifer ($2.46 in chips) 
Dorex2007: posts small blind $0.01
alitam11: is sitting out 
Krusty 013: posts big blind $0.02
Andorrior: sits out 
*** HOLE CARDS ***
Dealt to Dorex2007 [7h 2d]
alitam11 leaves the table
LuisZeifer: raises $0.02 to $0.04
xblondie70x: calls $0.04
Ronaldo Lessa B: folds 
Parker09SA: folds 
Zuzu1717: folds 
Dorex2007: folds 
Krusty 013: folds 
*** FLOP *** [Qs Ah 6c]
LuisZeifer: bets $0.11
xblondie70x: calls $0.11
*** TURN *** [Qs Ah 6c] [Ts]
maniekgrand joins the table at seat #6 
LuisZeifer: bets $0.32
xblondie70x: calls $0.32
*** RIVER *** [Qs Ah 6c Ts] [Kd]
LuisZeifer: bets $0.47
xblondie70x: raises $0.47 to $0.94
LuisZeifer: folds 
Uncalled bet ($0.47) returned to xblondie70x
xblondie70x collected $1.82 from pot
xblondie70x: doesn't show hand 
*** SUMMARY ***
Total pot $1.91 | Rake $0.09 
Board [Qs Ah 6c Ts Kd]
Seat 1: xblondie70x collected ($1.82)
Seat 2: Ronaldo Lessa B folded before Flop (didn't bet)
Seat 3: Parker09SA folded before Flop (didn't bet)
Seat 4: Zuzu1717 (button) folded before Flop (didn't bet)
Seat 5: Dorex2007 (small blind) folded before Flop
Seat 7: Krusty 013 (big blind) folded before Flop
Seat 9: LuisZeifer folded on the River



PokerStars Hand #233634595096:  Hold'em No Limit ($0.01/$0.02 USD) - 2022/01/30 14:30:23 PT [2022/01/30 17:30:23 ET]
Table 'Fidelio II' 9-max Seat #5 is the button
Seat 1: xblondie70x ($2.94 in chips) 
Seat 2: Ronaldo Lessa B ($1.08 in chips) 
Seat 3: Parker09SA ($2.22 in chips) 
Seat 4: Zuzu1717 ($1.55 in chips) 
Seat 5: Dorex2007 ($2 in chips) 
Seat 7: Krusty 013 ($2.05 in chips) 
Seat 8: Andorrior ($2 in chips) 
Seat 9: LuisZeifer ($1.52 in chips) 
Krusty 013: posts small blind $0.01
Andorrior: posts big blind $0.02
*** HOLE CARDS ***
Dealt to Dorex2007 [2d 8s]
LuisZeifer: folds 
xblondie70x: folds 
Ronaldo Lessa B: calls $0.02
Parker09SA: folds 
Zuzu1717: folds 
Dorex2007: folds 
Krusty 013: raises $0.08 to $0.10
Andorrior: folds 
Ronaldo Lessa B: calls $0.08
*** FLOP *** [6h 5s 2c]
Krusty 013: bets $0.11
Ronaldo Lessa B: folds 
Uncalled bet ($0.11) returned to Krusty 013
Krusty 013 collected $0.21 from pot
Krusty 013: doesn't show hand 
*** SUMMARY ***
Total pot $0.22 | Rake $0.01 
Board [6h 5s 2c]
Seat 1: xblondie70x folded before Flop (didn't bet)
Seat 2: Ronaldo Lessa B folded on the Flop
Seat 3: Parker09SA folded before Flop (didn't bet)
Seat 4: Zuzu1717 folded before Flop (didn't bet)
Seat 5: Dorex2007 (button) folded before Flop (didn't bet)
Seat 7: Krusty 013 (small blind) collected ($0.21)
Seat 8: Andorrior (big blind) folded before Flop
Seat 9: LuisZeifer folded before Flop (didn't bet)



PokerStars Hand #233634620655:  Hold'em No Limit ($0.01/$0.02 USD) - 2022/01/30 14:31:09 PT [2022/01/30 17:31:09 ET]
Table 'Fidelio II' 9-max Seat #7 is the button
Seat 1: xblondie70x ($2.94 in chips) 
Seat 2: Ronaldo Lessa B ($0.98 in chips) 
Seat 3: Parker09SA ($2.22 in chips) 
Seat 4: Zuzu1717 ($1.55 in chips) 
Seat 5: Dorex2007 ($2 in chips) 
Seat 6: maniekgrand ($0.80 in chips) 
Seat 7: Krusty 013 ($2.16 in chips) 
Seat 8: Andorrior ($1.98 in chips) 
Seat 9: LuisZeifer ($1.52 in chips) 
Andorrior: posts small blind $0.01
LuisZeifer: posts big blind $0.02
maniekgrand: posts big blind $0.02
*** HOLE CARDS ***
Dealt to Dorex2007 [6c Kh]
xblondie70x: folds 
Ronaldo Lessa B: folds 
Parker09SA: folds 
Zuzu1717: folds 
Dorex2007: folds 
maniekgrand: checks 
Krusty 013: folds 
Andorrior: folds 
LuisZeifer: checks 
*** FLOP *** [3s Qh Th]
LuisZeifer: bets $0.05
maniekgrand: folds 
Uncalled bet ($0.05) returned to LuisZeifer
LuisZeifer collected $0.05 from pot
*** SUMMARY ***
Total pot $0.05 | Rake $0 
Board [3s Qh Th]
Seat 1: xblondie70x folded before Flop (didn't bet)
Seat 2: Ronaldo Lessa B folded before Flop (didn't bet)
Seat 3: Parker09SA folded before Flop (didn't bet)
Seat 4: Zuzu1717 folded before Flop (didn't bet)
Seat 5: Dorex2007 folded before Flop (didn't bet)
Seat 6: maniekgrand folded on the Flop (didn't bet)
Seat 7: Krusty 013 (button) folded before Flop (didn't bet)
Seat 8: Andorrior (small blind) folded before Flop
Seat 9: LuisZeifer (big blind) collected ($0.05)



PokerStars Hand #233634640726:  Hold'em No Limit ($0.01/$0.02 USD) - 2022/01/30 14:31:45 PT [2022/01/30 17:31:45 ET]
Table 'Fidelio II' 9-max Seat #8 is the button
Seat 1: xblondie70x ($2.94 in chips) 
Seat 2: Ronaldo Lessa B ($0.98 in chips) 
Seat 3: Parker09SA ($2.22 in chips) 
Seat 4: Zuzu1717 ($1.55 in chips) 
Seat 5: Dorex2007 ($2 in chips) 
Seat 6: maniekgrand ($0.78 in chips) 
Seat 7: Krusty 013 ($2.16 in chips) 
Seat 8: Andorrior ($1.97 in chips) 
Seat 9: LuisZeifer ($1.55 in chips) 
LuisZeifer: posts small blind $0.01
xblondie70x: posts big blind $0.02
*** HOLE CARDS ***
Dealt to Dorex2007 [Kc Qs]
Ronaldo Lessa B: folds 
Parker09SA: raises $0.10 to $0.12
Zuzu1717: folds 
Dorex2007: folds 
maniekgrand: folds 
Krusty 013: folds 
Andorrior: folds 
LuisZeifer: calls $0.11
xblondie70x: folds 
*** FLOP *** [5s 4d 9h]
LuisZeifer: checks 
Parker09SA: bets $0.13
LuisZeifer: raises $0.51 to $0.64
Parker09SA: folds 
Uncalled bet ($0.51) returned to LuisZeifer
LuisZeifer collected $0.50 from pot
*** SUMMARY ***
Total pot $0.52 | Rake $0.02 
Board [5s 4d 9h]
Seat 1: xblondie70x (big blind) folded before Flop
Seat 2: Ronaldo Lessa B folded before Flop (didn't bet)
Seat 3: Parker09SA folded on the Flop
Seat 4: Zuzu1717 folded before Flop (didn't bet)
Seat 5: Dorex2007 folded before Flop (didn't bet)
Seat 6: maniekgrand folded before Flop (didn't bet)
Seat 7: Krusty 013 folded before Flop (didn't bet)
Seat 8: Andorrior (button) folded before Flop (didn't bet)
Seat 9: LuisZeifer (small blind) collected ($0.50)



PokerStars Hand #233634656562:  Hold'em No Limit ($0.01/$0.02 USD) - 2022/01/30 14:32:15 PT [2022/01/30 17:32:15 ET]
Table 'Fidelio II' 9-max Seat #9 is the button
Seat 1: xblondie70x ($2.92 in chips) 
Seat 2: Ronaldo Lessa B ($0.98 in chips) 
Seat 3: Parker09SA ($2 in chips) 
Seat 4: Zuzu1717 ($1.55 in chips) 
Seat 5: Dorex2007 ($2 in chips) 
Seat 6: maniekgrand ($0.78 in chips) 
Seat 7: Krusty 013 ($2.16 in chips) 
Seat 8: Andorrior ($1.97 in chips) 
Seat 9: LuisZeifer ($1.80 in chips) 
xblondie70x: posts small blind $0.01
Ronaldo Lessa B: posts big blind $0.02
*** HOLE CARDS ***
Dealt to Dorex2007 [6h 9c]
Parker09SA: raises $0.04 to $0.06
Zuzu1717: folds 
Dorex2007: folds 
maniekgrand: folds 
Krusty 013: folds 
Andorrior: folds 
LuisZeifer: folds 
xblondie70x: folds 
Ronaldo Lessa B: calls $0.04
*** FLOP *** [Jc Jh 8s]
Ronaldo Lessa B: bets $0.04
Parker09SA: calls $0.04
*** TURN *** [Jc Jh 8s] [5c]
Ronaldo Lessa B: bets $0.08
Parker09SA: calls $0.08
*** RIVER *** [Jc Jh 8s 5c] [Js]
Ronaldo Lessa B: bets $0.02
Parker09SA: raises $0.40 to $0.42
Ronaldo Lessa B: calls $0.40
*** SHOW DOWN ***
Parker09SA: shows [Ks Kh] (a full house, Jacks full of Kings)
Ronaldo Lessa B: mucks hand 
Parker09SA collected $1.17 from pot
*** SUMMARY ***
Total pot $1.21 | Rake $0.04 
Board [Jc Jh 8s 5c Js]
Seat 1: xblondie70x (small blind) folded before Flop
Seat 2: Ronaldo Lessa B (big blind) mucked [8d 8c]
Seat 3: Parker09SA showed [Ks Kh] and won ($1.17) with a full house, Jacks full of Kings
Seat 4: Zuzu1717 folded before Flop (didn't bet)
Seat 5: Dorex2007 folded before Flop (didn't bet)
Seat 6: maniekgrand folded before Flop (didn't bet)
Seat 7: Krusty 013 folded before Flop (didn't bet)
Seat 8: Andorrior folded before Flop (didn't bet)
Seat 9: LuisZeifer (button) folded before Flop (didn't bet)



PokerStars Hand #233634698016:  Hold'em No Limit ($0.01/$0.02 USD) - 2022/01/30 14:33:32 PT [2022/01/30 17:33:32 ET]
Table 'Fidelio II' 9-max Seat #1 is the button
Seat 1: xblondie70x ($2.91 in chips) 
Seat 2: Ronaldo Lessa B ($0.38 in chips) 
Seat 3: Parker09SA ($2.57 in chips) 
Seat 4: Zuzu1717 ($1.55 in chips) 
Seat 5: Dorex2007 ($2 in chips) 
Seat 6: maniekgrand ($0.78 in chips) 
Seat 7: Krusty 013 ($2.16 in chips) 
Seat 8: Andorrior ($1.97 in chips) 
Seat 9: LuisZeifer ($1.80 in chips) 
Ronaldo Lessa B: posts small blind $0.01
Parker09SA: posts big blind $0.02
*** HOLE CARDS ***
Dealt to Dorex2007 [Qs 5c]
Zuzu1717: folds 
Dorex2007: folds 
maniekgrand: raises $0.04 to $0.06
Krusty 013: folds 
Andorrior: folds 
LuisZeifer has timed out
LuisZeifer: folds 
xblondie70x: folds 
Ronaldo Lessa B: calls $0.05
Parker09SA: folds 
*** FLOP *** [9s 4h As]
Ronaldo Lessa B: checks 
maniekgrand: bets $0.02
Ronaldo Lessa B: folds 
Uncalled bet ($0.02) returned to maniekgrand
maniekgrand collected $0.14 from pot
maniekgrand: doesn't show hand 
*** SUMMARY ***
Total pot $0.14 | Rake $0 
Board [9s 4h As]
Seat 1: xblondie70x (button) folded before Flop (didn't bet)
Seat 2: Ronaldo Lessa B (small blind) folded on the Flop
Seat 3: Parker09SA (big blind) folded before Flop
Seat 4: Zuzu1717 folded before Flop (didn't bet)
Seat 5: Dorex2007 folded before Flop (didn't bet)
Seat 6: maniekgrand collected ($0.14)
Seat 7: Krusty 013 folded before Flop (didn't bet)
Seat 8: Andorrior folded before Flop (didn't bet)
Seat 9: LuisZeifer folded before Flop (didn't bet)



PokerStars Hand #233634732425:  Hold'em No Limit ($0.01/$0.02 USD) - 2022/01/30 14:34:35 PT [2022/01/30 17:34:35 ET]
Table 'Fidelio II' 9-max Seat #2 is the button
Seat 1: xblondie70x ($2.91 in chips) 
Seat 2: Ronaldo Lessa B ($0.32 in chips) 
Seat 3: Parker09SA ($2.55 in chips) 
Seat 4: Zuzu1717 ($1.55 in chips) 
Seat 5: Dorex2007 ($2 in chips) 
Seat 6: maniekgrand ($0.86 in chips) 
Seat 7: Krusty 013 ($2.16 in chips) 
Seat 8: Andorrior ($1.97 in chips) 
Parker09SA: posts small blind $0.01
Zuzu1717: posts big blind $0.02
*** HOLE CARDS ***
Dealt to Dorex2007 [5c Qh]
Dorex2007: folds 
maniekgrand: calls $0.02
Krusty 013: folds 
Andorrior: folds 
xblondie70x: folds 
Ronaldo Lessa B: calls $0.02
Parker09SA: calls $0.01
Zuzu1717: checks 
*** FLOP *** [Jh Ks Kc]
Parker09SA: checks 
Zuzu1717: checks 
maniekgrand: bets $0.02
Ronaldo Lessa B: folds 
Parker09SA: folds 
Zuzu1717: folds 
Uncalled bet ($0.02) returned to maniekgrand
maniekgrand collected $0.08 from pot
maniekgrand: doesn't show hand 
*** SUMMARY ***
Total pot $0.08 | Rake $0 
Board [Jh Ks Kc]
Seat 1: xblondie70x folded before Flop (didn't bet)
Seat 2: Ronaldo Lessa B (button) folded on the Flop
Seat 3: Parker09SA (small blind) folded on the Flop
Seat 4: Zuzu1717 (big blind) folded on the Flop
Seat 5: Dorex2007 folded before Flop (didn't bet)
Seat 6: maniekgrand collected ($0.08)
Seat 7: Krusty 013 folded before Flop (didn't bet)
Seat 8: Andorrior folded before Flop (didn't bet)



PokerStars Hand #233634753030:  Hold'em No Limit ($0.01/$0.02 USD) - 2022/01/30 14:35:14 PT [2022/01/30 17:35:14 ET]
Table 'Fidelio II' 9-max Seat #3 is the button
Seat 1: xblondie70x ($2.91 in chips) 
Seat 2: Ronaldo Lessa B ($0.30 in chips) 
Seat 3: Parker09SA ($2.53 in chips) 
Seat 4: Zuzu1717 ($1.53 in chips) 
Seat 5: Dorex2007 ($2 in chips) 
Seat 6: maniekgrand ($0.92 in chips) 
Seat 7: Krusty 013 ($2.16 in chips) 
Seat 8: Andorrior ($1.97 in chips) 
Zuzu1717: posts small blind $0.01
Dorex2007: posts big blind $0.02
*** HOLE CARDS ***
Dealt to Dorex2007 [Qs 3d]
maniekgrand: folds 
Krusty 013: folds 
Andorrior: folds 
xblondie70x: folds 
Ronaldo Lessa B: calls $0.02
Parker09SA: folds 
Zuzu1717: calls $0.01
Dorex2007: checks 
*** FLOP *** [Tc Ts Td]
Zuzu1717: checks 
Dorex2007: checks 
Ronaldo Lessa B: checks 
*** TURN *** [Tc Ts Td] [Kd]
Zuzu1717: checks 
Dorex2007: checks 
Ronaldo Lessa B: bets $0.04
Zuzu1717: folds 
Dorex2007: folds 
Uncalled bet ($0.04) returned to Ronaldo Lessa B
Ronaldo Lessa B collected $0.06 from pot
Ronaldo Lessa B: doesn't show hand 
*** SUMMARY ***
Total pot $0.06 | Rake $0 
Board [Tc Ts Td Kd]
Seat 1: xblondie70x folded before Flop (didn't bet)
Seat 2: Ronaldo Lessa B collected ($0.06)
Seat 3: Parker09SA (button) folded before Flop (didn't bet)
Seat 4: Zuzu1717 (small blind) folded on the Turn
Seat 5: Dorex2007 (big blind) folded on the Turn
Seat 6: maniekgrand folded before Flop (didn't bet)
Seat 7: Krusty 013 folded before Flop (didn't bet)
Seat 8: Andorrior folded before Flop (didn't bet)



PokerStars Hand #233634779251:  Hold'em No Limit ($0.01/$0.02 USD) - 2022/01/30 14:36:03 PT [2022/01/30 17:36:03 ET]
Table 'Fidelio II' 9-max Seat #4 is the button
Seat 1: xblondie70x ($2.91 in chips) 
Seat 2: Ronaldo Lessa B ($0.34 in chips) 
Seat 3: Parker09SA ($2.53 in chips) 
Seat 4: Zuzu1717 ($1.51 in chips) 
Seat 5: Dorex2007 ($2 in chips) 
Seat 6: maniekgrand ($0.92 in chips) 
Seat 7: Krusty 013 ($2.16 in chips) 
Seat 8: Andorrior ($1.97 in chips) 
Dorex2007: posts small blind $0.01
maniekgrand: posts big blind $0.02
*** HOLE CARDS ***
Dealt to Dorex2007 [4d Qd]
Krusty 013: folds 
Andorrior: folds 
xblondie70x: raises $0.04 to $0.06
Ronaldo Lessa B: folds 
Parker09SA: folds 
Zuzu1717: folds 
Dorex2007: folds 
maniekgrand: folds 
Uncalled bet ($0.04) returned to xblondie70x
xblondie70x collected $0.05 from pot
xblondie70x: doesn't show hand 
*** SUMMARY ***
Total pot $0.05 | Rake $0 
Seat 1: xblondie70x collected ($0.05)
Seat 2: Ronaldo Lessa B folded before Flop (didn't bet)
Seat 3: Parker09SA folded before Flop (didn't bet)
Seat 4: Zuzu1717 (button) folded before Flop (didn't bet)
Seat 5: Dorex2007 (small blind) folded before Flop
Seat 6: maniekgrand (big blind) folded before Flop
Seat 7: Krusty 013 folded before Flop (didn't bet)
Seat 8: Andorrior folded before Flop (didn't bet)



PokerStars Hand #233634792310:  Hold'em No Limit ($0.01/$0.02 USD) - 2022/01/30 14:36:27 PT [2022/01/30 17:36:27 ET]
Table 'Fidelio II' 9-max Seat #5 is the button
Seat 1: xblondie70x ($2.94 in chips) 
Seat 2: Ronaldo Lessa B ($0.34 in chips) 
Seat 3: Parker09SA ($2.53 in chips) 
Seat 4: Zuzu1717 ($1.51 in chips) 
Seat 5: Dorex2007 ($2 in chips) 
Seat 6: maniekgrand ($0.90 in chips) 
Seat 7: Krusty 013 ($2.16 in chips) 
Seat 8: Andorrior ($1.97 in chips) 
maniekgrand: posts small blind $0.01
Krusty 013: posts big blind $0.02
*** HOLE CARDS ***
Dealt to Dorex2007 [As Ts]
Andorrior: folds 
xblondie70x: folds 
Ronaldo Lessa B: folds 
Parker09SA: folds 
Zuzu1717: raises $0.04 to $0.06
Dorex2007: calls $0.06
maniekgrand: folds 
Krusty 013: folds 
*** FLOP *** [4d 5s 7d]
Zuzu1717: checks 
Dorex2007: checks 
*** TURN *** [4d 5s 7d] [4s]
Zuzu1717: checks 
Dorex2007: bets $0.07
Zuzu1717: calls $0.07
*** RIVER *** [4d 5s 7d 4s] [5h]
Zuzu1717: checks 
Dorex2007: checks 
*** SHOW DOWN ***
Zuzu1717: shows [Jd Td] (two pair, Fives and Fours)
Dorex2007: shows [As Ts] (two pair, Fives and Fours - Ace kicker)
Dorex2007 collected $0.28 from pot
*** SUMMARY ***
Total pot $0.29 | Rake $0.01 
Board [4d 5s 7d 4s 5h]
Seat 1: xblondie70x folded before Flop (didn't bet)
Seat 2: Ronaldo Lessa B folded before Flop (didn't bet)
Seat 3: Parker09SA folded before Flop (didn't bet)
Seat 4: Zuzu1717 showed [Jd Td] and lost with two pair, Fives and Fours
Seat 5: Dorex2007 (button) showed [As Ts] and won ($0.28) with two pair, Fives and Fours
Seat 6: maniekgrand (small blind) folded before Flop
Seat 7: Krusty 013 (big blind) folded before Flop
Seat 8: Andorrior folded before Flop (didn't bet)



PokerStars Hand #233634838920:  Hold'em No Limit ($0.01/$0.02 USD) - 2022/01/30 14:37:42 PT [2022/01/30 17:37:42 ET]
Table 'Fidelio II' 9-max Seat #6 is the button
Seat 1: xblondie70x ($2.94 in chips) 
Seat 2: Ronaldo Lessa B ($0.34 in chips) 
Seat 3: Parker09SA ($2.53 in chips) 
Seat 4: Zuzu1717 ($1.38 in chips) 
Seat 5: Dorex2007 ($2.15 in chips) 
Seat 6: maniekgrand ($0.89 in chips) 
Seat 7: Krusty 013 ($2.14 in chips) 
Seat 8: Andorrior ($1.97 in chips) 
Seat 9: LuisZeifer ($1.80 in chips) 
Krusty 013: posts small blind $0.01
Andorrior: posts big blind $0.02
*** HOLE CARDS ***
Dealt to Dorex2007 [2c 3h]
LuisZeifer: folds 
xblondie70x: folds 
Ronaldo Lessa B: folds 
Parker09SA: folds 
Zuzu1717: folds 
Dorex2007: folds 
maniekgrand: calls $0.02
Krusty 013: folds 
Andorrior: checks 
*** FLOP *** [5d Ac 6h]
Andorrior: checks 
maniekgrand: checks 
*** TURN *** [5d Ac 6h] [Kh]
Andorrior: checks 
maniekgrand: bets $0.02
Andorrior: folds 
Uncalled bet ($0.02) returned to maniekgrand
maniekgrand collected $0.05 from pot
maniekgrand: doesn't show hand 
*** SUMMARY ***
Total pot $0.05 | Rake $0 
Board [5d Ac 6h Kh]
Seat 1: xblondie70x folded before Flop (didn't bet)
Seat 2: Ronaldo Lessa B folded before Flop (didn't bet)
Seat 3: Parker09SA folded before Flop (didn't bet)
Seat 4: Zuzu1717 folded before Flop (didn't bet)
Seat 5: Dorex2007 folded before Flop (didn't bet)
Seat 6: maniekgrand (button) collected ($0.05)
Seat 7: Krusty 013 (small blind) folded before Flop
Seat 8: Andorrior (big blind) folded on the Turn
Seat 9: LuisZeifer folded before Flop (didn't bet)



PokerStars Hand #233634857793:  Hold'em No Limit ($0.01/$0.02 USD) - 2022/01/30 14:38:18 PT [2022/01/30 17:38:18 ET]
Table 'Fidelio II' 9-max Seat #7 is the button
Seat 1: xblondie70x ($2.94 in chips) 
Seat 2: Ronaldo Lessa B ($0.34 in chips) 
Seat 3: Parker09SA ($2.53 in chips) 
Seat 4: Zuzu1717 ($1.38 in chips) 
Seat 5: Dorex2007 ($2.15 in chips) 
Seat 6: maniekgrand ($0.92 in chips) 
Seat 7: Krusty 013 ($2.13 in chips) 
Seat 8: Andorrior ($1.95 in chips) 
Seat 9: LuisZeifer ($1.80 in chips) 
Andorrior: posts small blind $0.01
LuisZeifer: posts big blind $0.02
*** HOLE CARDS ***
Dealt to Dorex2007 [5c Jh]
xblondie70x: raises $0.02 to $0.04
Ronaldo Lessa B: calls $0.04
Parker09SA: raises $0.15 to $0.19
Zuzu1717: folds 
Dorex2007: folds 
maniekgrand: folds 
Krusty 013: folds 
Andorrior: folds 
LuisZeifer: folds 
xblondie70x: folds 
Ronaldo Lessa B: calls $0.15
*** FLOP *** [Th Ad 7s]
Ronaldo Lessa B: checks 
Parker09SA: bets $0.22
Ronaldo Lessa B: calls $0.15 and is all-in
Uncalled bet ($0.07) returned to Parker09SA
*** TURN *** [Th Ad 7s] [3d]
*** RIVER *** [Th Ad 7s 3d] [3h]
*** SHOW DOWN ***
Ronaldo Lessa B: shows [6h 6s] (two pair, Sixes and Threes)
Parker09SA: shows [As Jd] (two pair, Aces and Threes)
Parker09SA collected $0.72 from pot
*** SUMMARY ***
Total pot $0.75 | Rake $0.03 
Board [Th Ad 7s 3d 3h]
Seat 1: xblondie70x folded before Flop
Seat 2: Ronaldo Lessa B showed [6h 6s] and lost with two pair, Sixes and Threes
Seat 3: Parker09SA showed [As Jd] and won ($0.72) with two pair, Aces and Threes
Seat 4: Zuzu1717 folded before Flop (didn't bet)
Seat 5: Dorex2007 folded before Flop (didn't bet)
Seat 6: maniekgrand folded before Flop (didn't bet)
Seat 7: Krusty 013 (button) folded before Flop (didn't bet)
Seat 8: Andorrior (small blind) folded before Flop
Seat 9: LuisZeifer (big blind) folded before Flop



PokerStars Hand #233634901616:  Hold'em No Limit ($0.01/$0.02 USD) - 2022/01/30 14:39:27 PT [2022/01/30 17:39:27 ET]
Table 'Fidelio II' 9-max Seat #8 is the button
Seat 1: xblondie70x ($2.90 in chips) 
Seat 3: Parker09SA ($2.91 in chips) 
Seat 4: Zuzu1717 ($1.38 in chips) 
Seat 5: Dorex2007 ($2.15 in chips) 
Seat 6: maniekgrand ($0.92 in chips) 
Seat 7: Krusty 013 ($2.13 in chips) 
Seat 8: Andorrior ($1.94 in chips) 
Seat 9: LuisZeifer ($1.78 in chips) 
LuisZeifer: posts small blind $0.01
xblondie70x: posts big blind $0.02
*** HOLE CARDS ***
Dealt to Dorex2007 [Qh Ah]
Parker09SA: folds 
Ronaldo Lessa B leaves the table
Zuzu1717: folds 
Dorex2007: raises $0.02 to $0.04
maniekgrand: calls $0.04
Krusty 013: folds 
Andorrior: folds 
LuisZeifer: folds 
xblondie70x: folds 
*** FLOP *** [7c 2s Qd]
Dorex2007: bets $0.07
mckissi78 joins the table at seat #2 
maniekgrand: calls $0.07
*** TURN *** [7c 2s Qd] [9d]
Dorex2007: bets $0.16
maniekgrand: calls $0.16
*** RIVER *** [7c 2s Qd 9d] [7h]
Dorex2007: bets $0.10
maniekgrand: raises $0.10 to $0.20
Dorex2007: calls $0.10
*** SHOW DOWN ***
maniekgrand: shows [2d Kd] (two pair, Sevens and Deuces)
Dorex2007: shows [Qh Ah] (two pair, Queens and Sevens)
Dorex2007 collected $0.94 from pot
*** SUMMARY ***
Total pot $0.97 | Rake $0.03 
Board [7c 2s Qd 9d 7h]
Seat 1: xblondie70x (big blind) folded before Flop
Seat 3: Parker09SA folded before Flop (didn't bet)
Seat 4: Zuzu1717 folded before Flop (didn't bet)
Seat 5: Dorex2007 showed [Qh Ah] and won ($0.94) with two pair, Queens and Sevens
Seat 6: maniekgrand showed [2d Kd] and lost with two pair, Sevens and Deuces
Seat 7: Krusty 013 folded before Flop (didn't bet)
Seat 8: Andorrior (button) folded before Flop (didn't bet)
Seat 9: LuisZeifer (small blind) folded before Flop



PokerStars Hand #233634948675:  Hold'em No Limit ($0.01/$0.02 USD) - 2022/01/30 14:40:57 PT [2022/01/30 17:40:57 ET]
Table 'Fidelio II' 9-max Seat #9 is the button
Seat 1: xblondie70x ($2.88 in chips) 
Seat 2: mckissi78 ($2 in chips) 
Seat 3: Parker09SA ($2.91 in chips) 
Seat 4: Zuzu1717 ($1.38 in chips) 
Seat 5: Dorex2007 ($2.62 in chips) 
Seat 6: maniekgrand ($0.45 in chips) 
Seat 7: Krusty 013 ($2.13 in chips) 
Seat 8: Andorrior ($1.94 in chips) 
Seat 9: LuisZeifer ($1.77 in chips) 
xblondie70x: posts small blind $0.01
mckissi78: posts big blind $0.02
*** HOLE CARDS ***
Dealt to Dorex2007 [8s 8d]
Parker09SA: folds 
Zuzu1717: folds 
Dorex2007: raises $0.02 to $0.04
maniekgrand: calls $0.04
Krusty 013: folds 
Andorrior: folds 
LuisZeifer: calls $0.04
xblondie70x: folds 
mckissi78: folds 
*** FLOP *** [Ks Qd Jh]
Dorex2007: checks 
maniekgrand: bets $0.04
LuisZeifer: folds 
Dorex2007: folds 
Uncalled bet ($0.04) returned to maniekgrand
maniekgrand collected $0.14 from pot
maniekgrand: doesn't show hand 
*** SUMMARY ***
Total pot $0.15 | Rake $0.01 
Board [Ks Qd Jh]
Seat 1: xblondie70x (small blind) folded before Flop
Seat 2: mckissi78 (big blind) folded before Flop
Seat 3: Parker09SA folded before Flop (didn't bet)
Seat 4: Zuzu1717 folded before Flop (didn't bet)
Seat 5: Dorex2007 folded on the Flop
Seat 6: maniekgrand collected ($0.14)
Seat 7: Krusty 013 folded before Flop (didn't bet)
Seat 8: Andorrior folded before Flop (didn't bet)
Seat 9: LuisZeifer (button) folded on the Flop



PokerStars Hand #233634967074:  Hold'em No Limit ($0.01/$0.02 USD) - 2022/01/30 14:41:32 PT [2022/01/30 17:41:32 ET]
Table 'Fidelio II' 9-max Seat #1 is the button
Seat 1: xblondie70x ($2.87 in chips) 
Seat 2: mckissi78 ($1.98 in chips) 
Seat 3: Parker09SA ($2.91 in chips) 
Seat 5: Dorex2007 ($2.58 in chips) 
Seat 6: maniekgrand ($0.55 in chips) 
Seat 7: Krusty 013 ($2.13 in chips) 
Seat 8: Andorrior ($1.94 in chips) 
Seat 9: LuisZeifer ($1.73 in chips) 
mckissi78: posts small blind $0.01
Parker09SA: posts big blind $0.02
*** HOLE CARDS ***
Dealt to Dorex2007 [5c 2h]
Dorex2007: folds 
maniekgrand: raises $0.04 to $0.06
Krusty 013: folds 
Andorrior: folds 
LuisZeifer: folds 
xblondie70x: folds 
mckissi78: folds 
Parker09SA: folds 
Uncalled bet ($0.04) returned to maniekgrand
maniekgrand collected $0.05 from pot
maniekgrand: doesn't show hand 
*** SUMMARY ***
Total pot $0.05 | Rake $0 
Seat 1: xblondie70x (button) folded before Flop (didn't bet)
Seat 2: mckissi78 (small blind) folded before Flop
Seat 3: Parker09SA (big blind) folded before Flop
Seat 5: Dorex2007 folded before Flop (didn't bet)
Seat 6: maniekgrand collected ($0.05)
Seat 7: Krusty 013 folded before Flop (didn't bet)
Seat 8: Andorrior folded before Flop (didn't bet)
Seat 9: LuisZeifer folded before Flop (didn't bet)



PokerStars Hand #233634976641:  Hold'em No Limit ($0.01/$0.02 USD) - 2022/01/30 14:41:51 PT [2022/01/30 17:41:51 ET]
Table 'Fidelio II' 9-max Seat #2 is the button
Seat 1: xblondie70x ($2.87 in chips) 
Seat 2: mckissi78 ($1.97 in chips) 
Seat 3: Parker09SA ($2.89 in chips) 
Seat 5: Dorex2007 ($2.58 in chips) 
Seat 6: maniekgrand ($0.58 in chips) 
Seat 7: Krusty 013 ($2.13 in chips) 
Seat 8: Andorrior ($1.94 in chips) 
Seat 9: LuisZeifer ($1.73 in chips) 
Parker09SA: posts small blind $0.01
Dorex2007: posts big blind $0.02
*** HOLE CARDS ***
Dealt to Dorex2007 [Kc 5h]
maniekgrand: raises $0.02 to $0.04
Krusty 013: folds 
Andorrior: folds 
LuisZeifer: folds 
xblondie70x: folds 
mckissi78: raises $0.04 to $0.08
Parker09SA: folds 
Dorex2007: folds 
maniekgrand: calls $0.04
*** FLOP *** [8h Jc 5c]
maniekgrand: bets $0.02
mckissi78: raises $0.02 to $0.04
maniekgrand: calls $0.02
*** TURN *** [8h Jc 5c] [Js]
maniekgrand: bets $0.02
mckissi78: raises $0.30 to $0.32
maniekgrand: folds 
Uncalled bet ($0.30) returned to mckissi78
mckissi78 collected $0.30 from pot
mckissi78: doesn't show hand 
*** SUMMARY ***
Total pot $0.31 | Rake $0.01 
Board [8h Jc 5c Js]
Seat 1: xblondie70x folded before Flop (didn't bet)
Seat 2: mckissi78 (button) collected ($0.30)
Seat 3: Parker09SA (small blind) folded before Flop
Seat 5: Dorex2007 (big blind) folded before Flop
Seat 6: maniekgrand folded on the Turn
Seat 7: Krusty 013 folded before Flop (didn't bet)
Seat 8: Andorrior folded before Flop (didn't bet)
Seat 9: LuisZeifer folded before Flop (didn't bet)



PokerStars Hand #233635001552:  Hold'em No Limit ($0.01/$0.02 USD) - 2022/01/30 14:42:39 PT [2022/01/30 17:42:39 ET]
Table 'Fidelio II' 9-max Seat #3 is the button
Seat 1: xblondie70x ($2.87 in chips) 
Seat 2: mckissi78 ($2.13 in chips) 
Seat 3: Parker09SA ($2.88 in chips) 
Seat 5: Dorex2007 ($2.56 in chips) 
Seat 6: maniekgrand ($0.44 in chips) 
Seat 7: Krusty 013 ($2.13 in chips) 
Seat 8: Andorrior ($1.94 in chips) 
Seat 9: LuisZeifer ($1.73 in chips) 
Dorex2007: posts small blind $0.01
maniekgrand: posts big blind $0.02
*** HOLE CARDS ***
Dealt to Dorex2007 [Td 2c]
Krusty 013: folds 
Andorrior: folds 
LuisZeifer: raises $0.04 to $0.06
xblondie70x: calls $0.06
mckissi78: folds 
Parker09SA: calls $0.06
Dorex2007: folds 
maniekgrand: folds 
*** FLOP *** [8h Jc 3c]
LuisZeifer: checks 
xblondie70x: checks 
Parker09SA: checks 
*** TURN *** [8h Jc 3c] [4d]
LuisZeifer: bets $0.20
xblondie70x: folds 
Parker09SA: folds 
Uncalled bet ($0.20) returned to LuisZeifer
LuisZeifer collected $0.20 from pot
*** SUMMARY ***
Total pot $0.21 | Rake $0.01 
Board [8h Jc 3c 4d]
Seat 1: xblondie70x folded on the Turn
Seat 2: mckissi78 folded before Flop (didn't bet)
Seat 3: Parker09SA (button) folded on the Turn
Seat 5: Dorex2007 (small blind) folded before Flop
Seat 6: maniekgrand (big blind) folded before Flop
Seat 7: Krusty 013 folded before Flop (didn't bet)
Seat 8: Andorrior folded before Flop (didn't bet)
Seat 9: LuisZeifer collected ($0.20)



PokerStars Hand #233635040294:  Hold'em No Limit ($0.01/$0.02 USD) - 2022/01/30 14:43:55 PT [2022/01/30 17:43:55 ET]
Table 'Fidelio II' 9-max Seat #5 is the button
Seat 1: xblondie70x ($2.81 in chips) 
Seat 2: mckissi78 ($2.13 in chips) 
Seat 3: Parker09SA ($2.82 in chips) 
Seat 5: Dorex2007 ($2.55 in chips) 
Seat 6: maniekgrand ($0.42 in chips) 
Seat 7: Krusty 013 ($2.13 in chips) 
Seat 8: Andorrior ($1.94 in chips) 
Seat 9: LuisZeifer ($1.87 in chips) 
maniekgrand: posts small blind $0.01
Krusty 013: posts big blind $0.02
*** HOLE CARDS ***
Dealt to Dorex2007 [4c Qs]
Andorrior: folds 
LuisZeifer: calls $0.02
xblondie70x: folds 
mckissi78: folds 
Parker09SA: folds 
Dorex2007: folds 
maniekgrand is disconnected 
maniekgrand is connected 
maniekgrand: folds 
Krusty 013: checks 
*** FLOP *** [5s 9s 3c]
Krusty 013: checks 
LuisZeifer: bets $0.05
Krusty 013: folds 
Uncalled bet ($0.05) returned to LuisZeifer
LuisZeifer collected $0.05 from pot
*** SUMMARY ***
Total pot $0.05 | Rake $0 
Board [5s 9s 3c]
Seat 1: xblondie70x folded before Flop (didn't bet)
Seat 2: mckissi78 folded before Flop (didn't bet)
Seat 3: Parker09SA folded before Flop (didn't bet)
Seat 5: Dorex2007 (button) folded before Flop (didn't bet)
Seat 6: maniekgrand (small blind) folded before Flop
Seat 7: Krusty 013 (big blind) folded on the Flop
Seat 8: Andorrior folded before Flop (didn't bet)
Seat 9: LuisZeifer collected ($0.05)



PokerStars Hand #233635067917:  Hold'em No Limit ($0.01/$0.02 USD) - 2022/01/30 14:44:49 PT [2022/01/30 17:44:49 ET]
Table 'Fidelio II' 9-max Seat #6 is the button
Seat 1: xblondie70x ($2.81 in chips) 
Seat 2: mckissi78 ($2.13 in chips) 
Seat 3: Parker09SA ($2.82 in chips) 
Seat 5: Dorex2007 ($2.55 in chips) 
Seat 6: maniekgrand ($0.41 in chips) 
Seat 7: Krusty 013 ($2.11 in chips) 
Seat 8: Andorrior ($1.94 in chips) 
Seat 9: LuisZeifer ($1.90 in chips) 
Krusty 013: posts small blind $0.01
Andorrior: posts big blind $0.02
*** HOLE CARDS ***
Dealt to Dorex2007 [Kd 2s]
LuisZeifer: folds 
xblondie70x: raises $0.05 to $0.07
mckissi78: folds 
Parker09SA: folds 
Dorex2007: folds 
maniekgrand: folds 
Krusty 013: folds 
Andorrior: folds 
Uncalled bet ($0.05) returned to xblondie70x
xblondie70x collected $0.05 from pot
xblondie70x: doesn't show hand 
*** SUMMARY ***
Total pot $0.05 | Rake $0 
Seat 1: xblondie70x collected ($0.05)
Seat 2: mckissi78 folded before Flop (didn't bet)
Seat 3: Parker09SA folded before Flop (didn't bet)
Seat 5: Dorex2007 folded before Flop (didn't bet)
Seat 6: maniekgrand (button) folded before Flop (didn't bet)
Seat 7: Krusty 013 (small blind) folded before Flop
Seat 8: Andorrior (big blind) folded before Flop
Seat 9: LuisZeifer folded before Flop (didn't bet)



PokerStars Hand #233635075980:  Hold'em No Limit ($0.01/$0.02 USD) - 2022/01/30 14:45:05 PT [2022/01/30 17:45:05 ET]
Table 'Fidelio II' 9-max Seat #7 is the button
Seat 1: xblondie70x ($2.84 in chips) 
Seat 2: mckissi78 ($2.13 in chips) 
Seat 3: Parker09SA ($2.82 in chips) 
Seat 5: Dorex2007 ($2.55 in chips) 
Seat 6: maniekgrand ($0.41 in chips) 
Seat 7: Krusty 013 ($2.10 in chips) 
Seat 8: Andorrior ($1.92 in chips) 
Seat 9: LuisZeifer ($1.90 in chips) 
Andorrior: posts small blind $0.01
LuisZeifer: posts big blind $0.02
*** HOLE CARDS ***
Dealt to Dorex2007 [7s 5h]
xblondie70x: raises $0.02 to $0.04
mckissi78: folds 
Parker09SA: folds 
Dorex2007: folds 
maniekgrand: calls $0.04
Krusty 013: folds 
Krusty 013 leaves the table
Andorrior: folds 
LuisZeifer: calls $0.02
*** FLOP *** [Ah Th 8h]
LuisZeifer: checks 
xblondie70x: checks 
maniekgrand: bets $0.04
LuisZeifer: folds 
xblondie70x: calls $0.04
*** TURN *** [Ah Th 8h] [9c]
xblondie70x: checks 
maniekgrand: bets $0.02
xblondie70x: calls $0.02
*** RIVER *** [Ah Th 8h 9c] [7d]
xblondie70x: bets $0.24
maniekgrand: folds 
Uncalled bet ($0.24) returned to xblondie70x
xblondie70x collected $0.24 from pot
xblondie70x: doesn't show hand 
*** SUMMARY ***
Total pot $0.25 | Rake $0.01 
Board [Ah Th 8h 9c 7d]
Seat 1: xblondie70x collected ($0.24)
Seat 2: mckissi78 folded before Flop (didn't bet)
Seat 3: Parker09SA folded before Flop (didn't bet)
Seat 5: Dorex2007 folded before Flop (didn't bet)
Seat 6: maniekgrand folded on the River
Seat 7: Krusty 013 (button) folded before Flop (didn't bet)
Seat 8: Andorrior (small blind) folded before Flop
Seat 9: LuisZeifer (big blind) folded on the Flop



PokerStars Hand #233635101862:  Hold'em No Limit ($0.01/$0.02 USD) - 2022/01/30 14:45:55 PT [2022/01/30 17:45:55 ET]
Table 'Fidelio II' 9-max Seat #8 is the button
Seat 1: xblondie70x ($2.98 in chips) 
Seat 2: mckissi78 ($2.13 in chips) 
Seat 3: Parker09SA ($2.82 in chips) 
Seat 5: Dorex2007 ($2.55 in chips) 
Seat 6: maniekgrand ($0.31 in chips) 
Seat 8: Andorrior ($1.91 in chips) 
Seat 9: LuisZeifer ($1.86 in chips) 
LuisZeifer: posts small blind $0.01
xblondie70x: posts big blind $0.02
Zuzu1717: sits out 
*** HOLE CARDS ***
Dealt to Dorex2007 [2s Qd]
mckissi78: raises $0.04 to $0.06
Parker09SA: folds 
Javan_50 joins the table at seat #7 
Dorex2007: folds 
maniekgrand: folds 
Andorrior: folds 
LuisZeifer: calls $0.05
xblondie70x: folds 
*** FLOP *** [6c Ks 6s]
LuisZeifer: bets $0.14
mckissi78: raises $0.21 to $0.35
LuisZeifer: raises $0.21 to $0.56
mckissi78: calls $0.21
*** TURN *** [6c Ks 6s] [3h]
LuisZeifer: bets $1.22
mckissi78: calls $1.22
*** RIVER *** [6c Ks 6s 3h] [Ad]
LuisZeifer: bets $0.02 and is all-in
mckissi78: calls $0.02
*** SHOW DOWN ***
LuisZeifer: shows [Jc Qc] (a pair of Sixes)
mckissi78: shows [Kc As] (two pair, Aces and Kings)
mckissi78 collected $3.58 from pot
*** SUMMARY ***
Total pot $3.74 | Rake $0.16 
Board [6c Ks 6s 3h Ad]
Seat 1: xblondie70x (big blind) folded before Flop
Seat 2: mckissi78 showed [Kc As] and won ($3.58) with two pair, Aces and Kings
Seat 3: Parker09SA folded before Flop (didn't bet)
Seat 5: Dorex2007 folded before Flop (didn't bet)
Seat 6: maniekgrand folded before Flop (didn't bet)
Seat 8: Andorrior (button) folded before Flop (didn't bet)
Seat 9: LuisZeifer (small blind) showed [Jc Qc] and lost with a pair of Sixes



PokerStars Hand #233635139221:  Hold'em No Limit ($0.01/$0.02 USD) - 2022/01/30 14:47:09 PT [2022/01/30 17:47:09 ET]
Table 'Fidelio II' 9-max Seat #1 is the button
Seat 1: xblondie70x ($2.96 in chips) 
Seat 2: mckissi78 ($3.85 in chips) 
Seat 3: Parker09SA ($2.82 in chips) 
Seat 5: Dorex2007 ($2.55 in chips) 
Seat 6: maniekgrand ($0.31 in chips) 
Seat 7: Javan_50 ($1.60 in chips) 
Seat 8: Andorrior ($1.91 in chips) 
mckissi78: posts small blind $0.01
Parker09SA: posts big blind $0.02
Zuzu1717: sits out 
Javan_50: posts big blind $0.02
*** HOLE CARDS ***
Dealt to Dorex2007 [5d 8h]
Dorex2007: folds 
LuisZeifer leaves the table
maniekgrand: calls $0.02
Javan_50: checks 
Andorrior: folds 
xblondie70x: folds 
mckissi78: folds 
Parker09SA: checks 
*** FLOP *** [9d 4c Ac]
Parker09SA: checks 
maniekgrand: checks 
Javan_50: checks 
*** TURN *** [9d 4c Ac] [5s]
Parker09SA: checks 
maniekgrand: checks 
Javan_50: checks 
*** RIVER *** [9d 4c Ac 5s] [3h]
Mandanie joins the table at seat #9 
Parker09SA: checks 
maniekgrand: checks 
Zuzu1717 leaves the table
Javan_50: checks 
*** SHOW DOWN ***
Parker09SA: shows [Jh 3d] (a pair of Threes)
maniekgrand: mucks hand 
Javan_50: mucks hand 
Parker09SA collected $0.07 from pot
*** SUMMARY ***
Total pot $0.07 | Rake $0 
Board [9d 4c Ac 5s 3h]
Seat 1: xblondie70x (button) folded before Flop (didn't bet)
Seat 2: mckissi78 (small blind) folded before Flop
Seat 3: Parker09SA (big blind) showed [Jh 3d] and won ($0.07) with a pair of Threes
Seat 5: Dorex2007 folded before Flop (didn't bet)
Seat 6: maniekgrand mucked [Th Qs]
Seat 7: Javan_50 mucked [Qh Td]
Seat 8: Andorrior folded before Flop (didn't bet)



PokerStars Hand #233635167354:  Hold'em No Limit ($0.01/$0.02 USD) - 2022/01/30 14:48:04 PT [2022/01/30 17:48:04 ET]
Table 'Fidelio II' 9-max Seat #2 is the button
Seat 1: xblondie70x ($2.96 in chips) 
Seat 2: mckissi78 ($3.84 in chips) 
Seat 3: Parker09SA ($2.87 in chips) 
Seat 5: Dorex2007 ($2.55 in chips) 
Seat 6: maniekgrand ($0.29 in chips) 
Seat 7: Javan_50 ($1.58 in chips) 
Seat 8: Andorrior ($1.91 in chips) 
Seat 9: Mandanie ($2 in chips) 
Parker09SA: posts small blind $0.01
Dorex2007: posts big blind $0.02
Mandanie: posts big blind $0.02
*** HOLE CARDS ***
Dealt to Dorex2007 [6d 5s]
maniekgrand: folds 
Javan_50: folds 
Andorrior: folds 
Mandanie: checks 
xblondie70x: folds 
mckissi78: raises $0.04 to $0.06
Parker09SA: folds 
Dorex2007: folds 
DodgeGTS4 joins the table at seat #4 
Mandanie has timed out
Mandanie: folds 
Uncalled bet ($0.04) returned to mckissi78
mckissi78 collected $0.07 from pot
mckissi78: doesn't show hand 
*** SUMMARY ***
Total pot $0.07 | Rake $0 
Seat 1: xblondie70x folded before Flop (didn't bet)
Seat 2: mckissi78 (button) collected ($0.07)
Seat 3: Parker09SA (small blind) folded before Flop
Seat 5: Dorex2007 (big blind) folded before Flop
Seat 6: maniekgrand folded before Flop (didn't bet)
Seat 7: Javan_50 folded before Flop (didn't bet)
Seat 8: Andorrior folded before Flop (didn't bet)
Seat 9: Mandanie folded before Flop (didn't bet)



PokerStars Hand #233635193813:  Hold'em No Limit ($0.01/$0.02 USD) - 2022/01/30 14:48:57 PT [2022/01/30 17:48:57 ET]
Table 'Fidelio II' 9-max Seat #3 is the button
Seat 1: xblondie70x ($2.96 in chips) 
Seat 2: mckissi78 ($3.89 in chips) 
Seat 3: Parker09SA ($2.86 in chips) 
Seat 5: Dorex2007 ($2.53 in chips) 
Seat 6: maniekgrand ($0.29 in chips) 
Seat 7: Javan_50 ($1.58 in chips) 
Seat 8: Andorrior ($1.91 in chips) 
Dorex2007: posts small blind $0.01
maniekgrand: posts big blind $0.02
*** HOLE CARDS ***
Dealt to Dorex2007 [6h 6c]
Javan_50: folds 
Andorrior: folds 
xblondie70x: folds 
mckissi78: folds 
Parker09SA: folds 
Dorex2007: raises $0.02 to $0.04
maniekgrand: folds 
Uncalled bet ($0.02) returned to Dorex2007
Dorex2007 collected $0.04 from pot
Dorex2007: doesn't show hand 
*** SUMMARY ***
Total pot $0.04 | Rake $0 
Seat 1: xblondie70x folded before Flop (didn't bet)
Seat 2: mckissi78 folded before Flop (didn't bet)
Seat 3: Parker09SA (button) folded before Flop (didn't bet)
Seat 5: Dorex2007 (small blind) collected ($0.04)
Seat 6: maniekgrand (big blind) folded before Flop
Seat 7: Javan_50 folded before Flop (didn't bet)
Seat 8: Andorrior folded before Flop (didn't bet)



PokerStars Hand #233635202830:  Hold'em No Limit ($0.01/$0.02 USD) - 2022/01/30 14:49:16 PT [2022/01/30 17:49:16 ET]
Table 'Fidelio II' 9-max Seat #5 is the button
Seat 1: xblondie70x ($2.96 in chips) 
Seat 2: mckissi78 ($3.89 in chips) 
Seat 3: Parker09SA ($2.86 in chips) 
Seat 4: DodgeGTS4 ($0.80 in chips) 
Seat 5: Dorex2007 ($2.55 in chips) 
Seat 6: maniekgrand ($0.27 in chips) 
Seat 7: Javan_50 ($1.58 in chips) 
Seat 8: Andorrior ($1.91 in chips) 
maniekgrand: posts small blind $0.01
Javan_50: posts big blind $0.02
DodgeGTS4: posts big blind $0.02
*** HOLE CARDS ***
Dealt to Dorex2007 [5c Ad]
Andorrior: folds 
xblondie70x: folds 
mckissi78: folds 
Parker09SA: raises $0.07 to $0.09
DodgeGTS4: calls $0.07
Dorex2007: folds 
maniekgrand: folds 
Javan_50: folds 
*** FLOP *** [6d Ac Th]
Parker09SA: bets $0.10
DodgeGTS4: folds 
Uncalled bet ($0.10) returned to Parker09SA
Parker09SA collected $0.20 from pot
*** SUMMARY ***
Total pot $0.21 | Rake $0.01 
Board [6d Ac Th]
Seat 1: xblondie70x folded before Flop (didn't bet)
Seat 2: mckissi78 folded before Flop (didn't bet)
Seat 3: Parker09SA collected ($0.20)
Seat 4: DodgeGTS4 folded on the Flop
Seat 5: Dorex2007 (button) folded before Flop (didn't bet)
Seat 6: maniekgrand (small blind) folded before Flop
Seat 7: Javan_50 (big blind) folded before Flop
Seat 8: Andorrior folded before Flop (didn't bet)



PokerStars Hand #233635213791:  Hold'em No Limit ($0.01/$0.02 USD) - 2022/01/30 14:49:38 PT [2022/01/30 17:49:38 ET]
Table 'Fidelio II' 9-max Seat #6 is the button
Seat 1: xblondie70x ($2.96 in chips) 
Seat 2: mckissi78 ($3.89 in chips) 
Seat 3: Parker09SA ($2.97 in chips) 
Seat 4: DodgeGTS4 ($0.71 in chips) 
Seat 5: Dorex2007 ($2.55 in chips) 
Seat 6: maniekgrand ($0.26 in chips) 
Seat 7: Javan_50 ($1.56 in chips) 
Javan_50: posts small blind $0.01
Andorrior: is sitting out 
xblondie70x: posts big blind $0.02
*** HOLE CARDS ***
Dealt to Dorex2007 [6h 2h]
mckissi78: folds 
Parker09SA: raises $0.05 to $0.07
DodgeGTS4: folds 
Dorex2007: folds 
maniekgrand: folds 
Javan_50: folds 
xblondie70x: folds 
Uncalled bet ($0.05) returned to Parker09SA
Parker09SA collected $0.05 from pot
*** SUMMARY ***
Total pot $0.05 | Rake $0 
Seat 1: xblondie70x (big blind) folded before Flop
Seat 2: mckissi78 folded before Flop (didn't bet)
Seat 3: Parker09SA collected ($0.05)
Seat 4: DodgeGTS4 folded before Flop (didn't bet)
Seat 5: Dorex2007 folded before Flop (didn't bet)
Seat 6: maniekgrand (button) folded before Flop (didn't bet)
Seat 7: Javan_50 (small blind) folded before Flop



PokerStars Hand #233635223286:  Hold'em No Limit ($0.01/$0.02 USD) - 2022/01/30 14:49:57 PT [2022/01/30 17:49:57 ET]
Table 'Fidelio II' 9-max Seat #7 is the button
Seat 1: xblondie70x ($2.94 in chips) 
Seat 2: mckissi78 ($3.89 in chips) 
Seat 3: Parker09SA ($3 in chips) 
Seat 4: DodgeGTS4 ($0.71 in chips) 
Seat 5: Dorex2007 ($2.55 in chips) 
Seat 6: maniekgrand ($0.26 in chips) 
Seat 7: Javan_50 ($1.55 in chips) 
xblondie70x: posts small blind $0.01
mckissi78: posts big blind $0.02
*** HOLE CARDS ***
Dealt to Dorex2007 [6c 4h]
Parker09SA: folds 
DodgeGTS4: calls $0.02
Dorex2007: folds 
maniekgrand: calls $0.02
Javan_50: folds 
xblondie70x: folds 
mckissi78: raises $0.02 to $0.04
DodgeGTS4: calls $0.02
maniekgrand: calls $0.02
*** FLOP *** [2d 8d 9d]
mckissi78: checks 
DodgeGTS4: bets $0.08
maniekgrand: folds 
mckissi78: calls $0.08
*** TURN *** [2d 8d 9d] [Qc]
mckissi78: checks 
DodgeGTS4: bets $0.28
mckissi78: folds 
Uncalled bet ($0.28) returned to DodgeGTS4
DodgeGTS4 collected $0.28 from pot
DodgeGTS4: doesn't show hand 
*** SUMMARY ***
Total pot $0.29 | Rake $0.01 
Board [2d 8d 9d Qc]
Seat 1: xblondie70x (small blind) folded before Flop
Seat 2: mckissi78 (big blind) folded on the Turn
Seat 3: Parker09SA folded before Flop (didn't bet)
Seat 4: DodgeGTS4 collected ($0.28)
Seat 5: Dorex2007 folded before Flop (didn't bet)
Seat 6: maniekgrand folded on the Flop
Seat 7: Javan_50 (button) folded before Flop (didn't bet)



PokerStars Hand #233635256343:  Hold'em No Limit ($0.01/$0.02 USD) - 2022/01/30 14:51:06 PT [2022/01/30 17:51:06 ET]
Table 'Fidelio II' 9-max Seat #1 is the button
Seat 1: xblondie70x ($2.93 in chips) 
Seat 2: mckissi78 ($3.77 in chips) 
Seat 3: Parker09SA ($3 in chips) 
Seat 4: DodgeGTS4 ($0.87 in chips) 
Seat 5: Dorex2007 ($2.55 in chips) 
Seat 6: maniekgrand ($0.22 in chips) 
Seat 7: Javan_50 ($1.55 in chips) 
Seat 9: Mandanie ($2 in chips) 
mckissi78: posts small blind $0.01
Parker09SA: posts big blind $0.02
Mandanie: posts small & big blinds $0.03
*** HOLE CARDS ***
Dealt to Dorex2007 [As Ts]
DodgeGTS4: calls $0.02
Dorex2007: raises $0.02 to $0.04
maniekgrand: calls $0.04
Javan_50: folds 
Mandanie: folds 
xblondie70x: folds 
mckissi78: raises $0.02 to $0.06
Parker09SA: folds 
DodgeGTS4: calls $0.04
Dorex2007: calls $0.02
maniekgrand: calls $0.02
*** FLOP *** [6c 8h 3c]
mckissi78: bets $0.08
DodgeGTS4: calls $0.08
Dorex2007: folds 
maniekgrand: folds 
*** TURN *** [6c 8h 3c] [9s]
mckissi78: bets $0.13
DodgeGTS4: folds 
Uncalled bet ($0.13) returned to mckissi78
mckissi78 collected $0.43 from pot
mckissi78: doesn't show hand 
*** SUMMARY ***
Total pot $0.45 | Rake $0.02 
Board [6c 8h 3c 9s]
Seat 1: xblondie70x (button) folded before Flop (didn't bet)
Seat 2: mckissi78 (small blind) collected ($0.43)
Seat 3: Parker09SA (big blind) folded before Flop
Seat 4: DodgeGTS4 folded on the Turn
Seat 5: Dorex2007 folded on the Flop
Seat 6: maniekgrand folded on the Flop
Seat 7: Javan_50 folded before Flop (didn't bet)
Seat 9: Mandanie folded before Flop (didn't bet)



PokerStars Hand #233635280555:  Hold'em No Limit ($0.01/$0.02 USD) - 2022/01/30 14:51:55 PT [2022/01/30 17:51:55 ET]
Table 'Fidelio II' 9-max Seat #2 is the button
Seat 1: xblondie70x ($2.93 in chips) 
Seat 2: mckissi78 ($4.06 in chips) 
Seat 3: Parker09SA ($2.98 in chips) 
Seat 4: DodgeGTS4 ($0.73 in chips) 
Seat 5: Dorex2007 ($2.49 in chips) 
Seat 6: maniekgrand ($0.16 in chips) 
Seat 7: Javan_50 ($1.55 in chips) 
Seat 9: Mandanie ($2 in chips) 
Parker09SA: posts small blind $0.01
DodgeGTS4: posts big blind $0.02
*** HOLE CARDS ***
Dealt to Dorex2007 [4d Td]
Dorex2007: folds 
maniekgrand: calls $0.02
Javan_50: folds 
Mandanie: folds 
xblondie70x: folds 
mckissi78: raises $0.04 to $0.06
Parker09SA: folds 
DodgeGTS4: folds 
maniekgrand: calls $0.04
*** FLOP *** [9d Qs Tc]
maniekgrand: bets $0.02
mckissi78: calls $0.02
*** TURN *** [9d Qs Tc] [6c]
maniekgrand: bets $0.08 and is all-in
mckissi78: calls $0.08
*** RIVER *** [9d Qs Tc 6c] [6d]
*** SHOW DOWN ***
maniekgrand: shows [Qh 4c] (two pair, Queens and Sixes)
mckissi78: shows [Jh Th] (two pair, Tens and Sixes)
maniekgrand collected $0.34 from pot
*** SUMMARY ***
Total pot $0.35 | Rake $0.01 
Board [9d Qs Tc 6c 6d]
Seat 1: xblondie70x folded before Flop (didn't bet)
Seat 2: mckissi78 (button) showed [Jh Th] and lost with two pair, Tens and Sixes
Seat 3: Parker09SA (small blind) folded before Flop
Seat 4: DodgeGTS4 (big blind) folded before Flop
Seat 5: Dorex2007 folded before Flop (didn't bet)
Seat 6: maniekgrand showed [Qh 4c] and won ($0.34) with two pair, Queens and Sixes
Seat 7: Javan_50 folded before Flop (didn't bet)
Seat 9: Mandanie folded before Flop (didn't bet)



PokerStars Hand #233635311509:  Hold'em No Limit ($0.01/$0.02 USD) - 2022/01/30 14:52:47 PT [2022/01/30 17:52:47 ET]
Table 'Fidelio II' 9-max Seat #3 is the button
Seat 1: xblondie70x ($2.93 in chips) 
Seat 2: mckissi78 ($3.90 in chips) 
Seat 3: Parker09SA ($2.97 in chips) 
Seat 5: Dorex2007 ($2.49 in chips) 
Seat 6: maniekgrand ($0.34 in chips) 
Seat 7: Javan_50 ($1.55 in chips) 
Seat 9: Mandanie ($2 in chips) 
Dorex2007: posts small blind $0.01
maniekgrand: posts big blind $0.02
*** HOLE CARDS ***
Dealt to Dorex2007 [Qc As]
Javan_50: folds 
Mandanie: folds 
xblondie70x: folds 
mckissi78: folds 
Parker09SA: raises $0.04 to $0.06
Dorex2007: calls $0.05
maniekgrand: calls $0.04
*** FLOP *** [Js 3s Qh]
Dorex2007: bets $0.11
maniekgrand: folds 
Parker09SA: folds 
Uncalled bet ($0.11) returned to Dorex2007
Dorex2007 collected $0.17 from pot
Dorex2007: doesn't show hand 
*** SUMMARY ***
Total pot $0.18 | Rake $0.01 
Board [Js 3s Qh]
Seat 1: xblondie70x folded before Flop (didn't bet)
Seat 2: mckissi78 folded before Flop (didn't bet)
Seat 3: Parker09SA (button) folded on the Flop
Seat 5: Dorex2007 (small blind) collected ($0.17)
Seat 6: maniekgrand (big blind) folded on the Flop
Seat 7: Javan_50 folded before Flop (didn't bet)
Seat 9: Mandanie folded before Flop (didn't bet)



PokerStars Hand #233635327392:  Hold'em No Limit ($0.01/$0.02 USD) - 2022/01/30 14:53:20 PT [2022/01/30 17:53:20 ET]
Table 'Fidelio II' 9-max Seat #5 is the button
Seat 1: xblondie70x ($2.93 in chips) 
Seat 2: mckissi78 ($3.90 in chips) 
Seat 3: Parker09SA ($2.91 in chips) 
Seat 5: Dorex2007 ($2.60 in chips) 
Seat 6: maniekgrand ($0.28 in chips) 
Seat 7: Javan_50 ($1.55 in chips) 
Seat 9: Mandanie ($2 in chips) 
maniekgrand: posts small blind $0.01
Javan_50: posts big blind $0.02
*** HOLE CARDS ***
Dealt to Dorex2007 [6h Th]
Mandanie: folds 
xblondie70x: folds 
mckissi78: folds 
Parker09SA: folds 
Dorex2007: folds 
maniekgrand: calls $0.01
Javan_50: checks 
*** FLOP *** [2h 9c 5h]
maniekgrand: bets $0.02
Javan_50: calls $0.02
*** TURN *** [2h 9c 5h] [8d]
maniekgrand: bets $0.02
Javan_50: calls $0.02
*** RIVER *** [2h 9c 5h 8d] [Qs]
maniekgrand: bets $0.02
Javan_50: raises $0.32 to $0.34
maniekgrand: folds 
Uncalled bet ($0.32) returned to Javan_50
Javan_50 collected $0.15 from pot
Javan_50: doesn't show hand 
*** SUMMARY ***
Total pot $0.16 | Rake $0.01 
Board [2h 9c 5h 8d Qs]
Seat 1: xblondie70x folded before Flop (didn't bet)
Seat 2: mckissi78 folded before Flop (didn't bet)
Seat 3: Parker09SA folded before Flop (didn't bet)
Seat 5: Dorex2007 (button) folded before Flop (didn't bet)
Seat 6: maniekgrand (small blind) folded on the River
Seat 7: Javan_50 (big blind) collected ($0.15)
Seat 9: Mandanie folded before Flop (didn't bet)



PokerStars Hand #233635355814:  Hold'em No Limit ($0.01/$0.02 USD) - 2022/01/30 14:54:19 PT [2022/01/30 17:54:19 ET]
Table 'Fidelio II' 9-max Seat #6 is the button
Seat 1: xblondie70x ($2.93 in chips) 
Seat 2: mckissi78 ($3.90 in chips) 
Seat 3: Parker09SA ($2.91 in chips) 
Seat 5: Dorex2007 ($2.60 in chips) 
Seat 6: maniekgrand ($0.20 in chips) 
Seat 7: Javan_50 ($1.62 in chips) 
Seat 8: Andorrior ($1.91 in chips) 
Seat 9: Mandanie ($2 in chips) 
Javan_50: posts small blind $0.01
Andorrior: posts big blind $0.02
*** HOLE CARDS ***
Dealt to Dorex2007 [Ts 7c]
Mandanie: folds 
xblondie70x: folds 
mckissi78: raises $0.02 to $0.04
Parker09SA: folds 
Dorex2007: folds 
maniekgrand: calls $0.04
Javan_50: folds 
Andorrior: calls $0.02
*** FLOP *** [9s Tc 4h]
Andorrior: checks 
mckissi78: bets $0.07
maniekgrand: folds 
Andorrior: folds 
Uncalled bet ($0.07) returned to mckissi78
mckissi78 collected $0.13 from pot
mckissi78: doesn't show hand 
*** SUMMARY ***
Total pot $0.13 | Rake $0 
Board [9s Tc 4h]
Seat 1: xblondie70x folded before Flop (didn't bet)
Seat 2: mckissi78 collected ($0.13)
Seat 3: Parker09SA folded before Flop (didn't bet)
Seat 5: Dorex2007 folded before Flop (didn't bet)
Seat 6: maniekgrand (button) folded on the Flop
Seat 7: Javan_50 (small blind) folded before Flop
Seat 8: Andorrior (big blind) folded on the Flop
Seat 9: Mandanie folded before Flop (didn't bet)



PokerStars Hand #233635373822:  Hold'em No Limit ($0.01/$0.02 USD) - 2022/01/30 14:54:57 PT [2022/01/30 17:54:57 ET]
Table 'Fidelio II' 9-max Seat #7 is the button
Seat 1: xblondie70x ($2.93 in chips) 
Seat 2: mckissi78 ($3.99 in chips) 
Seat 3: Parker09SA ($2.91 in chips) 
Seat 5: Dorex2007 ($2.60 in chips) 
Seat 6: maniekgrand ($0.16 in chips) 
Seat 7: Javan_50 ($1.61 in chips) 
Seat 8: Andorrior ($1.87 in chips) 
Seat 9: Mandanie ($2 in chips) 
Andorrior: posts small blind $0.01
Mandanie: posts big blind $0.02
*** HOLE CARDS ***
Dealt to Dorex2007 [Kc 5h]
xblondie70x: folds 
mckissi78 has timed out
mckissi78: folds 
Parker09SA: raises $0.04 to $0.06
Dorex2007: folds 
maniekgrand: folds 
Javan_50: folds 
Andorrior: folds 
Mandanie: folds 
Uncalled bet ($0.04) returned to Parker09SA
Parker09SA collected $0.05 from pot
*** SUMMARY ***
Total pot $0.05 | Rake $0 
Seat 1: xblondie70x folded before Flop (didn't bet)
Seat 2: mckissi78 folded before Flop (didn't bet)
Seat 3: Parker09SA collected ($0.05)
Seat 5: Dorex2007 folded before Flop (didn't bet)
Seat 6: maniekgrand folded before Flop (didn't bet)
Seat 7: Javan_50 (button) folded before Flop (didn't bet)
Seat 8: Andorrior (small blind) folded before Flop
Seat 9: Mandanie (big blind) folded before Flop



PokerStars Hand #233635385111:  Hold'em No Limit ($0.01/$0.02 USD) - 2022/01/30 14:55:25 PT [2022/01/30 17:55:25 ET]
Table 'Fidelio II' 9-max Seat #8 is the button
Seat 1: xblondie70x ($2.93 in chips) 
Seat 2: mckissi78 ($3.99 in chips) 
Seat 3: Parker09SA ($2.94 in chips) 
Seat 5: Dorex2007 ($2.60 in chips) 
Seat 6: maniekgrand ($0.16 in chips) 
Seat 7: Javan_50 ($1.61 in chips) 
Seat 8: Andorrior ($1.86 in chips) 
Seat 9: Mandanie ($2 in chips) 
Mandanie: posts small blind $0.01
xblondie70x: posts big blind $0.02
*** HOLE CARDS ***
Dealt to Dorex2007 [Kh 8h]
mckissi78: folds 
Parker09SA: folds 
Dorex2007: folds 
maniekgrand: calls $0.02
Javan_50: folds 
Andorrior: folds 
Mandanie: calls $0.01
xblondie70x: checks 
*** FLOP *** [5d As 5h]
Mandanie: checks 
xblondie70x: checks 
maniekgrand: bets $0.02
Mandanie: folds 
xblondie70x: folds 
Uncalled bet ($0.02) returned to maniekgrand
maniekgrand collected $0.06 from pot
maniekgrand: doesn't show hand 
*** SUMMARY ***
Total pot $0.06 | Rake $0 
Board [5d As 5h]
Seat 1: xblondie70x (big blind) folded on the Flop
Seat 2: mckissi78 folded before Flop (didn't bet)
Seat 3: Parker09SA folded before Flop (didn't bet)
Seat 5: Dorex2007 folded before Flop (didn't bet)
Seat 6: maniekgrand collected ($0.06)
Seat 7: Javan_50 folded before Flop (didn't bet)
Seat 8: Andorrior (button) folded before Flop (didn't bet)
Seat 9: Mandanie (small blind) folded on the Flop



PokerStars Hand #233635407335:  Hold'em No Limit ($0.01/$0.02 USD) - 2022/01/30 14:56:14 PT [2022/01/30 17:56:14 ET]
Table 'Fidelio II' 9-max Seat #9 is the button
Seat 1: xblondie70x ($2.91 in chips) 
Seat 2: mckissi78 ($3.99 in chips) 
Seat 3: Parker09SA ($2.94 in chips) 
Seat 5: Dorex2007 ($2.60 in chips) 
Seat 6: maniekgrand ($0.20 in chips) 
Seat 7: Javan_50 ($1.61 in chips) 
Seat 8: Andorrior ($1.86 in chips) 
Seat 9: Mandanie ($2 in chips) 
xblondie70x: posts small blind $0.01
mckissi78: posts big blind $0.02
*** HOLE CARDS ***
Dealt to Dorex2007 [7d 3s]
Parker09SA: folds 
Dorex2007: folds 
maniekgrand: calls $0.02
Javan_50: folds 
Andorrior: folds 
Mandanie: folds 
xblondie70x: calls $0.01
mckissi78: raises $0.06 to $0.08
maniekgrand: calls $0.06
xblondie70x: calls $0.06
*** FLOP *** [2s Td 3h]
xblondie70x: checks 
mckissi78: bets $0.07
maniekgrand: folds 
xblondie70x: calls $0.07
*** TURN *** [2s Td 3h] [4c]
xblondie70x: checks 
mckissi78: checks 
*** RIVER *** [2s Td 3h 4c] [Kh]
xblondie70x: bets $0.02
mckissi78: folds 
Uncalled bet ($0.02) returned to xblondie70x
xblondie70x collected $0.37 from pot
xblondie70x: doesn't show hand 
*** SUMMARY ***
Total pot $0.38 | Rake $0.01 
Board [2s Td 3h 4c Kh]
Seat 1: xblondie70x (small blind) collected ($0.37)
Seat 2: mckissi78 (big blind) folded on the River
Seat 3: Parker09SA folded before Flop (didn't bet)
Seat 5: Dorex2007 folded before Flop (didn't bet)
Seat 6: maniekgrand folded on the Flop
Seat 7: Javan_50 folded before Flop (didn't bet)
Seat 8: Andorrior folded before Flop (didn't bet)
Seat 9: Mandanie (button) folded before Flop (didn't bet)



PokerStars Hand #233635427301:  Hold'em No Limit ($0.01/$0.02 USD) - 2022/01/30 14:57:15 PT [2022/01/30 17:57:15 ET]
Table 'Fidelio II' 9-max Seat #1 is the button
Seat 1: xblondie70x ($3.13 in chips) 
Seat 2: mckissi78 ($3.84 in chips) 
Seat 3: Parker09SA ($2.94 in chips) 
Seat 5: Dorex2007 ($2.60 in chips) 
Seat 6: maniekgrand ($0.12 in chips) 
Seat 7: Javan_50 ($1.61 in chips) 
Seat 9: Mandanie ($2 in chips) 
mckissi78: posts small blind $0.01
Parker09SA: posts big blind $0.02
*** HOLE CARDS ***
Dealt to Dorex2007 [7c Kh]
Dorex2007: folds 
maniekgrand: folds 
Javan_50: folds 
Mandanie: folds 
xblondie70x: folds 
mckissi78: folds 
Uncalled bet ($0.01) returned to Parker09SA
Parker09SA collected $0.02 from pot
*** SUMMARY ***
Total pot $0.02 | Rake $0 
Seat 1: xblondie70x (button) folded before Flop (didn't bet)
Seat 2: mckissi78 (small blind) folded before Flop
Seat 3: Parker09SA (big blind) collected ($0.02)
Seat 5: Dorex2007 folded before Flop (didn't bet)
Seat 6: maniekgrand folded before Flop (didn't bet)
Seat 7: Javan_50 folded before Flop (didn't bet)
Seat 9: Mandanie folded before Flop (didn't bet)



PokerStars Hand #233635431696:  Hold'em No Limit ($0.01/$0.02 USD) - 2022/01/30 14:57:29 PT [2022/01/30 17:57:29 ET]
Table 'Fidelio II' 9-max Seat #2 is the button
Seat 1: xblondie70x ($3.13 in chips) 
Seat 2: mckissi78 ($3.83 in chips) 
Seat 3: Parker09SA ($2.95 in chips) 
Seat 5: Dorex2007 ($2.60 in chips) 
Seat 6: maniekgrand ($0.12 in chips) 
Seat 7: Javan_50 ($1.61 in chips) 
Seat 9: Mandanie ($2 in chips) 
Parker09SA: posts small blind $0.01
Dorex2007: posts big blind $0.02
*** HOLE CARDS ***
Dealt to Dorex2007 [5h 8s]
maniekgrand: folds 
Javan_50: folds 
Mandanie: folds 
xblondie70x: folds 
mckissi78: folds 
Parker09SA: folds 
Uncalled bet ($0.01) returned to Dorex2007
Dorex2007 collected $0.02 from pot
Dorex2007: doesn't show hand 
*** SUMMARY ***
Total pot $0.02 | Rake $0 
Seat 1: xblondie70x folded before Flop (didn't bet)
Seat 2: mckissi78 (button) folded before Flop (didn't bet)
Seat 3: Parker09SA (small blind) folded before Flop
Seat 5: Dorex2007 (big blind) collected ($0.02)
Seat 6: maniekgrand folded before Flop (didn't bet)
Seat 7: Javan_50 folded before Flop (didn't bet)
Seat 9: Mandanie folded before Flop (didn't bet)



PokerStars Hand #233635437543:  Hold'em No Limit ($0.01/$0.02 USD) - 2022/01/30 14:57:47 PT [2022/01/30 17:57:47 ET]
Table 'Fidelio II' 9-max Seat #3 is the button
Seat 1: xblondie70x ($3.13 in chips) 
Seat 2: mckissi78 ($3.83 in chips) 
Seat 3: Parker09SA ($2.94 in chips) 
Seat 5: Dorex2007 ($2.61 in chips) 
Seat 6: maniekgrand ($0.12 in chips) 
Seat 7: Javan_50 ($1.61 in chips) 
Seat 9: Mandanie ($2 in chips) 
Dorex2007: posts small blind $0.01
maniekgrand: posts big blind $0.02
*** HOLE CARDS ***
Dealt to Dorex2007 [Qc 9c]
Javan_50: folds 
Mandanie: folds 
xblondie70x: folds 
mckissi78: folds 
Parker09SA: raises $0.04 to $0.06
Dorex2007: folds 
maniekgrand: folds 
Uncalled bet ($0.04) returned to Parker09SA
Parker09SA collected $0.05 from pot
*** SUMMARY ***
Total pot $0.05 | Rake $0 
Seat 1: xblondie70x folded before Flop (didn't bet)
Seat 2: mckissi78 folded before Flop (didn't bet)
Seat 3: Parker09SA (button) collected ($0.05)
Seat 5: Dorex2007 (small blind) folded before Flop
Seat 6: maniekgrand (big blind) folded before Flop
Seat 7: Javan_50 folded before Flop (didn't bet)
Seat 9: Mandanie folded before Flop (didn't bet)



PokerStars Hand #233635445886:  Hold'em No Limit ($0.01/$0.02 USD) - 2022/01/30 14:58:13 PT [2022/01/30 17:58:13 ET]
Table 'Fidelio II' 9-max Seat #5 is the button
Seat 1: xblondie70x ($3.13 in chips) 
Seat 2: mckissi78 ($3.83 in chips) 
Seat 3: Parker09SA ($2.97 in chips) 
Seat 5: Dorex2007 ($2.60 in chips) 
Seat 6: maniekgrand ($0.10 in chips) 
Seat 7: Javan_50 ($1.61 in chips) 
Seat 9: Mandanie ($2 in chips) 
maniekgrand: posts small blind $0.01
Javan_50: posts big blind $0.02
*** HOLE CARDS ***
Dealt to Dorex2007 [8c 3c]
Mandanie: raises $0.04 to $0.06
xblondie70x: calls $0.06
mckissi78: folds 
Parker09SA: calls $0.06
Dorex2007: folds 
maniekgrand: calls $0.05
Javan_50: folds 
*** FLOP *** [6d 7d 5d]
maniekgrand: bets $0.04 and is all-in
Mandanie: folds 
xblondie70x: raises $0.04 to $0.08
Parker09SA: folds 
Uncalled bet ($0.04) returned to xblondie70x
*** TURN *** [6d 7d 5d] [Jc]
*** RIVER *** [6d 7d 5d Jc] [Kc]
*** SHOW DOWN ***
maniekgrand: shows [4h 2h] (high card King)
xblondie70x: shows [9d Ad] (a flush, Ace high)
xblondie70x collected $0.33 from pot
*** SUMMARY ***
Total pot $0.34 | Rake $0.01 
Board [6d 7d 5d Jc Kc]
Seat 1: xblondie70x showed [9d Ad] and won ($0.33) with a flush, Ace high
Seat 2: mckissi78 folded before Flop (didn't bet)
Seat 3: Parker09SA folded on the Flop
Seat 5: Dorex2007 (button) folded before Flop (didn't bet)
Seat 6: maniekgrand (small blind) showed [4h 2h] and lost with high card King
Seat 7: Javan_50 (big blind) folded before Flop
Seat 9: Mandanie folded on the Flop



PokerStars Hand #233635463483:  Hold'em No Limit ($0.01/$0.02 USD) - 2022/01/30 14:59:08 PT [2022/01/30 17:59:08 ET]
Table 'Fidelio II' 9-max Seat #7 is the button
Seat 1: xblondie70x ($3.36 in chips) 
Seat 2: mckissi78 ($3.83 in chips) 
Seat 3: Parker09SA ($2.91 in chips) 
Seat 5: Dorex2007 ($2.60 in chips) 
Seat 7: Javan_50 ($1.59 in chips) 
Seat 9: Mandanie ($2 in chips) 
Mandanie: posts small blind $0.01
xblondie70x: posts big blind $0.02
*** HOLE CARDS ***
Dealt to Dorex2007 [Qd 8d]
mckissi78: folds 
Parker09SA: folds 
Dorex2007: folds 
Javan_50: folds 
Mandanie: raises $0.04 to $0.06
xblondie70x: raises $0.04 to $0.10
Mandanie: calls $0.04
*** FLOP *** [3c 5h 3h]
Mandanie: bets $1.90 and is all-in
xblondie70x: folds 
Uncalled bet ($1.90) returned to Mandanie
Mandanie collected $0.19 from pot
Mandanie: doesn't show hand 
*** SUMMARY ***
Total pot $0.20 | Rake $0.01 
Board [3c 5h 3h]
Seat 1: xblondie70x (big blind) folded on the Flop
Seat 2: mckissi78 folded before Flop (didn't bet)
Seat 3: Parker09SA folded before Flop (didn't bet)
Seat 5: Dorex2007 folded before Flop (didn't bet)
Seat 7: Javan_50 (button) folded before Flop (didn't bet)
Seat 9: Mandanie (small blind) collected ($0.19)



PokerStars Hand #233635478597:  Hold'em No Limit ($0.01/$0.02 USD) - 2022/01/30 14:59:55 PT [2022/01/30 17:59:55 ET]
Table 'Fidelio II' 9-max Seat #9 is the button
Seat 1: xblondie70x ($3.26 in chips) 
Seat 2: mckissi78 ($3.83 in chips) 
Seat 3: Parker09SA ($2.91 in chips) 
Seat 4: DodgeGTS4 ($0.71 in chips) 
Seat 5: Dorex2007 ($2.60 in chips) 
Seat 6: maniekgrand ($0.80 in chips) 
Seat 7: Javan_50 ($1.59 in chips) 
Seat 9: Mandanie ($2.09 in chips) 
xblondie70x: posts small blind $0.01
mckissi78: posts big blind $0.02
DodgeGTS4: posts small & big blinds $0.03
*** HOLE CARDS ***
Dealt to Dorex2007 [Jc 2c]
Parker09SA: folds 
DodgeGTS4: raises $0.03 to $0.05
Dorex2007: folds 
maniekgrand: folds 
Javan_50: folds 
Mandanie: folds 
xblondie70x: folds 
mckissi78: calls $0.03
*** FLOP *** [4c 6h Kc]
mckissi78: bets $0.06
DodgeGTS4: folds 
Uncalled bet ($0.06) returned to mckissi78
mckissi78 collected $0.12 from pot
mckissi78: doesn't show hand 
*** SUMMARY ***
Total pot $0.12 | Rake $0 
Board [4c 6h Kc]
Seat 1: xblondie70x (small blind) folded before Flop
Seat 2: mckissi78 (big blind) collected ($0.12)
Seat 3: Parker09SA folded before Flop (didn't bet)
Seat 4: DodgeGTS4 folded on the Flop
Seat 5: Dorex2007 folded before Flop (didn't bet)
Seat 6: maniekgrand folded before Flop (didn't bet)
Seat 7: Javan_50 folded before Flop (didn't bet)
Seat 9: Mandanie (button) folded before Flop (didn't bet)



PokerStars Hand #233635489966:  Hold'em No Limit ($0.01/$0.02 USD) - 2022/01/30 15:00:29 PT [2022/01/30 18:00:29 ET]
Table 'Fidelio II' 9-max Seat #1 is the button
Seat 1: xblondie70x ($3.25 in chips) 
Seat 2: mckissi78 ($3.90 in chips) 
Seat 3: Parker09SA ($2.91 in chips) 
Seat 4: DodgeGTS4 ($0.65 in chips) 
Seat 5: Dorex2007 ($2.60 in chips) 
Seat 6: maniekgrand ($0.80 in chips) 
Seat 7: Javan_50 ($1.59 in chips) 
Seat 9: Mandanie ($2.09 in chips) 
mckissi78: posts small blind $0.01
Parker09SA: posts big blind $0.02
*** HOLE CARDS ***
Dealt to Dorex2007 [4s 8s]
DodgeGTS4: folds 
Dorex2007: folds 
maniekgrand: calls $0.02
Javan_50: folds 
Mandanie: folds 
xblondie70x: calls $0.02
mckissi78: folds 
Parker09SA: checks 
*** FLOP *** [Jc 5c 6d]
Parker09SA: checks 
maniekgrand: bets $0.02
xblondie70x: calls $0.02
Parker09SA: calls $0.02
*** TURN *** [Jc 5c 6d] [Qs]
Parker09SA: checks 
maniekgrand: bets $0.02
xblondie70x: calls $0.02
Parker09SA: folds 
*** RIVER *** [Jc 5c 6d Qs] [Qc]
maniekgrand: bets $0.06
xblondie70x: raises $0.06 to $0.12
maniekgrand: folds 
Uncalled bet ($0.06) returned to xblondie70x
xblondie70x collected $0.28 from pot
xblondie70x: doesn't show hand 
*** SUMMARY ***
Total pot $0.29 | Rake $0.01 
Board [Jc 5c 6d Qs Qc]
Seat 1: xblondie70x (button) collected ($0.28)
Seat 2: mckissi78 (small blind) folded before Flop
Seat 3: Parker09SA (big blind) folded on the Turn
Seat 4: DodgeGTS4 folded before Flop (didn't bet)
Seat 5: Dorex2007 folded before Flop (didn't bet)
Seat 6: maniekgrand folded on the River
Seat 7: Javan_50 folded before Flop (didn't bet)
Seat 9: Mandanie folded before Flop (didn't bet)



PokerStars Hand #233635514723:  Hold'em No Limit ($0.01/$0.02 USD) - 2022/01/30 15:01:35 PT [2022/01/30 18:01:35 ET]
Table 'Fidelio II' 9-max Seat #2 is the button
Seat 1: xblondie70x ($3.41 in chips) 
Seat 2: mckissi78 ($3.89 in chips) 
Seat 3: Parker09SA ($2.87 in chips) 
Seat 4: DodgeGTS4 ($0.65 in chips) 
Seat 5: Dorex2007 ($2.60 in chips) 
Seat 6: maniekgrand ($0.68 in chips) 
Seat 7: Javan_50 ($1.59 in chips) 
Seat 9: Mandanie ($2.09 in chips) 
Parker09SA: posts small blind $0.01
DodgeGTS4: posts big blind $0.02
*** HOLE CARDS ***
Dealt to Dorex2007 [8h Jd]
Dorex2007: folds 
maniekgrand: calls $0.02
Javan_50: folds 
Mandanie: folds 
xblondie70x: folds 
mckissi78: folds 
Parker09SA: calls $0.01
DodgeGTS4: raises $0.03 to $0.05
maniekgrand: calls $0.03
Parker09SA: folds 
*** FLOP *** [Ah Jc 3h]
DodgeGTS4: bets $0.04
maniekgrand: folds 
Uncalled bet ($0.04) returned to DodgeGTS4
DodgeGTS4 collected $0.12 from pot
DodgeGTS4: doesn't show hand 
*** SUMMARY ***
Total pot $0.12 | Rake $0 
Board [Ah Jc 3h]
Seat 1: xblondie70x folded before Flop (didn't bet)
Seat 2: mckissi78 (button) folded before Flop (didn't bet)
Seat 3: Parker09SA (small blind) folded before Flop
Seat 4: DodgeGTS4 (big blind) collected ($0.12)
Seat 5: Dorex2007 folded before Flop (didn't bet)
Seat 6: maniekgrand folded on the Flop
Seat 7: Javan_50 folded before Flop (didn't bet)
Seat 9: Mandanie folded before Flop (didn't bet)



PokerStars Hand #233635531742:  Hold'em No Limit ($0.01/$0.02 USD) - 2022/01/30 15:02:06 PT [2022/01/30 18:02:06 ET]
Table 'Fidelio II' 9-max Seat #3 is the button
Seat 1: xblondie70x ($3.41 in chips) 
Seat 2: mckissi78 ($3.89 in chips) 
Seat 3: Parker09SA ($2.85 in chips) 
Seat 4: DodgeGTS4 ($0.72 in chips) 
Seat 5: Dorex2007 ($2.60 in chips) 
Seat 6: maniekgrand ($0.63 in chips) 
Seat 7: Javan_50 ($1.59 in chips) 
Seat 9: Mandanie ($2.09 in chips) 
DodgeGTS4: posts small blind $0.01
Dorex2007: posts big blind $0.02
Andorrior: sits out 
*** HOLE CARDS ***
Dealt to Dorex2007 [5s 3d]
maniekgrand: folds 
Javan_50: folds 
Mandanie: folds 
xblondie70x: folds 
mckissi78 has timed out
mckissi78: folds 
Parker09SA: folds 
DodgeGTS4: folds 
Uncalled bet ($0.01) returned to Dorex2007
Dorex2007 collected $0.02 from pot
Dorex2007: doesn't show hand 
*** SUMMARY ***
Total pot $0.02 | Rake $0 
Seat 1: xblondie70x folded before Flop (didn't bet)
Seat 2: mckissi78 folded before Flop (didn't bet)
Seat 3: Parker09SA (button) folded before Flop (didn't bet)
Seat 4: DodgeGTS4 (small blind) folded before Flop
Seat 5: Dorex2007 (big blind) collected ($0.02)
Seat 6: maniekgrand folded before Flop (didn't bet)
Seat 7: Javan_50 folded before Flop (didn't bet)
Seat 9: Mandanie folded before Flop (didn't bet)



PokerStars Hand #233635541311:  Hold'em No Limit ($0.01/$0.02 USD) - 2022/01/30 15:02:27 PT [2022/01/30 18:02:27 ET]
Table 'Fidelio II' 9-max Seat #4 is the button
Seat 1: xblondie70x ($3.41 in chips) 
Seat 2: mckissi78 ($3.89 in chips) 
Seat 3: Parker09SA ($2.85 in chips) 
Seat 4: DodgeGTS4 ($0.71 in chips) 
Seat 5: Dorex2007 ($2.61 in chips) 
Seat 6: maniekgrand ($0.63 in chips) 
Seat 7: Javan_50 ($1.59 in chips) 
Seat 9: Mandanie ($2.09 in chips) 
Dorex2007: posts small blind $0.01
maniekgrand: posts big blind $0.02
Andorrior: sits out 
*** HOLE CARDS ***
Dealt to Dorex2007 [5c 2c]
Javan_50: folds 
Mandanie: raises $0.04 to $0.06
xblondie70x: folds 
mckissi78: raises $0.04 to $0.10
Parker09SA: folds 
DodgeGTS4: calls $0.10
Dorex2007: folds 
maniekgrand: folds 
Mandanie: raises $1.99 to $2.09 and is all-in
mckissi78: calls $1.99
DodgeGTS4: folds 
*** FLOP *** [Jh 8h Js]
*** TURN *** [Jh 8h Js] [Th]
*** RIVER *** [Jh 8h Js Th] [4c]
*** SHOW DOWN ***
Mandanie: shows [Ac Ks] (a pair of Jacks)
mckissi78: shows [Qs Qc] (two pair, Queens and Jacks)
mckissi78 collected $4.12 from pot
*** SUMMARY ***
Total pot $4.31 | Rake $0.19 
Board [Jh 8h Js Th 4c]
Seat 1: xblondie70x folded before Flop (didn't bet)
Seat 2: mckissi78 showed [Qs Qc] and won ($4.12) with two pair, Queens and Jacks
Seat 3: Parker09SA folded before Flop (didn't bet)
Seat 4: DodgeGTS4 (button) folded before Flop
Seat 5: Dorex2007 (small blind) folded before Flop
Seat 6: maniekgrand (big blind) folded before Flop
Seat 7: Javan_50 folded before Flop (didn't bet)
Seat 9: Mandanie showed [Ac Ks] and lost with a pair of Jacks



PokerStars Hand #233635558677:  Hold'em No Limit ($0.01/$0.02 USD) - 2022/01/30 15:03:05 PT [2022/01/30 18:03:05 ET]
Table 'Fidelio II' 9-max Seat #5 is the button
Seat 1: xblondie70x ($3.41 in chips) 
Seat 2: mckissi78 ($5.92 in chips) 
Seat 3: Parker09SA ($2.85 in chips) 
Seat 4: DodgeGTS4 ($0.61 in chips) 
Seat 5: Dorex2007 ($2.60 in chips) 
Seat 6: maniekgrand ($0.61 in chips) 
Seat 7: Javan_50 ($1.59 in chips) 
maniekgrand: posts small blind $0.01
Javan_50: posts big blind $0.02
Andorrior: sits out 
*** HOLE CARDS ***
Dealt to Dorex2007 [7h 5c]
xblondie70x: folds 
mckissi78: raises $0.02 to $0.04
Mandanie leaves the table
Parker09SA: folds 
DodgeGTS4: folds 
Dorex2007: folds 
maniekgrand: calls $0.03
Javan_50: folds 
*** FLOP *** [Kh 9h 2d]
Rad wings joins the table at seat #9 
maniekgrand: bets $0.02
mckissi78: calls $0.02
*** TURN *** [Kh 9h 2d] [3s]
maniekgrand: checks 
mckissi78: checks 
*** RIVER *** [Kh 9h 2d 3s] [As]
maniekgrand: bets $0.02
mckissi78: folds 
Uncalled bet ($0.02) returned to maniekgrand
maniekgrand collected $0.14 from pot
maniekgrand: doesn't show hand 
*** SUMMARY ***
Total pot $0.14 | Rake $0 
Board [Kh 9h 2d 3s As]
Seat 1: xblondie70x folded before Flop (didn't bet)
Seat 2: mckissi78 folded on the River
Seat 3: Parker09SA folded before Flop (didn't bet)
Seat 4: DodgeGTS4 folded before Flop (didn't bet)
Seat 5: Dorex2007 (button) folded before Flop (didn't bet)
Seat 6: maniekgrand (small blind) collected ($0.14)
Seat 7: Javan_50 (big blind) folded before Flop



PokerStars Hand #233635579220:  Hold'em No Limit ($0.01/$0.02 USD) - 2022/01/30 15:03:51 PT [2022/01/30 18:03:51 ET]
Table 'Fidelio II' 9-max Seat #6 is the button
Seat 1: xblondie70x ($3.41 in chips) 
Seat 2: mckissi78 ($5.86 in chips) 
Seat 3: Parker09SA ($2.85 in chips) 
Seat 4: DodgeGTS4 ($0.61 in chips) 
Seat 5: Dorex2007 ($2.60 in chips) 
Seat 6: maniekgrand ($0.69 in chips) 
Seat 7: Javan_50 ($1.57 in chips) 
Seat 8: Andorrior ($1.86 in chips) 
Javan_50: posts small blind $0.01
Andorrior: posts big blind $0.02
Rad wings: sits out 
*** HOLE CARDS ***
Dealt to Dorex2007 [7d Qc]
xblondie70x: folds 
mckissi78: folds 
Parker09SA: folds 
DodgeGTS4: folds 
Dorex2007: folds 
maniekgrand: calls $0.02
Javan_50: folds 
Andorrior: checks 
*** FLOP *** [6h 4d 7s]
Andorrior: checks 
maniekgrand: bets $0.02
Andorrior: calls $0.02
*** TURN *** [6h 4d 7s] [5s]
Andorrior: checks 
maniekgrand: bets $0.02
Andorrior: calls $0.02
*** RIVER *** [6h 4d 7s 5s] [Jd]
Andorrior: checks 
maniekgrand: bets $0.10
Andorrior: folds 
Uncalled bet ($0.10) returned to maniekgrand
maniekgrand collected $0.13 from pot
maniekgrand: doesn't show hand 
*** SUMMARY ***
Total pot $0.13 | Rake $0 
Board [6h 4d 7s 5s Jd]
Seat 1: xblondie70x folded before Flop (didn't bet)
Seat 2: mckissi78 folded before Flop (didn't bet)
Seat 3: Parker09SA folded before Flop (didn't bet)
Seat 4: DodgeGTS4 folded before Flop (didn't bet)
Seat 5: Dorex2007 folded before Flop (didn't bet)
Seat 6: maniekgrand (button) collected ($0.13)
Seat 7: Javan_50 (small blind) folded before Flop
Seat 8: Andorrior (big blind) folded on the River



PokerStars Hand #233635620197:  Hold'em No Limit ($0.01/$0.02 USD) - 2022/01/30 15:05:07 PT [2022/01/30 18:05:07 ET]
Table 'Fidelio II' 9-max Seat #7 is the button
Seat 1: xblondie70x ($3.41 in chips) 
Seat 2: mckissi78 ($5.86 in chips) 
Seat 3: Parker09SA ($2.85 in chips) 
Seat 4: DodgeGTS4 ($0.61 in chips) 
Seat 5: Dorex2007 ($2.60 in chips) 
Seat 6: maniekgrand ($0.76 in chips) 
Seat 7: Javan_50 ($1.56 in chips) 
Seat 8: Andorrior ($1.80 in chips) 
Seat 9: Rad wings ($1.60 in chips) 
Andorrior: posts small blind $0.01
Rad wings: posts big blind $0.02
*** HOLE CARDS ***
Dealt to Dorex2007 [Ad Qd]
xblondie70x: folds 
mckissi78: folds 
Parker09SA: folds 
DodgeGTS4: raises $0.03 to $0.05
Dorex2007: calls $0.05
maniekgrand: folds 
Javan_50: folds 
Andorrior: folds 
Rad wings: calls $0.03
*** FLOP *** [2h 8s Jd]
Rad wings: checks 
DodgeGTS4: bets $0.05
Dorex2007: calls $0.05
Rad wings: calls $0.05
*** TURN *** [2h 8s Jd] [Qs]
Rad wings: checks 
DodgeGTS4: checks 
Dorex2007: bets $0.15
Rad wings: folds 
DodgeGTS4: folds 
Uncalled bet ($0.15) returned to Dorex2007
Dorex2007 collected $0.30 from pot
Dorex2007: doesn't show hand 
*** SUMMARY ***
Total pot $0.31 | Rake $0.01 
Board [2h 8s Jd Qs]
Seat 1: xblondie70x folded before Flop (didn't bet)
Seat 2: mckissi78 folded before Flop (didn't bet)
Seat 3: Parker09SA folded before Flop (didn't bet)
Seat 4: DodgeGTS4 folded on the Turn
Seat 5: Dorex2007 collected ($0.30)
Seat 6: maniekgrand folded before Flop (didn't bet)
Seat 7: Javan_50 (button) folded before Flop (didn't bet)
Seat 8: Andorrior (small blind) folded before Flop
Seat 9: Rad wings (big blind) folded on the Turn



PokerStars Hand #233635641797:  Hold'em No Limit ($0.01/$0.02 USD) - 2022/01/30 15:05:54 PT [2022/01/30 18:05:54 ET]
Table 'Fidelio II' 9-max Seat #8 is the button
Seat 1: xblondie70x ($3.41 in chips) 
Seat 2: mckissi78 ($5.86 in chips) 
Seat 3: Parker09SA ($2.85 in chips) 
Seat 4: DodgeGTS4 ($0.51 in chips) 
Seat 5: Dorex2007 ($2.80 in chips) 
Seat 6: maniekgrand ($0.76 in chips) 
Seat 7: Javan_50 ($1.56 in chips) 
Seat 8: Andorrior ($1.79 in chips) 
Seat 9: Rad wings ($1.50 in chips) 
Rad wings: posts small blind $0.01
xblondie70x: posts big blind $0.02
*** HOLE CARDS ***
Dealt to Dorex2007 [9s 9c]
mckissi78: raises $0.02 to $0.04
Parker09SA: folds 
DodgeGTS4: calls $0.04
Dorex2007: calls $0.04
maniekgrand is disconnected 
maniekgrand has timed out while disconnected
maniekgrand: folds 
Javan_50: folds 
Andorrior: folds 
Rad wings: calls $0.03
xblondie70x: calls $0.02
*** FLOP *** [Kd 2h 7s]
Rad wings: checks 
xblondie70x: checks 
mckissi78: bets $0.10
DodgeGTS4: calls $0.10
Dorex2007: folds 
Rad wings: folds 
xblondie70x: folds 
*** TURN *** [Kd 2h 7s] [9d]
mckissi78: checks 
DodgeGTS4: bets $0.10
mckissi78: folds 
Uncalled bet ($0.10) returned to DodgeGTS4
DodgeGTS4 collected $0.39 from pot
DodgeGTS4: doesn't show hand 
*** SUMMARY ***
Total pot $0.40 | Rake $0.01 
Board [Kd 2h 7s 9d]
Seat 1: xblondie70x (big blind) folded on the Flop
Seat 2: mckissi78 folded on the Turn
Seat 3: Parker09SA folded before Flop (didn't bet)
Seat 4: DodgeGTS4 collected ($0.39)
Seat 5: Dorex2007 folded on the Flop
Seat 6: maniekgrand folded before Flop (didn't bet)
Seat 7: Javan_50 folded before Flop (didn't bet)
Seat 8: Andorrior (button) folded before Flop (didn't bet)
Seat 9: Rad wings (small blind) folded on the Flop



PokerStars Hand #233635675717:  Hold'em No Limit ($0.01/$0.02 USD) - 2022/01/30 15:07:08 PT [2022/01/30 18:07:08 ET]
Table 'Fidelio II' 9-max Seat #9 is the button
Seat 1: xblondie70x ($3.37 in chips) 
Seat 2: mckissi78 ($5.72 in chips) 
Seat 3: Parker09SA ($2.85 in chips) 
Seat 4: DodgeGTS4 ($0.76 in chips) 
Seat 5: Dorex2007 ($2.76 in chips) 
Seat 7: Javan_50 ($1.56 in chips) 
Seat 8: Andorrior ($1.79 in chips) 
Seat 9: Rad wings ($1.46 in chips) 
xblondie70x: posts small blind $0.01
mckissi78: posts big blind $0.02
*** HOLE CARDS ***
Dealt to Dorex2007 [Th Ah]
Parker09SA: folds 
DodgeGTS4: folds 
Dorex2007: calls $0.02
Javan_50: folds 
Andorrior: folds 
Rad wings: folds 
xblondie70x: folds 
mckissi78: raises $0.02 to $0.04
Dorex2007: calls $0.02
*** FLOP *** [Qc 6d Td]
mckissi78: bets $0.03
Dorex2007: folds 
Uncalled bet ($0.03) returned to mckissi78
mckissi78 collected $0.09 from pot
mckissi78: doesn't show hand 
*** SUMMARY ***
Total pot $0.09 | Rake $0 
Board [Qc 6d Td]
Seat 1: xblondie70x (small blind) folded before Flop
Seat 2: mckissi78 (big blind) collected ($0.09)
Seat 3: Parker09SA folded before Flop (didn't bet)
Seat 4: DodgeGTS4 folded before Flop (didn't bet)
Seat 5: Dorex2007 folded on the Flop
Seat 7: Javan_50 folded before Flop (didn't bet)
Seat 8: Andorrior folded before Flop (didn't bet)
Seat 9: Rad wings (button) folded before Flop (didn't bet)



PokerStars Hand #233635694988:  Hold'em No Limit ($0.01/$0.02 USD) - 2022/01/30 15:07:51 PT [2022/01/30 18:07:51 ET]
Table 'Fidelio II' 9-max Seat #1 is the button
Seat 1: xblondie70x ($3.36 in chips) 
Seat 2: mckissi78 ($5.77 in chips) 
Seat 3: Parker09SA ($2.85 in chips) 
Seat 4: DodgeGTS4 ($0.76 in chips) 
Seat 5: Dorex2007 ($2.72 in chips) 
Seat 7: Javan_50 ($1.56 in chips) 
Seat 8: Andorrior ($1.79 in chips) 
Seat 9: Rad wings ($1.46 in chips) 
mckissi78: posts small blind $0.01
Parker09SA: posts big blind $0.02
*** HOLE CARDS ***
Dealt to Dorex2007 [4h 6c]
DodgeGTS4: calls $0.02
Dorex2007: folds 
Javan_50: folds 
Andorrior: folds 
Rad wings: folds 
xblondie70x: folds 
mckissi78: folds 
Parker09SA: checks 
*** FLOP *** [9h 7h Qc]
Parker09SA: checks 
DodgeGTS4: checks 
*** TURN *** [9h 7h Qc] [2s]
Parker09SA: checks 
DodgeGTS4: checks 
*** RIVER *** [9h 7h Qc 2s] [Kh]
Parker09SA: checks 
DodgeGTS4: checks 
*** SHOW DOWN ***
Parker09SA: shows [4c Jh] (high card King)
DodgeGTS4: mucks hand 
Parker09SA collected $0.05 from pot
*** SUMMARY ***
Total pot $0.05 | Rake $0 
Board [9h 7h Qc 2s Kh]
Seat 1: xblondie70x (button) folded before Flop (didn't bet)
Seat 2: mckissi78 (small blind) folded before Flop
Seat 3: Parker09SA (big blind) showed [4c Jh] and won ($0.05) with high card King
Seat 4: DodgeGTS4 mucked [4d 6d]
Seat 5: Dorex2007 folded before Flop (didn't bet)
Seat 7: Javan_50 folded before Flop (didn't bet)
Seat 8: Andorrior folded before Flop (didn't bet)
Seat 9: Rad wings folded before Flop (didn't bet)



PokerStars Hand #233635713053:  Hold'em No Limit ($0.01/$0.02 USD) - 2022/01/30 15:08:31 PT [2022/01/30 18:08:31 ET]
Table 'Fidelio II' 9-max Seat #2 is the button
Seat 1: xblondie70x ($3.36 in chips) 
Seat 2: mckissi78 ($5.76 in chips) 
Seat 3: Parker09SA ($2.88 in chips) 
Seat 4: DodgeGTS4 ($0.74 in chips) 
Seat 5: Dorex2007 ($2.72 in chips) 
Seat 7: Javan_50 ($1.56 in chips) 
Seat 8: Andorrior ($1.79 in chips) 
Seat 9: Rad wings ($1.46 in chips) 
Parker09SA: posts small blind $0.01
DodgeGTS4: posts big blind $0.02
*** HOLE CARDS ***
Dealt to Dorex2007 [Ah 2c]
Dorex2007: folds 
Javan_50: folds 
Andorrior: calls $0.02
Rad wings: folds 
xblondie70x: folds 
mckissi78: folds 
Parker09SA: folds 
DodgeGTS4: raises $0.04 to $0.06
Andorrior: calls $0.04
*** FLOP *** [4d Td 5h]
DodgeGTS4: bets $0.06
Andorrior: calls $0.06
*** TURN *** [4d Td 5h] [As]
DodgeGTS4: bets $0.06
Andorrior: calls $0.06
*** RIVER *** [4d Td 5h As] [8c]
DodgeGTS4: bets $0.56 and is all-in
Andorrior: calls $0.56
*** SHOW DOWN ***
DodgeGTS4: shows [Ad Kh] (a pair of Aces)
Andorrior: shows [4s 4h] (three of a kind, Fours)
Andorrior collected $1.43 from pot
*** SUMMARY ***
Total pot $1.49 | Rake $0.06 
Board [4d Td 5h As 8c]
Seat 1: xblondie70x folded before Flop (didn't bet)
Seat 2: mckissi78 (button) folded before Flop (didn't bet)
Seat 3: Parker09SA (small blind) folded before Flop
Seat 4: DodgeGTS4 (big blind) showed [Ad Kh] and lost with a pair of Aces
Seat 5: Dorex2007 folded before Flop (didn't bet)
Seat 7: Javan_50 folded before Flop (didn't bet)
Seat 8: Andorrior showed [4s 4h] and won ($1.43) with three of a kind, Fours
Seat 9: Rad wings folded before Flop (didn't bet)



PokerStars Hand #233635746980:  Hold'em No Limit ($0.01/$0.02 USD) - 2022/01/30 15:09:47 PT [2022/01/30 18:09:47 ET]
Table 'Fidelio II' 9-max Seat #3 is the button
Seat 1: xblondie70x ($3.36 in chips) 
Seat 2: mckissi78 ($5.76 in chips) 
Seat 3: Parker09SA ($2.87 in chips) 
Seat 5: Dorex2007 ($2.72 in chips) 
Seat 6: maniekgrand ($0.76 in chips) 
Seat 7: Javan_50 ($1.56 in chips) 
Seat 8: Andorrior ($2.48 in chips) 
Seat 9: Rad wings ($1.46 in chips) 
Dorex2007: posts small blind $0.01
maniekgrand: posts big blind $0.02
*** HOLE CARDS ***
Dealt to Dorex2007 [6s Td]
Javan_50: folds 
Andorrior: folds 
Rad wings: calls $0.02
xblondie70x: calls $0.02
mckissi78: folds 
Parker09SA: folds 
Dorex2007: folds 
maniekgrand: checks 
*** FLOP *** [Jd Th 9c]
maniekgrand: checks 
Rad wings: checks 
xblondie70x: bets $0.02
maniekgrand: calls $0.02
Rad wings: folds 
*** TURN *** [Jd Th 9c] [Jc]
maniekgrand: checks 
xblondie70x: bets $0.02
maniekgrand: folds 
Uncalled bet ($0.02) returned to xblondie70x
xblondie70x collected $0.11 from pot
xblondie70x: doesn't show hand 
*** SUMMARY ***
Total pot $0.11 | Rake $0 
Board [Jd Th 9c Jc]
Seat 1: xblondie70x collected ($0.11)
Seat 2: mckissi78 folded before Flop (didn't bet)
Seat 3: Parker09SA (button) folded before Flop (didn't bet)
Seat 5: Dorex2007 (small blind) folded before Flop
Seat 6: maniekgrand (big blind) folded on the Turn
Seat 7: Javan_50 folded before Flop (didn't bet)
Seat 8: Andorrior folded before Flop (didn't bet)
Seat 9: Rad wings folded on the Flop



PokerStars Hand #233635762211:  Hold'em No Limit ($0.01/$0.02 USD) - 2022/01/30 15:10:21 PT [2022/01/30 18:10:21 ET]
Table 'Fidelio II' 9-max Seat #5 is the button
Seat 1: xblondie70x ($3.43 in chips) 
Seat 2: mckissi78 ($5.76 in chips) 
Seat 3: Parker09SA ($2.87 in chips) 
Seat 4: DodgeGTS4 ($0.80 in chips) 
Seat 5: Dorex2007 ($2.71 in chips) 
Seat 6: maniekgrand ($0.72 in chips) 
Seat 7: Javan_50 ($1.56 in chips) 
Seat 8: Andorrior ($2.48 in chips) 
Seat 9: Rad wings ($1.44 in chips) 
maniekgrand: posts small blind $0.01
Javan_50: posts big blind $0.02
DodgeGTS4: posts small blind $0.01
*** HOLE CARDS ***
Dealt to Dorex2007 [3s 2h]
Andorrior: folds 
Rad wings: folds 
xblondie70x: folds 
mckissi78: raises $0.02 to $0.04
Parker09SA: folds 
DodgeGTS4: calls $0.04
Dorex2007: folds 
maniekgrand: calls $0.03
Javan_50: folds 
*** FLOP *** [4c 8h Jd]
maniekgrand: checks 
mckissi78: bets $0.05
DodgeGTS4: folds 
maniekgrand: folds 
Uncalled bet ($0.05) returned to mckissi78
mckissi78 collected $0.14 from pot
mckissi78: doesn't show hand 
*** SUMMARY ***
Total pot $0.15 | Rake $0.01 
Board [4c 8h Jd]
Seat 1: xblondie70x folded before Flop (didn't bet)
Seat 2: mckissi78 collected ($0.14)
Seat 3: Parker09SA folded before Flop (didn't bet)
Seat 4: DodgeGTS4 folded on the Flop
Seat 5: Dorex2007 (button) folded before Flop (didn't bet)
Seat 6: maniekgrand (small blind) folded on the Flop
Seat 7: Javan_50 (big blind) folded before Flop
Seat 8: Andorrior folded before Flop (didn't bet)
Seat 9: Rad wings folded before Flop (didn't bet)



PokerStars Hand #233635779856:  Hold'em No Limit ($0.01/$0.02 USD) - 2022/01/30 15:11:00 PT [2022/01/30 18:11:00 ET]
Table 'Fidelio II' 9-max Seat #6 is the button
Seat 1: xblondie70x ($3.43 in chips) 
Seat 2: mckissi78 ($5.86 in chips) 
Seat 3: Parker09SA ($2.87 in chips) 
Seat 4: DodgeGTS4 ($0.75 in chips) 
Seat 5: Dorex2007 ($2.71 in chips) 
Seat 6: maniekgrand ($0.68 in chips) 
Seat 7: Javan_50 ($1.54 in chips) 
Seat 8: Andorrior ($2.48 in chips) 
Seat 9: Rad wings ($1.44 in chips) 
Javan_50: posts small blind $0.01
Andorrior: posts big blind $0.02
*** HOLE CARDS ***
Dealt to Dorex2007 [5c 9s]
Rad wings: folds 
xblondie70x: folds 
mckissi78: folds 
Parker09SA: raises $0.04 to $0.06
DodgeGTS4: calls $0.06
Dorex2007: folds 
maniekgrand: calls $0.06
Javan_50: folds 
Andorrior: folds 
*** FLOP *** [7h Ts Jd]
Parker09SA: bets $0.14
DodgeGTS4: raises $0.14 to $0.28
maniekgrand: calls $0.28
Parker09SA: raises $1.04 to $1.32
DodgeGTS4: calls $0.41 and is all-in
maniekgrand: calls $0.34 and is all-in
Uncalled bet ($0.63) returned to Parker09SA
*** TURN *** [7h Ts Jd] [7d]
*** RIVER *** [7h Ts Jd 7d] [Ah]
*** SHOW DOWN ***
Parker09SA: shows [Td Tc] (a full house, Tens full of Sevens)
DodgeGTS4: shows [Jc Ad] (two pair, Aces and Jacks)
Parker09SA collected $0.13 from side pot
maniekgrand: shows [8c 8d] (two pair, Eights and Sevens)
Parker09SA collected $2 from main pot
*** SUMMARY ***
Total pot $2.21 Main pot $2. Side pot $0.13. | Rake $0.08 
Board [7h Ts Jd 7d Ah]
Seat 1: xblondie70x folded before Flop (didn't bet)
Seat 2: mckissi78 folded before Flop (didn't bet)
Seat 3: Parker09SA showed [Td Tc] and won ($2.13) with a full house, Tens full of Sevens
Seat 4: DodgeGTS4 showed [Jc Ad] and lost with two pair, Aces and Jacks
Seat 5: Dorex2007 folded before Flop (didn't bet)
Seat 6: maniekgrand (button) showed [8c 8d] and lost with two pair, Eights and Sevens
Seat 7: Javan_50 (small blind) folded before Flop
Seat 8: Andorrior (big blind) folded before Flop
Seat 9: Rad wings folded before Flop (didn't bet)



PokerStars Hand #233635810246:  Hold'em No Limit ($0.01/$0.02 USD) - 2022/01/30 15:12:10 PT [2022/01/30 18:12:10 ET]
Table 'Fidelio II' 9-max Seat #7 is the button
Seat 1: xblondie70x ($3.43 in chips) 
Seat 2: mckissi78 ($5.86 in chips) 
Seat 3: Parker09SA ($4.25 in chips) 
Seat 5: Dorex2007 ($2.71 in chips) 
Seat 7: Javan_50 ($1.53 in chips) 
Seat 8: Andorrior ($2.46 in chips) 
Seat 9: Rad wings ($1.44 in chips) 
Andorrior: posts small blind $0.01
Rad wings: posts big blind $0.02
*** HOLE CARDS ***
Dealt to Dorex2007 [9s 4s]
xblondie70x: folds 
mckissi78: folds 
Parker09SA: raises $0.04 to $0.06
Dorex2007: folds 
Javan_50: folds 
Andorrior: folds 
Rad wings: folds 
Uncalled bet ($0.04) returned to Parker09SA
Parker09SA collected $0.05 from pot
*** SUMMARY ***
Total pot $0.05 | Rake $0 
Seat 1: xblondie70x folded before Flop (didn't bet)
Seat 2: mckissi78 folded before Flop (didn't bet)
Seat 3: Parker09SA collected ($0.05)
Seat 5: Dorex2007 folded before Flop (didn't bet)
Seat 7: Javan_50 (button) folded before Flop (didn't bet)
Seat 8: Andorrior (small blind) folded before Flop
Seat 9: Rad wings (big blind) folded before Flop



PokerStars Hand #233635821134:  Hold'em No Limit ($0.01/$0.02 USD) - 2022/01/30 15:12:35 PT [2022/01/30 18:12:35 ET]
Table 'Fidelio II' 9-max Seat #8 is the button
Seat 1: xblondie70x ($3.43 in chips) 
Seat 2: mckissi78 ($5.86 in chips) 
Seat 3: Parker09SA ($4.28 in chips) 
Seat 4: DodgeGTS4 ($0.80 in chips) 
Seat 5: Dorex2007 ($2.71 in chips) 
Seat 6: maniekgrand ($0.80 in chips) 
Seat 7: Javan_50 ($1.53 in chips) 
Seat 8: Andorrior ($2.45 in chips) 
Seat 9: Rad wings ($1.42 in chips) 
Rad wings: posts small blind $0.01
xblondie70x: posts big blind $0.02
*** HOLE CARDS ***
Dealt to Dorex2007 [Ad 4d]
mckissi78: folds 
Parker09SA: folds 
DodgeGTS4: calls $0.02
Dorex2007: calls $0.02
maniekgrand: folds 
Javan_50: folds 
Andorrior: folds 
Rad wings: calls $0.01
xblondie70x: raises $0.08 to $0.10
DodgeGTS4: calls $0.08
Dorex2007: folds 
Rad wings: folds 
*** FLOP *** [5s Kc 7s]
xblondie70x: bets $0.11
DodgeGTS4: calls $0.11
*** TURN *** [5s Kc 7s] [8d]
xblondie70x: bets $0.22
DodgeGTS4: calls $0.22
*** RIVER *** [5s Kc 7s 8d] [2d]
xblondie70x: bets $0.02
DodgeGTS4: raises $0.14 to $0.16
xblondie70x: raises $0.14 to $0.30
DodgeGTS4: calls $0.14
*** SHOW DOWN ***
xblondie70x: shows [9c 9d] (a pair of Nines)
DodgeGTS4: mucks hand 
xblondie70x collected $1.44 from pot
*** SUMMARY ***
Total pot $1.50 | Rake $0.06 
Board [5s Kc 7s 8d 2d]
Seat 1: xblondie70x (big blind) showed [9c 9d] and won ($1.44) with a pair of Nines
Seat 2: mckissi78 folded before Flop (didn't bet)
Seat 3: Parker09SA folded before Flop (didn't bet)
Seat 4: DodgeGTS4 mucked [9s 7h]
Seat 5: Dorex2007 folded before Flop
Seat 6: maniekgrand folded before Flop (didn't bet)
Seat 7: Javan_50 folded before Flop (didn't bet)
Seat 8: Andorrior (button) folded before Flop (didn't bet)
Seat 9: Rad wings (small blind) folded before Flop



PokerStars Hand #233635840287:  Hold'em No Limit ($0.01/$0.02 USD) - 2022/01/30 15:13:19 PT [2022/01/30 18:13:19 ET]
Table 'Fidelio II' 9-max Seat #9 is the button
Seat 1: xblondie70x ($4.14 in chips) 
Seat 2: mckissi78 ($5.86 in chips) 
Seat 3: Parker09SA ($4.28 in chips) 
Seat 4: DodgeGTS4 ($0.07 in chips) 
Seat 5: Dorex2007 ($2.69 in chips) 
Seat 6: maniekgrand ($0.80 in chips) 
Seat 7: Javan_50 ($1.53 in chips) 
Seat 8: Andorrior ($2.45 in chips) 
Seat 9: Rad wings ($1.40 in chips) 
xblondie70x: posts small blind $0.01
mckissi78: posts big blind $0.02
*** HOLE CARDS ***
Dealt to Dorex2007 [Jc 6h]
Parker09SA: folds 
DodgeGTS4: raises $0.05 to $0.07 and is all-in
Dorex2007: folds 
maniekgrand: calls $0.07
Javan_50: folds 
Andorrior: folds 
Rad wings: folds 
xblondie70x: folds 
mckissi78: folds 
*** FLOP *** [Ac 4s 2h]
*** TURN *** [Ac 4s 2h] [Js]
*** RIVER *** [Ac 4s 2h Js] [3c]
*** SHOW DOWN ***
DodgeGTS4: shows [Tc 6s] (high card Ace)
maniekgrand: shows [2d As] (two pair, Aces and Deuces)
maniekgrand collected $0.16 from pot
*** SUMMARY ***
Total pot $0.17 | Rake $0.01 
Board [Ac 4s 2h Js 3c]
Seat 1: xblondie70x (small blind) folded before Flop
Seat 2: mckissi78 (big blind) folded before Flop
Seat 3: Parker09SA folded before Flop (didn't bet)
Seat 4: DodgeGTS4 showed [Tc 6s] and lost with high card Ace
Seat 5: Dorex2007 folded before Flop (didn't bet)
Seat 6: maniekgrand showed [2d As] and won ($0.16) with two pair, Aces and Deuces
Seat 7: Javan_50 folded before Flop (didn't bet)
Seat 8: Andorrior folded before Flop (didn't bet)
Seat 9: Rad wings (button) folded before Flop (didn't bet)



PokerStars Hand #233635853102:  Hold'em No Limit ($0.01/$0.02 USD) - 2022/01/30 15:13:48 PT [2022/01/30 18:13:48 ET]
Table 'Fidelio II' 9-max Seat #1 is the button
Seat 1: xblondie70x ($4.13 in chips) 
Seat 2: mckissi78 ($5.84 in chips) 
Seat 3: Parker09SA ($4.28 in chips) 
Seat 5: Dorex2007 ($2.69 in chips) 
Seat 6: maniekgrand ($0.89 in chips) 
Seat 7: Javan_50 ($1.53 in chips) 
Seat 8: Andorrior ($2.45 in chips) 
Seat 9: Rad wings ($1.40 in chips) 
mckissi78: posts small blind $0.01
Parker09SA: posts big blind $0.02
*** HOLE CARDS ***
Dealt to Dorex2007 [3d 5s]
DodgeGTS4 leaves the table
Dorex2007: folds 
maniekgrand: calls $0.02
Javan_50: folds 
Andorrior: folds 
Rad wings: folds 
xblondie70x: folds 
Mo0cky joins the table at seat #4 
mckissi78: raises $0.02 to $0.04
Parker09SA: folds 
maniekgrand: calls $0.02
*** FLOP *** [9c Tc 8h]
mckissi78: bets $0.05
maniekgrand: calls $0.05
*** TURN *** [9c Tc 8h] [6h]
mckissi78: bets $0.14
maniekgrand: folds 
Uncalled bet ($0.14) returned to mckissi78
mckissi78 collected $0.19 from pot
mckissi78: doesn't show hand 
*** SUMMARY ***
Total pot $0.20 | Rake $0.01 
Board [9c Tc 8h 6h]
Seat 1: xblondie70x (button) folded before Flop (didn't bet)
Seat 2: mckissi78 (small blind) collected ($0.19)
Seat 3: Parker09SA (big blind) folded before Flop
Seat 5: Dorex2007 folded before Flop (didn't bet)
Seat 6: maniekgrand folded on the Turn
Seat 7: Javan_50 folded before Flop (didn't bet)
Seat 8: Andorrior folded before Flop (didn't bet)
Seat 9: Rad wings folded before Flop (didn't bet)



PokerStars Hand #233636126145:  Hold'em No Limit ($0.01/$0.02 USD) - 2022/01/30 15:23:39 PT [2022/01/30 18:23:39 ET]
Table 'Fidelio II' 9-max Seat #7 is the button
Seat 1: xblondie70x ($4.74 in chips) 
Seat 2: mckissi78 ($4.86 in chips) 
Seat 3: Parker09SA ($4.37 in chips) 
Seat 4: Mo0cky ($1.88 in chips) 
Seat 5: Dorex2007 ($2.69 in chips) 
Seat 6: maniekgrand ($0.73 in chips) 
Seat 7: GummyJ ($1.89 in chips) 
Seat 8: Andorrior ($2.34 in chips) 
Andorrior: posts small blind $0.01
Rad wings: is sitting out 
xblondie70x: posts big blind $0.02
Dorex2007: posts small & big blinds $0.03
*** HOLE CARDS ***
Dealt to Dorex2007 [Th 9c]
Rad wings leaves the table
mckissi78: folds 
Parker09SA: folds 
Mo0cky: folds 
Dorex2007: checks 
maniekgrand: calls $0.02
GummyJ: folds 
Andorrior: folds 
xblondie70x: checks 
*** FLOP *** [2c 7c 7d]
xblondie70x: checks 
Dorex2007: checks 
maniekgrand: bets $0.02
xblondie70x: folds 
Dorex2007: folds 
Uncalled bet ($0.02) returned to maniekgrand
maniekgrand collected $0.08 from pot
maniekgrand: doesn't show hand 
*** SUMMARY ***
Total pot $0.08 | Rake $0 
Board [2c 7c 7d]
Seat 1: xblondie70x (big blind) folded on the Flop
Seat 2: mckissi78 folded before Flop (didn't bet)
Seat 3: Parker09SA folded before Flop (didn't bet)
Seat 4: Mo0cky folded before Flop (didn't bet)
Seat 5: Dorex2007 folded on the Flop (didn't bet)
Seat 6: maniekgrand collected ($0.08)
Seat 7: GummyJ (button) folded before Flop (didn't bet)
Seat 8: Andorrior (small blind) folded before Flop



PokerStars Hand #233636138249:  Hold'em No Limit ($0.01/$0.02 USD) - 2022/01/30 15:24:08 PT [2022/01/30 18:24:08 ET]
Table 'Fidelio II' 9-max Seat #8 is the button
Seat 1: xblondie70x ($4.72 in chips) 
Seat 2: mckissi78 ($4.86 in chips) 
Seat 3: Parker09SA ($4.37 in chips) 
Seat 4: Mo0cky ($1.88 in chips) 
Seat 5: Dorex2007 ($2.66 in chips) 
Seat 6: maniekgrand ($0.79 in chips) 
Seat 7: GummyJ ($1.89 in chips) 
Seat 8: Andorrior ($2.33 in chips) 
xblondie70x: posts small blind $0.01
mckissi78: posts big blind $0.02
*** HOLE CARDS ***
Dealt to Dorex2007 [7d Ad]
Parker09SA: folds 
Mo0cky: raises $0.02 to $0.04
Dorex2007: folds 
maniekgrand: folds 
GummyJ: folds 
Andorrior: folds 
xblondie70x: folds 
mckissi78: raises $0.08 to $0.12
Mo0cky: calls $0.08
*** FLOP *** [2h Ah 7s]
mckissi78: bets $0.12
Mo0cky: folds 
Uncalled bet ($0.12) returned to mckissi78
mckissi78 collected $0.24 from pot
mckissi78: doesn't show hand 
*** SUMMARY ***
Total pot $0.25 | Rake $0.01 
Board [2h Ah 7s]
Seat 1: xblondie70x (small blind) folded before Flop
Seat 2: mckissi78 (big blind) collected ($0.24)
Seat 3: Parker09SA folded before Flop (didn't bet)
Seat 4: Mo0cky folded on the Flop
Seat 5: Dorex2007 folded before Flop (didn't bet)
Seat 6: maniekgrand folded before Flop (didn't bet)
Seat 7: GummyJ folded before Flop (didn't bet)
Seat 8: Andorrior (button) folded before Flop (didn't bet)



PokerStars Hand #233636149517:  Hold'em No Limit ($0.01/$0.02 USD) - 2022/01/30 15:24:36 PT [2022/01/30 18:24:36 ET]
Table 'Fidelio II' 9-max Seat #1 is the button
Seat 1: xblondie70x ($4.71 in chips) 
Seat 2: mckissi78 ($4.98 in chips) 
Seat 3: Parker09SA ($4.37 in chips) 
Seat 4: Mo0cky ($1.76 in chips) 
Seat 5: Dorex2007 ($2.66 in chips) 
Seat 6: maniekgrand ($0.79 in chips) 
Seat 7: GummyJ ($1.89 in chips) 
Seat 8: Andorrior ($2.33 in chips) 
mckissi78: posts small blind $0.01
Parker09SA: posts big blind $0.02
*** HOLE CARDS ***
Dealt to Dorex2007 [4c Ah]
Mo0cky: folds 
Dorex2007: folds 
maniekgrand: calls $0.02
GummyJ: calls $0.02
Andorrior: folds 
xblondie70x: folds 
mckissi78: raises $0.04 to $0.06
Parker09SA: folds 
maniekgrand: calls $0.04
GummyJ: calls $0.04
*** FLOP *** [9h 4d Td]
mckissi78: bets $0.10
maniekgrand: folds 
GummyJ: calls $0.10
*** TURN *** [9h 4d Td] [7c]
mckissi78: bets $0.29
GummyJ: calls $0.29
*** RIVER *** [9h 4d Td 7c] [Ad]
mckissi78: checks 
GummyJ: checks 
*** SHOW DOWN ***
mckissi78: shows [Kc Ks] (a pair of Kings)
GummyJ: mucks hand 
mckissi78 collected $0.94 from pot
*** SUMMARY ***
Total pot $0.98 | Rake $0.04 
Board [9h 4d Td 7c Ad]
Seat 1: xblondie70x (button) folded before Flop (didn't bet)
Seat 2: mckissi78 (small blind) showed [Kc Ks] and won ($0.94) with a pair of Kings
Seat 3: Parker09SA (big blind) folded before Flop
Seat 4: Mo0cky folded before Flop (didn't bet)
Seat 5: Dorex2007 folded before Flop (didn't bet)
Seat 6: maniekgrand folded on the Flop
Seat 7: GummyJ mucked [Qh Th]
Seat 8: Andorrior folded before Flop (didn't bet)



PokerStars Hand #233636168617:  Hold'em No Limit ($0.01/$0.02 USD) - 2022/01/30 15:25:22 PT [2022/01/30 18:25:22 ET]
Table 'Fidelio II' 9-max Seat #2 is the button
Seat 1: xblondie70x ($4.71 in chips) 
Seat 2: mckissi78 ($5.47 in chips) 
Seat 3: Parker09SA ($4.35 in chips) 
Seat 4: Mo0cky ($1.76 in chips) 
Seat 5: Dorex2007 ($2.66 in chips) 
Seat 6: maniekgrand ($0.73 in chips) 
Seat 7: GummyJ ($1.44 in chips) 
Seat 8: Andorrior ($2.33 in chips) 
Parker09SA: posts small blind $0.01
Mo0cky: posts big blind $0.02
*** HOLE CARDS ***
Dealt to Dorex2007 [Jh 2h]
Dorex2007: folds 
maniekgrand: calls $0.02
GummyJ: folds 
Andorrior: folds 
Manrriquinha joins the table at seat #9 
xblondie70x: raises $0.04 to $0.06
mckissi78: calls $0.06
Parker09SA: folds 
Mo0cky: raises $0.04 to $0.10
maniekgrand: folds 
xblondie70x: calls $0.04
mckissi78: calls $0.04
*** FLOP *** [4c Qd Qc]
Mo0cky: checks 
xblondie70x: bets $0.10
mckissi78: folds 
Mo0cky: calls $0.10
*** TURN *** [4c Qd Qc] [2s]
Mo0cky: checks 
xblondie70x: bets $0.10
Mo0cky: calls $0.10
*** RIVER *** [4c Qd Qc 2s] [4s]
Mo0cky: checks 
xblondie70x: checks 
*** SHOW DOWN ***
Mo0cky: shows [Kh Kd] (two pair, Kings and Queens)
xblondie70x: mucks hand 
Mo0cky collected $0.70 from pot
*** SUMMARY ***
Total pot $0.73 | Rake $0.03 
Board [4c Qd Qc 2s 4s]
Seat 1: xblondie70x mucked [3h 3d]
Seat 2: mckissi78 (button) folded on the Flop
Seat 3: Parker09SA (small blind) folded before Flop
Seat 4: Mo0cky (big blind) showed [Kh Kd] and won ($0.70) with two pair, Kings and Queens
Seat 5: Dorex2007 folded before Flop (didn't bet)
Seat 6: maniekgrand folded before Flop
Seat 7: GummyJ folded before Flop (didn't bet)
Seat 8: Andorrior folded before Flop (didn't bet)



PokerStars Hand #233636193609:  Hold'em No Limit ($0.01/$0.02 USD) - 2022/01/30 15:26:22 PT [2022/01/30 18:26:22 ET]
Table 'Fidelio II' 9-max Seat #3 is the button
Seat 1: xblondie70x ($4.41 in chips) 
Seat 2: mckissi78 ($5.37 in chips) 
Seat 3: Parker09SA ($4.34 in chips) 
Seat 4: Mo0cky ($2.16 in chips) 
Seat 5: Dorex2007 ($2.66 in chips) 
Seat 6: maniekgrand ($0.71 in chips) 
Seat 7: GummyJ ($2 in chips) 
Seat 8: Andorrior ($2.33 in chips) 
Seat 9: Manrriquinha ($0.80 in chips) 
Mo0cky: posts small blind $0.01
Dorex2007: posts big blind $0.02
Manrriquinha: posts big blind $0.02
*** HOLE CARDS ***
Dealt to Dorex2007 [8c Kh]
maniekgrand: calls $0.02
GummyJ: folds 
Andorrior: folds 
Manrriquinha: checks 
xblondie70x: calls $0.02
mckissi78: raises $0.06 to $0.08
Parker09SA: folds 
Mo0cky: folds 
Dorex2007: folds 
maniekgrand: calls $0.06
Manrriquinha: folds 
xblondie70x: calls $0.06
*** FLOP *** [8h Jc 9s]
maniekgrand: bets $0.02
xblondie70x: calls $0.02
mckissi78: raises $0.26 to $0.28
maniekgrand: folds 
xblondie70x: calls $0.26
*** TURN *** [8h Jc 9s] [6h]
xblondie70x: checks 
mckissi78: bets $0.25
xblondie70x: folds 
Uncalled bet ($0.25) returned to mckissi78
mckissi78 collected $0.83 from pot
mckissi78: doesn't show hand 
*** SUMMARY ***
Total pot $0.87 | Rake $0.04 
Board [8h Jc 9s 6h]
Seat 1: xblondie70x folded on the Turn
Seat 2: mckissi78 collected ($0.83)
Seat 3: Parker09SA (button) folded before Flop (didn't bet)
Seat 4: Mo0cky (small blind) folded before Flop
Seat 5: Dorex2007 (big blind) folded before Flop
Seat 6: maniekgrand folded on the Flop
Seat 7: GummyJ folded before Flop (didn't bet)
Seat 8: Andorrior folded before Flop (didn't bet)
Seat 9: Manrriquinha folded before Flop (didn't bet)



PokerStars Hand #233636219077:  Hold'em No Limit ($0.01/$0.02 USD) - 2022/01/30 15:27:25 PT [2022/01/30 18:27:25 ET]
Table 'Fidelio II' 9-max Seat #4 is the button
Seat 1: xblondie70x ($4.05 in chips) 
Seat 2: mckissi78 ($5.84 in chips) 
Seat 3: Parker09SA ($4.34 in chips) 
Seat 4: Mo0cky ($2.15 in chips) 
Seat 5: Dorex2007 ($2.64 in chips) 
Seat 6: maniekgrand ($0.61 in chips) 
Seat 7: GummyJ ($2 in chips) 
Seat 8: Andorrior ($2.33 in chips) 
Seat 9: Manrriquinha ($0.78 in chips) 
Dorex2007: posts small blind $0.01
maniekgrand: posts big blind $0.02
*** HOLE CARDS ***
Dealt to Dorex2007 [9h Qs]
GummyJ: raises $0.04 to $0.06
Andorrior: folds 
Manrriquinha: folds 
xblondie70x: folds 
mckissi78: calls $0.06
Parker09SA: calls $0.06
Mo0cky has timed out
Mo0cky: folds 
Dorex2007: folds 
maniekgrand: folds 
*** FLOP *** [Td 4c 9c]
GummyJ: checks 
mckissi78: bets $0.15
Parker09SA: folds 
GummyJ: folds 
Uncalled bet ($0.15) returned to mckissi78
mckissi78 collected $0.20 from pot
mckissi78: doesn't show hand 
*** SUMMARY ***
Total pot $0.21 | Rake $0.01 
Board [Td 4c 9c]
Seat 1: xblondie70x folded before Flop (didn't bet)
Seat 2: mckissi78 collected ($0.20)
Seat 3: Parker09SA folded on the Flop
Seat 4: Mo0cky (button) folded before Flop (didn't bet)
Seat 5: Dorex2007 (small blind) folded before Flop
Seat 6: maniekgrand (big blind) folded before Flop
Seat 7: GummyJ folded on the Flop
Seat 8: Andorrior folded before Flop (didn't bet)
Seat 9: Manrriquinha folded before Flop (didn't bet)



PokerStars Hand #233636238523:  Hold'em No Limit ($0.01/$0.02 USD) - 2022/01/30 15:28:12 PT [2022/01/30 18:28:12 ET]
Table 'Fidelio II' 9-max Seat #5 is the button
Seat 1: xblondie70x ($4.05 in chips) 
Seat 2: mckissi78 ($5.98 in chips) 
Seat 3: Parker09SA ($4.28 in chips) 
Seat 5: Dorex2007 ($2.63 in chips) 
Seat 6: maniekgrand ($0.59 in chips) 
Seat 7: GummyJ ($1.94 in chips) 
Seat 8: Andorrior ($2.33 in chips) 
Seat 9: Manrriquinha ($0.78 in chips) 
maniekgrand: posts small blind $0.01
GummyJ: posts big blind $0.02
*** HOLE CARDS ***
Dealt to Dorex2007 [5d Ac]
Andorrior: folds 
Manrriquinha: folds 
xblondie70x: folds 
mckissi78: folds 
Parker09SA: folds 
Dorex2007: folds 
maniekgrand: calls $0.01
GummyJ: checks 
*** FLOP *** [8s 2c 3c]
maniekgrand: bets $0.02
GummyJ: calls $0.02
*** TURN *** [8s 2c 3c] [5s]
maniekgrand: bets $0.02
GummyJ: calls $0.02
*** RIVER *** [8s 2c 3c 5s] [Th]
maniekgrand: checks 
GummyJ: checks 
*** SHOW DOWN ***
maniekgrand: shows [2s 6c] (a pair of Deuces)
GummyJ: shows [3h Qd] (a pair of Threes)
GummyJ collected $0.12 from pot
*** SUMMARY ***
Total pot $0.12 | Rake $0 
Board [8s 2c 3c 5s Th]
Seat 1: xblondie70x folded before Flop (didn't bet)
Seat 2: mckissi78 folded before Flop (didn't bet)
Seat 3: Parker09SA folded before Flop (didn't bet)
Seat 5: Dorex2007 (button) folded before Flop (didn't bet)
Seat 6: maniekgrand (small blind) showed [2s 6c] and lost with a pair of Deuces
Seat 7: GummyJ (big blind) showed [3h Qd] and won ($0.12) with a pair of Threes
Seat 8: Andorrior folded before Flop (didn't bet)
Seat 9: Manrriquinha folded before Flop (didn't bet)



PokerStars Hand #233636256668:  Hold'em No Limit ($0.01/$0.02 USD) - 2022/01/30 15:28:57 PT [2022/01/30 18:28:57 ET]
Table 'Fidelio II' 9-max Seat #6 is the button
Seat 1: xblondie70x ($4.05 in chips) 
Seat 2: mckissi78 ($5.98 in chips) 
Seat 3: Parker09SA ($4.28 in chips) 
Seat 4: Mo0cky ($2.15 in chips) 
Seat 5: Dorex2007 ($2.63 in chips) 
Seat 6: maniekgrand ($0.53 in chips) 
Seat 7: GummyJ ($2 in chips) 
Seat 8: Andorrior ($2.33 in chips) 
Seat 9: Manrriquinha ($0.78 in chips) 
GummyJ: posts small blind $0.01
Andorrior: posts big blind $0.02
*** HOLE CARDS ***
Dealt to Dorex2007 [7c 4h]
Manrriquinha: calls $0.02
xblondie70x: raises $0.04 to $0.06
mckissi78: raises $0.12 to $0.18
Parker09SA: folds 
Mo0cky: folds 
Dorex2007: folds 
maniekgrand: folds 
GummyJ: folds 
Andorrior: folds 
Manrriquinha: raises $0.60 to $0.78 and is all-in
xblondie70x: folds 
mckissi78: calls $0.60
*** FLOP *** [Js 9c 7d]
*** TURN *** [Js 9c 7d] [5d]
*** RIVER *** [Js 9c 7d 5d] [6s]
*** SHOW DOWN ***
Manrriquinha: shows [Qh Qc] (a pair of Queens)
mckissi78: shows [Qd Th] (high card Queen)
Manrriquinha collected $1.59 from pot
mckissi78 cashed out the hand for $0.17
*** SUMMARY ***
Total pot $1.65 | Rake $0.06 
Board [Js 9c 7d 5d 6s]
Seat 1: xblondie70x folded before Flop
Seat 2: mckissi78 showed [Qd Th] and lost with high card Queen (cashed out).
Seat 3: Parker09SA folded before Flop (didn't bet)
Seat 4: Mo0cky folded before Flop (didn't bet)
Seat 5: Dorex2007 folded before Flop (didn't bet)
Seat 6: maniekgrand (button) folded before Flop (didn't bet)
Seat 7: GummyJ (small blind) folded before Flop
Seat 8: Andorrior (big blind) folded before Flop
Seat 9: Manrriquinha showed [Qh Qc] and won ($1.59) with a pair of Queens



PokerStars Hand #233636278840:  Hold'em No Limit ($0.01/$0.02 USD) - 2022/01/30 15:29:48 PT [2022/01/30 18:29:48 ET]
Table 'Fidelio II' 9-max Seat #7 is the button
Seat 1: xblondie70x ($3.99 in chips) 
Seat 2: mckissi78 ($5.37 in chips) 
Seat 3: Parker09SA ($4.28 in chips) 
Seat 4: Mo0cky ($2.15 in chips) 
Seat 5: Dorex2007 ($2.63 in chips) 
Seat 6: maniekgrand ($0.53 in chips) 
Seat 7: GummyJ ($1.99 in chips) 
Seat 8: Andorrior ($2.31 in chips) 
Seat 9: Manrriquinha ($1.59 in chips) 
Andorrior: posts small blind $0.01
Manrriquinha: posts big blind $0.02
*** HOLE CARDS ***
Dealt to Dorex2007 [4d Qd]
xblondie70x: calls $0.02
mckissi78: raises $0.08 to $0.10
Parker09SA: folds 
Mo0cky: folds 
Dorex2007: folds 
maniekgrand: folds 
GummyJ: folds 
Andorrior: folds 
Manrriquinha: folds 
xblondie70x: calls $0.08
*** FLOP *** [Kd 6s Ac]
xblondie70x: checks 
mckissi78: bets $0.17
xblondie70x: calls $0.17
*** TURN *** [Kd 6s Ac] [2c]
xblondie70x: checks 
mckissi78: checks 
*** RIVER *** [Kd 6s Ac 2c] [Kc]
xblondie70x: bets $0.27
mckissi78: calls $0.27
*** SHOW DOWN ***
xblondie70x: shows [5h 5d] (two pair, Kings and Fives)
mckissi78: shows [As 5s] (two pair, Aces and Kings)
mckissi78 collected $1.06 from pot
*** SUMMARY ***
Total pot $1.11 | Rake $0.05 
Board [Kd 6s Ac 2c Kc]
Seat 1: xblondie70x showed [5h 5d] and lost with two pair, Kings and Fives
Seat 2: mckissi78 showed [As 5s] and won ($1.06) with two pair, Aces and Kings
Seat 3: Parker09SA folded before Flop (didn't bet)
Seat 4: Mo0cky folded before Flop (didn't bet)
Seat 5: Dorex2007 folded before Flop (didn't bet)
Seat 6: maniekgrand folded before Flop (didn't bet)
Seat 7: GummyJ (button) folded before Flop (didn't bet)
Seat 8: Andorrior (small blind) folded before Flop
Seat 9: Manrriquinha (big blind) folded before Flop



PokerStars Hand #233636298112:  Hold'em No Limit ($0.01/$0.02 USD) - 2022/01/30 15:30:35 PT [2022/01/30 18:30:35 ET]
Table 'Fidelio II' 9-max Seat #8 is the button
Seat 1: xblondie70x ($3.45 in chips) 
Seat 2: mckissi78 ($5.89 in chips) 
Seat 3: Parker09SA ($4.28 in chips) 
Seat 4: Mo0cky ($2.15 in chips) 
Seat 5: Dorex2007 ($2.63 in chips) 
Seat 6: maniekgrand ($0.53 in chips) 
Seat 7: GummyJ ($1.99 in chips) 
Seat 8: Andorrior ($2.30 in chips) 
Seat 9: Manrriquinha ($1.57 in chips) 
Manrriquinha: posts small blind $0.01
xblondie70x: posts big blind $0.02
*** HOLE CARDS ***
Dealt to Dorex2007 [Ac 3c]
mckissi78: folds 
Parker09SA: folds 
Mo0cky: folds 
Dorex2007: folds 
maniekgrand: calls $0.02
GummyJ: folds 
Andorrior: folds 
Manrriquinha: calls $0.01
xblondie70x: checks 
*** FLOP *** [7c Th 7d]
Manrriquinha: checks 
xblondie70x: checks 
maniekgrand: bets $0.04
Manrriquinha: folds 
xblondie70x: folds 
Uncalled bet ($0.04) returned to maniekgrand
maniekgrand collected $0.06 from pot
maniekgrand: doesn't show hand 
*** SUMMARY ***
Total pot $0.06 | Rake $0 
Board [7c Th 7d]
Seat 1: xblondie70x (big blind) folded on the Flop
Seat 2: mckissi78 folded before Flop (didn't bet)
Seat 3: Parker09SA folded before Flop (didn't bet)
Seat 4: Mo0cky folded before Flop (didn't bet)
Seat 5: Dorex2007 folded before Flop (didn't bet)
Seat 6: maniekgrand collected ($0.06)
Seat 7: GummyJ folded before Flop (didn't bet)
Seat 8: Andorrior (button) folded before Flop (didn't bet)
Seat 9: Manrriquinha (small blind) folded on the Flop



PokerStars Hand #233636315227:  Hold'em No Limit ($0.01/$0.02 USD) - 2022/01/30 15:31:15 PT [2022/01/30 18:31:15 ET]
Table 'Fidelio II' 9-max Seat #9 is the button
Seat 1: xblondie70x ($3.43 in chips) 
Seat 2: mckissi78 ($5.89 in chips) 
Seat 3: Parker09SA ($4.28 in chips) 
Seat 4: Mo0cky ($2.15 in chips) 
Seat 5: Dorex2007 ($2.63 in chips) 
Seat 6: maniekgrand ($0.57 in chips) 
Seat 7: GummyJ ($1.99 in chips) 
Seat 8: Andorrior ($2.30 in chips) 
Seat 9: Manrriquinha ($1.55 in chips) 
xblondie70x: posts small blind $0.01
mckissi78: posts big blind $0.02
*** HOLE CARDS ***
Dealt to Dorex2007 [2d 8c]
Parker09SA: folds 
Mo0cky: folds 
Dorex2007: folds 
maniekgrand: calls $0.02
GummyJ: folds 
Andorrior: folds 
Manrriquinha: folds 
xblondie70x: folds 
mckissi78: checks 
*** FLOP *** [9d As Ac]
mckissi78: bets $0.02
maniekgrand: raises $0.02 to $0.04
mckissi78: calls $0.02
*** TURN *** [9d As Ac] [8h]
mckissi78: checks 
maniekgrand: bets $0.02
mckissi78: raises $0.02 to $0.04
maniekgrand: calls $0.02
*** RIVER *** [9d As Ac 8h] [6c]
mckissi78: checks 
maniekgrand: bets $0.04
mckissi78: folds 
Uncalled bet ($0.04) returned to maniekgrand
maniekgrand collected $0.20 from pot
maniekgrand: doesn't show hand 
*** SUMMARY ***
Total pot $0.21 | Rake $0.01 
Board [9d As Ac 8h 6c]
Seat 1: xblondie70x (small blind) folded before Flop
Seat 2: mckissi78 (big blind) folded on the River
Seat 3: Parker09SA folded before Flop (didn't bet)
Seat 4: Mo0cky folded before Flop (didn't bet)
Seat 5: Dorex2007 folded before Flop (didn't bet)
Seat 6: maniekgrand collected ($0.20)
Seat 7: GummyJ folded before Flop (didn't bet)
Seat 8: Andorrior folded before Flop (didn't bet)
Seat 9: Manrriquinha (button) folded before Flop (didn't bet)



PokerStars Hand #233636345085:  Hold'em No Limit ($0.01/$0.02 USD) - 2022/01/30 15:32:26 PT [2022/01/30 18:32:26 ET]
Table 'Fidelio II' 9-max Seat #1 is the button
Seat 1: xblondie70x ($3.42 in chips) 
Seat 2: mckissi78 ($5.79 in chips) 
Seat 3: Parker09SA ($4.28 in chips) 
Seat 4: Mo0cky ($2.15 in chips) 
Seat 5: Dorex2007 ($2.63 in chips) 
Seat 6: maniekgrand ($0.67 in chips) 
Seat 7: GummyJ ($1.99 in chips) 
Seat 8: Andorrior ($2.30 in chips) 
Seat 9: Manrriquinha ($1.55 in chips) 
mckissi78: posts small blind $0.01
Parker09SA: posts big blind $0.02
*** HOLE CARDS ***
Dealt to Dorex2007 [As Th]
Mo0cky: folds 
Dorex2007: folds 
maniekgrand: calls $0.02
GummyJ: folds 
Andorrior: folds 
Manrriquinha: calls $0.02
xblondie70x: folds 
mckissi78: raises $0.02 to $0.04
Parker09SA: folds 
maniekgrand: calls $0.02
Manrriquinha: calls $0.02
*** FLOP *** [4c Qc 5d]
GummyJ leaves the table
mckissi78: bets $0.11
maniekgrand: folds 
treant_erhar joins the table at seat #7 
Manrriquinha: folds 
Uncalled bet ($0.11) returned to mckissi78
mckissi78 collected $0.14 from pot
mckissi78: doesn't show hand 
*** SUMMARY ***
Total pot $0.14 | Rake $0 
Board [4c Qc 5d]
Seat 1: xblondie70x (button) folded before Flop (didn't bet)
Seat 2: mckissi78 (small blind) collected ($0.14)
Seat 3: Parker09SA (big blind) folded before Flop
Seat 4: Mo0cky folded before Flop (didn't bet)
Seat 5: Dorex2007 folded before Flop (didn't bet)
Seat 6: maniekgrand folded on the Flop
Seat 7: GummyJ folded before Flop (didn't bet)
Seat 8: Andorrior folded before Flop (didn't bet)
Seat 9: Manrriquinha folded on the Flop



PokerStars Hand #233636365843:  Hold'em No Limit ($0.01/$0.02 USD) - 2022/01/30 15:33:16 PT [2022/01/30 18:33:16 ET]
Table 'Fidelio II' 9-max Seat #2 is the button
Seat 1: xblondie70x ($3.42 in chips) 
Seat 2: mckissi78 ($5.89 in chips) 
Seat 3: Parker09SA ($4.26 in chips) 
Seat 4: Mo0cky ($2.15 in chips) 
Seat 5: Dorex2007 ($2.63 in chips) 
Seat 6: maniekgrand ($0.63 in chips) 
Seat 7: treant_erhar ($0.80 in chips) 
Seat 8: Andorrior ($2.30 in chips) 
Seat 9: Manrriquinha ($1.51 in chips) 
Parker09SA: posts small blind $0.01
Mo0cky: posts big blind $0.02
treant_erhar: posts big blind $0.02
*** HOLE CARDS ***
Dealt to Dorex2007 [4c 6c]
Dorex2007: folds 
maniekgrand: calls $0.02
treant_erhar: checks 
Andorrior: folds 
Manrriquinha: folds 
xblondie70x: calls $0.02
mckissi78: folds 
Parker09SA: raises $0.10 to $0.12
Mo0cky: folds 
maniekgrand: folds 
treant_erhar: folds 
xblondie70x: calls $0.10
*** FLOP *** [9c 8h Kd]
Parker09SA: checks 
xblondie70x: checks 
*** TURN *** [9c 8h Kd] [9s]
Parker09SA: checks 
xblondie70x: checks 
*** RIVER *** [9c 8h Kd 9s] [Qc]
Parker09SA: checks 
xblondie70x: checks 
*** SHOW DOWN ***
Parker09SA: shows [6s 6d] (two pair, Nines and Sixes)
xblondie70x: mucks hand 
Parker09SA collected $0.29 from pot
*** SUMMARY ***
Total pot $0.30 | Rake $0.01 
Board [9c 8h Kd 9s Qc]
Seat 1: xblondie70x mucked [5s 5h]
Seat 2: mckissi78 (button) folded before Flop (didn't bet)
Seat 3: Parker09SA (small blind) showed [6s 6d] and won ($0.29) with two pair, Nines and Sixes
Seat 4: Mo0cky (big blind) folded before Flop
Seat 5: Dorex2007 folded before Flop (didn't bet)
Seat 6: maniekgrand folded before Flop
Seat 7: treant_erhar folded before Flop (didn't bet)
Seat 8: Andorrior folded before Flop (didn't bet)
Seat 9: Manrriquinha folded before Flop (didn't bet)



PokerStars Hand #233636397097:  Hold'em No Limit ($0.01/$0.02 USD) - 2022/01/30 15:34:23 PT [2022/01/30 18:34:23 ET]
Table 'Fidelio II' 9-max Seat #3 is the button
Seat 1: xblondie70x ($3.30 in chips) 
Seat 2: mckissi78 ($5.89 in chips) 
Seat 3: Parker09SA ($4.43 in chips) 
Seat 4: Mo0cky ($2.13 in chips) 
Seat 5: Dorex2007 ($2.63 in chips) 
Seat 6: maniekgrand ($0.61 in chips) 
Seat 7: treant_erhar ($0.78 in chips) 
Seat 8: Andorrior ($2.30 in chips) 
Seat 9: Manrriquinha ($1.51 in chips) 
Mo0cky: posts small blind $0.01
Dorex2007: posts big blind $0.02
*** HOLE CARDS ***
Dealt to Dorex2007 [2c 7h]
maniekgrand: folds 
treant_erhar: folds 
Andorrior: folds 
Manrriquinha: calls $0.02
xblondie70x: folds 
mckissi78: raises $0.04 to $0.06
Parker09SA: folds 
Mo0cky: folds 
Dorex2007: folds 
Manrriquinha: calls $0.04
*** FLOP *** [5s Tc Qs]
Manrriquinha: checks 
mckissi78: bets $0.06
Manrriquinha: calls $0.06
*** TURN *** [5s Tc Qs] [3h]
Manrriquinha: checks 
mckissi78: checks 
*** RIVER *** [5s Tc Qs 3h] [8h]
Manrriquinha: checks 
mckissi78: bets $0.26
Manrriquinha: folds 
Uncalled bet ($0.26) returned to mckissi78
mckissi78 collected $0.26 from pot
mckissi78: doesn't show hand 
*** SUMMARY ***
Total pot $0.27 | Rake $0.01 
Board [5s Tc Qs 3h 8h]
Seat 1: xblondie70x folded before Flop (didn't bet)
Seat 2: mckissi78 collected ($0.26)
Seat 3: Parker09SA (button) folded before Flop (didn't bet)
Seat 4: Mo0cky (small blind) folded before Flop
Seat 5: Dorex2007 (big blind) folded before Flop
Seat 6: maniekgrand folded before Flop (didn't bet)
Seat 7: treant_erhar folded before Flop (didn't bet)
Seat 8: Andorrior folded before Flop (didn't bet)
Seat 9: Manrriquinha folded on the River



PokerStars Hand #233636413073:  Hold'em No Limit ($0.01/$0.02 USD) - 2022/01/30 15:35:01 PT [2022/01/30 18:35:01 ET]
Table 'Fidelio II' 9-max Seat #4 is the button
Seat 1: xblondie70x ($3.30 in chips) 
Seat 2: mckissi78 ($6.03 in chips) 
Seat 3: Parker09SA ($4.43 in chips) 
Seat 4: Mo0cky ($2.12 in chips) 
Seat 5: Dorex2007 ($2.61 in chips) 
Seat 6: maniekgrand ($0.61 in chips) 
Seat 7: treant_erhar ($0.78 in chips) 
Seat 8: Andorrior ($2.30 in chips) 
Seat 9: Manrriquinha ($1.39 in chips) 
Dorex2007: posts small blind $0.01
maniekgrand: posts big blind $0.02
*** HOLE CARDS ***
Dealt to Dorex2007 [Td Kh]
treant_erhar: folds 
Andorrior: folds 
Manrriquinha has timed out
Manrriquinha: folds 
xblondie70x: folds 
mckissi78: folds 
Parker09SA: raises $0.04 to $0.06
Mo0cky: folds 
Dorex2007: folds 
maniekgrand: calls $0.04
*** FLOP *** [7c 5d 5c]
maniekgrand: bets $0.02
Parker09SA: folds 
Uncalled bet ($0.02) returned to maniekgrand
maniekgrand collected $0.13 from pot
maniekgrand: doesn't show hand 
*** SUMMARY ***
Total pot $0.13 | Rake $0 
Board [7c 5d 5c]
Seat 1: xblondie70x folded before Flop (didn't bet)
Seat 2: mckissi78 folded before Flop (didn't bet)
Seat 3: Parker09SA folded on the Flop
Seat 4: Mo0cky (button) folded before Flop (didn't bet)
Seat 5: Dorex2007 (small blind) folded before Flop
Seat 6: maniekgrand (big blind) collected ($0.13)
Seat 7: treant_erhar folded before Flop (didn't bet)
Seat 8: Andorrior folded before Flop (didn't bet)
Seat 9: Manrriquinha folded before Flop (didn't bet)



PokerStars Hand #233636435604:  Hold'em No Limit ($0.01/$0.02 USD) - 2022/01/30 15:35:55 PT [2022/01/30 18:35:55 ET]
Table 'Fidelio II' 9-max Seat #5 is the button
Seat 1: xblondie70x ($3.30 in chips) 
Seat 2: mckissi78 ($6.03 in chips) 
Seat 3: Parker09SA ($4.37 in chips) 
Seat 4: Mo0cky ($2.12 in chips) 
Seat 5: Dorex2007 ($2.60 in chips) 
Seat 6: maniekgrand ($0.68 in chips) 
Seat 7: treant_erhar ($0.78 in chips) 
Seat 8: Andorrior ($2.30 in chips) 
Seat 9: Manrriquinha ($1.39 in chips) 
maniekgrand: posts small blind $0.01
treant_erhar: posts big blind $0.02
*** HOLE CARDS ***
Dealt to Dorex2007 [Jc 8s]
Andorrior has timed out
Andorrior: folds 
Manrriquinha: calls $0.02
xblondie70x: folds 
mckissi78: folds 
Parker09SA: folds 
Mo0cky: folds 
Dorex2007: folds 
maniekgrand: raises $0.02 to $0.04
treant_erhar: folds 
Manrriquinha: calls $0.02
*** FLOP *** [4s As Qc]
maniekgrand: bets $0.04
Manrriquinha: calls $0.04
*** TURN *** [4s As Qc] [3d]
maniekgrand: checks 
Manrriquinha: bets $0.06
maniekgrand: calls $0.06
*** RIVER *** [4s As Qc 3d] [4c]
maniekgrand: bets $0.14
Manrriquinha: calls $0.14
*** SHOW DOWN ***
maniekgrand: shows [Tc Ts] (two pair, Tens and Fours)
Manrriquinha: shows [8h Ac] (two pair, Aces and Fours)
Manrriquinha collected $0.56 from pot
*** SUMMARY ***
Total pot $0.58 | Rake $0.02 
Board [4s As Qc 3d 4c]
Seat 1: xblondie70x folded before Flop (didn't bet)
Seat 2: mckissi78 folded before Flop (didn't bet)
Seat 3: Parker09SA folded before Flop (didn't bet)
Seat 4: Mo0cky folded before Flop (didn't bet)
Seat 5: Dorex2007 (button) folded before Flop (didn't bet)
Seat 6: maniekgrand (small blind) showed [Tc Ts] and lost with two pair, Tens and Fours
Seat 7: treant_erhar (big blind) folded before Flop
Seat 8: Andorrior folded before Flop (didn't bet)
Seat 9: Manrriquinha showed [8h Ac] and won ($0.56) with two pair, Aces and Fours



PokerStars Hand #233636466838:  Hold'em No Limit ($0.01/$0.02 USD) - 2022/01/30 15:37:10 PT [2022/01/30 18:37:10 ET]
Table 'Fidelio II' 9-max Seat #6 is the button
Seat 1: xblondie70x ($3.30 in chips) 
Seat 2: mckissi78 ($6.03 in chips) 
Seat 3: Parker09SA ($4.37 in chips) 
Seat 4: Mo0cky ($2.12 in chips) 
Seat 5: Dorex2007 ($2.60 in chips) 
Seat 6: maniekgrand ($0.40 in chips) 
Seat 7: treant_erhar ($0.76 in chips) 
Seat 9: Manrriquinha ($1.67 in chips) 
treant_erhar: posts small blind $0.01
Manrriquinha: posts big blind $0.02
*** HOLE CARDS ***
Dealt to Dorex2007 [7h 2s]
xblondie70x: folds 
mckissi78: folds 
Parker09SA: folds 
Mo0cky: folds 
Dorex2007: folds 
maniekgrand: folds 
treant_erhar: folds 
Uncalled bet ($0.01) returned to Manrriquinha
Manrriquinha collected $0.02 from pot
Manrriquinha: doesn't show hand 
*** SUMMARY ***
Total pot $0.02 | Rake $0 
Seat 1: xblondie70x folded before Flop (didn't bet)
Seat 2: mckissi78 folded before Flop (didn't bet)
Seat 3: Parker09SA folded before Flop (didn't bet)
Seat 4: Mo0cky folded before Flop (didn't bet)
Seat 5: Dorex2007 folded before Flop (didn't bet)
Seat 6: maniekgrand (button) folded before Flop (didn't bet)
Seat 7: treant_erhar (small blind) folded before Flop
Seat 9: Manrriquinha (big blind) collected ($0.02)



PokerStars Hand #233636476451:  Hold'em No Limit ($0.01/$0.02 USD) - 2022/01/30 15:37:33 PT [2022/01/30 18:37:33 ET]
Table 'Fidelio II' 9-max Seat #7 is the button
Seat 1: xblondie70x ($3.30 in chips) 
Seat 2: mckissi78 ($6.03 in chips) 
Seat 3: Parker09SA ($4.37 in chips) 
Seat 4: Mo0cky ($2.12 in chips) 
Seat 5: Dorex2007 ($2.60 in chips) 
Seat 6: maniekgrand ($0.40 in chips) 
Seat 7: treant_erhar ($0.75 in chips) 
Seat 9: Manrriquinha ($1.68 in chips) 
Manrriquinha: posts small blind $0.01
xblondie70x: posts big blind $0.02
*** HOLE CARDS ***
Dealt to Dorex2007 [6s Kd]
mckissi78: folds 
Parker09SA: folds 
Mo0cky: raises $0.04 to $0.06
Dorex2007: folds 
maniekgrand: folds 
treant_erhar: folds 
Manrriquinha: folds 
xblondie70x: folds 
Uncalled bet ($0.04) returned to Mo0cky
Mo0cky collected $0.05 from pot
Mo0cky: doesn't show hand 
*** SUMMARY ***
Total pot $0.05 | Rake $0 
Seat 1: xblondie70x (big blind) folded before Flop
Seat 2: mckissi78 folded before Flop (didn't bet)
Seat 3: Parker09SA folded before Flop (didn't bet)
Seat 4: Mo0cky collected ($0.05)
Seat 5: Dorex2007 folded before Flop (didn't bet)
Seat 6: maniekgrand folded before Flop (didn't bet)
Seat 7: treant_erhar (button) folded before Flop (didn't bet)
Seat 9: Manrriquinha (small blind) folded before Flop



PokerStars Hand #233636482867:  Hold'em No Limit ($0.01/$0.02 USD) - 2022/01/30 15:37:49 PT [2022/01/30 18:37:49 ET]
Table 'Fidelio II' 9-max Seat #9 is the button
Seat 1: xblondie70x ($3.28 in chips) 
Seat 2: mckissi78 ($6.03 in chips) 
Seat 3: Parker09SA ($4.37 in chips) 
Seat 4: Mo0cky ($2.15 in chips) 
Seat 5: Dorex2007 ($2.60 in chips) 
Seat 6: maniekgrand ($0.40 in chips) 
Seat 7: treant_erhar ($0.75 in chips) 
Seat 9: Manrriquinha ($1.67 in chips) 
xblondie70x: posts small blind $0.01
mckissi78: posts big blind $0.02
*** HOLE CARDS ***
Dealt to Dorex2007 [Jc 7c]
Parker09SA: folds 
Mo0cky: folds 
Dorex2007: folds 
maniekgrand: calls $0.02
treant_erhar: calls $0.02
Manrriquinha: folds 
xblondie70x: folds 
mckissi78: checks 
*** FLOP *** [Jh 9h 2h]
mckissi78: checks 
maniekgrand: bets $0.02
treant_erhar: calls $0.02
mckissi78: folds 
*** TURN *** [Jh 9h 2h] [Tc]
maniekgrand: bets $0.02
treant_erhar: calls $0.02
*** RIVER *** [Jh 9h 2h Tc] [Qd]
maniekgrand: bets $0.02
treant_erhar: raises $0.04 to $0.06
maniekgrand: calls $0.04
*** SHOW DOWN ***
treant_erhar: shows [Js Qs] (two pair, Queens and Jacks)
maniekgrand: mucks hand 
treant_erhar collected $0.26 from pot
*** SUMMARY ***
Total pot $0.27 | Rake $0.01 
Board [Jh 9h 2h Tc Qd]
Seat 1: xblondie70x (small blind) folded before Flop
Seat 2: mckissi78 (big blind) folded on the Flop
Seat 3: Parker09SA folded before Flop (didn't bet)
Seat 4: Mo0cky folded before Flop (didn't bet)
Seat 5: Dorex2007 folded before Flop (didn't bet)
Seat 6: maniekgrand mucked [As 9s]
Seat 7: treant_erhar showed [Js Qs] and won ($0.26) with two pair, Queens and Jacks
Seat 9: Manrriquinha (button) folded before Flop (didn't bet)



PokerStars Hand #233636503112:  Hold'em No Limit ($0.01/$0.02 USD) - 2022/01/30 15:38:38 PT [2022/01/30 18:38:38 ET]
Table 'Fidelio II' 9-max Seat #1 is the button
Seat 1: xblondie70x ($3.27 in chips) 
Seat 2: mckissi78 ($6.01 in chips) 
Seat 3: Parker09SA ($4.37 in chips) 
Seat 4: Mo0cky ($2.15 in chips) 
Seat 5: Dorex2007 ($2.60 in chips) 
Seat 6: maniekgrand ($0.28 in chips) 
Seat 7: treant_erhar ($0.89 in chips) 
Seat 9: Manrriquinha ($1.67 in chips) 
mckissi78: posts small blind $0.01
Parker09SA: posts big blind $0.02
*** HOLE CARDS ***
Dealt to Dorex2007 [Kd Tc]
Mo0cky: raises $0.02 to $0.04
Dorex2007: folds 
maniekgrand: folds 
treant_erhar: folds 
Manrriquinha: folds 
xblondie70x: folds 
mckissi78: calls $0.03
Parker09SA: folds 
*** FLOP *** [Js 6d Qs]
mckissi78: checks 
treant_erhar leaves the table
Mo0cky: checks 
*** TURN *** [Js 6d Qs] [5c]
mckissi78: checks 
Mo0cky: bets $0.05
loyola2211 joins the table at seat #7 
mckissi78: folds 
Uncalled bet ($0.05) returned to Mo0cky
Mo0cky collected $0.10 from pot
Mo0cky: doesn't show hand 
*** SUMMARY ***
Total pot $0.10 | Rake $0 
Board [Js 6d Qs 5c]
Seat 1: xblondie70x (button) folded before Flop (didn't bet)
Seat 2: mckissi78 (small blind) folded on the Turn
Seat 3: Parker09SA (big blind) folded before Flop
Seat 4: Mo0cky collected ($0.10)
Seat 5: Dorex2007 folded before Flop (didn't bet)
Seat 6: maniekgrand folded before Flop (didn't bet)
Seat 7: treant_erhar folded before Flop (didn't bet)
Seat 9: Manrriquinha folded before Flop (didn't bet)



PokerStars Hand #233636536012:  Hold'em No Limit ($0.01/$0.02 USD) - 2022/01/30 15:39:35 PT [2022/01/30 18:39:35 ET]
Table 'Fidelio II' 9-max Seat #2 is the button
Seat 1: xblondie70x ($3.27 in chips) 
Seat 2: mckissi78 ($5.97 in chips) 
Seat 3: Parker09SA ($4.35 in chips) 
Seat 4: Mo0cky ($2.21 in chips) 
Seat 5: Dorex2007 ($2.60 in chips) 
Seat 6: maniekgrand ($0.28 in chips) 
Seat 9: Manrriquinha ($1.67 in chips) 
Parker09SA: posts small blind $0.01
Mo0cky: posts big blind $0.02
loyola2211: sits out 
*** HOLE CARDS ***
Dealt to Dorex2007 [8s 8h]
Dorex2007: calls $0.02
maniekgrand: raises $0.26 to $0.28 and is all-in
Manrriquinha: folds 
xblondie70x: folds 
mckissi78: calls $0.28
Parker09SA: calls $0.27
Mo0cky: folds 
Dorex2007: folds 
*** FLOP *** [7s Ts Qh]
Parker09SA: bets $0.43
mckissi78: calls $0.43
*** TURN *** [7s Ts Qh] [3h]
Parker09SA: checks 
mckissi78: bets $1.26
Parker09SA: folds 
Uncalled bet ($1.26) returned to mckissi78
*** RIVER *** [7s Ts Qh 3h] [Qd]
*** SHOW DOWN ***
mckissi78: shows [Tc Td] (a full house, Tens full of Queens)
mckissi78 collected $0.82 from side pot
maniekgrand: shows [2h 2c] (two pair, Queens and Deuces)
mckissi78 collected $0.84 from main pot
*** SUMMARY ***
Total pot $1.74 Main pot $0.84. Side pot $0.82. | Rake $0.08 
Board [7s Ts Qh 3h Qd]
Seat 1: xblondie70x folded before Flop (didn't bet)
Seat 2: mckissi78 (button) showed [Tc Td] and won ($1.66) with a full house, Tens full of Queens
Seat 3: Parker09SA (small blind) folded on the Turn
Seat 4: Mo0cky (big blind) folded before Flop
Seat 5: Dorex2007 folded before Flop
Seat 6: maniekgrand showed [2h 2c] and lost with two pair, Queens and Deuces
Seat 9: Manrriquinha folded before Flop (didn't bet)



PokerStars Hand #233636553645:  Hold'em No Limit ($0.01/$0.02 USD) - 2022/01/30 15:40:18 PT [2022/01/30 18:40:18 ET]
Table 'Fidelio II' 9-max Seat #3 is the button
Seat 1: xblondie70x ($3.27 in chips) 
Seat 2: mckissi78 ($6.92 in chips) 
Seat 3: Parker09SA ($3.64 in chips) 
Seat 4: Mo0cky ($2.19 in chips) 
Seat 5: Dorex2007 ($2.58 in chips) 
Seat 9: Manrriquinha ($1.67 in chips) 
Mo0cky: posts small blind $0.01
Dorex2007: posts big blind $0.02
loyola2211: sits out 
*** HOLE CARDS ***
Dealt to Dorex2007 [Td As]
maniekgrand leaves the table
Manrriquinha has timed out
Manrriquinha: folds 
xblondie70x: folds 
mckissi78: folds 
Parker09SA: raises $0.04 to $0.06
Mo0cky: folds 
Dorex2007: calls $0.04
*** FLOP *** [Th 2d 2c]
Dorex2007: bets $0.13
Parker09SA: folds 
Uncalled bet ($0.13) returned to Dorex2007
Dorex2007 collected $0.13 from pot
Dorex2007: doesn't show hand 
*** SUMMARY ***
Total pot $0.13 | Rake $0 
Board [Th 2d 2c]
Seat 1: xblondie70x folded before Flop (didn't bet)
Seat 2: mckissi78 folded before Flop (didn't bet)
Seat 3: Parker09SA (button) folded on the Flop
Seat 4: Mo0cky (small blind) folded before Flop
Seat 5: Dorex2007 (big blind) collected ($0.13)
Seat 9: Manrriquinha folded before Flop (didn't bet)



PokerStars Hand #233636565476:  Hold'em No Limit ($0.01/$0.02 USD) - 2022/01/30 15:40:47 PT [2022/01/30 18:40:47 ET]
Table 'Fidelio II' 9-max Seat #4 is the button
Seat 1: xblondie70x ($3.27 in chips) 
Seat 2: mckissi78 ($6.92 in chips) 
Seat 3: Parker09SA ($3.58 in chips) 
Seat 4: Mo0cky ($2.18 in chips) 
Seat 5: Dorex2007 ($2.65 in chips) 
Seat 7: loyola2211 ($1.60 in chips) 
Dorex2007: posts small blind $0.01
loyola2211: posts big blind $0.02
*** HOLE CARDS ***
Dealt to Dorex2007 [As Ts]
xblondie70x: folds 
mckissi78: raises $0.02 to $0.04
Parker09SA: calls $0.04
Mo0cky: folds 
chacalay1 joins the table at seat #6 
Dorex2007: calls $0.03
loyola2211: calls $0.02
*** FLOP *** [8c 3s 7c]
Dorex2007: checks 
loyola2211: checks 
mckissi78: bets $0.15
Parker09SA: calls $0.15
Dorex2007: folds 
loyola2211: folds 
*** TURN *** [8c 3s 7c] [6c]
mckissi78: bets $0.46
Parker09SA: folds 
Uncalled bet ($0.46) returned to mckissi78
mckissi78 collected $0.44 from pot
mckissi78: doesn't show hand 
*** SUMMARY ***
Total pot $0.46 | Rake $0.02 
Board [8c 3s 7c 6c]
Seat 1: xblondie70x folded before Flop (didn't bet)
Seat 2: mckissi78 collected ($0.44)
Seat 3: Parker09SA folded on the Turn
Seat 4: Mo0cky (button) folded before Flop (didn't bet)
Seat 5: Dorex2007 (small blind) folded on the Flop
Seat 7: loyola2211 (big blind) folded on the Flop



PokerStars Hand #233636583606:  Hold'em No Limit ($0.01/$0.02 USD) - 2022/01/30 15:41:32 PT [2022/01/30 18:41:32 ET]
Table 'Fidelio II' 9-max Seat #5 is the button
Seat 1: xblondie70x ($3.27 in chips) 
Seat 2: mckissi78 ($7.17 in chips) 
Seat 3: Parker09SA ($3.39 in chips) 
Seat 4: Mo0cky ($2.18 in chips) 
Seat 5: Dorex2007 ($2.61 in chips) 
Seat 7: loyola2211 ($1.56 in chips) 
loyola2211: posts small blind $0.01
xblondie70x: posts big blind $0.02
*** HOLE CARDS ***
Dealt to Dorex2007 [2h 6c]
mckissi78: folds 
Parker09SA: folds 
Mo0cky: folds 
Dorex2007: folds 
loyola2211: folds 
Uncalled bet ($0.01) returned to xblondie70x
xblondie70x collected $0.02 from pot
xblondie70x: doesn't show hand 
*** SUMMARY ***
Total pot $0.02 | Rake $0 
Seat 1: xblondie70x (big blind) collected ($0.02)
Seat 2: mckissi78 folded before Flop (didn't bet)
Seat 3: Parker09SA folded before Flop (didn't bet)
Seat 4: Mo0cky folded before Flop (didn't bet)
Seat 5: Dorex2007 (button) folded before Flop (didn't bet)
Seat 7: loyola2211 (small blind) folded before Flop



PokerStars Hand #233636588461:  Hold'em No Limit ($0.01/$0.02 USD) - 2022/01/30 15:41:44 PT [2022/01/30 18:41:44 ET]
Table 'Fidelio II' 9-max Seat #7 is the button
Seat 1: xblondie70x ($3.28 in chips) 
Seat 2: mckissi78 ($7.17 in chips) 
Seat 3: Parker09SA ($3.39 in chips) 
Seat 4: Mo0cky ($2.18 in chips) 
Seat 5: Dorex2007 ($2.61 in chips) 
Seat 7: loyola2211 ($1.55 in chips) 
xblondie70x: posts small blind $0.01
mckissi78: posts big blind $0.02
chacalay1: sits out 
*** HOLE CARDS ***
Dealt to Dorex2007 [2s 8s]
Parker09SA: folds 
Mo0cky: folds 
Dorex2007: folds 
loyola2211: folds 
xblondie70x: folds 
Uncalled bet ($0.01) returned to mckissi78
mckissi78 collected $0.02 from pot
mckissi78: doesn't show hand 
*** SUMMARY ***
Total pot $0.02 | Rake $0 
Seat 1: xblondie70x (small blind) folded before Flop
Seat 2: mckissi78 (big blind) collected ($0.02)
Seat 3: Parker09SA folded before Flop (didn't bet)
Seat 4: Mo0cky folded before Flop (didn't bet)
Seat 5: Dorex2007 folded before Flop (didn't bet)
Seat 7: loyola2211 (button) folded before Flop (didn't bet)



PokerStars Hand #233636595832:  Hold'em No Limit ($0.01/$0.02 USD) - 2022/01/30 15:42:02 PT [2022/01/30 18:42:02 ET]
Table 'Fidelio II' 9-max Seat #1 is the button
Seat 1: xblondie70x ($3.27 in chips) 
Seat 2: mckissi78 ($7.18 in chips) 
Seat 3: Parker09SA ($3.39 in chips) 
Seat 4: Mo0cky ($2.18 in chips) 
Seat 5: Dorex2007 ($2.61 in chips) 
Seat 7: loyola2211 ($1.55 in chips) 
mckissi78: posts small blind $0.01
Parker09SA: posts big blind $0.02
chacalay1: sits out 
*** HOLE CARDS ***
Dealt to Dorex2007 [Th Qs]
Mo0cky: raises $0.02 to $0.04
Dorex2007: folds 
loyola2211: folds 
loyola2211 leaves the table
xblondie70x: folds 
mckissi78: folds 
Parker09SA: folds 
Uncalled bet ($0.02) returned to Mo0cky
Mo0cky collected $0.05 from pot
Mo0cky: doesn't show hand 
*** SUMMARY ***
Total pot $0.05 | Rake $0 
Seat 1: xblondie70x (button) folded before Flop (didn't bet)
Seat 2: mckissi78 (small blind) folded before Flop
Seat 3: Parker09SA (big blind) folded before Flop
Seat 4: Mo0cky collected ($0.05)
Seat 5: Dorex2007 folded before Flop (didn't bet)
Seat 7: loyola2211 folded before Flop (didn't bet)



PokerStars Hand #233641503499:  Hold'em No Limit ($0.01/$0.02 USD) - 2022/01/30 20:53:41 PT [2022/01/30 23:53:41 ET]
Table 'Fidelio II' 9-max Seat #7 is the button
Seat 1: sharkman7720 ($3.48 in chips) 
Seat 2: ALEMONSSS ($4.45 in chips) 
Seat 4: thorivey ($2.10 in chips) 
Seat 5: modernexpo ($2 in chips) 
Seat 6: Dorex2007 ($2 in chips) 
Seat 7: Alehta ($0.77 in chips) 
Seat 8: umka186 ($2 in chips) 
Seat 9: kalita-1 ($0.67 in chips) 
umka186: posts small blind $0.01
kalita-1: posts big blind $0.02
Dorex2007: posts big blind $0.02
*** HOLE CARDS ***
Dealt to Dorex2007 [7d 5h]
elmasporongo leaves the table
sharkman7720: raises $0.04 to $0.06
ALEMONSSS: calls $0.06
thorivey: folds 
modernexpo: folds 
Dorex2007: folds 
Alehta: folds 
umka186: folds 
kalita-1: folds 
*** FLOP *** [Kd Ad 2s]
sharkman7720: bets $0.08
ALEMONSSS: calls $0.08
*** TURN *** [Kd Ad 2s] [2h]
sharkman7720: bets $0.16
ALEMONSSS: calls $0.16
*** RIVER *** [Kd Ad 2s 2h] [3h]
sharkman7720: bets $0.31
ALEMONSSS: folds 
Uncalled bet ($0.31) returned to sharkman7720
sharkman7720 collected $0.63 from pot
sharkman7720: doesn't show hand 
*** SUMMARY ***
Total pot $0.65 | Rake $0.02 
Board [Kd Ad 2s 2h 3h]
Seat 1: sharkman7720 collected ($0.63)
Seat 2: ALEMONSSS folded on the River
Seat 4: thorivey folded before Flop (didn't bet)
Seat 5: modernexpo folded before Flop (didn't bet)
Seat 6: Dorex2007 folded before Flop (didn't bet)
Seat 7: Alehta (button) folded before Flop (didn't bet)
Seat 8: umka186 (small blind) folded before Flop
Seat 9: kalita-1 (big blind) folded before Flop



PokerStars Hand #233641510735:  Hold'em No Limit ($0.01/$0.02 USD) - 2022/01/30 20:54:29 PT [2022/01/30 23:54:29 ET]
Table 'Fidelio II' 9-max Seat #8 is the button
Seat 1: sharkman7720 ($3.81 in chips) 
Seat 2: ALEMONSSS ($4.15 in chips) 
Seat 4: thorivey ($2.10 in chips) 
Seat 5: modernexpo ($2 in chips) 
Seat 6: Dorex2007 ($2 in chips) 
Seat 7: Alehta ($0.77 in chips) 
Seat 8: umka186 ($2 in chips) 
Seat 9: kalita-1 ($0.65 in chips) 
kalita-1: posts small blind $0.01
sharkman7720: posts big blind $0.02
*** HOLE CARDS ***
Dealt to Dorex2007 [5d 7c]
ALEMONSSS: calls $0.02
thorivey has timed out
thorivey: folds 
modernexpo: folds 
Dorex2007: folds 
Alehta: folds 
umka186: folds 
kalita-1: folds 
sharkman7720: checks 
*** FLOP *** [7h 2h Jc]
IndigoShirt joins the table at seat #3 
sharkman7720: checks 
ALEMONSSS: checks 
*** TURN *** [7h 2h Jc] [7s]
sharkman7720: bets $0.05
ALEMONSSS: folds 
Uncalled bet ($0.05) returned to sharkman7720
sharkman7720 collected $0.05 from pot
sharkman7720: doesn't show hand 
*** SUMMARY ***
Total pot $0.05 | Rake $0 
Board [7h 2h Jc 7s]
Seat 1: sharkman7720 (big blind) collected ($0.05)
Seat 2: ALEMONSSS folded on the Turn
Seat 4: thorivey folded before Flop (didn't bet)
Seat 5: modernexpo folded before Flop (didn't bet)
Seat 6: Dorex2007 folded before Flop (didn't bet)
Seat 7: Alehta folded before Flop (didn't bet)
Seat 8: umka186 (button) folded before Flop (didn't bet)
Seat 9: kalita-1 (small blind) folded before Flop



PokerStars Hand #233641516756:  Hold'em No Limit ($0.01/$0.02 USD) - 2022/01/30 20:55:10 PT [2022/01/30 23:55:10 ET]
Table 'Fidelio II' 9-max Seat #9 is the button
Seat 1: sharkman7720 ($3.84 in chips) 
Seat 2: ALEMONSSS ($4.13 in chips) 
Seat 4: thorivey ($2.10 in chips) 
Seat 5: modernexpo ($2 in chips) 
Seat 6: Dorex2007 ($2 in chips) 
Seat 7: Alehta ($0.77 in chips) 
Seat 8: umka186 ($2 in chips) 
Seat 9: kalita-1 ($0.64 in chips) 
sharkman7720: posts small blind $0.01
ALEMONSSS: posts big blind $0.02
IndigoShirt: sits out 
*** HOLE CARDS ***
Dealt to Dorex2007 [9d 6d]
thorivey: folds 
modernexpo: folds 
Dorex2007: folds 
Alehta: raises $0.04 to $0.06
umka186: folds 
kalita-1: calls $0.06
sharkman7720: folds 
ALEMONSSS: calls $0.04
*** FLOP *** [2d 9s Js]
ALEMONSSS: checks 
Alehta: checks 
kalita-1: checks 
*** TURN *** [2d 9s Js] [Ks]
ALEMONSSS: checks 
Alehta: bets $0.07
kalita-1: calls $0.07
ALEMONSSS: calls $0.07
*** RIVER *** [2d 9s Js Ks] [As]
ALEMONSSS: checks 
Alehta: checks 
kalita-1: checks 
*** SHOW DOWN ***
ALEMONSSS: shows [9h 7c] (a pair of Nines)
Alehta: shows [Tc Ts] (a flush, Ace high)
kalita-1: mucks hand 
Alehta collected $0.39 from pot
*** SUMMARY ***
Total pot $0.40 | Rake $0.01 
Board [2d 9s Js Ks As]
Seat 1: sharkman7720 (small blind) folded before Flop
Seat 2: ALEMONSSS (big blind) showed [9h 7c] and lost with a pair of Nines
Seat 4: thorivey folded before Flop (didn't bet)
Seat 5: modernexpo folded before Flop (didn't bet)
Seat 6: Dorex2007 folded before Flop (didn't bet)
Seat 7: Alehta showed [Tc Ts] and won ($0.39) with a flush, Ace high
Seat 8: umka186 folded before Flop (didn't bet)
Seat 9: kalita-1 (button) mucked [4s 4c]



PokerStars Hand #233641525972:  Hold'em No Limit ($0.01/$0.02 USD) - 2022/01/30 20:56:22 PT [2022/01/30 23:56:22 ET]
Table 'Fidelio II' 9-max Seat #1 is the button
Seat 1: sharkman7720 ($3.83 in chips) 
Seat 2: ALEMONSSS ($4 in chips) 
Seat 3: IndigoShirt ($2 in chips) 
Seat 4: thorivey ($2.10 in chips) 
Seat 5: modernexpo ($2 in chips) 
Seat 6: Dorex2007 ($2 in chips) 
Seat 7: Alehta ($1.03 in chips) 
Seat 8: umka186 ($2 in chips) 
Seat 9: kalita-1 ($0.51 in chips) 
ALEMONSSS: posts small blind $0.01
IndigoShirt: posts big blind $0.02
*** HOLE CARDS ***
Dealt to Dorex2007 [As 7d]
thorivey: raises $0.05 to $0.07
modernexpo: folds 
Dorex2007: folds 
Alehta: folds 
umka186: raises $0.17 to $0.24
kalita-1: folds 
sharkman7720: folds 
ALEMONSSS: folds 
IndigoShirt: folds 
thorivey: calls $0.17
*** FLOP *** [4s Th Jh]
thorivey: checks 
umka186: bets $0.38
thorivey: calls $0.38
*** TURN *** [4s Th Jh] [4c]
thorivey: checks 
umka186: bets $0.96
thorivey: raises $0.52 to $1.48 and is all-in
umka186: calls $0.42 and is all-in
Uncalled bet ($0.10) returned to thorivey
*** RIVER *** [4s Th Jh 4c] [Ad]
*** SHOW DOWN ***
thorivey: shows [Ah Js] (two pair, Aces and Jacks)
umka186: shows [Ks Kd] (two pair, Kings and Fours)
thorivey collected $3.89 from pot
umka186 cashed out the hand for $3.41 | Cash Out Fee $0.03
*** SUMMARY ***
Total pot $4.03 | Rake $0.14 
Board [4s Th Jh 4c Ad]
Seat 1: sharkman7720 (button) folded before Flop (didn't bet)
Seat 2: ALEMONSSS (small blind) folded before Flop
Seat 3: IndigoShirt (big blind) folded before Flop
Seat 4: thorivey showed [Ah Js] and won ($3.89) with two pair, Aces and Jacks
Seat 5: modernexpo folded before Flop (didn't bet)
Seat 6: Dorex2007 folded before Flop (didn't bet)
Seat 7: Alehta folded before Flop (didn't bet)
Seat 8: umka186 showed [Ks Kd] and lost with two pair, Kings and Fours (cashed out).
Seat 9: kalita-1 folded before Flop (didn't bet)



PokerStars Hand #233641533440:  Hold'em No Limit ($0.01/$0.02 USD) - 2022/01/30 20:57:22 PT [2022/01/30 23:57:22 ET]
Table 'Fidelio II' 9-max Seat #2 is the button
Seat 1: sharkman7720 ($3.83 in chips) 
Seat 2: ALEMONSSS ($3.99 in chips) 
Seat 3: IndigoShirt ($2 in chips) 
Seat 4: thorivey ($3.99 in chips) 
Seat 5: modernexpo ($2 in chips) 
Seat 6: Dorex2007 ($2 in chips) 
Seat 7: Alehta ($1.03 in chips) 
Seat 8: umka186 ($3.41 in chips) 
IndigoShirt: posts small blind $0.01
thorivey: posts big blind $0.02
*** HOLE CARDS ***
Dealt to Dorex2007 [9c 9s]
modernexpo: folds 
Dorex2007: raises $0.02 to $0.04
Alehta: raises $0.08 to $0.12
umka186: folds 
sharkman7720: folds 
ALEMONSSS: calls $0.12
IndigoShirt: folds 
thorivey: folds 
Dorex2007: folds 
*** FLOP *** [Qd 7c Tc]
Alehta: bets $0.20
ALEMONSSS: calls $0.20
*** TURN *** [Qd 7c Tc] [7d]
Alehta: bets $0.46
ALEMONSSS: calls $0.46
*** RIVER *** [Qd 7c Tc 7d] [8c]
Alehta: bets $0.25 and is all-in
ALEMONSSS: calls $0.25
*** SHOW DOWN ***
Alehta: shows [Ac Ah] (two pair, Aces and Sevens)
ALEMONSSS: shows [9d 8d] (two pair, Eights and Sevens)
Alehta collected $2.06 from pot
*** SUMMARY ***
Total pot $2.13 | Rake $0.07 
Board [Qd 7c Tc 7d 8c]
Seat 1: sharkman7720 folded before Flop (didn't bet)
Seat 2: ALEMONSSS (button) showed [9d 8d] and lost with two pair, Eights and Sevens
Seat 3: IndigoShirt (small blind) folded before Flop
Seat 4: thorivey (big blind) folded before Flop
Seat 5: modernexpo folded before Flop (didn't bet)
Seat 6: Dorex2007 folded before Flop
Seat 7: Alehta showed [Ac Ah] and won ($2.06) with two pair, Aces and Sevens
Seat 8: umka186 folded before Flop (didn't bet)



PokerStars Hand #233641539943:  Hold'em No Limit ($0.01/$0.02 USD) - 2022/01/30 20:58:13 PT [2022/01/30 23:58:13 ET]
Table 'Fidelio II' 9-max Seat #3 is the button
Seat 1: sharkman7720 ($3.83 in chips) 
Seat 3: IndigoShirt ($2 in chips) 
Seat 4: thorivey ($3.97 in chips) 
Seat 5: modernexpo ($2 in chips) 
Seat 6: Dorex2007 ($2 in chips) 
Seat 7: Alehta ($2.06 in chips) 
Seat 8: umka186 ($3.41 in chips) 
thorivey: posts small blind $0.01
modernexpo: posts big blind $0.02
*** HOLE CARDS ***
Dealt to Dorex2007 [9d 3h]
ALEMONSSS leaves the table
Dorex2007: folds 
Alehta: raises $0.02 to $0.04
umka186: folds 
sharkman7720: folds 
IndigoShirt: folds 
thorivey: folds 
modernexpo: calls $0.02
*** FLOP *** [Ks Th 4d]
modernexpo: checks 
Alehta: bets $0.03
modernexpo: folds 
Uncalled bet ($0.03) returned to Alehta
Alehta collected $0.09 from pot
Alehta: doesn't show hand 
*** SUMMARY ***
Total pot $0.09 | Rake $0 
Board [Ks Th 4d]
Seat 1: sharkman7720 folded before Flop (didn't bet)
Seat 3: IndigoShirt (button) folded before Flop (didn't bet)
Seat 4: thorivey (small blind) folded before Flop
Seat 5: modernexpo (big blind) folded on the Flop
Seat 6: Dorex2007 folded before Flop (didn't bet)
Seat 7: Alehta collected ($0.09)
Seat 8: umka186 folded before Flop (didn't bet)



PokerStars Hand #233641544275:  Hold'em No Limit ($0.01/$0.02 USD) - 2022/01/30 20:58:48 PT [2022/01/30 23:58:48 ET]
Table 'Fidelio II' 9-max Seat #4 is the button
Seat 1: sharkman7720 ($3.83 in chips) 
Seat 3: IndigoShirt ($2 in chips) 
Seat 4: thorivey ($3.96 in chips) 
Seat 5: modernexpo ($2 in chips) 
Seat 6: Dorex2007 ($2 in chips) 
Seat 7: Alehta ($2.11 in chips) 
Seat 8: umka186 ($3.41 in chips) 
modernexpo: posts small blind $0.01
Dorex2007: posts big blind $0.02
*** HOLE CARDS ***
Dealt to Dorex2007 [8h 2h]
Alehta: folds 
umka186: folds 
sharkman7720: folds 
IndigoShirt: folds 
thorivey: folds 
modernexpo: folds 
Uncalled bet ($0.01) returned to Dorex2007
Dorex2007 collected $0.02 from pot
Dorex2007: doesn't show hand 
*** SUMMARY ***
Total pot $0.02 | Rake $0 
Seat 1: sharkman7720 folded before Flop (didn't bet)
Seat 3: IndigoShirt folded before Flop (didn't bet)
Seat 4: thorivey (button) folded before Flop (didn't bet)
Seat 5: modernexpo (small blind) folded before Flop
Seat 6: Dorex2007 (big blind) collected ($0.02)
Seat 7: Alehta folded before Flop (didn't bet)
Seat 8: umka186 folded before Flop (didn't bet)



PokerStars Hand #233641548223:  Hold'em No Limit ($0.01/$0.02 USD) - 2022/01/30 20:59:20 PT [2022/01/30 23:59:20 ET]
Table 'Fidelio II' 9-max Seat #5 is the button
Seat 1: sharkman7720 ($3.83 in chips) 
Seat 3: IndigoShirt ($2 in chips) 
Seat 4: thorivey ($3.96 in chips) 
Seat 5: modernexpo ($2 in chips) 
Seat 6: Dorex2007 ($2.01 in chips) 
Seat 8: umka186 ($3.41 in chips) 
Dorex2007: posts small blind $0.01
Alehta: is sitting out 
umka186: posts big blind $0.02
*** HOLE CARDS ***
Dealt to Dorex2007 [Th Kh]
sharkman7720: folds 
IndigoShirt: folds 
Omar Cayman joins the table at seat #2 
thorivey: raises $0.04 to $0.06
modernexpo: folds 
Dorex2007: calls $0.05
umka186: folds 
*** FLOP *** [Jc 6d Ah]
Dorex2007: checks 
Alehta leaves the table
thorivey: bets $0.06
Dorex2007: calls $0.06
*** TURN *** [Jc 6d Ah] [5h]
Dorex2007: bets $0.17
thorivey: raises $0.39 to $0.56
Dorex2007: calls $0.39
*** RIVER *** [Jc 6d Ah 5h] [3s]
Dorex2007: checks 
kalita-1 leaves the table
thorivey: bets $3.28 and is all-in
Dorex2007: folds 
Uncalled bet ($3.28) returned to thorivey
DodgeGTS4 joins the table at seat #7 
thorivey collected $1.33 from pot
thorivey: doesn't show hand 
*** SUMMARY ***
Total pot $1.38 | Rake $0.05 
Board [Jc 6d Ah 5h 3s]
Seat 1: sharkman7720 folded before Flop (didn't bet)
Seat 3: IndigoShirt folded before Flop (didn't bet)
Seat 4: thorivey collected ($1.33)
Seat 5: modernexpo (button) folded before Flop (didn't bet)
Seat 6: Dorex2007 (small blind) folded on the River
Seat 8: umka186 (big blind) folded before Flop



