PokerStars Hand #237753880924:  Hold'em No Limit ($0.01/$0.02 USD) - 2022/08/02 16:50:42 PT [2022/08/02 19:50:42 ET]
Table 'Montezuma' 9-max Seat #4 is the button
Seat 1: riverfox888 ($4.95 in chips) 
Seat 2: Oli0925 ($0.92 in chips) 
Seat 3: Dorex2007 ($2 in chips) 
Seat 4: RosemontTony ($2.33 in chips) 
Seat 5: FasteR_Hit ($1.50 in chips) 
Seat 7: chrissachp51 ($2.47 in chips) 
Seat 8: slimshady948 ($1.07 in chips) 
FasteR_Hit: posts small blind $0.01
chrissachp51: posts big blind $0.02
Dorex2007: posts big blind $0.02
*** HOLE CARDS ***
Dealt to Dorex2007 [2d 2h]
slimshady948: folds 
riverfox888: raises $0.06 to $0.08
Oli0925: folds 
Dorex2007: calls $0.06
RosemontTony: folds 
FasteR_Hit: calls $0.07
chrissachp51: calls $0.06
*** FLOP *** [Qs Ks Qh]
FasteR_Hit: checks 
chrissachp51: checks 
riverfox888: checks 
Dorex2007: checks 
*** TURN *** [Qs Ks Qh] [Ad]
FasteR_Hit: checks 
chrissachp51: checks 
riverfox888: checks 
Dorex2007: checks 
*** RIVER *** [Qs Ks Qh Ad] [4h]
FasteR_Hit: checks 
chrissachp51: checks 
riverfox888: checks 
Dorex2007: checks 
*** SHOW DOWN ***
FasteR_Hit: shows [6s Th] (a pair of Queens)
chrissachp51: mucks hand 
riverfox888: shows [Jd Js] (two pair, Queens and Jacks)
Dorex2007: mucks hand 
riverfox888 collected $0.31 from pot
*** SUMMARY ***
Total pot $0.32 | Rake $0.01 
Board [Qs Ks Qh Ad 4h]
Seat 1: riverfox888 showed [Jd Js] and won ($0.31) with two pair, Queens and Jacks
Seat 2: Oli0925 folded before Flop (didn't bet)
Seat 3: Dorex2007 mucked [2d 2h]
Seat 4: RosemontTony (button) folded before Flop (didn't bet)
Seat 5: FasteR_Hit (small blind) showed [6s Th] and lost with a pair of Queens
Seat 7: chrissachp51 (big blind) mucked [2s 3s]
Seat 8: slimshady948 folded before Flop (didn't bet)



PokerStars Hand #237753906437:  Hold'em No Limit ($0.01/$0.02 USD) - 2022/08/02 16:51:56 PT [2022/08/02 19:51:56 ET]
Table 'Montezuma' 9-max Seat #5 is the button
Seat 1: riverfox888 ($5.18 in chips) 
Seat 2: Oli0925 ($0.92 in chips) 
Seat 3: Dorex2007 ($2 in chips) 
Seat 4: RosemontTony ($2.33 in chips) 
Seat 5: FasteR_Hit ($1.42 in chips) 
Seat 7: chrissachp51 ($2.39 in chips) 
Seat 8: slimshady948 ($1.07 in chips) 
chrissachp51: posts small blind $0.01
slimshady948: posts big blind $0.02
*** HOLE CARDS ***
Dealt to Dorex2007 [Jd 4d]
riverfox888: raises $0.06 to $0.08
Oli0925: folds 
Dorex2007: folds 
RosemontTony: folds 
FasteR_Hit: calls $0.08
chrissachp51: folds 
slimshady948: folds 
*** FLOP *** [Ac Ks Ad]
riverfox888: checks 
FasteR_Hit: bets $0.04
riverfox888: calls $0.04
*** TURN *** [Ac Ks Ad] [4h]
riverfox888: checks 
FasteR_Hit: bets $0.06
riverfox888: raises $0.06 to $0.12
FasteR_Hit: calls $0.06
*** RIVER *** [Ac Ks Ad 4h] [7d]
riverfox888: bets $0.12
FasteR_Hit: calls $0.12
*** SHOW DOWN ***
riverfox888: shows [As Kc] (a full house, Aces full of Kings)
FasteR_Hit: mucks hand 
riverfox888 collected $0.72 from pot
*** SUMMARY ***
Total pot $0.75 | Rake $0.03 
Board [Ac Ks Ad 4h 7d]
Seat 1: riverfox888 showed [As Kc] and won ($0.72) with a full house, Aces full of Kings
Seat 2: Oli0925 folded before Flop (didn't bet)
Seat 3: Dorex2007 folded before Flop (didn't bet)
Seat 4: RosemontTony folded before Flop (didn't bet)
Seat 5: FasteR_Hit (button) mucked [8s 8d]
Seat 7: chrissachp51 (small blind) folded before Flop
Seat 8: slimshady948 (big blind) folded before Flop



PokerStars Hand #237753931573:  Hold'em No Limit ($0.01/$0.02 USD) - 2022/08/02 16:52:56 PT [2022/08/02 19:52:56 ET]
Table 'Montezuma' 9-max Seat #7 is the button
Seat 1: riverfox888 ($5.54 in chips) 
Seat 2: Oli0925 ($0.92 in chips) 
Seat 3: Dorex2007 ($2 in chips) 
Seat 4: RosemontTony ($2.33 in chips) 
Seat 5: FasteR_Hit ($1.06 in chips) 
Seat 6: Izzy Mandelbaum ($4.85 in chips) 
Seat 7: chrissachp51 ($2.38 in chips) 
Seat 8: slimshady948 ($1.05 in chips) 
slimshady948: posts small blind $0.01
riverfox888: posts big blind $0.02
Izzy Mandelbaum: posts small & big blinds $0.03
*** HOLE CARDS ***
Dealt to Dorex2007 [7s 2s]
Oli0925: folds 
Dorex2007: folds 
RosemontTony: raises $0.08 to $0.10
FasteR_Hit: calls $0.10
Izzy Mandelbaum: folds 
chrissachp51: calls $0.10
slimshady948: calls $0.09
riverfox888: folds 
*** FLOP *** [Qh Kc Qs]
slimshady948: checks 
RosemontTony: checks 
FasteR_Hit: checks 
chrissachp51: bets $0.21
slimshady948: calls $0.21
RosemontTony: folds 
FasteR_Hit: folds 
*** TURN *** [Qh Kc Qs] [2d]
slimshady948: checks 
chrissachp51: bets $0.42
slimshady948: calls $0.42
*** RIVER *** [Qh Kc Qs 2d] [Ad]
slimshady948: checks 
chrissachp51: bets $0.82
slimshady948: calls $0.32 and is all-in
Uncalled bet ($0.50) returned to chrissachp51
*** SHOW DOWN ***
chrissachp51: shows [Jh Ts] (a straight, Ten to Ace)
slimshady948: shows [Ks 8s] (two pair, Kings and Queens)
chrissachp51 collected $2.27 from pot
*** SUMMARY ***
Total pot $2.35 | Rake $0.08 
Board [Qh Kc Qs 2d Ad]
Seat 1: riverfox888 (big blind) folded before Flop
Seat 2: Oli0925 folded before Flop (didn't bet)
Seat 3: Dorex2007 folded before Flop (didn't bet)
Seat 4: RosemontTony folded on the Flop
Seat 5: FasteR_Hit folded on the Flop
Seat 6: Izzy Mandelbaum folded before Flop (didn't bet)
Seat 7: chrissachp51 (button) showed [Jh Ts] and won ($2.27) with a straight, Ten to Ace
Seat 8: slimshady948 (small blind) showed [Ks 8s] and lost with two pair, Kings and Queens



PokerStars Hand #237753949497:  Hold'em No Limit ($0.01/$0.02 USD) - 2022/08/02 16:54:08 PT [2022/08/02 19:54:08 ET]
Table 'Montezuma' 9-max Seat #1 is the button
Seat 1: riverfox888 ($5.52 in chips) 
Seat 2: Oli0925 ($0.92 in chips) 
Seat 3: Dorex2007 ($2 in chips) 
Seat 4: RosemontTony ($2.23 in chips) 
Seat 5: FasteR_Hit ($0.96 in chips) 
Seat 6: Izzy Mandelbaum ($4.82 in chips) 
Seat 7: chrissachp51 ($3.60 in chips) 
Oli0925: posts small blind $0.01
Dorex2007: posts big blind $0.02
*** HOLE CARDS ***
Dealt to Dorex2007 [4c Ac]
RosemontTony: folds 
slimshady948 leaves the table
FasteR_Hit: folds 
Juagonzalez joins the table at seat #8 
Izzy Mandelbaum: folds 
chrissachp51: calls $0.02
riverfox888: folds 
Oli0925: folds 
Dorex2007: checks 
*** FLOP *** [5c Tc As]
Dorex2007: checks 
chrissachp51: checks 
*** TURN *** [5c Tc As] [2h]
Dorex2007: bets $0.03
chrissachp51: folds 
Uncalled bet ($0.03) returned to Dorex2007
Dorex2007 collected $0.05 from pot
Dorex2007: doesn't show hand 
*** SUMMARY ***
Total pot $0.05 | Rake $0 
Board [5c Tc As 2h]
Seat 1: riverfox888 (button) folded before Flop (didn't bet)
Seat 2: Oli0925 (small blind) folded before Flop
Seat 3: Dorex2007 (big blind) collected ($0.05)
Seat 4: RosemontTony folded before Flop (didn't bet)
Seat 5: FasteR_Hit folded before Flop (didn't bet)
Seat 6: Izzy Mandelbaum folded before Flop (didn't bet)
Seat 7: chrissachp51 folded on the Turn



PokerStars Hand #237753970529:  Hold'em No Limit ($0.01/$0.02 USD) - 2022/08/02 16:54:53 PT [2022/08/02 19:54:53 ET]
Table 'Montezuma' 9-max Seat #2 is the button
Seat 1: riverfox888 ($5.52 in chips) 
Seat 2: Oli0925 ($0.91 in chips) 
Seat 3: Dorex2007 ($2.03 in chips) 
Seat 4: RosemontTony ($2.23 in chips) 
Seat 5: FasteR_Hit ($0.96 in chips) 
Seat 6: Izzy Mandelbaum ($4.82 in chips) 
Seat 7: chrissachp51 ($3.58 in chips) 
Dorex2007: posts small blind $0.01
RosemontTony: posts big blind $0.02
Juagonzalez: sits out 
*** HOLE CARDS ***
Dealt to Dorex2007 [Qd 2h]
FasteR_Hit: calls $0.02
Izzy Mandelbaum: calls $0.02
chrissachp51: calls $0.02
riverfox888: folds 
Oli0925: folds 
Dorex2007: folds 
RosemontTony: raises $0.09 to $0.11
FasteR_Hit: folds 
Izzy Mandelbaum: folds 
chrissachp51: calls $0.09
*** FLOP *** [As Ac 8d]
RosemontTony: bets $0.07
chrissachp51: calls $0.07
*** TURN *** [As Ac 8d] [4s]
RosemontTony: checks 
chrissachp51: checks 
*** RIVER *** [As Ac 8d 4s] [Th]
RosemontTony: bets $0.10
chrissachp51: folds 
Uncalled bet ($0.10) returned to RosemontTony
RosemontTony collected $0.40 from pot
RosemontTony: doesn't show hand 
*** SUMMARY ***
Total pot $0.41 | Rake $0.01 
Board [As Ac 8d 4s Th]
Seat 1: riverfox888 folded before Flop (didn't bet)
Seat 2: Oli0925 (button) folded before Flop (didn't bet)
Seat 3: Dorex2007 (small blind) folded before Flop
Seat 4: RosemontTony (big blind) collected ($0.40)
Seat 5: FasteR_Hit folded before Flop
Seat 6: Izzy Mandelbaum folded before Flop
Seat 7: chrissachp51 folded on the River



PokerStars Hand #237753991996:  Hold'em No Limit ($0.01/$0.02 USD) - 2022/08/02 16:56:32 PT [2022/08/02 19:56:32 ET]
Table 'Montezuma' 9-max Seat #3 is the button
Seat 1: riverfox888 ($5.52 in chips) 
Seat 2: Oli0925 ($0.91 in chips) 
Seat 3: Dorex2007 ($2.02 in chips) 
Seat 4: RosemontTony ($2.45 in chips) 
Seat 5: FasteR_Hit ($0.94 in chips) 
Seat 6: Izzy Mandelbaum ($4.80 in chips) 
Seat 7: chrissachp51 ($3.40 in chips) 
RosemontTony: posts small blind $0.01
FasteR_Hit: posts big blind $0.02
Juagonzalez: sits out 
*** HOLE CARDS ***
Dealt to Dorex2007 [4s Ah]
Izzy Mandelbaum: folds 
chrissachp51: folds 
riverfox888: folds 
Oli0925: folds 
Dorex2007: folds 
RosemontTony: raises $0.04 to $0.06
FasteR_Hit: calls $0.04
*** FLOP *** [6h 8d 7c]
RosemontTony: checks 
FasteR_Hit: bets $0.04
RosemontTony: folds 
Uncalled bet ($0.04) returned to FasteR_Hit
FasteR_Hit collected $0.12 from pot
FasteR_Hit: doesn't show hand 
*** SUMMARY ***
Total pot $0.12 | Rake $0 
Board [6h 8d 7c]
Seat 1: riverfox888 folded before Flop (didn't bet)
Seat 2: Oli0925 folded before Flop (didn't bet)
Seat 3: Dorex2007 (button) folded before Flop (didn't bet)
Seat 4: RosemontTony (small blind) folded on the Flop
Seat 5: FasteR_Hit (big blind) collected ($0.12)
Seat 6: Izzy Mandelbaum folded before Flop (didn't bet)
Seat 7: chrissachp51 folded before Flop (didn't bet)



PokerStars Hand #237754000528:  Hold'em No Limit ($0.01/$0.02 USD) - 2022/08/02 16:57:13 PT [2022/08/02 19:57:13 ET]
Table 'Montezuma' 9-max Seat #4 is the button
Seat 1: riverfox888 ($5.52 in chips) 
Seat 2: Oli0925 ($0.91 in chips) 
Seat 3: Dorex2007 ($2.02 in chips) 
Seat 4: RosemontTony ($2.39 in chips) 
Seat 5: FasteR_Hit ($1 in chips) 
Seat 6: Izzy Mandelbaum ($4.80 in chips) 
Seat 7: chrissachp51 ($3.40 in chips) 
FasteR_Hit: posts small blind $0.01
Izzy Mandelbaum: posts big blind $0.02
Juagonzalez: sits out 
*** HOLE CARDS ***
Dealt to Dorex2007 [6d 2s]
MakenaCR leaves the table
chrissachp51: calls $0.02
riverfox888: folds 
Oli0925: folds 
Dorex2007: folds 
PabloRush99 joins the table at seat #9 
RosemontTony: folds 
FasteR_Hit: calls $0.01
Izzy Mandelbaum: checks 
*** FLOP *** [8s 3h Kc]
FasteR_Hit: bets $0.04
Izzy Mandelbaum: folds 
chrissachp51: calls $0.04
*** TURN *** [8s 3h Kc] [9h]
FasteR_Hit: bets $0.06
chrissachp51: calls $0.06
*** RIVER *** [8s 3h Kc 9h] [6h]
FasteR_Hit: bets $0.12
chrissachp51: calls $0.12
*** SHOW DOWN ***
FasteR_Hit: shows [Js 8c] (a pair of Eights)
chrissachp51: shows [Ks 3s] (two pair, Kings and Threes)
chrissachp51 collected $0.48 from pot
*** SUMMARY ***
Total pot $0.50 | Rake $0.02 
Board [8s 3h Kc 9h 6h]
Seat 1: riverfox888 folded before Flop (didn't bet)
Seat 2: Oli0925 folded before Flop (didn't bet)
Seat 3: Dorex2007 folded before Flop (didn't bet)
Seat 4: RosemontTony (button) folded before Flop (didn't bet)
Seat 5: FasteR_Hit (small blind) showed [Js 8c] and lost with a pair of Eights
Seat 6: Izzy Mandelbaum (big blind) folded on the Flop
Seat 7: chrissachp51 showed [Ks 3s] and won ($0.48) with two pair, Kings and Threes



PokerStars Hand #237754012920:  Hold'em No Limit ($0.01/$0.02 USD) - 2022/08/02 16:58:12 PT [2022/08/02 19:58:12 ET]
Table 'Montezuma' 9-max Seat #5 is the button
Seat 1: riverfox888 ($5.52 in chips) 
Seat 2: Oli0925 ($0.91 in chips) 
Seat 3: Dorex2007 ($2.02 in chips) 
Seat 4: RosemontTony ($2.39 in chips) 
Seat 5: FasteR_Hit ($0.76 in chips) 
Seat 6: Izzy Mandelbaum ($4.78 in chips) 
Seat 7: chrissachp51 ($3.64 in chips) 
Seat 9: PabloRush99 ($1.50 in chips) 
Izzy Mandelbaum: posts small blind $0.01
chrissachp51: posts big blind $0.02
Juagonzalez: sits out 
PabloRush99: posts big blind $0.02
*** HOLE CARDS ***
Dealt to Dorex2007 [7c 2h]
PabloRush99: checks 
riverfox888: folds 
Oli0925: folds 
Dorex2007: folds 
RosemontTony: folds 
FasteR_Hit: raises $0.04 to $0.06
Izzy Mandelbaum: folds 
chrissachp51: folds 
PabloRush99: calls $0.04
*** FLOP *** [Qh 4h 2d]
PabloRush99: checks 
FasteR_Hit: checks 
*** TURN *** [Qh 4h 2d] [2c]
PabloRush99: checks 
FasteR_Hit: bets $0.06
PabloRush99: folds 
Uncalled bet ($0.06) returned to FasteR_Hit
FasteR_Hit collected $0.14 from pot
FasteR_Hit: doesn't show hand 
*** SUMMARY ***
Total pot $0.15 | Rake $0.01 
Board [Qh 4h 2d 2c]
Seat 1: riverfox888 folded before Flop (didn't bet)
Seat 2: Oli0925 folded before Flop (didn't bet)
Seat 3: Dorex2007 folded before Flop (didn't bet)
Seat 4: RosemontTony folded before Flop (didn't bet)
Seat 5: FasteR_Hit (button) collected ($0.14)
Seat 6: Izzy Mandelbaum (small blind) folded before Flop
Seat 7: chrissachp51 (big blind) folded before Flop
Seat 9: PabloRush99 folded on the Turn



PokerStars Hand #237754024352:  Hold'em No Limit ($0.01/$0.02 USD) - 2022/08/02 16:59:05 PT [2022/08/02 19:59:05 ET]
Table 'Montezuma' 9-max Seat #6 is the button
Seat 1: riverfox888 ($5.52 in chips) 
Seat 2: Oli0925 ($0.91 in chips) 
Seat 3: Dorex2007 ($2.02 in chips) 
Seat 4: RosemontTony ($2.39 in chips) 
Seat 5: FasteR_Hit ($0.84 in chips) 
Seat 6: Izzy Mandelbaum ($4.77 in chips) 
Seat 7: chrissachp51 ($3.62 in chips) 
Seat 8: Juagonzalez ($2 in chips) 
Seat 9: PabloRush99 ($1.44 in chips) 
chrissachp51: posts small blind $0.01
Juagonzalez: posts big blind $0.02
*** HOLE CARDS ***
Dealt to Dorex2007 [Js 5h]
PabloRush99: calls $0.02
riverfox888: folds 
Oli0925: folds 
Dorex2007: folds 
RosemontTony: raises $0.04 to $0.06
FasteR_Hit: calls $0.06
Izzy Mandelbaum: folds 
riverfox888 leaves the table
chrissachp51: calls $0.05
CasObserver joins the table at seat #1 
Juagonzalez: folds 
PabloRush99: raises $0.26 to $0.32
RosemontTony: folds 
FasteR_Hit: calls $0.26
chrissachp51: folds 
*** FLOP *** [Qc 9d 9c]
PabloRush99: checks 
FasteR_Hit: bets $0.52 and is all-in
PabloRush99: calls $0.52
*** TURN *** [Qc 9d 9c] [Qh]
*** RIVER *** [Qc 9d 9c Qh] [Ad]
*** SHOW DOWN ***
PabloRush99: shows [Kd Jd] (two pair, Queens and Nines)
FasteR_Hit: shows [Qd 7d] (a full house, Queens full of Nines)
FasteR_Hit collected $1.76 from pot
*** SUMMARY ***
Total pot $1.82 | Rake $0.06 
Board [Qc 9d 9c Qh Ad]
Seat 1: riverfox888 folded before Flop (didn't bet)
Seat 2: Oli0925 folded before Flop (didn't bet)
Seat 3: Dorex2007 folded before Flop (didn't bet)
Seat 4: RosemontTony folded before Flop
Seat 5: FasteR_Hit showed [Qd 7d] and won ($1.76) with a full house, Queens full of Nines
Seat 6: Izzy Mandelbaum (button) folded before Flop (didn't bet)
Seat 7: chrissachp51 (small blind) folded before Flop
Seat 8: Juagonzalez (big blind) folded before Flop
Seat 9: PabloRush99 showed [Kd Jd] and lost with two pair, Queens and Nines



PokerStars Hand #237754039375:  Hold'em No Limit ($0.01/$0.02 USD) - 2022/08/02 17:00:15 PT [2022/08/02 20:00:15 ET]
Table 'Montezuma' 9-max Seat #7 is the button
Seat 2: Oli0925 ($0.91 in chips) 
Seat 3: Dorex2007 ($2.02 in chips) 
Seat 4: RosemontTony ($2.33 in chips) 
Seat 5: FasteR_Hit ($1.76 in chips) 
Seat 6: Izzy Mandelbaum ($4.77 in chips) 
Seat 7: chrissachp51 ($3.56 in chips) 
Seat 8: Juagonzalez ($2 in chips) 
Seat 9: PabloRush99 ($0.60 in chips) 
Juagonzalez: posts small blind $0.01
PabloRush99: posts big blind $0.02
CasObserver: sits out 
*** HOLE CARDS ***
Dealt to Dorex2007 [Ks 6d]
Oli0925: folds 
Dorex2007: folds 
RosemontTony: folds 
FasteR_Hit: calls $0.02
Izzy Mandelbaum: folds 
chrissachp51: calls $0.02
Juagonzalez: folds 
PabloRush99: raises $0.58 to $0.60 and is all-in
FasteR_Hit: folds 
chrissachp51: calls $0.58
*** FLOP *** [Qh 7h As]
*** TURN *** [Qh 7h As] [7c]
*** RIVER *** [Qh 7h As 7c] [8c]
*** SHOW DOWN ***
PabloRush99: shows [3d 2d] (a pair of Sevens)
chrissachp51: shows [Js Qd] (two pair, Queens and Sevens)
chrissachp51 collected $1.19 from pot
*** SUMMARY ***
Total pot $1.23 | Rake $0.04 
Board [Qh 7h As 7c 8c]
Seat 2: Oli0925 folded before Flop (didn't bet)
Seat 3: Dorex2007 folded before Flop (didn't bet)
Seat 4: RosemontTony folded before Flop (didn't bet)
Seat 5: FasteR_Hit folded before Flop
Seat 6: Izzy Mandelbaum folded before Flop (didn't bet)
Seat 7: chrissachp51 (button) showed [Js Qd] and won ($1.19) with two pair, Queens and Sevens
Seat 8: Juagonzalez (small blind) folded before Flop
Seat 9: PabloRush99 (big blind) showed [3d 2d] and lost with a pair of Sevens



PokerStars Hand #237754051137:  Hold'em No Limit ($0.01/$0.02 USD) - 2022/08/02 17:01:06 PT [2022/08/02 20:01:06 ET]
Table 'Montezuma' 9-max Seat #8 is the button
Seat 2: Oli0925 ($0.91 in chips) 
Seat 3: Dorex2007 ($2.02 in chips) 
Seat 4: RosemontTony ($2.33 in chips) 
Seat 5: FasteR_Hit ($1.74 in chips) 
Seat 6: Izzy Mandelbaum ($4.77 in chips) 
Seat 7: chrissachp51 ($4.15 in chips) 
Seat 8: Juagonzalez ($2 in chips) 
Oli0925: posts small blind $0.01
Dorex2007: posts big blind $0.02
*** HOLE CARDS ***
Dealt to Dorex2007 [Qd 8c]
RosemontTony: folds 
FasteR_Hit: calls $0.02
Izzy Mandelbaum: calls $0.02
chrissachp51: folds 
Juagonzalez: folds 
Oli0925: folds 
Dorex2007: checks 
*** FLOP *** [9d Td 2h]
Dorex2007: checks 
FasteR_Hit: bets $0.02
Izzy Mandelbaum: calls $0.02
Dorex2007: calls $0.02
*** TURN *** [9d Td 2h] [Ks]
Dorex2007: checks 
FasteR_Hit: checks 
Izzy Mandelbaum: checks 
*** RIVER *** [9d Td 2h Ks] [Ah]
Dorex2007: checks 
FasteR_Hit: bets $0.08
Izzy Mandelbaum: folds 
Dorex2007: folds 
Uncalled bet ($0.08) returned to FasteR_Hit
FasteR_Hit collected $0.13 from pot
FasteR_Hit: doesn't show hand 
*** SUMMARY ***
Total pot $0.13 | Rake $0 
Board [9d Td 2h Ks Ah]
Seat 2: Oli0925 (small blind) folded before Flop
Seat 3: Dorex2007 (big blind) folded on the River
Seat 4: RosemontTony folded before Flop (didn't bet)
Seat 5: FasteR_Hit collected ($0.13)
Seat 6: Izzy Mandelbaum folded on the River
Seat 7: chrissachp51 folded before Flop (didn't bet)
Seat 8: Juagonzalez (button) folded before Flop (didn't bet)



PokerStars Hand #237754068014:  Hold'em No Limit ($0.01/$0.02 USD) - 2022/08/02 17:02:14 PT [2022/08/02 20:02:14 ET]
Table 'Montezuma' 9-max Seat #2 is the button
Seat 1: CasObserver ($1 in chips) 
Seat 2: Oli0925 ($0.90 in chips) 
Seat 3: Dorex2007 ($2 in chips) 
Seat 4: RosemontTony ($2.33 in chips) 
Seat 5: FasteR_Hit ($1.83 in chips) 
Seat 6: Izzy Mandelbaum ($4.73 in chips) 
Seat 7: chrissachp51 ($4.15 in chips) 
Seat 8: Juagonzalez ($2 in chips) 
Dorex2007: posts small blind $0.01
RosemontTony: posts big blind $0.02
CasObserver: posts big blind $0.02
*** HOLE CARDS ***
Dealt to Dorex2007 [Qs Ah]
FasteR_Hit: calls $0.02
Izzy Mandelbaum: folds 
chrissachp51: calls $0.02
PabloRush99 is disconnected 
Juagonzalez: folds 
CasObserver: checks 
Oli0925: folds 
Dorex2007: raises $0.02 to $0.04
RosemontTony: calls $0.02
FasteR_Hit: calls $0.02
chrissachp51: calls $0.02
CasObserver: calls $0.02
*** FLOP *** [4h 6d 8c]
Dorex2007: checks 
RosemontTony: checks 
FasteR_Hit: bets $0.09
chrissachp51: folds 
CasObserver: folds 
Dorex2007: folds 
RosemontTony: folds 
Uncalled bet ($0.09) returned to FasteR_Hit
FasteR_Hit collected $0.19 from pot
FasteR_Hit: doesn't show hand 
*** SUMMARY ***
Total pot $0.20 | Rake $0.01 
Board [4h 6d 8c]
Seat 1: CasObserver folded on the Flop
Seat 2: Oli0925 (button) folded before Flop (didn't bet)
Seat 3: Dorex2007 (small blind) folded on the Flop
Seat 4: RosemontTony (big blind) folded on the Flop
Seat 5: FasteR_Hit collected ($0.19)
Seat 6: Izzy Mandelbaum folded before Flop (didn't bet)
Seat 7: chrissachp51 folded on the Flop
Seat 8: Juagonzalez folded before Flop (didn't bet)



PokerStars Hand #237754085878:  Hold'em No Limit ($0.01/$0.02 USD) - 2022/08/02 17:03:28 PT [2022/08/02 20:03:28 ET]
Table 'Montezuma' 9-max Seat #3 is the button
Seat 1: CasObserver ($0.96 in chips) 
Seat 2: Oli0925 ($0.90 in chips) 
Seat 3: Dorex2007 ($2 in chips) 
Seat 4: RosemontTony ($2.29 in chips) 
Seat 5: FasteR_Hit ($1.98 in chips) 
Seat 6: Izzy Mandelbaum ($4.73 in chips) 
Seat 7: chrissachp51 ($4.11 in chips) 
Seat 8: Juagonzalez ($2 in chips) 
RosemontTony: posts small blind $0.01
FasteR_Hit: posts big blind $0.02
*** HOLE CARDS ***
Dealt to Dorex2007 [5h 4s]
Izzy Mandelbaum has timed out
Izzy Mandelbaum: folds 
chrissachp51: raises $0.02 to $0.04
Juagonzalez: folds 
CasObserver: folds 
Oli0925: folds 
Dorex2007: folds 
RosemontTony: folds 
FasteR_Hit: calls $0.02
*** FLOP *** [7d 2c 8h]
FasteR_Hit: checks 
chrissachp51: bets $0.09
FasteR_Hit: calls $0.09
*** TURN *** [7d 2c 8h] [5s]
FasteR_Hit: checks 
chrissachp51: bets $0.13
FasteR_Hit: folds 
Uncalled bet ($0.13) returned to chrissachp51
chrissachp51 collected $0.26 from pot
*** SUMMARY ***
Total pot $0.27 | Rake $0.01 
Board [7d 2c 8h 5s]
Seat 1: CasObserver folded before Flop (didn't bet)
Seat 2: Oli0925 folded before Flop (didn't bet)
Seat 3: Dorex2007 (button) folded before Flop (didn't bet)
Seat 4: RosemontTony (small blind) folded before Flop
Seat 5: FasteR_Hit (big blind) folded on the Turn
Seat 6: Izzy Mandelbaum folded before Flop (didn't bet)
Seat 7: chrissachp51 collected ($0.26)
Seat 8: Juagonzalez folded before Flop (didn't bet)



PokerStars Hand #237754097471:  Hold'em No Limit ($0.01/$0.02 USD) - 2022/08/02 17:04:14 PT [2022/08/02 20:04:14 ET]
Table 'Montezuma' 9-max Seat #4 is the button
Seat 1: CasObserver ($0.96 in chips) 
Seat 2: Oli0925 ($0.90 in chips) 
Seat 3: Dorex2007 ($2 in chips) 
Seat 4: RosemontTony ($2.28 in chips) 
Seat 5: FasteR_Hit ($1.85 in chips) 
Seat 6: Izzy Mandelbaum ($4.73 in chips) 
Seat 7: chrissachp51 ($4.24 in chips) 
Seat 8: Juagonzalez ($2 in chips) 
FasteR_Hit: posts small blind $0.01
Izzy Mandelbaum: posts big blind $0.02
*** HOLE CARDS ***
Dealt to Dorex2007 [8s Qh]
chrissachp51: folds 
Juagonzalez: folds 
CasObserver: raises $0.02 to $0.04
Oli0925: folds 
Dorex2007: folds 
RosemontTony: folds 
FasteR_Hit: calls $0.03
Izzy Mandelbaum: calls $0.02
*** FLOP *** [3c Ad 8h]
FasteR_Hit: checks 
Izzy Mandelbaum: checks 
CasObserver: checks 
*** TURN *** [3c Ad 8h] [8c]
FasteR_Hit: bets $0.04
Izzy Mandelbaum: folds 
CasObserver: calls $0.04
*** RIVER *** [3c Ad 8h 8c] [Js]
FasteR_Hit: checks 
CasObserver: checks 
*** SHOW DOWN ***
FasteR_Hit: shows [Qd 7d] (a pair of Eights)
CasObserver: shows [Kc 9c] (a pair of Eights - Ace+King kicker)
CasObserver collected $0.19 from pot
*** SUMMARY ***
Total pot $0.20 | Rake $0.01 
Board [3c Ad 8h 8c Js]
Seat 1: CasObserver showed [Kc 9c] and won ($0.19) with a pair of Eights
Seat 2: Oli0925 folded before Flop (didn't bet)
Seat 3: Dorex2007 folded before Flop (didn't bet)
Seat 4: RosemontTony (button) folded before Flop (didn't bet)
Seat 5: FasteR_Hit (small blind) showed [Qd 7d] and lost with a pair of Eights
Seat 6: Izzy Mandelbaum (big blind) folded on the Turn
Seat 7: chrissachp51 folded before Flop (didn't bet)
Seat 8: Juagonzalez folded before Flop (didn't bet)



PokerStars Hand #237754111489:  Hold'em No Limit ($0.01/$0.02 USD) - 2022/08/02 17:05:11 PT [2022/08/02 20:05:11 ET]
Table 'Montezuma' 9-max Seat #5 is the button
Seat 1: CasObserver ($1.07 in chips) 
Seat 2: Oli0925 ($0.90 in chips) 
Seat 3: Dorex2007 ($2 in chips) 
Seat 4: RosemontTony ($2.28 in chips) 
Seat 5: FasteR_Hit ($1.77 in chips) 
Seat 6: Izzy Mandelbaum ($4.69 in chips) 
Seat 7: chrissachp51 ($4.24 in chips) 
Seat 8: Juagonzalez ($2 in chips) 
Izzy Mandelbaum: posts small blind $0.01
chrissachp51: posts big blind $0.02
*** HOLE CARDS ***
Dealt to Dorex2007 [2d Qs]
Juagonzalez: folds 
CasObserver: folds 
Oli0925: calls $0.02
Dorex2007: folds 
RosemontTony: raises $0.07 to $0.09
FasteR_Hit: folds 
Izzy Mandelbaum: folds 
chrissachp51: folds 
Oli0925: calls $0.07
*** FLOP *** [Ad 9c 8h]
Oli0925: checks 
RosemontTony: bets $0.07
Oli0925: calls $0.07
*** TURN *** [Ad 9c 8h] [As]
Oli0925: bets $0.28
RosemontTony: folds 
Uncalled bet ($0.28) returned to Oli0925
Oli0925 collected $0.34 from pot
Oli0925: doesn't show hand 
*** SUMMARY ***
Total pot $0.35 | Rake $0.01 
Board [Ad 9c 8h As]
Seat 1: CasObserver folded before Flop (didn't bet)
Seat 2: Oli0925 collected ($0.34)
Seat 3: Dorex2007 folded before Flop (didn't bet)
Seat 4: RosemontTony folded on the Turn
Seat 5: FasteR_Hit (button) folded before Flop (didn't bet)
Seat 6: Izzy Mandelbaum (small blind) folded before Flop
Seat 7: chrissachp51 (big blind) folded before Flop
Seat 8: Juagonzalez folded before Flop (didn't bet)



PokerStars Hand #237754130615:  Hold'em No Limit ($0.01/$0.02 USD) - 2022/08/02 17:06:28 PT [2022/08/02 20:06:28 ET]
Table 'Montezuma' 9-max Seat #6 is the button
Seat 1: CasObserver ($1.07 in chips) 
Seat 2: Oli0925 ($1.08 in chips) 
Seat 3: Dorex2007 ($2 in chips) 
Seat 4: RosemontTony ($2.12 in chips) 
Seat 5: FasteR_Hit ($1.77 in chips) 
Seat 6: Izzy Mandelbaum ($4.68 in chips) 
Seat 7: chrissachp51 ($4.22 in chips) 
Seat 8: Juagonzalez ($2 in chips) 
chrissachp51: posts small blind $0.01
Juagonzalez: posts big blind $0.02
*** HOLE CARDS ***
Dealt to Dorex2007 [6s Qc]
CasObserver: calls $0.02
Oli0925: folds 
Dorex2007: folds 
RosemontTony: folds 
FasteR_Hit: calls $0.02
Izzy Mandelbaum has timed out
Izzy Mandelbaum: folds 
chrissachp51: calls $0.01
Juagonzalez: checks 
*** FLOP *** [5d Jd 2h]
chrissachp51: checks 
Juagonzalez: checks 
CasObserver: bets $0.04
FasteR_Hit: folds 
chrissachp51: calls $0.04
Juagonzalez: folds 
*** TURN *** [5d Jd 2h] [Td]
chrissachp51: checks 
CasObserver: checks 
*** RIVER *** [5d Jd 2h Td] [7d]
chrissachp51: checks 
CasObserver: checks 
*** SHOW DOWN ***
chrissachp51: shows [Jc Th] (two pair, Jacks and Tens)
CasObserver: mucks hand 
chrissachp51 collected $0.15 from pot
*** SUMMARY ***
Total pot $0.16 | Rake $0.01 
Board [5d Jd 2h Td 7d]
Seat 1: CasObserver mucked [8h 8c]
Seat 2: Oli0925 folded before Flop (didn't bet)
Seat 3: Dorex2007 folded before Flop (didn't bet)
Seat 4: RosemontTony folded before Flop (didn't bet)
Seat 5: FasteR_Hit folded on the Flop
Seat 6: Izzy Mandelbaum (button) folded before Flop (didn't bet)
Seat 7: chrissachp51 (small blind) showed [Jc Th] and won ($0.15) with two pair, Jacks and Tens
Seat 8: Juagonzalez (big blind) folded on the Flop



PokerStars Hand #237754151556:  Hold'em No Limit ($0.01/$0.02 USD) - 2022/08/02 17:07:54 PT [2022/08/02 20:07:54 ET]
Table 'Montezuma' 9-max Seat #7 is the button
Seat 1: CasObserver ($1.01 in chips) 
Seat 2: Oli0925 ($1.08 in chips) 
Seat 3: Dorex2007 ($2 in chips) 
Seat 4: RosemontTony ($2.12 in chips) 
Seat 5: FasteR_Hit ($1.75 in chips) 
Seat 6: Izzy Mandelbaum ($4.68 in chips) 
Seat 7: chrissachp51 ($4.31 in chips) 
Seat 8: Juagonzalez ($2 in chips) 
Juagonzalez: posts small blind $0.01
CasObserver: posts big blind $0.02
*** HOLE CARDS ***
Dealt to Dorex2007 [2h 3c]
Oli0925: folds 
Dorex2007: folds 
RosemontTony: folds 
FasteR_Hit: calls $0.02
Izzy Mandelbaum: folds 
chrissachp51: folds 
Juagonzalez: folds 
CasObserver: checks 
*** FLOP *** [7c Jc Td]
CasObserver: checks 
FasteR_Hit: bets $0.02
CasObserver: folds 
Uncalled bet ($0.02) returned to FasteR_Hit
FasteR_Hit collected $0.05 from pot
FasteR_Hit: doesn't show hand 
*** SUMMARY ***
Total pot $0.05 | Rake $0 
Board [7c Jc Td]
Seat 1: CasObserver (big blind) folded on the Flop
Seat 2: Oli0925 folded before Flop (didn't bet)
Seat 3: Dorex2007 folded before Flop (didn't bet)
Seat 4: RosemontTony folded before Flop (didn't bet)
Seat 5: FasteR_Hit collected ($0.05)
Seat 6: Izzy Mandelbaum folded before Flop (didn't bet)
Seat 7: chrissachp51 (button) folded before Flop (didn't bet)
Seat 8: Juagonzalez (small blind) folded before Flop



PokerStars Hand #237754171813:  Hold'em No Limit ($0.01/$0.02 USD) - 2022/08/02 17:08:36 PT [2022/08/02 20:08:36 ET]
Table 'Montezuma' 9-max Seat #8 is the button
Seat 1: CasObserver ($0.99 in chips) 
Seat 2: Oli0925 ($1.08 in chips) 
Seat 3: Dorex2007 ($2 in chips) 
Seat 4: RosemontTony ($2.12 in chips) 
Seat 5: FasteR_Hit ($1.78 in chips) 
Seat 6: Izzy Mandelbaum ($4.68 in chips) 
Seat 7: chrissachp51 ($4.31 in chips) 
Seat 8: Juagonzalez ($2 in chips) 
CasObserver: posts small blind $0.01
Oli0925: posts big blind $0.02
*** HOLE CARDS ***
Dealt to Dorex2007 [Qd Jc]
Dorex2007: folds 
RosemontTony: raises $0.04 to $0.06
FasteR_Hit: folds 
Izzy Mandelbaum: folds 
chrissachp51: folds 
Juagonzalez: folds 
CasObserver: folds 
Oli0925: raises $0.12 to $0.18
RosemontTony: calls $0.12
*** FLOP *** [5s Ts 3h]
Oli0925: bets $0.28
RosemontTony: calls $0.28
*** TURN *** [5s Ts 3h] [7d]
Oli0925: bets $0.62 and is all-in
RosemontTony: calls $0.62
*** RIVER *** [5s Ts 3h 7d] [3c]
*** SHOW DOWN ***
Oli0925: shows [Js Ad] (a pair of Threes)
RosemontTony: shows [Kc Kh] (two pair, Kings and Threes)
RosemontTony cashed out the hand for $1.92 | Cash Out Fee $0.02
*** SUMMARY ***
Total pot $2.17 | Rake $0.08 
Board [5s Ts 3h 7d 3c]
Seat 1: CasObserver (small blind) folded before Flop
Seat 2: Oli0925 (big blind) showed [Js Ad] and lost with a pair of Threes
Seat 3: Dorex2007 folded before Flop (didn't bet)
Seat 4: RosemontTony showed [Kc Kh] and won ($2.09) with two pair, Kings and Threes (pot not awarded as player cashed out)
Seat 5: FasteR_Hit folded before Flop (didn't bet)
Seat 6: Izzy Mandelbaum folded before Flop (didn't bet)
Seat 7: chrissachp51 folded before Flop (didn't bet)
Seat 8: Juagonzalez (button) folded before Flop (didn't bet)



PokerStars Hand #237754189569:  Hold'em No Limit ($0.01/$0.02 USD) - 2022/08/02 17:09:49 PT [2022/08/02 20:09:49 ET]
Table 'Montezuma' 9-max Seat #1 is the button
Seat 1: CasObserver ($0.98 in chips) 
Seat 3: Dorex2007 ($2 in chips) 
Seat 4: RosemontTony ($2.96 in chips) 
Seat 5: FasteR_Hit ($1.78 in chips) 
Seat 6: Izzy Mandelbaum ($4.68 in chips) 
Seat 7: chrissachp51 ($4.31 in chips) 
Seat 8: Juagonzalez ($2 in chips) 
Dorex2007: posts small blind $0.01
RosemontTony: posts big blind $0.02
*** HOLE CARDS ***
Dealt to Dorex2007 [5d Th]
FasteR_Hit: raises $0.02 to $0.04
Izzy Mandelbaum: calls $0.04
chrissachp51: calls $0.04
Juagonzalez: folds 
CasObserver: calls $0.04
Dorex2007: folds 
RosemontTony: folds 
*** FLOP *** [7s 3d 4d]
FasteR_Hit: bets $0.06
Izzy Mandelbaum: raises $0.15 to $0.21
chrissachp51: folds 
CasObserver: folds 
FasteR_Hit: calls $0.15
*** TURN *** [7s 3d 4d] [Jh]
FasteR_Hit: bets $0.10
Izzy Mandelbaum: raises $0.50 to $0.60
FasteR_Hit: folds 
Uncalled bet ($0.50) returned to Izzy Mandelbaum
Izzy Mandelbaum collected $0.78 from pot
*** SUMMARY ***
Total pot $0.81 | Rake $0.03 
Board [7s 3d 4d Jh]
Seat 1: CasObserver (button) folded on the Flop
Seat 3: Dorex2007 (small blind) folded before Flop
Seat 4: RosemontTony (big blind) folded before Flop
Seat 5: FasteR_Hit folded on the Turn
Seat 6: Izzy Mandelbaum collected ($0.78)
Seat 7: chrissachp51 folded on the Flop
Seat 8: Juagonzalez folded before Flop (didn't bet)



PokerStars Hand #237754208442:  Hold'em No Limit ($0.01/$0.02 USD) - 2022/08/02 17:11:05 PT [2022/08/02 20:11:05 ET]
Table 'Montezuma' 9-max Seat #3 is the button
Seat 1: CasObserver ($0.94 in chips) 
Seat 2: Oli0925 ($0.80 in chips) 
Seat 3: Dorex2007 ($2 in chips) 
Seat 4: RosemontTony ($2.94 in chips) 
Seat 5: FasteR_Hit ($1.43 in chips) 
Seat 6: Izzy Mandelbaum ($5.11 in chips) 
Seat 7: chrissachp51 ($4.27 in chips) 
Seat 8: Juagonzalez ($2 in chips) 
RosemontTony: posts small blind $0.01
FasteR_Hit: posts big blind $0.02
Oli0925: posts small blind $0.01
*** HOLE CARDS ***
Dealt to Dorex2007 [9c Qh]
Izzy Mandelbaum: folds 
chrissachp51: calls $0.02
Juagonzalez: folds 
CasObserver: calls $0.02
Oli0925: folds 
Dorex2007: calls $0.02
RosemontTony: calls $0.01
FasteR_Hit: checks 
*** FLOP *** [Ac 5s Jc]
RosemontTony: checks 
FasteR_Hit: bets $0.02
chrissachp51: calls $0.02
CasObserver: calls $0.02
Dorex2007: folds 
RosemontTony: folds 
*** TURN *** [Ac 5s Jc] [4d]
FasteR_Hit: checks 
chrissachp51: checks 
CasObserver: bets $0.04
FasteR_Hit: calls $0.04
chrissachp51: calls $0.04
*** RIVER *** [Ac 5s Jc 4d] [5c]
FasteR_Hit: bets $0.28
PabloRush99 leaves the table
chrissachp51: folds 
CasObserver: folds 
Uncalled bet ($0.28) returned to FasteR_Hit
FasteR_Hit collected $0.28 from pot
FasteR_Hit: doesn't show hand 
*** SUMMARY ***
Total pot $0.29 | Rake $0.01 
Board [Ac 5s Jc 4d 5c]
Seat 1: CasObserver folded on the River
Seat 2: Oli0925 folded before Flop (didn't bet)
Seat 3: Dorex2007 (button) folded on the Flop
Seat 4: RosemontTony (small blind) folded on the Flop
Seat 5: FasteR_Hit (big blind) collected ($0.28)
Seat 6: Izzy Mandelbaum folded before Flop (didn't bet)
Seat 7: chrissachp51 folded on the River
Seat 8: Juagonzalez folded before Flop (didn't bet)



PokerStars Hand #237754231204:  Hold'em No Limit ($0.01/$0.02 USD) - 2022/08/02 17:12:40 PT [2022/08/02 20:12:40 ET]
Table 'Montezuma' 9-max Seat #4 is the button
Seat 1: CasObserver ($0.86 in chips) 
Seat 2: Oli0925 ($0.79 in chips) 
Seat 3: Dorex2007 ($2 in chips) 
Seat 4: RosemontTony ($2.92 in chips) 
Seat 5: FasteR_Hit ($1.63 in chips) 
Seat 6: Izzy Mandelbaum ($5.11 in chips) 
Seat 7: chrissachp51 ($4.19 in chips) 
Seat 8: Juagonzalez ($2 in chips) 
FasteR_Hit: posts small blind $0.01
Izzy Mandelbaum: posts big blind $0.02
*** HOLE CARDS ***
Dealt to Dorex2007 [9h 3d]
chrissachp51: calls $0.02
Juagonzalez: folds 
CasObserver: folds 
Oli0925: folds 
Dorex2007: folds 
RosemontTony: raises $0.07 to $0.09
FasteR_Hit: folds 
Izzy Mandelbaum: folds 
chrissachp51: calls $0.07
*** FLOP *** [4s Qc Kd]
chrissachp51: checks 
RosemontTony: bets $0.10
chrissachp51: calls $0.10
*** TURN *** [4s Qc Kd] [2c]
chrissachp51: checks 
RosemontTony: checks 
*** RIVER *** [4s Qc Kd 2c] [6h]
chrissachp51: checks 
RosemontTony: bets $0.08
chrissachp51: folds 
Uncalled bet ($0.08) returned to RosemontTony
RosemontTony collected $0.40 from pot
RosemontTony: doesn't show hand 
*** SUMMARY ***
Total pot $0.41 | Rake $0.01 
Board [4s Qc Kd 2c 6h]
Seat 1: CasObserver folded before Flop (didn't bet)
Seat 2: Oli0925 folded before Flop (didn't bet)
Seat 3: Dorex2007 folded before Flop (didn't bet)
Seat 4: RosemontTony (button) collected ($0.40)
Seat 5: FasteR_Hit (small blind) folded before Flop
Seat 6: Izzy Mandelbaum (big blind) folded before Flop
Seat 7: chrissachp51 folded on the River
Seat 8: Juagonzalez folded before Flop (didn't bet)



PokerStars Hand #237754251675:  Hold'em No Limit ($0.01/$0.02 USD) - 2022/08/02 17:14:07 PT [2022/08/02 20:14:07 ET]
Table 'Montezuma' 9-max Seat #5 is the button
Seat 1: CasObserver ($0.86 in chips) 
Seat 2: Oli0925 ($0.79 in chips) 
Seat 3: Dorex2007 ($2 in chips) 
Seat 4: RosemontTony ($3.13 in chips) 
Seat 5: FasteR_Hit ($1.62 in chips) 
Seat 6: Izzy Mandelbaum ($5.09 in chips) 
Seat 7: chrissachp51 ($4 in chips) 
Seat 8: Juagonzalez ($2 in chips) 
Izzy Mandelbaum: posts small blind $0.01
chrissachp51: posts big blind $0.02
*** HOLE CARDS ***
Dealt to Dorex2007 [Tc 7h]
Juagonzalez: folds 
Lobo ll joins the table at seat #9 
CasObserver: folds 
Oli0925: calls $0.02
Dorex2007: folds 
RosemontTony: folds 
FasteR_Hit: raises $0.02 to $0.04
Izzy Mandelbaum: calls $0.03
chrissachp51: raises $0.02 to $0.06
Lobo ll leaves the table
Oli0925: folds 
FasteR_Hit: calls $0.02
Izzy Mandelbaum: calls $0.02
*** FLOP *** [7s 5h 9h]
Izzy Mandelbaum: checks 
chrissachp51: checks 
FasteR_Hit: checks 
*** TURN *** [7s 5h 9h] [Ah]
Izzy Mandelbaum: checks 
chrissachp51: bets $0.04
FasteR_Hit: folds 
Izzy Mandelbaum: calls $0.04
*** RIVER *** [7s 5h 9h Ah] [5s]
Izzy Mandelbaum: checks 
chrissachp51: checks 
*** SHOW DOWN ***
Izzy Mandelbaum: shows [Ad 6h] (two pair, Aces and Fives)
chrissachp51: shows [6s As] (two pair, Aces and Fives)
Izzy Mandelbaum collected $0.14 from pot
chrissachp51 collected $0.13 from pot
*** SUMMARY ***
Total pot $0.28 | Rake $0.01 
Board [7s 5h 9h Ah 5s]
Seat 1: CasObserver folded before Flop (didn't bet)
Seat 2: Oli0925 folded before Flop
Seat 3: Dorex2007 folded before Flop (didn't bet)
Seat 4: RosemontTony folded before Flop (didn't bet)
Seat 5: FasteR_Hit (button) folded on the Turn
Seat 6: Izzy Mandelbaum (small blind) showed [Ad 6h] and won ($0.14) with two pair, Aces and Fives
Seat 7: chrissachp51 (big blind) showed [6s As] and won ($0.13) with two pair, Aces and Fives
Seat 8: Juagonzalez folded before Flop (didn't bet)



PokerStars Hand #237754275137:  Hold'em No Limit ($0.01/$0.02 USD) - 2022/08/02 17:15:46 PT [2022/08/02 20:15:46 ET]
Table 'Montezuma' 9-max Seat #6 is the button
Seat 1: CasObserver ($0.86 in chips) 
Seat 2: Oli0925 ($0.77 in chips) 
Seat 3: Dorex2007 ($2 in chips) 
Seat 4: RosemontTony ($3.13 in chips) 
Seat 5: FasteR_Hit ($1.56 in chips) 
Seat 6: Izzy Mandelbaum ($5.13 in chips) 
Seat 7: chrissachp51 ($4.03 in chips) 
Seat 8: Juagonzalez ($2 in chips) 
chrissachp51: posts small blind $0.01
Juagonzalez: posts big blind $0.02
*** HOLE CARDS ***
Dealt to Dorex2007 [Td 7d]
CasObserver: calls $0.02
Oli0925: folds 
Dorex2007: folds 
eduardochantri joins the table at seat #9 
RosemontTony: raises $0.07 to $0.09
FasteR_Hit: folds 
Izzy Mandelbaum: folds 
chrissachp51: calls $0.08
Juagonzalez: folds 
CasObserver: folds 
*** FLOP *** [4s Qs Ah]
chrissachp51: checks 
RosemontTony: bets $0.14
chrissachp51: calls $0.14
*** TURN *** [4s Qs Ah] [2s]
chrissachp51: checks 
RosemontTony: bets $0.21
chrissachp51: folds 
Uncalled bet ($0.21) returned to RosemontTony
RosemontTony collected $0.48 from pot
RosemontTony: doesn't show hand 
*** SUMMARY ***
Total pot $0.50 | Rake $0.02 
Board [4s Qs Ah 2s]
Seat 1: CasObserver folded before Flop
Seat 2: Oli0925 folded before Flop (didn't bet)
Seat 3: Dorex2007 folded before Flop (didn't bet)
Seat 4: RosemontTony collected ($0.48)
Seat 5: FasteR_Hit folded before Flop (didn't bet)
Seat 6: Izzy Mandelbaum (button) folded before Flop (didn't bet)
Seat 7: chrissachp51 (small blind) folded on the Turn
Seat 8: Juagonzalez (big blind) folded before Flop



PokerStars Hand #237754297991:  Hold'em No Limit ($0.01/$0.02 USD) - 2022/08/02 17:17:21 PT [2022/08/02 20:17:21 ET]
Table 'Montezuma' 9-max Seat #7 is the button
Seat 1: CasObserver ($0.84 in chips) 
Seat 2: Oli0925 ($0.77 in chips) 
Seat 3: Dorex2007 ($2 in chips) 
Seat 4: RosemontTony ($3.38 in chips) 
Seat 5: FasteR_Hit ($1.56 in chips) 
Seat 6: Izzy Mandelbaum ($5.13 in chips) 
Seat 7: chrissachp51 ($3.80 in chips) 
Seat 8: Juagonzalez ($2 in chips) 
Seat 9: eduardochantri ($1.47 in chips) 
Juagonzalez: posts small blind $0.01
eduardochantri: posts big blind $0.02
*** HOLE CARDS ***
Dealt to Dorex2007 [Tc 6h]
CasObserver: folds 
Oli0925: folds 
Dorex2007: folds 
RosemontTony: folds 
FasteR_Hit: folds 
Izzy Mandelbaum: raises $0.04 to $0.06
chrissachp51: folds 
Juagonzalez: calls $0.05
eduardochantri: calls $0.04
*** FLOP *** [Jh 8s 9d]
Juagonzalez: checks 
eduardochantri: bets $0.08
Izzy Mandelbaum: calls $0.08
Juagonzalez: folds 
*** TURN *** [Jh 8s 9d] [Jd]
eduardochantri: bets $0.20
Izzy Mandelbaum: folds 
Uncalled bet ($0.20) returned to eduardochantri
eduardochantri collected $0.33 from pot
eduardochantri: doesn't show hand 
*** SUMMARY ***
Total pot $0.34 | Rake $0.01 
Board [Jh 8s 9d Jd]
Seat 1: CasObserver folded before Flop (didn't bet)
Seat 2: Oli0925 folded before Flop (didn't bet)
Seat 3: Dorex2007 folded before Flop (didn't bet)
Seat 4: RosemontTony folded before Flop (didn't bet)
Seat 5: FasteR_Hit folded before Flop (didn't bet)
Seat 6: Izzy Mandelbaum folded on the Turn
Seat 7: chrissachp51 (button) folded before Flop (didn't bet)
Seat 8: Juagonzalez (small blind) folded on the Flop
Seat 9: eduardochantri (big blind) collected ($0.33)



PokerStars Hand #237754315721:  Hold'em No Limit ($0.01/$0.02 USD) - 2022/08/02 17:18:37 PT [2022/08/02 20:18:37 ET]
Table 'Montezuma' 9-max Seat #8 is the button
Seat 1: CasObserver ($0.84 in chips) 
Seat 2: Oli0925 ($0.77 in chips) 
Seat 3: Dorex2007 ($2 in chips) 
Seat 4: RosemontTony ($3.38 in chips) 
Seat 5: FasteR_Hit ($1.56 in chips) 
Seat 6: Izzy Mandelbaum ($4.99 in chips) 
Seat 7: chrissachp51 ($3.80 in chips) 
Seat 8: Juagonzalez ($2 in chips) 
Seat 9: eduardochantri ($1.66 in chips) 
eduardochantri: posts small blind $0.01
CasObserver: posts big blind $0.02
*** HOLE CARDS ***
Dealt to Dorex2007 [5h 8s]
Oli0925: folds 
Dorex2007: folds 
RosemontTony: folds 
FasteR_Hit: folds 
Izzy Mandelbaum: calls $0.02
chrissachp51: folds 
Juagonzalez: folds 
eduardochantri: calls $0.01
CasObserver: checks 
*** FLOP *** [Ks 7s 4c]
eduardochantri: checks 
CasObserver: checks 
Izzy Mandelbaum: bets $0.14
eduardochantri: folds 
CasObserver: folds 
Uncalled bet ($0.14) returned to Izzy Mandelbaum
Izzy Mandelbaum collected $0.06 from pot
*** SUMMARY ***
Total pot $0.06 | Rake $0 
Board [Ks 7s 4c]
Seat 1: CasObserver (big blind) folded on the Flop
Seat 2: Oli0925 folded before Flop (didn't bet)
Seat 3: Dorex2007 folded before Flop (didn't bet)
Seat 4: RosemontTony folded before Flop (didn't bet)
Seat 5: FasteR_Hit folded before Flop (didn't bet)
Seat 6: Izzy Mandelbaum collected ($0.06)
Seat 7: chrissachp51 folded before Flop (didn't bet)
Seat 8: Juagonzalez (button) folded before Flop (didn't bet)
Seat 9: eduardochantri (small blind) folded on the Flop



PokerStars Hand #237754329808:  Hold'em No Limit ($0.01/$0.02 USD) - 2022/08/02 17:19:36 PT [2022/08/02 20:19:36 ET]
Table 'Montezuma' 9-max Seat #9 is the button
Seat 1: CasObserver ($0.82 in chips) 
Seat 2: Oli0925 ($0.77 in chips) 
Seat 3: Dorex2007 ($2 in chips) 
Seat 4: RosemontTony ($3.38 in chips) 
Seat 5: FasteR_Hit ($1.56 in chips) 
Seat 6: Izzy Mandelbaum ($5.03 in chips) 
Seat 7: chrissachp51 ($3.80 in chips) 
Seat 8: Juagonzalez ($2 in chips) 
Seat 9: eduardochantri ($1.64 in chips) 
CasObserver: posts small blind $0.01
Oli0925: posts big blind $0.02
*** HOLE CARDS ***
Dealt to Dorex2007 [Ad 3h]
Dorex2007: folds 
RosemontTony: folds 
FasteR_Hit: folds 
Izzy Mandelbaum: folds 
chrissachp51: raises $0.02 to $0.04
Juagonzalez: folds 
eduardochantri: folds 
CasObserver: calls $0.03
Oli0925: folds 
*** FLOP *** [5s 7s 9s]
CasObserver: checks 
chrissachp51: bets $0.05
CasObserver: folds 
Uncalled bet ($0.05) returned to chrissachp51
chrissachp51 collected $0.10 from pot
*** SUMMARY ***
Total pot $0.10 | Rake $0 
Board [5s 7s 9s]
Seat 1: CasObserver (small blind) folded on the Flop
Seat 2: Oli0925 (big blind) folded before Flop
Seat 3: Dorex2007 folded before Flop (didn't bet)
Seat 4: RosemontTony folded before Flop (didn't bet)
Seat 5: FasteR_Hit folded before Flop (didn't bet)
Seat 6: Izzy Mandelbaum folded before Flop (didn't bet)
Seat 7: chrissachp51 collected ($0.10)
Seat 8: Juagonzalez folded before Flop (didn't bet)
Seat 9: eduardochantri (button) folded before Flop (didn't bet)



PokerStars Hand #237754339236:  Hold'em No Limit ($0.01/$0.02 USD) - 2022/08/02 17:20:17 PT [2022/08/02 20:20:17 ET]
Table 'Montezuma' 9-max Seat #1 is the button
Seat 1: CasObserver ($0.78 in chips) 
Seat 2: Oli0925 ($0.75 in chips) 
Seat 3: Dorex2007 ($2 in chips) 
Seat 4: RosemontTony ($3.38 in chips) 
Seat 5: FasteR_Hit ($1.56 in chips) 
Seat 6: Izzy Mandelbaum ($5.03 in chips) 
Seat 7: chrissachp51 ($3.86 in chips) 
Seat 8: Juagonzalez ($2 in chips) 
Seat 9: eduardochantri ($1.64 in chips) 
Oli0925: posts small blind $0.01
Dorex2007: posts big blind $0.02
*** HOLE CARDS ***
Dealt to Dorex2007 [7h Qh]
RosemontTony: folds 
FasteR_Hit: calls $0.02
Izzy Mandelbaum: calls $0.02
chrissachp51: folds 
Juagonzalez: folds 
eduardochantri: raises $0.04 to $0.06
CasObserver: folds 
Oli0925: folds 
Dorex2007: folds 
FasteR_Hit: calls $0.04
Izzy Mandelbaum: calls $0.04
*** FLOP *** [3h 4c 8h]
FasteR_Hit: bets $0.02
Izzy Mandelbaum: calls $0.02
eduardochantri: raises $0.08 to $0.10
FasteR_Hit: calls $0.08
Izzy Mandelbaum: folds 
*** TURN *** [3h 4c 8h] [Jh]
FasteR_Hit: checks 
eduardochantri: checks 
*** RIVER *** [3h 4c 8h Jh] [9d]
FasteR_Hit: bets $0.10
eduardochantri: folds 
Uncalled bet ($0.10) returned to FasteR_Hit
FasteR_Hit collected $0.41 from pot
FasteR_Hit: doesn't show hand 
*** SUMMARY ***
Total pot $0.43 | Rake $0.02 
Board [3h 4c 8h Jh 9d]
Seat 1: CasObserver (button) folded before Flop (didn't bet)
Seat 2: Oli0925 (small blind) folded before Flop
Seat 3: Dorex2007 (big blind) folded before Flop
Seat 4: RosemontTony folded before Flop (didn't bet)
Seat 5: FasteR_Hit collected ($0.41)
Seat 6: Izzy Mandelbaum folded on the Flop
Seat 7: chrissachp51 folded before Flop (didn't bet)
Seat 8: Juagonzalez folded before Flop (didn't bet)
Seat 9: eduardochantri folded on the River



PokerStars Hand #237754362052:  Hold'em No Limit ($0.01/$0.02 USD) - 2022/08/02 17:21:54 PT [2022/08/02 20:21:54 ET]
Table 'Montezuma' 9-max Seat #2 is the button
Seat 1: CasObserver ($0.78 in chips) 
Seat 2: Oli0925 ($0.74 in chips) 
Seat 3: Dorex2007 ($2 in chips) 
Seat 4: RosemontTony ($3.38 in chips) 
Seat 5: FasteR_Hit ($1.81 in chips) 
Seat 6: Izzy Mandelbaum ($4.95 in chips) 
Seat 7: chrissachp51 ($3.86 in chips) 
Seat 8: Juagonzalez ($2 in chips) 
Seat 9: eduardochantri ($1.48 in chips) 
Dorex2007: posts small blind $0.01
RosemontTony: posts big blind $0.02
*** HOLE CARDS ***
Dealt to Dorex2007 [7d Jd]
FasteR_Hit: calls $0.02
Izzy Mandelbaum has timed out
Izzy Mandelbaum: folds 
chrissachp51: raises $0.02 to $0.04
Juagonzalez: raises $0.18 to $0.22
eduardochantri: folds 
CasObserver: folds 
Oli0925: folds 
Dorex2007: folds 
RosemontTony: folds 
FasteR_Hit: calls $0.20
chrissachp51: folds 
*** FLOP *** [2s Ks 3s]
FasteR_Hit: checks 
Juagonzalez: bets $0.14
FasteR_Hit: folds 
Uncalled bet ($0.14) returned to Juagonzalez
Juagonzalez collected $0.49 from pot
Juagonzalez: doesn't show hand 
*** SUMMARY ***
Total pot $0.51 | Rake $0.02 
Board [2s Ks 3s]
Seat 1: CasObserver folded before Flop (didn't bet)
Seat 2: Oli0925 (button) folded before Flop (didn't bet)
Seat 3: Dorex2007 (small blind) folded before Flop
Seat 4: RosemontTony (big blind) folded before Flop
Seat 5: FasteR_Hit folded on the Flop
Seat 6: Izzy Mandelbaum folded before Flop (didn't bet)
Seat 7: chrissachp51 folded before Flop
Seat 8: Juagonzalez collected ($0.49)
Seat 9: eduardochantri folded before Flop (didn't bet)



PokerStars Hand #237754379221:  Hold'em No Limit ($0.01/$0.02 USD) - 2022/08/02 17:23:08 PT [2022/08/02 20:23:08 ET]
Table 'Montezuma' 9-max Seat #3 is the button
Seat 1: CasObserver ($0.78 in chips) 
Seat 2: Oli0925 ($0.74 in chips) 
Seat 3: Dorex2007 ($2 in chips) 
Seat 4: RosemontTony ($3.36 in chips) 
Seat 5: FasteR_Hit ($1.59 in chips) 
Seat 6: Izzy Mandelbaum ($4.95 in chips) 
Seat 7: chrissachp51 ($3.82 in chips) 
Seat 8: Juagonzalez ($2.27 in chips) 
Seat 9: eduardochantri ($1.48 in chips) 
RosemontTony: posts small blind $0.01
FasteR_Hit: posts big blind $0.02
*** HOLE CARDS ***
Dealt to Dorex2007 [Ks Qh]
Izzy Mandelbaum: folds 
chrissachp51: raises $0.08 to $0.10
Juagonzalez: folds 
eduardochantri: folds 
CasObserver: folds 
Oli0925: folds 
Dorex2007: calls $0.10
RosemontTony: folds 
FasteR_Hit: folds 
*** FLOP *** [6c Js 5c]
chrissachp51: bets $0.11
Dorex2007: folds 
Uncalled bet ($0.11) returned to chrissachp51
chrissachp51 collected $0.22 from pot
*** SUMMARY ***
Total pot $0.23 | Rake $0.01 
Board [6c Js 5c]
Seat 1: CasObserver folded before Flop (didn't bet)
Seat 2: Oli0925 folded before Flop (didn't bet)
Seat 3: Dorex2007 (button) folded on the Flop
Seat 4: RosemontTony (small blind) folded before Flop
Seat 5: FasteR_Hit (big blind) folded before Flop
Seat 6: Izzy Mandelbaum folded before Flop (didn't bet)
Seat 7: chrissachp51 collected ($0.22)
Seat 8: Juagonzalez folded before Flop (didn't bet)
Seat 9: eduardochantri folded before Flop (didn't bet)



PokerStars Hand #237754393820:  Hold'em No Limit ($0.01/$0.02 USD) - 2022/08/02 17:24:10 PT [2022/08/02 20:24:10 ET]
Table 'Montezuma' 9-max Seat #4 is the button
Seat 1: CasObserver ($0.78 in chips) 
Seat 2: Oli0925 ($0.74 in chips) 
Seat 3: Dorex2007 ($2 in chips) 
Seat 4: RosemontTony ($3.35 in chips) 
Seat 5: FasteR_Hit ($1.57 in chips) 
Seat 6: Izzy Mandelbaum ($4.95 in chips) 
Seat 7: chrissachp51 ($3.94 in chips) 
Seat 8: Juagonzalez ($2.27 in chips) 
Seat 9: eduardochantri ($1.48 in chips) 
FasteR_Hit: posts small blind $0.01
Izzy Mandelbaum: posts big blind $0.02
*** HOLE CARDS ***
Dealt to Dorex2007 [8h Jc]
chrissachp51: calls $0.02
Juagonzalez: raises $0.08 to $0.10
eduardochantri: folds 
CasObserver: folds 
Oli0925: folds 
Dorex2007: folds 
RosemontTony: folds 
FasteR_Hit: folds 
Izzy Mandelbaum: calls $0.08
chrissachp51: calls $0.08
*** FLOP *** [5c Jh Ac]
Izzy Mandelbaum: checks 
chrissachp51: checks 
Juagonzalez: bets $0.18
Izzy Mandelbaum: folds 
chrissachp51: calls $0.18
*** TURN *** [5c Jh Ac] [Tc]
chrissachp51: checks 
Juagonzalez: checks 
*** RIVER *** [5c Jh Ac Tc] [9d]
chrissachp51: bets $0.52
Juagonzalez: folds 
Uncalled bet ($0.52) returned to chrissachp51
chrissachp51 collected $0.65 from pot
*** SUMMARY ***
Total pot $0.67 | Rake $0.02 
Board [5c Jh Ac Tc 9d]
Seat 1: CasObserver folded before Flop (didn't bet)
Seat 2: Oli0925 folded before Flop (didn't bet)
Seat 3: Dorex2007 folded before Flop (didn't bet)
Seat 4: RosemontTony (button) folded before Flop (didn't bet)
Seat 5: FasteR_Hit (small blind) folded before Flop
Seat 6: Izzy Mandelbaum (big blind) folded on the Flop
Seat 7: chrissachp51 collected ($0.65)
Seat 8: Juagonzalez folded on the River
Seat 9: eduardochantri folded before Flop (didn't bet)



PokerStars Hand #237754422519:  Hold'em No Limit ($0.01/$0.02 USD) - 2022/08/02 17:26:12 PT [2022/08/02 20:26:12 ET]
Table 'Montezuma' 9-max Seat #5 is the button
Seat 1: CasObserver ($0.78 in chips) 
Seat 2: Oli0925 ($0.74 in chips) 
Seat 3: Dorex2007 ($2 in chips) 
Seat 4: RosemontTony ($3.35 in chips) 
Seat 5: FasteR_Hit ($1.56 in chips) 
Seat 6: Izzy Mandelbaum ($4.85 in chips) 
Seat 7: chrissachp51 ($4.31 in chips) 
Seat 8: Juagonzalez ($2 in chips) 
Seat 9: eduardochantri ($1.48 in chips) 
Izzy Mandelbaum: posts small blind $0.01
chrissachp51: posts big blind $0.02
*** HOLE CARDS ***
Dealt to Dorex2007 [7c 6d]
Juagonzalez is connected 
Juagonzalez: folds 
eduardochantri: raises $0.02 to $0.04
CasObserver: calls $0.04
Oli0925 has timed out
Oli0925: folds 
Dorex2007: folds 
RosemontTony: folds 
FasteR_Hit: folds 
Izzy Mandelbaum: folds 
chrissachp51: calls $0.02
*** FLOP *** [Jd Jc 6h]
chrissachp51: checks 
eduardochantri: checks 
CasObserver: checks 
*** TURN *** [Jd Jc 6h] [2c]
chrissachp51: checks 
eduardochantri: checks 
CasObserver: checks 
*** RIVER *** [Jd Jc 6h 2c] [8c]
chrissachp51: checks 
eduardochantri: checks 
CasObserver: checks 
*** SHOW DOWN ***
chrissachp51: shows [8s Qc] (two pair, Jacks and Eights)
eduardochantri: mucks hand 
CasObserver: mucks hand 
chrissachp51 collected $0.13 from pot
*** SUMMARY ***
Total pot $0.13 | Rake $0 
Board [Jd Jc 6h 2c 8c]
Seat 1: CasObserver mucked [As 5s]
Seat 2: Oli0925 folded before Flop (didn't bet)
Seat 3: Dorex2007 folded before Flop (didn't bet)
Seat 4: RosemontTony folded before Flop (didn't bet)
Seat 5: FasteR_Hit (button) folded before Flop (didn't bet)
Seat 6: Izzy Mandelbaum (small blind) folded before Flop
Seat 7: chrissachp51 (big blind) showed [8s Qc] and won ($0.13) with two pair, Jacks and Eights
Seat 8: Juagonzalez folded before Flop (didn't bet)
Seat 9: eduardochantri mucked [5d Ad]



PokerStars Hand #237754444300:  Hold'em No Limit ($0.01/$0.02 USD) - 2022/08/02 17:27:46 PT [2022/08/02 20:27:46 ET]
Table 'Montezuma' 9-max Seat #7 is the button
Seat 1: CasObserver ($0.74 in chips) 
Seat 2: Oli0925 ($0.74 in chips) 
Seat 3: Dorex2007 ($2 in chips) 
Seat 4: RosemontTony ($3.35 in chips) 
Seat 5: FasteR_Hit ($1.56 in chips) 
Seat 7: chrissachp51 ($4.40 in chips) 
Seat 8: Juagonzalez ($2 in chips) 
Seat 9: eduardochantri ($1.44 in chips) 
Juagonzalez: posts small blind $0.01
eduardochantri: posts big blind $0.02
*** HOLE CARDS ***
Dealt to Dorex2007 [Qd 8h]
CasObserver: calls $0.02
Oli0925: folds 
Dorex2007: folds 
RosemontTony: folds 
FasteR_Hit: folds 
chrissachp51: folds 
Juagonzalez: folds 
eduardochantri: checks 
*** FLOP *** [As 3s 6h]
eduardochantri: checks 
CasObserver: checks 
*** TURN *** [As 3s 6h] [5c]
eduardochantri: checks 
CasObserver: checks 
*** RIVER *** [As 3s 6h 5c] [Kd]
eduardochantri: checks 
CasObserver: checks 
*** SHOW DOWN ***
eduardochantri: shows [7d 2c] (high card Ace)
CasObserver: shows [Ks Tc] (a pair of Kings)
CasObserver collected $0.05 from pot
*** SUMMARY ***
Total pot $0.05 | Rake $0 
Board [As 3s 6h 5c Kd]
Seat 1: CasObserver showed [Ks Tc] and won ($0.05) with a pair of Kings
Seat 2: Oli0925 folded before Flop (didn't bet)
Seat 3: Dorex2007 folded before Flop (didn't bet)
Seat 4: RosemontTony folded before Flop (didn't bet)
Seat 5: FasteR_Hit folded before Flop (didn't bet)
Seat 7: chrissachp51 (button) folded before Flop (didn't bet)
Seat 8: Juagonzalez (small blind) folded before Flop
Seat 9: eduardochantri (big blind) showed [7d 2c] and lost with high card Ace



PokerStars Hand #237754456508:  Hold'em No Limit ($0.01/$0.02 USD) - 2022/08/02 17:28:39 PT [2022/08/02 20:28:39 ET]
Table 'Montezuma' 9-max Seat #8 is the button
Seat 1: CasObserver ($0.77 in chips) 
Seat 2: Oli0925 ($0.74 in chips) 
Seat 3: Dorex2007 ($2 in chips) 
Seat 4: RosemontTony ($3.35 in chips) 
Seat 5: FasteR_Hit ($1.56 in chips) 
Seat 7: chrissachp51 ($4.40 in chips) 
Seat 8: Juagonzalez ($2 in chips) 
Seat 9: eduardochantri ($1.42 in chips) 
eduardochantri: posts small blind $0.01
CasObserver: posts big blind $0.02
*** HOLE CARDS ***
Dealt to Dorex2007 [6d Ah]
Oli0925: folds 
Dorex2007: folds 
RosemontTony: folds 
FasteR_Hit: raises $0.02 to $0.04
chrissachp51: folds 
Juagonzalez: folds 
eduardochantri: calls $0.03
CasObserver: calls $0.02
*** FLOP *** [Qc Ad 3s]
eduardochantri: checks 
CasObserver: checks 
FasteR_Hit: checks 
*** TURN *** [Qc Ad 3s] [5c]
eduardochantri: checks 
CasObserver: bets $0.06
FasteR_Hit: calls $0.06
eduardochantri: folds 
*** RIVER *** [Qc Ad 3s 5c] [2c]
CasObserver: bets $0.12
FasteR_Hit: folds 
Uncalled bet ($0.12) returned to CasObserver
CasObserver collected $0.23 from pot
CasObserver: doesn't show hand 
*** SUMMARY ***
Total pot $0.24 | Rake $0.01 
Board [Qc Ad 3s 5c 2c]
Seat 1: CasObserver (big blind) collected ($0.23)
Seat 2: Oli0925 folded before Flop (didn't bet)
Seat 3: Dorex2007 folded before Flop (didn't bet)
Seat 4: RosemontTony folded before Flop (didn't bet)
Seat 5: FasteR_Hit folded on the River
Seat 7: chrissachp51 folded before Flop (didn't bet)
Seat 8: Juagonzalez (button) folded before Flop (didn't bet)
Seat 9: eduardochantri (small blind) folded on the Turn



PokerStars Hand #237754470996:  Hold'em No Limit ($0.01/$0.02 USD) - 2022/08/02 17:29:42 PT [2022/08/02 20:29:42 ET]
Table 'Montezuma' 9-max Seat #9 is the button
Seat 1: CasObserver ($0.90 in chips) 
Seat 2: Oli0925 ($0.74 in chips) 
Seat 3: Dorex2007 ($2 in chips) 
Seat 4: RosemontTony ($3.35 in chips) 
Seat 5: FasteR_Hit ($1.46 in chips) 
Seat 6: Izzy Mandelbaum ($4.84 in chips) 
Seat 7: chrissachp51 ($4.40 in chips) 
Seat 8: Juagonzalez ($2 in chips) 
Seat 9: eduardochantri ($1.38 in chips) 
CasObserver: posts small blind $0.01
Oli0925: posts big blind $0.02
*** HOLE CARDS ***
Dealt to Dorex2007 [5s 3h]
Dorex2007: folds 
RosemontTony: folds 
FasteR_Hit: folds 
Izzy Mandelbaum: raises $0.06 to $0.08
chrissachp51: folds 
Juagonzalez: folds 
eduardochantri: calls $0.08
CasObserver: folds 
Oli0925: folds 
*** FLOP *** [Jh 4s 2d]
Izzy Mandelbaum: bets $0.18
eduardochantri: folds 
Uncalled bet ($0.18) returned to Izzy Mandelbaum
Izzy Mandelbaum collected $0.18 from pot
*** SUMMARY ***
Total pot $0.19 | Rake $0.01 
Board [Jh 4s 2d]
Seat 1: CasObserver (small blind) folded before Flop
Seat 2: Oli0925 (big blind) folded before Flop
Seat 3: Dorex2007 folded before Flop (didn't bet)
Seat 4: RosemontTony folded before Flop (didn't bet)
Seat 5: FasteR_Hit folded before Flop (didn't bet)
Seat 6: Izzy Mandelbaum collected ($0.18)
Seat 7: chrissachp51 folded before Flop (didn't bet)
Seat 8: Juagonzalez folded before Flop (didn't bet)
Seat 9: eduardochantri (button) folded on the Flop



PokerStars Hand #237754482668:  Hold'em No Limit ($0.01/$0.02 USD) - 2022/08/02 17:30:32 PT [2022/08/02 20:30:32 ET]
Table 'Montezuma' 9-max Seat #1 is the button
Seat 1: CasObserver ($0.89 in chips) 
Seat 2: Oli0925 ($0.72 in chips) 
Seat 3: Dorex2007 ($2 in chips) 
Seat 4: RosemontTony ($3.35 in chips) 
Seat 5: FasteR_Hit ($1.46 in chips) 
Seat 6: Izzy Mandelbaum ($4.94 in chips) 
Seat 7: chrissachp51 ($4.40 in chips) 
Seat 8: Juagonzalez ($2 in chips) 
Seat 9: eduardochantri ($1.30 in chips) 
Oli0925: posts small blind $0.01
Dorex2007: posts big blind $0.02
*** HOLE CARDS ***
Dealt to Dorex2007 [5s 2d]
RosemontTony: folds 
FasteR_Hit: calls $0.02
Izzy Mandelbaum: raises $0.04 to $0.06
chrissachp51: calls $0.06
Juagonzalez: folds 
eduardochantri: folds 
CasObserver: raises $0.18 to $0.24
Oli0925: folds 
Dorex2007: folds 
FasteR_Hit: folds 
Izzy Mandelbaum: folds 
chrissachp51: folds 
Uncalled bet ($0.18) returned to CasObserver
CasObserver collected $0.23 from pot
CasObserver: doesn't show hand 
*** SUMMARY ***
Total pot $0.23 | Rake $0 
Seat 1: CasObserver (button) collected ($0.23)
Seat 2: Oli0925 (small blind) folded before Flop
Seat 3: Dorex2007 (big blind) folded before Flop
Seat 4: RosemontTony folded before Flop (didn't bet)
Seat 5: FasteR_Hit folded before Flop
Seat 6: Izzy Mandelbaum folded before Flop
Seat 7: chrissachp51 folded before Flop
Seat 8: Juagonzalez folded before Flop (didn't bet)
Seat 9: eduardochantri folded before Flop (didn't bet)



PokerStars Hand #237754493970:  Hold'em No Limit ($0.01/$0.02 USD) - 2022/08/02 17:31:15 PT [2022/08/02 20:31:15 ET]
Table 'Montezuma' 9-max Seat #2 is the button
Seat 1: CasObserver ($1.06 in chips) 
Seat 2: Oli0925 ($0.71 in chips) 
Seat 3: Dorex2007 ($2 in chips) 
Seat 4: RosemontTony ($3.35 in chips) 
Seat 5: FasteR_Hit ($1.44 in chips) 
Seat 6: Izzy Mandelbaum ($4.88 in chips) 
Seat 7: chrissachp51 ($4.34 in chips) 
Seat 8: Juagonzalez ($2 in chips) 
Seat 9: eduardochantri ($1.30 in chips) 
Dorex2007: posts small blind $0.01
RosemontTony: posts big blind $0.02
*** HOLE CARDS ***
Dealt to Dorex2007 [6c Ah]
FasteR_Hit: calls $0.02
Izzy Mandelbaum: raises $0.04 to $0.06
chrissachp51: folds 
Juagonzalez: folds 
eduardochantri: folds 
CasObserver: folds 
Oli0925: folds 
Dorex2007: folds 
RosemontTony: folds 
FasteR_Hit: calls $0.04
*** FLOP *** [4c 6h 2d]
FasteR_Hit: bets $0.02
Izzy Mandelbaum: calls $0.02
*** TURN *** [4c 6h 2d] [4h]
FasteR_Hit: bets $0.02
Izzy Mandelbaum: calls $0.02
*** RIVER *** [4c 6h 2d 4h] [Kd]
FasteR_Hit: checks 
Izzy Mandelbaum: checks 
*** SHOW DOWN ***
FasteR_Hit: shows [7s 5s] (a pair of Fours)
Izzy Mandelbaum: shows [Jd Ac] (a pair of Fours - Ace kicker)
Izzy Mandelbaum collected $0.22 from pot
*** SUMMARY ***
Total pot $0.23 | Rake $0.01 
Board [4c 6h 2d 4h Kd]
Seat 1: CasObserver folded before Flop (didn't bet)
Seat 2: Oli0925 (button) folded before Flop (didn't bet)
Seat 3: Dorex2007 (small blind) folded before Flop
Seat 4: RosemontTony (big blind) folded before Flop
Seat 5: FasteR_Hit showed [7s 5s] and lost with a pair of Fours
Seat 6: Izzy Mandelbaum showed [Jd Ac] and won ($0.22) with a pair of Fours
Seat 7: chrissachp51 folded before Flop (didn't bet)
Seat 8: Juagonzalez folded before Flop (didn't bet)
Seat 9: eduardochantri folded before Flop (didn't bet)



PokerStars Hand #237754520784:  Hold'em No Limit ($0.01/$0.02 USD) - 2022/08/02 17:32:29 PT [2022/08/02 20:32:29 ET]
Table 'Montezuma' 9-max Seat #3 is the button
Seat 1: CasObserver ($1.06 in chips) 
Seat 2: Oli0925 ($0.71 in chips) 
Seat 3: Dorex2007 ($2 in chips) 
Seat 4: RosemontTony ($3.33 in chips) 
Seat 5: FasteR_Hit ($1.34 in chips) 
Seat 6: Izzy Mandelbaum ($5 in chips) 
Seat 7: chrissachp51 ($4.34 in chips) 
Seat 8: Juagonzalez ($2 in chips) 
Seat 9: eduardochantri ($1.30 in chips) 
RosemontTony: posts small blind $0.01
FasteR_Hit: posts big blind $0.02
*** HOLE CARDS ***
Dealt to Dorex2007 [5c 8s]
Izzy Mandelbaum: folds 
chrissachp51: raises $0.02 to $0.04
Juagonzalez: raises $0.16 to $0.20
eduardochantri: folds 
CasObserver: folds 
CasObserver leaves the table
Oli0925: folds 
Dorex2007: folds 
Oli0925 leaves the table
RosemontTony: folds 
FasteR_Hit: folds 
chrissachp51: raises $4.14 to $4.34 and is all-in
Juagonzalez: calls $1.80 and is all-in
Uncalled bet ($2.34) returned to chrissachp51
*** FLOP *** [3s 2c Td]
*** TURN *** [3s 2c Td] [Ks]
*** RIVER *** [3s 2c Td Ks] [7s]
*** SHOW DOWN ***
chrissachp51: shows [Ah As] (a pair of Aces)
Juagonzalez: shows [Qs Qd] (a pair of Queens)
chrissachp51 collected $3.89 from pot
*** SUMMARY ***
Total pot $4.03 | Rake $0.14 
Board [3s 2c Td Ks 7s]
Seat 1: CasObserver folded before Flop (didn't bet)
Seat 2: Oli0925 folded before Flop (didn't bet)
Seat 3: Dorex2007 (button) folded before Flop (didn't bet)
Seat 4: RosemontTony (small blind) folded before Flop
Seat 5: FasteR_Hit (big blind) folded before Flop
Seat 6: Izzy Mandelbaum folded before Flop (didn't bet)
Seat 7: chrissachp51 showed [Ah As] and won ($3.89) with a pair of Aces
Seat 8: Juagonzalez showed [Qs Qd] and lost with a pair of Queens
Seat 9: eduardochantri folded before Flop (didn't bet)



PokerStars Hand #237754529989:  Hold'em No Limit ($0.01/$0.02 USD) - 2022/08/02 17:33:10 PT [2022/08/02 20:33:10 ET]
Table 'Montezuma' 9-max Seat #4 is the button
Seat 3: Dorex2007 ($2 in chips) 
Seat 4: RosemontTony ($3.32 in chips) 
Seat 5: FasteR_Hit ($1.32 in chips) 
Seat 6: Izzy Mandelbaum ($5 in chips) 
Seat 7: chrissachp51 ($6.23 in chips) 
Seat 8: Juagonzalez ($2 in chips) 
Seat 9: eduardochantri ($1.30 in chips) 
FasteR_Hit: posts small blind $0.01
Izzy Mandelbaum: posts big blind $0.02
*** HOLE CARDS ***
Dealt to Dorex2007 [8s 9h]
chrissachp51: folds 
Juagonzalez: folds 
eduardochantri: raises $0.02 to $0.04
Dorex2007: folds 
RosemontTony: folds 
FasteR_Hit: calls $0.03
Izzy Mandelbaum: calls $0.02
*** FLOP *** [Jh 4h 3h]
FasteR_Hit: checks 
Izzy Mandelbaum: checks 
eduardochantri: bets $0.06
FasteR_Hit: folds 
Izzy Mandelbaum: folds 
Uncalled bet ($0.06) returned to eduardochantri
eduardochantri collected $0.12 from pot
eduardochantri: doesn't show hand 
*** SUMMARY ***
Total pot $0.12 | Rake $0 
Board [Jh 4h 3h]
Seat 3: Dorex2007 folded before Flop (didn't bet)
Seat 4: RosemontTony (button) folded before Flop (didn't bet)
Seat 5: FasteR_Hit (small blind) folded on the Flop
Seat 6: Izzy Mandelbaum (big blind) folded on the Flop
Seat 7: chrissachp51 folded before Flop (didn't bet)
Seat 8: Juagonzalez folded before Flop (didn't bet)
Seat 9: eduardochantri collected ($0.12)



PokerStars Hand #237754539495:  Hold'em No Limit ($0.01/$0.02 USD) - 2022/08/02 17:33:51 PT [2022/08/02 20:33:51 ET]
Table 'Montezuma' 9-max Seat #5 is the button
Seat 3: Dorex2007 ($2 in chips) 
Seat 4: RosemontTony ($3.32 in chips) 
Seat 5: FasteR_Hit ($1.28 in chips) 
Seat 6: Izzy Mandelbaum ($4.96 in chips) 
Seat 7: chrissachp51 ($6.23 in chips) 
Seat 8: Juagonzalez ($2 in chips) 
Seat 9: eduardochantri ($1.38 in chips) 
Izzy Mandelbaum: posts small blind $0.01
chrissachp51: posts big blind $0.02
*** HOLE CARDS ***
Dealt to Dorex2007 [6h 5h]
Juagonzalez: folds 
eduardochantri: folds 
Dorex2007: folds 
RosemontTony: raises $0.04 to $0.06
FasteR_Hit: folds 
FasteR_Hit leaves the table
Izzy Mandelbaum: folds 
zackamundo joins the table at seat #1 
STSISA391 joins the table at seat #2 
chrissachp51: folds 
Uncalled bet ($0.04) returned to RosemontTony
RosemontTony collected $0.05 from pot
RosemontTony: doesn't show hand 
*** SUMMARY ***
Total pot $0.05 | Rake $0 
Seat 3: Dorex2007 folded before Flop (didn't bet)
Seat 4: RosemontTony collected ($0.05)
Seat 5: FasteR_Hit (button) folded before Flop (didn't bet)
Seat 6: Izzy Mandelbaum (small blind) folded before Flop
Seat 7: chrissachp51 (big blind) folded before Flop
Seat 8: Juagonzalez folded before Flop (didn't bet)
Seat 9: eduardochantri folded before Flop (didn't bet)



PokerStars Hand #237754543815:  Hold'em No Limit ($0.01/$0.02 USD) - 2022/08/02 17:34:11 PT [2022/08/02 20:34:11 ET]
Table 'Montezuma' 9-max Seat #6 is the button
Seat 3: Dorex2007 ($2 in chips) 
Seat 4: RosemontTony ($3.35 in chips) 
Seat 6: Izzy Mandelbaum ($4.95 in chips) 
Seat 7: chrissachp51 ($6.21 in chips) 
Seat 8: Juagonzalez ($2 in chips) 
Seat 9: eduardochantri ($1.38 in chips) 
chrissachp51: posts small blind $0.01
Juagonzalez: posts big blind $0.02
zackamundo: sits out 
STSISA391: sits out 
*** HOLE CARDS ***
Dealt to Dorex2007 [7s As]
eduardochantri: folds 
Dorex2007: raises $0.02 to $0.04
RosemontTony: folds 
Izzy Mandelbaum: folds 
chrissachp51: folds 
Juagonzalez: folds 
Uncalled bet ($0.02) returned to Dorex2007
Dorex2007 collected $0.05 from pot
Dorex2007: doesn't show hand 
*** SUMMARY ***
Total pot $0.05 | Rake $0 
Seat 3: Dorex2007 collected ($0.05)
Seat 4: RosemontTony folded before Flop (didn't bet)
Seat 6: Izzy Mandelbaum (button) folded before Flop (didn't bet)
Seat 7: chrissachp51 (small blind) folded before Flop
Seat 8: Juagonzalez (big blind) folded before Flop
Seat 9: eduardochantri folded before Flop (didn't bet)



PokerStars Hand #237754551262:  Hold'em No Limit ($0.01/$0.02 USD) - 2022/08/02 17:34:24 PT [2022/08/02 20:34:24 ET]
Table 'Montezuma' 9-max Seat #7 is the button
Seat 3: Dorex2007 ($2.03 in chips) 
Seat 4: RosemontTony ($3.35 in chips) 
Seat 6: Izzy Mandelbaum ($4.95 in chips) 
Seat 7: chrissachp51 ($6.20 in chips) 
Seat 8: Juagonzalez ($2 in chips) 
Seat 9: eduardochantri ($1.38 in chips) 
Juagonzalez: posts small blind $0.01
eduardochantri: posts big blind $0.02
zackamundo: sits out 
STSISA391: sits out 
*** HOLE CARDS ***
Dealt to Dorex2007 [Jc Qd]
Dorex2007: raises $0.04 to $0.06
RosemontTony: folds 
Izzy Mandelbaum: folds 
chrissachp51: calls $0.06
Juagonzalez: folds 
eduardochantri: folds 
*** FLOP *** [Jh 7d 8s]
Dorex2007: bets $0.09
chrissachp51: calls $0.09
*** TURN *** [Jh 7d 8s] [5d]
ThiagoKbelo joins the table at seat #5 
Dorex2007: bets $0.21
ThiagoKbelo leaves the table
chrissachp51: calls $0.21
*** RIVER *** [Jh 7d 8s 5d] [9h]
Dorex2007: bets $0.48
chrissachp51: folds 
Uncalled bet ($0.48) returned to Dorex2007
Dorex2007 collected $0.72 from pot
Dorex2007: doesn't show hand 
*** SUMMARY ***
Total pot $0.75 | Rake $0.03 
Board [Jh 7d 8s 5d 9h]
Seat 3: Dorex2007 collected ($0.72)
Seat 4: RosemontTony folded before Flop (didn't bet)
Seat 6: Izzy Mandelbaum folded before Flop (didn't bet)
Seat 7: chrissachp51 (button) folded on the River
Seat 8: Juagonzalez (small blind) folded before Flop
Seat 9: eduardochantri (big blind) folded before Flop



PokerStars Hand #237754565561:  Hold'em No Limit ($0.01/$0.02 USD) - 2022/08/02 17:35:27 PT [2022/08/02 20:35:27 ET]
Table 'Montezuma' 9-max Seat #8 is the button
Seat 1: zackamundo ($1.60 in chips) 
Seat 3: Dorex2007 ($2.39 in chips) 
Seat 4: RosemontTony ($3.35 in chips) 
Seat 6: Izzy Mandelbaum ($4.95 in chips) 
Seat 7: chrissachp51 ($5.84 in chips) 
Seat 8: Juagonzalez ($2 in chips) 
Seat 9: eduardochantri ($1.36 in chips) 
eduardochantri: posts small blind $0.01
zackamundo: posts big blind $0.02
STSISA391: sits out 
*** HOLE CARDS ***
Dealt to Dorex2007 [5h 2d]
Dorex2007: folds 
RosemontTony: folds 
Izzy Mandelbaum: raises $0.06 to $0.08
chrissachp51: folds 
Juagonzalez: folds 
eduardochantri: folds 
zackamundo: folds 
Uncalled bet ($0.06) returned to Izzy Mandelbaum
Izzy Mandelbaum collected $0.05 from pot
reech90 joins the table at seat #5 
*** SUMMARY ***
Total pot $0.05 | Rake $0 
Seat 1: zackamundo (big blind) folded before Flop
Seat 3: Dorex2007 folded before Flop (didn't bet)
Seat 4: RosemontTony folded before Flop (didn't bet)
Seat 6: Izzy Mandelbaum collected ($0.05)
Seat 7: chrissachp51 folded before Flop (didn't bet)
Seat 8: Juagonzalez (button) folded before Flop (didn't bet)
Seat 9: eduardochantri (small blind) folded before Flop



PokerStars Hand #237754570232:  Hold'em No Limit ($0.01/$0.02 USD) - 2022/08/02 17:35:47 PT [2022/08/02 20:35:47 ET]
Table 'Montezuma' 9-max Seat #9 is the button
Seat 1: zackamundo ($1.58 in chips) 
Seat 2: STSISA391 ($1.94 in chips) 
Seat 3: Dorex2007 ($2.39 in chips) 
Seat 4: RosemontTony ($3.35 in chips) 
Seat 6: Izzy Mandelbaum ($4.98 in chips) 
Seat 7: chrissachp51 ($5.84 in chips) 
Seat 8: Juagonzalez ($2 in chips) 
Seat 9: eduardochantri ($1.35 in chips) 
zackamundo: posts small blind $0.01
STSISA391: posts big blind $0.02
reech90: sits out 
*** HOLE CARDS ***
Dealt to Dorex2007 [5c As]
Dorex2007: folds 
RosemontTony: folds 
Izzy Mandelbaum: folds 
chrissachp51: folds 
Juagonzalez: raises $0.04 to $0.06
eduardochantri: calls $0.06
zackamundo: folds 
STSISA391: calls $0.04
*** FLOP *** [8c 3s 9c]
STSISA391: checks 
Juagonzalez: checks 
eduardochantri: checks 
*** TURN *** [8c 3s 9c] [Kd]
STSISA391: checks 
Juagonzalez: bets $0.09
eduardochantri: calls $0.09
STSISA391: folds 
*** RIVER *** [8c 3s 9c Kd] [9s]
Juagonzalez: bets $0.20
eduardochantri: calls $0.20
*** SHOW DOWN ***
Juagonzalez: shows [Qc Ah] (a pair of Nines)
eduardochantri: shows [7c Kc] (two pair, Kings and Nines)
eduardochantri collected $0.74 from pot
*** SUMMARY ***
Total pot $0.77 | Rake $0.03 
Board [8c 3s 9c Kd 9s]
Seat 1: zackamundo (small blind) folded before Flop
Seat 2: STSISA391 (big blind) folded on the Turn
Seat 3: Dorex2007 folded before Flop (didn't bet)
Seat 4: RosemontTony folded before Flop (didn't bet)
Seat 6: Izzy Mandelbaum folded before Flop (didn't bet)
Seat 7: chrissachp51 folded before Flop (didn't bet)
Seat 8: Juagonzalez showed [Qc Ah] and lost with a pair of Nines
Seat 9: eduardochantri (button) showed [7c Kc] and won ($0.74) with two pair, Kings and Nines



PokerStars Hand #237754583356:  Hold'em No Limit ($0.01/$0.02 USD) - 2022/08/02 17:36:45 PT [2022/08/02 20:36:45 ET]
Table 'Montezuma' 9-max Seat #1 is the button
Seat 1: zackamundo ($1.57 in chips) 
Seat 2: STSISA391 ($1.88 in chips) 
Seat 3: Dorex2007 ($2.39 in chips) 
Seat 4: RosemontTony ($3.35 in chips) 
Seat 6: Izzy Mandelbaum ($4.98 in chips) 
Seat 7: chrissachp51 ($5.84 in chips) 
Seat 8: Juagonzalez ($2 in chips) 
Seat 9: eduardochantri ($1.74 in chips) 
STSISA391: posts small blind $0.01
Dorex2007: posts big blind $0.02
reech90: sits out 
*** HOLE CARDS ***
Dealt to Dorex2007 [Qd 2h]
RosemontTony: folds 
Izzy Mandelbaum: calls $0.02
chrissachp51: folds 
Juagonzalez: folds 
eduardochantri: raises $0.02 to $0.04
zackamundo: calls $0.04
STSISA391: calls $0.03
Dorex2007: folds 
Izzy Mandelbaum: calls $0.02
*** FLOP *** [3s 9d Th]
STSISA391: checks 
Izzy Mandelbaum: checks 
eduardochantri: checks 
zackamundo: checks 
*** TURN *** [3s 9d Th] [Tc]
STSISA391: bets $0.10
Izzy Mandelbaum: folds 
eduardochantri: folds 
zackamundo: folds 
Uncalled bet ($0.10) returned to STSISA391
STSISA391 collected $0.17 from pot
STSISA391: doesn't show hand 
*** SUMMARY ***
Total pot $0.18 | Rake $0.01 
Board [3s 9d Th Tc]
Seat 1: zackamundo (button) folded on the Turn
Seat 2: STSISA391 (small blind) collected ($0.17)
Seat 3: Dorex2007 (big blind) folded before Flop
Seat 4: RosemontTony folded before Flop (didn't bet)
Seat 6: Izzy Mandelbaum folded on the Turn
Seat 7: chrissachp51 folded before Flop (didn't bet)
Seat 8: Juagonzalez folded before Flop (didn't bet)
Seat 9: eduardochantri folded on the Turn



PokerStars Hand #237754597715:  Hold'em No Limit ($0.01/$0.02 USD) - 2022/08/02 17:37:48 PT [2022/08/02 20:37:48 ET]
Table 'Montezuma' 9-max Seat #2 is the button
Seat 1: zackamundo ($1.53 in chips) 
Seat 2: STSISA391 ($2.01 in chips) 
Seat 3: Dorex2007 ($2.37 in chips) 
Seat 4: RosemontTony ($3.35 in chips) 
Seat 5: reech90 ($2 in chips) 
Seat 6: Izzy Mandelbaum ($4.94 in chips) 
Seat 7: chrissachp51 ($5.84 in chips) 
Seat 8: Juagonzalez ($2 in chips) 
Seat 9: eduardochantri ($1.70 in chips) 
Dorex2007: posts small blind $0.01
RosemontTony: posts big blind $0.02
reech90: posts big blind $0.02
*** HOLE CARDS ***
Dealt to Dorex2007 [7d 4c]
reech90: checks 
Izzy Mandelbaum: calls $0.02
chrissachp51: calls $0.02
Juagonzalez: folds 
eduardochantri: raises $0.04 to $0.06
zackamundo: folds 
STSISA391: folds 
Dorex2007: folds 
RosemontTony: folds 
reech90: folds 
Izzy Mandelbaum: calls $0.04
chrissachp51: calls $0.04
*** FLOP *** [Qc 9s 6c]
Izzy Mandelbaum: checks 
chrissachp51: checks 
eduardochantri: bets $0.11
Izzy Mandelbaum: folds 
chrissachp51: folds 
Uncalled bet ($0.11) returned to eduardochantri
eduardochantri collected $0.22 from pot
eduardochantri: doesn't show hand 
*** SUMMARY ***
Total pot $0.23 | Rake $0.01 
Board [Qc 9s 6c]
Seat 1: zackamundo folded before Flop (didn't bet)
Seat 2: STSISA391 (button) folded before Flop (didn't bet)
Seat 3: Dorex2007 (small blind) folded before Flop
Seat 4: RosemontTony (big blind) folded before Flop
Seat 5: reech90 folded before Flop (didn't bet)
Seat 6: Izzy Mandelbaum folded on the Flop
Seat 7: chrissachp51 folded on the Flop
Seat 8: Juagonzalez folded before Flop (didn't bet)
Seat 9: eduardochantri collected ($0.22)



PokerStars Hand #237754614212:  Hold'em No Limit ($0.01/$0.02 USD) - 2022/08/02 17:39:02 PT [2022/08/02 20:39:02 ET]
Table 'Montezuma' 9-max Seat #3 is the button
Seat 1: zackamundo ($1.53 in chips) 
Seat 2: STSISA391 ($2.01 in chips) 
Seat 3: Dorex2007 ($2.36 in chips) 
Seat 4: RosemontTony ($3.33 in chips) 
Seat 5: reech90 ($1.98 in chips) 
Seat 6: Izzy Mandelbaum ($4.88 in chips) 
Seat 7: chrissachp51 ($5.78 in chips) 
Seat 8: Juagonzalez ($2 in chips) 
Seat 9: eduardochantri ($1.86 in chips) 
RosemontTony: posts small blind $0.01
reech90: posts big blind $0.02
*** HOLE CARDS ***
Dealt to Dorex2007 [Jc Js]
Izzy Mandelbaum: folds 
chrissachp51: raises $0.04 to $0.06
Juagonzalez: folds 
eduardochantri: calls $0.06
zackamundo: folds 
STSISA391: folds 
Dorex2007: raises $0.21 to $0.27
RosemontTony: folds 
reech90: folds 
chrissachp51: calls $0.21
eduardochantri: folds 
*** FLOP *** [Th 7c 5d]
chrissachp51: checks 
Dorex2007: bets $2.09 and is all-in
chrissachp51: folds 
Uncalled bet ($2.09) returned to Dorex2007
Dorex2007 collected $0.61 from pot
Dorex2007: doesn't show hand 
*** SUMMARY ***
Total pot $0.63 | Rake $0.02 
Board [Th 7c 5d]
Seat 1: zackamundo folded before Flop (didn't bet)
Seat 2: STSISA391 folded before Flop (didn't bet)
Seat 3: Dorex2007 (button) collected ($0.61)
Seat 4: RosemontTony (small blind) folded before Flop
Seat 5: reech90 (big blind) folded before Flop
Seat 6: Izzy Mandelbaum folded before Flop (didn't bet)
Seat 7: chrissachp51 folded on the Flop
Seat 8: Juagonzalez folded before Flop (didn't bet)
Seat 9: eduardochantri folded before Flop



PokerStars Hand #237754625911:  Hold'em No Limit ($0.01/$0.02 USD) - 2022/08/02 17:39:53 PT [2022/08/02 20:39:53 ET]
Table 'Montezuma' 9-max Seat #4 is the button
Seat 1: zackamundo ($1.53 in chips) 
Seat 2: STSISA391 ($2.01 in chips) 
Seat 3: Dorex2007 ($2.70 in chips) 
Seat 4: RosemontTony ($3.32 in chips) 
Seat 5: reech90 ($1.96 in chips) 
Seat 6: Izzy Mandelbaum ($4.88 in chips) 
Seat 7: chrissachp51 ($5.51 in chips) 
Seat 8: Juagonzalez ($2 in chips) 
Seat 9: eduardochantri ($1.80 in chips) 
reech90: posts small blind $0.01
Izzy Mandelbaum: posts big blind $0.02
*** HOLE CARDS ***
Dealt to Dorex2007 [Td 4d]
chrissachp51: calls $0.02
Juagonzalez: folds 
eduardochantri: folds 
zackamundo: folds 
STSISA391: folds 
Dorex2007: folds 
RosemontTony: folds 
reech90: folds 
Izzy Mandelbaum: checks 
*** FLOP *** [Qc Jh 3d]
Izzy Mandelbaum: checks 
chrissachp51: checks 
*** TURN *** [Qc Jh 3d] [9s]
Izzy Mandelbaum: checks 
chrissachp51: checks 
*** RIVER *** [Qc Jh 3d 9s] [2c]
Izzy Mandelbaum: checks 
chrissachp51: checks 
*** SHOW DOWN ***
Izzy Mandelbaum: shows [4c 7h] (high card Queen)
chrissachp51: shows [Ks 7s] (high card King)
chrissachp51 collected $0.05 from pot
*** SUMMARY ***
Total pot $0.05 | Rake $0 
Board [Qc Jh 3d 9s 2c]
Seat 1: zackamundo folded before Flop (didn't bet)
Seat 2: STSISA391 folded before Flop (didn't bet)
Seat 3: Dorex2007 folded before Flop (didn't bet)
Seat 4: RosemontTony (button) folded before Flop (didn't bet)
Seat 5: reech90 (small blind) folded before Flop
Seat 6: Izzy Mandelbaum (big blind) showed [4c 7h] and lost with high card Queen
Seat 7: chrissachp51 showed [Ks 7s] and won ($0.05) with high card King
Seat 8: Juagonzalez folded before Flop (didn't bet)
Seat 9: eduardochantri folded before Flop (didn't bet)



PokerStars Hand #237754640049:  Hold'em No Limit ($0.01/$0.02 USD) - 2022/08/02 17:40:56 PT [2022/08/02 20:40:56 ET]
Table 'Montezuma' 9-max Seat #5 is the button
Seat 1: zackamundo ($1.53 in chips) 
Seat 2: STSISA391 ($2.01 in chips) 
Seat 3: Dorex2007 ($2.70 in chips) 
Seat 4: RosemontTony ($3.32 in chips) 
Seat 5: reech90 ($1.95 in chips) 
Seat 6: Izzy Mandelbaum ($4.86 in chips) 
Seat 7: chrissachp51 ($5.54 in chips) 
Seat 8: Juagonzalez ($2 in chips) 
Seat 9: eduardochantri ($1.80 in chips) 
Izzy Mandelbaum: posts small blind $0.01
chrissachp51: posts big blind $0.02
*** HOLE CARDS ***
Dealt to Dorex2007 [Ts 6d]
Juagonzalez: folds 
eduardochantri: folds 
zackamundo: folds 
STSISA391: folds 
Dorex2007: folds 
RosemontTony: folds 
reech90: folds 
Izzy Mandelbaum: folds 
Uncalled bet ($0.01) returned to chrissachp51
chrissachp51 collected $0.02 from pot
*** SUMMARY ***
Total pot $0.02 | Rake $0 
Seat 1: zackamundo folded before Flop (didn't bet)
Seat 2: STSISA391 folded before Flop (didn't bet)
Seat 3: Dorex2007 folded before Flop (didn't bet)
Seat 4: RosemontTony folded before Flop (didn't bet)
Seat 5: reech90 (button) folded before Flop (didn't bet)
Seat 6: Izzy Mandelbaum (small blind) folded before Flop
Seat 7: chrissachp51 (big blind) collected ($0.02)
Seat 8: Juagonzalez folded before Flop (didn't bet)
Seat 9: eduardochantri folded before Flop (didn't bet)



PokerStars Hand #237754645263:  Hold'em No Limit ($0.01/$0.02 USD) - 2022/08/02 17:41:20 PT [2022/08/02 20:41:20 ET]
Table 'Montezuma' 9-max Seat #6 is the button
Seat 1: zackamundo ($1.53 in chips) 
Seat 2: STSISA391 ($2.01 in chips) 
Seat 3: Dorex2007 ($2.70 in chips) 
Seat 4: RosemontTony ($3.32 in chips) 
Seat 5: reech90 ($1.95 in chips) 
Seat 6: Izzy Mandelbaum ($4.85 in chips) 
Seat 7: chrissachp51 ($5.55 in chips) 
Seat 8: Juagonzalez ($2 in chips) 
Seat 9: eduardochantri ($1.80 in chips) 
chrissachp51: posts small blind $0.01
Juagonzalez: posts big blind $0.02
*** HOLE CARDS ***
Dealt to Dorex2007 [4c Jd]
eduardochantri: folds 
zackamundo: calls $0.02
STSISA391: folds 
Dorex2007: folds 
RosemontTony: raises $0.04 to $0.06
reech90: folds 
Izzy Mandelbaum: folds 
chrissachp51: folds 
Juagonzalez: folds 
zackamundo: calls $0.04
*** FLOP *** [6h 7s Kc]
zackamundo: bets $0.02
RosemontTony: calls $0.02
*** TURN *** [6h 7s Kc] [4h]
zackamundo: bets $0.04
RosemontTony: calls $0.04
*** RIVER *** [6h 7s Kc 4h] [2h]
zackamundo: bets $0.04
RosemontTony: calls $0.04
*** SHOW DOWN ***
zackamundo: shows [Qh Kd] (a pair of Kings)
RosemontTony: mucks hand 
zackamundo collected $0.34 from pot
*** SUMMARY ***
Total pot $0.35 | Rake $0.01 
Board [6h 7s Kc 4h 2h]
Seat 1: zackamundo showed [Qh Kd] and won ($0.34) with a pair of Kings
Seat 2: STSISA391 folded before Flop (didn't bet)
Seat 3: Dorex2007 folded before Flop (didn't bet)
Seat 4: RosemontTony mucked [Ac 2c]
Seat 5: reech90 folded before Flop (didn't bet)
Seat 6: Izzy Mandelbaum (button) folded before Flop (didn't bet)
Seat 7: chrissachp51 (small blind) folded before Flop
Seat 8: Juagonzalez (big blind) folded before Flop
Seat 9: eduardochantri folded before Flop (didn't bet)



PokerStars Hand #237754666171:  Hold'em No Limit ($0.01/$0.02 USD) - 2022/08/02 17:42:54 PT [2022/08/02 20:42:54 ET]
Table 'Montezuma' 9-max Seat #7 is the button
Seat 1: zackamundo ($1.71 in chips) 
Seat 2: STSISA391 ($2.01 in chips) 
Seat 3: Dorex2007 ($2.70 in chips) 
Seat 4: RosemontTony ($3.16 in chips) 
Seat 5: reech90 ($1.95 in chips) 
Seat 6: Izzy Mandelbaum ($4.85 in chips) 
Seat 7: chrissachp51 ($5.54 in chips) 
Seat 8: Juagonzalez ($2 in chips) 
Seat 9: eduardochantri ($1.80 in chips) 
Juagonzalez: posts small blind $0.01
eduardochantri: posts big blind $0.02
*** HOLE CARDS ***
Dealt to Dorex2007 [2c Ks]
zackamundo: folds 
STSISA391: folds 
Dorex2007: folds 
RosemontTony: folds 
reech90: raises $0.02 to $0.04
Izzy Mandelbaum: folds 
chrissachp51: folds 
Juagonzalez: folds 
eduardochantri: raises $0.02 to $0.06
reech90: calls $0.02
*** FLOP *** [2h Ac 6h]
eduardochantri: bets $0.04
reech90: calls $0.04
*** TURN *** [2h Ac 6h] [3s]
eduardochantri: checks 
reech90: checks 
*** RIVER *** [2h Ac 6h 3s] [5h]
eduardochantri: checks 
reech90: checks 
*** SHOW DOWN ***
eduardochantri: shows [8d 8h] (a pair of Eights)
reech90: shows [Ts As] (a pair of Aces)
reech90 collected $0.20 from pot
*** SUMMARY ***
Total pot $0.21 | Rake $0.01 
Board [2h Ac 6h 3s 5h]
Seat 1: zackamundo folded before Flop (didn't bet)
Seat 2: STSISA391 folded before Flop (didn't bet)
Seat 3: Dorex2007 folded before Flop (didn't bet)
Seat 4: RosemontTony folded before Flop (didn't bet)
Seat 5: reech90 showed [Ts As] and won ($0.20) with a pair of Aces
Seat 6: Izzy Mandelbaum folded before Flop (didn't bet)
Seat 7: chrissachp51 (button) folded before Flop (didn't bet)
Seat 8: Juagonzalez (small blind) folded before Flop
Seat 9: eduardochantri (big blind) showed [8d 8h] and lost with a pair of Eights



PokerStars Hand #237754686626:  Hold'em No Limit ($0.01/$0.02 USD) - 2022/08/02 17:43:53 PT [2022/08/02 20:43:53 ET]
Table 'Montezuma' 9-max Seat #8 is the button
Seat 1: zackamundo ($1.71 in chips) 
Seat 2: STSISA391 ($2.01 in chips) 
Seat 3: Dorex2007 ($2.70 in chips) 
Seat 4: RosemontTony ($3.16 in chips) 
Seat 5: reech90 ($2.05 in chips) 
Seat 6: Izzy Mandelbaum ($4.85 in chips) 
Seat 7: chrissachp51 ($5.54 in chips) 
Seat 8: Juagonzalez ($2 in chips) 
Seat 9: eduardochantri ($1.70 in chips) 
eduardochantri: posts small blind $0.01
zackamundo: posts big blind $0.02
*** HOLE CARDS ***
Dealt to Dorex2007 [3h Qs]
STSISA391: folds 
Dorex2007: folds 
RosemontTony: folds 
reech90: folds 
Izzy Mandelbaum: calls $0.02
chrissachp51: folds 
Juagonzalez: folds 
eduardochantri: calls $0.01
zackamundo: checks 
*** FLOP *** [Kd Jh Ks]
eduardochantri: checks 
zackamundo: checks 
Izzy Mandelbaum: checks 
*** TURN *** [Kd Jh Ks] [Td]
eduardochantri: checks 
zackamundo: checks 
Izzy Mandelbaum: checks 
*** RIVER *** [Kd Jh Ks Td] [Ts]
eduardochantri: checks 
zackamundo: checks 
Izzy Mandelbaum: checks 
*** SHOW DOWN ***
eduardochantri: shows [3d 8d] (two pair, Kings and Tens)
zackamundo: shows [Ac 2s] (two pair, Kings and Tens - Ace kicker)
Izzy Mandelbaum: shows [3c Ah] (two pair, Kings and Tens)
zackamundo collected $0.03 from pot
Izzy Mandelbaum collected $0.03 from pot
*** SUMMARY ***
Total pot $0.06 | Rake $0 
Board [Kd Jh Ks Td Ts]
Seat 1: zackamundo (big blind) showed [Ac 2s] and won ($0.03) with two pair, Kings and Tens
Seat 2: STSISA391 folded before Flop (didn't bet)
Seat 3: Dorex2007 folded before Flop (didn't bet)
Seat 4: RosemontTony folded before Flop (didn't bet)
Seat 5: reech90 folded before Flop (didn't bet)
Seat 6: Izzy Mandelbaum showed [3c Ah] and won ($0.03) with two pair, Kings and Tens
Seat 7: chrissachp51 folded before Flop (didn't bet)
Seat 8: Juagonzalez (button) folded before Flop (didn't bet)
Seat 9: eduardochantri (small blind) showed [3d 8d] and lost with two pair, Kings and Tens



PokerStars Hand #237754699027:  Hold'em No Limit ($0.01/$0.02 USD) - 2022/08/02 17:44:50 PT [2022/08/02 20:44:50 ET]
Table 'Montezuma' 9-max Seat #9 is the button
Seat 1: zackamundo ($1.72 in chips) 
Seat 2: STSISA391 ($2.01 in chips) 
Seat 3: Dorex2007 ($2.70 in chips) 
Seat 4: RosemontTony ($3.16 in chips) 
Seat 5: reech90 ($2.05 in chips) 
Seat 6: Izzy Mandelbaum ($4.86 in chips) 
Seat 7: chrissachp51 ($5.54 in chips) 
Seat 8: Juagonzalez ($2 in chips) 
Seat 9: eduardochantri ($1.68 in chips) 
zackamundo: posts small blind $0.01
STSISA391: posts big blind $0.02
*** HOLE CARDS ***
Dealt to Dorex2007 [Qh Qd]
Dorex2007: raises $0.06 to $0.08
RosemontTony: folds 
reech90: folds 
Izzy Mandelbaum: folds 
chrissachp51: folds 
Juagonzalez: folds 
eduardochantri: folds 
zackamundo: calls $0.07
STSISA391: folds 
*** FLOP *** [Jd 8c Th]
zackamundo: bets $0.02
Dorex2007: raises $0.21 to $0.23
zackamundo: folds 
Uncalled bet ($0.21) returned to Dorex2007
Dorex2007 collected $0.21 from pot
Dorex2007: doesn't show hand 
*** SUMMARY ***
Total pot $0.22 | Rake $0.01 
Board [Jd 8c Th]
Seat 1: zackamundo (small blind) folded on the Flop
Seat 2: STSISA391 (big blind) folded before Flop
Seat 3: Dorex2007 collected ($0.21)
Seat 4: RosemontTony folded before Flop (didn't bet)
Seat 5: reech90 folded before Flop (didn't bet)
Seat 6: Izzy Mandelbaum folded before Flop (didn't bet)
Seat 7: chrissachp51 folded before Flop (didn't bet)
Seat 8: Juagonzalez folded before Flop (didn't bet)
Seat 9: eduardochantri (button) folded before Flop (didn't bet)



PokerStars Hand #237754707595:  Hold'em No Limit ($0.01/$0.02 USD) - 2022/08/02 17:45:29 PT [2022/08/02 20:45:29 ET]
Table 'Montezuma' 9-max Seat #1 is the button
Seat 1: zackamundo ($1.62 in chips) 
Seat 2: STSISA391 ($1.99 in chips) 
Seat 3: Dorex2007 ($2.81 in chips) 
Seat 4: RosemontTony ($3.16 in chips) 
Seat 5: reech90 ($2.05 in chips) 
Seat 6: Izzy Mandelbaum ($4.86 in chips) 
Seat 7: chrissachp51 ($5.54 in chips) 
Seat 8: Juagonzalez ($2 in chips) 
Seat 9: eduardochantri ($1.68 in chips) 
STSISA391: posts small blind $0.01
Dorex2007: posts big blind $0.02
*** HOLE CARDS ***
Dealt to Dorex2007 [2s 5c]
RosemontTony: folds 
reech90: folds 
Izzy Mandelbaum: calls $0.02
chrissachp51: calls $0.02
Juagonzalez: folds 
eduardochantri: folds 
zackamundo: folds 
STSISA391: folds 
Dorex2007: checks 
*** FLOP *** [Th Qh Ah]
Dorex2007: checks 
Izzy Mandelbaum: checks 
chrissachp51: checks 
*** TURN *** [Th Qh Ah] [4c]
Dorex2007: checks 
Izzy Mandelbaum: checks 
chrissachp51: checks 
*** RIVER *** [Th Qh Ah 4c] [8s]
Dorex2007: checks 
Izzy Mandelbaum: checks 
chrissachp51: checks 
*** SHOW DOWN ***
Dorex2007: shows [2s 5c] (high card Ace)
Izzy Mandelbaum: shows [5d 5h] (a pair of Fives)
chrissachp51: mucks hand 
Izzy Mandelbaum collected $0.07 from pot
*** SUMMARY ***
Total pot $0.07 | Rake $0 
Board [Th Qh Ah 4c 8s]
Seat 1: zackamundo (button) folded before Flop (didn't bet)
Seat 2: STSISA391 (small blind) folded before Flop
Seat 3: Dorex2007 (big blind) showed [2s 5c] and lost with high card Ace
Seat 4: RosemontTony folded before Flop (didn't bet)
Seat 5: reech90 folded before Flop (didn't bet)
Seat 6: Izzy Mandelbaum showed [5d 5h] and won ($0.07) with a pair of Fives
Seat 7: chrissachp51 mucked [7d Js]
Seat 8: Juagonzalez folded before Flop (didn't bet)
Seat 9: eduardochantri folded before Flop (didn't bet)



PokerStars Hand #237754721910:  Hold'em No Limit ($0.01/$0.02 USD) - 2022/08/02 17:46:34 PT [2022/08/02 20:46:34 ET]
Table 'Montezuma' 9-max Seat #2 is the button
Seat 1: zackamundo ($1.62 in chips) 
Seat 2: STSISA391 ($1.98 in chips) 
Seat 3: Dorex2007 ($2.79 in chips) 
Seat 4: RosemontTony ($3.16 in chips) 
Seat 5: reech90 ($2.05 in chips) 
Seat 6: Izzy Mandelbaum ($4.91 in chips) 
Seat 7: chrissachp51 ($5.52 in chips) 
Seat 8: Juagonzalez ($2 in chips) 
Seat 9: eduardochantri ($1.68 in chips) 
Dorex2007: posts small blind $0.01
RosemontTony: posts big blind $0.02
*** HOLE CARDS ***
Dealt to Dorex2007 [6d Th]
reech90: folds 
Izzy Mandelbaum: folds 
chrissachp51: folds 
Juagonzalez: folds 
eduardochantri: folds 
zackamundo: calls $0.02
STSISA391: folds 
Dorex2007: folds 
RosemontTony: checks 
*** FLOP *** [Kc Ks 3c]
RosemontTony: checks 
zackamundo: checks 
*** TURN *** [Kc Ks 3c] [2c]
RosemontTony: bets $0.03
zackamundo: folds 
Uncalled bet ($0.03) returned to RosemontTony
RosemontTony collected $0.05 from pot
RosemontTony: doesn't show hand 
*** SUMMARY ***
Total pot $0.05 | Rake $0 
Board [Kc Ks 3c 2c]
Seat 1: zackamundo folded on the Turn
Seat 2: STSISA391 (button) folded before Flop (didn't bet)
Seat 3: Dorex2007 (small blind) folded before Flop
Seat 4: RosemontTony (big blind) collected ($0.05)
Seat 5: reech90 folded before Flop (didn't bet)
Seat 6: Izzy Mandelbaum folded before Flop (didn't bet)
Seat 7: chrissachp51 folded before Flop (didn't bet)
Seat 8: Juagonzalez folded before Flop (didn't bet)
Seat 9: eduardochantri folded before Flop (didn't bet)



PokerStars Hand #237754731588:  Hold'em No Limit ($0.01/$0.02 USD) - 2022/08/02 17:47:18 PT [2022/08/02 20:47:18 ET]
Table 'Montezuma' 9-max Seat #3 is the button
Seat 1: zackamundo ($1.60 in chips) 
Seat 2: STSISA391 ($1.98 in chips) 
Seat 3: Dorex2007 ($2.78 in chips) 
Seat 4: RosemontTony ($3.19 in chips) 
Seat 5: reech90 ($2.05 in chips) 
Seat 6: Izzy Mandelbaum ($4.91 in chips) 
Seat 7: chrissachp51 ($5.52 in chips) 
Seat 8: Juagonzalez ($2 in chips) 
Seat 9: eduardochantri ($1.68 in chips) 
RosemontTony: posts small blind $0.01
reech90: posts big blind $0.02
*** HOLE CARDS ***
Dealt to Dorex2007 [4c Jd]
Izzy Mandelbaum: calls $0.02
chrissachp51: raises $0.04 to $0.06
Juagonzalez: folds 
eduardochantri: calls $0.06
zackamundo: folds 
STSISA391: calls $0.06
Dorex2007: folds 
RosemontTony: folds 
reech90: calls $0.04
Izzy Mandelbaum: calls $0.04
*** FLOP *** [Tc 3d Jc]
reech90: checks 
Izzy Mandelbaum: bets $0.30
chrissachp51: folds 
eduardochantri: folds 
STSISA391: calls $0.30
reech90: folds 
*** TURN *** [Tc 3d Jc] [2d]
Izzy Mandelbaum: bets $4.48
STSISA391: folds 
Uncalled bet ($4.48) returned to Izzy Mandelbaum
Izzy Mandelbaum collected $0.88 from pot
*** SUMMARY ***
Total pot $0.91 | Rake $0.03 
Board [Tc 3d Jc 2d]
Seat 1: zackamundo folded before Flop (didn't bet)
Seat 2: STSISA391 folded on the Turn
Seat 3: Dorex2007 (button) folded before Flop (didn't bet)
Seat 4: RosemontTony (small blind) folded before Flop
Seat 5: reech90 (big blind) folded on the Flop
Seat 6: Izzy Mandelbaum collected ($0.88)
Seat 7: chrissachp51 folded on the Flop
Seat 8: Juagonzalez folded before Flop (didn't bet)
Seat 9: eduardochantri folded on the Flop



PokerStars Hand #237754759353:  Hold'em No Limit ($0.01/$0.02 USD) - 2022/08/02 17:48:40 PT [2022/08/02 20:48:40 ET]
Table 'Montezuma' 9-max Seat #4 is the button
Seat 1: zackamundo ($1.60 in chips) 
Seat 2: STSISA391 ($1.62 in chips) 
Seat 3: Dorex2007 ($2.78 in chips) 
Seat 4: RosemontTony ($3.18 in chips) 
Seat 5: reech90 ($1.99 in chips) 
Seat 6: Izzy Mandelbaum ($5.43 in chips) 
Seat 7: chrissachp51 ($5.46 in chips) 
Seat 8: Juagonzalez ($2 in chips) 
Seat 9: eduardochantri ($1.62 in chips) 
reech90: posts small blind $0.01
Izzy Mandelbaum: posts big blind $0.02
*** HOLE CARDS ***
Dealt to Dorex2007 [4d Kd]
chrissachp51: folds 
Juagonzalez: folds 
eduardochantri: folds 
zackamundo: calls $0.02
STSISA391: folds 
Dorex2007: folds 
RosemontTony: raises $0.07 to $0.09
reech90: folds 
Izzy Mandelbaum: folds 
zackamundo: folds 
Uncalled bet ($0.07) returned to RosemontTony
RosemontTony collected $0.07 from pot
RosemontTony: doesn't show hand 
*** SUMMARY ***
Total pot $0.07 | Rake $0 
Seat 1: zackamundo folded before Flop
Seat 2: STSISA391 folded before Flop (didn't bet)
Seat 3: Dorex2007 folded before Flop (didn't bet)
Seat 4: RosemontTony (button) collected ($0.07)
Seat 5: reech90 (small blind) folded before Flop
Seat 6: Izzy Mandelbaum (big blind) folded before Flop
Seat 7: chrissachp51 folded before Flop (didn't bet)
Seat 8: Juagonzalez folded before Flop (didn't bet)
Seat 9: eduardochantri folded before Flop (didn't bet)



PokerStars Hand #237754765283:  Hold'em No Limit ($0.01/$0.02 USD) - 2022/08/02 17:49:07 PT [2022/08/02 20:49:07 ET]
Table 'Montezuma' 9-max Seat #5 is the button
Seat 1: zackamundo ($1.58 in chips) 
Seat 2: STSISA391 ($1.62 in chips) 
Seat 3: Dorex2007 ($2.78 in chips) 
Seat 4: RosemontTony ($3.23 in chips) 
Seat 5: reech90 ($1.98 in chips) 
Seat 6: Izzy Mandelbaum ($5.41 in chips) 
Seat 7: chrissachp51 ($5.46 in chips) 
Seat 8: Juagonzalez ($2 in chips) 
Seat 9: eduardochantri ($1.62 in chips) 
Izzy Mandelbaum: posts small blind $0.01
chrissachp51: posts big blind $0.02
*** HOLE CARDS ***
Dealt to Dorex2007 [Qh As]
Juagonzalez: folds 
eduardochantri: folds 
zackamundo: folds 
STSISA391: folds 
Dorex2007 has timed out
Dorex2007: folds 
RosemontTony: raises $0.04 to $0.06
reech90: folds 
Izzy Mandelbaum: folds 
chrissachp51: folds 
Uncalled bet ($0.04) returned to RosemontTony
RosemontTony collected $0.05 from pot
RosemontTony: doesn't show hand 
*** SUMMARY ***
Total pot $0.05 | Rake $0 
Seat 1: zackamundo folded before Flop (didn't bet)
Seat 2: STSISA391 folded before Flop (didn't bet)
Seat 3: Dorex2007 folded before Flop (didn't bet)
Seat 4: RosemontTony collected ($0.05)
Seat 5: reech90 (button) folded before Flop (didn't bet)
Seat 6: Izzy Mandelbaum (small blind) folded before Flop
Seat 7: chrissachp51 (big blind) folded before Flop
Seat 8: Juagonzalez folded before Flop (didn't bet)
Seat 9: eduardochantri folded before Flop (didn't bet)



PokerStars Hand #237754781754:  Hold'em No Limit ($0.01/$0.02 USD) - 2022/08/02 17:50:23 PT [2022/08/02 20:50:23 ET]
Table 'Montezuma' 9-max Seat #7 is the button
Seat 1: zackamundo ($1.58 in chips) 
Seat 2: papoelijah ($0.80 in chips) 
Seat 3: Dorex2007 ($2.78 in chips) 
Seat 4: RosemontTony ($3.26 in chips) 
Seat 5: reech90 ($1.98 in chips) 
Seat 6: Izzy Mandelbaum ($5.40 in chips) 
Seat 7: chrissachp51 ($5.48 in chips) 
Seat 8: Juagonzalez ($2 in chips) 
Seat 9: eduardochantri ($1.62 in chips) 
Juagonzalez: posts small blind $0.01
eduardochantri: posts big blind $0.02
papoelijah: posts big blind $0.02
*** HOLE CARDS ***
Dealt to Dorex2007 [8s Qs]
zackamundo: calls $0.02
papoelijah: raises $0.04 to $0.06
Dorex2007: folds 
RosemontTony: folds 
reech90: folds 
Izzy Mandelbaum: folds 
chrissachp51: calls $0.06
Juagonzalez: folds 
eduardochantri: calls $0.04
zackamundo: calls $0.04
*** FLOP *** [5h Ad Jc]
eduardochantri: checks 
zackamundo: bets $0.04
papoelijah: raises $0.32 to $0.36
chrissachp51: folds 
eduardochantri: folds 
zackamundo: folds 
Uncalled bet ($0.32) returned to papoelijah
papoelijah collected $0.32 from pot
papoelijah: doesn't show hand 
*** SUMMARY ***
Total pot $0.33 | Rake $0.01 
Board [5h Ad Jc]
Seat 1: zackamundo folded on the Flop
Seat 2: papoelijah collected ($0.32)
Seat 3: Dorex2007 folded before Flop (didn't bet)
Seat 4: RosemontTony folded before Flop (didn't bet)
Seat 5: reech90 folded before Flop (didn't bet)
Seat 6: Izzy Mandelbaum folded before Flop (didn't bet)
Seat 7: chrissachp51 (button) folded on the Flop
Seat 8: Juagonzalez (small blind) folded before Flop
Seat 9: eduardochantri (big blind) folded on the Flop



PokerStars Hand #237754793087:  Hold'em No Limit ($0.01/$0.02 USD) - 2022/08/02 17:51:15 PT [2022/08/02 20:51:15 ET]
Table 'Montezuma' 9-max Seat #8 is the button
Seat 2: papoelijah ($1.02 in chips) 
Seat 3: Dorex2007 ($2.78 in chips) 
Seat 4: RosemontTony ($3.26 in chips) 
Seat 5: reech90 ($1.98 in chips) 
Seat 6: Izzy Mandelbaum ($5.40 in chips) 
Seat 7: chrissachp51 ($5.42 in chips) 
Seat 8: Juagonzalez ($2 in chips) 
Seat 9: eduardochantri ($1.56 in chips) 
eduardochantri: posts small blind $0.01
papoelijah: posts big blind $0.02
*** HOLE CARDS ***
Dealt to Dorex2007 [8c 6c]
zackamundo leaves the table
Dorex2007: folds 
RosemontTony: folds 
reech90: folds 
Izzy Mandelbaum: calls $0.02
chrissachp51: folds 
Juagonzalez: folds 
eduardochantri: folds 
papoelijah: checks 
*** FLOP *** [Th Td Ac]
papoelijah: checks 
Izzy Mandelbaum: checks 
*** TURN *** [Th Td Ac] [Ah]
papoelijah: checks 
Izzy Mandelbaum: checks 
*** RIVER *** [Th Td Ac Ah] [Qc]
papoelijah: checks 
Izzy Mandelbaum: checks 
*** SHOW DOWN ***
papoelijah: shows [Js 2s] (two pair, Aces and Tens)
Izzy Mandelbaum: shows [8s 6s] (two pair, Aces and Tens)
papoelijah collected $0.03 from pot
Izzy Mandelbaum collected $0.02 from pot
*** SUMMARY ***
Total pot $0.05 | Rake $0 
Board [Th Td Ac Ah Qc]
Seat 2: papoelijah (big blind) showed [Js 2s] and won ($0.03) with two pair, Aces and Tens
Seat 3: Dorex2007 folded before Flop (didn't bet)
Seat 4: RosemontTony folded before Flop (didn't bet)
Seat 5: reech90 folded before Flop (didn't bet)
Seat 6: Izzy Mandelbaum showed [8s 6s] and won ($0.02) with two pair, Aces and Tens
Seat 7: chrissachp51 folded before Flop (didn't bet)
Seat 8: Juagonzalez (button) folded before Flop (didn't bet)
Seat 9: eduardochantri (small blind) folded before Flop



PokerStars Hand #237754806640:  Hold'em No Limit ($0.01/$0.02 USD) - 2022/08/02 17:52:18 PT [2022/08/02 20:52:18 ET]
Table 'Montezuma' 9-max Seat #9 is the button
Seat 2: papoelijah ($1.03 in chips) 
Seat 3: Dorex2007 ($2.78 in chips) 
Seat 4: RosemontTony ($3.26 in chips) 
Seat 5: reech90 ($1.98 in chips) 
Seat 6: Izzy Mandelbaum ($5.40 in chips) 
Seat 7: chrissachp51 ($5.42 in chips) 
Seat 8: Juagonzalez ($2 in chips) 
Seat 9: eduardochantri ($1.55 in chips) 
papoelijah: posts small blind $0.01
Dorex2007: posts big blind $0.02
*** HOLE CARDS ***
Dealt to Dorex2007 [Qc Td]
RosemontTony: raises $0.04 to $0.06
reech90: folds 
Izzy Mandelbaum: calls $0.06
chrissachp51: folds 
Juagonzalez: folds 
eduardochantri: calls $0.06
papoelijah: folds 
Dorex2007: folds 
*** FLOP *** [3h 7h 7c]
RosemontTony: bets $0.13
Izzy Mandelbaum: folds 
eduardochantri: raises $1.36 to $1.49 and is all-in
RosemontTony: folds 
Uncalled bet ($1.36) returned to eduardochantri
eduardochantri collected $0.45 from pot
eduardochantri: doesn't show hand 
*** SUMMARY ***
Total pot $0.47 | Rake $0.02 
Board [3h 7h 7c]
Seat 2: papoelijah (small blind) folded before Flop
Seat 3: Dorex2007 (big blind) folded before Flop
Seat 4: RosemontTony folded on the Flop
Seat 5: reech90 folded before Flop (didn't bet)
Seat 6: Izzy Mandelbaum folded on the Flop
Seat 7: chrissachp51 folded before Flop (didn't bet)
Seat 8: Juagonzalez folded before Flop (didn't bet)
Seat 9: eduardochantri (button) collected ($0.45)



PokerStars Hand #237754822527:  Hold'em No Limit ($0.01/$0.02 USD) - 2022/08/02 17:53:31 PT [2022/08/02 20:53:31 ET]
Table 'Montezuma' 9-max Seat #2 is the button
Seat 2: papoelijah ($1.02 in chips) 
Seat 3: Dorex2007 ($2.76 in chips) 
Seat 4: RosemontTony ($3.07 in chips) 
Seat 5: reech90 ($1.98 in chips) 
Seat 6: Izzy Mandelbaum ($5.34 in chips) 
Seat 7: chrissachp51 ($5.42 in chips) 
Seat 8: Juagonzalez ($2 in chips) 
Seat 9: eduardochantri ($1.81 in chips) 
Dorex2007: posts small blind $0.01
RosemontTony: posts big blind $0.02
*** HOLE CARDS ***
Dealt to Dorex2007 [7h 4d]
reech90: raises $0.03 to $0.05
Izzy Mandelbaum: folds 
chrissachp51: calls $0.05
Juagonzalez: folds 
eduardochantri: calls $0.05
papoelijah: folds 
Dorex2007: folds 
RosemontTony: folds 
*** FLOP *** [Kc Tc 4h]
reech90: checks 
chrissachp51: bets $0.08
eduardochantri: calls $0.08
reech90: folds 
*** TURN *** [Kc Tc 4h] [3c]
chrissachp51: bets $0.16
eduardochantri: calls $0.16
*** RIVER *** [Kc Tc 4h 3c] [5h]
chrissachp51: bets $0.26
eduardochantri: raises $0.58 to $0.84
chrissachp51: calls $0.58
*** SHOW DOWN ***
eduardochantri: shows [2c Ac] (a flush, Ace high)
chrissachp51: mucks hand 
eduardochantri collected $2.26 from pot
*** SUMMARY ***
Total pot $2.34 | Rake $0.08 
Board [Kc Tc 4h 3c 5h]
Seat 2: papoelijah (button) folded before Flop (didn't bet)
Seat 3: Dorex2007 (small blind) folded before Flop
Seat 4: RosemontTony (big blind) folded before Flop
Seat 5: reech90 folded on the Flop
Seat 6: Izzy Mandelbaum folded before Flop (didn't bet)
Seat 7: chrissachp51 mucked [Td Ts]
Seat 8: Juagonzalez folded before Flop (didn't bet)
Seat 9: eduardochantri showed [2c Ac] and won ($2.26) with a flush, Ace high



PokerStars Hand #237754841853:  Hold'em No Limit ($0.01/$0.02 USD) - 2022/08/02 17:55:01 PT [2022/08/02 20:55:01 ET]
Table 'Montezuma' 9-max Seat #3 is the button
Seat 2: papoelijah ($1.02 in chips) 
Seat 3: Dorex2007 ($2.75 in chips) 
Seat 4: RosemontTony ($3.05 in chips) 
Seat 5: reech90 ($1.93 in chips) 
Seat 6: Izzy Mandelbaum ($5.34 in chips) 
Seat 7: chrissachp51 ($4.29 in chips) 
Seat 8: Juagonzalez ($2 in chips) 
Seat 9: eduardochantri ($2.94 in chips) 
RosemontTony: posts small blind $0.01
reech90: posts big blind $0.02
*** HOLE CARDS ***
Dealt to Dorex2007 [Tc Kd]
Izzy Mandelbaum: calls $0.02
chrissachp51: calls $0.02
Juagonzalez: folds 
marc633 joins the table at seat #1 
eduardochantri: raises $0.02 to $0.04
papoelijah: calls $0.04
Dorex2007: calls $0.04
RosemontTony: folds 
reech90: raises $0.21 to $0.25
Izzy Mandelbaum: folds 
chrissachp51: folds 
eduardochantri: folds 
papoelijah: folds 
Dorex2007: folds 
Uncalled bet ($0.21) returned to reech90
reech90 collected $0.21 from pot
reech90: doesn't show hand 
*** SUMMARY ***
Total pot $0.21 | Rake $0 
Seat 2: papoelijah folded before Flop
Seat 3: Dorex2007 (button) folded before Flop
Seat 4: RosemontTony (small blind) folded before Flop
Seat 5: reech90 (big blind) collected ($0.21)
Seat 6: Izzy Mandelbaum folded before Flop
Seat 7: chrissachp51 folded before Flop
Seat 8: Juagonzalez folded before Flop (didn't bet)
Seat 9: eduardochantri folded before Flop



PokerStars Hand #237754852595:  Hold'em No Limit ($0.01/$0.02 USD) - 2022/08/02 17:56:01 PT [2022/08/02 20:56:01 ET]
Table 'Montezuma' 9-max Seat #4 is the button
Seat 1: marc633 ($0.80 in chips) 
Seat 2: papoelijah ($0.98 in chips) 
Seat 3: Dorex2007 ($2.71 in chips) 
Seat 4: RosemontTony ($3.04 in chips) 
Seat 5: reech90 ($2.10 in chips) 
Seat 6: Izzy Mandelbaum ($5.32 in chips) 
Seat 7: chrissachp51 ($4.27 in chips) 
Seat 8: Juagonzalez ($2 in chips) 
Seat 9: eduardochantri ($2.90 in chips) 
reech90: posts small blind $0.01
Izzy Mandelbaum: posts big blind $0.02
marc633: posts big blind $0.02
*** HOLE CARDS ***
Dealt to Dorex2007 [4s 8s]
chrissachp51: raises $0.02 to $0.04
Juagonzalez: folds 
eduardochantri: calls $0.04
marc633: folds 
papoelijah: raises $0.02 to $0.06
Dorex2007: folds 
RosemontTony: calls $0.06
reech90: folds 
Izzy Mandelbaum: calls $0.04
chrissachp51: calls $0.02
eduardochantri: calls $0.02
*** FLOP *** [5s Qc Js]
reech90 leaves the table
Izzy Mandelbaum: checks 
I With You joins the table at seat #5 
chrissachp51: checks 
eduardochantri: checks 
papoelijah: bets $0.16
RosemontTony: calls $0.16
Izzy Mandelbaum: folds 
chrissachp51: calls $0.16
eduardochantri: folds 
*** TURN *** [5s Qc Js] [7d]
chrissachp51: checks 
papoelijah: bets $0.76 and is all-in
RosemontTony: folds 
chrissachp51: folds 
Uncalled bet ($0.76) returned to papoelijah
papoelijah collected $0.78 from pot
papoelijah: doesn't show hand 
*** SUMMARY ***
Total pot $0.81 | Rake $0.03 
Board [5s Qc Js 7d]
Seat 1: marc633 folded before Flop (didn't bet)
Seat 2: papoelijah collected ($0.78)
Seat 3: Dorex2007 folded before Flop (didn't bet)
Seat 4: RosemontTony (button) folded on the Turn
Seat 5: reech90 (small blind) folded before Flop
Seat 6: Izzy Mandelbaum (big blind) folded on the Flop
Seat 7: chrissachp51 folded on the Turn
Seat 8: Juagonzalez folded before Flop (didn't bet)
Seat 9: eduardochantri folded on the Flop



PokerStars Hand #237754870601:  Hold'em No Limit ($0.01/$0.02 USD) - 2022/08/02 17:57:41 PT [2022/08/02 20:57:41 ET]
Table 'Montezuma' 9-max Seat #6 is the button
Seat 1: marc633 ($0.78 in chips) 
Seat 2: papoelijah ($1.54 in chips) 
Seat 3: Dorex2007 ($2.71 in chips) 
Seat 4: RosemontTony ($2.82 in chips) 
Seat 5: I With You ($2 in chips) 
Seat 6: Izzy Mandelbaum ($5.26 in chips) 
Seat 7: chrissachp51 ($4.05 in chips) 
Seat 8: Juagonzalez ($2 in chips) 
Seat 9: eduardochantri ($2.84 in chips) 
chrissachp51: posts small blind $0.01
Juagonzalez: posts big blind $0.02
I With You: posts big blind $0.02
*** HOLE CARDS ***
Dealt to Dorex2007 [2h Kc]
eduardochantri: folds 
marc633: folds 
papoelijah: folds 
Dorex2007: folds 
RosemontTony: folds 
I With You: checks 
Izzy Mandelbaum: calls $0.02
chrissachp51: calls $0.01
Juagonzalez: checks 
*** FLOP *** [3c 3d Qs]
chrissachp51: checks 
Juagonzalez: checks 
I With You: checks 
Izzy Mandelbaum: checks 
*** TURN *** [3c 3d Qs] [Jc]
chrissachp51: checks 
Juagonzalez: checks 
I With You: checks 
Izzy Mandelbaum: checks 
*** RIVER *** [3c 3d Qs Jc] [6h]
chrissachp51: checks 
Juagonzalez: checks 
I With You: checks 
Izzy Mandelbaum: checks 
*** SHOW DOWN ***
chrissachp51: shows [2s 7s] (a pair of Threes)
Juagonzalez: shows [8c 7h] (a pair of Threes - Queen+Jack+Eight kicker)
I With You: shows [Jd 6d] (two pair, Jacks and Sixes)
Izzy Mandelbaum: mucks hand 
I With You collected $0.08 from pot
*** SUMMARY ***
Total pot $0.08 | Rake $0 
Board [3c 3d Qs Jc 6h]
Seat 1: marc633 folded before Flop (didn't bet)
Seat 2: papoelijah folded before Flop (didn't bet)
Seat 3: Dorex2007 folded before Flop (didn't bet)
Seat 4: RosemontTony folded before Flop (didn't bet)
Seat 5: I With You showed [Jd 6d] and won ($0.08) with two pair, Jacks and Sixes
Seat 6: Izzy Mandelbaum (button) mucked [8d 6s]
Seat 7: chrissachp51 (small blind) showed [2s 7s] and lost with a pair of Threes
Seat 8: Juagonzalez (big blind) showed [8c 7h] and lost with a pair of Threes
Seat 9: eduardochantri folded before Flop (didn't bet)



PokerStars Hand #237754885033:  Hold'em No Limit ($0.01/$0.02 USD) - 2022/08/02 17:59:02 PT [2022/08/02 20:59:02 ET]
Table 'Montezuma' 9-max Seat #7 is the button
Seat 1: marc633 ($0.78 in chips) 
Seat 2: papoelijah ($1.54 in chips) 
Seat 3: Dorex2007 ($2.71 in chips) 
Seat 4: RosemontTony ($2.82 in chips) 
Seat 5: I With You ($2.06 in chips) 
Seat 6: Izzy Mandelbaum ($5.24 in chips) 
Seat 7: chrissachp51 ($4.03 in chips) 
Seat 8: Juagonzalez ($2 in chips) 
Seat 9: eduardochantri ($2.84 in chips) 
Juagonzalez: posts small blind $0.01
eduardochantri: posts big blind $0.02
*** HOLE CARDS ***
Dealt to Dorex2007 [4c Jd]
marc633: calls $0.02
papoelijah: raises $0.04 to $0.06
Dorex2007: folds 
RosemontTony: folds 
I With You: folds 
Izzy Mandelbaum: folds 
chrissachp51: calls $0.06
Juagonzalez: folds 
eduardochantri: calls $0.04
marc633: folds 
*** FLOP *** [Ts 4s 4h]
eduardochantri: checks 
papoelijah: checks 
chrissachp51: checks 
*** TURN *** [Ts 4s 4h] [As]
eduardochantri: checks 
papoelijah: bets $0.10
chrissachp51: folds 
eduardochantri: folds 
Uncalled bet ($0.10) returned to papoelijah
papoelijah collected $0.20 from pot
papoelijah: doesn't show hand 
*** SUMMARY ***
Total pot $0.21 | Rake $0.01 
Board [Ts 4s 4h As]
Seat 1: marc633 folded before Flop
Seat 2: papoelijah collected ($0.20)
Seat 3: Dorex2007 folded before Flop (didn't bet)
Seat 4: RosemontTony folded before Flop (didn't bet)
Seat 5: I With You folded before Flop (didn't bet)
Seat 6: Izzy Mandelbaum folded before Flop (didn't bet)
Seat 7: chrissachp51 (button) folded on the Turn
Seat 8: Juagonzalez (small blind) folded before Flop
Seat 9: eduardochantri (big blind) folded on the Turn



PokerStars Hand #237754900589:  Hold'em No Limit ($0.01/$0.02 USD) - 2022/08/02 18:00:11 PT [2022/08/02 21:00:11 ET]
Table 'Montezuma' 9-max Seat #8 is the button
Seat 1: marc633 ($0.76 in chips) 
Seat 2: papoelijah ($1.68 in chips) 
Seat 3: Dorex2007 ($2.71 in chips) 
Seat 4: RosemontTony ($2.82 in chips) 
Seat 5: I With You ($2.06 in chips) 
Seat 6: Izzy Mandelbaum ($5.24 in chips) 
Seat 7: chrissachp51 ($3.97 in chips) 
Seat 8: Juagonzalez ($2 in chips) 
Seat 9: eduardochantri ($2.78 in chips) 
eduardochantri: posts small blind $0.01
marc633: posts big blind $0.02
*** HOLE CARDS ***
Dealt to Dorex2007 [Ah Kc]
papoelijah: raises $0.04 to $0.06
Dorex2007: raises $0.08 to $0.14
RosemontTony: folds 
I With You: folds 
Izzy Mandelbaum: folds 
chrissachp51: calls $0.14
Juagonzalez: folds 
Juagonzalez leaves the table
eduardochantri: folds 
marc633: folds 
papoelijah: calls $0.08
*** FLOP *** [7h 9s Js]
papoelijah: checks 
Dorex2007: checks 
chrissachp51: checks 
*** TURN *** [7h 9s Js] [8d]
papoelijah: bets $0.21
Dorex2007: calls $0.21
chrissachp51: folds 
*** RIVER *** [7h 9s Js 8d] [Ad]
papoelijah: checks 
Dorex2007: bets $0.42
papoelijah: folds 
Uncalled bet ($0.42) returned to Dorex2007
Dorex2007 collected $0.84 from pot
Dorex2007: doesn't show hand 
*** SUMMARY ***
Total pot $0.87 | Rake $0.03 
Board [7h 9s Js 8d Ad]
Seat 1: marc633 (big blind) folded before Flop
Seat 2: papoelijah folded on the River
Seat 3: Dorex2007 collected ($0.84)
Seat 4: RosemontTony folded before Flop (didn't bet)
Seat 5: I With You folded before Flop (didn't bet)
Seat 6: Izzy Mandelbaum folded before Flop (didn't bet)
Seat 7: chrissachp51 folded on the Turn
Seat 8: Juagonzalez (button) folded before Flop (didn't bet)
Seat 9: eduardochantri (small blind) folded before Flop



PokerStars Hand #237754916245:  Hold'em No Limit ($0.01/$0.02 USD) - 2022/08/02 18:01:29 PT [2022/08/02 21:01:29 ET]
Table 'Montezuma' 9-max Seat #9 is the button
Seat 1: marc633 ($0.74 in chips) 
Seat 2: papoelijah ($1.33 in chips) 
Seat 3: Dorex2007 ($3.20 in chips) 
Seat 4: RosemontTony ($2.82 in chips) 
Seat 5: I With You ($2.06 in chips) 
Seat 6: Izzy Mandelbaum ($5.24 in chips) 
Seat 7: chrissachp51 ($3.83 in chips) 
Seat 9: eduardochantri ($2.77 in chips) 
marc633: posts small blind $0.01
papoelijah: posts big blind $0.02
*** HOLE CARDS ***
Dealt to Dorex2007 [8h 4h]
Dorex2007: folds 
RosemontTony: raises $0.04 to $0.06
I With You: folds 
Izzy Mandelbaum: folds 
chrissachp51: folds 
chrissachp51 leaves the table
eduardochantri: calls $0.06
marc633: folds 
papoelijah: folds 
*** FLOP *** [2h 2c Jc]
RosemontTony: bets $0.09
eduardochantri: calls $0.09
*** TURN *** [2h 2c Jc] [Qs]
RosemontTony: bets $0.13
eduardochantri: calls $0.13
*** RIVER *** [2h 2c Jc Qs] [Qd]
RosemontTony: checks 
eduardochantri: bets $0.57
RosemontTony: folds 
Uncalled bet ($0.57) returned to eduardochantri
eduardochantri collected $0.57 from pot
eduardochantri: doesn't show hand 
*** SUMMARY ***
Total pot $0.59 | Rake $0.02 
Board [2h 2c Jc Qs Qd]
Seat 1: marc633 (small blind) folded before Flop
Seat 2: papoelijah (big blind) folded before Flop
Seat 3: Dorex2007 folded before Flop (didn't bet)
Seat 4: RosemontTony folded on the River
Seat 5: I With You folded before Flop (didn't bet)
Seat 6: Izzy Mandelbaum folded before Flop (didn't bet)
Seat 7: chrissachp51 folded before Flop (didn't bet)
Seat 9: eduardochantri (button) collected ($0.57)



PokerStars Hand #237754931694:  Hold'em No Limit ($0.01/$0.02 USD) - 2022/08/02 18:02:42 PT [2022/08/02 21:02:42 ET]
Table 'Montezuma' 9-max Seat #1 is the button
Seat 1: marc633 ($0.73 in chips) 
Seat 2: papoelijah ($1.31 in chips) 
Seat 3: Dorex2007 ($3.20 in chips) 
Seat 4: RosemontTony ($2.54 in chips) 
Seat 5: I With You ($2.06 in chips) 
Seat 6: Izzy Mandelbaum ($5.24 in chips) 
Seat 9: eduardochantri ($3.06 in chips) 
papoelijah: posts small blind $0.01
Dorex2007: posts big blind $0.02
*** HOLE CARDS ***
Dealt to Dorex2007 [Kc Qd]
RosemontTony: folds 
pebete350 joins the table at seat #7 
etienne16671 joins the table at seat #8 
I With You: folds 
Izzy Mandelbaum: folds 
eduardochantri: folds 
marc633: folds 
papoelijah: folds 
Uncalled bet ($0.01) returned to Dorex2007
Dorex2007 collected $0.02 from pot
Dorex2007: doesn't show hand 
*** SUMMARY ***
Total pot $0.02 | Rake $0 
Seat 1: marc633 (button) folded before Flop (didn't bet)
Seat 2: papoelijah (small blind) folded before Flop
Seat 3: Dorex2007 (big blind) collected ($0.02)
Seat 4: RosemontTony folded before Flop (didn't bet)
Seat 5: I With You folded before Flop (didn't bet)
Seat 6: Izzy Mandelbaum folded before Flop (didn't bet)
Seat 9: eduardochantri folded before Flop (didn't bet)



PokerStars Hand #237754937407:  Hold'em No Limit ($0.01/$0.02 USD) - 2022/08/02 18:03:09 PT [2022/08/02 21:03:09 ET]
Table 'Montezuma' 9-max Seat #2 is the button
Seat 1: marc633 ($0.73 in chips) 
Seat 2: papoelijah ($1.30 in chips) 
Seat 3: Dorex2007 ($3.21 in chips) 
Seat 4: RosemontTony ($2.54 in chips) 
Seat 5: I With You ($2.06 in chips) 
Seat 6: Izzy Mandelbaum ($5.24 in chips) 
Seat 8: etienne16671 ($2 in chips) 
Seat 9: eduardochantri ($3.06 in chips) 
Dorex2007: posts small blind $0.01
RosemontTony: posts big blind $0.02
pebete350: sits out 
etienne16671: posts big blind $0.02
*** HOLE CARDS ***
Dealt to Dorex2007 [3s 8h]
I With You: folds 
Izzy Mandelbaum: calls $0.02
etienne16671: raises $0.07 to $0.09
eduardochantri: folds 
pebete350 leaves the table
marc633: folds 
papoelijah: raises $0.23 to $0.32
Dorex2007: folds 
RosemontTony: folds 
pebete350 joins the table at seat #7 
Izzy Mandelbaum: folds 
etienne16671: raises $1.68 to $2 and is all-in
papoelijah: calls $0.98 and is all-in
Uncalled bet ($0.70) returned to etienne16671
*** FLOP *** [Jh 4h 7c]
*** TURN *** [Jh 4h 7c] [Qc]
*** RIVER *** [Jh 4h 7c Qc] [3c]
*** SHOW DOWN ***
etienne16671: shows [Ah Kh] (high card Ace)
papoelijah: shows [As Ac] (a pair of Aces)
papoelijah collected $2.56 from pot
*** SUMMARY ***
Total pot $2.65 | Rake $0.09 
Board [Jh 4h 7c Qc 3c]
Seat 1: marc633 folded before Flop (didn't bet)
Seat 2: papoelijah (button) showed [As Ac] and won ($2.56) with a pair of Aces
Seat 3: Dorex2007 (small blind) folded before Flop
Seat 4: RosemontTony (big blind) folded before Flop
Seat 5: I With You folded before Flop (didn't bet)
Seat 6: Izzy Mandelbaum folded before Flop
Seat 8: etienne16671 showed [Ah Kh] and lost with high card Ace
Seat 9: eduardochantri folded before Flop (didn't bet)



PokerStars Hand #237754948592:  Hold'em No Limit ($0.01/$0.02 USD) - 2022/08/02 18:04:02 PT [2022/08/02 21:04:02 ET]
Table 'Montezuma' 9-max Seat #3 is the button
Seat 1: marc633 ($0.73 in chips) 
Seat 2: papoelijah ($2.56 in chips) 
Seat 3: Dorex2007 ($3.20 in chips) 
Seat 4: RosemontTony ($2.52 in chips) 
Seat 5: I With You ($2.06 in chips) 
Seat 6: Izzy Mandelbaum ($5.22 in chips) 
Seat 8: etienne16671 ($0.70 in chips) 
Seat 9: eduardochantri ($3.06 in chips) 
RosemontTony: posts small blind $0.01
I With You: posts big blind $0.02
pebete350: sits out 
*** HOLE CARDS ***
Dealt to Dorex2007 [Qc Jh]
Izzy Mandelbaum: raises $0.06 to $0.08
etienne16671: folds 
eduardochantri: folds 
marc633: folds 
papoelijah has timed out
papoelijah: folds 
Dorex2007: folds 
RosemontTony: folds 
I With You: folds 
Uncalled bet ($0.06) returned to Izzy Mandelbaum
Izzy Mandelbaum collected $0.05 from pot
*** SUMMARY ***
Total pot $0.05 | Rake $0 
Seat 1: marc633 folded before Flop (didn't bet)
Seat 2: papoelijah folded before Flop (didn't bet)
Seat 3: Dorex2007 (button) folded before Flop (didn't bet)
Seat 4: RosemontTony (small blind) folded before Flop
Seat 5: I With You (big blind) folded before Flop
Seat 6: Izzy Mandelbaum collected ($0.05)
Seat 8: etienne16671 folded before Flop (didn't bet)
Seat 9: eduardochantri folded before Flop (didn't bet)



PokerStars Hand #237754957920:  Hold'em No Limit ($0.01/$0.02 USD) - 2022/08/02 18:04:46 PT [2022/08/02 21:04:46 ET]
Table 'Montezuma' 9-max Seat #4 is the button
Seat 1: marc633 ($0.73 in chips) 
Seat 3: Dorex2007 ($3.20 in chips) 
Seat 4: RosemontTony ($2.51 in chips) 
Seat 5: I With You ($2.04 in chips) 
Seat 6: Izzy Mandelbaum ($5.25 in chips) 
Seat 8: etienne16671 ($2 in chips) 
Seat 9: eduardochantri ($3.06 in chips) 
I With You: posts small blind $0.01
Izzy Mandelbaum: posts big blind $0.02
pebete350: sits out 
*** HOLE CARDS ***
Dealt to Dorex2007 [7c Td]
etienne16671: calls $0.02
eduardochantri: folds 
marc633: folds 
Dorex2007: folds 
RosemontTony: folds 
I With You: folds 
Izzy Mandelbaum: checks 
*** FLOP *** [5d 9d Qs]
Izzy Mandelbaum: checks 
etienne16671: bets $0.04
Izzy Mandelbaum: calls $0.04
*** TURN *** [5d 9d Qs] [Jd]
Izzy Mandelbaum: checks 
etienne16671: bets $0.04
Izzy Mandelbaum: folds 
Uncalled bet ($0.04) returned to etienne16671
etienne16671 collected $0.13 from pot
*** SUMMARY ***
Total pot $0.13 | Rake $0 
Board [5d 9d Qs Jd]
Seat 1: marc633 folded before Flop (didn't bet)
Seat 3: Dorex2007 folded before Flop (didn't bet)
Seat 4: RosemontTony (button) folded before Flop (didn't bet)
Seat 5: I With You (small blind) folded before Flop
Seat 6: Izzy Mandelbaum (big blind) folded on the Turn
Seat 8: etienne16671 collected ($0.13)
Seat 9: eduardochantri folded before Flop (didn't bet)



PokerStars Hand #237754993149:  Hold'em No Limit ($0.01/$0.02 USD) - 2022/08/02 18:06:09 PT [2022/08/02 21:06:09 ET]
Table 'Montezuma' 9-max Seat #5 is the button
Seat 1: marc633 ($0.73 in chips) 
Seat 2: papoelijah ($2.56 in chips) 
Seat 3: Dorex2007 ($3.20 in chips) 
Seat 4: RosemontTony ($2.51 in chips) 
Seat 5: I With You ($2.03 in chips) 
Seat 6: Izzy Mandelbaum ($5.19 in chips) 
Seat 7: pebete350 ($2 in chips) 
Seat 8: etienne16671 ($2.07 in chips) 
Seat 9: eduardochantri ($3.06 in chips) 
Izzy Mandelbaum: posts small blind $0.01
pebete350: posts big blind $0.02
*** HOLE CARDS ***
Dealt to Dorex2007 [5s Jh]
etienne16671: folds 
eduardochantri: raises $0.04 to $0.06
marc633: folds 
papoelijah: folds 
Dorex2007: folds 
RosemontTony: folds 
I With You: folds 
Izzy Mandelbaum: folds 
pebete350: folds 
Uncalled bet ($0.04) returned to eduardochantri
eduardochantri collected $0.05 from pot
eduardochantri: doesn't show hand 
*** SUMMARY ***
Total pot $0.05 | Rake $0 
Seat 1: marc633 folded before Flop (didn't bet)
Seat 2: papoelijah folded before Flop (didn't bet)
Seat 3: Dorex2007 folded before Flop (didn't bet)
Seat 4: RosemontTony folded before Flop (didn't bet)
Seat 5: I With You (button) folded before Flop (didn't bet)
Seat 6: Izzy Mandelbaum (small blind) folded before Flop
Seat 7: pebete350 (big blind) folded before Flop
Seat 8: etienne16671 folded before Flop (didn't bet)
Seat 9: eduardochantri collected ($0.05)



PokerStars Hand #237754999003:  Hold'em No Limit ($0.01/$0.02 USD) - 2022/08/02 18:06:37 PT [2022/08/02 21:06:37 ET]
Table 'Montezuma' 9-max Seat #6 is the button
Seat 1: marc633 ($0.73 in chips) 
Seat 2: papoelijah ($2.56 in chips) 
Seat 3: Dorex2007 ($3.20 in chips) 
Seat 4: RosemontTony ($2.51 in chips) 
Seat 5: I With You ($2.03 in chips) 
Seat 6: Izzy Mandelbaum ($5.18 in chips) 
Seat 7: pebete350 ($2 in chips) 
Seat 8: etienne16671 ($2.07 in chips) 
Seat 9: eduardochantri ($3.09 in chips) 
pebete350: posts small blind $0.01
etienne16671: posts big blind $0.02
*** HOLE CARDS ***
Dealt to Dorex2007 [3h Js]
eduardochantri: folds 
marc633: folds 
papoelijah: calls $0.02
Dorex2007: folds 
RosemontTony: raises $0.07 to $0.09
I With You: folds 
Izzy Mandelbaum: folds 
pebete350: folds 
etienne16671: folds 
papoelijah: calls $0.07
*** FLOP *** [Ac Ah Qh]
papoelijah: checks 
RosemontTony: bets $0.10
papoelijah: folds 
Uncalled bet ($0.10) returned to RosemontTony
RosemontTony collected $0.20 from pot
RosemontTony: doesn't show hand 
*** SUMMARY ***
Total pot $0.21 | Rake $0.01 
Board [Ac Ah Qh]
Seat 1: marc633 folded before Flop (didn't bet)
Seat 2: papoelijah folded on the Flop
Seat 3: Dorex2007 folded before Flop (didn't bet)
Seat 4: RosemontTony collected ($0.20)
Seat 5: I With You folded before Flop (didn't bet)
Seat 6: Izzy Mandelbaum (button) folded before Flop (didn't bet)
Seat 7: pebete350 (small blind) folded before Flop
Seat 8: etienne16671 (big blind) folded before Flop
Seat 9: eduardochantri folded before Flop (didn't bet)



PokerStars Hand #237755012039:  Hold'em No Limit ($0.01/$0.02 USD) - 2022/08/02 18:07:40 PT [2022/08/02 21:07:40 ET]
Table 'Montezuma' 9-max Seat #7 is the button
Seat 1: marc633 ($0.73 in chips) 
Seat 2: papoelijah ($2.47 in chips) 
Seat 3: Dorex2007 ($3.20 in chips) 
Seat 4: RosemontTony ($2.62 in chips) 
Seat 5: I With You ($2.03 in chips) 
Seat 6: Izzy Mandelbaum ($5.18 in chips) 
Seat 7: pebete350 ($2 in chips) 
Seat 8: etienne16671 ($2.05 in chips) 
Seat 9: eduardochantri ($3.09 in chips) 
etienne16671: posts small blind $0.01
eduardochantri: posts big blind $0.02
*** HOLE CARDS ***
Dealt to Dorex2007 [5c 8d]
marc633: folds 
papoelijah: folds 
Dorex2007: folds 
RosemontTony: folds 
I With You: folds 
Izzy Mandelbaum: folds 
pebete350: raises $0.03 to $0.05
etienne16671: folds 
eduardochantri: raises $0.11 to $0.16
pebete350: folds 
Uncalled bet ($0.11) returned to eduardochantri
eduardochantri collected $0.11 from pot
eduardochantri: doesn't show hand 
*** SUMMARY ***
Total pot $0.11 | Rake $0 
Seat 1: marc633 folded before Flop (didn't bet)
Seat 2: papoelijah folded before Flop (didn't bet)
Seat 3: Dorex2007 folded before Flop (didn't bet)
Seat 4: RosemontTony folded before Flop (didn't bet)
Seat 5: I With You folded before Flop (didn't bet)
Seat 6: Izzy Mandelbaum folded before Flop (didn't bet)
Seat 7: pebete350 (button) folded before Flop
Seat 8: etienne16671 (small blind) folded before Flop
Seat 9: eduardochantri (big blind) collected ($0.11)



PokerStars Hand #237755021077:  Hold'em No Limit ($0.01/$0.02 USD) - 2022/08/02 18:08:23 PT [2022/08/02 21:08:23 ET]
Table 'Montezuma' 9-max Seat #8 is the button
Seat 1: marc633 ($0.73 in chips) 
Seat 2: papoelijah ($2.47 in chips) 
Seat 3: Dorex2007 ($3.20 in chips) 
Seat 4: RosemontTony ($2.62 in chips) 
Seat 5: I With You ($2.03 in chips) 
Seat 6: Izzy Mandelbaum ($5.18 in chips) 
Seat 7: pebete350 ($2 in chips) 
Seat 8: etienne16671 ($2.04 in chips) 
Seat 9: eduardochantri ($3.15 in chips) 
eduardochantri: posts small blind $0.01
marc633: posts big blind $0.02
*** HOLE CARDS ***
Dealt to Dorex2007 [8d 7d]
papoelijah: raises $0.05 to $0.07
Dorex2007: folds 
RosemontTony: folds 
I With You: folds 
Izzy Mandelbaum: folds 
pebete350: folds 
etienne16671: calls $0.07
eduardochantri: folds 
marc633: calls $0.05
*** FLOP *** [4c Kc Ac]
marc633: checks 
papoelijah: bets $0.10
etienne16671: calls $0.10
marc633: folds 
*** TURN *** [4c Kc Ac] [8s]
papoelijah: bets $0.16
etienne16671: calls $0.16
*** RIVER *** [4c Kc Ac 8s] [9s]
papoelijah: bets $0.35
etienne16671: calls $0.35
*** SHOW DOWN ***
papoelijah: shows [Ad Jd] (a pair of Aces)
etienne16671: mucks hand 
papoelijah collected $1.39 from pot
*** SUMMARY ***
Total pot $1.44 | Rake $0.05 
Board [4c Kc Ac 8s 9s]
Seat 1: marc633 (big blind) folded on the Flop
Seat 2: papoelijah showed [Ad Jd] and won ($1.39) with a pair of Aces
Seat 3: Dorex2007 folded before Flop (didn't bet)
Seat 4: RosemontTony folded before Flop (didn't bet)
Seat 5: I With You folded before Flop (didn't bet)
Seat 6: Izzy Mandelbaum folded before Flop (didn't bet)
Seat 7: pebete350 folded before Flop (didn't bet)
Seat 8: etienne16671 (button) mucked [3c As]
Seat 9: eduardochantri (small blind) folded before Flop



PokerStars Hand #237755044272:  Hold'em No Limit ($0.01/$0.02 USD) - 2022/08/02 18:10:15 PT [2022/08/02 21:10:15 ET]
Table 'Montezuma' 9-max Seat #9 is the button
Seat 1: marc633 ($0.66 in chips) 
Seat 2: papoelijah ($3.18 in chips) 
Seat 3: Dorex2007 ($3.20 in chips) 
Seat 4: RosemontTony ($2.62 in chips) 
Seat 5: I With You ($2.03 in chips) 
Seat 6: Izzy Mandelbaum ($5.18 in chips) 
Seat 7: pebete350 ($2 in chips) 
Seat 8: etienne16671 ($1.36 in chips) 
Seat 9: eduardochantri ($3.14 in chips) 
marc633: posts small blind $0.01
papoelijah: posts big blind $0.02
*** HOLE CARDS ***
Dealt to Dorex2007 [Kc 4h]
Dorex2007: folds 
RosemontTony: folds 
I With You: raises $0.04 to $0.06
Izzy Mandelbaum: folds 
pebete350: folds 
etienne16671: folds 
eduardochantri: calls $0.06
marc633: folds 
papoelijah: folds 
*** FLOP *** [7c 4d Jd]
I With You: checks 
eduardochantri: bets $0.02
I With You: folds 
Uncalled bet ($0.02) returned to eduardochantri
eduardochantri collected $0.14 from pot
eduardochantri: doesn't show hand 
*** SUMMARY ***
Total pot $0.15 | Rake $0.01 
Board [7c 4d Jd]
Seat 1: marc633 (small blind) folded before Flop
Seat 2: papoelijah (big blind) folded before Flop
Seat 3: Dorex2007 folded before Flop (didn't bet)
Seat 4: RosemontTony folded before Flop (didn't bet)
Seat 5: I With You folded on the Flop
Seat 6: Izzy Mandelbaum folded before Flop (didn't bet)
Seat 7: pebete350 folded before Flop (didn't bet)
Seat 8: etienne16671 folded before Flop (didn't bet)
Seat 9: eduardochantri (button) collected ($0.14)



PokerStars Hand #237755053239:  Hold'em No Limit ($0.01/$0.02 USD) - 2022/08/02 18:10:58 PT [2022/08/02 21:10:58 ET]
Table 'Montezuma' 9-max Seat #2 is the button
Seat 2: papoelijah ($3.16 in chips) 
Seat 3: Dorex2007 ($3.20 in chips) 
Seat 4: RosemontTony ($2.62 in chips) 
Seat 5: I With You ($1.97 in chips) 
Seat 7: pebete350 ($2 in chips) 
Seat 8: etienne16671 ($1.36 in chips) 
Seat 9: eduardochantri ($3.22 in chips) 
Dorex2007: posts small blind $0.01
RosemontTony: posts big blind $0.02
*** HOLE CARDS ***
Dealt to Dorex2007 [5c 3h]
I With You: folds 
pebete350: raises $0.02 to $0.04
etienne16671: folds 
eduardochantri: folds 
papoelijah: folds 
Dorex2007: folds 
RosemontTony: folds 
Uncalled bet ($0.02) returned to pebete350
pebete350 collected $0.05 from pot
pebete350: doesn't show hand 
*** SUMMARY ***
Total pot $0.05 | Rake $0 
Seat 2: papoelijah (button) folded before Flop (didn't bet)
Seat 3: Dorex2007 (small blind) folded before Flop
Seat 4: RosemontTony (big blind) folded before Flop
Seat 5: I With You folded before Flop (didn't bet)
Seat 7: pebete350 collected ($0.05)
Seat 8: etienne16671 folded before Flop (didn't bet)
Seat 9: eduardochantri folded before Flop (didn't bet)



PokerStars Hand #237755060161:  Hold'em No Limit ($0.01/$0.02 USD) - 2022/08/02 18:11:32 PT [2022/08/02 21:11:32 ET]
Table 'Montezuma' 9-max Seat #3 is the button
Seat 2: papoelijah ($3.16 in chips) 
Seat 3: Dorex2007 ($3.19 in chips) 
Seat 4: RosemontTony ($2.60 in chips) 
Seat 5: I With You ($1.97 in chips) 
Seat 7: pebete350 ($2.03 in chips) 
Seat 8: etienne16671 ($1.36 in chips) 
Seat 9: eduardochantri ($3.22 in chips) 
RosemontTony: posts small blind $0.01
I With You: posts big blind $0.02
*** HOLE CARDS ***
Dealt to Dorex2007 [7c Qs]
pebete350: folds 
etienne16671: folds 
eduardochantri: calls $0.02
papoelijah: calls $0.02
Dorex2007: folds 
RosemontTony: raises $0.08 to $0.10
I With You: folds 
eduardochantri: calls $0.08
papoelijah: calls $0.08
*** FLOP *** [Jd 4h Qd]
RosemontTony: checks 
eduardochantri: checks 
papoelijah: checks 
*** TURN *** [Jd 4h Qd] [Tc]
RosemontTony: checks 
eduardochantri: checks 
papoelijah: bets $0.15
RosemontTony: folds 
eduardochantri: calls $0.15
*** RIVER *** [Jd 4h Qd Tc] [8d]
eduardochantri: checks 
papoelijah: checks 
*** SHOW DOWN ***
eduardochantri: shows [7d Kd] (a flush, King high)
papoelijah: mucks hand 
eduardochantri collected $0.60 from pot
*** SUMMARY ***
Total pot $0.62 | Rake $0.02 
Board [Jd 4h Qd Tc 8d]
Seat 2: papoelijah mucked [Th Kc]
Seat 3: Dorex2007 (button) folded before Flop (didn't bet)
Seat 4: RosemontTony (small blind) folded on the Turn
Seat 5: I With You (big blind) folded before Flop
Seat 7: pebete350 folded before Flop (didn't bet)
Seat 8: etienne16671 folded before Flop (didn't bet)
Seat 9: eduardochantri showed [7d Kd] and won ($0.60) with a flush, King high



PokerStars Hand #237755082219:  Hold'em No Limit ($0.01/$0.02 USD) - 2022/08/02 18:13:20 PT [2022/08/02 21:13:20 ET]
Table 'Montezuma' 9-max Seat #4 is the button
Seat 1: marc633 ($0.65 in chips) 
Seat 2: papoelijah ($2.91 in chips) 
Seat 3: Dorex2007 ($3.19 in chips) 
Seat 4: RosemontTony ($2.50 in chips) 
Seat 5: I With You ($1.95 in chips) 
Seat 7: pebete350 ($2.03 in chips) 
Seat 8: etienne16671 ($1.36 in chips) 
Seat 9: eduardochantri ($3.57 in chips) 
I With You: posts small blind $0.01
pebete350: posts big blind $0.02
*** HOLE CARDS ***
Dealt to Dorex2007 [7c 2s]
etienne16671: calls $0.02
eduardochantri: raises $0.10 to $0.12
marc633: folds 
papoelijah: folds 
Dorex2007: folds 
RosemontTony: folds 
papoelijah leaves the table
I With You: folds 
pebete350: folds 
etienne16671: calls $0.10
*** FLOP *** [9d 3s Ks]
Domi8472 joins the table at seat #2 
etienne16671: checks 
eduardochantri: bets $0.04
etienne16671: calls $0.04
*** TURN *** [9d 3s Ks] [4c]
etienne16671: checks 
eduardochantri: bets $0.17
etienne16671: calls $0.17
*** RIVER *** [9d 3s Ks 4c] [Kd]
etienne16671: checks 
eduardochantri: bets $0.12
etienne16671: calls $0.12
*** SHOW DOWN ***
eduardochantri: shows [Ad Ah] (two pair, Aces and Kings)
etienne16671: mucks hand 
eduardochantri collected $0.90 from pot
*** SUMMARY ***
Total pot $0.93 | Rake $0.03 
Board [9d 3s Ks 4c Kd]
Seat 1: marc633 folded before Flop (didn't bet)
Seat 2: papoelijah folded before Flop (didn't bet)
Seat 3: Dorex2007 folded before Flop (didn't bet)
Seat 4: RosemontTony (button) folded before Flop (didn't bet)
Seat 5: I With You (small blind) folded before Flop
Seat 7: pebete350 (big blind) folded before Flop
Seat 8: etienne16671 mucked [8c 8h]
Seat 9: eduardochantri showed [Ad Ah] and won ($0.90) with two pair, Aces and Kings



PokerStars Hand #237755096663:  Hold'em No Limit ($0.01/$0.02 USD) - 2022/08/02 18:14:31 PT [2022/08/02 21:14:31 ET]
Table 'Montezuma' 9-max Seat #5 is the button
Seat 1: marc633 ($0.65 in chips) 
Seat 3: Dorex2007 ($3.19 in chips) 
Seat 4: RosemontTony ($2.50 in chips) 
Seat 5: I With You ($1.94 in chips) 
Seat 7: pebete350 ($2.01 in chips) 
Seat 8: etienne16671 ($0.91 in chips) 
Seat 9: eduardochantri ($4.02 in chips) 
pebete350: posts small blind $0.01
etienne16671: posts big blind $0.02
Domi8472: sits out 
*** HOLE CARDS ***
Dealt to Dorex2007 [Ks 7h]
eduardochantri: folds 
marc633: folds 
Dorex2007: folds 
RosemontTony: folds 
I With You: raises $0.02 to $0.04
pebete350: raises $0.11 to $0.15
etienne16671: calls $0.13
I With You: folds 
*** FLOP *** [3d Ad 9c]
pebete350: bets $0.14
etienne16671: folds 
Uncalled bet ($0.14) returned to pebete350
pebete350 collected $0.33 from pot
pebete350: doesn't show hand 
*** SUMMARY ***
Total pot $0.34 | Rake $0.01 
Board [3d Ad 9c]
Seat 1: marc633 folded before Flop (didn't bet)
Seat 3: Dorex2007 folded before Flop (didn't bet)
Seat 4: RosemontTony folded before Flop (didn't bet)
Seat 5: I With You (button) folded before Flop
Seat 7: pebete350 (small blind) collected ($0.33)
Seat 8: etienne16671 (big blind) folded on the Flop
Seat 9: eduardochantri folded before Flop (didn't bet)



PokerStars Hand #237755108520:  Hold'em No Limit ($0.01/$0.02 USD) - 2022/08/02 18:15:29 PT [2022/08/02 21:15:29 ET]
Table 'Montezuma' 9-max Seat #7 is the button
Seat 1: marc633 ($0.65 in chips) 
Seat 3: Dorex2007 ($3.19 in chips) 
Seat 4: RosemontTony ($2.50 in chips) 
Seat 5: I With You ($1.90 in chips) 
Seat 7: pebete350 ($2.19 in chips) 
Seat 8: etienne16671 ($0.76 in chips) 
Seat 9: eduardochantri ($4.02 in chips) 
etienne16671: posts small blind $0.01
eduardochantri: posts big blind $0.02
Domi8472: sits out 
*** HOLE CARDS ***
Dealt to Dorex2007 [8d 7s]
marc633: folds 
Dorex2007: folds 
RosemontTony: folds 
I With You: raises $0.02 to $0.04
pebete350: folds 
etienne16671: raises $0.10 to $0.14
eduardochantri: raises $0.10 to $0.24
I With You: calls $0.20
etienne16671: raises $0.52 to $0.76 and is all-in
eduardochantri: calls $0.52
I With You: calls $0.52
*** FLOP *** [7h Jc Ts]
eduardochantri: bets $1.20
I With You: folds 
Uncalled bet ($1.20) returned to eduardochantri
*** TURN *** [7h Jc Ts] [Qh]
*** RIVER *** [7h Jc Ts Qh] [Jd]
*** SHOW DOWN ***
etienne16671: shows [Kc Qs] (two pair, Queens and Jacks)
eduardochantri: shows [Ac Ah] (two pair, Aces and Jacks)
eduardochantri collected $2.20 from pot
*** SUMMARY ***
Total pot $2.28 | Rake $0.08 
Board [7h Jc Ts Qh Jd]
Seat 1: marc633 folded before Flop (didn't bet)
Seat 3: Dorex2007 folded before Flop (didn't bet)
Seat 4: RosemontTony folded before Flop (didn't bet)
Seat 5: I With You folded on the Flop
Seat 7: pebete350 (button) folded before Flop (didn't bet)
Seat 8: etienne16671 (small blind) showed [Kc Qs] and lost with two pair, Queens and Jacks
Seat 9: eduardochantri (big blind) showed [Ac Ah] and won ($2.20) with two pair, Aces and Jacks



PokerStars Hand #237755123981:  Hold'em No Limit ($0.01/$0.02 USD) - 2022/08/02 18:16:45 PT [2022/08/02 21:16:45 ET]
Table 'Montezuma' 9-max Seat #9 is the button
Seat 1: marc633 ($0.65 in chips) 
Seat 2: Domi8472 ($2 in chips) 
Seat 3: Dorex2007 ($3.19 in chips) 
Seat 4: RosemontTony ($2.50 in chips) 
Seat 5: I With You ($1.14 in chips) 
Seat 7: pebete350 ($2.19 in chips) 
Seat 9: eduardochantri ($5.46 in chips) 
marc633: posts small blind $0.01
Domi8472: posts big blind $0.02
*** HOLE CARDS ***
Dealt to Dorex2007 [9s 7s]
Dorex2007: folds 
RosemontTony: folds 
I With You: folds 
pebete350: folds 
eduardochantri: folds 
marc633: folds 
Uncalled bet ($0.01) returned to Domi8472
Domi8472 collected $0.02 from pot
Domi8472: doesn't show hand 
*** SUMMARY ***
Total pot $0.02 | Rake $0 
Seat 1: marc633 (small blind) folded before Flop
Seat 2: Domi8472 (big blind) collected ($0.02)
Seat 3: Dorex2007 folded before Flop (didn't bet)
Seat 4: RosemontTony folded before Flop (didn't bet)
Seat 5: I With You folded before Flop (didn't bet)
Seat 7: pebete350 folded before Flop (didn't bet)
Seat 9: eduardochantri (button) folded before Flop (didn't bet)



PokerStars Hand #237755128771:  Hold'em No Limit ($0.01/$0.02 USD) - 2022/08/02 18:17:08 PT [2022/08/02 21:17:08 ET]
Table 'Montezuma' 9-max Seat #1 is the button
Seat 1: marc633 ($0.64 in chips) 
Seat 2: Domi8472 ($2.01 in chips) 
Seat 3: Dorex2007 ($3.19 in chips) 
Seat 4: RosemontTony ($2.50 in chips) 
Seat 5: I With You ($1.14 in chips) 
Seat 7: pebete350 ($2.19 in chips) 
Seat 8: etienne16671 ($2 in chips) 
Seat 9: eduardochantri ($5.46 in chips) 
Domi8472: posts small blind $0.01
Dorex2007: posts big blind $0.02
*** HOLE CARDS ***
Dealt to Dorex2007 [2d Ks]
RosemontTony: folds 
I With You: folds 
pebete350: folds 
etienne16671: folds 
eduardochantri: folds 
marc633: folds 
Domi8472: raises $0.04 to $0.06
Dorex2007: folds 
Uncalled bet ($0.04) returned to Domi8472
Domi8472 collected $0.04 from pot
Domi8472: doesn't show hand 
*** SUMMARY ***
Total pot $0.04 | Rake $0 
Seat 1: marc633 (button) folded before Flop (didn't bet)
Seat 2: Domi8472 (small blind) collected ($0.04)
Seat 3: Dorex2007 (big blind) folded before Flop
Seat 4: RosemontTony folded before Flop (didn't bet)
Seat 5: I With You folded before Flop (didn't bet)
Seat 7: pebete350 folded before Flop (didn't bet)
Seat 8: etienne16671 folded before Flop (didn't bet)
Seat 9: eduardochantri folded before Flop (didn't bet)



PokerStars Hand #237755132993:  Hold'em No Limit ($0.01/$0.02 USD) - 2022/08/02 18:17:28 PT [2022/08/02 21:17:28 ET]
Table 'Montezuma' 9-max Seat #2 is the button
Seat 1: marc633 ($0.64 in chips) 
Seat 2: Domi8472 ($2.03 in chips) 
Seat 3: Dorex2007 ($3.17 in chips) 
Seat 4: RosemontTony ($2.50 in chips) 
Seat 5: I With You ($1.14 in chips) 
Seat 7: pebete350 ($2.19 in chips) 
Seat 8: etienne16671 ($2 in chips) 
Seat 9: eduardochantri ($5.46 in chips) 
Dorex2007: posts small blind $0.01
RosemontTony: posts big blind $0.02
*** HOLE CARDS ***
Dealt to Dorex2007 [Td 9s]
I With You: folds 
pebete350: folds 
etienne16671: folds 
eduardochantri: folds 
marc633 has timed out
marc633: folds 
Domi8472: raises $0.04 to $0.06
Dorex2007: calls $0.05
RosemontTony: calls $0.04
*** FLOP *** [5s 6h 8c]
Dorex2007: bets $0.11
RosemontTony: folds 
Domi8472: folds 
Uncalled bet ($0.11) returned to Dorex2007
Dorex2007 collected $0.17 from pot
Dorex2007: doesn't show hand 
*** SUMMARY ***
Total pot $0.18 | Rake $0.01 
Board [5s 6h 8c]
Seat 1: marc633 folded before Flop (didn't bet)
Seat 2: Domi8472 (button) folded on the Flop
Seat 3: Dorex2007 (small blind) collected ($0.17)
Seat 4: RosemontTony (big blind) folded on the Flop
Seat 5: I With You folded before Flop (didn't bet)
Seat 7: pebete350 folded before Flop (didn't bet)
Seat 8: etienne16671 folded before Flop (didn't bet)
Seat 9: eduardochantri folded before Flop (didn't bet)



PokerStars Hand #237755147717:  Hold'em No Limit ($0.01/$0.02 USD) - 2022/08/02 18:18:40 PT [2022/08/02 21:18:40 ET]
Table 'Montezuma' 9-max Seat #3 is the button
Seat 2: Domi8472 ($1.97 in chips) 
Seat 3: Dorex2007 ($3.28 in chips) 
Seat 4: RosemontTony ($2.44 in chips) 
Seat 5: I With You ($1.14 in chips) 
Seat 7: pebete350 ($2.19 in chips) 
Seat 8: etienne16671 ($2 in chips) 
Seat 9: eduardochantri ($5.46 in chips) 
RosemontTony: posts small blind $0.01
I With You: posts big blind $0.02
*** HOLE CARDS ***
Dealt to Dorex2007 [Ks 3s]
pebete350: folds 
etienne16671: calls $0.02
eduardochantri: raises $0.02 to $0.04
Domi8472: calls $0.04
Dorex2007: folds 
RosemontTony: folds 
I With You: calls $0.02
etienne16671: calls $0.02
*** FLOP *** [Qd 7d 5h]
I With You: checks 
etienne16671: bets $0.08
eduardochantri: folds 
Domi8472: folds 
I With You: calls $0.08
*** TURN *** [Qd 7d 5h] [Jh]
I With You: bets $0.16
etienne16671: calls $0.16
*** RIVER *** [Qd 7d 5h Jh] [4h]
I With You: checks 
etienne16671: checks 
*** SHOW DOWN ***
I With You: shows [5d Ad] (a pair of Fives)
etienne16671: shows [Th Qc] (a pair of Queens)
etienne16671 collected $0.63 from pot
*** SUMMARY ***
Total pot $0.65 | Rake $0.02 
Board [Qd 7d 5h Jh 4h]
Seat 2: Domi8472 folded on the Flop
Seat 3: Dorex2007 (button) folded before Flop (didn't bet)
Seat 4: RosemontTony (small blind) folded before Flop
Seat 5: I With You (big blind) showed [5d Ad] and lost with a pair of Fives
Seat 7: pebete350 folded before Flop (didn't bet)
Seat 8: etienne16671 showed [Th Qc] and won ($0.63) with a pair of Queens
Seat 9: eduardochantri folded on the Flop



