PokerStars Hand #238361572365:  Hold'em No Limit ($0.02/$0.05 USD) - 2022/09/01 21:12:57 PT [2022/09/02 0:12:57 ET]
Table 'China II' 9-max Seat #6 is the button
Seat 1: agustin10442 ($1.71 in chips) 
Seat 2: vladimir5421 ($5.42 in chips) 
Seat 3: DanielA9619 ($7.60 in chips) 
Seat 4: enixblr ($10.12 in chips) 
Seat 5: Dorex2007 ($5 in chips) 
Seat 6: Ruan metal ($4.93 in chips) 
Seat 7: AzeRReis ($7.12 in chips) 
Seat 8: lucifergaia ($7.17 in chips) 
AzeRReis: posts small blind $0.02
lucifergaia: posts big blind $0.05
Dorex2007: posts big blind $0.05
*** HOLE CARDS ***
Dealt to Dorex2007 [6d 7h]
agustin10442: folds 
vladimir5421: folds 
DanielA9619: folds 
enixblr: folds 
Dorex2007: checks 
Ruan metal: raises $0.17 to $0.22
AzeRReis: folds 
lucifergaia: folds 
Dorex2007: folds 
Uncalled bet ($0.17) returned to Ruan metal
Ruan metal collected $0.17 from pot
Ruan metal: doesn't show hand 
*** SUMMARY ***
Total pot $0.17 | Rake $0 
Seat 1: agustin10442 folded before Flop (didn't bet)
Seat 2: vladimir5421 folded before Flop (didn't bet)
Seat 3: DanielA9619 folded before Flop (didn't bet)
Seat 4: enixblr folded before Flop (didn't bet)
Seat 5: Dorex2007 folded before Flop (didn't bet)
Seat 6: Ruan metal (button) collected ($0.17)
Seat 7: AzeRReis (small blind) folded before Flop
Seat 8: lucifergaia (big blind) folded before Flop



PokerStars Hand #238361575536:  Hold'em No Limit ($0.02/$0.05 USD) - 2022/09/01 21:13:21 PT [2022/09/02 0:13:21 ET]
Table 'China II' 9-max Seat #7 is the button
Seat 1: agustin10442 ($1.71 in chips) 
Seat 2: vladimir5421 ($5.42 in chips) 
Seat 3: DanielA9619 ($7.60 in chips) 
Seat 4: enixblr ($10.12 in chips) 
Seat 5: Dorex2007 ($5 in chips) 
Seat 6: Ruan metal ($5.05 in chips) 
Seat 7: AzeRReis ($7.10 in chips) 
Seat 8: lucifergaia ($7.12 in chips) 
lucifergaia: posts small blind $0.02
agustin10442: posts big blind $0.05
*** HOLE CARDS ***
Dealt to Dorex2007 [6c 6h]
vladimir5421: folds 
DanielA9619: folds 
enixblr: folds 
Dorex2007: calls $0.05
Ruan metal: raises $0.17 to $0.22
AzeRReis: calls $0.22
lucifergaia: folds 
agustin10442: calls $0.17
Dorex2007: folds 
*** FLOP *** [9h 3d Kh]
agustin10442: checks 
Ruan metal: bets $0.25
AzeRReis: raises $0.25 to $0.50
agustin10442: folds 
Ruan metal: folds 
Uncalled bet ($0.25) returned to AzeRReis
AzeRReis collected $1.18 from pot
*** SUMMARY ***
Total pot $1.23 | Rake $0.05 
Board [9h 3d Kh]
Seat 1: agustin10442 (big blind) folded on the Flop
Seat 2: vladimir5421 folded before Flop (didn't bet)
Seat 3: DanielA9619 folded before Flop (didn't bet)
Seat 4: enixblr folded before Flop (didn't bet)
Seat 5: Dorex2007 folded before Flop
Seat 6: Ruan metal folded on the Flop
Seat 7: AzeRReis (button) collected ($1.18)
Seat 8: lucifergaia (small blind) folded before Flop



PokerStars Hand #238361582009:  Hold'em No Limit ($0.02/$0.05 USD) - 2022/09/01 21:14:13 PT [2022/09/02 0:14:13 ET]
Table 'China II' 9-max Seat #8 is the button
Seat 1: agustin10442 ($1.49 in chips) 
Seat 2: vladimir5421 ($5.42 in chips) 
Seat 3: DanielA9619 ($7.60 in chips) 
Seat 4: enixblr ($10.12 in chips) 
Seat 5: Dorex2007 ($5 in chips) 
Seat 6: Ruan metal ($4.58 in chips) 
Seat 7: AzeRReis ($7.81 in chips) 
Seat 8: lucifergaia ($7.10 in chips) 
agustin10442: posts small blind $0.02
vladimir5421: posts big blind $0.05
*** HOLE CARDS ***
Dealt to Dorex2007 [7h 9s]
DanielA9619: folds 
enixblr: folds 
Dorex2007: folds 
Ruan metal: folds 
AzeRReis: raises $0.10 to $0.15
lucifergaia: folds 
agustin10442: folds 
vladimir5421: calls $0.10
*** FLOP *** [7d 2c 5s]
vladimir5421: checks 
AzeRReis: checks 
*** TURN *** [7d 2c 5s] [4c]
vladimir5421: checks 
AzeRReis: checks 
*** RIVER *** [7d 2c 5s 4c] [Ts]
vladimir5421: checks 
AzeRReis: bets $0.15
vladimir5421: folds 
Uncalled bet ($0.15) returned to AzeRReis
AzeRReis collected $0.31 from pot
*** SUMMARY ***
Total pot $0.32 | Rake $0.01 
Board [7d 2c 5s 4c Ts]
Seat 1: agustin10442 (small blind) folded before Flop
Seat 2: vladimir5421 (big blind) folded on the River
Seat 3: DanielA9619 folded before Flop (didn't bet)
Seat 4: enixblr folded before Flop (didn't bet)
Seat 5: Dorex2007 folded before Flop (didn't bet)
Seat 6: Ruan metal folded before Flop (didn't bet)
Seat 7: AzeRReis collected ($0.31)
Seat 8: lucifergaia (button) folded before Flop (didn't bet)



PokerStars Hand #238361589453:  Hold'em No Limit ($0.02/$0.05 USD) - 2022/09/01 21:15:12 PT [2022/09/02 0:15:12 ET]
Table 'China II' 9-max Seat #1 is the button
Seat 1: agustin10442 ($1.47 in chips) 
Seat 2: vladimir5421 ($5.27 in chips) 
Seat 3: DanielA9619 ($7.60 in chips) 
Seat 4: enixblr ($10.12 in chips) 
Seat 5: Dorex2007 ($5 in chips) 
Seat 6: Ruan metal ($5 in chips) 
Seat 7: AzeRReis ($7.97 in chips) 
Seat 8: lucifergaia ($7.10 in chips) 
vladimir5421: posts small blind $0.02
DanielA9619: posts big blind $0.05
*** HOLE CARDS ***
Dealt to Dorex2007 [3h 9d]
enixblr: folds 
Dorex2007: folds 
Ruan metal: folds 
AzeRReis: raises $0.10 to $0.15
lucifergaia: folds 
agustin10442: folds 
vladimir5421: folds 
DanielA9619: folds 
Uncalled bet ($0.10) returned to AzeRReis
AzeRReis collected $0.12 from pot
*** SUMMARY ***
Total pot $0.12 | Rake $0 
Seat 1: agustin10442 (button) folded before Flop (didn't bet)
Seat 2: vladimir5421 (small blind) folded before Flop
Seat 3: DanielA9619 (big blind) folded before Flop
Seat 4: enixblr folded before Flop (didn't bet)
Seat 5: Dorex2007 folded before Flop (didn't bet)
Seat 6: Ruan metal folded before Flop (didn't bet)
Seat 7: AzeRReis collected ($0.12)
Seat 8: lucifergaia folded before Flop (didn't bet)



PokerStars Hand #238361591445:  Hold'em No Limit ($0.02/$0.05 USD) - 2022/09/01 21:15:27 PT [2022/09/02 0:15:27 ET]
Table 'China II' 9-max Seat #2 is the button
Seat 1: agustin10442 ($1.47 in chips) 
Seat 2: vladimir5421 ($5.25 in chips) 
Seat 3: DanielA9619 ($7.55 in chips) 
Seat 4: enixblr ($10.12 in chips) 
Seat 5: Dorex2007 ($5 in chips) 
Seat 6: Ruan metal ($5 in chips) 
Seat 7: AzeRReis ($8.04 in chips) 
Seat 8: lucifergaia ($7.10 in chips) 
DanielA9619: posts small blind $0.02
enixblr: posts big blind $0.05
*** HOLE CARDS ***
Dealt to Dorex2007 [Ac 8d]
Dorex2007: folds 
Ruan metal: folds 
AzeRReis: folds 
lucifergaia: folds 
agustin10442: calls $0.05
vladimir5421: folds 
DanielA9619: folds 
enixblr: checks 
*** FLOP *** [2d Qh Ts]
enixblr: checks 
agustin10442: bets $0.12
enixblr: folds 
Uncalled bet ($0.12) returned to agustin10442
agustin10442 collected $0.12 from pot
*** SUMMARY ***
Total pot $0.12 | Rake $0 
Board [2d Qh Ts]
Seat 1: agustin10442 collected ($0.12)
Seat 2: vladimir5421 (button) folded before Flop (didn't bet)
Seat 3: DanielA9619 (small blind) folded before Flop
Seat 4: enixblr (big blind) folded on the Flop
Seat 5: Dorex2007 folded before Flop (didn't bet)
Seat 6: Ruan metal folded before Flop (didn't bet)
Seat 7: AzeRReis folded before Flop (didn't bet)
Seat 8: lucifergaia folded before Flop (didn't bet)



PokerStars Hand #238361595778:  Hold'em No Limit ($0.02/$0.05 USD) - 2022/09/01 21:16:01 PT [2022/09/02 0:16:01 ET]
Table 'China II' 9-max Seat #3 is the button
Seat 1: agustin10442 ($1.54 in chips) 
Seat 2: vladimir5421 ($5.25 in chips) 
Seat 3: DanielA9619 ($7.53 in chips) 
Seat 4: enixblr ($10.07 in chips) 
Seat 5: Dorex2007 ($5 in chips) 
Seat 6: Ruan metal ($5 in chips) 
Seat 7: AzeRReis ($8.04 in chips) 
Seat 8: lucifergaia ($7.10 in chips) 
enixblr: posts small blind $0.02
Dorex2007: posts big blind $0.05
*** HOLE CARDS ***
Dealt to Dorex2007 [9h 6s]
Ruan metal: raises $0.10 to $0.15
AzeRReis: folds 
lucifergaia: folds 
agustin10442: folds 
vladimir5421: folds 
DanielA9619: folds 
enixblr: calls $0.13
Dorex2007: folds 
*** FLOP *** [3d Ac Qc]
enixblr: checks 
Ruan metal: bets $0.15
enixblr: folds 
Uncalled bet ($0.15) returned to Ruan metal
Ruan metal collected $0.34 from pot
Ruan metal: doesn't show hand 
*** SUMMARY ***
Total pot $0.35 | Rake $0.01 
Board [3d Ac Qc]
Seat 1: agustin10442 folded before Flop (didn't bet)
Seat 2: vladimir5421 folded before Flop (didn't bet)
Seat 3: DanielA9619 (button) folded before Flop (didn't bet)
Seat 4: enixblr (small blind) folded on the Flop
Seat 5: Dorex2007 (big blind) folded before Flop
Seat 6: Ruan metal collected ($0.34)
Seat 7: AzeRReis folded before Flop (didn't bet)
Seat 8: lucifergaia folded before Flop (didn't bet)



PokerStars Hand #238361599129:  Hold'em No Limit ($0.02/$0.05 USD) - 2022/09/01 21:16:27 PT [2022/09/02 0:16:27 ET]
Table 'China II' 9-max Seat #4 is the button
Seat 1: agustin10442 ($1.54 in chips) 
Seat 2: vladimir5421 ($5.25 in chips) 
Seat 3: DanielA9619 ($7.53 in chips) 
Seat 4: enixblr ($9.92 in chips) 
Seat 5: Dorex2007 ($5 in chips) 
Seat 6: Ruan metal ($5.19 in chips) 
Seat 7: AzeRReis ($8.04 in chips) 
Seat 8: lucifergaia ($7.10 in chips) 
Seat 9: gio119 ($4 in chips) 
Dorex2007: posts small blind $0.02
Ruan metal: posts big blind $0.05
gio119: posts small & big blinds $0.07
*** HOLE CARDS ***
Dealt to Dorex2007 [Ac 5c]
AzeRReis: folds 
lucifergaia: folds 
gio119: checks 
agustin10442: folds 
vladimir5421: folds 
DanielA9619: folds 
enixblr: folds 
Dorex2007: calls $0.03
Ruan metal: checks 
*** FLOP *** [6d 6h Ad]
Dorex2007: checks 
Ruan metal: checks 
gio119: checks 
*** TURN *** [6d 6h Ad] [Js]
Dorex2007: bets $0.08
Ruan metal: calls $0.08
gio119: folds 
*** RIVER *** [6d 6h Ad Js] [4d]
Dorex2007: checks 
Ruan metal: checks 
*** SHOW DOWN ***
Dorex2007: shows [Ac 5c] (two pair, Aces and Sixes)
Ruan metal: mucks hand 
Dorex2007 collected $0.32 from pot
*** SUMMARY ***
Total pot $0.33 | Rake $0.01 
Board [6d 6h Ad Js 4d]
Seat 1: agustin10442 folded before Flop (didn't bet)
Seat 2: vladimir5421 folded before Flop (didn't bet)
Seat 3: DanielA9619 folded before Flop (didn't bet)
Seat 4: enixblr (button) folded before Flop (didn't bet)
Seat 5: Dorex2007 (small blind) showed [Ac 5c] and won ($0.32) with two pair, Aces and Sixes
Seat 6: Ruan metal (big blind) mucked [Jd Th]
Seat 7: AzeRReis folded before Flop (didn't bet)
Seat 8: lucifergaia folded before Flop (didn't bet)
Seat 9: gio119 folded on the Turn (didn't bet)



PokerStars Hand #238361605773:  Hold'em No Limit ($0.02/$0.05 USD) - 2022/09/01 21:17:19 PT [2022/09/02 0:17:19 ET]
Table 'China II' 9-max Seat #5 is the button
Seat 1: agustin10442 ($1.54 in chips) 
Seat 2: vladimir5421 ($5.25 in chips) 
Seat 3: DanielA9619 ($7.53 in chips) 
Seat 4: enixblr ($9.92 in chips) 
Seat 5: Dorex2007 ($5.19 in chips) 
Seat 6: Ruan metal ($5.06 in chips) 
Seat 7: AzeRReis ($8.04 in chips) 
Seat 8: lucifergaia ($7.10 in chips) 
Seat 9: gio119 ($4 in chips) 
Ruan metal: posts small blind $0.02
AzeRReis: posts big blind $0.05
*** HOLE CARDS ***
Dealt to Dorex2007 [Kd Ts]
lucifergaia: folds 
gio119: folds 
agustin10442: folds 
vladimir5421: folds 
DanielA9619: raises $0.15 to $0.20
enixblr: folds 
Dorex2007: folds 
Ruan metal: calls $0.18
AzeRReis: calls $0.15
*** FLOP *** [Jc 9s Js]
Ruan metal: checks 
AzeRReis: checks 
DanielA9619: bets $0.40
Ruan metal: calls $0.40
AzeRReis: folds 
*** TURN *** [Jc 9s Js] [Qh]
Ruan metal: checks 
DanielA9619: bets $1.50
Ruan metal: raises $2.96 to $4.46 and is all-in
DanielA9619: folds 
Uncalled bet ($2.96) returned to Ruan metal
Ruan metal collected $4.22 from pot
Ruan metal: doesn't show hand 
*** SUMMARY ***
Total pot $4.40 | Rake $0.18 
Board [Jc 9s Js Qh]
Seat 1: agustin10442 folded before Flop (didn't bet)
Seat 2: vladimir5421 folded before Flop (didn't bet)
Seat 3: DanielA9619 folded on the Turn
Seat 4: enixblr folded before Flop (didn't bet)
Seat 5: Dorex2007 (button) folded before Flop (didn't bet)
Seat 6: Ruan metal (small blind) collected ($4.22)
Seat 7: AzeRReis (big blind) folded on the Flop
Seat 8: lucifergaia folded before Flop (didn't bet)
Seat 9: gio119 folded before Flop (didn't bet)



PokerStars Hand #238361615586:  Hold'em No Limit ($0.02/$0.05 USD) - 2022/09/01 21:18:34 PT [2022/09/02 0:18:34 ET]
Table 'China II' 9-max Seat #6 is the button
Seat 1: agustin10442 ($1.54 in chips) 
Seat 2: vladimir5421 ($5.25 in chips) 
Seat 3: DanielA9619 ($5.43 in chips) 
Seat 4: enixblr ($9.92 in chips) 
Seat 5: Dorex2007 ($5.19 in chips) 
Seat 6: Ruan metal ($7.18 in chips) 
Seat 7: AzeRReis ($7.84 in chips) 
Seat 8: lucifergaia ($7.10 in chips) 
Seat 9: gio119 ($4 in chips) 
AzeRReis: posts small blind $0.02
lucifergaia: posts big blind $0.05
*** HOLE CARDS ***
Dealt to Dorex2007 [4s 7d]
gio119: folds 
agustin10442: calls $0.05
vladimir5421: folds 
DanielA9619: folds 
enixblr: folds 
Dorex2007: folds 
Ruan metal: raises $0.17 to $0.22
AzeRReis: folds 
lucifergaia: folds 
agustin10442: folds 
Uncalled bet ($0.17) returned to Ruan metal
Ruan metal collected $0.17 from pot
Ruan metal: doesn't show hand 
*** SUMMARY ***
Total pot $0.17 | Rake $0 
Seat 1: agustin10442 folded before Flop
Seat 2: vladimir5421 folded before Flop (didn't bet)
Seat 3: DanielA9619 folded before Flop (didn't bet)
Seat 4: enixblr folded before Flop (didn't bet)
Seat 5: Dorex2007 folded before Flop (didn't bet)
Seat 6: Ruan metal (button) collected ($0.17)
Seat 7: AzeRReis (small blind) folded before Flop
Seat 8: lucifergaia (big blind) folded before Flop
Seat 9: gio119 folded before Flop (didn't bet)



PokerStars Hand #238361620115:  Hold'em No Limit ($0.02/$0.05 USD) - 2022/09/01 21:19:09 PT [2022/09/02 0:19:09 ET]
Table 'China II' 9-max Seat #7 is the button
Seat 1: agustin10442 ($1.49 in chips) 
Seat 2: vladimir5421 ($5.25 in chips) 
Seat 3: DanielA9619 ($5.43 in chips) 
Seat 4: enixblr ($9.92 in chips) 
Seat 5: Dorex2007 ($5.19 in chips) 
Seat 6: Ruan metal ($7.30 in chips) 
Seat 7: AzeRReis ($7.82 in chips) 
Seat 8: lucifergaia ($7.05 in chips) 
Seat 9: gio119 ($4 in chips) 
lucifergaia: posts small blind $0.02
gio119: posts big blind $0.05
*** HOLE CARDS ***
Dealt to Dorex2007 [5h Ad]
agustin10442: folds 
vladimir5421: folds 
DanielA9619: folds 
enixblr: folds 
Dorex2007: folds 
Ruan metal: folds 
AzeRReis: folds 
lucifergaia: raises $0.10 to $0.15
gio119: folds 
Uncalled bet ($0.10) returned to lucifergaia
lucifergaia collected $0.10 from pot
lucifergaia: doesn't show hand 
*** SUMMARY ***
Total pot $0.10 | Rake $0 
Seat 1: agustin10442 folded before Flop (didn't bet)
Seat 2: vladimir5421 folded before Flop (didn't bet)
Seat 3: DanielA9619 folded before Flop (didn't bet)
Seat 4: enixblr folded before Flop (didn't bet)
Seat 5: Dorex2007 folded before Flop (didn't bet)
Seat 6: Ruan metal folded before Flop (didn't bet)
Seat 7: AzeRReis (button) folded before Flop (didn't bet)
Seat 8: lucifergaia (small blind) collected ($0.10)
Seat 9: gio119 (big blind) folded before Flop



PokerStars Hand #238361623953:  Hold'em No Limit ($0.02/$0.05 USD) - 2022/09/01 21:19:39 PT [2022/09/02 0:19:39 ET]
Table 'China II' 9-max Seat #8 is the button
Seat 1: agustin10442 ($1.49 in chips) 
Seat 2: vladimir5421 ($5.25 in chips) 
Seat 3: DanielA9619 ($5.43 in chips) 
Seat 4: enixblr ($9.92 in chips) 
Seat 5: Dorex2007 ($5.19 in chips) 
Seat 6: Ruan metal ($7.30 in chips) 
Seat 7: AzeRReis ($7.82 in chips) 
Seat 8: lucifergaia ($7.10 in chips) 
Seat 9: gio119 ($4 in chips) 
gio119: posts small blind $0.02
agustin10442: posts big blind $0.05
*** HOLE CARDS ***
Dealt to Dorex2007 [Jc 7h]
vladimir5421: folds 
DanielA9619: folds 
enixblr: raises $0.05 to $0.10
Dorex2007: folds 
Ruan metal: folds 
AzeRReis: folds 
lucifergaia: folds 
gio119: folds 
agustin10442: folds 
Uncalled bet ($0.05) returned to enixblr
enixblr collected $0.12 from pot
enixblr: doesn't show hand 
*** SUMMARY ***
Total pot $0.12 | Rake $0 
Seat 1: agustin10442 (big blind) folded before Flop
Seat 2: vladimir5421 folded before Flop (didn't bet)
Seat 3: DanielA9619 folded before Flop (didn't bet)
Seat 4: enixblr collected ($0.12)
Seat 5: Dorex2007 folded before Flop (didn't bet)
Seat 6: Ruan metal folded before Flop (didn't bet)
Seat 7: AzeRReis folded before Flop (didn't bet)
Seat 8: lucifergaia (button) folded before Flop (didn't bet)
Seat 9: gio119 (small blind) folded before Flop



PokerStars Hand #238361627491:  Hold'em No Limit ($0.02/$0.05 USD) - 2022/09/01 21:20:06 PT [2022/09/02 0:20:06 ET]
Table 'China II' 9-max Seat #9 is the button
Seat 1: agustin10442 ($1.44 in chips) 
Seat 2: vladimir5421 ($5.25 in chips) 
Seat 3: DanielA9619 ($5.43 in chips) 
Seat 4: enixblr ($9.99 in chips) 
Seat 5: Dorex2007 ($5.19 in chips) 
Seat 6: Ruan metal ($7.30 in chips) 
Seat 7: AzeRReis ($7.82 in chips) 
Seat 8: lucifergaia ($7.10 in chips) 
Seat 9: gio119 ($4 in chips) 
agustin10442: posts small blind $0.02
vladimir5421: posts big blind $0.05
*** HOLE CARDS ***
Dealt to Dorex2007 [7d Ad]
DanielA9619: folds 
DanielA9619 leaves the table
enixblr: raises $0.15 to $0.20
Dorex2007: folds 
Ruan metal: folds 
AzeRReis: folds 
lucifergaia: folds 
javir joins the table at seat #3 
gio119: folds 
agustin10442: raises $0.20 to $0.40
vladimir5421: folds 
enixblr: folds 
Uncalled bet ($0.20) returned to agustin10442
agustin10442 collected $0.45 from pot
*** SUMMARY ***
Total pot $0.45 | Rake $0 
Seat 1: agustin10442 (small blind) collected ($0.45)
Seat 2: vladimir5421 (big blind) folded before Flop
Seat 3: DanielA9619 folded before Flop (didn't bet)
Seat 4: enixblr folded before Flop
Seat 5: Dorex2007 folded before Flop (didn't bet)
Seat 6: Ruan metal folded before Flop (didn't bet)
Seat 7: AzeRReis folded before Flop (didn't bet)
Seat 8: lucifergaia folded before Flop (didn't bet)
Seat 9: gio119 (button) folded before Flop (didn't bet)



PokerStars Hand #238361632646:  Hold'em No Limit ($0.02/$0.05 USD) - 2022/09/01 21:20:46 PT [2022/09/02 0:20:46 ET]
Table 'China II' 9-max Seat #1 is the button
Seat 1: agustin10442 ($1.69 in chips) 
Seat 2: vladimir5421 ($5.20 in chips) 
Seat 3: javir ($5 in chips) 
Seat 4: enixblr ($9.79 in chips) 
Seat 5: Dorex2007 ($5.19 in chips) 
Seat 6: Ruan metal ($7.30 in chips) 
Seat 7: AzeRReis ($7.82 in chips) 
Seat 8: lucifergaia ($7.10 in chips) 
Seat 9: gio119 ($4 in chips) 
vladimir5421: posts small blind $0.02
javir: posts big blind $0.05
*** HOLE CARDS ***
Dealt to Dorex2007 [9d 5h]
enixblr: folds 
Dorex2007: folds 
Ruan metal: folds 
AzeRReis: raises $0.05 to $0.10
lucifergaia: folds 
gio119: folds 
agustin10442: folds 
vladimir5421: raises $0.35 to $0.45
javir: folds 
AzeRReis: folds 
Uncalled bet ($0.35) returned to vladimir5421
vladimir5421 collected $0.25 from pot
vladimir5421: doesn't show hand 
*** SUMMARY ***
Total pot $0.25 | Rake $0 
Seat 1: agustin10442 (button) folded before Flop (didn't bet)
Seat 2: vladimir5421 (small blind) collected ($0.25)
Seat 3: javir (big blind) folded before Flop
Seat 4: enixblr folded before Flop (didn't bet)
Seat 5: Dorex2007 folded before Flop (didn't bet)
Seat 6: Ruan metal folded before Flop (didn't bet)
Seat 7: AzeRReis folded before Flop
Seat 8: lucifergaia folded before Flop (didn't bet)
Seat 9: gio119 folded before Flop (didn't bet)



PokerStars Hand #238361636565:  Hold'em No Limit ($0.02/$0.05 USD) - 2022/09/01 21:21:17 PT [2022/09/02 0:21:17 ET]
Table 'China II' 9-max Seat #2 is the button
Seat 1: agustin10442 ($1.69 in chips) 
Seat 2: vladimir5421 ($5.35 in chips) 
Seat 3: javir ($4.95 in chips) 
Seat 4: enixblr ($9.79 in chips) 
Seat 5: Dorex2007 ($5.19 in chips) 
Seat 6: Ruan metal ($7.30 in chips) 
Seat 7: AzeRReis ($7.72 in chips) 
Seat 8: lucifergaia ($7.10 in chips) 
Seat 9: gio119 ($4 in chips) 
javir: posts small blind $0.02
enixblr: posts big blind $0.05
*** HOLE CARDS ***
Dealt to Dorex2007 [Qd 7h]
Dorex2007: folds 
Ruan metal: folds 
AzeRReis: calls $0.05
lucifergaia: raises $0.17 to $0.22
gio119: folds 
agustin10442: folds 
vladimir5421: folds 
javir: calls $0.20
enixblr: folds 
AzeRReis: folds 
*** FLOP *** [Tc 6c 4c]
javir: checks 
lucifergaia: checks 
*** TURN *** [Tc 6c 4c] [5d]
javir: bets $0.52
lucifergaia: folds [7s 8s]
Uncalled bet ($0.52) returned to javir
javir collected $0.52 from pot
javir: doesn't show hand 
*** SUMMARY ***
Total pot $0.54 | Rake $0.02 
Board [Tc 6c 4c 5d]
Seat 1: agustin10442 folded before Flop (didn't bet)
Seat 2: vladimir5421 (button) folded before Flop (didn't bet)
Seat 3: javir (small blind) collected ($0.52)
Seat 4: enixblr (big blind) folded before Flop
Seat 5: Dorex2007 folded before Flop (didn't bet)
Seat 6: Ruan metal folded before Flop (didn't bet)
Seat 7: AzeRReis folded before Flop
Seat 8: lucifergaia folded on the Turn
Seat 9: gio119 folded before Flop (didn't bet)



PokerStars Hand #238361642875:  Hold'em No Limit ($0.02/$0.05 USD) - 2022/09/01 21:22:07 PT [2022/09/02 0:22:07 ET]
Table 'China II' 9-max Seat #3 is the button
Seat 1: agustin10442 ($1.69 in chips) 
Seat 2: vladimir5421 ($5.35 in chips) 
Seat 3: javir ($5.25 in chips) 
Seat 4: enixblr ($9.74 in chips) 
Seat 5: Dorex2007 ($5.19 in chips) 
Seat 6: Ruan metal ($7.30 in chips) 
Seat 7: AzeRReis ($7.67 in chips) 
Seat 8: lucifergaia ($6.88 in chips) 
Seat 9: gio119 ($4 in chips) 
enixblr: posts small blind $0.02
Dorex2007: posts big blind $0.05
*** HOLE CARDS ***
Dealt to Dorex2007 [Ts Jc]
Ruan metal: folds 
AzeRReis: folds 
lucifergaia: folds 
gio119: folds 
agustin10442: folds 
vladimir5421: folds 
javir: raises $0.10 to $0.15
AzeRReis leaves the table
enixblr: folds 
Dorex2007: folds 
Uncalled bet ($0.10) returned to javir
javir collected $0.12 from pot
javir: doesn't show hand 
*** SUMMARY ***
Total pot $0.12 | Rake $0 
Seat 1: agustin10442 folded before Flop (didn't bet)
Seat 2: vladimir5421 folded before Flop (didn't bet)
Seat 3: javir (button) collected ($0.12)
Seat 4: enixblr (small blind) folded before Flop
Seat 5: Dorex2007 (big blind) folded before Flop
Seat 6: Ruan metal folded before Flop (didn't bet)
Seat 7: AzeRReis folded before Flop (didn't bet)
Seat 8: lucifergaia folded before Flop (didn't bet)
Seat 9: gio119 folded before Flop (didn't bet)



PokerStars Hand #238361647121:  Hold'em No Limit ($0.02/$0.05 USD) - 2022/09/01 21:22:41 PT [2022/09/02 0:22:41 ET]
Table 'China II' 9-max Seat #4 is the button
Seat 1: agustin10442 ($1.69 in chips) 
Seat 2: vladimir5421 ($5.35 in chips) 
Seat 3: javir ($5.32 in chips) 
Seat 4: enixblr ($9.72 in chips) 
Seat 5: Dorex2007 ($5.14 in chips) 
Seat 6: Ruan metal ($7.30 in chips) 
Seat 8: lucifergaia ($6.88 in chips) 
Seat 9: gio119 ($4 in chips) 
Dorex2007: posts small blind $0.02
Ruan metal: posts big blind $0.05
*** HOLE CARDS ***
Dealt to Dorex2007 [Qc Ah]
lucifergaia: folds 
gio119: folds 
agustin10442: folds 
vladimir5421: folds 
javir: folds 
enixblr: raises $0.05 to $0.10
Dorex2007: raises $0.15 to $0.25
Ruan metal: folds 
enixblr: calls $0.15
*** FLOP *** [Kh 7c Jd]
Dorex2007: bets $0.26
BauMolAin_420 joins the table at seat #7 
enixblr: folds 
Uncalled bet ($0.26) returned to Dorex2007
Dorex2007 collected $0.53 from pot
Dorex2007: doesn't show hand 
*** SUMMARY ***
Total pot $0.55 | Rake $0.02 
Board [Kh 7c Jd]
Seat 1: agustin10442 folded before Flop (didn't bet)
Seat 2: vladimir5421 folded before Flop (didn't bet)
Seat 3: javir folded before Flop (didn't bet)
Seat 4: enixblr (button) folded on the Flop
Seat 5: Dorex2007 (small blind) collected ($0.53)
Seat 6: Ruan metal (big blind) folded before Flop
Seat 8: lucifergaia folded before Flop (didn't bet)
Seat 9: gio119 folded before Flop (didn't bet)



PokerStars Hand #238361651196:  Hold'em No Limit ($0.02/$0.05 USD) - 2022/09/01 21:23:14 PT [2022/09/02 0:23:14 ET]
Table 'China II' 9-max Seat #5 is the button
Seat 1: agustin10442 ($1.69 in chips) 
Seat 2: vladimir5421 ($5.35 in chips) 
Seat 3: javir ($5.32 in chips) 
Seat 4: enixblr ($9.47 in chips) 
Seat 5: Dorex2007 ($5.42 in chips) 
Seat 6: Ruan metal ($7.25 in chips) 
Seat 7: BauMolAin_420 ($2 in chips) 
Seat 8: lucifergaia ($6.88 in chips) 
Seat 9: gio119 ($4 in chips) 
Ruan metal: posts small blind $0.02
BauMolAin_420: posts big blind $0.05
*** HOLE CARDS ***
Dealt to Dorex2007 [Ac Js]
lucifergaia: raises $0.12 to $0.17
gio119: folds 
agustin10442: folds 
vladimir5421: folds 
javir: folds 
enixblr: folds 
Dorex2007: calls $0.17
Ruan metal: folds 
BauMolAin_420: folds 
*** FLOP *** [9d Qh 8s]
lucifergaia: checks 
Dorex2007: checks 
*** TURN *** [9d Qh 8s] [2s]
lucifergaia: bets $0.29
Dorex2007: folds 
Uncalled bet ($0.29) returned to lucifergaia
lucifergaia collected $0.39 from pot
lucifergaia: doesn't show hand 
*** SUMMARY ***
Total pot $0.41 | Rake $0.02 
Board [9d Qh 8s 2s]
Seat 1: agustin10442 folded before Flop (didn't bet)
Seat 2: vladimir5421 folded before Flop (didn't bet)
Seat 3: javir folded before Flop (didn't bet)
Seat 4: enixblr folded before Flop (didn't bet)
Seat 5: Dorex2007 (button) folded on the Turn
Seat 6: Ruan metal (small blind) folded before Flop
Seat 7: BauMolAin_420 (big blind) folded before Flop
Seat 8: lucifergaia collected ($0.39)
Seat 9: gio119 folded before Flop (didn't bet)



PokerStars Hand #238361654615:  Hold'em No Limit ($0.02/$0.05 USD) - 2022/09/01 21:23:41 PT [2022/09/02 0:23:41 ET]
Table 'China II' 9-max Seat #6 is the button
Seat 1: agustin10442 ($1.69 in chips) 
Seat 2: vladimir5421 ($5.35 in chips) 
Seat 3: javir ($5.32 in chips) 
Seat 4: enixblr ($9.47 in chips) 
Seat 5: Dorex2007 ($5.25 in chips) 
Seat 6: Ruan metal ($7.23 in chips) 
Seat 7: BauMolAin_420 ($1.95 in chips) 
Seat 8: lucifergaia ($7.10 in chips) 
Seat 9: gio119 ($4 in chips) 
BauMolAin_420: posts small blind $0.02
lucifergaia: posts big blind $0.05
*** HOLE CARDS ***
Dealt to Dorex2007 [9h 9d]
gio119: folds 
agustin10442: folds 
vladimir5421: folds 
javir: folds 
enixblr: folds 
Dorex2007: raises $0.10 to $0.15
Ruan metal: folds 
BauMolAin_420: folds 
lucifergaia: folds 
Uncalled bet ($0.10) returned to Dorex2007
Dorex2007 collected $0.12 from pot
Dorex2007: doesn't show hand 
*** SUMMARY ***
Total pot $0.12 | Rake $0 
Seat 1: agustin10442 folded before Flop (didn't bet)
Seat 2: vladimir5421 folded before Flop (didn't bet)
Seat 3: javir folded before Flop (didn't bet)
Seat 4: enixblr folded before Flop (didn't bet)
Seat 5: Dorex2007 collected ($0.12)
Seat 6: Ruan metal (button) folded before Flop (didn't bet)
Seat 7: BauMolAin_420 (small blind) folded before Flop
Seat 8: lucifergaia (big blind) folded before Flop
Seat 9: gio119 folded before Flop (didn't bet)



PokerStars Hand #238361657591:  Hold'em No Limit ($0.02/$0.05 USD) - 2022/09/01 21:24:05 PT [2022/09/02 0:24:05 ET]
Table 'China II' 9-max Seat #7 is the button
Seat 1: agustin10442 ($1.69 in chips) 
Seat 2: vladimir5421 ($5.35 in chips) 
Seat 3: javir ($5.32 in chips) 
Seat 4: enixblr ($9.47 in chips) 
Seat 5: Dorex2007 ($5.32 in chips) 
Seat 6: Ruan metal ($7.23 in chips) 
Seat 7: BauMolAin_420 ($1.93 in chips) 
Seat 8: lucifergaia ($7.05 in chips) 
Seat 9: gio119 ($4 in chips) 
lucifergaia: posts small blind $0.02
gio119: posts big blind $0.05
*** HOLE CARDS ***
Dealt to Dorex2007 [As 4c]
agustin10442: calls $0.05
vladimir5421 has timed out
vladimir5421: folds 
javir: folds 
enixblr: folds 
Dorex2007: folds 
Ruan metal: folds 
BauMolAin_420: folds 
lucifergaia: calls $0.03
gio119: checks 
*** FLOP *** [3c 5h 8h]
lucifergaia: checks 
gio119: checks 
agustin10442: checks 
*** TURN *** [3c 5h 8h] [6d]
lucifergaia: checks 
gio119: checks 
agustin10442: checks 
*** RIVER *** [3c 5h 8h 6d] [7h]
lucifergaia: checks 
gio119: bets $0.14
agustin10442: folds 
lucifergaia: folds [4d]
Uncalled bet ($0.14) returned to gio119
gio119 collected $0.14 from pot
gio119: doesn't show hand 
*** SUMMARY ***
Total pot $0.15 | Rake $0.01 
Board [3c 5h 8h 6d 7h]
Seat 1: agustin10442 folded on the River
Seat 2: vladimir5421 folded before Flop (didn't bet)
Seat 3: javir folded before Flop (didn't bet)
Seat 4: enixblr folded before Flop (didn't bet)
Seat 5: Dorex2007 folded before Flop (didn't bet)
Seat 6: Ruan metal folded before Flop (didn't bet)
Seat 7: BauMolAin_420 (button) folded before Flop (didn't bet)
Seat 8: lucifergaia (small blind) folded on the River
Seat 9: gio119 (big blind) collected ($0.14)



PokerStars Hand #238361665693:  Hold'em No Limit ($0.02/$0.05 USD) - 2022/09/01 21:25:10 PT [2022/09/02 0:25:10 ET]
Table 'China II' 9-max Seat #8 is the button
Seat 1: agustin10442 ($1.64 in chips) 
Seat 2: vladimir5421 ($5.35 in chips) 
Seat 3: javir ($5.32 in chips) 
Seat 4: enixblr ($9.47 in chips) 
Seat 5: Dorex2007 ($5.32 in chips) 
Seat 6: Ruan metal ($7.23 in chips) 
Seat 7: BauMolAin_420 ($1.93 in chips) 
Seat 8: lucifergaia ($7 in chips) 
Seat 9: gio119 ($4.09 in chips) 
gio119: posts small blind $0.02
agustin10442: posts big blind $0.05
*** HOLE CARDS ***
Dealt to Dorex2007 [Qc 9d]
vladimir5421: folds 
javir: folds 
enixblr: folds 
Dorex2007: folds 
Ruan metal: folds 
BauMolAin_420: calls $0.05
lucifergaia: folds 
gio119: calls $0.03
agustin10442: checks 
*** FLOP *** [Jc 2d 7c]
gio119: checks 
agustin10442: checks 
BauMolAin_420: checks 
*** TURN *** [Jc 2d 7c] [6s]
gio119: checks 
agustin10442: checks 
BauMolAin_420: checks 
*** RIVER *** [Jc 2d 7c 6s] [2c]
gio119: checks 
agustin10442: checks 
BauMolAin_420: checks 
*** SHOW DOWN ***
gio119: shows [Kc Qd] (a pair of Deuces)
agustin10442: mucks hand 
BauMolAin_420: mucks hand 
gio119 collected $0.14 from pot
*** SUMMARY ***
Total pot $0.15 | Rake $0.01 
Board [Jc 2d 7c 6s 2c]
Seat 1: agustin10442 (big blind) mucked [Kd 9h]
Seat 2: vladimir5421 folded before Flop (didn't bet)
Seat 3: javir folded before Flop (didn't bet)
Seat 4: enixblr folded before Flop (didn't bet)
Seat 5: Dorex2007 folded before Flop (didn't bet)
Seat 6: Ruan metal folded before Flop (didn't bet)
Seat 7: BauMolAin_420 mucked [Ts Ks]
Seat 8: lucifergaia (button) folded before Flop (didn't bet)
Seat 9: gio119 (small blind) showed [Kc Qd] and won ($0.14) with a pair of Deuces



PokerStars Hand #238361672463:  Hold'em No Limit ($0.02/$0.05 USD) - 2022/09/01 21:26:05 PT [2022/09/02 0:26:05 ET]
Table 'China II' 9-max Seat #9 is the button
Seat 1: agustin10442 ($1.59 in chips) 
Seat 2: vladimir5421 ($5.35 in chips) 
Seat 3: javir ($5.32 in chips) 
Seat 4: enixblr ($9.47 in chips) 
Seat 5: Dorex2007 ($5.32 in chips) 
Seat 6: Ruan metal ($7.23 in chips) 
Seat 7: BauMolAin_420 ($1.88 in chips) 
Seat 8: lucifergaia ($7 in chips) 
Seat 9: gio119 ($4.18 in chips) 
agustin10442: posts small blind $0.02
vladimir5421: posts big blind $0.05
*** HOLE CARDS ***
Dealt to Dorex2007 [8s 6s]
javir: folds 
enixblr: folds 
Dorex2007: folds 
Ruan metal: folds 
BauMolAin_420: folds 
lucifergaia: folds 
gio119: calls $0.05
agustin10442: folds 
vladimir5421: checks 
*** FLOP *** [Ac 8c 7d]
vladimir5421: checks 
gio119: bets $0.12
vladimir5421: folds 
Uncalled bet ($0.12) returned to gio119
gio119 collected $0.12 from pot
gio119: doesn't show hand 
*** SUMMARY ***
Total pot $0.12 | Rake $0 
Board [Ac 8c 7d]
Seat 1: agustin10442 (small blind) folded before Flop
Seat 2: vladimir5421 (big blind) folded on the Flop
Seat 3: javir folded before Flop (didn't bet)
Seat 4: enixblr folded before Flop (didn't bet)
Seat 5: Dorex2007 folded before Flop (didn't bet)
Seat 6: Ruan metal folded before Flop (didn't bet)
Seat 7: BauMolAin_420 folded before Flop (didn't bet)
Seat 8: lucifergaia folded before Flop (didn't bet)
Seat 9: gio119 (button) collected ($0.12)



PokerStars Hand #238361678198:  Hold'em No Limit ($0.02/$0.05 USD) - 2022/09/01 21:26:52 PT [2022/09/02 0:26:52 ET]
Table 'China II' 9-max Seat #1 is the button
Seat 1: agustin10442 ($1.57 in chips) 
Seat 2: vladimir5421 ($5.30 in chips) 
Seat 3: javir ($5.32 in chips) 
Seat 4: enixblr ($9.47 in chips) 
Seat 5: Dorex2007 ($5.32 in chips) 
Seat 6: Ruan metal ($7.23 in chips) 
Seat 7: BauMolAin_420 ($1.88 in chips) 
Seat 8: lucifergaia ($7 in chips) 
Seat 9: gio119 ($4.25 in chips) 
vladimir5421: posts small blind $0.02
javir: posts big blind $0.05
*** HOLE CARDS ***
Dealt to Dorex2007 [2h 5c]
enixblr: folds 
Dorex2007: folds 
Ruan metal: raises $0.12 to $0.17
BauMolAin_420: folds 
lucifergaia: folds 
gio119: folds 
agustin10442: calls $0.17
BauMolAin_420 leaves the table
vladimir5421 has timed out
vladimir5421: folds 
javir: folds 
*** FLOP *** [Kd 7c Qc]
Ruan metal: bets $0.20
pgremio joins the table at seat #7 
agustin10442: calls $0.20
*** TURN *** [Kd 7c Qc] [5d]
Ruan metal: bets $0.39
agustin10442: calls $0.39
*** RIVER *** [Kd 7c Qc 5d] [3s]
Ruan metal: bets $6.47 and is all-in
agustin10442: folds 
Uncalled bet ($6.47) returned to Ruan metal
Ruan metal collected $1.52 from pot
Ruan metal: doesn't show hand 
*** SUMMARY ***
Total pot $1.59 | Rake $0.07 
Board [Kd 7c Qc 5d 3s]
Seat 1: agustin10442 (button) folded on the River
Seat 2: vladimir5421 (small blind) folded before Flop
Seat 3: javir (big blind) folded before Flop
Seat 4: enixblr folded before Flop (didn't bet)
Seat 5: Dorex2007 folded before Flop (didn't bet)
Seat 6: Ruan metal collected ($1.52)
Seat 7: BauMolAin_420 folded before Flop (didn't bet)
Seat 8: lucifergaia folded before Flop (didn't bet)
Seat 9: gio119 folded before Flop (didn't bet)



PokerStars Hand #238361692207:  Hold'em No Limit ($0.02/$0.05 USD) - 2022/09/01 21:28:47 PT [2022/09/02 0:28:47 ET]
Table 'China II' 9-max Seat #2 is the button
Seat 1: agustin10442 ($0.81 in chips) 
Seat 2: vladimir5421 ($5.28 in chips) 
Seat 3: javir ($5.27 in chips) 
Seat 4: enixblr ($9.47 in chips) 
Seat 5: Dorex2007 ($5.32 in chips) 
Seat 6: Ruan metal ($7.99 in chips) 
Seat 8: lucifergaia ($7 in chips) 
Seat 9: gio119 ($4.25 in chips) 
javir: posts small blind $0.02
enixblr: posts big blind $0.05
pgremio: sits out 
*** HOLE CARDS ***
Dealt to Dorex2007 [3h 7c]
Dorex2007: folds 
Ruan metal: folds 
lucifergaia: folds 
gio119 has timed out
gio119: folds 
agustin10442: folds 
vladimir5421: folds 
javir: folds 
Uncalled bet ($0.03) returned to enixblr
enixblr collected $0.04 from pot
enixblr: doesn't show hand 
*** SUMMARY ***
Total pot $0.04 | Rake $0 
Seat 1: agustin10442 folded before Flop (didn't bet)
Seat 2: vladimir5421 (button) folded before Flop (didn't bet)
Seat 3: javir (small blind) folded before Flop
Seat 4: enixblr (big blind) collected ($0.04)
Seat 5: Dorex2007 folded before Flop (didn't bet)
Seat 6: Ruan metal folded before Flop (didn't bet)
Seat 8: lucifergaia folded before Flop (didn't bet)
Seat 9: gio119 folded before Flop (didn't bet)



PokerStars Hand #238361695328:  Hold'em No Limit ($0.02/$0.05 USD) - 2022/09/01 21:29:12 PT [2022/09/02 0:29:12 ET]
Table 'China II' 9-max Seat #3 is the button
Seat 1: agustin10442 ($0.81 in chips) 
Seat 2: vladimir5421 ($5.28 in chips) 
Seat 3: javir ($5.25 in chips) 
Seat 4: enixblr ($9.49 in chips) 
Seat 5: Dorex2007 ($5.32 in chips) 
Seat 6: Ruan metal ($7.99 in chips) 
Seat 8: lucifergaia ($7 in chips) 
enixblr: posts small blind $0.02
Dorex2007: posts big blind $0.05
pgremio: sits out 
*** HOLE CARDS ***
Dealt to Dorex2007 [9h 9s]
Ruan metal: folds 
lucifergaia: folds 
agustin10442: folds 
vladimir5421: raises $0.10 to $0.15
javir: folds 
enixblr: raises $0.35 to $0.50
Dorex2007: folds 
vladimir5421: folds 
Uncalled bet ($0.35) returned to enixblr
enixblr collected $0.35 from pot
enixblr: doesn't show hand 
*** SUMMARY ***
Total pot $0.35 | Rake $0 
Seat 1: agustin10442 folded before Flop (didn't bet)
Seat 2: vladimir5421 folded before Flop
Seat 3: javir (button) folded before Flop (didn't bet)
Seat 4: enixblr (small blind) collected ($0.35)
Seat 5: Dorex2007 (big blind) folded before Flop
Seat 6: Ruan metal folded before Flop (didn't bet)
Seat 8: lucifergaia folded before Flop (didn't bet)



PokerStars Hand #238361699442:  Hold'em No Limit ($0.02/$0.05 USD) - 2022/09/01 21:29:46 PT [2022/09/02 0:29:46 ET]
Table 'China II' 9-max Seat #4 is the button
Seat 1: agustin10442 ($0.81 in chips) 
Seat 2: vladimir5421 ($5.13 in chips) 
Seat 3: javir ($5.25 in chips) 
Seat 4: enixblr ($9.69 in chips) 
Seat 5: Dorex2007 ($5.27 in chips) 
Seat 6: Ruan metal ($7.99 in chips) 
Seat 8: lucifergaia ($7 in chips) 
Dorex2007: posts small blind $0.02
Ruan metal: posts big blind $0.05
pgremio: sits out 
*** HOLE CARDS ***
Dealt to Dorex2007 [As 3s]
lucifergaia: folds 
agustin10442: folds 
vladimir5421: folds 
javir: raises $0.10 to $0.15
enixblr: raises $0.30 to $0.45
Dorex2007: folds 
Ruan metal: folds 
javir: raises $4.80 to $5.25 and is all-in
enixblr: folds 
Uncalled bet ($4.80) returned to javir
javir collected $0.97 from pot
javir: doesn't show hand 
*** SUMMARY ***
Total pot $0.97 | Rake $0 
Seat 1: agustin10442 folded before Flop (didn't bet)
Seat 2: vladimir5421 folded before Flop (didn't bet)
Seat 3: javir collected ($0.97)
Seat 4: enixblr (button) folded before Flop
Seat 5: Dorex2007 (small blind) folded before Flop
Seat 6: Ruan metal (big blind) folded before Flop
Seat 8: lucifergaia folded before Flop (didn't bet)



PokerStars Hand #238361703267:  Hold'em No Limit ($0.02/$0.05 USD) - 2022/09/01 21:30:17 PT [2022/09/02 0:30:17 ET]
Table 'China II' 9-max Seat #5 is the button
Seat 1: agustin10442 ($0.81 in chips) 
Seat 2: vladimir5421 ($5.13 in chips) 
Seat 3: javir ($5.77 in chips) 
Seat 4: enixblr ($9.24 in chips) 
Seat 5: Dorex2007 ($5.25 in chips) 
Seat 6: Ruan metal ($7.94 in chips) 
Seat 7: pgremio ($5 in chips) 
Seat 8: lucifergaia ($7 in chips) 
Ruan metal: posts small blind $0.02
pgremio: posts big blind $0.05
*** HOLE CARDS ***
Dealt to Dorex2007 [6c 4s]
lucifergaia: folds 
agustin10442: calls $0.05
vladimir5421: folds 
javir: calls $0.05
enixblr: folds 
Dorex2007: folds 
Ruan metal: calls $0.03
pgremio: checks 
*** FLOP *** [4d 5c 8d]
Ruan metal: checks 
pgremio: checks 
agustin10442: bets $0.76 and is all-in
javir: folds 
Ruan metal: folds 
pgremio: folds 
Uncalled bet ($0.76) returned to agustin10442
agustin10442 collected $0.19 from pot
*** SUMMARY ***
Total pot $0.20 | Rake $0.01 
Board [4d 5c 8d]
Seat 1: agustin10442 collected ($0.19)
Seat 2: vladimir5421 folded before Flop (didn't bet)
Seat 3: javir folded on the Flop
Seat 4: enixblr folded before Flop (didn't bet)
Seat 5: Dorex2007 (button) folded before Flop (didn't bet)
Seat 6: Ruan metal (small blind) folded on the Flop
Seat 7: pgremio (big blind) folded on the Flop
Seat 8: lucifergaia folded before Flop (didn't bet)



PokerStars Hand #238361709410:  Hold'em No Limit ($0.02/$0.05 USD) - 2022/09/01 21:31:08 PT [2022/09/02 0:31:08 ET]
Table 'China II' 9-max Seat #6 is the button
Seat 1: agustin10442 ($0.95 in chips) 
Seat 2: vladimir5421 ($5.13 in chips) 
Seat 3: javir ($5.72 in chips) 
Seat 4: enixblr ($9.24 in chips) 
Seat 5: Dorex2007 ($5.25 in chips) 
Seat 6: Ruan metal ($7.89 in chips) 
Seat 7: pgremio ($4.95 in chips) 
Seat 8: lucifergaia ($7 in chips) 
pgremio: posts small blind $0.02
lucifergaia: posts big blind $0.05
*** HOLE CARDS ***
Dealt to Dorex2007 [Qs 4d]
agustin10442: folds 
vladimir5421: folds 
javir: folds 
enixblr: folds 
Dorex2007: folds 
Ruan metal: folds 
pgremio: raises $0.12 to $0.17
lucifergaia: folds 
Uncalled bet ($0.12) returned to pgremio
pgremio collected $0.10 from pot
pgremio: doesn't show hand 
*** SUMMARY ***
Total pot $0.10 | Rake $0 
Seat 1: agustin10442 folded before Flop (didn't bet)
Seat 2: vladimir5421 folded before Flop (didn't bet)
Seat 3: javir folded before Flop (didn't bet)
Seat 4: enixblr folded before Flop (didn't bet)
Seat 5: Dorex2007 folded before Flop (didn't bet)
Seat 6: Ruan metal (button) folded before Flop (didn't bet)
Seat 7: pgremio (small blind) collected ($0.10)
Seat 8: lucifergaia (big blind) folded before Flop



PokerStars Hand #238361712501:  Hold'em No Limit ($0.02/$0.05 USD) - 2022/09/01 21:31:33 PT [2022/09/02 0:31:33 ET]
Table 'China II' 9-max Seat #7 is the button
Seat 1: agustin10442 ($0.95 in chips) 
Seat 2: vladimir5421 ($5.13 in chips) 
Seat 3: javir ($5.72 in chips) 
Seat 4: enixblr ($9.24 in chips) 
Seat 5: Dorex2007 ($5.25 in chips) 
Seat 6: Ruan metal ($7.89 in chips) 
Seat 7: pgremio ($5 in chips) 
Seat 8: lucifergaia ($6.95 in chips) 
lucifergaia: posts small blind $0.02
agustin10442: posts big blind $0.05
*** HOLE CARDS ***
Dealt to Dorex2007 [9d 6h]
vladimir5421: folds 
javir: raises $0.10 to $0.15
enixblr: folds 
Dorex2007: folds 
Ruan metal: folds 
pgremio: folds 
lucifergaia: folds 
agustin10442: calls $0.10
*** FLOP *** [Qd 7d 4s]
agustin10442: checks 
javir: bets $0.15
agustin10442: folds 
Uncalled bet ($0.15) returned to javir
javir collected $0.31 from pot
javir: doesn't show hand 
*** SUMMARY ***
Total pot $0.32 | Rake $0.01 
Board [Qd 7d 4s]
Seat 1: agustin10442 (big blind) folded on the Flop
Seat 2: vladimir5421 folded before Flop (didn't bet)
Seat 3: javir collected ($0.31)
Seat 4: enixblr folded before Flop (didn't bet)
Seat 5: Dorex2007 folded before Flop (didn't bet)
Seat 6: Ruan metal folded before Flop (didn't bet)
Seat 7: pgremio (button) folded before Flop (didn't bet)
Seat 8: lucifergaia (small blind) folded before Flop



PokerStars Hand #238361717823:  Hold'em No Limit ($0.02/$0.05 USD) - 2022/09/01 21:32:16 PT [2022/09/02 0:32:16 ET]
Table 'China II' 9-max Seat #8 is the button
Seat 1: agustin10442 ($0.80 in chips) 
Seat 2: vladimir5421 ($5.13 in chips) 
Seat 3: javir ($5.88 in chips) 
Seat 4: enixblr ($9.24 in chips) 
Seat 5: Dorex2007 ($5.25 in chips) 
Seat 6: Ruan metal ($7.89 in chips) 
Seat 7: pgremio ($5 in chips) 
Seat 8: lucifergaia ($6.93 in chips) 
agustin10442: posts small blind $0.02
vladimir5421: posts big blind $0.05
*** HOLE CARDS ***
Dealt to Dorex2007 [6d 5h]
javir: folds 
enixblr: folds 
Dorex2007: folds 
Ruan metal: folds 
pgremio: folds 
lucifergaia: raises $0.12 to $0.17
agustin10442: raises $0.63 to $0.80 and is all-in
vladimir5421: folds 
lucifergaia: folds 
Uncalled bet ($0.63) returned to agustin10442
agustin10442 collected $0.39 from pot
*** SUMMARY ***
Total pot $0.39 | Rake $0 
Seat 1: agustin10442 (small blind) collected ($0.39)
Seat 2: vladimir5421 (big blind) folded before Flop
Seat 3: javir folded before Flop (didn't bet)
Seat 4: enixblr folded before Flop (didn't bet)
Seat 5: Dorex2007 folded before Flop (didn't bet)
Seat 6: Ruan metal folded before Flop (didn't bet)
Seat 7: pgremio folded before Flop (didn't bet)
Seat 8: lucifergaia (button) folded before Flop



PokerStars Hand #238361722477:  Hold'em No Limit ($0.02/$0.05 USD) - 2022/09/01 21:32:54 PT [2022/09/02 0:32:54 ET]
Table 'China II' 9-max Seat #1 is the button
Seat 1: agustin10442 ($1.02 in chips) 
Seat 2: vladimir5421 ($5.08 in chips) 
Seat 3: javir ($5.88 in chips) 
Seat 4: enixblr ($9.24 in chips) 
Seat 5: Dorex2007 ($5.25 in chips) 
Seat 6: Ruan metal ($7.89 in chips) 
Seat 7: pgremio ($5 in chips) 
Seat 8: lucifergaia ($6.76 in chips) 
vladimir5421: posts small blind $0.02
javir: posts big blind $0.05
*** HOLE CARDS ***
Dealt to Dorex2007 [8d 3c]
enixblr: folds 
Dorex2007: folds 
Ruan metal: folds 
pgremio: folds 
lucifergaia: folds 
agustin10442: calls $0.05
vladimir5421: folds 
javir: checks 
*** FLOP *** [7h 9s 6s]
javir: bets $0.12
agustin10442: folds 
Uncalled bet ($0.12) returned to javir
javir collected $0.12 from pot
javir: doesn't show hand 
*** SUMMARY ***
Total pot $0.12 | Rake $0 
Board [7h 9s 6s]
Seat 1: agustin10442 (button) folded on the Flop
Seat 2: vladimir5421 (small blind) folded before Flop
Seat 3: javir (big blind) collected ($0.12)
Seat 4: enixblr folded before Flop (didn't bet)
Seat 5: Dorex2007 folded before Flop (didn't bet)
Seat 6: Ruan metal folded before Flop (didn't bet)
Seat 7: pgremio folded before Flop (didn't bet)
Seat 8: lucifergaia folded before Flop (didn't bet)



PokerStars Hand #238361726691:  Hold'em No Limit ($0.02/$0.05 USD) - 2022/09/01 21:33:28 PT [2022/09/02 0:33:28 ET]
Table 'China II' 9-max Seat #2 is the button
Seat 1: agustin10442 ($0.97 in chips) 
Seat 2: vladimir5421 ($5.06 in chips) 
Seat 3: javir ($5.95 in chips) 
Seat 4: enixblr ($9.24 in chips) 
Seat 5: Dorex2007 ($5.25 in chips) 
Seat 6: Ruan metal ($7.89 in chips) 
Seat 7: pgremio ($5 in chips) 
Seat 8: lucifergaia ($6.76 in chips) 
javir: posts small blind $0.02
enixblr: posts big blind $0.05
*** HOLE CARDS ***
Dealt to Dorex2007 [7h 7c]
Dorex2007: folds 
Ruan metal: raises $0.10 to $0.15
pgremio: folds 
lucifergaia: folds 
agustin10442: raises $0.82 to $0.97 and is all-in
vladimir5421: folds 
javir: folds 
enixblr: folds 
Ruan metal: folds 
Uncalled bet ($0.82) returned to agustin10442
agustin10442 collected $0.37 from pot
*** SUMMARY ***
Total pot $0.37 | Rake $0 
Seat 1: agustin10442 collected ($0.37)
Seat 2: vladimir5421 (button) folded before Flop (didn't bet)
Seat 3: javir (small blind) folded before Flop
Seat 4: enixblr (big blind) folded before Flop
Seat 5: Dorex2007 folded before Flop (didn't bet)
Seat 6: Ruan metal folded before Flop
Seat 7: pgremio folded before Flop (didn't bet)
Seat 8: lucifergaia folded before Flop (didn't bet)



PokerStars Hand #238361732031:  Hold'em No Limit ($0.02/$0.05 USD) - 2022/09/01 21:34:12 PT [2022/09/02 0:34:12 ET]
Table 'China II' 9-max Seat #3 is the button
Seat 1: agustin10442 ($1.19 in chips) 
Seat 2: vladimir5421 ($5.06 in chips) 
Seat 3: javir ($5.93 in chips) 
Seat 4: enixblr ($9.19 in chips) 
Seat 5: Dorex2007 ($5.25 in chips) 
Seat 6: Ruan metal ($7.74 in chips) 
Seat 7: pgremio ($5 in chips) 
Seat 8: lucifergaia ($6.76 in chips) 
enixblr: posts small blind $0.02
Dorex2007: posts big blind $0.05
*** HOLE CARDS ***
Dealt to Dorex2007 [Kc 5h]
Ruan metal: folds 
pgremio: folds 
lucifergaia: folds 
agustin10442: calls $0.05
vladimir5421: folds 
javir: folds 
enixblr: folds 
Dorex2007: checks 
*** FLOP *** [Ad Td Tc]
Dorex2007: checks 
agustin10442: bets $0.05
Dorex2007: folds 
Uncalled bet ($0.05) returned to agustin10442
agustin10442 collected $0.12 from pot
*** SUMMARY ***
Total pot $0.12 | Rake $0 
Board [Ad Td Tc]
Seat 1: agustin10442 collected ($0.12)
Seat 2: vladimir5421 folded before Flop (didn't bet)
Seat 3: javir (button) folded before Flop (didn't bet)
Seat 4: enixblr (small blind) folded before Flop
Seat 5: Dorex2007 (big blind) folded on the Flop
Seat 6: Ruan metal folded before Flop (didn't bet)
Seat 7: pgremio folded before Flop (didn't bet)
Seat 8: lucifergaia folded before Flop (didn't bet)



PokerStars Hand #238361736849:  Hold'em No Limit ($0.02/$0.05 USD) - 2022/09/01 21:34:51 PT [2022/09/02 0:34:51 ET]
Table 'China II' 9-max Seat #4 is the button
Seat 1: agustin10442 ($1.26 in chips) 
Seat 2: vladimir5421 ($5.06 in chips) 
Seat 3: javir ($5.93 in chips) 
Seat 4: enixblr ($9.17 in chips) 
Seat 5: Dorex2007 ($5.20 in chips) 
Seat 6: Ruan metal ($7.74 in chips) 
Seat 7: pgremio ($5 in chips) 
Seat 8: lucifergaia ($6.76 in chips) 
Dorex2007: posts small blind $0.02
Ruan metal: posts big blind $0.05
*** HOLE CARDS ***
Dealt to Dorex2007 [4h 9c]
pgremio: raises $0.06 to $0.11
lucifergaia: folds 
agustin10442: folds 
vladimir5421: folds 
javir: calls $0.11
enixblr: calls $0.11
Dorex2007: folds 
Ruan metal: calls $0.06
*** FLOP *** [Ad Kd Kh]
Ruan metal: checks 
pgremio: checks 
javir: checks 
enixblr: bets $0.33
Ruan metal: folds 
pgremio: calls $0.33
javir: calls $0.33
*** TURN *** [Ad Kd Kh] [2c]
pgremio: checks 
javir: checks 
enixblr: checks 
*** RIVER *** [Ad Kd Kh 2c] [6c]
pgremio: bets $1.04
javir: calls $1.04
enixblr: folds 
*** SHOW DOWN ***
pgremio: shows [Ks Kc] (four of a kind, Kings)
javir: mucks hand 
pgremio collected $3.38 from pot
*** SUMMARY ***
Total pot $3.53 | Rake $0.15 
Board [Ad Kd Kh 2c 6c]
Seat 1: agustin10442 folded before Flop (didn't bet)
Seat 2: vladimir5421 folded before Flop (didn't bet)
Seat 3: javir mucked [Ts As]
Seat 4: enixblr (button) folded on the River
Seat 5: Dorex2007 (small blind) folded before Flop
Seat 6: Ruan metal (big blind) folded on the Flop
Seat 7: pgremio showed [Ks Kc] and won ($3.38) with four of a kind, Kings
Seat 8: lucifergaia folded before Flop (didn't bet)



PokerStars Hand #238361744823:  Hold'em No Limit ($0.02/$0.05 USD) - 2022/09/01 21:35:57 PT [2022/09/02 0:35:57 ET]
Table 'China II' 9-max Seat #5 is the button
Seat 1: agustin10442 ($1.26 in chips) 
Seat 2: vladimir5421 ($5.06 in chips) 
Seat 3: javir ($4.45 in chips) 
Seat 4: enixblr ($8.73 in chips) 
Seat 5: Dorex2007 ($5.18 in chips) 
Seat 6: Ruan metal ($7.63 in chips) 
Seat 7: pgremio ($6.90 in chips) 
Seat 8: lucifergaia ($6.76 in chips) 
Ruan metal: posts small blind $0.02
pgremio: posts big blind $0.05
*** HOLE CARDS ***
Dealt to Dorex2007 [4s Th]
lucifergaia: folds 
agustin10442: calls $0.05
vladimir5421: folds 
javir: calls $0.05
enixblr: folds 
Dorex2007: folds 
Ruan metal: folds 
pgremio: checks 
*** FLOP *** [6c Qc Qh]
pgremio: checks 
agustin10442: bets $0.05
javir: raises $0.13 to $0.18
pgremio: folds 
agustin10442: calls $0.13
*** TURN *** [6c Qc Qh] [6d]
agustin10442: checks 
javir: bets $0.38
agustin10442: folds 
Uncalled bet ($0.38) returned to javir
javir collected $0.51 from pot
javir: doesn't show hand 
*** SUMMARY ***
Total pot $0.53 | Rake $0.02 
Board [6c Qc Qh 6d]
Seat 1: agustin10442 folded on the Turn
Seat 2: vladimir5421 folded before Flop (didn't bet)
Seat 3: javir collected ($0.51)
Seat 4: enixblr folded before Flop (didn't bet)
Seat 5: Dorex2007 (button) folded before Flop (didn't bet)
Seat 6: Ruan metal (small blind) folded before Flop
Seat 7: pgremio (big blind) folded on the Flop
Seat 8: lucifergaia folded before Flop (didn't bet)



PokerStars Hand #238361753045:  Hold'em No Limit ($0.02/$0.05 USD) - 2022/09/01 21:37:04 PT [2022/09/02 0:37:04 ET]
Table 'China II' 9-max Seat #6 is the button
Seat 1: agustin10442 ($1.03 in chips) 
Seat 2: vladimir5421 ($5.06 in chips) 
Seat 3: javir ($4.73 in chips) 
Seat 4: enixblr ($8.73 in chips) 
Seat 5: Dorex2007 ($5.18 in chips) 
Seat 6: Ruan metal ($7.61 in chips) 
Seat 7: pgremio ($6.85 in chips) 
Seat 8: lucifergaia ($6.76 in chips) 
pgremio: posts small blind $0.02
lucifergaia: posts big blind $0.05
*** HOLE CARDS ***
Dealt to Dorex2007 [Kd Kh]
agustin10442: folds 
vladimir5421: raises $0.10 to $0.15
javir: folds 
enixblr: folds 
Dorex2007: raises $0.20 to $0.35
Ruan metal: folds 
pgremio: folds 
lucifergaia: folds 
vladimir5421: calls $0.20
*** FLOP *** [7c 8c Kc]
vladimir5421: checks 
Dorex2007: bets $4.83 and is all-in
vladimir5421: folds 
Uncalled bet ($4.83) returned to Dorex2007
Dorex2007 collected $0.74 from pot
Dorex2007: doesn't show hand 
*** SUMMARY ***
Total pot $0.77 | Rake $0.03 
Board [7c 8c Kc]
Seat 1: agustin10442 folded before Flop (didn't bet)
Seat 2: vladimir5421 folded on the Flop
Seat 3: javir folded before Flop (didn't bet)
Seat 4: enixblr folded before Flop (didn't bet)
Seat 5: Dorex2007 collected ($0.74)
Seat 6: Ruan metal (button) folded before Flop (didn't bet)
Seat 7: pgremio (small blind) folded before Flop
Seat 8: lucifergaia (big blind) folded before Flop



PokerStars Hand #238361760013:  Hold'em No Limit ($0.02/$0.05 USD) - 2022/09/01 21:38:02 PT [2022/09/02 0:38:02 ET]
Table 'China II' 9-max Seat #7 is the button
Seat 1: agustin10442 ($1.03 in chips) 
Seat 2: vladimir5421 ($5 in chips) 
Seat 3: javir ($4.73 in chips) 
Seat 4: enixblr ($8.73 in chips) 
Seat 5: Dorex2007 ($5.57 in chips) 
Seat 6: Ruan metal ($7.61 in chips) 
Seat 7: pgremio ($6.83 in chips) 
Seat 8: lucifergaia ($6.71 in chips) 
lucifergaia: posts small blind $0.02
agustin10442: posts big blind $0.05
*** HOLE CARDS ***
Dealt to Dorex2007 [2h 4s]
vladimir5421: folds 
javir: folds 
enixblr: folds 
Dorex2007: folds 
Ruan metal: folds 
pgremio: folds 
lucifergaia: folds 
Uncalled bet ($0.03) returned to agustin10442
agustin10442 collected $0.04 from pot
*** SUMMARY ***
Total pot $0.04 | Rake $0 
Seat 1: agustin10442 (big blind) collected ($0.04)
Seat 2: vladimir5421 folded before Flop (didn't bet)
Seat 3: javir folded before Flop (didn't bet)
Seat 4: enixblr folded before Flop (didn't bet)
Seat 5: Dorex2007 folded before Flop (didn't bet)
Seat 6: Ruan metal folded before Flop (didn't bet)
Seat 7: pgremio (button) folded before Flop (didn't bet)
Seat 8: lucifergaia (small blind) folded before Flop



PokerStars Hand #238361762559:  Hold'em No Limit ($0.02/$0.05 USD) - 2022/09/01 21:38:23 PT [2022/09/02 0:38:23 ET]
Table 'China II' 9-max Seat #8 is the button
Seat 1: agustin10442 ($1.05 in chips) 
Seat 2: vladimir5421 ($5 in chips) 
Seat 3: javir ($4.73 in chips) 
Seat 4: enixblr ($8.73 in chips) 
Seat 5: Dorex2007 ($5.57 in chips) 
Seat 6: Ruan metal ($7.61 in chips) 
Seat 7: pgremio ($6.83 in chips) 
Seat 8: lucifergaia ($6.69 in chips) 
agustin10442: posts small blind $0.02
vladimir5421: posts big blind $0.05
*** HOLE CARDS ***
Dealt to Dorex2007 [6h 7c]
javir: folds 
enixblr: folds 
Dorex2007: folds 
Ruan metal: folds 
pgremio: raises $0.05 to $0.10
lucifergaia: folds 
agustin10442: calls $0.08
vladimir5421: calls $0.05
*** FLOP *** [Qh 9s Th]
agustin10442: checks 
vladimir5421: checks 
pgremio: bets $0.09
agustin10442: folds 
vladimir5421: folds 
Uncalled bet ($0.09) returned to pgremio
pgremio collected $0.29 from pot
pgremio: doesn't show hand 
*** SUMMARY ***
Total pot $0.30 | Rake $0.01 
Board [Qh 9s Th]
Seat 1: agustin10442 (small blind) folded on the Flop
Seat 2: vladimir5421 (big blind) folded on the Flop
Seat 3: javir folded before Flop (didn't bet)
Seat 4: enixblr folded before Flop (didn't bet)
Seat 5: Dorex2007 folded before Flop (didn't bet)
Seat 6: Ruan metal folded before Flop (didn't bet)
Seat 7: pgremio collected ($0.29)
Seat 8: lucifergaia (button) folded before Flop (didn't bet)



PokerStars Hand #238361767033:  Hold'em No Limit ($0.02/$0.05 USD) - 2022/09/01 21:39:00 PT [2022/09/02 0:39:00 ET]
Table 'China II' 9-max Seat #1 is the button
Seat 1: agustin10442 ($0.95 in chips) 
Seat 2: vladimir5421 ($5 in chips) 
Seat 3: javir ($4.73 in chips) 
Seat 4: enixblr ($8.73 in chips) 
Seat 5: Dorex2007 ($5.57 in chips) 
Seat 6: Ruan metal ($7.61 in chips) 
Seat 7: pgremio ($7.02 in chips) 
Seat 8: lucifergaia ($6.69 in chips) 
vladimir5421: posts small blind $0.02
javir: posts big blind $0.05
*** HOLE CARDS ***
Dealt to Dorex2007 [7h Tc]
enixblr: raises $0.07 to $0.12
Dorex2007: folds 
Ruan metal: folds 
pgremio: folds 
lucifergaia: folds 
agustin10442: folds 
vladimir5421: folds 
javir: folds 
Uncalled bet ($0.07) returned to enixblr
enixblr collected $0.12 from pot
enixblr: doesn't show hand 
*** SUMMARY ***
Total pot $0.12 | Rake $0 
Seat 1: agustin10442 (button) folded before Flop (didn't bet)
Seat 2: vladimir5421 (small blind) folded before Flop
Seat 3: javir (big blind) folded before Flop
Seat 4: enixblr collected ($0.12)
Seat 5: Dorex2007 folded before Flop (didn't bet)
Seat 6: Ruan metal folded before Flop (didn't bet)
Seat 7: pgremio folded before Flop (didn't bet)
Seat 8: lucifergaia folded before Flop (didn't bet)



PokerStars Hand #238361769568:  Hold'em No Limit ($0.02/$0.05 USD) - 2022/09/01 21:39:21 PT [2022/09/02 0:39:21 ET]
Table 'China II' 9-max Seat #2 is the button
Seat 1: agustin10442 ($0.95 in chips) 
Seat 2: vladimir5421 ($5 in chips) 
Seat 3: javir ($4.68 in chips) 
Seat 4: enixblr ($8.80 in chips) 
Seat 5: Dorex2007 ($5.57 in chips) 
Seat 6: Ruan metal ($7.61 in chips) 
Seat 7: pgremio ($7.02 in chips) 
Seat 8: lucifergaia ($6.69 in chips) 
javir: posts small blind $0.02
enixblr: posts big blind $0.05
*** HOLE CARDS ***
Dealt to Dorex2007 [Ad Th]
Dorex2007: calls $0.05
Ruan metal: folds 
pgremio: folds 
lucifergaia: raises $0.17 to $0.22
agustin10442: folds 
vladimir5421: calls $0.22
javir: folds 
enixblr: folds 
Dorex2007: folds 
*** FLOP *** [5h 2s 6s]
lucifergaia: checks 
vladimir5421: checks 
*** TURN *** [5h 2s 6s] [Jc]
lucifergaia: checks 
vladimir5421: checks 
*** RIVER *** [5h 2s 6s Jc] [Td]
lucifergaia: checks 
vladimir5421: checks 
*** SHOW DOWN ***
lucifergaia: shows [Qd Ac] (high card Ace)
vladimir5421: shows [Kc Ah] (high card Ace - King kicker)
vladimir5421 collected $0.54 from pot
*** SUMMARY ***
Total pot $0.56 | Rake $0.02 
Board [5h 2s 6s Jc Td]
Seat 1: agustin10442 folded before Flop (didn't bet)
Seat 2: vladimir5421 (button) showed [Kc Ah] and won ($0.54) with high card Ace
Seat 3: javir (small blind) folded before Flop
Seat 4: enixblr (big blind) folded before Flop
Seat 5: Dorex2007 folded before Flop
Seat 6: Ruan metal folded before Flop (didn't bet)
Seat 7: pgremio folded before Flop (didn't bet)
Seat 8: lucifergaia showed [Qd Ac] and lost with high card Ace



PokerStars Hand #238361774526:  Hold'em No Limit ($0.02/$0.05 USD) - 2022/09/01 21:40:03 PT [2022/09/02 0:40:03 ET]
Table 'China II' 9-max Seat #3 is the button
Seat 1: agustin10442 ($0.95 in chips) 
Seat 2: vladimir5421 ($5.32 in chips) 
Seat 3: javir ($4.66 in chips) 
Seat 4: enixblr ($8.75 in chips) 
Seat 5: Dorex2007 ($5.52 in chips) 
Seat 6: Ruan metal ($7.61 in chips) 
Seat 7: pgremio ($7.02 in chips) 
Seat 8: lucifergaia ($6.47 in chips) 
enixblr: posts small blind $0.02
Dorex2007: posts big blind $0.05
*** HOLE CARDS ***
Dealt to Dorex2007 [3d 7c]
Ruan metal: folds 
pgremio: folds 
lucifergaia: folds 
agustin10442: folds 
vladimir5421: folds 
javir: folds 
enixblr: raises $0.10 to $0.15
Dorex2007: folds 
Uncalled bet ($0.10) returned to enixblr
enixblr collected $0.10 from pot
enixblr: doesn't show hand 
*** SUMMARY ***
Total pot $0.10 | Rake $0 
Seat 1: agustin10442 folded before Flop (didn't bet)
Seat 2: vladimir5421 folded before Flop (didn't bet)
Seat 3: javir (button) folded before Flop (didn't bet)
Seat 4: enixblr (small blind) collected ($0.10)
Seat 5: Dorex2007 (big blind) folded before Flop
Seat 6: Ruan metal folded before Flop (didn't bet)
Seat 7: pgremio folded before Flop (didn't bet)
Seat 8: lucifergaia folded before Flop (didn't bet)



PokerStars Hand #238361776364:  Hold'em No Limit ($0.02/$0.05 USD) - 2022/09/01 21:40:18 PT [2022/09/02 0:40:18 ET]
Table 'China II' 9-max Seat #4 is the button
Seat 1: agustin10442 ($0.95 in chips) 
Seat 2: vladimir5421 ($5.32 in chips) 
Seat 3: javir ($4.66 in chips) 
Seat 4: enixblr ($8.80 in chips) 
Seat 5: Dorex2007 ($5.47 in chips) 
Seat 6: Ruan metal ($7.61 in chips) 
Seat 7: pgremio ($7.02 in chips) 
Seat 8: lucifergaia ($6.47 in chips) 
Dorex2007: posts small blind $0.02
Ruan metal: posts big blind $0.05
*** HOLE CARDS ***
Dealt to Dorex2007 [Th Kh]
pgremio: folds 
lucifergaia: raises $0.12 to $0.17
agustin10442: folds 
vladimir5421: calls $0.17
javir: folds 
enixblr: folds 
Dorex2007: calls $0.15
Ruan metal: folds 
*** FLOP *** [2d 2c 9s]
Dorex2007: checks 
lucifergaia: bets $0.27
vladimir5421: folds 
Dorex2007: folds 
Uncalled bet ($0.27) returned to lucifergaia
lucifergaia collected $0.54 from pot
lucifergaia: doesn't show hand 
*** SUMMARY ***
Total pot $0.56 | Rake $0.02 
Board [2d 2c 9s]
Seat 1: agustin10442 folded before Flop (didn't bet)
Seat 2: vladimir5421 folded on the Flop
Seat 3: javir folded before Flop (didn't bet)
Seat 4: enixblr (button) folded before Flop (didn't bet)
Seat 5: Dorex2007 (small blind) folded on the Flop
Seat 6: Ruan metal (big blind) folded before Flop
Seat 7: pgremio folded before Flop (didn't bet)
Seat 8: lucifergaia collected ($0.54)



PokerStars Hand #238361780848:  Hold'em No Limit ($0.02/$0.05 USD) - 2022/09/01 21:40:57 PT [2022/09/02 0:40:57 ET]
Table 'China II' 9-max Seat #5 is the button
Seat 1: agustin10442 ($0.95 in chips) 
Seat 2: vladimir5421 ($5.15 in chips) 
Seat 3: javir ($4.66 in chips) 
Seat 4: enixblr ($8.80 in chips) 
Seat 5: Dorex2007 ($5.30 in chips) 
Seat 6: Ruan metal ($7.56 in chips) 
Seat 7: pgremio ($7.02 in chips) 
Seat 8: lucifergaia ($6.84 in chips) 
Ruan metal: posts small blind $0.02
pgremio: posts big blind $0.05
*** HOLE CARDS ***
Dealt to Dorex2007 [Jh 3d]
lucifergaia: folds 
agustin10442: folds 
vladimir5421: folds 
javir: raises $0.10 to $0.15
enixblr: folds 
Dorex2007: folds 
Ruan metal: folds 
pgremio: folds 
Uncalled bet ($0.10) returned to javir
javir collected $0.12 from pot
javir: doesn't show hand 
*** SUMMARY ***
Total pot $0.12 | Rake $0 
Seat 1: agustin10442 folded before Flop (didn't bet)
Seat 2: vladimir5421 folded before Flop (didn't bet)
Seat 3: javir collected ($0.12)
Seat 4: enixblr folded before Flop (didn't bet)
Seat 5: Dorex2007 (button) folded before Flop (didn't bet)
Seat 6: Ruan metal (small blind) folded before Flop
Seat 7: pgremio (big blind) folded before Flop
Seat 8: lucifergaia folded before Flop (didn't bet)



PokerStars Hand #238361783865:  Hold'em No Limit ($0.02/$0.05 USD) - 2022/09/01 21:41:22 PT [2022/09/02 0:41:22 ET]
Table 'China II' 9-max Seat #6 is the button
Seat 1: agustin10442 ($0.95 in chips) 
Seat 2: vladimir5421 ($5.15 in chips) 
Seat 3: javir ($4.73 in chips) 
Seat 4: enixblr ($8.80 in chips) 
Seat 5: Dorex2007 ($5.30 in chips) 
Seat 6: Ruan metal ($7.54 in chips) 
Seat 7: pgremio ($6.97 in chips) 
Seat 8: lucifergaia ($6.84 in chips) 
pgremio: posts small blind $0.02
lucifergaia: posts big blind $0.05
*** HOLE CARDS ***
Dealt to Dorex2007 [6h 3c]
agustin10442: calls $0.05
vladimir5421: folds 
javir: folds 
enixblr: folds 
Dorex2007: folds 
Ruan metal: folds 
pgremio: raises $0.17 to $0.22
lucifergaia: folds 
agustin10442: raises $0.73 to $0.95 and is all-in
pgremio: calls $0.73
*** FLOP *** [Kd Qd 4c]
*** TURN *** [Kd Qd 4c] [3h]
*** RIVER *** [Kd Qd 4c 3h] [2c]
*** SHOW DOWN ***
pgremio: shows [Qc Jc] (a pair of Queens)
agustin10442: shows [Ad 7d] (high card Ace)
pgremio collected $1.87 from pot
agustin10442 cashed out the hand for $1.01 | Cash Out Fee $0.01
*** SUMMARY ***
Total pot $1.95 | Rake $0.08 
Board [Kd Qd 4c 3h 2c]
Seat 1: agustin10442 showed [Ad 7d] and lost with high card Ace (cashed out).
Seat 2: vladimir5421 folded before Flop (didn't bet)
Seat 3: javir folded before Flop (didn't bet)
Seat 4: enixblr folded before Flop (didn't bet)
Seat 5: Dorex2007 folded before Flop (didn't bet)
Seat 6: Ruan metal (button) folded before Flop (didn't bet)
Seat 7: pgremio (small blind) showed [Qc Jc] and won ($1.87) with a pair of Queens
Seat 8: lucifergaia (big blind) folded before Flop



PokerStars Hand #238361789033:  Hold'em No Limit ($0.02/$0.05 USD) - 2022/09/01 21:42:05 PT [2022/09/02 0:42:05 ET]
Table 'China II' 9-max Seat #7 is the button
Seat 1: agustin10442 ($1.01 in chips) 
Seat 2: vladimir5421 ($5.15 in chips) 
Seat 3: javir ($4.73 in chips) 
Seat 4: enixblr ($8.80 in chips) 
Seat 5: Dorex2007 ($5.30 in chips) 
Seat 6: Ruan metal ($7.54 in chips) 
Seat 7: pgremio ($7.89 in chips) 
Seat 8: lucifergaia ($6.79 in chips) 
lucifergaia: posts small blind $0.02
agustin10442: posts big blind $0.05
*** HOLE CARDS ***
Dealt to Dorex2007 [4h 7s]
vladimir5421: folds 
javir: folds 
enixblr: raises $0.10 to $0.15
Dorex2007: folds 
Ruan metal: folds 
pgremio: folds 
lucifergaia: calls $0.13
agustin10442: folds 
*** FLOP *** [5s 4c Qd]
lucifergaia: checks 
enixblr: bets $0.26
lucifergaia: calls $0.26
*** TURN *** [5s 4c Qd] [9s]
lucifergaia: checks 
enixblr: bets $0.62
lucifergaia: folds 
Uncalled bet ($0.62) returned to enixblr
enixblr collected $0.83 from pot
enixblr: doesn't show hand 
*** SUMMARY ***
Total pot $0.87 | Rake $0.04 
Board [5s 4c Qd 9s]
Seat 1: agustin10442 (big blind) folded before Flop
Seat 2: vladimir5421 folded before Flop (didn't bet)
Seat 3: javir folded before Flop (didn't bet)
Seat 4: enixblr collected ($0.83)
Seat 5: Dorex2007 folded before Flop (didn't bet)
Seat 6: Ruan metal folded before Flop (didn't bet)
Seat 7: pgremio (button) folded before Flop (didn't bet)
Seat 8: lucifergaia (small blind) folded on the Turn



PokerStars Hand #238361794817:  Hold'em No Limit ($0.02/$0.05 USD) - 2022/09/01 21:42:55 PT [2022/09/02 0:42:55 ET]
Table 'China II' 9-max Seat #8 is the button
Seat 1: agustin10442 ($0.96 in chips) 
Seat 2: vladimir5421 ($5.15 in chips) 
Seat 3: javir ($4.73 in chips) 
Seat 4: enixblr ($9.22 in chips) 
Seat 5: Dorex2007 ($5.30 in chips) 
Seat 6: Ruan metal ($7.54 in chips) 
Seat 7: pgremio ($7.89 in chips) 
Seat 8: lucifergaia ($6.38 in chips) 
agustin10442: posts small blind $0.02
vladimir5421: posts big blind $0.05
*** HOLE CARDS ***
Dealt to Dorex2007 [3d Th]
javir: folds 
enixblr: folds 
Dorex2007: folds 
Ruan metal: raises $0.10 to $0.15
pgremio: folds 
lucifergaia: calls $0.15
agustin10442: calls $0.13
vladimir5421: folds 
*** FLOP *** [Jc 2h 6d]
agustin10442: checks 
Ruan metal: checks 
lucifergaia: bets $0.24
agustin10442: folds 
Ruan metal: folds 
Uncalled bet ($0.24) returned to lucifergaia
lucifergaia collected $0.48 from pot
lucifergaia: doesn't show hand 
*** SUMMARY ***
Total pot $0.50 | Rake $0.02 
Board [Jc 2h 6d]
Seat 1: agustin10442 (small blind) folded on the Flop
Seat 2: vladimir5421 (big blind) folded before Flop
Seat 3: javir folded before Flop (didn't bet)
Seat 4: enixblr folded before Flop (didn't bet)
Seat 5: Dorex2007 folded before Flop (didn't bet)
Seat 6: Ruan metal folded on the Flop
Seat 7: pgremio folded before Flop (didn't bet)
Seat 8: lucifergaia (button) collected ($0.48)



PokerStars Hand #238361799588:  Hold'em No Limit ($0.02/$0.05 USD) - 2022/09/01 21:43:35 PT [2022/09/02 0:43:35 ET]
Table 'China II' 9-max Seat #1 is the button
Seat 1: agustin10442 ($0.81 in chips) 
Seat 2: vladimir5421 ($5.10 in chips) 
Seat 3: javir ($4.73 in chips) 
Seat 4: enixblr ($9.22 in chips) 
Seat 5: Dorex2007 ($5.30 in chips) 
Seat 6: Ruan metal ($7.39 in chips) 
Seat 7: pgremio ($7.89 in chips) 
Seat 8: lucifergaia ($6.71 in chips) 
vladimir5421: posts small blind $0.02
javir: posts big blind $0.05
*** HOLE CARDS ***
Dealt to Dorex2007 [5s Jd]
enixblr: folds 
Dorex2007: folds 
Ruan metal: folds 
pgremio: folds 
lucifergaia: folds 
agustin10442: calls $0.05
vladimir5421: calls $0.03
javir: raises $0.20 to $0.25
agustin10442: folds 
vladimir5421: calls $0.20
*** FLOP *** [Ts 8c Ah]
vladimir5421: checks 
javir: bets $0.26
vladimir5421: folds 
Uncalled bet ($0.26) returned to javir
javir collected $0.53 from pot
javir: doesn't show hand 
*** SUMMARY ***
Total pot $0.55 | Rake $0.02 
Board [Ts 8c Ah]
Seat 1: agustin10442 (button) folded before Flop
Seat 2: vladimir5421 (small blind) folded on the Flop
Seat 3: javir (big blind) collected ($0.53)
Seat 4: enixblr folded before Flop (didn't bet)
Seat 5: Dorex2007 folded before Flop (didn't bet)
Seat 6: Ruan metal folded before Flop (didn't bet)
Seat 7: pgremio folded before Flop (didn't bet)
Seat 8: lucifergaia folded before Flop (didn't bet)



PokerStars Hand #238361804560:  Hold'em No Limit ($0.02/$0.05 USD) - 2022/09/01 21:44:18 PT [2022/09/02 0:44:18 ET]
Table 'China II' 9-max Seat #2 is the button
Seat 1: agustin10442 ($0.76 in chips) 
Seat 2: vladimir5421 ($5 in chips) 
Seat 3: javir ($5.01 in chips) 
Seat 4: enixblr ($9.22 in chips) 
Seat 5: Dorex2007 ($5.30 in chips) 
Seat 6: Ruan metal ($7.39 in chips) 
Seat 7: pgremio ($7.89 in chips) 
Seat 8: lucifergaia ($6.71 in chips) 
javir: posts small blind $0.02
enixblr: posts big blind $0.05
*** HOLE CARDS ***
Dealt to Dorex2007 [9c 2s]
Dorex2007: folds 
Ruan metal: folds 
pgremio: folds 
lucifergaia: folds 
agustin10442: calls $0.05
vladimir5421: folds 
javir: folds 
enixblr: checks 
*** FLOP *** [9d Jh Kd]
enixblr: checks 
agustin10442: bets $0.05
enixblr: folds 
Uncalled bet ($0.05) returned to agustin10442
agustin10442 collected $0.12 from pot
*** SUMMARY ***
Total pot $0.12 | Rake $0 
Board [9d Jh Kd]
Seat 1: agustin10442 collected ($0.12)
Seat 2: vladimir5421 (button) folded before Flop (didn't bet)
Seat 3: javir (small blind) folded before Flop
Seat 4: enixblr (big blind) folded on the Flop
Seat 5: Dorex2007 folded before Flop (didn't bet)
Seat 6: Ruan metal folded before Flop (didn't bet)
Seat 7: pgremio folded before Flop (didn't bet)
Seat 8: lucifergaia folded before Flop (didn't bet)



PokerStars Hand #238361809913:  Hold'em No Limit ($0.02/$0.05 USD) - 2022/09/01 21:45:04 PT [2022/09/02 0:45:04 ET]
Table 'China II' 9-max Seat #3 is the button
Seat 1: agustin10442 ($0.83 in chips) 
Seat 2: vladimir5421 ($5 in chips) 
Seat 3: javir ($4.99 in chips) 
Seat 4: enixblr ($9.17 in chips) 
Seat 5: Dorex2007 ($5.30 in chips) 
Seat 6: Ruan metal ($7.39 in chips) 
Seat 7: pgremio ($7.89 in chips) 
Seat 8: lucifergaia ($6.71 in chips) 
enixblr: posts small blind $0.02
Dorex2007: posts big blind $0.05
*** HOLE CARDS ***
Dealt to Dorex2007 [Jh 7s]
Ruan metal: folds 
pgremio: folds 
lucifergaia: folds 
agustin10442: folds 
vladimir5421: folds 
javir: folds 
enixblr: raises $0.10 to $0.15
Dorex2007: folds 
Uncalled bet ($0.10) returned to enixblr
enixblr collected $0.10 from pot
enixblr: doesn't show hand 
*** SUMMARY ***
Total pot $0.10 | Rake $0 
Seat 1: agustin10442 folded before Flop (didn't bet)
Seat 2: vladimir5421 folded before Flop (didn't bet)
Seat 3: javir (button) folded before Flop (didn't bet)
Seat 4: enixblr (small blind) collected ($0.10)
Seat 5: Dorex2007 (big blind) folded before Flop
Seat 6: Ruan metal folded before Flop (didn't bet)
Seat 7: pgremio folded before Flop (didn't bet)
Seat 8: lucifergaia folded before Flop (didn't bet)



PokerStars Hand #238361811484:  Hold'em No Limit ($0.02/$0.05 USD) - 2022/09/01 21:45:17 PT [2022/09/02 0:45:17 ET]
Table 'China II' 9-max Seat #4 is the button
Seat 1: agustin10442 ($0.83 in chips) 
Seat 2: vladimir5421 ($5 in chips) 
Seat 3: javir ($4.99 in chips) 
Seat 4: enixblr ($9.22 in chips) 
Seat 5: Dorex2007 ($5.25 in chips) 
Seat 6: Ruan metal ($7.39 in chips) 
Seat 7: pgremio ($7.89 in chips) 
Seat 8: lucifergaia ($6.71 in chips) 
Dorex2007: posts small blind $0.02
Ruan metal: posts big blind $0.05
*** HOLE CARDS ***
Dealt to Dorex2007 [4c 7s]
pgremio: folds 
lucifergaia: raises $0.12 to $0.17
agustin10442: raises $0.66 to $0.83 and is all-in
vladimir5421: folds 
javir: folds 
enixblr: calls $0.83
Dorex2007: folds 
Ruan metal: folds 
lucifergaia: folds 
*** FLOP *** [7d 4h 8c]
*** TURN *** [7d 4h 8c] [8d]
*** RIVER *** [7d 4h 8c 8d] [3h]
*** SHOW DOWN ***
agustin10442: shows [Js Jd] (two pair, Jacks and Eights)
enixblr: shows [Tc Th] (two pair, Tens and Eights)
agustin10442 collected $1.82 from pot
*** SUMMARY ***
Total pot $1.90 | Rake $0.08 
Board [7d 4h 8c 8d 3h]
Seat 1: agustin10442 showed [Js Jd] and won ($1.82) with two pair, Jacks and Eights
Seat 2: vladimir5421 folded before Flop (didn't bet)
Seat 3: javir folded before Flop (didn't bet)
Seat 4: enixblr (button) showed [Tc Th] and lost with two pair, Tens and Eights
Seat 5: Dorex2007 (small blind) folded before Flop
Seat 6: Ruan metal (big blind) folded before Flop
Seat 7: pgremio folded before Flop (didn't bet)
Seat 8: lucifergaia folded before Flop



PokerStars Hand #238361815920:  Hold'em No Limit ($0.02/$0.05 USD) - 2022/09/01 21:45:55 PT [2022/09/02 0:45:55 ET]
Table 'China II' 9-max Seat #5 is the button
Seat 1: agustin10442 ($1.82 in chips) 
Seat 2: vladimir5421 ($5 in chips) 
Seat 3: javir ($4.99 in chips) 
Seat 4: enixblr ($8.39 in chips) 
Seat 5: Dorex2007 ($5.23 in chips) 
Seat 6: Ruan metal ($7.34 in chips) 
Seat 7: pgremio ($7.89 in chips) 
Seat 8: lucifergaia ($6.54 in chips) 
Ruan metal: posts small blind $0.02
pgremio: posts big blind $0.05
*** HOLE CARDS ***
Dealt to Dorex2007 [7d Qh]
lucifergaia: folds 
lucifergaia leaves the table
agustin10442: folds 
vladimir5421: folds 
javir: folds 
Lagosha joins the table at seat #8 
enixblr: raises $0.05 to $0.10
Dorex2007: folds 
Ruan metal: folds 
pgremio: raises $0.38 to $0.48
enixblr: folds 
Uncalled bet ($0.38) returned to pgremio
pgremio collected $0.22 from pot
pgremio: doesn't show hand 
*** SUMMARY ***
Total pot $0.22 | Rake $0 
Seat 1: agustin10442 folded before Flop (didn't bet)
Seat 2: vladimir5421 folded before Flop (didn't bet)
Seat 3: javir folded before Flop (didn't bet)
Seat 4: enixblr folded before Flop
Seat 5: Dorex2007 (button) folded before Flop (didn't bet)
Seat 6: Ruan metal (small blind) folded before Flop
Seat 7: pgremio (big blind) collected ($0.22)
Seat 8: lucifergaia folded before Flop (didn't bet)



PokerStars Hand #238361819186:  Hold'em No Limit ($0.02/$0.05 USD) - 2022/09/01 21:46:22 PT [2022/09/02 0:46:22 ET]
Table 'China II' 9-max Seat #6 is the button
Seat 1: agustin10442 ($1.82 in chips) 
Seat 2: vladimir5421 ($5 in chips) 
Seat 3: javir ($4.99 in chips) 
Seat 4: enixblr ($8.29 in chips) 
Seat 5: Dorex2007 ($5.23 in chips) 
Seat 6: Ruan metal ($7.32 in chips) 
Seat 7: pgremio ($8.01 in chips) 
Seat 8: Lagosha ($5 in chips) 
pgremio: posts small blind $0.02
Lagosha: posts big blind $0.05
*** HOLE CARDS ***
Dealt to Dorex2007 [9s Jh]
agustin10442: folds 
vladimir5421 has timed out
vladimir5421: folds 
javir: folds 
enixblr: folds 
Dorex2007: folds 
Ruan metal: folds 
pgremio: folds 
Uncalled bet ($0.03) returned to Lagosha
Lagosha collected $0.04 from pot
Lagosha: doesn't show hand 
*** SUMMARY ***
Total pot $0.04 | Rake $0 
Seat 1: agustin10442 folded before Flop (didn't bet)
Seat 2: vladimir5421 folded before Flop (didn't bet)
Seat 3: javir folded before Flop (didn't bet)
Seat 4: enixblr folded before Flop (didn't bet)
Seat 5: Dorex2007 folded before Flop (didn't bet)
Seat 6: Ruan metal (button) folded before Flop (didn't bet)
Seat 7: pgremio (small blind) folded before Flop
Seat 8: Lagosha (big blind) collected ($0.04)



PokerStars Hand #238361825993:  Hold'em No Limit ($0.02/$0.05 USD) - 2022/09/01 21:47:20 PT [2022/09/02 0:47:20 ET]
Table 'China II' 9-max Seat #7 is the button
Seat 1: agustin10442 ($1.82 in chips) 
Seat 2: vladimir5421 ($5 in chips) 
Seat 3: javir ($4.99 in chips) 
Seat 4: enixblr ($8.29 in chips) 
Seat 5: Dorex2007 ($5.23 in chips) 
Seat 6: Ruan metal ($7.32 in chips) 
Seat 7: pgremio ($7.99 in chips) 
Seat 8: Lagosha ($5.02 in chips) 
Lagosha: posts small blind $0.02
agustin10442: posts big blind $0.05
*** HOLE CARDS ***
Dealt to Dorex2007 [9c 4d]
vladimir5421: folds 
javir: folds 
enixblr: folds 
Dorex2007: folds 
Ruan metal: folds 
pgremio: raises $0.06 to $0.11
Lagosha: folds 
agustin10442: calls $0.06
*** FLOP *** [3s Qc 7s]
agustin10442: checks 
pgremio: bets $0.07
agustin10442: calls $0.07
*** TURN *** [3s Qc 7s] [8s]
agustin10442: checks 
pgremio: checks 
*** RIVER *** [3s Qc 7s 8s] [As]
agustin10442: checks 
pgremio: bets $0.27
agustin10442: folds 
Uncalled bet ($0.27) returned to pgremio
pgremio collected $0.36 from pot
gio119 leaves the table
pgremio: doesn't show hand 
*** SUMMARY ***
Total pot $0.38 | Rake $0.02 
Board [3s Qc 7s 8s As]
Seat 1: agustin10442 (big blind) folded on the River
Seat 2: vladimir5421 folded before Flop (didn't bet)
Seat 3: javir folded before Flop (didn't bet)
Seat 4: enixblr folded before Flop (didn't bet)
Seat 5: Dorex2007 folded before Flop (didn't bet)
Seat 6: Ruan metal folded before Flop (didn't bet)
Seat 7: pgremio (button) collected ($0.36)
Seat 8: Lagosha (small blind) folded before Flop



PokerStars Hand #238361834696:  Hold'em No Limit ($0.02/$0.05 USD) - 2022/09/01 21:48:34 PT [2022/09/02 0:48:34 ET]
Table 'China II' 9-max Seat #8 is the button
Seat 1: agustin10442 ($1.64 in chips) 
Seat 2: vladimir5421 ($5 in chips) 
Seat 3: javir ($4.99 in chips) 
Seat 4: enixblr ($8.29 in chips) 
Seat 5: Dorex2007 ($5.23 in chips) 
Seat 6: Ruan metal ($7.32 in chips) 
Seat 7: pgremio ($8.17 in chips) 
Seat 8: Lagosha ($5 in chips) 
agustin10442: posts small blind $0.02
vladimir5421: posts big blind $0.05
*** HOLE CARDS ***
Dealt to Dorex2007 [4c 3s]
javir: folds 
enixblr: folds 
Dorex2007: folds 
Ruan metal: folds 
pgremio: folds 
Lagosha: folds 
agustin10442: calls $0.03
vladimir5421: checks 
*** FLOP *** [2h 2s Kd]
agustin10442: checks 
vladimir5421: checks 
*** TURN *** [2h 2s Kd] [3c]
agustin10442: checks 
vladimir5421: checks 
*** RIVER *** [2h 2s Kd 3c] [8c]
agustin10442: checks 
vladimir5421: checks 
*** SHOW DOWN ***
agustin10442: shows [Ah 7h] (a pair of Deuces)
vladimir5421: shows [8s 5h] (two pair, Eights and Deuces)
vladimir5421 collected $0.10 from pot
*** SUMMARY ***
Total pot $0.10 | Rake $0 
Board [2h 2s Kd 3c 8c]
Seat 1: agustin10442 (small blind) showed [Ah 7h] and lost with a pair of Deuces
Seat 2: vladimir5421 (big blind) showed [8s 5h] and won ($0.10) with two pair, Eights and Deuces
Seat 3: javir folded before Flop (didn't bet)
Seat 4: enixblr folded before Flop (didn't bet)
Seat 5: Dorex2007 folded before Flop (didn't bet)
Seat 6: Ruan metal folded before Flop (didn't bet)
Seat 7: pgremio folded before Flop (didn't bet)
Seat 8: Lagosha (button) folded before Flop (didn't bet)



PokerStars Hand #238361839206:  Hold'em No Limit ($0.02/$0.05 USD) - 2022/09/01 21:49:12 PT [2022/09/02 0:49:12 ET]
Table 'China II' 9-max Seat #1 is the button
Seat 1: agustin10442 ($1.59 in chips) 
Seat 2: vladimir5421 ($5.05 in chips) 
Seat 3: javir ($4.99 in chips) 
Seat 4: enixblr ($8.29 in chips) 
Seat 5: Dorex2007 ($5.23 in chips) 
Seat 6: Ruan metal ($7.32 in chips) 
Seat 7: pgremio ($8.17 in chips) 
Seat 8: Lagosha ($5 in chips) 
vladimir5421: posts small blind $0.02
javir: posts big blind $0.05
*** HOLE CARDS ***
Dealt to Dorex2007 [Ah 9h]
enixblr: folds 
Dorex2007: raises $0.10 to $0.15
Ruan metal: folds 
pgremio: folds 
Lagosha: folds 
agustin10442: folds 
vladimir5421: folds 
javir: calls $0.10
*** FLOP *** [6d Qh 6c]
javir: checks 
Dorex2007: bets $0.31
javir: calls $0.31
*** TURN *** [6d Qh 6c] [Js]
javir: checks 
Dorex2007: bets $0.45
javir: folds 
Uncalled bet ($0.45) returned to Dorex2007
Dorex2007 collected $0.90 from pot
Dorex2007: doesn't show hand 
*** SUMMARY ***
Total pot $0.94 | Rake $0.04 
Board [6d Qh 6c Js]
Seat 1: agustin10442 (button) folded before Flop (didn't bet)
Seat 2: vladimir5421 (small blind) folded before Flop
Seat 3: javir (big blind) folded on the Turn
Seat 4: enixblr folded before Flop (didn't bet)
Seat 5: Dorex2007 collected ($0.90)
Seat 6: Ruan metal folded before Flop (didn't bet)
Seat 7: pgremio folded before Flop (didn't bet)
Seat 8: Lagosha folded before Flop (didn't bet)



PokerStars Hand #238361843906:  Hold'em No Limit ($0.02/$0.05 USD) - 2022/09/01 21:49:52 PT [2022/09/02 0:49:52 ET]
Table 'China II' 9-max Seat #2 is the button
Seat 1: agustin10442 ($1.59 in chips) 
Seat 2: vladimir5421 ($5.03 in chips) 
Seat 3: javir ($4.53 in chips) 
Seat 4: enixblr ($8.29 in chips) 
Seat 5: Dorex2007 ($5.67 in chips) 
Seat 6: Ruan metal ($7.32 in chips) 
Seat 7: pgremio ($8.17 in chips) 
Seat 8: Lagosha ($5 in chips) 
javir: posts small blind $0.02
enixblr: posts big blind $0.05
*** HOLE CARDS ***
Dealt to Dorex2007 [5s 6d]
Dorex2007: folds 
Ruan metal: raises $0.10 to $0.15
pgremio: folds 
Lagosha: folds 
agustin10442: calls $0.15
vladimir5421: folds 
javir: raises $0.50 to $0.65
enixblr: raises $7.64 to $8.29 and is all-in
Ruan metal: folds 
agustin10442: folds 
javir: calls $3.88 and is all-in
Uncalled bet ($3.76) returned to enixblr
*** FLOP *** [7c Qc Jh]
*** TURN *** [7c Qc Jh] [Kd]
*** RIVER *** [7c Qc Jh Kd] [2s]
*** SHOW DOWN ***
javir: shows [Jc Jd] (three of a kind, Jacks)
enixblr: shows [Qd Qs] (three of a kind, Queens)
enixblr cashed out the hand for $7.28 | Cash Out Fee $0.07
*** SUMMARY ***
Total pot $9.36 | Rake $0.39 
Board [7c Qc Jh Kd 2s]
Seat 1: agustin10442 folded before Flop
Seat 2: vladimir5421 (button) folded before Flop (didn't bet)
Seat 3: javir (small blind) showed [Jc Jd] and lost with three of a kind, Jacks
Seat 4: enixblr (big blind) showed [Qd Qs] and won ($8.97) with three of a kind, Queens (pot not awarded as player cashed out)
Seat 5: Dorex2007 folded before Flop (didn't bet)
Seat 6: Ruan metal folded before Flop
Seat 7: pgremio folded before Flop (didn't bet)
Seat 8: Lagosha folded before Flop (didn't bet)



PokerStars Hand #238361850317:  Hold'em No Limit ($0.02/$0.05 USD) - 2022/09/01 21:50:46 PT [2022/09/02 0:50:46 ET]
Table 'China II' 9-max Seat #4 is the button
Seat 1: agustin10442 ($1.44 in chips) 
Seat 2: vladimir5421 ($5.03 in chips) 
Seat 4: enixblr ($11.04 in chips) 
Seat 5: Dorex2007 ($5.67 in chips) 
Seat 6: Ruan metal ($7.17 in chips) 
Seat 7: pgremio ($8.17 in chips) 
Seat 8: Lagosha ($5 in chips) 
Dorex2007: posts small blind $0.02
Ruan metal: posts big blind $0.05
*** HOLE CARDS ***
Dealt to Dorex2007 [Qs 2d]
pgremio: folds 
javir leaves the table
Lagosha: folds 
agustin10442: folds 
vladimir5421: folds 
enixblr: folds 
Dorex2007: folds 
Uncalled bet ($0.03) returned to Ruan metal
Ruan metal collected $0.04 from pot
Ruan metal: doesn't show hand 
*** SUMMARY ***
Total pot $0.04 | Rake $0 
Seat 1: agustin10442 folded before Flop (didn't bet)
Seat 2: vladimir5421 folded before Flop (didn't bet)
Seat 4: enixblr (button) folded before Flop (didn't bet)
Seat 5: Dorex2007 (small blind) folded before Flop
Seat 6: Ruan metal (big blind) collected ($0.04)
Seat 7: pgremio folded before Flop (didn't bet)
Seat 8: Lagosha folded before Flop (didn't bet)



PokerStars Hand #238361852744:  Hold'em No Limit ($0.02/$0.05 USD) - 2022/09/01 21:51:07 PT [2022/09/02 0:51:07 ET]
Table 'China II' 9-max Seat #5 is the button
Seat 1: agustin10442 ($1.44 in chips) 
Seat 2: vladimir5421 ($5.03 in chips) 
Seat 5: Dorex2007 ($5.65 in chips) 
Seat 6: Ruan metal ($7.19 in chips) 
Seat 7: pgremio ($8.17 in chips) 
Seat 8: Lagosha ($5 in chips) 
Ruan metal: posts small blind $0.02
pgremio: posts big blind $0.05
*** HOLE CARDS ***
Dealt to Dorex2007 [5s 7s]
Lagosha: folds 
enixblr leaves the table
agustin10442: folds 
vladimir5421: raises $0.10 to $0.15
Dorex2007: folds 
Ruan metal: folds 
pgremio: raises $0.47 to $0.62
vladimir5421: folds 
Uncalled bet ($0.47) returned to pgremio
pgremio collected $0.32 from pot
pgremio: doesn't show hand 
*** SUMMARY ***
Total pot $0.32 | Rake $0 
Seat 1: agustin10442 folded before Flop (didn't bet)
Seat 2: vladimir5421 folded before Flop
Seat 5: Dorex2007 (button) folded before Flop (didn't bet)
Seat 6: Ruan metal (small blind) folded before Flop
Seat 7: pgremio (big blind) collected ($0.32)
Seat 8: Lagosha folded before Flop (didn't bet)



PokerStars Hand #238361856356:  Hold'em No Limit ($0.02/$0.05 USD) - 2022/09/01 21:51:37 PT [2022/09/02 0:51:37 ET]
Table 'China II' 9-max Seat #6 is the button
Seat 1: agustin10442 ($1.44 in chips) 
Seat 2: vladimir5421 ($5 in chips) 
Seat 5: Dorex2007 ($5.65 in chips) 
Seat 6: Ruan metal ($7.17 in chips) 
Seat 7: pgremio ($8.34 in chips) 
Seat 8: Lagosha ($5 in chips) 
pgremio: posts small blind $0.02
Lagosha: posts big blind $0.05
*** HOLE CARDS ***
Dealt to Dorex2007 [Jd 8h]
agustin10442: folds 
vladimir5421: folds 
Dorex2007: folds 
Ruan metal: folds 
pgremio: folds 
Uncalled bet ($0.03) returned to Lagosha
Lagosha collected $0.04 from pot
Lagosha: doesn't show hand 
*** SUMMARY ***
Total pot $0.04 | Rake $0 
Seat 1: agustin10442 folded before Flop (didn't bet)
Seat 2: vladimir5421 folded before Flop (didn't bet)
Seat 5: Dorex2007 folded before Flop (didn't bet)
Seat 6: Ruan metal (button) folded before Flop (didn't bet)
Seat 7: pgremio (small blind) folded before Flop
Seat 8: Lagosha (big blind) collected ($0.04)



PokerStars Hand #238361857882:  Hold'em No Limit ($0.02/$0.05 USD) - 2022/09/01 21:51:50 PT [2022/09/02 0:51:50 ET]
Table 'China II' 9-max Seat #7 is the button
Seat 1: agustin10442 ($1.44 in chips) 
Seat 2: vladimir5421 ($5 in chips) 
Seat 5: Dorex2007 ($5.65 in chips) 
Seat 6: Ruan metal ($7.17 in chips) 
Seat 7: pgremio ($8.32 in chips) 
Seat 8: Lagosha ($5.02 in chips) 
Lagosha: posts small blind $0.02
agustin10442: posts big blind $0.05
*** HOLE CARDS ***
Dealt to Dorex2007 [Js 6h]
vladimir5421: folds 
Dorex2007: folds 
Ruan metal: raises $0.10 to $0.15
pgremio: calls $0.15
Lagosha: folds 
agustin10442: folds 
*** FLOP *** [8h 8c 4h]
Ruan metal: checks 
pgremio: bets $0.11
Ruan metal: calls $0.11
*** TURN *** [8h 8c 4h] [9c]
Ruan metal: checks 
pgremio: bets $0.43
Ruan metal: calls $0.43
*** RIVER *** [8h 8c 4h 9c] [Ah]
Ruan metal: checks 
pgremio: checks 
*** SHOW DOWN ***
Ruan metal: shows [Th Jc] (a pair of Eights)
pgremio: shows [8d 7d] (three of a kind, Eights)
pgremio collected $1.39 from pot
*** SUMMARY ***
Total pot $1.45 | Rake $0.06 
Board [8h 8c 4h 9c Ah]
Seat 1: agustin10442 (big blind) folded before Flop
Seat 2: vladimir5421 folded before Flop (didn't bet)
Seat 5: Dorex2007 folded before Flop (didn't bet)
Seat 6: Ruan metal showed [Th Jc] and lost with a pair of Eights
Seat 7: pgremio (button) showed [8d 7d] and won ($1.39) with three of a kind, Eights
Seat 8: Lagosha (small blind) folded before Flop



PokerStars Hand #238361863347:  Hold'em No Limit ($0.02/$0.05 USD) - 2022/09/01 21:52:37 PT [2022/09/02 0:52:37 ET]
Table 'China II' 9-max Seat #8 is the button
Seat 1: agustin10442 ($1.39 in chips) 
Seat 2: vladimir5421 ($5 in chips) 
Seat 5: Dorex2007 ($5.65 in chips) 
Seat 6: Ruan metal ($6.48 in chips) 
Seat 8: Lagosha ($5 in chips) 
agustin10442: posts small blind $0.02
vladimir5421: posts big blind $0.05
*** HOLE CARDS ***
Dealt to Dorex2007 [As Td]
Dorex2007: raises $0.10 to $0.15
pgremio leaves the table
Ruan metal: folds 
Lagosha: folds 
agustin10442: folds 
vladimir5421: folds 
Uncalled bet ($0.10) returned to Dorex2007
Dorex2007 collected $0.12 from pot
Dorex2007: doesn't show hand 
*** SUMMARY ***
Total pot $0.12 | Rake $0 
Seat 1: agustin10442 (small blind) folded before Flop
Seat 2: vladimir5421 (big blind) folded before Flop
Seat 5: Dorex2007 collected ($0.12)
Seat 6: Ruan metal folded before Flop (didn't bet)
Seat 8: Lagosha (button) folded before Flop (didn't bet)



PokerStars Hand #238361865189:  Hold'em No Limit ($0.02/$0.05 USD) - 2022/09/01 21:52:52 PT [2022/09/02 0:52:52 ET]
Table 'China II' 9-max Seat #1 is the button
Seat 1: agustin10442 ($1.37 in chips) 
Seat 2: vladimir5421 ($5 in chips) 
Seat 5: Dorex2007 ($5.72 in chips) 
Seat 6: Ruan metal ($6.48 in chips) 
Seat 8: Lagosha ($5 in chips) 
vladimir5421: posts small blind $0.02
Dorex2007: posts big blind $0.05
*** HOLE CARDS ***
Dealt to Dorex2007 [5s 3c]
Ruan metal: folds 
Lagosha: folds 
agustin10442: folds 
vladimir5421: folds 
Uncalled bet ($0.03) returned to Dorex2007
Dorex2007 collected $0.04 from pot
Dorex2007: doesn't show hand 
*** SUMMARY ***
Total pot $0.04 | Rake $0 
Seat 1: agustin10442 (button) folded before Flop (didn't bet)
Seat 2: vladimir5421 (small blind) folded before Flop
Seat 5: Dorex2007 (big blind) collected ($0.04)
Seat 6: Ruan metal folded before Flop (didn't bet)
Seat 8: Lagosha folded before Flop (didn't bet)



