PokerStars Hand #238030850939:  Hold'em No Limit ($0.02/$0.05 USD) - 2022/08/16 12:57:01 PT [2022/08/16 15:57:01 ET]
Table 'Kalliope III' 9-max Seat #3 is the button
Seat 1: morlockz ($5 in chips) 
Seat 2: Dorex2007 ($5 in chips) 
Seat 3: gambitl1 ($9.12 in chips) 
Seat 4: vasilii8383 ($3.29 in chips) 
Seat 5: 5let dr ($5 in chips) 
Seat 6: pedro131529 ($6.35 in chips) 
Seat 7:  $DCarv13$ ($4.33 in chips) 
Seat 8: Alex.Petrovskiy ($5.74 in chips) 
Seat 9: kdu paliva ($5 in chips) 
vasilii8383: posts small blind $0.02
5let dr: posts big blind $0.05
kdu paliva: posts big blind $0.05
Dorex2007: posts big blind $0.05
*** HOLE CARDS ***
Dealt to Dorex2007 [8c 4d]
pedro131529: raises $0.22 to $0.27
 $DCarv13$: folds 
Alex.Petrovskiy: folds 
kdu paliva: folds 
morlockz: folds 
Dorex2007: folds 
gambitl1: folds 
vasilii8383: folds 
5let dr: folds 
Uncalled bet ($0.22) returned to pedro131529
pedro131529 collected $0.22 from pot
pedro131529: doesn't show hand 
*** SUMMARY ***
Total pot $0.22 | Rake $0 
Seat 1: morlockz folded before Flop (didn't bet)
Seat 2: Dorex2007 folded before Flop (didn't bet)
Seat 3: gambitl1 (button) folded before Flop (didn't bet)
Seat 4: vasilii8383 (small blind) folded before Flop
Seat 5: 5let dr (big blind) folded before Flop
Seat 6: pedro131529 collected ($0.22)
Seat 7:  $DCarv13$ folded before Flop (didn't bet)
Seat 8: Alex.Petrovskiy folded before Flop (didn't bet)
Seat 9: kdu paliva folded before Flop (didn't bet)



PokerStars Hand #238030856953:  Hold'em No Limit ($0.02/$0.05 USD) - 2022/08/16 12:57:22 PT [2022/08/16 15:57:22 ET]
Table 'Kalliope III' 9-max Seat #4 is the button
Seat 1: morlockz ($5 in chips) 
Seat 2: Dorex2007 ($5 in chips) 
Seat 3: gambitl1 ($9.12 in chips) 
Seat 4: vasilii8383 ($3.27 in chips) 
Seat 5: 5let dr ($4.95 in chips) 
Seat 6: pedro131529 ($6.52 in chips) 
Seat 7:  $DCarv13$ ($4.33 in chips) 
Seat 8: Alex.Petrovskiy ($5.74 in chips) 
Seat 9: kdu paliva ($4.95 in chips) 
5let dr: posts small blind $0.02
pedro131529: posts big blind $0.05
*** HOLE CARDS ***
Dealt to Dorex2007 [Qc 3c]
 $DCarv13$: raises $0.07 to $0.12
Alex.Petrovskiy: calls $0.12
kdu paliva: calls $0.12
morlockz: folds 
Dorex2007: folds 
gambitl1: folds 
vasilii8383: folds 
5let dr: folds 
pedro131529: folds 
*** FLOP *** [7h 4d 5s]
 $DCarv13$: bets $0.23
Alex.Petrovskiy: folds 
kdu paliva: folds 
Uncalled bet ($0.23) returned to  $DCarv13$
 $DCarv13$ collected $0.41 from pot
 $DCarv13$: doesn't show hand 
*** SUMMARY ***
Total pot $0.43 | Rake $0.02 
Board [7h 4d 5s]
Seat 1: morlockz folded before Flop (didn't bet)
Seat 2: Dorex2007 folded before Flop (didn't bet)
Seat 3: gambitl1 folded before Flop (didn't bet)
Seat 4: vasilii8383 (button) folded before Flop (didn't bet)
Seat 5: 5let dr (small blind) folded before Flop
Seat 6: pedro131529 (big blind) folded before Flop
Seat 7:  $DCarv13$ collected ($0.41)
Seat 8: Alex.Petrovskiy folded on the Flop
Seat 9: kdu paliva folded on the Flop



PokerStars Hand #238030869440:  Hold'em No Limit ($0.02/$0.05 USD) - 2022/08/16 12:58:06 PT [2022/08/16 15:58:06 ET]
Table 'Kalliope III' 9-max Seat #5 is the button
Seat 1: morlockz ($5 in chips) 
Seat 2: Dorex2007 ($5 in chips) 
Seat 3: gambitl1 ($9.12 in chips) 
Seat 4: vasilii8383 ($3.27 in chips) 
Seat 5: 5let dr ($4.93 in chips) 
Seat 6: pedro131529 ($6.47 in chips) 
Seat 7:  $DCarv13$ ($4.62 in chips) 
Seat 8: Alex.Petrovskiy ($5.62 in chips) 
Seat 9: kdu paliva ($4.83 in chips) 
pedro131529: posts small blind $0.02
 $DCarv13$: posts big blind $0.05
*** HOLE CARDS ***
Dealt to Dorex2007 [Ks 2c]
Alex.Petrovskiy has timed out
Alex.Petrovskiy: folds 
kdu paliva: folds 
morlockz: folds 
Dorex2007: folds 
gambitl1: folds 
vasilii8383: raises $0.05 to $0.10
5let dr: calls $0.10
pedro131529: raises $0.40 to $0.50
 $DCarv13$: folds 
vasilii8383: folds 
5let dr: calls $0.40
*** FLOP *** [9s 3h 4s]
pedro131529: bets $1.10
5let dr: folds 
Uncalled bet ($1.10) returned to pedro131529
pedro131529 collected $1.10 from pot
pedro131529: doesn't show hand 
*** SUMMARY ***
Total pot $1.15 | Rake $0.05 
Board [9s 3h 4s]
Seat 1: morlockz folded before Flop (didn't bet)
Seat 2: Dorex2007 folded before Flop (didn't bet)
Seat 3: gambitl1 folded before Flop (didn't bet)
Seat 4: vasilii8383 folded before Flop
Seat 5: 5let dr (button) folded on the Flop
Seat 6: pedro131529 (small blind) collected ($1.10)
Seat 7:  $DCarv13$ (big blind) folded before Flop
Seat 8: Alex.Petrovskiy folded before Flop (didn't bet)
Seat 9: kdu paliva folded before Flop (didn't bet)



PokerStars Hand #238030885250:  Hold'em No Limit ($0.02/$0.05 USD) - 2022/08/16 12:59:01 PT [2022/08/16 15:59:01 ET]
Table 'Kalliope III' 9-max Seat #6 is the button
Seat 1: morlockz ($5 in chips) 
Seat 2: Dorex2007 ($5 in chips) 
Seat 3: gambitl1 ($9.12 in chips) 
Seat 4: vasilii8383 ($3.17 in chips) 
Seat 5: 5let dr ($4.43 in chips) 
Seat 6: pedro131529 ($7.07 in chips) 
Seat 7:  $DCarv13$ ($4.57 in chips) 
Seat 9: kdu paliva ($4.83 in chips) 
 $DCarv13$: posts small blind $0.02
Alex.Petrovskiy: is sitting out 
kdu paliva: posts big blind $0.05
*** HOLE CARDS ***
Dealt to Dorex2007 [Qh 3h]
morlockz: folds 
Dorex2007: folds 
gambitl1: folds 
vasilii8383: raises $0.12 to $0.17
5let dr: folds 
pedro131529: folds 
Alex.Petrovskiy leaves the table
 $DCarv13$: folds 
kdu paliva: folds 
Uncalled bet ($0.12) returned to vasilii8383
vasilii8383 collected $0.12 from pot
*** SUMMARY ***
Total pot $0.12 | Rake $0 
Seat 1: morlockz folded before Flop (didn't bet)
Seat 2: Dorex2007 folded before Flop (didn't bet)
Seat 3: gambitl1 folded before Flop (didn't bet)
Seat 4: vasilii8383 collected ($0.12)
Seat 5: 5let dr folded before Flop (didn't bet)
Seat 6: pedro131529 (button) folded before Flop (didn't bet)
Seat 7:  $DCarv13$ (small blind) folded before Flop
Seat 9: kdu paliva (big blind) folded before Flop



PokerStars Hand #238030892178:  Hold'em No Limit ($0.02/$0.05 USD) - 2022/08/16 12:59:25 PT [2022/08/16 15:59:25 ET]
Table 'Kalliope III' 9-max Seat #7 is the button
Seat 1: morlockz ($5 in chips) 
Seat 2: Dorex2007 ($5 in chips) 
Seat 3: gambitl1 ($9.12 in chips) 
Seat 4: vasilii8383 ($3.24 in chips) 
Seat 5: 5let dr ($4.43 in chips) 
Seat 6: pedro131529 ($7.07 in chips) 
Seat 7:  $DCarv13$ ($4.55 in chips) 
Seat 9: kdu paliva ($4.78 in chips) 
kdu paliva: posts small blind $0.02
morlockz: posts big blind $0.05
*** HOLE CARDS ***
Dealt to Dorex2007 [5h 8s]
RawPizza joins the table at seat #8 
Dorex2007: folds 
gambitl1: folds 
vasilii8383: folds 
5let dr: folds 
pedro131529 has timed out
pedro131529: folds 
 $DCarv13$: raises $0.12 to $0.17
kdu paliva: folds 
morlockz: folds 
Uncalled bet ($0.12) returned to  $DCarv13$
 $DCarv13$ collected $0.12 from pot
 $DCarv13$: doesn't show hand 
*** SUMMARY ***
Total pot $0.12 | Rake $0 
Seat 1: morlockz (big blind) folded before Flop
Seat 2: Dorex2007 folded before Flop (didn't bet)
Seat 3: gambitl1 folded before Flop (didn't bet)
Seat 4: vasilii8383 folded before Flop (didn't bet)
Seat 5: 5let dr folded before Flop (didn't bet)
Seat 6: pedro131529 folded before Flop (didn't bet)
Seat 7:  $DCarv13$ (button) collected ($0.12)
Seat 9: kdu paliva (small blind) folded before Flop



PokerStars Hand #238030901867:  Hold'em No Limit ($0.02/$0.05 USD) - 2022/08/16 12:59:53 PT [2022/08/16 15:59:53 ET]
Table 'Kalliope III' 9-max Seat #9 is the button
Seat 1: morlockz ($5 in chips) 
Seat 2: Dorex2007 ($5 in chips) 
Seat 3: gambitl1 ($9.12 in chips) 
Seat 4: vasilii8383 ($3.24 in chips) 
Seat 5: 5let dr ($4.43 in chips) 
Seat 6: pedro131529 ($7.07 in chips) 
Seat 7:  $DCarv13$ ($4.62 in chips) 
Seat 9: kdu paliva ($4.76 in chips) 
morlockz: posts small blind $0.02
Dorex2007: posts big blind $0.05
RawPizza: sits out 
*** HOLE CARDS ***
Dealt to Dorex2007 [Ac Ad]
gambitl1 has timed out
gambitl1: folds 
vasilii8383: folds 
5let dr: raises $0.05 to $0.10
pedro131529: calls $0.10
 $DCarv13$: folds 
kdu paliva: folds 
morlockz: folds 
Dorex2007: raises $0.40 to $0.50
5let dr: folds 
pedro131529: calls $0.40
*** FLOP *** [8d 7d Th]
Dorex2007: bets $4.50 and is all-in
pedro131529: calls $4.50
*** TURN *** [8d 7d Th] [Kh]
*** RIVER *** [8d 7d Th Kh] [6h]
*** SHOW DOWN ***
Dorex2007: shows [Ac Ad] (a pair of Aces)
pedro131529: shows [As Tc] (a pair of Tens)
Dorex2007 cashed out the hand for $8.72 | Cash Out Fee $0.09
pedro131529 cashed out the hand for $0.88 | Cash Out Fee $0.01
*** SUMMARY ***
Total pot $10.12 | Rake $0.42 
Board [8d 7d Th Kh 6h]
Seat 1: morlockz (small blind) folded before Flop
Seat 2: Dorex2007 (big blind) showed [Ac Ad] and won ($9.70) with a pair of Aces (pot not awarded as player cashed out)
Seat 3: gambitl1 folded before Flop (didn't bet)
Seat 4: vasilii8383 folded before Flop (didn't bet)
Seat 5: 5let dr folded before Flop
Seat 6: pedro131529 showed [As Tc] and lost with a pair of Tens (cashed out).
Seat 7:  $DCarv13$ folded before Flop (didn't bet)
Seat 9: kdu paliva (button) folded before Flop (didn't bet)



PokerStars Hand #238030922544:  Hold'em No Limit ($0.02/$0.05 USD) - 2022/08/16 13:01:02 PT [2022/08/16 16:01:02 ET]
Table 'Kalliope III' 9-max Seat #1 is the button
Seat 1: morlockz ($5 in chips) 
Seat 2: Dorex2007 ($8.72 in chips) 
Seat 3: gambitl1 ($9.12 in chips) 
Seat 4: vasilii8383 ($3.24 in chips) 
Seat 5: 5let dr ($4.33 in chips) 
Seat 6: pedro131529 ($2.95 in chips) 
Seat 7:  $DCarv13$ ($4.62 in chips) 
Seat 9: kdu paliva ($4.76 in chips) 
Dorex2007: posts small blind $0.02
gambitl1: posts big blind $0.05
RawPizza: sits out 
*** HOLE CARDS ***
Dealt to Dorex2007 [Qc Qs]
vasilii8383: folds 
5let dr: folds 
pedro131529: raises $0.15 to $0.20
 $DCarv13$: folds 
kdu paliva: folds 
morlockz: folds 
Dorex2007: raises $8.52 to $8.72 and is all-in
gambitl1: folds 
pedro131529: calls $2.75 and is all-in
Uncalled bet ($5.77) returned to Dorex2007
*** FLOP *** [4h 7h Qd]
*** TURN *** [4h 7h Qd] [2d]
*** RIVER *** [4h 7h Qd 2d] [8h]
*** SHOW DOWN ***
Dorex2007: shows [Qc Qs] (three of a kind, Queens)
pedro131529: shows [9c Ah] (high card Ace)
Dorex2007 cashed out the hand for $4.08 | Cash Out Fee $0.04
*** SUMMARY ***
Total pot $5.95 | Rake $0.25 
Board [4h 7h Qd 2d 8h]
Seat 1: morlockz (button) folded before Flop (didn't bet)
Seat 2: Dorex2007 (small blind) showed [Qc Qs] and won ($5.70) with three of a kind, Queens (pot not awarded as player cashed out)
Seat 3: gambitl1 (big blind) folded before Flop
Seat 4: vasilii8383 folded before Flop (didn't bet)
Seat 5: 5let dr folded before Flop (didn't bet)
Seat 6: pedro131529 showed [9c Ah] and lost with high card Ace
Seat 7:  $DCarv13$ folded before Flop (didn't bet)
Seat 9: kdu paliva folded before Flop (didn't bet)



PokerStars Hand #238030938175:  Hold'em No Limit ($0.02/$0.05 USD) - 2022/08/16 13:01:44 PT [2022/08/16 16:01:44 ET]
Table 'Kalliope III' 9-max Seat #2 is the button
Seat 1: morlockz ($5 in chips) 
Seat 2: Dorex2007 ($9.85 in chips) 
Seat 3: gambitl1 ($9.07 in chips) 
Seat 4: vasilii8383 ($3.24 in chips) 
Seat 5: 5let dr ($4.33 in chips) 
Seat 7:  $DCarv13$ ($4.62 in chips) 
Seat 9: kdu paliva ($4.76 in chips) 
gambitl1: posts small blind $0.02
vasilii8383: posts big blind $0.05
RawPizza: sits out 
*** HOLE CARDS ***
Dealt to Dorex2007 [Qc 7c]
5let dr: raises $0.10 to $0.15
 $DCarv13$: folds 
kdu paliva: folds 
pedro131529 leaves the table
morlockz: folds 
Dorex2007: folds 
gambitl1: folds 
vasilii8383: calls $0.10
*** FLOP *** [Js 8c Jh]
vasilii8383: checks 
5let dr: checks 
*** TURN *** [Js 8c Jh] [2h]
vasilii8383: checks 
carleial961 joins the table at seat #6 
5let dr: checks 
*** RIVER *** [Js 8c Jh 2h] [7d]
vasilii8383: bets $0.61
5let dr: calls $0.61
*** SHOW DOWN ***
vasilii8383: shows [9s Jc] (three of a kind, Jacks)
5let dr: mucks hand 
vasilii8383 collected $1.48 from pot
*** SUMMARY ***
Total pot $1.54 | Rake $0.06 
Board [Js 8c Jh 2h 7d]
Seat 1: morlockz folded before Flop (didn't bet)
Seat 2: Dorex2007 (button) folded before Flop (didn't bet)
Seat 3: gambitl1 (small blind) folded before Flop
Seat 4: vasilii8383 (big blind) showed [9s Jc] and won ($1.48) with three of a kind, Jacks
Seat 5: 5let dr mucked [9h 9c]
Seat 7:  $DCarv13$ folded before Flop (didn't bet)
Seat 9: kdu paliva folded before Flop (didn't bet)



PokerStars Hand #238030951432:  Hold'em No Limit ($0.02/$0.05 USD) - 2022/08/16 13:02:21 PT [2022/08/16 16:02:21 ET]
Table 'Kalliope III' 9-max Seat #3 is the button
Seat 1: morlockz ($5 in chips) 
Seat 2: Dorex2007 ($9.85 in chips) 
Seat 3: gambitl1 ($9.05 in chips) 
Seat 4: vasilii8383 ($3.96 in chips) 
Seat 5: 5let dr ($3.57 in chips) 
Seat 7:  $DCarv13$ ($4.62 in chips) 
Seat 9: kdu paliva ($4.76 in chips) 
vasilii8383: posts small blind $0.02
5let dr: posts big blind $0.05
carleial961: sits out 
RawPizza: sits out 
*** HOLE CARDS ***
Dealt to Dorex2007 [Kd Qs]
 $DCarv13$: folds 
kdu paliva: folds 
morlockz: folds 
Dorex2007: raises $0.15 to $0.20
gambitl1: folds 
vasilii8383: folds 
5let dr: folds 
Uncalled bet ($0.15) returned to Dorex2007
Dorex2007 collected $0.12 from pot
Dorex2007: doesn't show hand 
*** SUMMARY ***
Total pot $0.12 | Rake $0 
Seat 1: morlockz folded before Flop (didn't bet)
Seat 2: Dorex2007 collected ($0.12)
Seat 3: gambitl1 (button) folded before Flop (didn't bet)
Seat 4: vasilii8383 (small blind) folded before Flop
Seat 5: 5let dr (big blind) folded before Flop
Seat 7:  $DCarv13$ folded before Flop (didn't bet)
Seat 9: kdu paliva folded before Flop (didn't bet)



PokerStars Hand #238030961713:  Hold'em No Limit ($0.02/$0.05 USD) - 2022/08/16 13:02:49 PT [2022/08/16 16:02:49 ET]
Table 'Kalliope III' 9-max Seat #4 is the button
Seat 1: morlockz ($5 in chips) 
Seat 2: Dorex2007 ($9.92 in chips) 
Seat 3: gambitl1 ($9.05 in chips) 
Seat 4: vasilii8383 ($3.94 in chips) 
Seat 5: 5let dr ($3.52 in chips) 
Seat 6: carleial961 ($4 in chips) 
Seat 7:  $DCarv13$ ($4.62 in chips) 
Seat 9: kdu paliva ($4.76 in chips) 
5let dr: posts small blind $0.02
carleial961: posts big blind $0.05
RawPizza: sits out 
*** HOLE CARDS ***
Dealt to Dorex2007 [Jh 4c]
 $DCarv13$: folds 
kdu paliva: folds 
morlockz: folds 
Dorex2007: folds 
gambitl1: folds 
vasilii8383: raises $0.05 to $0.10
5let dr: folds 
carleial961: folds 
Uncalled bet ($0.05) returned to vasilii8383
vasilii8383 collected $0.12 from pot
*** SUMMARY ***
Total pot $0.12 | Rake $0 
Seat 1: morlockz folded before Flop (didn't bet)
Seat 2: Dorex2007 folded before Flop (didn't bet)
Seat 3: gambitl1 folded before Flop (didn't bet)
Seat 4: vasilii8383 (button) collected ($0.12)
Seat 5: 5let dr (small blind) folded before Flop
Seat 6: carleial961 (big blind) folded before Flop
Seat 7:  $DCarv13$ folded before Flop (didn't bet)
Seat 9: kdu paliva folded before Flop (didn't bet)



PokerStars Hand #238030968264:  Hold'em No Limit ($0.02/$0.05 USD) - 2022/08/16 13:03:06 PT [2022/08/16 16:03:06 ET]
Table 'Kalliope III' 9-max Seat #5 is the button
Seat 1: morlockz ($5 in chips) 
Seat 2: Dorex2007 ($9.92 in chips) 
Seat 3: gambitl1 ($9.05 in chips) 
Seat 4: vasilii8383 ($4.01 in chips) 
Seat 5: 5let dr ($3.50 in chips) 
Seat 6: carleial961 ($3.95 in chips) 
Seat 7:  $DCarv13$ ($4.62 in chips) 
Seat 9: kdu paliva ($4.76 in chips) 
carleial961: posts small blind $0.02
 $DCarv13$: posts big blind $0.05
RawPizza: sits out 
*** HOLE CARDS ***
Dealt to Dorex2007 [7d 7c]
kdu paliva: raises $0.10 to $0.15
morlockz: folds 
Dorex2007: calls $0.15
gambitl1: folds 
vasilii8383: folds 
5let dr: folds 
carleial961: folds 
 $DCarv13$: calls $0.10
*** FLOP *** [Kc 6d 5s]
 $DCarv13$: checks 
kdu paliva: bets $0.20
Dorex2007: folds 
 $DCarv13$: folds 
Uncalled bet ($0.20) returned to kdu paliva
kdu paliva collected $0.45 from pot
*** SUMMARY ***
Total pot $0.47 | Rake $0.02 
Board [Kc 6d 5s]
Seat 1: morlockz folded before Flop (didn't bet)
Seat 2: Dorex2007 folded on the Flop
Seat 3: gambitl1 folded before Flop (didn't bet)
Seat 4: vasilii8383 folded before Flop (didn't bet)
Seat 5: 5let dr (button) folded before Flop (didn't bet)
Seat 6: carleial961 (small blind) folded before Flop
Seat 7:  $DCarv13$ (big blind) folded on the Flop
Seat 9: kdu paliva collected ($0.45)



PokerStars Hand #238030982833:  Hold'em No Limit ($0.02/$0.05 USD) - 2022/08/16 13:03:45 PT [2022/08/16 16:03:45 ET]
Table 'Kalliope III' 9-max Seat #6 is the button
Seat 1: morlockz ($5 in chips) 
Seat 2: Dorex2007 ($9.77 in chips) 
Seat 3: gambitl1 ($9.05 in chips) 
Seat 4: vasilii8383 ($4.01 in chips) 
Seat 5: 5let dr ($3.50 in chips) 
Seat 6: carleial961 ($3.93 in chips) 
Seat 7:  $DCarv13$ ($4.47 in chips) 
Seat 8: RawPizza ($5 in chips) 
Seat 9: kdu paliva ($5.06 in chips) 
 $DCarv13$: posts small blind $0.02
RawPizza: posts big blind $0.05
*** HOLE CARDS ***
Dealt to Dorex2007 [8c 6d]
kdu paliva: folds 
morlockz: folds 
Dorex2007: folds 
gambitl1: folds 
vasilii8383: raises $0.05 to $0.10
5let dr: folds 
carleial961: raises $0.05 to $0.15
 $DCarv13$: folds 
RawPizza: calls $0.10
vasilii8383: calls $0.05
*** FLOP *** [7d Ks 2c]
RawPizza: checks 
vasilii8383: checks 
carleial961: checks 
*** TURN *** [7d Ks 2c] [As]
RawPizza: bets $0.22
vasilii8383: folds 
carleial961: calls $0.22
*** RIVER *** [7d Ks 2c As] [Kh]
RawPizza: checks 
carleial961: checks 
*** SHOW DOWN ***
RawPizza: shows [Qc Ac] (two pair, Aces and Kings)
carleial961: mucks hand 
RawPizza collected $0.87 from pot
*** SUMMARY ***
Total pot $0.91 | Rake $0.04 
Board [7d Ks 2c As Kh]
Seat 1: morlockz folded before Flop (didn't bet)
Seat 2: Dorex2007 folded before Flop (didn't bet)
Seat 3: gambitl1 folded before Flop (didn't bet)
Seat 4: vasilii8383 folded on the Turn
Seat 5: 5let dr folded before Flop (didn't bet)
Seat 6: carleial961 (button) mucked [4s 6s]
Seat 7:  $DCarv13$ (small blind) folded before Flop
Seat 8: RawPizza (big blind) showed [Qc Ac] and won ($0.87) with two pair, Aces and Kings
Seat 9: kdu paliva folded before Flop (didn't bet)



PokerStars Hand #238031008285:  Hold'em No Limit ($0.02/$0.05 USD) - 2022/08/16 13:04:53 PT [2022/08/16 16:04:53 ET]
Table 'Kalliope III' 9-max Seat #7 is the button
Seat 1: morlockz ($5 in chips) 
Seat 2: Dorex2007 ($9.77 in chips) 
Seat 3: gambitl1 ($9.05 in chips) 
Seat 4: vasilii8383 ($3.86 in chips) 
Seat 5: 5let dr ($3.50 in chips) 
Seat 6: carleial961 ($3.56 in chips) 
Seat 7:  $DCarv13$ ($4.45 in chips) 
Seat 8: RawPizza ($5.50 in chips) 
Seat 9: kdu paliva ($5.06 in chips) 
RawPizza: posts small blind $0.02
kdu paliva: posts big blind $0.05
*** HOLE CARDS ***
Dealt to Dorex2007 [2c 7s]
morlockz: folds 
Dorex2007: folds 
gambitl1: folds 
vasilii8383: folds 
5let dr: folds 
carleial961: folds 
 $DCarv13$: folds 
RawPizza: folds 
Uncalled bet ($0.03) returned to kdu paliva
kdu paliva collected $0.04 from pot
*** SUMMARY ***
Total pot $0.04 | Rake $0 
Seat 1: morlockz folded before Flop (didn't bet)
Seat 2: Dorex2007 folded before Flop (didn't bet)
Seat 3: gambitl1 folded before Flop (didn't bet)
Seat 4: vasilii8383 folded before Flop (didn't bet)
Seat 5: 5let dr folded before Flop (didn't bet)
Seat 6: carleial961 folded before Flop (didn't bet)
Seat 7:  $DCarv13$ (button) folded before Flop (didn't bet)
Seat 8: RawPizza (small blind) folded before Flop
Seat 9: kdu paliva (big blind) collected ($0.04)



PokerStars Hand #238031012792:  Hold'em No Limit ($0.02/$0.05 USD) - 2022/08/16 13:05:05 PT [2022/08/16 16:05:05 ET]
Table 'Kalliope III' 9-max Seat #8 is the button
Seat 2: Dorex2007 ($9.77 in chips) 
Seat 3: gambitl1 ($9.05 in chips) 
Seat 4: vasilii8383 ($3.86 in chips) 
Seat 5: 5let dr ($3.50 in chips) 
Seat 6: carleial961 ($3.56 in chips) 
Seat 7:  $DCarv13$ ($4.45 in chips) 
Seat 8: RawPizza ($5.48 in chips) 
Seat 9: kdu paliva ($5.08 in chips) 
kdu paliva: posts small blind $0.02
morlockz: is sitting out 
Dorex2007: posts big blind $0.05
*** HOLE CARDS ***
Dealt to Dorex2007 [7c 4d]
gambitl1: folds 
vasilii8383: folds 
5let dr: folds 
carleial961: raises $0.15 to $0.20
morlockz leaves the table
 $DCarv13$: folds 
RawPizza: folds 
kdu paliva: folds 
Dorex2007: folds 
Uncalled bet ($0.15) returned to carleial961
carleial961 collected $0.12 from pot
carleial961: doesn't show hand 
*** SUMMARY ***
Total pot $0.12 | Rake $0 
Seat 2: Dorex2007 (big blind) folded before Flop
Seat 3: gambitl1 folded before Flop (didn't bet)
Seat 4: vasilii8383 folded before Flop (didn't bet)
Seat 5: 5let dr folded before Flop (didn't bet)
Seat 6: carleial961 collected ($0.12)
Seat 7:  $DCarv13$ folded before Flop (didn't bet)
Seat 8: RawPizza (button) folded before Flop (didn't bet)
Seat 9: kdu paliva (small blind) folded before Flop



PokerStars Hand #238031018013:  Hold'em No Limit ($0.02/$0.05 USD) - 2022/08/16 13:05:19 PT [2022/08/16 16:05:19 ET]
Table 'Kalliope III' 9-max Seat #9 is the button
Seat 2: Dorex2007 ($9.72 in chips) 
Seat 3: gambitl1 ($9.05 in chips) 
Seat 4: vasilii8383 ($3.86 in chips) 
Seat 5: 5let dr ($3.50 in chips) 
Seat 6: carleial961 ($3.63 in chips) 
Seat 7:  $DCarv13$ ($4.45 in chips) 
Seat 8: RawPizza ($5.48 in chips) 
Seat 9: kdu paliva ($5.06 in chips) 
Dorex2007: posts small blind $0.02
gambitl1: posts big blind $0.05
*** HOLE CARDS ***
Dealt to Dorex2007 [8c 9s]
vasilii8383: folds 
5let dr: folds 
carleial961: folds 
 $DCarv13$: folds 
RawPizza: raises $0.10 to $0.15
kdu paliva: folds 
Dorex2007: folds 
gambitl1: folds 
Uncalled bet ($0.10) returned to RawPizza
RawPizza collected $0.12 from pot
RawPizza: doesn't show hand 
*** SUMMARY ***
Total pot $0.12 | Rake $0 
Seat 2: Dorex2007 (small blind) folded before Flop
Seat 3: gambitl1 (big blind) folded before Flop
Seat 4: vasilii8383 folded before Flop (didn't bet)
Seat 5: 5let dr folded before Flop (didn't bet)
Seat 6: carleial961 folded before Flop (didn't bet)
Seat 7:  $DCarv13$ folded before Flop (didn't bet)
Seat 8: RawPizza collected ($0.12)
Seat 9: kdu paliva (button) folded before Flop (didn't bet)



PokerStars Hand #238031029635:  Hold'em No Limit ($0.02/$0.05 USD) - 2022/08/16 13:05:50 PT [2022/08/16 16:05:50 ET]
Table 'Kalliope III' 9-max Seat #2 is the button
Seat 2: Dorex2007 ($9.70 in chips) 
Seat 3: gambitl1 ($9 in chips) 
Seat 4: vasilii8383 ($3.86 in chips) 
Seat 5: 5let dr ($3.50 in chips) 
Seat 6: carleial961 ($3.63 in chips) 
Seat 7:  $DCarv13$ ($4.45 in chips) 
Seat 8: RawPizza ($5.55 in chips) 
Seat 9: kdu paliva ($5.06 in chips) 
gambitl1: posts small blind $0.02
vasilii8383: posts big blind $0.05
*** HOLE CARDS ***
Dealt to Dorex2007 [Ad As]
5let dr: folds 
beastieboy1979 joins the table at seat #1 
carleial961: raises $0.15 to $0.20
 $DCarv13$: folds 
RawPizza: folds 
kdu paliva: folds 
Dorex2007: raises $0.47 to $0.67
gambitl1: folds 
vasilii8383: folds 
carleial961: calls $0.47
*** FLOP *** [Ts Qs 4h]
carleial961: checks 
Dorex2007: bets $9.03 and is all-in
carleial961: calls $2.96 and is all-in
Uncalled bet ($6.07) returned to Dorex2007
*** TURN *** [Ts Qs 4h] [Jh]
*** RIVER *** [Ts Qs 4h Jh] [9s]
*** SHOW DOWN ***
carleial961: shows [Kd Qd] (a straight, Nine to King)
Dorex2007: shows [Ad As] (a pair of Aces)
carleial961 collected $7.03 from pot
Dorex2007 cashed out the hand for $5.64 | Cash Out Fee $0.06
*** SUMMARY ***
Total pot $7.33 | Rake $0.30 
Board [Ts Qs 4h Jh 9s]
Seat 2: Dorex2007 (button) showed [Ad As] and lost with a pair of Aces (cashed out).
Seat 3: gambitl1 (small blind) folded before Flop
Seat 4: vasilii8383 (big blind) folded before Flop
Seat 5: 5let dr folded before Flop (didn't bet)
Seat 6: carleial961 showed [Kd Qd] and won ($7.03) with a straight, Nine to King
Seat 7:  $DCarv13$ folded before Flop (didn't bet)
Seat 8: RawPizza folded before Flop (didn't bet)
Seat 9: kdu paliva folded before Flop (didn't bet)



PokerStars Hand #238031060227:  Hold'em No Limit ($0.02/$0.05 USD) - 2022/08/16 13:06:54 PT [2022/08/16 16:06:54 ET]
Table 'Kalliope III' 9-max Seat #3 is the button
Seat 1: beastieboy1979 ($3.20 in chips) 
Seat 2: Dorex2007 ($11.71 in chips) 
Seat 3: gambitl1 ($8.98 in chips) 
Seat 4: vasilii8383 ($3.81 in chips) 
Seat 5: 5let dr ($3.50 in chips) 
Seat 6: carleial961 ($7.03 in chips) 
Seat 7:  $DCarv13$ ($4.45 in chips) 
Seat 8: RawPizza ($5.55 in chips) 
Seat 9: kdu paliva ($5.06 in chips) 
vasilii8383: posts small blind $0.02
5let dr: posts big blind $0.05
beastieboy1979: posts big blind $0.05
*** HOLE CARDS ***
Dealt to Dorex2007 [3h 5d]
carleial961: folds 
 $DCarv13$: folds 
RawPizza: folds 
kdu paliva: folds 
beastieboy1979: checks 
Dorex2007: folds 
gambitl1 has timed out
gambitl1: folds 
vasilii8383: raises $0.10 to $0.15
5let dr: raises $0.25 to $0.40
beastieboy1979: folds 
vasilii8383: calls $0.25
*** FLOP *** [9h 6d 8h]
beastieboy1979 leaves the table
vasilii8383: checks 
5let dr: bets $0.53
vasilii8383: calls $0.53
*** TURN *** [9h 6d 8h] [9d]
vasilii8383: checks 
eskaeliey joins the table at seat #1 
5let dr: bets $2.05
vasilii8383: folds 
Uncalled bet ($2.05) returned to 5let dr
5let dr collected $1.83 from pot
5let dr: doesn't show hand 
*** SUMMARY ***
Total pot $1.91 | Rake $0.08 
Board [9h 6d 8h 9d]
Seat 1: beastieboy1979 folded before Flop (didn't bet)
Seat 2: Dorex2007 folded before Flop (didn't bet)
Seat 3: gambitl1 (button) folded before Flop (didn't bet)
Seat 4: vasilii8383 (small blind) folded on the Turn
Seat 5: 5let dr (big blind) collected ($1.83)
Seat 6: carleial961 folded before Flop (didn't bet)
Seat 7:  $DCarv13$ folded before Flop (didn't bet)
Seat 8: RawPizza folded before Flop (didn't bet)
Seat 9: kdu paliva folded before Flop (didn't bet)



PokerStars Hand #238031084179:  Hold'em No Limit ($0.02/$0.05 USD) - 2022/08/16 13:07:58 PT [2022/08/16 16:07:58 ET]
Table 'Kalliope III' 9-max Seat #4 is the button
Seat 2: Dorex2007 ($11.71 in chips) 
Seat 3: gambitl1 ($8.98 in chips) 
Seat 4: vasilii8383 ($2.88 in chips) 
Seat 5: 5let dr ($4.40 in chips) 
Seat 6: carleial961 ($7.03 in chips) 
Seat 7:  $DCarv13$ ($4.45 in chips) 
Seat 8: RawPizza ($5.55 in chips) 
Seat 9: kdu paliva ($5.06 in chips) 
5let dr: posts small blind $0.02
carleial961: posts big blind $0.05
eskaeliey: sits out 
*** HOLE CARDS ***
Dealt to Dorex2007 [3h 2s]
 $DCarv13$: raises $0.07 to $0.12
RawPizza: folds 
kdu paliva: folds 
Dorex2007: folds 
gambitl1: folds 
vasilii8383: calls $0.12
5let dr: calls $0.10
carleial961: folds 
*** FLOP *** [3s 6s 6c]
5let dr: checks 
 $DCarv13$: checks 
vasilii8383: checks 
*** TURN *** [3s 6s 6c] [Kd]
5let dr: checks 
 $DCarv13$: checks 
vasilii8383: bets $0.19
5let dr: folds 
 $DCarv13$: folds 
Uncalled bet ($0.19) returned to vasilii8383
vasilii8383 collected $0.39 from pot
*** SUMMARY ***
Total pot $0.41 | Rake $0.02 
Board [3s 6s 6c Kd]
Seat 2: Dorex2007 folded before Flop (didn't bet)
Seat 3: gambitl1 folded before Flop (didn't bet)
Seat 4: vasilii8383 (button) collected ($0.39)
Seat 5: 5let dr (small blind) folded on the Turn
Seat 6: carleial961 (big blind) folded before Flop
Seat 7:  $DCarv13$ folded on the Turn
Seat 8: RawPizza folded before Flop (didn't bet)
Seat 9: kdu paliva folded before Flop (didn't bet)



PokerStars Hand #238031100783:  Hold'em No Limit ($0.02/$0.05 USD) - 2022/08/16 13:08:42 PT [2022/08/16 16:08:42 ET]
Table 'Kalliope III' 9-max Seat #5 is the button
Seat 2: Dorex2007 ($11.71 in chips) 
Seat 3: gambitl1 ($8.98 in chips) 
Seat 4: vasilii8383 ($3.15 in chips) 
Seat 5: 5let dr ($4.28 in chips) 
Seat 6: carleial961 ($6.98 in chips) 
Seat 7:  $DCarv13$ ($4.33 in chips) 
Seat 8: RawPizza ($5.55 in chips) 
Seat 9: kdu paliva ($5.06 in chips) 
carleial961: posts small blind $0.02
 $DCarv13$: posts big blind $0.05
eskaeliey: sits out 
*** HOLE CARDS ***
Dealt to Dorex2007 [2h As]
RawPizza: folds 
kdu paliva: folds 
Dorex2007: folds 
gambitl1: folds 
vasilii8383: raises $0.05 to $0.10
5let dr: calls $0.10
carleial961: folds 
 $DCarv13$: calls $0.05
*** FLOP *** [3d 9s 9c]
 $DCarv13$: checks 
vasilii8383: bets $0.15
5let dr: calls $0.15
 $DCarv13$: folds 
*** TURN *** [3d 9s 9c] [3s]
vasilii8383: bets $0.19
5let dr: calls $0.19
*** RIVER *** [3d 9s 9c 3s] [6d]
vasilii8383: bets $0.48
5let dr: calls $0.48
*** SHOW DOWN ***
vasilii8383: shows [4d Qc] (two pair, Nines and Threes)
5let dr: shows [Th Ah] (two pair, Nines and Threes - Ace kicker)
5let dr collected $1.88 from pot
*** SUMMARY ***
Total pot $1.96 | Rake $0.08 
Board [3d 9s 9c 3s 6d]
Seat 2: Dorex2007 folded before Flop (didn't bet)
Seat 3: gambitl1 folded before Flop (didn't bet)
Seat 4: vasilii8383 showed [4d Qc] and lost with two pair, Nines and Threes
Seat 5: 5let dr (button) showed [Th Ah] and won ($1.88) with two pair, Nines and Threes
Seat 6: carleial961 (small blind) folded before Flop
Seat 7:  $DCarv13$ (big blind) folded on the Flop
Seat 8: RawPizza folded before Flop (didn't bet)
Seat 9: kdu paliva folded before Flop (didn't bet)



PokerStars Hand #238031131282:  Hold'em No Limit ($0.02/$0.05 USD) - 2022/08/16 13:09:40 PT [2022/08/16 16:09:40 ET]
Table 'Kalliope III' 9-max Seat #6 is the button
Seat 2: Dorex2007 ($11.71 in chips) 
Seat 3: gambitl1 ($8.98 in chips) 
Seat 4: vasilii8383 ($2.23 in chips) 
Seat 5: 5let dr ($5.24 in chips) 
Seat 6: carleial961 ($6.96 in chips) 
Seat 7:  $DCarv13$ ($4.23 in chips) 
Seat 8: RawPizza ($5.55 in chips) 
Seat 9: kdu paliva ($5.06 in chips) 
 $DCarv13$: posts small blind $0.02
RawPizza: posts big blind $0.05
eskaeliey: sits out 
*** HOLE CARDS ***
Dealt to Dorex2007 [Td 4h]
kdu paliva: folds 
Dorex2007: folds 
gambitl1: folds 
vasilii8383: raises $0.12 to $0.17
5let dr: folds 
carleial961: folds 
 $DCarv13$: folds 
RawPizza: folds 
Uncalled bet ($0.12) returned to vasilii8383
vasilii8383 collected $0.12 from pot
*** SUMMARY ***
Total pot $0.12 | Rake $0 
Seat 2: Dorex2007 folded before Flop (didn't bet)
Seat 3: gambitl1 folded before Flop (didn't bet)
Seat 4: vasilii8383 collected ($0.12)
Seat 5: 5let dr folded before Flop (didn't bet)
Seat 6: carleial961 (button) folded before Flop (didn't bet)
Seat 7:  $DCarv13$ (small blind) folded before Flop
Seat 8: RawPizza (big blind) folded before Flop
Seat 9: kdu paliva folded before Flop (didn't bet)



PokerStars Hand #238031140869:  Hold'em No Limit ($0.02/$0.05 USD) - 2022/08/16 13:10:06 PT [2022/08/16 16:10:06 ET]
Table 'Kalliope III' 9-max Seat #7 is the button
Seat 2: Dorex2007 ($11.71 in chips) 
Seat 3: gambitl1 ($8.98 in chips) 
Seat 4: vasilii8383 ($2.30 in chips) 
Seat 5: 5let dr ($5.24 in chips) 
Seat 6: carleial961 ($6.96 in chips) 
Seat 7:  $DCarv13$ ($4.21 in chips) 
Seat 8: RawPizza ($5.50 in chips) 
Seat 9: kdu paliva ($5.06 in chips) 
RawPizza: posts small blind $0.02
kdu paliva: posts big blind $0.05
eskaeliey: sits out 
*** HOLE CARDS ***
Dealt to Dorex2007 [2d 8c]
Dorex2007: folds 
gambitl1: folds 
vasilii8383: raises $0.05 to $0.10
5let dr: folds 
carleial961: raises $0.05 to $0.15
 $DCarv13$: calls $0.15
RawPizza: folds 
kdu paliva: calls $0.10
vasilii8383: calls $0.05
*** FLOP *** [9h 3d 9c]
kdu paliva: checks 
vasilii8383: checks 
carleial961: bets $0.30
 $DCarv13$: folds 
kdu paliva: folds 
vasilii8383: folds 
Uncalled bet ($0.30) returned to carleial961
carleial961 collected $0.59 from pot
carleial961: doesn't show hand 
*** SUMMARY ***
Total pot $0.62 | Rake $0.03 
Board [9h 3d 9c]
Seat 2: Dorex2007 folded before Flop (didn't bet)
Seat 3: gambitl1 folded before Flop (didn't bet)
Seat 4: vasilii8383 folded on the Flop
Seat 5: 5let dr folded before Flop (didn't bet)
Seat 6: carleial961 collected ($0.59)
Seat 7:  $DCarv13$ (button) folded on the Flop
Seat 8: RawPizza (small blind) folded before Flop
Seat 9: kdu paliva (big blind) folded on the Flop



PokerStars Hand #238031157779:  Hold'em No Limit ($0.02/$0.05 USD) - 2022/08/16 13:10:51 PT [2022/08/16 16:10:51 ET]
Table 'Kalliope III' 9-max Seat #8 is the button
Seat 1: eskaeliey ($5 in chips) 
Seat 2: Dorex2007 ($11.71 in chips) 
Seat 3: gambitl1 ($8.98 in chips) 
Seat 4: vasilii8383 ($2.15 in chips) 
Seat 5: 5let dr ($5.24 in chips) 
Seat 6: carleial961 ($7.40 in chips) 
Seat 7:  $DCarv13$ ($4.06 in chips) 
Seat 8: RawPizza ($5.48 in chips) 
Seat 9: kdu paliva ($4.91 in chips) 
kdu paliva: posts small blind $0.02
eskaeliey: posts big blind $0.05
*** HOLE CARDS ***
Dealt to Dorex2007 [9h Ks]
Dorex2007: folds 
gambitl1: raises $0.10 to $0.15
vasilii8383: calls $0.15
5let dr: folds 
carleial961: calls $0.15
 $DCarv13$: folds 
RawPizza: folds 
kdu paliva: folds 
eskaeliey: calls $0.10
*** FLOP *** [4d Qh Jc]
eskaeliey: checks 
gambitl1: checks 
vasilii8383: checks 
carleial961: checks 
*** TURN *** [4d Qh Jc] [Qs]
eskaeliey: bets $0.05
gambitl1: calls $0.05
vasilii8383: calls $0.05
carleial961: raises $0.35 to $0.40
eskaeliey: raises $0.50 to $0.90
gambitl1: folds 
vasilii8383: folds 
carleial961: calls $0.50
*** RIVER *** [4d Qh Jc Qs] [4h]
eskaeliey: bets $0.95
carleial961: folds 
Uncalled bet ($0.95) returned to eskaeliey
eskaeliey collected $2.42 from pot
*** SUMMARY ***
Total pot $2.52 | Rake $0.10 
Board [4d Qh Jc Qs 4h]
Seat 1: eskaeliey (big blind) collected ($2.42)
Seat 2: Dorex2007 folded before Flop (didn't bet)
Seat 3: gambitl1 folded on the Turn
Seat 4: vasilii8383 folded on the Turn
Seat 5: 5let dr folded before Flop (didn't bet)
Seat 6: carleial961 folded on the River
Seat 7:  $DCarv13$ folded before Flop (didn't bet)
Seat 8: RawPizza (button) folded before Flop (didn't bet)
Seat 9: kdu paliva (small blind) folded before Flop



PokerStars Hand #238031197742:  Hold'em No Limit ($0.02/$0.05 USD) - 2022/08/16 13:12:39 PT [2022/08/16 16:12:39 ET]
Table 'Kalliope III' 9-max Seat #9 is the button
Seat 1: eskaeliey ($6.37 in chips) 
Seat 2: Dorex2007 ($11.71 in chips) 
Seat 3: gambitl1 ($8.78 in chips) 
Seat 4: vasilii8383 ($1.95 in chips) 
Seat 5: 5let dr ($5.24 in chips) 
Seat 6: carleial961 ($6.35 in chips) 
Seat 7:  $DCarv13$ ($4.06 in chips) 
Seat 8: RawPizza ($5.48 in chips) 
Seat 9: kdu paliva ($4.89 in chips) 
eskaeliey: posts small blind $0.02
Dorex2007: posts big blind $0.05
*** HOLE CARDS ***
Dealt to Dorex2007 [Jh Kh]
gambitl1: folds 
vasilii8383: raises $0.05 to $0.10
5let dr: folds 
carleial961: folds 
 $DCarv13$: folds 
RawPizza: folds 
kdu paliva: folds 
eskaeliey: calls $0.08
Dorex2007: calls $0.05
*** FLOP *** [Ks 5d 9c]
eskaeliey: checks 
Dorex2007: bets $0.19
vasilii8383: folds 
eskaeliey: folds 
Uncalled bet ($0.19) returned to Dorex2007
Dorex2007 collected $0.29 from pot
Dorex2007: doesn't show hand 
*** SUMMARY ***
Total pot $0.30 | Rake $0.01 
Board [Ks 5d 9c]
Seat 1: eskaeliey (small blind) folded on the Flop
Seat 2: Dorex2007 (big blind) collected ($0.29)
Seat 3: gambitl1 folded before Flop (didn't bet)
Seat 4: vasilii8383 folded on the Flop
Seat 5: 5let dr folded before Flop (didn't bet)
Seat 6: carleial961 folded before Flop (didn't bet)
Seat 7:  $DCarv13$ folded before Flop (didn't bet)
Seat 8: RawPizza folded before Flop (didn't bet)
Seat 9: kdu paliva (button) folded before Flop (didn't bet)



