PokerStars Hand #234645304305:  Hold'em No Limit ($0.01/$0.02 USD) - 2022/03/07 20:34:25 PT [2022/03/07 23:34:25 ET]
Table 'Bilkis II' 9-max Seat #9 is the button
Seat 1: edoschenko ($1.56 in chips) 
Seat 2: MaxGram ($3.97 in chips) 
Seat 3: bepjho ($2.02 in chips) 
Seat 4: Nosnel ($2.26 in chips) 
Seat 5: Colonel_King87 ($1.82 in chips) 
Seat 6: hermanf ($2.47 in chips) 
Seat 7: Dorex2007 ($2 in chips) 
Seat 8: 2VERY ($1.39 in chips) 
Seat 9: RxxTJ ($1.89 in chips) 
edoschenko: posts small blind $0.01
MaxGram: posts big blind $0.02
Dorex2007: posts big blind $0.02
*** HOLE CARDS ***
Dealt to Dorex2007 [9s Qc]
bepjho: folds 
Nosnel: calls $0.02
Colonel_King87 has timed out
Colonel_King87: folds 
hermanf: folds 
Dorex2007: checks 
2VERY: folds 
RxxTJ: folds 
edoschenko: folds 
MaxGram: raises $0.08 to $0.10
Nosnel: raises $0.08 to $0.18
Dorex2007: folds 
MaxGram: calls $0.08
*** FLOP *** [Kc Td 3h]
MaxGram: checks 
Nosnel: checks 
*** TURN *** [Kc Td 3h] [9h]
MaxGram: bets $0.21
Nosnel: folds 
Uncalled bet ($0.21) returned to MaxGram
MaxGram collected $0.38 from pot
MaxGram: doesn't show hand 
*** SUMMARY ***
Total pot $0.39 | Rake $0.01 
Board [Kc Td 3h 9h]
Seat 1: edoschenko (small blind) folded before Flop
Seat 2: MaxGram (big blind) collected ($0.38)
Seat 3: bepjho folded before Flop (didn't bet)
Seat 4: Nosnel folded on the Turn
Seat 5: Colonel_King87 folded before Flop (didn't bet)
Seat 6: hermanf folded before Flop (didn't bet)
Seat 7: Dorex2007 folded before Flop (didn't bet)
Seat 8: 2VERY folded before Flop (didn't bet)
Seat 9: RxxTJ (button) folded before Flop (didn't bet)



PokerStars Hand #234645312135:  Hold'em No Limit ($0.01/$0.02 USD) - 2022/03/07 20:35:15 PT [2022/03/07 23:35:15 ET]
Table 'Bilkis II' 9-max Seat #1 is the button
Seat 1: edoschenko ($1.55 in chips) 
Seat 2: MaxGram ($4.17 in chips) 
Seat 3: bepjho ($2.02 in chips) 
Seat 4: Nosnel ($2.08 in chips) 
Seat 6: hermanf ($2.47 in chips) 
Seat 7: Dorex2007 ($2 in chips) 
Seat 8: 2VERY ($1.39 in chips) 
Seat 9: RxxTJ ($1.89 in chips) 
MaxGram: posts small blind $0.01
bepjho: posts big blind $0.02
*** HOLE CARDS ***
Dealt to Dorex2007 [Th 5h]
Nosnel: calls $0.02
hermanf: folds 
Dorex2007: folds 
2VERY: folds 
RxxTJ: folds 
edoschenko: raises $0.06 to $0.08
MaxGram: folds 
bepjho: folds 
Nosnel: calls $0.06
*** FLOP *** [Jh 3d 8h]
Nosnel: bets $0.08
edoschenko: folds 
Uncalled bet ($0.08) returned to Nosnel
Nosnel collected $0.18 from pot
Nosnel: doesn't show hand 
*** SUMMARY ***
Total pot $0.19 | Rake $0.01 
Board [Jh 3d 8h]
Seat 1: edoschenko (button) folded on the Flop
Seat 2: MaxGram (small blind) folded before Flop
Seat 3: bepjho (big blind) folded before Flop
Seat 4: Nosnel collected ($0.18)
Seat 6: hermanf folded before Flop (didn't bet)
Seat 7: Dorex2007 folded before Flop (didn't bet)
Seat 8: 2VERY folded before Flop (didn't bet)
Seat 9: RxxTJ folded before Flop (didn't bet)



PokerStars Hand #234645316554:  Hold'em No Limit ($0.01/$0.02 USD) - 2022/03/07 20:35:43 PT [2022/03/07 23:35:43 ET]
Table 'Bilkis II' 9-max Seat #2 is the button
Seat 1: edoschenko ($1.47 in chips) 
Seat 2: MaxGram ($4.16 in chips) 
Seat 3: bepjho ($2 in chips) 
Seat 4: Nosnel ($2.18 in chips) 
Seat 5: Colonel_King87 ($1.82 in chips) 
Seat 6: hermanf ($2.47 in chips) 
Seat 7: Dorex2007 ($2 in chips) 
Seat 8: 2VERY ($1.39 in chips) 
Seat 9: RxxTJ ($1.89 in chips) 
bepjho: posts small blind $0.01
Nosnel: posts big blind $0.02
*** HOLE CARDS ***
Dealt to Dorex2007 [4c Qc]
Colonel_King87: folds 
hermanf: folds 
Dorex2007: folds 
2VERY: folds 
RxxTJ: folds 
edoschenko: folds 
MaxGram: folds 
bepjho: folds 
Uncalled bet ($0.01) returned to Nosnel
Nosnel collected $0.02 from pot
Nosnel: doesn't show hand 
*** SUMMARY ***
Total pot $0.02 | Rake $0 
Seat 1: edoschenko folded before Flop (didn't bet)
Seat 2: MaxGram (button) folded before Flop (didn't bet)
Seat 3: bepjho (small blind) folded before Flop
Seat 4: Nosnel (big blind) collected ($0.02)
Seat 5: Colonel_King87 folded before Flop (didn't bet)
Seat 6: hermanf folded before Flop (didn't bet)
Seat 7: Dorex2007 folded before Flop (didn't bet)
Seat 8: 2VERY folded before Flop (didn't bet)
Seat 9: RxxTJ folded before Flop (didn't bet)



PokerStars Hand #234645318634:  Hold'em No Limit ($0.01/$0.02 USD) - 2022/03/07 20:35:57 PT [2022/03/07 23:35:57 ET]
Table 'Bilkis II' 9-max Seat #3 is the button
Seat 1: edoschenko ($1.47 in chips) 
Seat 2: MaxGram ($4.16 in chips) 
Seat 3: bepjho ($2 in chips) 
Seat 4: Nosnel ($2.19 in chips) 
Seat 5: Colonel_King87 ($1.82 in chips) 
Seat 6: hermanf ($2.47 in chips) 
Seat 7: Dorex2007 ($2 in chips) 
Seat 8: 2VERY ($1.39 in chips) 
Seat 9: RxxTJ ($1.89 in chips) 
Nosnel: posts small blind $0.01
Colonel_King87: posts big blind $0.02
*** HOLE CARDS ***
Dealt to Dorex2007 [Kc Qh]
hermanf: folds 
Dorex2007: raises $0.04 to $0.06
2VERY: folds 
RxxTJ: folds 
edoschenko: calls $0.06
MaxGram: folds 
bepjho: folds 
Nosnel: calls $0.05
Colonel_King87: calls $0.04
*** FLOP *** [5h 2s 4d]
Nosnel: bets $0.06
Colonel_King87: folds 
Dorex2007: folds 
edoschenko: calls $0.06
*** TURN *** [5h 2s 4d] [Ac]
Nosnel: bets $0.06
edoschenko: calls $0.06
*** RIVER *** [5h 2s 4d Ac] [9c]
Nosnel: bets $0.06
edoschenko: calls $0.06
*** SHOW DOWN ***
Nosnel: shows [Ks 2h] (a pair of Deuces)
edoschenko: shows [Kh As] (a pair of Aces)
edoschenko collected $0.58 from pot
*** SUMMARY ***
Total pot $0.60 | Rake $0.02 
Board [5h 2s 4d Ac 9c]
Seat 1: edoschenko showed [Kh As] and won ($0.58) with a pair of Aces
Seat 2: MaxGram folded before Flop (didn't bet)
Seat 3: bepjho (button) folded before Flop (didn't bet)
Seat 4: Nosnel (small blind) showed [Ks 2h] and lost with a pair of Deuces
Seat 5: Colonel_King87 (big blind) folded on the Flop
Seat 6: hermanf folded before Flop (didn't bet)
Seat 7: Dorex2007 folded on the Flop
Seat 8: 2VERY folded before Flop (didn't bet)
Seat 9: RxxTJ folded before Flop (didn't bet)



PokerStars Hand #234645326635:  Hold'em No Limit ($0.01/$0.02 USD) - 2022/03/07 20:36:48 PT [2022/03/07 23:36:48 ET]
Table 'Bilkis II' 9-max Seat #4 is the button
Seat 1: edoschenko ($1.81 in chips) 
Seat 2: MaxGram ($4.16 in chips) 
Seat 3: bepjho ($2 in chips) 
Seat 4: Nosnel ($1.95 in chips) 
Seat 5: Colonel_King87 ($1.76 in chips) 
Seat 7: Dorex2007 ($2 in chips) 
Seat 8: 2VERY ($1.39 in chips) 
Seat 9: RxxTJ ($1.89 in chips) 
Colonel_King87: posts small blind $0.01
hermanf: is sitting out 
Dorex2007: posts big blind $0.02
*** HOLE CARDS ***
Dealt to Dorex2007 [8c 7d]
2VERY: folds 
RxxTJ: folds 
edoschenko: folds 
MaxGram: raises $0.04 to $0.06
bepjho: calls $0.06
Nosnel: calls $0.06
Colonel_King87: calls $0.05
Dorex2007: folds 
*** FLOP *** [Qh Ac 3h]
hermanf leaves the table
Colonel_King87: checks 
MaxGram: checks 
bepjho: bets $0.10
Nosnel: raises $0.92 to $1.02
Colonel_King87: folds 
the zan man68 joins the table at seat #6 
MaxGram: folds 
bepjho: raises $0.92 to $1.94 and is all-in
Nosnel: calls $0.87 and is all-in
Uncalled bet ($0.05) returned to bepjho
*** TURN *** [Qh Ac 3h] [5h]
*** RIVER *** [Qh Ac 3h 5h] [9s]
*** SHOW DOWN ***
bepjho: shows [Ah 2h] (a flush, Ace high)
Nosnel: shows [9c Qs] (two pair, Queens and Nines)
bepjho collected $3.90 from pot
Nosnel cashed out the hand for $0.46
*** SUMMARY ***
Total pot $4.04 | Rake $0.14 
Board [Qh Ac 3h 5h 9s]
Seat 1: edoschenko folded before Flop (didn't bet)
Seat 2: MaxGram folded on the Flop
Seat 3: bepjho showed [Ah 2h] and won ($3.90) with a flush, Ace high
Seat 4: Nosnel (button) showed [9c Qs] and lost with two pair, Queens and Nines (cashed out).
Seat 5: Colonel_King87 (small blind) folded on the Flop
Seat 7: Dorex2007 (big blind) folded before Flop
Seat 8: 2VERY folded before Flop (didn't bet)
Seat 9: RxxTJ folded before Flop (didn't bet)



PokerStars Hand #234645343112:  Hold'em No Limit ($0.01/$0.02 USD) - 2022/03/07 20:37:57 PT [2022/03/07 23:37:57 ET]
Table 'Bilkis II' 9-max Seat #5 is the button
Seat 1: edoschenko ($1.81 in chips) 
Seat 2: MaxGram ($4.10 in chips) 
Seat 3: bepjho ($3.95 in chips) 
Seat 4: Nosnel ($0.46 in chips) 
Seat 5: Colonel_King87 ($1.70 in chips) 
Seat 7: Dorex2007 ($2 in chips) 
Seat 8: 2VERY ($1.39 in chips) 
Seat 9: RxxTJ ($1.89 in chips) 
Dorex2007: posts small blind $0.01
2VERY: posts big blind $0.02
*** HOLE CARDS ***
Dealt to Dorex2007 [Kc 2h]
RxxTJ: folds 
edoschenko: folds 
MaxGram: folds 
bepjho: raises $0.03 to $0.05
Nosnel: calls $0.05
Colonel_King87: folds 
Dorex2007: folds 
2VERY: folds 
*** FLOP *** [2s 9c 2c]
bepjho: bets $0.07
Nosnel: folds 
Uncalled bet ($0.07) returned to bepjho
bepjho collected $0.13 from pot
bepjho: doesn't show hand 
*** SUMMARY ***
Total pot $0.13 | Rake $0 
Board [2s 9c 2c]
Seat 1: edoschenko folded before Flop (didn't bet)
Seat 2: MaxGram folded before Flop (didn't bet)
Seat 3: bepjho collected ($0.13)
Seat 4: Nosnel folded on the Flop
Seat 5: Colonel_King87 (button) folded before Flop (didn't bet)
Seat 7: Dorex2007 (small blind) folded before Flop
Seat 8: 2VERY (big blind) folded before Flop
Seat 9: RxxTJ folded before Flop (didn't bet)



PokerStars Hand #234645348020:  Hold'em No Limit ($0.01/$0.02 USD) - 2022/03/07 20:38:29 PT [2022/03/07 23:38:29 ET]
Table 'Bilkis II' 9-max Seat #7 is the button
Seat 1: edoschenko ($1.81 in chips) 
Seat 2: MaxGram ($4.10 in chips) 
Seat 3: bepjho ($4.03 in chips) 
Seat 4: Nosnel ($0.41 in chips) 
Seat 5: Colonel_King87 ($1.70 in chips) 
Seat 6: the zan man68 ($2 in chips) 
Seat 7: Dorex2007 ($2 in chips) 
Seat 8: 2VERY ($1.37 in chips) 
Seat 9: RxxTJ ($1.89 in chips) 
2VERY: posts small blind $0.01
RxxTJ: posts big blind $0.02
the zan man68: posts big blind $0.02
*** HOLE CARDS ***
Dealt to Dorex2007 [5h Jd]
edoschenko: folds 
MaxGram: folds 
bepjho: raises $0.03 to $0.05
Nosnel: calls $0.05
Colonel_King87: raises $0.03 to $0.08
the zan man68: calls $0.06
Dorex2007: folds 
2VERY: folds 
RxxTJ: folds 
bepjho: calls $0.03
Nosnel: calls $0.03
*** FLOP *** [Qc 9d Js]
bepjho: checks 
Nosnel: checks 
Colonel_King87: bets $0.12
the zan man68: folds 
bepjho: raises $0.17 to $0.29
Nosnel: calls $0.29
Colonel_King87: calls $0.17
*** TURN *** [Qc 9d Js] [Kd]
bepjho: bets $1.18
Nosnel: calls $0.04 and is all-in
Colonel_King87: raises $0.15 to $1.33 and is all-in
bepjho: calls $0.15
*** RIVER *** [Qc 9d Js Kd] [6h]
*** SHOW DOWN ***
bepjho: shows [Kh Tc] (a straight, Nine to King)
Colonel_King87: shows [Ks Qh] (two pair, Kings and Queens)
bepjho collected $2.49 from side pot
Nosnel: shows [7d 7c] (a pair of Sevens)
bepjho collected $1.29 from main pot
Nosnel cashed out the hand for $0.03
Colonel_King87 cashed out the hand for $0.38
*** SUMMARY ***
Total pot $3.92 Main pot $1.29. Side pot $2.49. | Rake $0.14 
Board [Qc 9d Js Kd 6h]
Seat 1: edoschenko folded before Flop (didn't bet)
Seat 2: MaxGram folded before Flop (didn't bet)
Seat 3: bepjho showed [Kh Tc] and won ($3.78) with a straight, Nine to King
Seat 4: Nosnel showed [7d 7c] and lost with a pair of Sevens (cashed out).
Seat 5: Colonel_King87 showed [Ks Qh] and lost with two pair, Kings and Queens (cashed out).
Seat 6: the zan man68 folded on the Flop
Seat 7: Dorex2007 (button) folded before Flop (didn't bet)
Seat 8: 2VERY (small blind) folded before Flop
Seat 9: RxxTJ (big blind) folded before Flop



PokerStars Hand #234645361061:  Hold'em No Limit ($0.01/$0.02 USD) - 2022/03/07 20:39:32 PT [2022/03/07 23:39:32 ET]
Table 'Bilkis II' 9-max Seat #8 is the button
Seat 1: edoschenko ($1.81 in chips) 
Seat 2: MaxGram ($4.10 in chips) 
Seat 3: bepjho ($6.11 in chips) 
Seat 4: Nosnel ($0.03 in chips) 
Seat 5: Colonel_King87 ($0.38 in chips) 
Seat 6: the zan man68 ($1.92 in chips) 
Seat 7: Dorex2007 ($2 in chips) 
Seat 8: 2VERY ($1.36 in chips) 
Seat 9: RxxTJ ($1.87 in chips) 
RxxTJ: posts small blind $0.01
edoschenko: posts big blind $0.02
*** HOLE CARDS ***
Dealt to Dorex2007 [Ac 7h]
MaxGram: folds 
bepjho: folds 
Nosnel: raises $0.01 to $0.03 and is all-in
Colonel_King87: folds 
the zan man68: folds 
Dorex2007: folds 
2VERY: folds 
RxxTJ: folds 
edoschenko: folds 
Uncalled bet ($0.01) returned to Nosnel
Nosnel collected $0.05 from pot
Nosnel: doesn't show hand 
*** SUMMARY ***
Total pot $0.05 | Rake $0 
Seat 1: edoschenko (big blind) folded before Flop
Seat 2: MaxGram folded before Flop (didn't bet)
Seat 3: bepjho folded before Flop (didn't bet)
Seat 4: Nosnel collected ($0.05)
Seat 5: Colonel_King87 folded before Flop (didn't bet)
Seat 6: the zan man68 folded before Flop (didn't bet)
Seat 7: Dorex2007 folded before Flop (didn't bet)
Seat 8: 2VERY (button) folded before Flop (didn't bet)
Seat 9: RxxTJ (small blind) folded before Flop



PokerStars Hand #234645363967:  Hold'em No Limit ($0.01/$0.02 USD) - 2022/03/07 20:39:52 PT [2022/03/07 23:39:52 ET]
Table 'Bilkis II' 9-max Seat #9 is the button
Seat 1: edoschenko ($1.79 in chips) 
Seat 2: MaxGram ($4.10 in chips) 
Seat 3: bepjho ($6.11 in chips) 
Seat 4: Nosnel ($0.06 in chips) 
Seat 5: Colonel_King87 ($0.38 in chips) 
Seat 6: the zan man68 ($1.92 in chips) 
Seat 7: Dorex2007 ($2 in chips) 
Seat 8: 2VERY ($1.36 in chips) 
Seat 9: RxxTJ ($1.86 in chips) 
edoschenko: posts small blind $0.01
MaxGram: posts big blind $0.02
*** HOLE CARDS ***
Dealt to Dorex2007 [3s Ks]
bepjho: folds 
Nosnel: folds 
Colonel_King87: folds 
the zan man68: calls $0.02
Dorex2007: folds 
2VERY: folds 
RxxTJ: folds 
edoschenko: folds 
MaxGram: checks 
*** FLOP *** [9d 7c 6h]
MaxGram: checks 
the zan man68: bets $0.02
MaxGram: folds 
Uncalled bet ($0.02) returned to the zan man68
the zan man68 collected $0.05 from pot
the zan man68: doesn't show hand 
*** SUMMARY ***
Total pot $0.05 | Rake $0 
Board [9d 7c 6h]
Seat 1: edoschenko (small blind) folded before Flop
Seat 2: MaxGram (big blind) folded on the Flop
Seat 3: bepjho folded before Flop (didn't bet)
Seat 4: Nosnel folded before Flop (didn't bet)
Seat 5: Colonel_King87 folded before Flop (didn't bet)
Seat 6: the zan man68 collected ($0.05)
Seat 7: Dorex2007 folded before Flop (didn't bet)
Seat 8: 2VERY folded before Flop (didn't bet)
Seat 9: RxxTJ (button) folded before Flop (didn't bet)



PokerStars Hand #234645368137:  Hold'em No Limit ($0.01/$0.02 USD) - 2022/03/07 20:40:20 PT [2022/03/07 23:40:20 ET]
Table 'Bilkis II' 9-max Seat #1 is the button
Seat 1: edoschenko ($1.78 in chips) 
Seat 2: MaxGram ($4.08 in chips) 
Seat 3: bepjho ($6.11 in chips) 
Seat 4: Nosnel ($0.06 in chips) 
Seat 5: Colonel_King87 ($0.38 in chips) 
Seat 6: the zan man68 ($1.95 in chips) 
Seat 7: Dorex2007 ($2 in chips) 
Seat 8: 2VERY ($1.36 in chips) 
Seat 9: RxxTJ ($1.86 in chips) 
MaxGram: posts small blind $0.01
bepjho: posts big blind $0.02
*** HOLE CARDS ***
Dealt to Dorex2007 [3d Th]
Nosnel: raises $0.04 to $0.06 and is all-in
Colonel_King87: calls $0.06
the zan man68: calls $0.06
Dorex2007: folds 
2VERY: folds 
RxxTJ: folds 
edoschenko: folds 
MaxGram: folds 
bepjho: folds 
*** FLOP *** [2s Jd 7s]
Colonel_King87: bets $0.02
the zan man68: calls $0.02
*** TURN *** [2s Jd 7s] [7h]
Colonel_King87: checks 
the zan man68: bets $0.12
Colonel_King87: calls $0.12
*** RIVER *** [2s Jd 7s 7h] [7d]
Colonel_King87: checks 
the zan man68: checks 
*** SHOW DOWN ***
Colonel_King87: shows [As Ts] (three of a kind, Sevens)
the zan man68: mucks hand 
Colonel_King87 collected $0.27 from side pot
Nosnel: shows [6s 6c] (a full house, Sevens full of Sixes)
Nosnel collected $0.20 from main pot
*** SUMMARY ***
Total pot $0.49 Main pot $0.20. Side pot $0.27. | Rake $0.02 
Board [2s Jd 7s 7h 7d]
Seat 1: edoschenko (button) folded before Flop (didn't bet)
Seat 2: MaxGram (small blind) folded before Flop
Seat 3: bepjho (big blind) folded before Flop
Seat 4: Nosnel showed [6s 6c] and won ($0.20) with a full house, Sevens full of Sixes
Seat 5: Colonel_King87 showed [As Ts] and won ($0.27) with three of a kind, Sevens
Seat 6: the zan man68 mucked [9d Td]
Seat 7: Dorex2007 folded before Flop (didn't bet)
Seat 8: 2VERY folded before Flop (didn't bet)
Seat 9: RxxTJ folded before Flop (didn't bet)



PokerStars Hand #234645377086:  Hold'em No Limit ($0.01/$0.02 USD) - 2022/03/07 20:41:18 PT [2022/03/07 23:41:18 ET]
Table 'Bilkis II' 9-max Seat #2 is the button
Seat 1: edoschenko ($1.78 in chips) 
Seat 2: MaxGram ($4.07 in chips) 
Seat 3: bepjho ($6.09 in chips) 
Seat 4: Nosnel ($0.20 in chips) 
Seat 5: Colonel_King87 ($0.45 in chips) 
Seat 6: the zan man68 ($1.75 in chips) 
Seat 7: Dorex2007 ($2 in chips) 
Seat 8: 2VERY ($1.36 in chips) 
Seat 9: RxxTJ ($1.86 in chips) 
bepjho: posts small blind $0.01
Nosnel: posts big blind $0.02
*** HOLE CARDS ***
Dealt to Dorex2007 [Kc 7d]
Colonel_King87: raises $0.02 to $0.04
the zan man68: folds 
Dorex2007: folds 
2VERY: folds 
RxxTJ: folds 
edoschenko: folds 
MaxGram: folds 
bepjho: calls $0.03
Nosnel: calls $0.02
*** FLOP *** [9d 7c 2c]
bepjho: bets $0.06
Nosnel: raises $0.10 to $0.16 and is all-in
Colonel_King87: calls $0.16
bepjho: raises $0.40 to $0.56
Colonel_King87: calls $0.25 and is all-in
Uncalled bet ($0.15) returned to bepjho
*** TURN *** [9d 7c 2c] [Ad]
*** RIVER *** [9d 7c 2c Ad] [8h]
*** SHOW DOWN ***
bepjho: shows [Qc 9h] (a pair of Nines)
Colonel_King87: shows [Ac As] (three of a kind, Aces)
Colonel_King87 collected $0.48 from side pot
Nosnel: shows [3c 5c] (high card Ace)
Colonel_King87 collected $0.58 from main pot
Nosnel cashed out the hand for $0.18
*** SUMMARY ***
Total pot $1.10 Main pot $0.58. Side pot $0.48. | Rake $0.04 
Board [9d 7c 2c Ad 8h]
Seat 1: edoschenko folded before Flop (didn't bet)
Seat 2: MaxGram (button) folded before Flop (didn't bet)
Seat 3: bepjho (small blind) showed [Qc 9h] and lost with a pair of Nines
Seat 4: Nosnel (big blind) showed [3c 5c] and lost with high card Ace (cashed out).
Seat 5: Colonel_King87 showed [Ac As] and won ($1.06) with three of a kind, Aces
Seat 6: the zan man68 folded before Flop (didn't bet)
Seat 7: Dorex2007 folded before Flop (didn't bet)
Seat 8: 2VERY folded before Flop (didn't bet)
Seat 9: RxxTJ folded before Flop (didn't bet)



PokerStars Hand #234645386378:  Hold'em No Limit ($0.01/$0.02 USD) - 2022/03/07 20:42:20 PT [2022/03/07 23:42:20 ET]
Table 'Bilkis II' 9-max Seat #3 is the button
Seat 1: edoschenko ($1.78 in chips) 
Seat 2: MaxGram ($4.07 in chips) 
Seat 3: bepjho ($5.64 in chips) 
Seat 4: Nosnel ($0.18 in chips) 
Seat 5: Colonel_King87 ($1.06 in chips) 
Seat 6: the zan man68 ($1.75 in chips) 
Seat 7: Dorex2007 ($2 in chips) 
Seat 8: 2VERY ($1.36 in chips) 
Seat 9: RxxTJ ($1.86 in chips) 
Nosnel: posts small blind $0.01
Colonel_King87: posts big blind $0.02
*** HOLE CARDS ***
Dealt to Dorex2007 [5d 9d]
the zan man68: calls $0.02
Dorex2007: folds 
2VERY: folds 
RxxTJ: folds 
edoschenko: folds 
MaxGram: folds 
bepjho: calls $0.02
Nosnel: calls $0.01
Colonel_King87: checks 
*** FLOP *** [2s 2c 2h]
Nosnel: checks 
Colonel_King87: checks 
the zan man68: checks 
bepjho: checks 
*** TURN *** [2s 2c 2h] [4d]
Nosnel: checks 
Colonel_King87: checks 
the zan man68: checks 
bepjho: bets $0.04
Nosnel: folds 
Colonel_King87: folds 
the zan man68: calls $0.04
*** RIVER *** [2s 2c 2h 4d] [7c]
the zan man68: bets $0.07
bepjho: calls $0.07
*** SHOW DOWN ***
the zan man68: shows [6d 7d] (a full house, Deuces full of Sevens)
bepjho: mucks hand 
the zan man68 collected $0.29 from pot
*** SUMMARY ***
Total pot $0.30 | Rake $0.01 
Board [2s 2c 2h 4d 7c]
Seat 1: edoschenko folded before Flop (didn't bet)
Seat 2: MaxGram folded before Flop (didn't bet)
Seat 3: bepjho (button) mucked [Jh 4h]
Seat 4: Nosnel (small blind) folded on the Turn
Seat 5: Colonel_King87 (big blind) folded on the Turn
Seat 6: the zan man68 showed [6d 7d] and won ($0.29) with a full house, Deuces full of Sevens
Seat 7: Dorex2007 folded before Flop (didn't bet)
Seat 8: 2VERY folded before Flop (didn't bet)
Seat 9: RxxTJ folded before Flop (didn't bet)



PokerStars Hand #234645393871:  Hold'em No Limit ($0.01/$0.02 USD) - 2022/03/07 20:43:09 PT [2022/03/07 23:43:09 ET]
Table 'Bilkis II' 9-max Seat #4 is the button
Seat 1: edoschenko ($1.78 in chips) 
Seat 2: MaxGram ($4.07 in chips) 
Seat 3: bepjho ($5.51 in chips) 
Seat 4: Nosnel ($0.16 in chips) 
Seat 5: Colonel_King87 ($1.04 in chips) 
Seat 6: the zan man68 ($1.91 in chips) 
Seat 7: Dorex2007 ($2 in chips) 
Seat 8: 2VERY ($1.36 in chips) 
Seat 9: RxxTJ ($1.86 in chips) 
Colonel_King87: posts small blind $0.01
the zan man68: posts big blind $0.02
*** HOLE CARDS ***
Dealt to Dorex2007 [6h 2h]
Dorex2007: folds 
2VERY: folds 
RxxTJ: folds 
edoschenko: folds 
MaxGram: folds 
bepjho: folds 
Nosnel: raises $0.02 to $0.04
Colonel_King87: folds 
the zan man68: calls $0.02
*** FLOP *** [3c 6d 4s]
the zan man68: bets $0.04
Nosnel: raises $0.08 to $0.12 and is all-in
the zan man68: calls $0.08
*** TURN *** [3c 6d 4s] [Jh]
*** RIVER *** [3c 6d 4s Jh] [Ks]
*** SHOW DOWN ***
the zan man68: shows [3h 2c] (a pair of Threes)
Nosnel: shows [Qc Td] (high card King)
the zan man68 collected $0.32 from pot
Nosnel cashed out the hand for $0.07
*** SUMMARY ***
Total pot $0.33 | Rake $0.01 
Board [3c 6d 4s Jh Ks]
Seat 1: edoschenko folded before Flop (didn't bet)
Seat 2: MaxGram folded before Flop (didn't bet)
Seat 3: bepjho folded before Flop (didn't bet)
Seat 4: Nosnel (button) showed [Qc Td] and lost with high card King (cashed out).
Seat 5: Colonel_King87 (small blind) folded before Flop
Seat 6: the zan man68 (big blind) showed [3h 2c] and won ($0.32) with a pair of Threes
Seat 7: Dorex2007 folded before Flop (didn't bet)
Seat 8: 2VERY folded before Flop (didn't bet)
Seat 9: RxxTJ folded before Flop (didn't bet)



PokerStars Hand #234645400782:  Hold'em No Limit ($0.01/$0.02 USD) - 2022/03/07 20:43:56 PT [2022/03/07 23:43:56 ET]
Table 'Bilkis II' 9-max Seat #5 is the button
Seat 1: edoschenko ($1.78 in chips) 
Seat 2: MaxGram ($4.07 in chips) 
Seat 3: bepjho ($5.51 in chips) 
Seat 4: Nosnel ($0.07 in chips) 
Seat 5: Colonel_King87 ($1.03 in chips) 
Seat 6: the zan man68 ($2.07 in chips) 
Seat 7: Dorex2007 ($2 in chips) 
Seat 8: 2VERY ($1.36 in chips) 
Seat 9: RxxTJ ($1.86 in chips) 
the zan man68: posts small blind $0.01
Dorex2007: posts big blind $0.02
*** HOLE CARDS ***
Dealt to Dorex2007 [2h 4c]
2VERY: folds 
RxxTJ: folds 
edoschenko: folds 
MaxGram: raises $0.04 to $0.06
bepjho: folds 
Nosnel: raises $0.01 to $0.07 and is all-in
Colonel_King87: folds 
the zan man68: folds 
Dorex2007: folds 
MaxGram: calls $0.01
*** FLOP *** [4h Qd 9c]
*** TURN *** [4h Qd 9c] [4s]
*** RIVER *** [4h Qd 9c 4s] [Ts]
*** SHOW DOWN ***
MaxGram: shows [Jd As] (a pair of Fours)
Nosnel: shows [3d 9h] (two pair, Nines and Fours)
Nosnel cashed out the hand for $0.05
*** SUMMARY ***
Total pot $0.17 | Rake $0.01 
Board [4h Qd 9c 4s Ts]
Seat 1: edoschenko folded before Flop (didn't bet)
Seat 2: MaxGram showed [Jd As] and lost with a pair of Fours
Seat 3: bepjho folded before Flop (didn't bet)
Seat 4: Nosnel showed [3d 9h] and won ($0.16) with two pair, Nines and Fours (pot not awarded as player cashed out)
Seat 5: Colonel_King87 (button) folded before Flop (didn't bet)
Seat 6: the zan man68 (small blind) folded before Flop
Seat 7: Dorex2007 (big blind) folded before Flop
Seat 8: 2VERY folded before Flop (didn't bet)
Seat 9: RxxTJ folded before Flop (didn't bet)



PokerStars Hand #234645405651:  Hold'em No Limit ($0.01/$0.02 USD) - 2022/03/07 20:44:28 PT [2022/03/07 23:44:28 ET]
Table 'Bilkis II' 9-max Seat #6 is the button
Seat 1: edoschenko ($1.78 in chips) 
Seat 2: MaxGram ($4 in chips) 
Seat 3: bepjho ($5.51 in chips) 
Seat 4: Nosnel ($0.05 in chips) 
Seat 5: Colonel_King87 ($1.03 in chips) 
Seat 6: the zan man68 ($2.06 in chips) 
Seat 7: Dorex2007 ($2 in chips) 
Seat 8: 2VERY ($1.36 in chips) 
Seat 9: RxxTJ ($1.86 in chips) 
Dorex2007: posts small blind $0.01
2VERY: posts big blind $0.02
*** HOLE CARDS ***
Dealt to Dorex2007 [6c 4h]
RxxTJ: folds 
edoschenko: folds 
MaxGram: folds 
bepjho: folds 
Nosnel: raises $0.03 to $0.05 and is all-in
Colonel_King87: calls $0.05
the zan man68: folds 
Dorex2007: folds 
2VERY: folds 
*** FLOP *** [Ks 3c 6d]
*** TURN *** [Ks 3c 6d] [Jd]
*** RIVER *** [Ks 3c 6d Jd] [3h]
*** SHOW DOWN ***
Nosnel: shows [5h 5c] (two pair, Fives and Threes)
Colonel_King87: shows [2d Ad] (a pair of Threes)
Nosnel cashed out the hand for $0.09
*** SUMMARY ***
Total pot $0.13 | Rake $0 
Board [Ks 3c 6d Jd 3h]
Seat 1: edoschenko folded before Flop (didn't bet)
Seat 2: MaxGram folded before Flop (didn't bet)
Seat 3: bepjho folded before Flop (didn't bet)
Seat 4: Nosnel showed [5h 5c] and won ($0.13) with two pair, Fives and Threes (pot not awarded as player cashed out)
Seat 5: Colonel_King87 showed [2d Ad] and lost with a pair of Threes
Seat 6: the zan man68 (button) folded before Flop (didn't bet)
Seat 7: Dorex2007 (small blind) folded before Flop
Seat 8: 2VERY (big blind) folded before Flop
Seat 9: RxxTJ folded before Flop (didn't bet)



PokerStars Hand #234645410666:  Hold'em No Limit ($0.01/$0.02 USD) - 2022/03/07 20:45:02 PT [2022/03/07 23:45:02 ET]
Table 'Bilkis II' 9-max Seat #7 is the button
Seat 1: edoschenko ($1.78 in chips) 
Seat 2: MaxGram ($4 in chips) 
Seat 3: bepjho ($5.51 in chips) 
Seat 4: Nosnel ($0.09 in chips) 
Seat 5: Colonel_King87 ($0.98 in chips) 
Seat 6: the zan man68 ($2.06 in chips) 
Seat 7: Dorex2007 ($2 in chips) 
Seat 8: 2VERY ($1.34 in chips) 
Seat 9: RxxTJ ($1.86 in chips) 
2VERY: posts small blind $0.01
RxxTJ: posts big blind $0.02
*** HOLE CARDS ***
Dealt to Dorex2007 [Ac 9c]
edoschenko: folds 
MaxGram: folds 
bepjho: folds 
Nosnel: raises $0.07 to $0.09 and is all-in
Colonel_King87: folds 
the zan man68: calls $0.09
Dorex2007: folds 
2VERY: folds 
RxxTJ: folds 
*** FLOP *** [3s Th Ad]
*** TURN *** [3s Th Ad] [5h]
*** RIVER *** [3s Th Ad 5h] [2c]
*** SHOW DOWN ***
Nosnel: shows [Ts Jc] (a pair of Tens)
the zan man68: shows [7s Ks] (high card Ace)
Nosnel cashed out the hand for $0.09
*** SUMMARY ***
Total pot $0.21 | Rake $0.01 
Board [3s Th Ad 5h 2c]
Seat 1: edoschenko folded before Flop (didn't bet)
Seat 2: MaxGram folded before Flop (didn't bet)
Seat 3: bepjho folded before Flop (didn't bet)
Seat 4: Nosnel showed [Ts Jc] and won ($0.20) with a pair of Tens (pot not awarded as player cashed out)
Seat 5: Colonel_King87 folded before Flop (didn't bet)
Seat 6: the zan man68 showed [7s Ks] and lost with high card Ace
Seat 7: Dorex2007 (button) folded before Flop (didn't bet)
Seat 8: 2VERY (small blind) folded before Flop
Seat 9: RxxTJ (big blind) folded before Flop



PokerStars Hand #234645414818:  Hold'em No Limit ($0.01/$0.02 USD) - 2022/03/07 20:45:30 PT [2022/03/07 23:45:30 ET]
Table 'Bilkis II' 9-max Seat #8 is the button
Seat 1: edoschenko ($1.78 in chips) 
Seat 2: MaxGram ($4 in chips) 
Seat 3: bepjho ($5.51 in chips) 
Seat 4: Nosnel ($0.09 in chips) 
Seat 5: Colonel_King87 ($0.98 in chips) 
Seat 6: the zan man68 ($1.97 in chips) 
Seat 7: Dorex2007 ($2 in chips) 
Seat 8: 2VERY ($1.33 in chips) 
Seat 9: RxxTJ ($1.84 in chips) 
RxxTJ: posts small blind $0.01
edoschenko: posts big blind $0.02
*** HOLE CARDS ***
Dealt to Dorex2007 [9c 7s]
MaxGram: folds 
bepjho: raises $0.03 to $0.05
Nosnel: calls $0.05
Colonel_King87: folds 
the zan man68: folds 
Dorex2007: folds 
2VERY: folds 
RxxTJ: folds 
edoschenko: folds 
*** FLOP *** [3h Ah Qs]
bepjho: bets $0.04
Nosnel: calls $0.04 and is all-in
*** TURN *** [3h Ah Qs] [5d]
*** RIVER *** [3h Ah Qs 5d] [4h]
*** SHOW DOWN ***
bepjho: shows [8h 8c] (a pair of Eights)
Nosnel: shows [4d 4s] (three of a kind, Fours)
bepjho cashed out the hand for $0.19
Nosnel cashed out the hand for $0.01
*** SUMMARY ***
Total pot $0.21 | Rake $0.01 
Board [3h Ah Qs 5d 4h]
Seat 1: edoschenko (big blind) folded before Flop
Seat 2: MaxGram folded before Flop (didn't bet)
Seat 3: bepjho showed [8h 8c] and lost with a pair of Eights (cashed out).
Seat 4: Nosnel showed [4d 4s] and won ($0.20) with three of a kind, Fours (pot not awarded as player cashed out)
Seat 5: Colonel_King87 folded before Flop (didn't bet)
Seat 6: the zan man68 folded before Flop (didn't bet)
Seat 7: Dorex2007 folded before Flop (didn't bet)
Seat 8: 2VERY (button) folded before Flop (didn't bet)
Seat 9: RxxTJ (small blind) folded before Flop



PokerStars Hand #234645421037:  Hold'em No Limit ($0.01/$0.02 USD) - 2022/03/07 20:46:13 PT [2022/03/07 23:46:13 ET]
Table 'Bilkis II' 9-max Seat #9 is the button
Seat 1: edoschenko ($1.76 in chips) 
Seat 2: MaxGram ($4 in chips) 
Seat 3: bepjho ($5.61 in chips) 
Seat 5: Colonel_King87 ($0.98 in chips) 
Seat 6: the zan man68 ($1.97 in chips) 
Seat 7: Dorex2007 ($2 in chips) 
Seat 8: 2VERY ($1.33 in chips) 
Seat 9: RxxTJ ($1.83 in chips) 
edoschenko: posts small blind $0.01
MaxGram: posts big blind $0.02
*** HOLE CARDS ***
Dealt to Dorex2007 [6s Th]
bepjho: folds 
Colonel_King87: folds 
the zan man68: calls $0.02
Dorex2007: folds 
2VERY: folds 
RxxTJ: folds 
edoschenko: folds 
MaxGram: raises $0.06 to $0.08
the zan man68: calls $0.06
*** FLOP *** [Ah 6c 5h]
MaxGram: checks 
the zan man68: bets $0.08
MaxGram: folds 
Uncalled bet ($0.08) returned to the zan man68
the zan man68 collected $0.16 from pot
the zan man68: doesn't show hand 
*** SUMMARY ***
Total pot $0.17 | Rake $0.01 
Board [Ah 6c 5h]
Seat 1: edoschenko (small blind) folded before Flop
Seat 2: MaxGram (big blind) folded on the Flop
Seat 3: bepjho folded before Flop (didn't bet)
Seat 5: Colonel_King87 folded before Flop (didn't bet)
Seat 6: the zan man68 collected ($0.16)
Seat 7: Dorex2007 folded before Flop (didn't bet)
Seat 8: 2VERY folded before Flop (didn't bet)
Seat 9: RxxTJ (button) folded before Flop (didn't bet)



PokerStars Hand #234645424923:  Hold'em No Limit ($0.01/$0.02 USD) - 2022/03/07 20:46:39 PT [2022/03/07 23:46:39 ET]
Table 'Bilkis II' 9-max Seat #1 is the button
Seat 1: edoschenko ($1.75 in chips) 
Seat 2: MaxGram ($3.92 in chips) 
Seat 3: bepjho ($5.61 in chips) 
Seat 4: Nosnel ($2 in chips) 
Seat 5: Colonel_King87 ($0.98 in chips) 
Seat 6: the zan man68 ($2.05 in chips) 
Seat 7: Dorex2007 ($2 in chips) 
Seat 8: 2VERY ($1.33 in chips) 
Seat 9: RxxTJ ($1.83 in chips) 
MaxGram: posts small blind $0.01
bepjho: posts big blind $0.02
*** HOLE CARDS ***
Dealt to Dorex2007 [9d 6c]
Nosnel: calls $0.02
Colonel_King87: calls $0.02
the zan man68: calls $0.02
Dorex2007: folds 
2VERY: folds 
RxxTJ: folds 
edoschenko: raises $0.12 to $0.14
MaxGram: folds 
bepjho: folds 
Nosnel: calls $0.12
Colonel_King87: folds 
the zan man68: calls $0.12
*** FLOP *** [5d Qd 6h]
Nosnel: checks 
the zan man68: checks 
edoschenko: checks 
*** TURN *** [5d Qd 6h] [Jh]
Nosnel: checks 
the zan man68: bets $0.22
edoschenko: folds 
Nosnel: raises $0.78 to $1
the zan man68: calls $0.78
*** RIVER *** [5d Qd 6h Jh] [3d]
Nosnel: checks 
the zan man68: checks 
*** SHOW DOWN ***
Nosnel: shows [Js 7c] (a pair of Jacks)
the zan man68: mucks hand 
Nosnel collected $2.38 from pot
*** SUMMARY ***
Total pot $2.47 | Rake $0.09 
Board [5d Qd 6h Jh 3d]
Seat 1: edoschenko (button) folded on the Turn
Seat 2: MaxGram (small blind) folded before Flop
Seat 3: bepjho (big blind) folded before Flop
Seat 4: Nosnel showed [Js 7c] and won ($2.38) with a pair of Jacks
Seat 5: Colonel_King87 folded before Flop
Seat 6: the zan man68 mucked [Th Kc]
Seat 7: Dorex2007 folded before Flop (didn't bet)
Seat 8: 2VERY folded before Flop (didn't bet)
Seat 9: RxxTJ folded before Flop (didn't bet)



PokerStars Hand #234645436233:  Hold'em No Limit ($0.01/$0.02 USD) - 2022/03/07 20:47:57 PT [2022/03/07 23:47:57 ET]
Table 'Bilkis II' 9-max Seat #2 is the button
Seat 1: edoschenko ($1.61 in chips) 
Seat 2: MaxGram ($3.91 in chips) 
Seat 3: bepjho ($5.59 in chips) 
Seat 4: Nosnel ($3.24 in chips) 
Seat 5: Colonel_King87 ($0.96 in chips) 
Seat 6: the zan man68 ($0.91 in chips) 
Seat 7: Dorex2007 ($2 in chips) 
Seat 8: 2VERY ($1.33 in chips) 
Seat 9: RxxTJ ($1.83 in chips) 
bepjho: posts small blind $0.01
Nosnel: posts big blind $0.02
*** HOLE CARDS ***
Dealt to Dorex2007 [6d 3c]
Colonel_King87: folds 
the zan man68: folds 
Dorex2007: folds 
2VERY: folds 
RxxTJ: folds 
edoschenko: folds 
MaxGram: raises $0.03 to $0.05
bepjho: folds 
Nosnel: calls $0.03
*** FLOP *** [2d Ad Jh]
Nosnel: checks 
MaxGram: bets $0.06
Nosnel: folds 
Uncalled bet ($0.06) returned to MaxGram
MaxGram collected $0.11 from pot
MaxGram: doesn't show hand 
*** SUMMARY ***
Total pot $0.11 | Rake $0 
Board [2d Ad Jh]
Seat 1: edoschenko folded before Flop (didn't bet)
Seat 2: MaxGram (button) collected ($0.11)
Seat 3: bepjho (small blind) folded before Flop
Seat 4: Nosnel (big blind) folded on the Flop
Seat 5: Colonel_King87 folded before Flop (didn't bet)
Seat 6: the zan man68 folded before Flop (didn't bet)
Seat 7: Dorex2007 folded before Flop (didn't bet)
Seat 8: 2VERY folded before Flop (didn't bet)
Seat 9: RxxTJ folded before Flop (didn't bet)



PokerStars Hand #234645441505:  Hold'em No Limit ($0.01/$0.02 USD) - 2022/03/07 20:48:33 PT [2022/03/07 23:48:33 ET]
Table 'Bilkis II' 9-max Seat #3 is the button
Seat 1: edoschenko ($1.61 in chips) 
Seat 2: MaxGram ($3.97 in chips) 
Seat 3: bepjho ($5.58 in chips) 
Seat 4: Nosnel ($3.19 in chips) 
Seat 5: Colonel_King87 ($0.96 in chips) 
Seat 6: the zan man68 ($0.91 in chips) 
Seat 7: Dorex2007 ($2 in chips) 
Seat 8: 2VERY ($1.33 in chips) 
Seat 9: RxxTJ ($1.83 in chips) 
Nosnel: posts small blind $0.01
Colonel_King87: posts big blind $0.02
*** HOLE CARDS ***
Dealt to Dorex2007 [Qs Qh]
the zan man68: folds 
Dorex2007: raises $0.04 to $0.06
2VERY: folds 
RxxTJ: folds 
edoschenko: raises $0.15 to $0.21
MaxGram: folds 
bepjho: folds 
Nosnel: calls $0.20
Colonel_King87: folds 
Dorex2007: calls $0.15
*** FLOP *** [8h Tc 3s]
Nosnel: checks 
Dorex2007: checks 
edoschenko: bets $0.32
Nosnel: folds 
Dorex2007: calls $0.32
*** TURN *** [8h Tc 3s] [7c]
Dorex2007: checks 
edoschenko: bets $1.08 and is all-in
Dorex2007: folds 
Uncalled bet ($1.08) returned to edoschenko
edoschenko collected $1.24 from pot
*** SUMMARY ***
Total pot $1.29 | Rake $0.05 
Board [8h Tc 3s 7c]
Seat 1: edoschenko collected ($1.24)
Seat 2: MaxGram folded before Flop (didn't bet)
Seat 3: bepjho (button) folded before Flop (didn't bet)
Seat 4: Nosnel (small blind) folded on the Flop
Seat 5: Colonel_King87 (big blind) folded before Flop
Seat 6: the zan man68 folded before Flop (didn't bet)
Seat 7: Dorex2007 folded on the Turn
Seat 8: 2VERY folded before Flop (didn't bet)
Seat 9: RxxTJ folded before Flop (didn't bet)



PokerStars Hand #234645450972:  Hold'em No Limit ($0.01/$0.02 USD) - 2022/03/07 20:49:39 PT [2022/03/07 23:49:39 ET]
Table 'Bilkis II' 9-max Seat #4 is the button
Seat 1: edoschenko ($2.32 in chips) 
Seat 2: MaxGram ($3.97 in chips) 
Seat 3: bepjho ($5.58 in chips) 
Seat 4: Nosnel ($2.98 in chips) 
Seat 5: Colonel_King87 ($0.94 in chips) 
Seat 6: the zan man68 ($0.91 in chips) 
Seat 7: Dorex2007 ($2 in chips) 
Seat 8: 2VERY ($1.33 in chips) 
Seat 9: RxxTJ ($1.83 in chips) 
Colonel_King87: posts small blind $0.01
the zan man68: posts big blind $0.02
*** HOLE CARDS ***
Dealt to Dorex2007 [8s As]
Dorex2007: raises $0.02 to $0.04
2VERY: folds 
RxxTJ: folds 
edoschenko: folds 
MaxGram: folds 
bepjho: folds 
Nosnel: calls $0.04
Colonel_King87: folds 
the zan man68: calls $0.02
*** FLOP *** [5h Qd 6h]
the zan man68: checks 
Dorex2007: checks 
Nosnel: bets $0.04
the zan man68: folds 
Dorex2007: folds 
Uncalled bet ($0.04) returned to Nosnel
Nosnel collected $0.13 from pot
Nosnel: doesn't show hand 
*** SUMMARY ***
Total pot $0.13 | Rake $0 
Board [5h Qd 6h]
Seat 1: edoschenko folded before Flop (didn't bet)
Seat 2: MaxGram folded before Flop (didn't bet)
Seat 3: bepjho folded before Flop (didn't bet)
Seat 4: Nosnel (button) collected ($0.13)
Seat 5: Colonel_King87 (small blind) folded before Flop
Seat 6: the zan man68 (big blind) folded on the Flop
Seat 7: Dorex2007 folded on the Flop
Seat 8: 2VERY folded before Flop (didn't bet)
Seat 9: RxxTJ folded before Flop (didn't bet)



PokerStars Hand #234645455016:  Hold'em No Limit ($0.01/$0.02 USD) - 2022/03/07 20:50:07 PT [2022/03/07 23:50:07 ET]
Table 'Bilkis II' 9-max Seat #5 is the button
Seat 1: edoschenko ($2.32 in chips) 
Seat 2: MaxGram ($3.97 in chips) 
Seat 3: bepjho ($5.58 in chips) 
Seat 4: Nosnel ($3.07 in chips) 
Seat 5: Colonel_King87 ($0.93 in chips) 
Seat 6: the zan man68 ($0.87 in chips) 
Seat 7: Dorex2007 ($2 in chips) 
Seat 8: 2VERY ($1.33 in chips) 
Seat 9: RxxTJ ($1.83 in chips) 
the zan man68: posts small blind $0.01
Dorex2007: posts big blind $0.02
*** HOLE CARDS ***
Dealt to Dorex2007 [5c 6d]
2VERY: raises $0.04 to $0.06
RxxTJ: folds 
edoschenko: folds 
MaxGram: folds 
bepjho: folds 
Nosnel: calls $0.06
Colonel_King87: folds 
the zan man68: folds 
Dorex2007: folds 
*** FLOP *** [9c 2d Ac]
2VERY: bets $0.07
Nosnel: calls $0.07
*** TURN *** [9c 2d Ac] [Ts]
2VERY: bets $0.20
Nosnel: calls $0.20
*** RIVER *** [9c 2d Ac Ts] [7c]
2VERY: bets $0.25
Nosnel: calls $0.25
*** SHOW DOWN ***
2VERY: shows [Ah Kd] (a pair of Aces)
Nosnel: mucks hand 
2VERY collected $1.15 from pot
*** SUMMARY ***
Total pot $1.19 | Rake $0.04 
Board [9c 2d Ac Ts 7c]
Seat 1: edoschenko folded before Flop (didn't bet)
Seat 2: MaxGram folded before Flop (didn't bet)
Seat 3: bepjho folded before Flop (didn't bet)
Seat 4: Nosnel mucked [9d 5s]
Seat 5: Colonel_King87 (button) folded before Flop (didn't bet)
Seat 6: the zan man68 (small blind) folded before Flop
Seat 7: Dorex2007 (big blind) folded before Flop
Seat 8: 2VERY showed [Ah Kd] and won ($1.15) with a pair of Aces
Seat 9: RxxTJ folded before Flop (didn't bet)



PokerStars Hand #234645460791:  Hold'em No Limit ($0.01/$0.02 USD) - 2022/03/07 20:50:47 PT [2022/03/07 23:50:47 ET]
Table 'Bilkis II' 9-max Seat #6 is the button
Seat 1: edoschenko ($2.32 in chips) 
Seat 2: MaxGram ($3.97 in chips) 
Seat 3: bepjho ($5.58 in chips) 
Seat 4: Nosnel ($2.49 in chips) 
Seat 5: Colonel_King87 ($0.93 in chips) 
Seat 6: the zan man68 ($0.86 in chips) 
Seat 7: Dorex2007 ($2 in chips) 
Seat 8: 2VERY ($1.90 in chips) 
Seat 9: RxxTJ ($1.83 in chips) 
Dorex2007: posts small blind $0.01
2VERY: posts big blind $0.02
*** HOLE CARDS ***
Dealt to Dorex2007 [4h Kc]
RxxTJ: folds 
edoschenko: folds 
MaxGram: folds 
bepjho: folds 
Nosnel: calls $0.02
Colonel_King87: folds 
the zan man68: folds 
Dorex2007: folds 
2VERY: checks 
*** FLOP *** [Kh 2s 8d]
2VERY: checks 
Nosnel: bets $0.02
2VERY: folds 
Uncalled bet ($0.02) returned to Nosnel
Nosnel collected $0.05 from pot
Nosnel: doesn't show hand 
*** SUMMARY ***
Total pot $0.05 | Rake $0 
Board [Kh 2s 8d]
Seat 1: edoschenko folded before Flop (didn't bet)
Seat 2: MaxGram folded before Flop (didn't bet)
Seat 3: bepjho folded before Flop (didn't bet)
Seat 4: Nosnel collected ($0.05)
Seat 5: Colonel_King87 folded before Flop (didn't bet)
Seat 6: the zan man68 (button) folded before Flop (didn't bet)
Seat 7: Dorex2007 (small blind) folded before Flop
Seat 8: 2VERY (big blind) folded on the Flop
Seat 9: RxxTJ folded before Flop (didn't bet)



PokerStars Hand #234645464548:  Hold'em No Limit ($0.01/$0.02 USD) - 2022/03/07 20:51:13 PT [2022/03/07 23:51:13 ET]
Table 'Bilkis II' 9-max Seat #7 is the button
Seat 1: edoschenko ($2.32 in chips) 
Seat 2: MaxGram ($3.97 in chips) 
Seat 3: bepjho ($5.58 in chips) 
Seat 4: Nosnel ($2.52 in chips) 
Seat 5: Colonel_King87 ($0.93 in chips) 
Seat 6: the zan man68 ($0.86 in chips) 
Seat 7: Dorex2007 ($2 in chips) 
Seat 8: 2VERY ($1.88 in chips) 
Seat 9: RxxTJ ($1.83 in chips) 
2VERY: posts small blind $0.01
RxxTJ: posts big blind $0.02
*** HOLE CARDS ***
Dealt to Dorex2007 [Qs 4h]
edoschenko: folds 
MaxGram: folds 
bepjho: folds 
Nosnel: calls $0.02
Colonel_King87: folds 
the zan man68: calls $0.02
Dorex2007: folds 
2VERY: folds 
RxxTJ: checks 
*** FLOP *** [9d 6d 2d]
RxxTJ: checks 
Nosnel: checks 
the zan man68: checks 
*** TURN *** [9d 6d 2d] [Tc]
RxxTJ: checks 
Nosnel: checks 
the zan man68: checks 
*** RIVER *** [9d 6d 2d Tc] [Ks]
RxxTJ: checks 
Nosnel: bets $0.02
the zan man68: raises $0.11 to $0.13
RxxTJ: folds 
Nosnel: calls $0.11
*** SHOW DOWN ***
the zan man68: shows [Jh Qh] (a straight, Nine to King)
Nosnel: mucks hand 
the zan man68 collected $0.32 from pot
*** SUMMARY ***
Total pot $0.33 | Rake $0.01 
Board [9d 6d 2d Tc Ks]
Seat 1: edoschenko folded before Flop (didn't bet)
Seat 2: MaxGram folded before Flop (didn't bet)
Seat 3: bepjho folded before Flop (didn't bet)
Seat 4: Nosnel mucked [Kc 8c]
Seat 5: Colonel_King87 folded before Flop (didn't bet)
Seat 6: the zan man68 showed [Jh Qh] and won ($0.32) with a straight, Nine to King
Seat 7: Dorex2007 (button) folded before Flop (didn't bet)
Seat 8: 2VERY (small blind) folded before Flop
Seat 9: RxxTJ (big blind) folded on the River



PokerStars Hand #234645471391:  Hold'em No Limit ($0.01/$0.02 USD) - 2022/03/07 20:52:01 PT [2022/03/07 23:52:01 ET]
Table 'Bilkis II' 9-max Seat #8 is the button
Seat 1: edoschenko ($2.32 in chips) 
Seat 2: MaxGram ($3.97 in chips) 
Seat 3: bepjho ($5.58 in chips) 
Seat 4: Nosnel ($2.37 in chips) 
Seat 5: Colonel_King87 ($0.93 in chips) 
Seat 6: the zan man68 ($1.03 in chips) 
Seat 7: Dorex2007 ($2 in chips) 
Seat 8: 2VERY ($1.87 in chips) 
Seat 9: RxxTJ ($1.81 in chips) 
RxxTJ: posts small blind $0.01
edoschenko: posts big blind $0.02
*** HOLE CARDS ***
Dealt to Dorex2007 [3d 4c]
MaxGram: folds 
bepjho: raises $0.03 to $0.05
Nosnel: raises $0.03 to $0.08
Colonel_King87: folds 
the zan man68: calls $0.08
Dorex2007: folds 
2VERY: folds 
RxxTJ: folds 
edoschenko: folds 
bepjho: calls $0.03
*** FLOP *** [5h Kd Kh]
bepjho: checks 
Nosnel: bets $0.08
the zan man68: folds 
bepjho: calls $0.08
*** TURN *** [5h Kd Kh] [Qd]
bepjho: checks 
Nosnel: bets $0.08
bepjho: raises $0.17 to $0.25
Nosnel: calls $0.17
*** RIVER *** [5h Kd Kh Qd] [5c]
bepjho: bets $0.60
Nosnel: calls $0.60
*** SHOW DOWN ***
bepjho: shows [9c Kc] (a full house, Kings full of Fives)
Nosnel: mucks hand 
bepjho collected $2.06 from pot
*** SUMMARY ***
Total pot $2.13 | Rake $0.07 
Board [5h Kd Kh Qd 5c]
Seat 1: edoschenko (big blind) folded before Flop
Seat 2: MaxGram folded before Flop (didn't bet)
Seat 3: bepjho showed [9c Kc] and won ($2.06) with a full house, Kings full of Fives
Seat 4: Nosnel mucked [Jd Js]
Seat 5: Colonel_King87 folded before Flop (didn't bet)
Seat 6: the zan man68 folded on the Flop
Seat 7: Dorex2007 folded before Flop (didn't bet)
Seat 8: 2VERY (button) folded before Flop (didn't bet)
Seat 9: RxxTJ (small blind) folded before Flop



PokerStars Hand #234645478904:  Hold'em No Limit ($0.01/$0.02 USD) - 2022/03/07 20:52:53 PT [2022/03/07 23:52:53 ET]
Table 'Bilkis II' 9-max Seat #9 is the button
Seat 1: edoschenko ($2.30 in chips) 
Seat 3: bepjho ($6.63 in chips) 
Seat 4: Nosnel ($1.36 in chips) 
Seat 5: Colonel_King87 ($0.93 in chips) 
Seat 6: the zan man68 ($0.95 in chips) 
Seat 7: Dorex2007 ($2 in chips) 
Seat 8: 2VERY ($1.87 in chips) 
Seat 9: RxxTJ ($1.80 in chips) 
edoschenko: posts small blind $0.01
MaxGram: is sitting out 
MaxGram leaves the table
bepjho: posts big blind $0.02
*** HOLE CARDS ***
Dealt to Dorex2007 [Js Qd]
Crushpad joins the table at seat #2 
Nosnel: calls $0.02
Colonel_King87: raises $0.02 to $0.04
the zan man68: calls $0.04
Dorex2007: calls $0.04
2VERY: folds 
RxxTJ: folds 
edoschenko: folds 
bepjho: calls $0.02
Nosnel: calls $0.02
*** FLOP *** [7c 2d Ts]
bepjho: checks 
Nosnel: checks 
Colonel_King87: checks 
the zan man68: bets $0.10
Dorex2007: folds 
bepjho: folds 
Nosnel: folds 
Colonel_King87: folds 
Uncalled bet ($0.10) returned to the zan man68
the zan man68 collected $0.20 from pot
the zan man68: doesn't show hand 
*** SUMMARY ***
Total pot $0.21 | Rake $0.01 
Board [7c 2d Ts]
Seat 1: edoschenko (small blind) folded before Flop
Seat 3: bepjho (big blind) folded on the Flop
Seat 4: Nosnel folded on the Flop
Seat 5: Colonel_King87 folded on the Flop
Seat 6: the zan man68 collected ($0.20)
Seat 7: Dorex2007 folded on the Flop
Seat 8: 2VERY folded before Flop (didn't bet)
Seat 9: RxxTJ (button) folded before Flop (didn't bet)



PokerStars Hand #234645492535:  Hold'em No Limit ($0.01/$0.02 USD) - 2022/03/07 20:53:34 PT [2022/03/07 23:53:34 ET]
Table 'Bilkis II' 9-max Seat #1 is the button
Seat 1: edoschenko ($2.29 in chips) 
Seat 3: bepjho ($6.59 in chips) 
Seat 4: Nosnel ($1.32 in chips) 
Seat 5: Colonel_King87 ($0.89 in chips) 
Seat 6: the zan man68 ($1.11 in chips) 
Seat 7: Dorex2007 ($2 in chips) 
Seat 8: 2VERY ($1.87 in chips) 
Seat 9: RxxTJ ($1.80 in chips) 
bepjho: posts small blind $0.01
Nosnel: posts big blind $0.02
*** HOLE CARDS ***
Dealt to Dorex2007 [9c Ts]
Colonel_King87: folds 
the zan man68: folds 
Dorex2007: folds 
2VERY: folds 
RxxTJ: folds 
edoschenko: folds 
bepjho: folds 
Uncalled bet ($0.01) returned to Nosnel
Nosnel collected $0.02 from pot
Nosnel: doesn't show hand 
*** SUMMARY ***
Total pot $0.02 | Rake $0 
Seat 1: edoschenko (button) folded before Flop (didn't bet)
Seat 3: bepjho (small blind) folded before Flop
Seat 4: Nosnel (big blind) collected ($0.02)
Seat 5: Colonel_King87 folded before Flop (didn't bet)
Seat 6: the zan man68 folded before Flop (didn't bet)
Seat 7: Dorex2007 folded before Flop (didn't bet)
Seat 8: 2VERY folded before Flop (didn't bet)
Seat 9: RxxTJ folded before Flop (didn't bet)



PokerStars Hand #234645494476:  Hold'em No Limit ($0.01/$0.02 USD) - 2022/03/07 20:53:47 PT [2022/03/07 23:53:47 ET]
Table 'Bilkis II' 9-max Seat #3 is the button
Seat 1: edoschenko ($2.29 in chips) 
Seat 3: bepjho ($6.58 in chips) 
Seat 4: Nosnel ($1.33 in chips) 
Seat 5: Colonel_King87 ($0.89 in chips) 
Seat 6: the zan man68 ($1.11 in chips) 
Seat 7: Dorex2007 ($2 in chips) 
Seat 8: 2VERY ($1.87 in chips) 
Seat 9: RxxTJ ($1.80 in chips) 
Nosnel: posts small blind $0.01
Colonel_King87: posts big blind $0.02
Crushpad: sits out 
*** HOLE CARDS ***
Dealt to Dorex2007 [5s Td]
the zan man68: folds 
Dorex2007: folds 
2VERY: folds 
RxxTJ: raises $0.02 to $0.04
edoschenko: folds 
bepjho: folds 
Nosnel: calls $0.03
Colonel_King87: calls $0.02
*** FLOP *** [2h 6h 4c]
Nosnel: checks 
Colonel_King87: bets $0.06
RxxTJ: calls $0.06
Nosnel: folds 
*** TURN *** [2h 6h 4c] [3c]
Colonel_King87: checks 
RxxTJ: checks 
*** RIVER *** [2h 6h 4c 3c] [5d]
Colonel_King87: checks 
RxxTJ: checks 
*** SHOW DOWN ***
Colonel_King87: shows [Ac 6c] (a straight, Deuce to Six)
RxxTJ: shows [Qh 9h] (a straight, Deuce to Six)
Colonel_King87 collected $0.12 from pot
RxxTJ collected $0.11 from pot
*** SUMMARY ***
Total pot $0.24 | Rake $0.01 
Board [2h 6h 4c 3c 5d]
Seat 1: edoschenko folded before Flop (didn't bet)
Seat 3: bepjho (button) folded before Flop (didn't bet)
Seat 4: Nosnel (small blind) folded on the Flop
Seat 5: Colonel_King87 (big blind) showed [Ac 6c] and won ($0.12) with a straight, Deuce to Six
Seat 6: the zan man68 folded before Flop (didn't bet)
Seat 7: Dorex2007 folded before Flop (didn't bet)
Seat 8: 2VERY folded before Flop (didn't bet)
Seat 9: RxxTJ showed [Qh 9h] and won ($0.11) with a straight, Deuce to Six



PokerStars Hand #234645502934:  Hold'em No Limit ($0.01/$0.02 USD) - 2022/03/07 20:54:47 PT [2022/03/07 23:54:47 ET]
Table 'Bilkis II' 9-max Seat #4 is the button
Seat 1: edoschenko ($2.29 in chips) 
Seat 3: bepjho ($6.58 in chips) 
Seat 4: Nosnel ($1.29 in chips) 
Seat 5: Colonel_King87 ($0.91 in chips) 
Seat 6: the zan man68 ($1.11 in chips) 
Seat 7: Dorex2007 ($2 in chips) 
Seat 8: 2VERY ($1.87 in chips) 
Seat 9: RxxTJ ($1.81 in chips) 
Colonel_King87: posts small blind $0.01
the zan man68: posts big blind $0.02
Crushpad: sits out 
*** HOLE CARDS ***
Dealt to Dorex2007 [5c 9d]
Dorex2007: folds 
2VERY: folds 
RxxTJ: raises $0.06 to $0.08
edoschenko: folds 
bepjho: folds 
Nosnel: calls $0.08
Colonel_King87: folds 
the zan man68: raises $0.12 to $0.20
RxxTJ: calls $0.12
Nosnel: calls $0.12
*** FLOP *** [8s 4h 8d]
the zan man68: bets $0.29
RxxTJ: folds 
Nosnel: folds 
Uncalled bet ($0.29) returned to the zan man68
the zan man68 collected $0.59 from pot
the zan man68: doesn't show hand 
*** SUMMARY ***
Total pot $0.61 | Rake $0.02 
Board [8s 4h 8d]
Seat 1: edoschenko folded before Flop (didn't bet)
Seat 3: bepjho folded before Flop (didn't bet)
Seat 4: Nosnel (button) folded on the Flop
Seat 5: Colonel_King87 (small blind) folded before Flop
Seat 6: the zan man68 (big blind) collected ($0.59)
Seat 7: Dorex2007 folded before Flop (didn't bet)
Seat 8: 2VERY folded before Flop (didn't bet)
Seat 9: RxxTJ folded on the Flop



PokerStars Hand #234645510781:  Hold'em No Limit ($0.01/$0.02 USD) - 2022/03/07 20:55:46 PT [2022/03/07 23:55:46 ET]
Table 'Bilkis II' 9-max Seat #5 is the button
Seat 1: edoschenko ($2.29 in chips) 
Seat 3: bepjho ($6.58 in chips) 
Seat 4: Nosnel ($1.09 in chips) 
Seat 5: Colonel_King87 ($0.90 in chips) 
Seat 6: the zan man68 ($1.50 in chips) 
Seat 7: Dorex2007 ($2 in chips) 
Seat 8: 2VERY ($1.87 in chips) 
Seat 9: RxxTJ ($1.61 in chips) 
the zan man68: posts small blind $0.01
Dorex2007: posts big blind $0.02
Crushpad: sits out 
*** HOLE CARDS ***
Dealt to Dorex2007 [3h 3d]
2VERY: folds 
RxxTJ: folds 
edoschenko: raises $0.08 to $0.10
bepjho: folds 
Nosnel: calls $0.10
Colonel_King87: folds 
the zan man68: raises $1.40 to $1.50 and is all-in
Dorex2007: folds 
edoschenko: folds 
Nosnel: folds 
Uncalled bet ($1.40) returned to the zan man68
the zan man68 collected $0.32 from pot
the zan man68: doesn't show hand 
*** SUMMARY ***
Total pot $0.32 | Rake $0 
Seat 1: edoschenko folded before Flop
Seat 3: bepjho folded before Flop (didn't bet)
Seat 4: Nosnel folded before Flop
Seat 5: Colonel_King87 (button) folded before Flop (didn't bet)
Seat 6: the zan man68 (small blind) collected ($0.32)
Seat 7: Dorex2007 (big blind) folded before Flop
Seat 8: 2VERY folded before Flop (didn't bet)
Seat 9: RxxTJ folded before Flop (didn't bet)



PokerStars Hand #234645514153:  Hold'em No Limit ($0.01/$0.02 USD) - 2022/03/07 20:56:14 PT [2022/03/07 23:56:14 ET]
Table 'Bilkis II' 9-max Seat #6 is the button
Seat 1: edoschenko ($2.19 in chips) 
Seat 3: bepjho ($6.58 in chips) 
Seat 4: Nosnel ($0.99 in chips) 
Seat 5: Colonel_King87 ($0.90 in chips) 
Seat 6: the zan man68 ($1.72 in chips) 
Seat 7: Dorex2007 ($2 in chips) 
Seat 8: 2VERY ($1.87 in chips) 
Seat 9: RxxTJ ($1.61 in chips) 
Dorex2007: posts small blind $0.01
2VERY: posts big blind $0.02
Crushpad: sits out 
*** HOLE CARDS ***
Dealt to Dorex2007 [8c Td]
RxxTJ: folds 
edoschenko: folds 
bepjho: folds 
Nosnel: calls $0.02
Colonel_King87: folds 
the zan man68: calls $0.02
Dorex2007: folds 
2VERY: checks 
*** FLOP *** [2c 7c Ac]
2VERY: checks 
Nosnel: checks 
the zan man68: checks 
*** TURN *** [2c 7c Ac] [8h]
2VERY: checks 
Nosnel: checks 
the zan man68: checks 
*** RIVER *** [2c 7c Ac 8h] [8s]
2VERY: checks 
Nosnel: checks 
the zan man68: checks 
*** SHOW DOWN ***
2VERY: shows [6h 3s] (a pair of Eights)
Nosnel: shows [9d Qs] (a pair of Eights - Ace+Queen kicker)
the zan man68: mucks hand 
Nosnel collected $0.07 from pot
*** SUMMARY ***
Total pot $0.07 | Rake $0 
Board [2c 7c Ac 8h 8s]
Seat 1: edoschenko folded before Flop (didn't bet)
Seat 3: bepjho folded before Flop (didn't bet)
Seat 4: Nosnel showed [9d Qs] and won ($0.07) with a pair of Eights
Seat 5: Colonel_King87 folded before Flop (didn't bet)
Seat 6: the zan man68 (button) mucked [3c 5h]
Seat 7: Dorex2007 (small blind) folded before Flop
Seat 8: 2VERY (big blind) showed [6h 3s] and lost with a pair of Eights
Seat 9: RxxTJ folded before Flop (didn't bet)



PokerStars Hand #234645523754:  Hold'em No Limit ($0.01/$0.02 USD) - 2022/03/07 20:56:51 PT [2022/03/07 23:56:51 ET]
Table 'Bilkis II' 9-max Seat #7 is the button
Seat 1: edoschenko ($2.19 in chips) 
Seat 3: bepjho ($6.58 in chips) 
Seat 4: Nosnel ($1.04 in chips) 
Seat 5: Colonel_King87 ($0.90 in chips) 
Seat 6: the zan man68 ($1.70 in chips) 
Seat 7: Dorex2007 ($2 in chips) 
Seat 8: 2VERY ($1.85 in chips) 
Seat 9: RxxTJ ($1.61 in chips) 
2VERY: posts small blind $0.01
RxxTJ: posts big blind $0.02
Crushpad: sits out 
*** HOLE CARDS ***
Dealt to Dorex2007 [3c Qd]
edoschenko: calls $0.02
bepjho: folds 
Nosnel: calls $0.02
Colonel_King87: raises $0.02 to $0.04
the zan man68: folds 
Dorex2007: folds 
2VERY: calls $0.03
RxxTJ: folds 
edoschenko: calls $0.02
Nosnel: calls $0.02
*** FLOP *** [2d Th Qh]
2VERY: checks 
edoschenko: checks 
Nosnel: checks 
Colonel_King87: checks 
*** TURN *** [2d Th Qh] [Tc]
2VERY: checks 
edoschenko: checks 
Nosnel: checks 
Colonel_King87: checks 
*** RIVER *** [2d Th Qh Tc] [7h]
2VERY: checks 
edoschenko: checks 
Nosnel: bets $0.04
Colonel_King87: calls $0.04
2VERY: folds 
edoschenko: folds 
*** SHOW DOWN ***
Nosnel: shows [7c 8h] (two pair, Tens and Sevens)
Colonel_King87: mucks hand 
Nosnel collected $0.25 from pot
*** SUMMARY ***
Total pot $0.26 | Rake $0.01 
Board [2d Th Qh Tc 7h]
Seat 1: edoschenko folded on the River
Seat 3: bepjho folded before Flop (didn't bet)
Seat 4: Nosnel showed [7c 8h] and won ($0.25) with two pair, Tens and Sevens
Seat 5: Colonel_King87 mucked [Jc Kd]
Seat 6: the zan man68 folded before Flop (didn't bet)
Seat 7: Dorex2007 (button) folded before Flop (didn't bet)
Seat 8: 2VERY (small blind) folded on the River
Seat 9: RxxTJ (big blind) folded before Flop



PokerStars Hand #234645538838:  Hold'em No Limit ($0.01/$0.02 USD) - 2022/03/07 20:58:20 PT [2022/03/07 23:58:20 ET]
Table 'Bilkis II' 9-max Seat #8 is the button
Seat 1: edoschenko ($2.15 in chips) 
Seat 3: bepjho ($6.58 in chips) 
Seat 4: Nosnel ($1.21 in chips) 
Seat 5: Colonel_King87 ($0.82 in chips) 
Seat 6: the zan man68 ($1.70 in chips) 
Seat 7: Dorex2007 ($2 in chips) 
Seat 8: 2VERY ($1.81 in chips) 
Seat 9: RxxTJ ($1.59 in chips) 
RxxTJ: posts small blind $0.01
edoschenko: posts big blind $0.02
Crushpad: sits out 
*** HOLE CARDS ***
Dealt to Dorex2007 [Ah 3s]
bepjho: folds 
Nosnel: calls $0.02
Colonel_King87: folds 
the zan man68: calls $0.02
Dorex2007: folds 
2VERY: folds 
RxxTJ: folds 
edoschenko: checks 
*** FLOP *** [As 9c 7h]
edoschenko: bets $0.10
Nosnel: folds 
the zan man68: folds 
Uncalled bet ($0.10) returned to edoschenko
edoschenko collected $0.07 from pot
*** SUMMARY ***
Total pot $0.07 | Rake $0 
Board [As 9c 7h]
Seat 1: edoschenko (big blind) collected ($0.07)
Seat 3: bepjho folded before Flop (didn't bet)
Seat 4: Nosnel folded on the Flop
Seat 5: Colonel_King87 folded before Flop (didn't bet)
Seat 6: the zan man68 folded on the Flop
Seat 7: Dorex2007 folded before Flop (didn't bet)
Seat 8: 2VERY (button) folded before Flop (didn't bet)
Seat 9: RxxTJ (small blind) folded before Flop



PokerStars Hand #234645542639:  Hold'em No Limit ($0.01/$0.02 USD) - 2022/03/07 20:58:51 PT [2022/03/07 23:58:51 ET]
Table 'Bilkis II' 9-max Seat #9 is the button
Seat 1: edoschenko ($2.20 in chips) 
Seat 2: Crushpad ($2 in chips) 
Seat 3: bepjho ($6.58 in chips) 
Seat 4: Nosnel ($1.19 in chips) 
Seat 5: Colonel_King87 ($0.82 in chips) 
Seat 6: the zan man68 ($1.68 in chips) 
Seat 7: Dorex2007 ($2 in chips) 
Seat 8: 2VERY ($1.81 in chips) 
Seat 9: RxxTJ ($1.58 in chips) 
edoschenko: posts small blind $0.01
Crushpad: posts big blind $0.02
*** HOLE CARDS ***
Dealt to Dorex2007 [Ks 6d]
bepjho: raises $0.03 to $0.05
Nosnel: calls $0.05
Colonel_King87: folds 
the zan man68: folds 
Dorex2007: folds 
2VERY: folds 
RxxTJ: folds 
edoschenko: folds 
Crushpad: folds 
*** FLOP *** [2d Qh 3s]
bepjho: bets $0.07
Nosnel: calls $0.07
*** TURN *** [2d Qh 3s] [3c]
bepjho: checks 
Nosnel: bets $0.13
bepjho: folds 
Uncalled bet ($0.13) returned to Nosnel
Nosnel collected $0.26 from pot
Nosnel: doesn't show hand 
*** SUMMARY ***
Total pot $0.27 | Rake $0.01 
Board [2d Qh 3s 3c]
Seat 1: edoschenko (small blind) folded before Flop
Seat 2: Crushpad (big blind) folded before Flop
Seat 3: bepjho folded on the Turn
Seat 4: Nosnel collected ($0.26)
Seat 5: Colonel_King87 folded before Flop (didn't bet)
Seat 6: the zan man68 folded before Flop (didn't bet)
Seat 7: Dorex2007 folded before Flop (didn't bet)
Seat 8: 2VERY folded before Flop (didn't bet)
Seat 9: RxxTJ (button) folded before Flop (didn't bet)



PokerStars Hand #234645549109:  Hold'em No Limit ($0.01/$0.02 USD) - 2022/03/07 20:59:45 PT [2022/03/07 23:59:45 ET]
Table 'Bilkis II' 9-max Seat #1 is the button
Seat 1: edoschenko ($2.19 in chips) 
Seat 2: Crushpad ($2 in chips) 
Seat 3: bepjho ($6.46 in chips) 
Seat 4: Nosnel ($1.33 in chips) 
Seat 5: Colonel_King87 ($0.82 in chips) 
Seat 6: the zan man68 ($1.68 in chips) 
Seat 7: Dorex2007 ($2 in chips) 
Seat 8: 2VERY ($1.81 in chips) 
Seat 9: RxxTJ ($1.58 in chips) 
Crushpad: posts small blind $0.01
bepjho: posts big blind $0.02
*** HOLE CARDS ***
Dealt to Dorex2007 [Qs 8h]
Nosnel: calls $0.02
Colonel_King87: folds 
the zan man68: folds 
Dorex2007: folds 
2VERY: folds 
RxxTJ: folds 
edoschenko: folds 
Crushpad: calls $0.01
bepjho: checks 
*** FLOP *** [Jd 6c 8c]
Crushpad: bets $0.04
bepjho: folds 
Nosnel: calls $0.04
*** TURN *** [Jd 6c 8c] [6s]
Crushpad: bets $0.07
Nosnel: calls $0.07
*** RIVER *** [Jd 6c 8c 6s] [7s]
Crushpad: bets $0.18
Nosnel: calls $0.18
*** SHOW DOWN ***
Crushpad: shows [Jc 7h] (two pair, Jacks and Sevens)
Nosnel: mucks hand 
Crushpad collected $0.62 from pot
*** SUMMARY ***
Total pot $0.64 | Rake $0.02 
Board [Jd 6c 8c 6s 7s]
Seat 1: edoschenko (button) folded before Flop (didn't bet)
Seat 2: Crushpad (small blind) showed [Jc 7h] and won ($0.62) with two pair, Jacks and Sevens
Seat 3: bepjho (big blind) folded on the Flop
Seat 4: Nosnel mucked [8s 9h]
Seat 5: Colonel_King87 folded before Flop (didn't bet)
Seat 6: the zan man68 folded before Flop (didn't bet)
Seat 7: Dorex2007 folded before Flop (didn't bet)
Seat 8: 2VERY folded before Flop (didn't bet)
Seat 9: RxxTJ folded before Flop (didn't bet)



