PokerStars Hand #237586841814:  Hold'em No Limit ($0.02/$0.05 USD) - 2022/07/25 15:15:54 PT [2022/07/25 18:15:54 ET]
Table 'Liguria II' 9-max Seat #2 is the button
Seat 1: Dorex2007 ($5 in chips) 
Seat 2: telko2017 ($4.90 in chips) 
Seat 3: Sjield ($2.75 in chips) 
Seat 4: PetrosAC ($5.19 in chips) 
Seat 5: RosemontTony ($7.10 in chips) 
Seat 6: ASpiror ($8.01 in chips) 
Seat 8: Neptune27 ($7.33 in chips) 
Seat 9: VascoSerg ($7.09 in chips) 
Sjield: posts small blind $0.02
PetrosAC: posts big blind $0.05
Dorex2007: posts big blind $0.05
*** HOLE CARDS ***
Dealt to Dorex2007 [Js Ad]
RosemontTony: folds 
ASpiror: folds 
Neptune27: folds 
VascoSerg: folds 
Dorex2007: checks 
telko2017: folds 
Sjield: folds 
PetrosAC: checks 
*** FLOP *** [5d Ah Kc]
PetrosAC: checks 
Dorex2007: checks 
*** TURN *** [5d Ah Kc] [Jc]
PetrosAC: checks 
Dorex2007: bets $0.12
PetrosAC: folds 
Uncalled bet ($0.12) returned to Dorex2007
Dorex2007 collected $0.12 from pot
Dorex2007: doesn't show hand 
*** SUMMARY ***
Total pot $0.12 | Rake $0 
Board [5d Ah Kc Jc]
Seat 1: Dorex2007 collected ($0.12)
Seat 2: telko2017 (button) folded before Flop (didn't bet)
Seat 3: Sjield (small blind) folded before Flop
Seat 4: PetrosAC (big blind) folded on the Turn
Seat 5: RosemontTony folded before Flop (didn't bet)
Seat 6: ASpiror folded before Flop (didn't bet)
Seat 8: Neptune27 folded before Flop (didn't bet)
Seat 9: VascoSerg folded before Flop (didn't bet)



PokerStars Hand #237586853541:  Hold'em No Limit ($0.02/$0.05 USD) - 2022/07/25 15:16:28 PT [2022/07/25 18:16:28 ET]
Table 'Liguria II' 9-max Seat #3 is the button
Seat 1: Dorex2007 ($5.07 in chips) 
Seat 2: telko2017 ($4.90 in chips) 
Seat 3: Sjield ($2.73 in chips) 
Seat 4: PetrosAC ($5.14 in chips) 
Seat 5: RosemontTony ($7.10 in chips) 
Seat 6: ASpiror ($8.01 in chips) 
Seat 8: Neptune27 ($7.33 in chips) 
Seat 9: VascoSerg ($7.09 in chips) 
PetrosAC: posts small blind $0.02
RosemontTony: posts big blind $0.05
*** HOLE CARDS ***
Dealt to Dorex2007 [As 3d]
ASpiror: raises $0.05 to $0.10
Neptune27: folds 
VascoSerg: calls $0.10
Dorex2007: folds 
telko2017: folds 
Sjield: folds 
PetrosAC: calls $0.08
RosemontTony: calls $0.05
*** FLOP *** [3c 8h 9c]
PetrosAC: checks 
RosemontTony: checks 
ASpiror: checks 
VascoSerg: checks 
*** TURN *** [3c 8h 9c] [3s]
PetrosAC: checks 
RosemontTony: checks 
ASpiror: checks 
VascoSerg: checks 
*** RIVER *** [3c 8h 9c 3s] [2s]
PetrosAC: checks 
RosemontTony: checks 
ASpiror: checks 
VascoSerg: checks 
*** SHOW DOWN ***
PetrosAC: shows [Ac 7d] (a pair of Threes)
RosemontTony: mucks hand 
ASpiror: mucks hand 
VascoSerg: shows [6h 6s] (two pair, Sixes and Threes)
VascoSerg collected $0.38 from pot
*** SUMMARY ***
Total pot $0.40 | Rake $0.02 
Board [3c 8h 9c 3s 2s]
Seat 1: Dorex2007 folded before Flop (didn't bet)
Seat 2: telko2017 folded before Flop (didn't bet)
Seat 3: Sjield (button) folded before Flop (didn't bet)
Seat 4: PetrosAC (small blind) showed [Ac 7d] and lost with a pair of Threes
Seat 5: RosemontTony (big blind) mucked [Ks Jd]
Seat 6: ASpiror mucked [Ts Kc]
Seat 8: Neptune27 folded before Flop (didn't bet)
Seat 9: VascoSerg showed [6h 6s] and won ($0.38) with two pair, Sixes and Threes



PokerStars Hand #237586874248:  Hold'em No Limit ($0.02/$0.05 USD) - 2022/07/25 15:17:06 PT [2022/07/25 18:17:06 ET]
Table 'Liguria II' 9-max Seat #4 is the button
Seat 1: Dorex2007 ($5.07 in chips) 
Seat 2: telko2017 ($4.90 in chips) 
Seat 3: Sjield ($2.73 in chips) 
Seat 4: PetrosAC ($5.04 in chips) 
Seat 5: RosemontTony ($7 in chips) 
Seat 6: ASpiror ($7.91 in chips) 
Seat 8: Neptune27 ($7.33 in chips) 
Seat 9: VascoSerg ($7.37 in chips) 
RosemontTony: posts small blind $0.02
ASpiror: posts big blind $0.05
*** HOLE CARDS ***
Dealt to Dorex2007 [9d 8s]
Neptune27: folds 
VascoSerg: folds 
Dorex2007: folds 
telko2017: folds 
Sjield: raises $0.10 to $0.15
PetrosAC: folds 
RosemontTony: folds 
ASpiror: folds 
Uncalled bet ($0.10) returned to Sjield
Sjield collected $0.12 from pot
Sjield: doesn't show hand 
*** SUMMARY ***
Total pot $0.12 | Rake $0 
Seat 1: Dorex2007 folded before Flop (didn't bet)
Seat 2: telko2017 folded before Flop (didn't bet)
Seat 3: Sjield collected ($0.12)
Seat 4: PetrosAC (button) folded before Flop (didn't bet)
Seat 5: RosemontTony (small blind) folded before Flop
Seat 6: ASpiror (big blind) folded before Flop
Seat 8: Neptune27 folded before Flop (didn't bet)
Seat 9: VascoSerg folded before Flop (didn't bet)



PokerStars Hand #237586881312:  Hold'em No Limit ($0.02/$0.05 USD) - 2022/07/25 15:17:26 PT [2022/07/25 18:17:26 ET]
Table 'Liguria II' 9-max Seat #5 is the button
Seat 1: Dorex2007 ($5.07 in chips) 
Seat 2: telko2017 ($4.90 in chips) 
Seat 3: Sjield ($2.80 in chips) 
Seat 4: PetrosAC ($5.04 in chips) 
Seat 5: RosemontTony ($6.98 in chips) 
Seat 6: ASpiror ($7.86 in chips) 
Seat 8: Neptune27 ($7.33 in chips) 
Seat 9: VascoSerg ($7.37 in chips) 
ASpiror: posts small blind $0.02
Neptune27: posts big blind $0.05
*** HOLE CARDS ***
Dealt to Dorex2007 [Jh 4h]
VascoSerg: folds 
Dorex2007: folds 
telko2017: folds 
Sjield: raises $0.07 to $0.12
PetrosAC: folds 
RosemontTony: folds 
ASpiror: folds 
Neptune27: folds 
Uncalled bet ($0.07) returned to Sjield
Sjield collected $0.12 from pot
Sjield: doesn't show hand 
*** SUMMARY ***
Total pot $0.12 | Rake $0 
Seat 1: Dorex2007 folded before Flop (didn't bet)
Seat 2: telko2017 folded before Flop (didn't bet)
Seat 3: Sjield collected ($0.12)
Seat 4: PetrosAC folded before Flop (didn't bet)
Seat 5: RosemontTony (button) folded before Flop (didn't bet)
Seat 6: ASpiror (small blind) folded before Flop
Seat 8: Neptune27 (big blind) folded before Flop
Seat 9: VascoSerg folded before Flop (didn't bet)



PokerStars Hand #237586888229:  Hold'em No Limit ($0.02/$0.05 USD) - 2022/07/25 15:17:46 PT [2022/07/25 18:17:46 ET]
Table 'Liguria II' 9-max Seat #6 is the button
Seat 1: Dorex2007 ($5.07 in chips) 
Seat 2: telko2017 ($4.90 in chips) 
Seat 3: Sjield ($2.87 in chips) 
Seat 4: PetrosAC ($5.04 in chips) 
Seat 5: RosemontTony ($6.98 in chips) 
Seat 6: ASpiror ($7.84 in chips) 
Seat 8: Neptune27 ($7.28 in chips) 
Seat 9: VascoSerg ($7.37 in chips) 
Neptune27: posts small blind $0.02
VascoSerg: posts big blind $0.05
*** HOLE CARDS ***
Dealt to Dorex2007 [6h As]
Dorex2007: folds 
telko2017: folds 
Sjield: folds 
PetrosAC: folds 
RosemontTony: folds 
ASpiror: folds 
Neptune27: folds 
Uncalled bet ($0.03) returned to VascoSerg
VascoSerg collected $0.04 from pot
VascoSerg: doesn't show hand 
*** SUMMARY ***
Total pot $0.04 | Rake $0 
Seat 1: Dorex2007 folded before Flop (didn't bet)
Seat 2: telko2017 folded before Flop (didn't bet)
Seat 3: Sjield folded before Flop (didn't bet)
Seat 4: PetrosAC folded before Flop (didn't bet)
Seat 5: RosemontTony folded before Flop (didn't bet)
Seat 6: ASpiror (button) folded before Flop (didn't bet)
Seat 8: Neptune27 (small blind) folded before Flop
Seat 9: VascoSerg (big blind) collected ($0.04)



PokerStars Hand #237586894488:  Hold'em No Limit ($0.02/$0.05 USD) - 2022/07/25 15:18:04 PT [2022/07/25 18:18:04 ET]
Table 'Liguria II' 9-max Seat #8 is the button
Seat 1: Dorex2007 ($5.07 in chips) 
Seat 2: telko2017 ($4.90 in chips) 
Seat 3: Sjield ($2.87 in chips) 
Seat 4: PetrosAC ($5.04 in chips) 
Seat 5: RosemontTony ($6.98 in chips) 
Seat 6: ASpiror ($7.84 in chips) 
Seat 8: Neptune27 ($7.26 in chips) 
Seat 9: VascoSerg ($7.39 in chips) 
VascoSerg: posts small blind $0.02
Dorex2007: posts big blind $0.05
*** HOLE CARDS ***
Dealt to Dorex2007 [2d Kd]
telko2017: folds 
Sjield: folds 
PetrosAC: raises $0.15 to $0.20
RosemontTony: folds 
ASpiror: folds 
Neptune27: folds 
VascoSerg: folds 
Dorex2007: folds 
Uncalled bet ($0.15) returned to PetrosAC
PetrosAC collected $0.12 from pot
PetrosAC: doesn't show hand 
*** SUMMARY ***
Total pot $0.12 | Rake $0 
Seat 1: Dorex2007 (big blind) folded before Flop
Seat 2: telko2017 folded before Flop (didn't bet)
Seat 3: Sjield folded before Flop (didn't bet)
Seat 4: PetrosAC collected ($0.12)
Seat 5: RosemontTony folded before Flop (didn't bet)
Seat 6: ASpiror folded before Flop (didn't bet)
Seat 8: Neptune27 (button) folded before Flop (didn't bet)
Seat 9: VascoSerg (small blind) folded before Flop



PokerStars Hand #237586902154:  Hold'em No Limit ($0.02/$0.05 USD) - 2022/07/25 15:18:26 PT [2022/07/25 18:18:26 ET]
Table 'Liguria II' 9-max Seat #9 is the button
Seat 1: Dorex2007 ($5.02 in chips) 
Seat 2: telko2017 ($4.90 in chips) 
Seat 3: Sjield ($2.87 in chips) 
Seat 4: PetrosAC ($5.11 in chips) 
Seat 5: RosemontTony ($6.98 in chips) 
Seat 8: Neptune27 ($7.26 in chips) 
Seat 9: VascoSerg ($7.37 in chips) 
Dorex2007: posts small blind $0.02
telko2017: posts big blind $0.05
*** HOLE CARDS ***
Dealt to Dorex2007 [5c Ad]
Sjield: folds 
PetrosAC: folds 
RosemontTony: folds 
Neptune27: raises $0.08 to $0.13
VascoSerg: folds 
Dorex2007: folds 
telko2017: calls $0.08
*** FLOP *** [9s 6d 6s]
telko2017: checks 
Neptune27: bets $0.09
telko2017: folds 
Uncalled bet ($0.09) returned to Neptune27
Neptune27 collected $0.27 from pot
*** SUMMARY ***
Total pot $0.28 | Rake $0.01 
Board [9s 6d 6s]
Seat 1: Dorex2007 (small blind) folded before Flop
Seat 2: telko2017 (big blind) folded on the Flop
Seat 3: Sjield folded before Flop (didn't bet)
Seat 4: PetrosAC folded before Flop (didn't bet)
Seat 5: RosemontTony folded before Flop (didn't bet)
Seat 8: Neptune27 collected ($0.27)
Seat 9: VascoSerg (button) folded before Flop (didn't bet)



PokerStars Hand #237586916790:  Hold'em No Limit ($0.02/$0.05 USD) - 2022/07/25 15:19:08 PT [2022/07/25 18:19:08 ET]
Table 'Liguria II' 9-max Seat #1 is the button
Seat 1: Dorex2007 ($5 in chips) 
Seat 2: telko2017 ($4.77 in chips) 
Seat 3: Sjield ($2.87 in chips) 
Seat 4: PetrosAC ($5.11 in chips) 
Seat 5: RosemontTony ($6.98 in chips) 
Seat 8: Neptune27 ($7.40 in chips) 
Seat 9: VascoSerg ($7.37 in chips) 
telko2017: posts small blind $0.02
Sjield: posts big blind $0.05
*** HOLE CARDS ***
Dealt to Dorex2007 [Jh 3s]
PetrosAC: folds 
RosemontTony: folds 
Neptune27: folds 
VascoSerg: folds 
Dorex2007: raises $0.10 to $0.15
telko2017: calls $0.13
Sjield: folds 
*** FLOP *** [Qd Jd 4h]
telko2017: checks 
Dorex2007: checks 
*** TURN *** [Qd Jd 4h] [6c]
telko2017: checks 
Dorex2007: checks 
*** RIVER *** [Qd Jd 4h 6c] [4c]
telko2017: bets $0.10
Dorex2007: calls $0.10
*** SHOW DOWN ***
telko2017: shows [2h 7h] (a pair of Fours)
Dorex2007: shows [Jh 3s] (two pair, Jacks and Fours)
Dorex2007 collected $0.53 from pot
*** SUMMARY ***
Total pot $0.55 | Rake $0.02 
Board [Qd Jd 4h 6c 4c]
Seat 1: Dorex2007 (button) showed [Jh 3s] and won ($0.53) with two pair, Jacks and Fours
Seat 2: telko2017 (small blind) showed [2h 7h] and lost with a pair of Fours
Seat 3: Sjield (big blind) folded before Flop
Seat 4: PetrosAC folded before Flop (didn't bet)
Seat 5: RosemontTony folded before Flop (didn't bet)
Seat 8: Neptune27 folded before Flop (didn't bet)
Seat 9: VascoSerg folded before Flop (didn't bet)



PokerStars Hand #237586933800:  Hold'em No Limit ($0.02/$0.05 USD) - 2022/07/25 15:19:57 PT [2022/07/25 18:19:57 ET]
Table 'Liguria II' 9-max Seat #2 is the button
Seat 1: Dorex2007 ($5.28 in chips) 
Seat 2: telko2017 ($4.52 in chips) 
Seat 3: Sjield ($2.82 in chips) 
Seat 4: PetrosAC ($5.11 in chips) 
Seat 5: RosemontTony ($6.98 in chips) 
Seat 8: Neptune27 ($7.40 in chips) 
Seat 9: VascoSerg ($7.37 in chips) 
Sjield: posts small blind $0.02
PetrosAC: posts big blind $0.05
*** HOLE CARDS ***
Dealt to Dorex2007 [Ah Jh]
RosemontTony: raises $0.10 to $0.15
Neptune27: folds 
VascoSerg: folds 
Dorex2007: calls $0.15
telko2017: folds 
Sjield: folds 
PetrosAC: calls $0.10
*** FLOP *** [5s Ac 6h]
PetrosAC: checks 
RosemontTony: checks 
Dorex2007: bets $0.22
PetrosAC: folds 
RosemontTony: folds 
Uncalled bet ($0.22) returned to Dorex2007
Dorex2007 collected $0.45 from pot
Dorex2007: doesn't show hand 
*** SUMMARY ***
Total pot $0.47 | Rake $0.02 
Board [5s Ac 6h]
Seat 1: Dorex2007 collected ($0.45)
Seat 2: telko2017 (button) folded before Flop (didn't bet)
Seat 3: Sjield (small blind) folded before Flop
Seat 4: PetrosAC (big blind) folded on the Flop
Seat 5: RosemontTony folded on the Flop
Seat 8: Neptune27 folded before Flop (didn't bet)
Seat 9: VascoSerg folded before Flop (didn't bet)



PokerStars Hand #237586950641:  Hold'em No Limit ($0.02/$0.05 USD) - 2022/07/25 15:20:46 PT [2022/07/25 18:20:46 ET]
Table 'Liguria II' 9-max Seat #3 is the button
Seat 1: Dorex2007 ($5.58 in chips) 
Seat 2: telko2017 ($4.52 in chips) 
Seat 3: Sjield ($2.80 in chips) 
Seat 4: PetrosAC ($4.96 in chips) 
Seat 8: Neptune27 ($7.40 in chips) 
Seat 9: VascoSerg ($7.37 in chips) 
PetrosAC: posts small blind $0.02
Neptune27: posts big blind $0.05
*** HOLE CARDS ***
Dealt to Dorex2007 [2s 3d]
VascoSerg: folds 
Dorex2007: folds 
RosemontTony leaves the table
telko2017: raises $0.07 to $0.12
ASpiror is disconnected 
Sjield: folds 
PetrosAC: folds 
Neptune27: folds 
Uncalled bet ($0.07) returned to telko2017
telko2017 collected $0.12 from pot
telko2017: doesn't show hand 
*** SUMMARY ***
Total pot $0.12 | Rake $0 
Seat 1: Dorex2007 folded before Flop (didn't bet)
Seat 2: telko2017 collected ($0.12)
Seat 3: Sjield (button) folded before Flop (didn't bet)
Seat 4: PetrosAC (small blind) folded before Flop
Seat 8: Neptune27 (big blind) folded before Flop
Seat 9: VascoSerg folded before Flop (didn't bet)



PokerStars Hand #237586959350:  Hold'em No Limit ($0.02/$0.05 USD) - 2022/07/25 15:21:11 PT [2022/07/25 18:21:11 ET]
Table 'Liguria II' 9-max Seat #4 is the button
Seat 1: Dorex2007 ($5.58 in chips) 
Seat 2: telko2017 ($4.59 in chips) 
Seat 3: Sjield ($2.80 in chips) 
Seat 4: PetrosAC ($4.94 in chips) 
Seat 8: Neptune27 ($7.35 in chips) 
Seat 9: VascoSerg ($7.37 in chips) 
Neptune27: posts small blind $0.02
VascoSerg: posts big blind $0.05
*** HOLE CARDS ***
Dealt to Dorex2007 [Kh 7d]
Dorex2007: folds 
telko2017: folds 
Sjield: folds 
PetrosAC: raises $0.15 to $0.20
Neptune27: folds 
VascoSerg: folds 
Uncalled bet ($0.15) returned to PetrosAC
PetrosAC collected $0.12 from pot
PetrosAC: doesn't show hand 
*** SUMMARY ***
Total pot $0.12 | Rake $0 
Seat 1: Dorex2007 folded before Flop (didn't bet)
Seat 2: telko2017 folded before Flop (didn't bet)
Seat 3: Sjield folded before Flop (didn't bet)
Seat 4: PetrosAC (button) collected ($0.12)
Seat 8: Neptune27 (small blind) folded before Flop
Seat 9: VascoSerg (big blind) folded before Flop



PokerStars Hand #237586965672:  Hold'em No Limit ($0.02/$0.05 USD) - 2022/07/25 15:21:29 PT [2022/07/25 18:21:29 ET]
Table 'Liguria II' 9-max Seat #8 is the button
Seat 1: Dorex2007 ($5.58 in chips) 
Seat 2: telko2017 ($4.59 in chips) 
Seat 3: Sjield ($2.80 in chips) 
Seat 4: PetrosAC ($5.01 in chips) 
Seat 8: Neptune27 ($7.33 in chips) 
Seat 9: VascoSerg ($7.32 in chips) 
VascoSerg: posts small blind $0.02
Dorex2007: posts big blind $0.05
*** HOLE CARDS ***
Dealt to Dorex2007 [Kd Kh]
telko2017: folds 
Sjield: folds 
PetrosAC: folds 
Neptune27: folds 
VascoSerg: raises $0.10 to $0.15
Dorex2007: raises $0.25 to $0.40
VascoSerg: calls $0.25
*** FLOP *** [9d 4d Js]
VascoSerg: checks 
Dorex2007: bets $0.51
VascoSerg: folds 
Uncalled bet ($0.51) returned to Dorex2007
Dorex2007 collected $0.77 from pot
Dorex2007: doesn't show hand 
*** SUMMARY ***
Total pot $0.80 | Rake $0.03 
Board [9d 4d Js]
Seat 1: Dorex2007 (big blind) collected ($0.77)
Seat 2: telko2017 folded before Flop (didn't bet)
Seat 3: Sjield folded before Flop (didn't bet)
Seat 4: PetrosAC folded before Flop (didn't bet)
Seat 8: Neptune27 (button) folded before Flop (didn't bet)
Seat 9: VascoSerg (small blind) folded on the Flop



PokerStars Hand #237586978881:  Hold'em No Limit ($0.02/$0.05 USD) - 2022/07/25 15:22:07 PT [2022/07/25 18:22:07 ET]
Table 'Liguria II' 9-max Seat #9 is the button
Seat 1: Dorex2007 ($5.95 in chips) 
Seat 2: telko2017 ($4.59 in chips) 
Seat 3: Sjield ($2.80 in chips) 
Seat 4: PetrosAC ($5.01 in chips) 
Seat 8: Neptune27 ($7.33 in chips) 
Seat 9: VascoSerg ($6.92 in chips) 
Dorex2007: posts small blind $0.02
telko2017: posts big blind $0.05
*** HOLE CARDS ***
Dealt to Dorex2007 [Td 6s]
Sjield: folds 
PetrosAC: folds 
Neptune27: raises $0.08 to $0.13
Hemersoncte20 joins the table at seat #5 
VascoSerg: folds 
Dorex2007: folds 
telko2017: folds 
Uncalled bet ($0.08) returned to Neptune27
Neptune27 collected $0.12 from pot
*** SUMMARY ***
Total pot $0.12 | Rake $0 
Seat 1: Dorex2007 (small blind) folded before Flop
Seat 2: telko2017 (big blind) folded before Flop
Seat 3: Sjield folded before Flop (didn't bet)
Seat 4: PetrosAC folded before Flop (didn't bet)
Seat 8: Neptune27 collected ($0.12)
Seat 9: VascoSerg (button) folded before Flop (didn't bet)



PokerStars Hand #237586985652:  Hold'em No Limit ($0.02/$0.05 USD) - 2022/07/25 15:22:27 PT [2022/07/25 18:22:27 ET]
Table 'Liguria II' 9-max Seat #1 is the button
Seat 1: Dorex2007 ($5.93 in chips) 
Seat 2: telko2017 ($4.54 in chips) 
Seat 3: Sjield ($2.80 in chips) 
Seat 4: PetrosAC ($5.01 in chips) 
Seat 8: Neptune27 ($7.40 in chips) 
Seat 9: VascoSerg ($6.92 in chips) 
telko2017: posts small blind $0.02
Sjield: posts big blind $0.05
Hemersoncte20: sits out 
*** HOLE CARDS ***
Dealt to Dorex2007 [6c 4d]
PetrosAC: folds 
Neptune27: folds 
VascoSerg: raises $0.10 to $0.15
Dorex2007: folds 
telko2017: folds 
Sjield: folds 
Uncalled bet ($0.10) returned to VascoSerg
VascoSerg collected $0.12 from pot
VascoSerg: doesn't show hand 
*** SUMMARY ***
Total pot $0.12 | Rake $0 
Seat 1: Dorex2007 (button) folded before Flop (didn't bet)
Seat 2: telko2017 (small blind) folded before Flop
Seat 3: Sjield (big blind) folded before Flop
Seat 4: PetrosAC folded before Flop (didn't bet)
Seat 8: Neptune27 folded before Flop (didn't bet)
Seat 9: VascoSerg collected ($0.12)



PokerStars Hand #237586990313:  Hold'em No Limit ($0.02/$0.05 USD) - 2022/07/25 15:22:41 PT [2022/07/25 18:22:41 ET]
Table 'Liguria II' 9-max Seat #2 is the button
Seat 1: Dorex2007 ($5.93 in chips) 
Seat 2: telko2017 ($4.52 in chips) 
Seat 3: Sjield ($2.75 in chips) 
Seat 4: PetrosAC ($5.01 in chips) 
Seat 8: Neptune27 ($7.40 in chips) 
Seat 9: VascoSerg ($6.99 in chips) 
Sjield: posts small blind $0.02
PetrosAC: posts big blind $0.05
Hemersoncte20: sits out 
*** HOLE CARDS ***
Dealt to Dorex2007 [2h 6d]
Neptune27: folds 
VascoSerg: folds 
Dorex2007: folds 
telko2017: raises $0.10 to $0.15
Sjield: folds 
PetrosAC: raises $0.35 to $0.50
telko2017: calls $0.35
*** FLOP *** [5d 3h As]
PetrosAC: bets $0.39
telko2017: raises $0.46 to $0.85
PetrosAC: calls $0.46
*** TURN *** [5d 3h As] [Jh]
PetrosAC: checks 
telko2017: bets $3.17 and is all-in
PetrosAC: calls $3.17
*** RIVER *** [5d 3h As Jh] [7s]
*** SHOW DOWN ***
PetrosAC: shows [4c Ac] (a pair of Aces)
telko2017: shows [Jd 5h] (two pair, Jacks and Fives)
telko2017 cashed out the hand for $6.25 | Cash Out Fee $0.06
*** SUMMARY ***
Total pot $9.06 | Rake $0.38 
Board [5d 3h As Jh 7s]
Seat 1: Dorex2007 folded before Flop (didn't bet)
Seat 2: telko2017 (button) showed [Jd 5h] and won ($8.68) with two pair, Jacks and Fives (pot not awarded as player cashed out)
Seat 3: Sjield (small blind) folded before Flop
Seat 4: PetrosAC (big blind) showed [4c Ac] and lost with a pair of Aces
Seat 8: Neptune27 folded before Flop (didn't bet)
Seat 9: VascoSerg folded before Flop (didn't bet)



PokerStars Hand #237587006950:  Hold'em No Limit ($0.02/$0.05 USD) - 2022/07/25 15:23:30 PT [2022/07/25 18:23:30 ET]
Table 'Liguria II' 9-max Seat #3 is the button
Seat 1: Dorex2007 ($5.93 in chips) 
Seat 2: telko2017 ($6.25 in chips) 
Seat 3: Sjield ($2.73 in chips) 
Seat 4: PetrosAC ($0.49 in chips) 
Seat 5: Hemersoncte20 ($2 in chips) 
Seat 8: Neptune27 ($7.40 in chips) 
Seat 9: VascoSerg ($6.99 in chips) 
PetrosAC: posts small blind $0.02
Hemersoncte20: posts big blind $0.05
*** HOLE CARDS ***
Dealt to Dorex2007 [8h 2c]
Neptune27: folds 
VascoSerg: folds 
Dorex2007: folds 
telko2017: folds 
Sjield: folds 
PetrosAC: folds 
Uncalled bet ($0.03) returned to Hemersoncte20
Hemersoncte20 collected $0.04 from pot
Hemersoncte20: doesn't show hand 
*** SUMMARY ***
Total pot $0.04 | Rake $0 
Seat 1: Dorex2007 folded before Flop (didn't bet)
Seat 2: telko2017 folded before Flop (didn't bet)
Seat 3: Sjield (button) folded before Flop (didn't bet)
Seat 4: PetrosAC (small blind) folded before Flop
Seat 5: Hemersoncte20 (big blind) collected ($0.04)
Seat 8: Neptune27 folded before Flop (didn't bet)
Seat 9: VascoSerg folded before Flop (didn't bet)



PokerStars Hand #237587012045:  Hold'em No Limit ($0.02/$0.05 USD) - 2022/07/25 15:23:45 PT [2022/07/25 18:23:45 ET]
Table 'Liguria II' 9-max Seat #4 is the button
Seat 1: Dorex2007 ($5.93 in chips) 
Seat 2: telko2017 ($6.25 in chips) 
Seat 3: Sjield ($2.73 in chips) 
Seat 4: PetrosAC ($0.47 in chips) 
Seat 5: Hemersoncte20 ($2.02 in chips) 
Seat 8: Neptune27 ($7.40 in chips) 
Seat 9: VascoSerg ($6.99 in chips) 
Hemersoncte20: posts small blind $0.02
Neptune27: posts big blind $0.05
*** HOLE CARDS ***
Dealt to Dorex2007 [6c Jc]
VascoSerg: raises $0.10 to $0.15
Dorex2007: folds 
telko2017: calls $0.15
Sjield: folds 
M1k43l0p leaves the table
PetrosAC: folds 
Hemersoncte20: folds 
Neptune27: folds 
*** FLOP *** [4s Jh 5s]
VascoSerg: checks 
telko2017: bets $0.10
VascoSerg: folds 
Uncalled bet ($0.10) returned to telko2017
telko2017 collected $0.35 from pot
telko2017: doesn't show hand 
*** SUMMARY ***
Total pot $0.37 | Rake $0.02 
Board [4s Jh 5s]
Seat 1: Dorex2007 folded before Flop (didn't bet)
Seat 2: telko2017 collected ($0.35)
Seat 3: Sjield folded before Flop (didn't bet)
Seat 4: PetrosAC (button) folded before Flop (didn't bet)
Seat 5: Hemersoncte20 (small blind) folded before Flop
Seat 8: Neptune27 (big blind) folded before Flop
Seat 9: VascoSerg folded on the Flop



PokerStars Hand #237587023699:  Hold'em No Limit ($0.02/$0.05 USD) - 2022/07/25 15:24:19 PT [2022/07/25 18:24:19 ET]
Table 'Liguria II' 9-max Seat #5 is the button
Seat 1: Dorex2007 ($5.93 in chips) 
Seat 2: telko2017 ($6.45 in chips) 
Seat 3: Sjield ($2.73 in chips) 
Seat 4: PetrosAC ($0.47 in chips) 
Seat 5: Hemersoncte20 ($2 in chips) 
Seat 8: Neptune27 ($7.35 in chips) 
Seat 9: VascoSerg ($6.84 in chips) 
Neptune27: posts small blind $0.02
VascoSerg: posts big blind $0.05
*** HOLE CARDS ***
Dealt to Dorex2007 [3c Qs]
Dorex2007: folds 
telko2017: folds 
Sjield: folds 
PetrosAC: folds 
Hemersoncte20: calls $0.05
Neptune27: folds 
VascoSerg: checks 
*** FLOP *** [As 6d 4d]
VascoSerg: checks 
Hemersoncte20: bets $0.10
VascoSerg: folds 
Uncalled bet ($0.10) returned to Hemersoncte20
Hemersoncte20 collected $0.12 from pot
Hemersoncte20: doesn't show hand 
*** SUMMARY ***
Total pot $0.12 | Rake $0 
Board [As 6d 4d]
Seat 1: Dorex2007 folded before Flop (didn't bet)
Seat 2: telko2017 folded before Flop (didn't bet)
Seat 3: Sjield folded before Flop (didn't bet)
Seat 4: PetrosAC folded before Flop (didn't bet)
Seat 5: Hemersoncte20 (button) collected ($0.12)
Seat 8: Neptune27 (small blind) folded before Flop
Seat 9: VascoSerg (big blind) folded on the Flop



PokerStars Hand #237587031178:  Hold'em No Limit ($0.02/$0.05 USD) - 2022/07/25 15:24:41 PT [2022/07/25 18:24:41 ET]
Table 'Liguria II' 9-max Seat #8 is the button
Seat 1: Dorex2007 ($5.93 in chips) 
Seat 2: telko2017 ($6.45 in chips) 
Seat 3: Sjield ($2.73 in chips) 
Seat 4: PetrosAC ($0.47 in chips) 
Seat 5: Hemersoncte20 ($2.07 in chips) 
Seat 8: Neptune27 ($7.33 in chips) 
Seat 9: VascoSerg ($6.79 in chips) 
VascoSerg: posts small blind $0.02
Dorex2007: posts big blind $0.05
*** HOLE CARDS ***
Dealt to Dorex2007 [5h 8d]
telko2017: folds 
Sjield: folds 
PetrosAC: folds 
Hemersoncte20: calls $0.05
Neptune27: folds 
VascoSerg: folds 
Dorex2007: checks 
*** FLOP *** [4c Qh 2c]
Dorex2007: checks 
Hemersoncte20: checks 
*** TURN *** [4c Qh 2c] [3c]
Dorex2007: checks 
Hemersoncte20: bets $0.05
Dorex2007: folds 
Uncalled bet ($0.05) returned to Hemersoncte20
Hemersoncte20 collected $0.12 from pot
Hemersoncte20: doesn't show hand 
*** SUMMARY ***
Total pot $0.12 | Rake $0 
Board [4c Qh 2c 3c]
Seat 1: Dorex2007 (big blind) folded on the Turn
Seat 2: telko2017 folded before Flop (didn't bet)
Seat 3: Sjield folded before Flop (didn't bet)
Seat 4: PetrosAC folded before Flop (didn't bet)
Seat 5: Hemersoncte20 collected ($0.12)
Seat 8: Neptune27 (button) folded before Flop (didn't bet)
Seat 9: VascoSerg (small blind) folded before Flop



PokerStars Hand #237587047002:  Hold'em No Limit ($0.02/$0.05 USD) - 2022/07/25 15:25:28 PT [2022/07/25 18:25:28 ET]
Table 'Liguria II' 9-max Seat #9 is the button
Seat 1: Dorex2007 ($5.88 in chips) 
Seat 2: telko2017 ($6.45 in chips) 
Seat 3: Sjield ($2.73 in chips) 
Seat 4: PetrosAC ($0.47 in chips) 
Seat 5: Hemersoncte20 ($2.14 in chips) 
Seat 8: Neptune27 ($7.33 in chips) 
Seat 9: VascoSerg ($6.77 in chips) 
Dorex2007: posts small blind $0.02
telko2017: posts big blind $0.05
*** HOLE CARDS ***
Dealt to Dorex2007 [As Kd]
Sjield: folds 
PetrosAC: folds 
Hemersoncte20: calls $0.05
PetrosAC leaves the table
Neptune27: raises $0.15 to $0.20
VascoSerg: folds 
Dorex2007: calls $0.18
telko2017: folds 
Hemersoncte20: calls $0.15
*** FLOP *** [6h Kh 9d]
Dorex2007: bets $0.41
Hemersoncte20: folds 
Neptune27: folds 
Uncalled bet ($0.41) returned to Dorex2007
Dorex2007 collected $0.62 from pot
Dorex2007: doesn't show hand 
*** SUMMARY ***
Total pot $0.65 | Rake $0.03 
Board [6h Kh 9d]
Seat 1: Dorex2007 (small blind) collected ($0.62)
Seat 2: telko2017 (big blind) folded before Flop
Seat 3: Sjield folded before Flop (didn't bet)
Seat 4: PetrosAC folded before Flop (didn't bet)
Seat 5: Hemersoncte20 folded on the Flop
Seat 8: Neptune27 folded on the Flop
Seat 9: VascoSerg (button) folded before Flop (didn't bet)



PokerStars Hand #237587061524:  Hold'em No Limit ($0.02/$0.05 USD) - 2022/07/25 15:26:11 PT [2022/07/25 18:26:11 ET]
Table 'Liguria II' 9-max Seat #1 is the button
Seat 1: Dorex2007 ($6.30 in chips) 
Seat 2: telko2017 ($6.40 in chips) 
Seat 3: Sjield ($2.73 in chips) 
Seat 5: Hemersoncte20 ($1.94 in chips) 
Seat 8: Neptune27 ($7.13 in chips) 
Seat 9: VascoSerg ($6.77 in chips) 
telko2017: posts small blind $0.02
Sjield: posts big blind $0.05
*** HOLE CARDS ***
Dealt to Dorex2007 [3h Kd]
Hemersoncte20: calls $0.05
Neptune27: folds 
VascoSerg has timed out
VascoSerg: folds 
Dorex2007: folds 
telko2017: calls $0.03
Sjield: checks 
*** FLOP *** [Tc 6d 8s]
telko2017: checks 
Sjield: checks 
Hemersoncte20: bets $0.05
telko2017: raises $0.15 to $0.20
Sjield: folds 
BlackGANG193 joins the table at seat #4 
Hemersoncte20: calls $0.15
*** TURN *** [Tc 6d 8s] [7d]
telko2017: checks 
Hemersoncte20: bets $0.30
telko2017: calls $0.30
*** RIVER *** [Tc 6d 8s 7d] [Ah]
telko2017: checks 
paul1979x joins the table at seat #7 
Hemersoncte20: bets $0.25
telko2017: folds 
Uncalled bet ($0.25) returned to Hemersoncte20
Hemersoncte20 collected $1.10 from pot
Hemersoncte20: doesn't show hand 
*** SUMMARY ***
Total pot $1.15 | Rake $0.05 
Board [Tc 6d 8s 7d Ah]
Seat 1: Dorex2007 (button) folded before Flop (didn't bet)
Seat 2: telko2017 (small blind) folded on the River
Seat 3: Sjield (big blind) folded on the Flop
Seat 5: Hemersoncte20 collected ($1.10)
Seat 8: Neptune27 folded before Flop (didn't bet)
Seat 9: VascoSerg folded before Flop (didn't bet)



PokerStars Hand #237587087219:  Hold'em No Limit ($0.02/$0.05 USD) - 2022/07/25 15:27:28 PT [2022/07/25 18:27:28 ET]
Table 'Liguria II' 9-max Seat #2 is the button
Seat 1: Dorex2007 ($6.30 in chips) 
Seat 2: telko2017 ($5.85 in chips) 
Seat 3: Sjield ($2.68 in chips) 
Seat 4: BlackGANG193 ($4 in chips) 
Seat 5: Hemersoncte20 ($2.49 in chips) 
Seat 7: paul1979x ($2 in chips) 
Seat 8: Neptune27 ($7.13 in chips) 
Seat 9: VascoSerg ($6.77 in chips) 
Sjield: posts small blind $0.02
BlackGANG193: posts big blind $0.05
paul1979x: posts big blind $0.05
*** HOLE CARDS ***
Dealt to Dorex2007 [5c 2s]
Hemersoncte20: calls $0.05
paul1979x: checks 
Neptune27: folds 
VascoSerg: folds 
Dorex2007: folds 
telko2017: folds 
Sjield: raises $2.63 to $2.68 and is all-in
BlackGANG193: calls $2.63
Hemersoncte20: folds 
paul1979x: folds 
*** FLOP *** [7s Ad 3s]
*** TURN *** [7s Ad 3s] [Qd]
*** RIVER *** [7s Ad 3s Qd] [4d]
*** SHOW DOWN ***
Sjield: shows [As Ac] (three of a kind, Aces)
BlackGANG193: shows [Tc Qs] (a pair of Queens)
Sjield cashed out the hand for $4.42 | Cash Out Fee $0.04
*** SUMMARY ***
Total pot $5.46 | Rake $0.23 
Board [7s Ad 3s Qd 4d]
Seat 1: Dorex2007 folded before Flop (didn't bet)
Seat 2: telko2017 (button) folded before Flop (didn't bet)
Seat 3: Sjield (small blind) showed [As Ac] and won ($5.23) with three of a kind, Aces (pot not awarded as player cashed out)
Seat 4: BlackGANG193 (big blind) showed [Tc Qs] and lost with a pair of Queens
Seat 5: Hemersoncte20 folded before Flop
Seat 7: paul1979x folded before Flop (didn't bet)
Seat 8: Neptune27 folded before Flop (didn't bet)
Seat 9: VascoSerg folded before Flop (didn't bet)



PokerStars Hand #237587105202:  Hold'em No Limit ($0.02/$0.05 USD) - 2022/07/25 15:28:14 PT [2022/07/25 18:28:14 ET]
Table 'Liguria II' 9-max Seat #3 is the button
Seat 1: Dorex2007 ($6.30 in chips) 
Seat 2: telko2017 ($5.85 in chips) 
Seat 3: Sjield ($4.42 in chips) 
Seat 4: BlackGANG193 ($1.32 in chips) 
Seat 5: Hemersoncte20 ($2.44 in chips) 
Seat 7: paul1979x ($1.95 in chips) 
Seat 8: Neptune27 ($7.13 in chips) 
Seat 9: VascoSerg ($6.77 in chips) 
BlackGANG193: posts small blind $0.02
Hemersoncte20: posts big blind $0.05
*** HOLE CARDS ***
Dealt to Dorex2007 [Kd Ks]
paul1979x has timed out
paul1979x: folds 
Neptune27: folds 
VascoSerg: folds 
Dorex2007: raises $0.15 to $0.20
telko2017 has timed out
telko2017: folds 
Sjield: folds 
BlackGANG193: calls $0.18
Hemersoncte20: calls $0.15
*** FLOP *** [6c 3c 4s]
BlackGANG193: bets $1.12 and is all-in
Hemersoncte20: folds 
Dorex2007: calls $1.12
*** TURN *** [6c 3c 4s] [Qd]
*** RIVER *** [6c 3c 4s Qd] [9s]
*** SHOW DOWN ***
BlackGANG193: shows [7d 4d] (a pair of Fours)
Dorex2007: shows [Kd Ks] (a pair of Kings)
Dorex2007 cashed out the hand for $1.80 | Cash Out Fee $0.02
*** SUMMARY ***
Total pot $2.84 | Rake $0.12 
Board [6c 3c 4s Qd 9s]
Seat 1: Dorex2007 showed [Kd Ks] and won ($2.72) with a pair of Kings (pot not awarded as player cashed out)
Seat 2: telko2017 folded before Flop (didn't bet)
Seat 3: Sjield (button) folded before Flop (didn't bet)
Seat 4: BlackGANG193 (small blind) showed [7d 4d] and lost with a pair of Fours
Seat 5: Hemersoncte20 (big blind) folded on the Flop
Seat 7: paul1979x folded before Flop (didn't bet)
Seat 8: Neptune27 folded before Flop (didn't bet)
Seat 9: VascoSerg folded before Flop (didn't bet)



PokerStars Hand #237587127686:  Hold'em No Limit ($0.02/$0.05 USD) - 2022/07/25 15:29:23 PT [2022/07/25 18:29:23 ET]
Table 'Liguria II' 9-max Seat #5 is the button
Seat 1: Dorex2007 ($6.78 in chips) 
Seat 2: telko2017 ($5.85 in chips) 
Seat 3: Sjield ($4.42 in chips) 
Seat 5: Hemersoncte20 ($2.24 in chips) 
Seat 7: paul1979x ($1.95 in chips) 
Seat 8: Neptune27 ($7.13 in chips) 
Seat 9: VascoSerg ($6.77 in chips) 
paul1979x: posts small blind $0.02
Neptune27: posts big blind $0.05
*** HOLE CARDS ***
Dealt to Dorex2007 [Qh Ks]
VascoSerg: folds 
Dorex2007: raises $0.05 to $0.10
telko2017: folds 
Sjield: folds 
Hemersoncte20: calls $0.10
paul1979x: folds 
Neptune27: folds 
*** FLOP *** [3s 5h Js]
Dorex2007: checks 
Hemersoncte20: checks 
*** TURN *** [3s 5h Js] [6s]
Dorex2007: bets $0.13
Hemersoncte20: raises $0.13 to $0.26
Dorex2007: calls $0.13
*** RIVER *** [3s 5h Js 6s] [6h]
Dorex2007: checks 
Hemersoncte20: bets $0.25
Dorex2007: folds 
Uncalled bet ($0.25) returned to Hemersoncte20
Hemersoncte20 collected $0.76 from pot
Hemersoncte20: doesn't show hand 
*** SUMMARY ***
Total pot $0.79 | Rake $0.03 
Board [3s 5h Js 6s 6h]
Seat 1: Dorex2007 folded on the River
Seat 2: telko2017 folded before Flop (didn't bet)
Seat 3: Sjield folded before Flop (didn't bet)
Seat 5: Hemersoncte20 (button) collected ($0.76)
Seat 7: paul1979x (small blind) folded before Flop
Seat 8: Neptune27 (big blind) folded before Flop
Seat 9: VascoSerg folded before Flop (didn't bet)



PokerStars Hand #237587148158:  Hold'em No Limit ($0.02/$0.05 USD) - 2022/07/25 15:30:25 PT [2022/07/25 18:30:25 ET]
Table 'Liguria II' 9-max Seat #7 is the button
Seat 1: Dorex2007 ($6.42 in chips) 
Seat 2: telko2017 ($5.85 in chips) 
Seat 3: Sjield ($4.42 in chips) 
Seat 5: Hemersoncte20 ($2.64 in chips) 
Seat 7: paul1979x ($1.93 in chips) 
Seat 8: Neptune27 ($7.08 in chips) 
Seat 9: VascoSerg ($6.77 in chips) 
Neptune27: posts small blind $0.02
VascoSerg: posts big blind $0.05
*** HOLE CARDS ***
Dealt to Dorex2007 [Jh 4c]
Dorex2007: folds 
telko2017: folds 
Sjield: folds 
Hemersoncte20: folds 
paul1979x: folds 
Neptune27: raises $0.10 to $0.15
VascoSerg: folds 
Uncalled bet ($0.10) returned to Neptune27
Neptune27 collected $0.10 from pot
*** SUMMARY ***
Total pot $0.10 | Rake $0 
Seat 1: Dorex2007 folded before Flop (didn't bet)
Seat 2: telko2017 folded before Flop (didn't bet)
Seat 3: Sjield folded before Flop (didn't bet)
Seat 5: Hemersoncte20 folded before Flop (didn't bet)
Seat 7: paul1979x (button) folded before Flop (didn't bet)
Seat 8: Neptune27 (small blind) collected ($0.10)
Seat 9: VascoSerg (big blind) folded before Flop



PokerStars Hand #237587154207:  Hold'em No Limit ($0.02/$0.05 USD) - 2022/07/25 15:30:43 PT [2022/07/25 18:30:43 ET]
Table 'Liguria II' 9-max Seat #8 is the button
Seat 1: Dorex2007 ($6.42 in chips) 
Seat 2: telko2017 ($5.85 in chips) 
Seat 3: Sjield ($4.42 in chips) 
Seat 5: Hemersoncte20 ($2.64 in chips) 
Seat 7: paul1979x ($1.93 in chips) 
Seat 8: Neptune27 ($7.13 in chips) 
Seat 9: VascoSerg ($6.72 in chips) 
VascoSerg: posts small blind $0.02
Dorex2007: posts big blind $0.05
*** HOLE CARDS ***
Dealt to Dorex2007 [7s 6c]
telko2017: folds 
Sjield: calls $0.05
ASpiror leaves the table
Hemersoncte20 has timed out
Hemersoncte20: folds 
paul1979x: folds 
Neptune27: folds 
VascoSerg: calls $0.03
Dorex2007: checks 
*** FLOP *** [5d Kc Jd]
VascoSerg: checks 
Juagonzalez joins the table at seat #6 
Dorex2007: checks 
Sjield: checks 
*** TURN *** [5d Kc Jd] [2h]
VascoSerg: bets $0.11
Dorex2007: folds 
Sjield: calls $0.11
*** RIVER *** [5d Kc Jd 2h] [7c]
VascoSerg: bets $0.26
Sjield: folds 
Uncalled bet ($0.26) returned to VascoSerg
VascoSerg collected $0.35 from pot
VascoSerg: doesn't show hand 
*** SUMMARY ***
Total pot $0.37 | Rake $0.02 
Board [5d Kc Jd 2h 7c]
Seat 1: Dorex2007 (big blind) folded on the Turn
Seat 2: telko2017 folded before Flop (didn't bet)
Seat 3: Sjield folded on the River
Seat 5: Hemersoncte20 folded before Flop (didn't bet)
Seat 7: paul1979x folded before Flop (didn't bet)
Seat 8: Neptune27 (button) folded before Flop (didn't bet)
Seat 9: VascoSerg (small blind) collected ($0.35)



PokerStars Hand #237587180646:  Hold'em No Limit ($0.02/$0.05 USD) - 2022/07/25 15:32:02 PT [2022/07/25 18:32:02 ET]
Table 'Liguria II' 9-max Seat #9 is the button
Seat 1: Dorex2007 ($6.37 in chips) 
Seat 2: telko2017 ($5.85 in chips) 
Seat 3: Sjield ($4.26 in chips) 
Seat 5: Hemersoncte20 ($2.64 in chips) 
Seat 7: paul1979x ($1.93 in chips) 
Seat 8: Neptune27 ($7.13 in chips) 
Seat 9: VascoSerg ($6.91 in chips) 
Dorex2007: posts small blind $0.02
telko2017: posts big blind $0.05
Juagonzalez: sits out 
*** HOLE CARDS ***
Dealt to Dorex2007 [Js 8s]
Sjield: raises $0.07 to $0.12
Hemersoncte20: calls $0.12
paul1979x: folds 
Neptune27: folds 
VascoSerg: folds 
Dorex2007: folds 
telko2017: calls $0.07
*** FLOP *** [Jh Jc 7h]
telko2017: checks 
Sjield: bets $0.18
Hemersoncte20: folds 
telko2017: calls $0.18
*** TURN *** [Jh Jc 7h] [3s]
telko2017: bets $0.25
Sjield: folds 
Uncalled bet ($0.25) returned to telko2017
telko2017 collected $0.71 from pot
telko2017: doesn't show hand 
*** SUMMARY ***
Total pot $0.74 | Rake $0.03 
Board [Jh Jc 7h 3s]
Seat 1: Dorex2007 (small blind) folded before Flop
Seat 2: telko2017 (big blind) collected ($0.71)
Seat 3: Sjield folded on the Turn
Seat 5: Hemersoncte20 folded on the Flop
Seat 7: paul1979x folded before Flop (didn't bet)
Seat 8: Neptune27 folded before Flop (didn't bet)
Seat 9: VascoSerg (button) folded before Flop (didn't bet)



PokerStars Hand #237587197574:  Hold'em No Limit ($0.02/$0.05 USD) - 2022/07/25 15:32:53 PT [2022/07/25 18:32:53 ET]
Table 'Liguria II' 9-max Seat #1 is the button
Seat 1: Dorex2007 ($6.35 in chips) 
Seat 2: telko2017 ($6.26 in chips) 
Seat 3: Sjield ($3.96 in chips) 
Seat 5: Hemersoncte20 ($2.52 in chips) 
Seat 7: paul1979x ($1.93 in chips) 
Seat 8: Neptune27 ($7.13 in chips) 
Seat 9: VascoSerg ($6.91 in chips) 
telko2017: posts small blind $0.02
Sjield: posts big blind $0.05
Juagonzalez: sits out 
*** HOLE CARDS ***
Dealt to Dorex2007 [9d 3h]
Hemersoncte20: calls $0.05
paul1979x: folds 
Neptune27: folds 
VascoSerg: folds 
Dorex2007: folds 
telko2017: calls $0.03
Sjield: checks 
*** FLOP *** [Qd 9s 2h]
telko2017: checks 
Sjield: checks 
Hemersoncte20: checks 
*** TURN *** [Qd 9s 2h] [Jd]
telko2017: checks 
Sjield: checks 
Hemersoncte20: checks 
*** RIVER *** [Qd 9s 2h Jd] [Jh]
telko2017: checks 
Sjield: checks 
Hemersoncte20: bets $0.20
telko2017: folds 
Sjield: folds 
Uncalled bet ($0.20) returned to Hemersoncte20
Hemersoncte20 collected $0.14 from pot
Hemersoncte20: doesn't show hand 
*** SUMMARY ***
Total pot $0.15 | Rake $0.01 
Board [Qd 9s 2h Jd Jh]
Seat 1: Dorex2007 (button) folded before Flop (didn't bet)
Seat 2: telko2017 (small blind) folded on the River
Seat 3: Sjield (big blind) folded on the River
Seat 5: Hemersoncte20 collected ($0.14)
Seat 7: paul1979x folded before Flop (didn't bet)
Seat 8: Neptune27 folded before Flop (didn't bet)
Seat 9: VascoSerg folded before Flop (didn't bet)



PokerStars Hand #237587214718:  Hold'em No Limit ($0.02/$0.05 USD) - 2022/07/25 15:33:45 PT [2022/07/25 18:33:45 ET]
Table 'Liguria II' 9-max Seat #2 is the button
Seat 1: Dorex2007 ($6.35 in chips) 
Seat 2: telko2017 ($6.21 in chips) 
Seat 3: Sjield ($3.91 in chips) 
Seat 5: Hemersoncte20 ($2.61 in chips) 
Seat 7: paul1979x ($1.93 in chips) 
Seat 8: Neptune27 ($7.13 in chips) 
Seat 9: VascoSerg ($6.91 in chips) 
Sjield: posts small blind $0.02
Hemersoncte20: posts big blind $0.05
Juagonzalez: sits out 
*** HOLE CARDS ***
Dealt to Dorex2007 [Kh Th]
paul1979x: raises $0.10 to $0.15
Neptune27: folds 
VascoSerg: folds 
Dorex2007: calls $0.15
telko2017: folds 
Sjield: folds 
Hemersoncte20: calls $0.10
*** FLOP *** [2d 7c Ac]
Hemersoncte20: bets $0.05
paul1979x: raises $0.55 to $0.60
Dorex2007: folds 
Hemersoncte20: folds 
Uncalled bet ($0.55) returned to paul1979x
paul1979x collected $0.55 from pot
paul1979x: doesn't show hand 
*** SUMMARY ***
Total pot $0.57 | Rake $0.02 
Board [2d 7c Ac]
Seat 1: Dorex2007 folded on the Flop
Seat 2: telko2017 (button) folded before Flop (didn't bet)
Seat 3: Sjield (small blind) folded before Flop
Seat 5: Hemersoncte20 (big blind) folded on the Flop
Seat 7: paul1979x collected ($0.55)
Seat 8: Neptune27 folded before Flop (didn't bet)
Seat 9: VascoSerg folded before Flop (didn't bet)



PokerStars Hand #237587227291:  Hold'em No Limit ($0.02/$0.05 USD) - 2022/07/25 15:34:23 PT [2022/07/25 18:34:23 ET]
Table 'Liguria II' 9-max Seat #3 is the button
Seat 1: Dorex2007 ($6.20 in chips) 
Seat 2: telko2017 ($6.21 in chips) 
Seat 3: Sjield ($3.89 in chips) 
Seat 5: Hemersoncte20 ($2.41 in chips) 
Seat 6: Juagonzalez ($5 in chips) 
Seat 7: paul1979x ($2.28 in chips) 
Seat 8: Neptune27 ($7.13 in chips) 
Seat 9: VascoSerg ($6.91 in chips) 
Hemersoncte20: posts small blind $0.02
Juagonzalez: posts big blind $0.05
*** HOLE CARDS ***
Dealt to Dorex2007 [6d Kh]
paul1979x: calls $0.05
Neptune27: folds 
VascoSerg: folds 
Dorex2007: folds 
telko2017: raises $0.07 to $0.12
Sjield: folds 
Hemersoncte20: calls $0.10
Juagonzalez: folds 
paul1979x: calls $0.07
*** FLOP *** [6c 2c 5h]
Hemersoncte20: bets $0.05
paul1979x: folds 
telko2017: calls $0.05
*** TURN *** [6c 2c 5h] [4h]
Hemersoncte20: bets $0.05
telko2017: calls $0.05
*** RIVER *** [6c 2c 5h 4h] [Js]
Hemersoncte20: bets $0.10
telko2017: folds 
Uncalled bet ($0.10) returned to Hemersoncte20
Hemersoncte20 collected $0.58 from pot
Hemersoncte20: doesn't show hand 
*** SUMMARY ***
Total pot $0.61 | Rake $0.03 
Board [6c 2c 5h 4h Js]
Seat 1: Dorex2007 folded before Flop (didn't bet)
Seat 2: telko2017 folded on the River
Seat 3: Sjield (button) folded before Flop (didn't bet)
Seat 5: Hemersoncte20 (small blind) collected ($0.58)
Seat 6: Juagonzalez (big blind) folded before Flop
Seat 7: paul1979x folded on the Flop
Seat 8: Neptune27 folded before Flop (didn't bet)
Seat 9: VascoSerg folded before Flop (didn't bet)



PokerStars Hand #237587253479:  Hold'em No Limit ($0.02/$0.05 USD) - 2022/07/25 15:35:27 PT [2022/07/25 18:35:27 ET]
Table 'Liguria II' 9-max Seat #5 is the button
Seat 1: Dorex2007 ($6.20 in chips) 
Seat 2: telko2017 ($5.99 in chips) 
Seat 3: Sjield ($3.89 in chips) 
Seat 5: Hemersoncte20 ($2.77 in chips) 
Seat 6: Juagonzalez ($5 in chips) 
Seat 7: paul1979x ($2.16 in chips) 
Seat 8: Neptune27 ($7.13 in chips) 
Seat 9: VascoSerg ($6.91 in chips) 
Juagonzalez: posts small blind $0.02
paul1979x: posts big blind $0.05
*** HOLE CARDS ***
Dealt to Dorex2007 [Ac Tc]
Neptune27: folds 
VascoSerg: folds 
Dorex2007: raises $0.10 to $0.15
telko2017: folds 
Sjield: calls $0.15
Hemersoncte20: calls $0.15
Juagonzalez: folds 
paul1979x: folds 
*** FLOP *** [3d Kh 2s]
Dorex2007: checks 
Sjield: checks 
Hemersoncte20: checks 
*** TURN *** [3d Kh 2s] [8c]
Dorex2007: checks 
Sjield: checks 
Hemersoncte20: bets $0.20
Dorex2007: folds 
Sjield: folds 
Uncalled bet ($0.20) returned to Hemersoncte20
Hemersoncte20 collected $0.50 from pot
Hemersoncte20: doesn't show hand 
*** SUMMARY ***
Total pot $0.52 | Rake $0.02 
Board [3d Kh 2s 8c]
Seat 1: Dorex2007 folded on the Turn
Seat 2: telko2017 folded before Flop (didn't bet)
Seat 3: Sjield folded on the Turn
Seat 5: Hemersoncte20 (button) collected ($0.50)
Seat 6: Juagonzalez (small blind) folded before Flop
Seat 7: paul1979x (big blind) folded before Flop
Seat 8: Neptune27 folded before Flop (didn't bet)
Seat 9: VascoSerg folded before Flop (didn't bet)



PokerStars Hand #237587268811:  Hold'em No Limit ($0.02/$0.05 USD) - 2022/07/25 15:36:13 PT [2022/07/25 18:36:13 ET]
Table 'Liguria II' 9-max Seat #6 is the button
Seat 1: Dorex2007 ($6.05 in chips) 
Seat 2: telko2017 ($5.99 in chips) 
Seat 3: Sjield ($3.74 in chips) 
Seat 5: Hemersoncte20 ($3.12 in chips) 
Seat 6: Juagonzalez ($5 in chips) 
Seat 7: paul1979x ($2.11 in chips) 
Seat 8: Neptune27 ($7.13 in chips) 
Seat 9: VascoSerg ($6.91 in chips) 
paul1979x: posts small blind $0.02
Neptune27: posts big blind $0.05
*** HOLE CARDS ***
Dealt to Dorex2007 [9s Ks]
VascoSerg: raises $0.10 to $0.15
Dorex2007: folds 
telko2017: calls $0.15
Sjield: folds 
Hemersoncte20: folds 
Juagonzalez: folds 
paul1979x: calls $0.13
Neptune27: folds 
*** FLOP *** [Th As Kh]
paul1979x: checks 
VascoSerg: checks 
telko2017: bets $0.24
paul1979x: calls $0.24
VascoSerg: folds 
*** TURN *** [Th As Kh] [Qc]
paul1979x: checks 
telko2017: checks 
*** RIVER *** [Th As Kh Qc] [Td]
paul1979x: bets $0.47
telko2017: folds 
Uncalled bet ($0.47) returned to paul1979x
paul1979x collected $0.94 from pot
paul1979x: doesn't show hand 
*** SUMMARY ***
Total pot $0.98 | Rake $0.04 
Board [Th As Kh Qc Td]
Seat 1: Dorex2007 folded before Flop (didn't bet)
Seat 2: telko2017 folded on the River
Seat 3: Sjield folded before Flop (didn't bet)
Seat 5: Hemersoncte20 folded before Flop (didn't bet)
Seat 6: Juagonzalez (button) folded before Flop (didn't bet)
Seat 7: paul1979x (small blind) collected ($0.94)
Seat 8: Neptune27 (big blind) folded before Flop
Seat 9: VascoSerg folded on the Flop



PokerStars Hand #237587284827:  Hold'em No Limit ($0.02/$0.05 USD) - 2022/07/25 15:37:02 PT [2022/07/25 18:37:02 ET]
Table 'Liguria II' 9-max Seat #7 is the button
Seat 1: Dorex2007 ($6.05 in chips) 
Seat 2: telko2017 ($5.60 in chips) 
Seat 3: Sjield ($3.74 in chips) 
Seat 5: Hemersoncte20 ($3.12 in chips) 
Seat 6: Juagonzalez ($5 in chips) 
Seat 7: paul1979x ($2.66 in chips) 
Seat 8: Neptune27 ($7.08 in chips) 
Seat 9: VascoSerg ($6.76 in chips) 
Neptune27: posts small blind $0.02
VascoSerg: posts big blind $0.05
*** HOLE CARDS ***
Dealt to Dorex2007 [6c Qc]
Dorex2007: folds 
telko2017: raises $0.07 to $0.12
Sjield: folds 
Hemersoncte20 has timed out
Hemersoncte20: folds 
Juagonzalez: folds 
paul1979x: folds 
Neptune27: folds 
VascoSerg: folds 
Uncalled bet ($0.07) returned to telko2017
telko2017 collected $0.12 from pot
telko2017: doesn't show hand 
*** SUMMARY ***
Total pot $0.12 | Rake $0 
Seat 1: Dorex2007 folded before Flop (didn't bet)
Seat 2: telko2017 collected ($0.12)
Seat 3: Sjield folded before Flop (didn't bet)
Seat 5: Hemersoncte20 folded before Flop (didn't bet)
Seat 6: Juagonzalez folded before Flop (didn't bet)
Seat 7: paul1979x (button) folded before Flop (didn't bet)
Seat 8: Neptune27 (small blind) folded before Flop
Seat 9: VascoSerg (big blind) folded before Flop



PokerStars Hand #237587294239:  Hold'em No Limit ($0.02/$0.05 USD) - 2022/07/25 15:37:30 PT [2022/07/25 18:37:30 ET]
Table 'Liguria II' 9-max Seat #8 is the button
Seat 1: Dorex2007 ($6.05 in chips) 
Seat 2: telko2017 ($5.67 in chips) 
Seat 3: Sjield ($3.74 in chips) 
Seat 5: Hemersoncte20 ($3.12 in chips) 
Seat 6: Juagonzalez ($5 in chips) 
Seat 7: paul1979x ($2.66 in chips) 
Seat 8: Neptune27 ($7.06 in chips) 
Seat 9: VascoSerg ($6.71 in chips) 
VascoSerg: posts small blind $0.02
Dorex2007: posts big blind $0.05
*** HOLE CARDS ***
Dealt to Dorex2007 [2d 9c]
telko2017: folds 
Sjield: folds 
Hemersoncte20: calls $0.05
Juagonzalez: folds 
paul1979x: folds 
Neptune27: folds 
VascoSerg: folds 
Dorex2007: checks 
*** FLOP *** [Kc Qh 6h]
Dorex2007: checks 
Hemersoncte20: checks 
*** TURN *** [Kc Qh 6h] [3d]
Dorex2007: checks 
Hemersoncte20: bets $0.10
Dorex2007: folds 
Uncalled bet ($0.10) returned to Hemersoncte20
Hemersoncte20 collected $0.12 from pot
Hemersoncte20: doesn't show hand 
*** SUMMARY ***
Total pot $0.12 | Rake $0 
Board [Kc Qh 6h 3d]
Seat 1: Dorex2007 (big blind) folded on the Turn
Seat 2: telko2017 folded before Flop (didn't bet)
Seat 3: Sjield folded before Flop (didn't bet)
Seat 5: Hemersoncte20 collected ($0.12)
Seat 6: Juagonzalez folded before Flop (didn't bet)
Seat 7: paul1979x folded before Flop (didn't bet)
Seat 8: Neptune27 (button) folded before Flop (didn't bet)
Seat 9: VascoSerg (small blind) folded before Flop



PokerStars Hand #237587306995:  Hold'em No Limit ($0.02/$0.05 USD) - 2022/07/25 15:38:09 PT [2022/07/25 18:38:09 ET]
Table 'Liguria II' 9-max Seat #9 is the button
Seat 1: Dorex2007 ($6 in chips) 
Seat 2: telko2017 ($5.67 in chips) 
Seat 3: Sjield ($3.74 in chips) 
Seat 5: Hemersoncte20 ($3.19 in chips) 
Seat 6: Juagonzalez ($5 in chips) 
Seat 7: paul1979x ($2.66 in chips) 
Seat 8: Neptune27 ($7.06 in chips) 
Seat 9: VascoSerg ($6.69 in chips) 
Dorex2007: posts small blind $0.02
telko2017: posts big blind $0.05
*** HOLE CARDS ***
Dealt to Dorex2007 [6c 4c]
Sjield: folds 
Hemersoncte20: calls $0.05
Juagonzalez: folds 
paul1979x: folds 
Neptune27: folds 
VascoSerg: calls $0.05
Dorex2007: calls $0.03
telko2017 has timed out
telko2017: checks 
*** FLOP *** [4h 7s 6s]
Dorex2007: bets $0.13
telko2017: calls $0.13
Hemersoncte20: folds 
VascoSerg: folds 
*** TURN *** [4h 7s 6s] [Js]
Dorex2007: bets $0.22
telko2017: folds 
Uncalled bet ($0.22) returned to Dorex2007
Dorex2007 collected $0.44 from pot
Dorex2007: doesn't show hand 
*** SUMMARY ***
Total pot $0.46 | Rake $0.02 
Board [4h 7s 6s Js]
Seat 1: Dorex2007 (small blind) collected ($0.44)
Seat 2: telko2017 (big blind) folded on the Turn
Seat 3: Sjield folded before Flop (didn't bet)
Seat 5: Hemersoncte20 folded on the Flop
Seat 6: Juagonzalez folded before Flop (didn't bet)
Seat 7: paul1979x folded before Flop (didn't bet)
Seat 8: Neptune27 folded before Flop (didn't bet)
Seat 9: VascoSerg (button) folded on the Flop



PokerStars Hand #237587333902:  Hold'em No Limit ($0.02/$0.05 USD) - 2022/07/25 15:39:31 PT [2022/07/25 18:39:31 ET]
Table 'Liguria II' 9-max Seat #1 is the button
Seat 1: Dorex2007 ($6.26 in chips) 
Seat 2: telko2017 ($5.49 in chips) 
Seat 3: Sjield ($3.74 in chips) 
Seat 5: Hemersoncte20 ($3.14 in chips) 
Seat 6: Juagonzalez ($5 in chips) 
Seat 7: paul1979x ($2.66 in chips) 
Seat 8: Neptune27 ($7.06 in chips) 
Seat 9: VascoSerg ($6.64 in chips) 
telko2017: posts small blind $0.02
Sjield: posts big blind $0.05
*** HOLE CARDS ***
Dealt to Dorex2007 [3s 9s]
Hemersoncte20: folds 
Juagonzalez: folds 
paul1979x: calls $0.05
Neptune27: folds 
VascoSerg: folds 
Dorex2007: folds 
telko2017: raises $0.07 to $0.12
Sjield: calls $0.07
paul1979x: calls $0.07
*** FLOP *** [Ac 9h Tc]
telko2017: bets $0.17
Sjield: folds 
paul1979x: calls $0.17
*** TURN *** [Ac 9h Tc] [7c]
telko2017: checks 
paul1979x: checks 
*** RIVER *** [Ac 9h Tc 7c] [4h]
telko2017: bets $0.33
paul1979x: folds 
Uncalled bet ($0.33) returned to telko2017
telko2017 collected $0.67 from pot
telko2017: doesn't show hand 
*** SUMMARY ***
Total pot $0.70 | Rake $0.03 
Board [Ac 9h Tc 7c 4h]
Seat 1: Dorex2007 (button) folded before Flop (didn't bet)
Seat 2: telko2017 (small blind) collected ($0.67)
Seat 3: Sjield (big blind) folded on the Flop
Seat 5: Hemersoncte20 folded before Flop (didn't bet)
Seat 6: Juagonzalez folded before Flop (didn't bet)
Seat 7: paul1979x folded on the River
Seat 8: Neptune27 folded before Flop (didn't bet)
Seat 9: VascoSerg folded before Flop (didn't bet)



PokerStars Hand #237587355558:  Hold'em No Limit ($0.02/$0.05 USD) - 2022/07/25 15:40:38 PT [2022/07/25 18:40:38 ET]
Table 'Liguria II' 9-max Seat #2 is the button
Seat 1: Dorex2007 ($6.26 in chips) 
Seat 2: telko2017 ($5.87 in chips) 
Seat 3: Sjield ($3.62 in chips) 
Seat 5: Hemersoncte20 ($3.14 in chips) 
Seat 6: Juagonzalez ($5 in chips) 
Seat 7: paul1979x ($2.37 in chips) 
Seat 8: Neptune27 ($7.06 in chips) 
Seat 9: VascoSerg ($6.64 in chips) 
Sjield: posts small blind $0.02
Hemersoncte20: posts big blind $0.05
*** HOLE CARDS ***
Dealt to Dorex2007 [5h Jc]
Juagonzalez: folds 
paul1979x: calls $0.05
Neptune27: folds 
VascoSerg: folds 
Dorex2007: folds 
telko2017: raises $0.07 to $0.12
Sjield: folds 
Hemersoncte20: folds 
paul1979x: calls $0.07
*** FLOP *** [9h 4d Ks]
paul1979x: checks 
telko2017: checks 
*** TURN *** [9h 4d Ks] [Kh]
paul1979x: checks 
telko2017: checks 
*** RIVER *** [9h 4d Ks Kh] [3s]
paul1979x: bets $0.05
telko2017: folds 
Uncalled bet ($0.05) returned to paul1979x
paul1979x collected $0.30 from pot
paul1979x: doesn't show hand 
*** SUMMARY ***
Total pot $0.31 | Rake $0.01 
Board [9h 4d Ks Kh 3s]
Seat 1: Dorex2007 folded before Flop (didn't bet)
Seat 2: telko2017 (button) folded on the River
Seat 3: Sjield (small blind) folded before Flop
Seat 5: Hemersoncte20 (big blind) folded before Flop
Seat 6: Juagonzalez folded before Flop (didn't bet)
Seat 7: paul1979x collected ($0.30)
Seat 8: Neptune27 folded before Flop (didn't bet)
Seat 9: VascoSerg folded before Flop (didn't bet)



PokerStars Hand #237587372799:  Hold'em No Limit ($0.02/$0.05 USD) - 2022/07/25 15:41:30 PT [2022/07/25 18:41:30 ET]
Table 'Liguria II' 9-max Seat #3 is the button
Seat 1: Dorex2007 ($6.26 in chips) 
Seat 2: telko2017 ($5.75 in chips) 
Seat 3: Sjield ($3.60 in chips) 
Seat 5: Hemersoncte20 ($3.09 in chips) 
Seat 6: Juagonzalez ($5 in chips) 
Seat 7: paul1979x ($2.55 in chips) 
Seat 8: Neptune27 ($7.06 in chips) 
Seat 9: VascoSerg ($6.64 in chips) 
Hemersoncte20: posts small blind $0.02
Juagonzalez: posts big blind $0.05
*** HOLE CARDS ***
Dealt to Dorex2007 [Qs Qh]
paul1979x: folds 
Neptune27: folds 
VascoSerg: folds 
Dorex2007: raises $0.20 to $0.25
telko2017: folds 
Sjield: folds 
Hemersoncte20: folds 
Juagonzalez: folds 
Uncalled bet ($0.20) returned to Dorex2007
Dorex2007 collected $0.12 from pot
Dorex2007: doesn't show hand 
*** SUMMARY ***
Total pot $0.12 | Rake $0 
Seat 1: Dorex2007 collected ($0.12)
Seat 2: telko2017 folded before Flop (didn't bet)
Seat 3: Sjield (button) folded before Flop (didn't bet)
Seat 5: Hemersoncte20 (small blind) folded before Flop
Seat 6: Juagonzalez (big blind) folded before Flop
Seat 7: paul1979x folded before Flop (didn't bet)
Seat 8: Neptune27 folded before Flop (didn't bet)
Seat 9: VascoSerg folded before Flop (didn't bet)



PokerStars Hand #237587380493:  Hold'em No Limit ($0.02/$0.05 USD) - 2022/07/25 15:41:54 PT [2022/07/25 18:41:54 ET]
Table 'Liguria II' 9-max Seat #5 is the button
Seat 1: Dorex2007 ($6.33 in chips) 
Seat 2: telko2017 ($5.75 in chips) 
Seat 3: Sjield ($3.60 in chips) 
Seat 5: Hemersoncte20 ($3.07 in chips) 
Seat 6: Juagonzalez ($5 in chips) 
Seat 7: paul1979x ($2.55 in chips) 
Seat 8: Neptune27 ($7.06 in chips) 
Seat 9: VascoSerg ($6.64 in chips) 
Juagonzalez: posts small blind $0.02
paul1979x: posts big blind $0.05
*** HOLE CARDS ***
Dealt to Dorex2007 [Qh 6s]
Neptune27: folds 
VascoSerg: folds 
Dorex2007: folds 
telko2017: raises $0.07 to $0.12
Sjield: folds 
Hemersoncte20: calls $0.12
Juagonzalez: calls $0.10
paul1979x: calls $0.07
*** FLOP *** [9d Js Td]
Juagonzalez: checks 
paul1979x: bets $0.46
telko2017: calls $0.46
Hemersoncte20: calls $0.46
Juagonzalez: folds 
*** TURN *** [9d Js Td] [9c]
paul1979x: bets $1.97 and is all-in
telko2017: folds 
Hemersoncte20: folds 
Uncalled bet ($1.97) returned to paul1979x
paul1979x collected $1.78 from pot
paul1979x: doesn't show hand 
*** SUMMARY ***
Total pot $1.86 | Rake $0.08 
Board [9d Js Td 9c]
Seat 1: Dorex2007 folded before Flop (didn't bet)
Seat 2: telko2017 folded on the Turn
Seat 3: Sjield folded before Flop (didn't bet)
Seat 5: Hemersoncte20 (button) folded on the Turn
Seat 6: Juagonzalez (small blind) folded on the Flop
Seat 7: paul1979x (big blind) collected ($1.78)
Seat 8: Neptune27 folded before Flop (didn't bet)
Seat 9: VascoSerg folded before Flop (didn't bet)



PokerStars Hand #237587398038:  Hold'em No Limit ($0.02/$0.05 USD) - 2022/07/25 15:42:48 PT [2022/07/25 18:42:48 ET]
Table 'Liguria II' 9-max Seat #6 is the button
Seat 1: Dorex2007 ($6.33 in chips) 
Seat 2: telko2017 ($5.17 in chips) 
Seat 3: Sjield ($3.60 in chips) 
Seat 5: Hemersoncte20 ($2.49 in chips) 
Seat 6: Juagonzalez ($5 in chips) 
Seat 7: paul1979x ($3.75 in chips) 
Seat 8: Neptune27 ($7.06 in chips) 
Seat 9: VascoSerg ($6.64 in chips) 
paul1979x: posts small blind $0.02
Neptune27: posts big blind $0.05
*** HOLE CARDS ***
Dealt to Dorex2007 [5d 3d]
VascoSerg: folds 
Dorex2007: folds 
telko2017: raises $0.07 to $0.12
Sjield: folds 
Hemersoncte20: calls $0.12
Juagonzalez: folds 
paul1979x: folds 
Neptune27: raises $0.66 to $0.78
telko2017: folds 
BlackGANG193 leaves the table
nascimento31 joins the table at seat #4 
Hemersoncte20: folds 
Uncalled bet ($0.66) returned to Neptune27
paul1979x leaves the table
Neptune27 collected $0.38 from pot
*** SUMMARY ***
Total pot $0.38 | Rake $0 
Seat 1: Dorex2007 folded before Flop (didn't bet)
Seat 2: telko2017 folded before Flop
Seat 3: Sjield folded before Flop (didn't bet)
Seat 5: Hemersoncte20 folded before Flop
Seat 6: Juagonzalez (button) folded before Flop (didn't bet)
Seat 7: paul1979x (small blind) folded before Flop
Seat 8: Neptune27 (big blind) collected ($0.38)
Seat 9: VascoSerg folded before Flop (didn't bet)



PokerStars Hand #237587415531:  Hold'em No Limit ($0.02/$0.05 USD) - 2022/07/25 15:43:42 PT [2022/07/25 18:43:42 ET]
Table 'Liguria II' 9-max Seat #8 is the button
Seat 1: Dorex2007 ($6.33 in chips) 
Seat 2: telko2017 ($5.05 in chips) 
Seat 3: Sjield ($3.60 in chips) 
Seat 5: Hemersoncte20 ($2.37 in chips) 
Seat 6: Juagonzalez ($5 in chips) 
Seat 8: Neptune27 ($7.32 in chips) 
Seat 9: VascoSerg ($6.64 in chips) 
VascoSerg: posts small blind $0.02
Dorex2007: posts big blind $0.05
nascimento31: sits out 
*** HOLE CARDS ***
Dealt to Dorex2007 [9d 7s]
telko2017: raises $0.07 to $0.12
Sjield: folds 
Pablota1986 joins the table at seat #7 
Hemersoncte20: folds 
Juagonzalez: folds 
Neptune27: folds 
VascoSerg: calls $0.10
Dorex2007: folds 
*** FLOP *** [5c 3h Td]
VascoSerg: checks 
telko2017: checks 
*** TURN *** [5c 3h Td] [3s]
VascoSerg: checks 
telko2017: bets $0.20
VascoSerg: folds 
Uncalled bet ($0.20) returned to telko2017
telko2017 collected $0.28 from pot
telko2017: doesn't show hand 
*** SUMMARY ***
Total pot $0.29 | Rake $0.01 
Board [5c 3h Td 3s]
Seat 1: Dorex2007 (big blind) folded before Flop
Seat 2: telko2017 collected ($0.28)
Seat 3: Sjield folded before Flop (didn't bet)
Seat 5: Hemersoncte20 folded before Flop (didn't bet)
Seat 6: Juagonzalez folded before Flop (didn't bet)
Seat 8: Neptune27 (button) folded before Flop (didn't bet)
Seat 9: VascoSerg (small blind) folded on the Turn



PokerStars Hand #237587442484:  Hold'em No Limit ($0.02/$0.05 USD) - 2022/07/25 15:45:07 PT [2022/07/25 18:45:07 ET]
Table 'Liguria II' 9-max Seat #9 is the button
Seat 1: Dorex2007 ($6.28 in chips) 
Seat 2: telko2017 ($5.21 in chips) 
Seat 3: Sjield ($3.60 in chips) 
Seat 5: Hemersoncte20 ($2.37 in chips) 
Seat 6: Juagonzalez ($5 in chips) 
Seat 8: Neptune27 ($7.32 in chips) 
Seat 9: VascoSerg ($6.52 in chips) 
Dorex2007: posts small blind $0.02
telko2017: posts big blind $0.05
nascimento31: sits out 
Pablota1986: sits out 
*** HOLE CARDS ***
Dealt to Dorex2007 [6c As]
Sjield: calls $0.05
Hemersoncte20: calls $0.05
Juagonzalez: folds 
Neptune27: folds 
VascoSerg: folds 
Dorex2007: folds 
telko2017: raises $0.15 to $0.20
Sjield: calls $0.15
Hemersoncte20: calls $0.15
*** FLOP *** [5s Ks Kd]
telko2017: checks 
Sjield: bets $0.20
Hemersoncte20: folds 
telko2017: calls $0.20
*** TURN *** [5s Ks Kd] [Js]
telko2017: bets $0.15
Sjield: calls $0.15
*** RIVER *** [5s Ks Kd Js] [9d]
telko2017: checks 
Sjield: checks 
*** SHOW DOWN ***
telko2017: shows [Ts Ah] (a pair of Kings)
Sjield: shows [Kh Qh] (three of a kind, Kings)
Sjield collected $1.27 from pot
*** SUMMARY ***
Total pot $1.32 | Rake $0.05 
Board [5s Ks Kd Js 9d]
Seat 1: Dorex2007 (small blind) folded before Flop
Seat 2: telko2017 (big blind) showed [Ts Ah] and lost with a pair of Kings
Seat 3: Sjield showed [Kh Qh] and won ($1.27) with three of a kind, Kings
Seat 5: Hemersoncte20 folded on the Flop
Seat 6: Juagonzalez folded before Flop (didn't bet)
Seat 8: Neptune27 folded before Flop (didn't bet)
Seat 9: VascoSerg (button) folded before Flop (didn't bet)



PokerStars Hand #237587471831:  Hold'em No Limit ($0.02/$0.05 USD) - 2022/07/25 15:46:38 PT [2022/07/25 18:46:38 ET]
Table 'Liguria II' 9-max Seat #1 is the button
Seat 1: Dorex2007 ($6.26 in chips) 
Seat 2: telko2017 ($4.66 in chips) 
Seat 3: Sjield ($4.32 in chips) 
Seat 5: Hemersoncte20 ($2.17 in chips) 
Seat 6: Juagonzalez ($5 in chips) 
Seat 8: Neptune27 ($7.32 in chips) 
Seat 9: VascoSerg ($6.52 in chips) 
telko2017: posts small blind $0.02
Sjield: posts big blind $0.05
nascimento31: sits out 
Pablota1986: sits out 
*** HOLE CARDS ***
Dealt to Dorex2007 [7d 3d]
Hemersoncte20: calls $0.05
Juagonzalez: folds 
Neptune27: folds 
VascoSerg: folds 
Dorex2007: folds 
telko2017: calls $0.03
Sjield: checks 
*** FLOP *** [Kd 4d Qd]
telko2017: bets $0.07
Sjield: folds 
Hemersoncte20: calls $0.07
*** TURN *** [Kd 4d Qd] [Ah]
telko2017: checks 
Hemersoncte20: bets $0.10
telko2017: folds 
Uncalled bet ($0.10) returned to Hemersoncte20
Hemersoncte20 collected $0.28 from pot
Hemersoncte20: doesn't show hand 
*** SUMMARY ***
Total pot $0.29 | Rake $0.01 
Board [Kd 4d Qd Ah]
Seat 1: Dorex2007 (button) folded before Flop (didn't bet)
Seat 2: telko2017 (small blind) folded on the Turn
Seat 3: Sjield (big blind) folded on the Flop
Seat 5: Hemersoncte20 collected ($0.28)
Seat 6: Juagonzalez folded before Flop (didn't bet)
Seat 8: Neptune27 folded before Flop (didn't bet)
Seat 9: VascoSerg folded before Flop (didn't bet)



PokerStars Hand #237587488675:  Hold'em No Limit ($0.02/$0.05 USD) - 2022/07/25 15:47:32 PT [2022/07/25 18:47:32 ET]
Table 'Liguria II' 9-max Seat #2 is the button
Seat 1: Dorex2007 ($6.26 in chips) 
Seat 2: telko2017 ($4.54 in chips) 
Seat 3: Sjield ($4.27 in chips) 
Seat 4: nascimento31 ($4 in chips) 
Seat 5: Hemersoncte20 ($2.33 in chips) 
Seat 6: Juagonzalez ($5 in chips) 
Seat 8: Neptune27 ($7.32 in chips) 
Seat 9: VascoSerg ($6.52 in chips) 
Sjield: posts small blind $0.02
nascimento31: posts big blind $0.05
Pablota1986: sits out 
*** HOLE CARDS ***
Dealt to Dorex2007 [3s 6s]
Hemersoncte20: calls $0.05
Juagonzalez: folds 
Neptune27: folds 
VascoSerg: folds 
Dorex2007: folds 
telko2017: raises $0.07 to $0.12
Sjield: folds 
nascimento31: folds 
Hemersoncte20: calls $0.07
*** FLOP *** [3d Kd 2c]
Hemersoncte20: checks 
telko2017: bets $0.15
Hemersoncte20: folds 
Uncalled bet ($0.15) returned to telko2017
telko2017 collected $0.30 from pot
telko2017: doesn't show hand 
*** SUMMARY ***
Total pot $0.31 | Rake $0.01 
Board [3d Kd 2c]
Seat 1: Dorex2007 folded before Flop (didn't bet)
Seat 2: telko2017 (button) collected ($0.30)
Seat 3: Sjield (small blind) folded before Flop
Seat 4: nascimento31 (big blind) folded before Flop
Seat 5: Hemersoncte20 folded on the Flop
Seat 6: Juagonzalez folded before Flop (didn't bet)
Seat 8: Neptune27 folded before Flop (didn't bet)
Seat 9: VascoSerg folded before Flop (didn't bet)



PokerStars Hand #237587503088:  Hold'em No Limit ($0.02/$0.05 USD) - 2022/07/25 15:48:17 PT [2022/07/25 18:48:17 ET]
Table 'Liguria II' 9-max Seat #3 is the button
Seat 1: Dorex2007 ($6.26 in chips) 
Seat 2: telko2017 ($4.72 in chips) 
Seat 3: Sjield ($4.25 in chips) 
Seat 4: nascimento31 ($3.95 in chips) 
Seat 5: Hemersoncte20 ($2.21 in chips) 
Seat 6: Juagonzalez ($5 in chips) 
Seat 8: Neptune27 ($7.32 in chips) 
Seat 9: VascoSerg ($6.52 in chips) 
nascimento31: posts small blind $0.02
Hemersoncte20: posts big blind $0.05
Pablota1986: sits out 
*** HOLE CARDS ***
Dealt to Dorex2007 [Qc 6d]
Juagonzalez: folds 
Neptune27: folds 
VascoSerg: folds 
Dorex2007: folds 
telko2017: raises $0.10 to $0.15
Sjield: folds 
nascimento31: folds 
Hemersoncte20: calls $0.10
*** FLOP *** [Tc 3s Qd]
Hemersoncte20: checks 
telko2017: bets $0.15
Hemersoncte20: folds 
Uncalled bet ($0.15) returned to telko2017
telko2017 collected $0.31 from pot
telko2017: doesn't show hand 
*** SUMMARY ***
Total pot $0.32 | Rake $0.01 
Board [Tc 3s Qd]
Seat 1: Dorex2007 folded before Flop (didn't bet)
Seat 2: telko2017 collected ($0.31)
Seat 3: Sjield (button) folded before Flop (didn't bet)
Seat 4: nascimento31 (small blind) folded before Flop
Seat 5: Hemersoncte20 (big blind) folded on the Flop
Seat 6: Juagonzalez folded before Flop (didn't bet)
Seat 8: Neptune27 folded before Flop (didn't bet)
Seat 9: VascoSerg folded before Flop (didn't bet)



PokerStars Hand #237587525744:  Hold'em No Limit ($0.02/$0.05 USD) - 2022/07/25 15:48:59 PT [2022/07/25 18:48:59 ET]
Table 'Liguria II' 9-max Seat #4 is the button
Seat 1: Dorex2007 ($6.26 in chips) 
Seat 2: telko2017 ($4.88 in chips) 
Seat 3: Sjield ($4.25 in chips) 
Seat 4: nascimento31 ($3.93 in chips) 
Seat 5: Hemersoncte20 ($2.06 in chips) 
Seat 6: Juagonzalez ($5 in chips) 
Seat 8: Neptune27 ($7.32 in chips) 
Seat 9: VascoSerg ($6.52 in chips) 
Hemersoncte20: posts small blind $0.02
Juagonzalez: posts big blind $0.05
Pablota1986: sits out 
*** HOLE CARDS ***
Dealt to Dorex2007 [Tc 3d]
Neptune27: folds 
VascoSerg: folds 
Dorex2007: folds 
telko2017 has timed out
telko2017: folds 
Sjield: folds 
nascimento31: folds 
Hemersoncte20: calls $0.03
Juagonzalez: checks 
*** FLOP *** [Ks 7c Ts]
Hemersoncte20: bets $0.10
Juagonzalez: folds 
Uncalled bet ($0.10) returned to Hemersoncte20
Hemersoncte20 collected $0.10 from pot
Hemersoncte20: doesn't show hand 
*** SUMMARY ***
Total pot $0.10 | Rake $0 
Board [Ks 7c Ts]
Seat 1: Dorex2007 folded before Flop (didn't bet)
Seat 2: telko2017 folded before Flop (didn't bet)
Seat 3: Sjield folded before Flop (didn't bet)
Seat 4: nascimento31 (button) folded before Flop (didn't bet)
Seat 5: Hemersoncte20 (small blind) collected ($0.10)
Seat 6: Juagonzalez (big blind) folded on the Flop
Seat 8: Neptune27 folded before Flop (didn't bet)
Seat 9: VascoSerg folded before Flop (didn't bet)



PokerStars Hand #237587540544:  Hold'em No Limit ($0.02/$0.05 USD) - 2022/07/25 15:49:47 PT [2022/07/25 18:49:47 ET]
Table 'Liguria II' 9-max Seat #5 is the button
Seat 1: Dorex2007 ($6.26 in chips) 
Seat 2: telko2017 ($4.88 in chips) 
Seat 3: Sjield ($4.25 in chips) 
Seat 4: nascimento31 ($3.93 in chips) 
Seat 5: Hemersoncte20 ($2.11 in chips) 
Seat 6: Juagonzalez ($5 in chips) 
Seat 7: Pablota1986 ($5 in chips) 
Seat 8: Neptune27 ($7.32 in chips) 
Seat 9: VascoSerg ($6.52 in chips) 
Juagonzalez: posts small blind $0.02
Pablota1986: posts big blind $0.05
*** HOLE CARDS ***
Dealt to Dorex2007 [9d Ad]
Neptune27: folds 
VascoSerg: folds 
Dorex2007: raises $0.15 to $0.20
telko2017: folds 
Sjield: folds 
telko2017 leaves the table
nascimento31: raises $0.30 to $0.50
Hemersoncte20: folds 
Juagonzalez: folds 
Pablota1986: folds 
Dorex2007: folds 
Uncalled bet ($0.30) returned to nascimento31
nascimento31 collected $0.47 from pot
nascimento31: doesn't show hand 
*** SUMMARY ***
Total pot $0.47 | Rake $0 
Seat 1: Dorex2007 folded before Flop
Seat 2: telko2017 folded before Flop (didn't bet)
Seat 3: Sjield folded before Flop (didn't bet)
Seat 4: nascimento31 collected ($0.47)
Seat 5: Hemersoncte20 (button) folded before Flop (didn't bet)
Seat 6: Juagonzalez (small blind) folded before Flop
Seat 7: Pablota1986 (big blind) folded before Flop
Seat 8: Neptune27 folded before Flop (didn't bet)
Seat 9: VascoSerg folded before Flop (didn't bet)



PokerStars Hand #237587548150:  Hold'em No Limit ($0.02/$0.05 USD) - 2022/07/25 15:50:11 PT [2022/07/25 18:50:11 ET]
Table 'Liguria II' 9-max Seat #6 is the button
Seat 1: Dorex2007 ($6.06 in chips) 
Seat 3: Sjield ($4.25 in chips) 
Seat 4: nascimento31 ($4.20 in chips) 
Seat 5: Hemersoncte20 ($2.11 in chips) 
Seat 6: Juagonzalez ($5 in chips) 
Seat 7: Pablota1986 ($5 in chips) 
Seat 8: Neptune27 ($7.32 in chips) 
Seat 9: VascoSerg ($6.52 in chips) 
Pablota1986: posts small blind $0.02
Neptune27: posts big blind $0.05
*** HOLE CARDS ***
Dealt to Dorex2007 [7d 8c]
VascoSerg has timed out
VascoSerg: folds 
Dorex2007: folds 
Sjield: folds 
nascimento31: folds 
Hemersoncte20: calls $0.05
Juagonzalez: folds 
Pablota1986: raises $0.15 to $0.20
Neptune27: folds 
Hemersoncte20: calls $0.15
*** FLOP *** [7c Jc Th]
Pablota1986: bets $0.12
Hemersoncte20: folds 
Uncalled bet ($0.12) returned to Pablota1986
Pablota1986 collected $0.43 from pot
Pablota1986: doesn't show hand 
*** SUMMARY ***
Total pot $0.45 | Rake $0.02 
Board [7c Jc Th]
Seat 1: Dorex2007 folded before Flop (didn't bet)
Seat 3: Sjield folded before Flop (didn't bet)
Seat 4: nascimento31 folded before Flop (didn't bet)
Seat 5: Hemersoncte20 folded on the Flop
Seat 6: Juagonzalez (button) folded before Flop (didn't bet)
Seat 7: Pablota1986 (small blind) collected ($0.43)
Seat 8: Neptune27 (big blind) folded before Flop
Seat 9: VascoSerg folded before Flop (didn't bet)



PokerStars Hand #237587571929:  Hold'em No Limit ($0.02/$0.05 USD) - 2022/07/25 15:51:00 PT [2022/07/25 18:51:00 ET]
Table 'Liguria II' 9-max Seat #7 is the button
Seat 1: Dorex2007 ($6.06 in chips) 
Seat 3: Sjield ($4.25 in chips) 
Seat 4: nascimento31 ($4.20 in chips) 
Seat 5: Hemersoncte20 ($1.91 in chips) 
Seat 6: Juagonzalez ($5 in chips) 
Seat 7: Pablota1986 ($5.23 in chips) 
Seat 8: Neptune27 ($7.27 in chips) 
Seat 9: VascoSerg ($6.52 in chips) 
Neptune27: posts small blind $0.02
VascoSerg: posts big blind $0.05
*** HOLE CARDS ***
Dealt to Dorex2007 [4c 4d]
Dorex2007: calls $0.05
Sjield: folds 
B.F.M201 joins the table at seat #2 
nascimento31: folds 
Hemersoncte20: calls $0.05
Juagonzalez: raises $0.07 to $0.12
Pablota1986: folds 
Neptune27: folds 
VascoSerg: folds 
Dorex2007: calls $0.07
Hemersoncte20: calls $0.07
*** FLOP *** [6d Kc Qd]
Dorex2007: checks 
Hemersoncte20: bets $0.05
Juagonzalez: calls $0.05
Dorex2007: calls $0.05
*** TURN *** [6d Kc Qd] [8c]
Dorex2007: checks 
Hemersoncte20: bets $0.15
Juagonzalez: folds 
Dorex2007: folds 
Uncalled bet ($0.15) returned to Hemersoncte20
Hemersoncte20 collected $0.56 from pot
Hemersoncte20: doesn't show hand 
*** SUMMARY ***
Total pot $0.58 | Rake $0.02 
Board [6d Kc Qd 8c]
Seat 1: Dorex2007 folded on the Turn
Seat 3: Sjield folded before Flop (didn't bet)
Seat 4: nascimento31 folded before Flop (didn't bet)
Seat 5: Hemersoncte20 collected ($0.56)
Seat 6: Juagonzalez folded on the Turn
Seat 7: Pablota1986 (button) folded before Flop (didn't bet)
Seat 8: Neptune27 (small blind) folded before Flop
Seat 9: VascoSerg (big blind) folded before Flop



PokerStars Hand #237587589815:  Hold'em No Limit ($0.02/$0.05 USD) - 2022/07/25 15:51:57 PT [2022/07/25 18:51:57 ET]
Table 'Liguria II' 9-max Seat #8 is the button
Seat 1: Dorex2007 ($5.89 in chips) 
Seat 2: B.F.M201 ($3.61 in chips) 
Seat 3: Sjield ($4.25 in chips) 
Seat 4: nascimento31 ($4.20 in chips) 
Seat 5: Hemersoncte20 ($2.30 in chips) 
Seat 6: Juagonzalez ($5 in chips) 
Seat 7: Pablota1986 ($5.23 in chips) 
Seat 8: Neptune27 ($7.25 in chips) 
Seat 9: VascoSerg ($6.47 in chips) 
VascoSerg: posts small blind $0.02
Dorex2007: posts big blind $0.05
B.F.M201: posts big blind $0.05
*** HOLE CARDS ***
Dealt to Dorex2007 [9h 6d]
B.F.M201: raises $0.05 to $0.10
Sjield: folds 
nascimento31: folds 
Hemersoncte20: folds 
Juagonzalez: folds 
Pablota1986: folds 
Neptune27: folds 
VascoSerg: folds 
Dorex2007: folds 
Uncalled bet ($0.05) returned to B.F.M201
B.F.M201 collected $0.12 from pot
B.F.M201: doesn't show hand 
*** SUMMARY ***
Total pot $0.12 | Rake $0 
Seat 1: Dorex2007 (big blind) folded before Flop
Seat 2: B.F.M201 collected ($0.12)
Seat 3: Sjield folded before Flop (didn't bet)
Seat 4: nascimento31 folded before Flop (didn't bet)
Seat 5: Hemersoncte20 folded before Flop (didn't bet)
Seat 6: Juagonzalez folded before Flop (didn't bet)
Seat 7: Pablota1986 folded before Flop (didn't bet)
Seat 8: Neptune27 (button) folded before Flop (didn't bet)
Seat 9: VascoSerg (small blind) folded before Flop



PokerStars Hand #237591564930:  Hold'em No Limit ($0.02/$0.05 USD) - 2022/07/25 20:44:18 PT [2022/07/25 23:44:18 ET]
Table 'Liguria II' 9-max Seat #8 is the button
Seat 1: thedarkjax ($2.13 in chips) 
Seat 2: geniuss ($10.04 in chips) 
Seat 3: Maria1995587 ($8.65 in chips) 
Seat 4: 73dmitro73 ($6.70 in chips) 
Seat 5: abobora71 ($3.54 in chips) 
Seat 6: byfiko ($12.23 in chips) 
Seat 7: Dorex2007 ($5 in chips) 
Seat 8: NicoBocajrs47 ($13.56 in chips) 
Seat 9: deniz102301 ($1.47 in chips) 
deniz102301: posts small blind $0.02
thedarkjax: posts big blind $0.05
Dorex2007: posts big blind $0.05
*** HOLE CARDS ***
Dealt to Dorex2007 [Jd 4s]
geniuss: folds 
Maria1995587: folds 
73dmitro73: raises $0.20 to $0.25
abobora71: folds 
byfiko: calls $0.25
Dorex2007: folds 
NicoBocajrs47: folds 
deniz102301: folds 
thedarkjax: folds 
*** FLOP *** [Jc 5d 8c]
73dmitro73: bets $1
byfiko: folds 
Uncalled bet ($1) returned to 73dmitro73
73dmitro73 collected $0.59 from pot
*** SUMMARY ***
Total pot $0.62 | Rake $0.03 
Board [Jc 5d 8c]
Seat 1: thedarkjax (big blind) folded before Flop
Seat 2: geniuss folded before Flop (didn't bet)
Seat 3: Maria1995587 folded before Flop (didn't bet)
Seat 4: 73dmitro73 collected ($0.59)
Seat 5: abobora71 folded before Flop (didn't bet)
Seat 6: byfiko folded on the Flop
Seat 7: Dorex2007 folded before Flop (didn't bet)
Seat 8: NicoBocajrs47 (button) folded before Flop (didn't bet)
Seat 9: deniz102301 (small blind) folded before Flop



PokerStars Hand #237591571425:  Hold'em No Limit ($0.02/$0.05 USD) - 2022/07/25 20:45:03 PT [2022/07/25 23:45:03 ET]
Table 'Liguria II' 9-max Seat #9 is the button
Seat 1: thedarkjax ($2.08 in chips) 
Seat 2: geniuss ($10.04 in chips) 
Seat 3: Maria1995587 ($8.65 in chips) 
Seat 4: 73dmitro73 ($7.04 in chips) 
Seat 5: abobora71 ($3.54 in chips) 
Seat 6: byfiko ($11.98 in chips) 
Seat 7: Dorex2007 ($5 in chips) 
Seat 8: NicoBocajrs47 ($13.56 in chips) 
Seat 9: deniz102301 ($1.45 in chips) 
thedarkjax: posts small blind $0.02
geniuss: posts big blind $0.05
*** HOLE CARDS ***
Dealt to Dorex2007 [Th 9h]
Maria1995587: calls $0.05
73dmitro73: folds 
abobora71: calls $0.05
byfiko: folds 
Dorex2007: folds 
NicoBocajrs47: folds 
deniz102301: raises $0.35 to $0.40
thedarkjax: folds 
geniuss: folds 
Maria1995587: folds 
abobora71: folds 
Uncalled bet ($0.35) returned to deniz102301
deniz102301 collected $0.22 from pot
deniz102301: doesn't show hand 
*** SUMMARY ***
Total pot $0.22 | Rake $0 
Seat 1: thedarkjax (small blind) folded before Flop
Seat 2: geniuss (big blind) folded before Flop
Seat 3: Maria1995587 folded before Flop
Seat 4: 73dmitro73 folded before Flop (didn't bet)
Seat 5: abobora71 folded before Flop
Seat 6: byfiko folded before Flop (didn't bet)
Seat 7: Dorex2007 folded before Flop (didn't bet)
Seat 8: NicoBocajrs47 folded before Flop (didn't bet)
Seat 9: deniz102301 (button) collected ($0.22)



PokerStars Hand #237591574927:  Hold'em No Limit ($0.02/$0.05 USD) - 2022/07/25 20:45:26 PT [2022/07/25 23:45:26 ET]
Table 'Liguria II' 9-max Seat #1 is the button
Seat 1: thedarkjax ($2.06 in chips) 
Seat 2: geniuss ($9.99 in chips) 
Seat 3: Maria1995587 ($8.60 in chips) 
Seat 4: 73dmitro73 ($7.04 in chips) 
Seat 5: abobora71 ($3.49 in chips) 
Seat 6: byfiko ($11.98 in chips) 
Seat 7: Dorex2007 ($5 in chips) 
Seat 8: NicoBocajrs47 ($13.56 in chips) 
Seat 9: deniz102301 ($1.62 in chips) 
geniuss: posts small blind $0.02
Maria1995587: posts big blind $0.05
*** HOLE CARDS ***
Dealt to Dorex2007 [Jd 5s]
73dmitro73: folds 
abobora71: folds 
73dmitro73 leaves the table
byfiko: calls $0.05
Dorex2007: folds 
NicoBocajrs47: folds 
deniz102301: folds 
thedarkjax: calls $0.05
geniuss: folds 
Maria1995587: checks 
*** FLOP *** [Qd Ah 8c]
Maria1995587: checks 
byfiko: bets $0.05
thedarkjax: folds 
Maria1995587: folds 
Uncalled bet ($0.05) returned to byfiko
byfiko collected $0.16 from pot
byfiko: doesn't show hand 
*** SUMMARY ***
Total pot $0.17 | Rake $0.01 
Board [Qd Ah 8c]
Seat 1: thedarkjax (button) folded on the Flop
Seat 2: geniuss (small blind) folded before Flop
Seat 3: Maria1995587 (big blind) folded on the Flop
Seat 4: 73dmitro73 folded before Flop (didn't bet)
Seat 5: abobora71 folded before Flop (didn't bet)
Seat 6: byfiko collected ($0.16)
Seat 7: Dorex2007 folded before Flop (didn't bet)
Seat 8: NicoBocajrs47 folded before Flop (didn't bet)
Seat 9: deniz102301 folded before Flop (didn't bet)



PokerStars Hand #237591582307:  Hold'em No Limit ($0.02/$0.05 USD) - 2022/07/25 20:46:16 PT [2022/07/25 23:46:16 ET]
Table 'Liguria II' 9-max Seat #2 is the button
Seat 1: thedarkjax ($2.01 in chips) 
Seat 2: geniuss ($9.97 in chips) 
Seat 3: Maria1995587 ($8.55 in chips) 
Seat 5: abobora71 ($3.49 in chips) 
Seat 6: byfiko ($12.09 in chips) 
Seat 7: Dorex2007 ($5 in chips) 
Seat 8: NicoBocajrs47 ($13.56 in chips) 
Seat 9: deniz102301 ($1.62 in chips) 
Maria1995587: posts small blind $0.02
abobora71: posts big blind $0.05
*** HOLE CARDS ***
Dealt to Dorex2007 [2s 8c]
byfiko: calls $0.05
Dorex2007: folds 
NicoBocajrs47: folds 
deniz102301: folds 
thedarkjax: folds 
geniuss: folds 
Maria1995587: folds 
abobora71: checks 
*** FLOP *** [3c 6h Qh]
abobora71: checks 
byfiko: bets $0.05
abobora71: folds 
Uncalled bet ($0.05) returned to byfiko
byfiko collected $0.12 from pot
byfiko: doesn't show hand 
*** SUMMARY ***
Total pot $0.12 | Rake $0 
Board [3c 6h Qh]
Seat 1: thedarkjax folded before Flop (didn't bet)
Seat 2: geniuss (button) folded before Flop (didn't bet)
Seat 3: Maria1995587 (small blind) folded before Flop
Seat 5: abobora71 (big blind) folded on the Flop
Seat 6: byfiko collected ($0.12)
Seat 7: Dorex2007 folded before Flop (didn't bet)
Seat 8: NicoBocajrs47 folded before Flop (didn't bet)
Seat 9: deniz102301 folded before Flop (didn't bet)



PokerStars Hand #237591586358:  Hold'em No Limit ($0.02/$0.05 USD) - 2022/07/25 20:46:44 PT [2022/07/25 23:46:44 ET]
Table 'Liguria II' 9-max Seat #3 is the button
Seat 1: thedarkjax ($2.01 in chips) 
Seat 2: geniuss ($9.97 in chips) 
Seat 3: Maria1995587 ($8.53 in chips) 
Seat 5: abobora71 ($3.44 in chips) 
Seat 6: byfiko ($12.16 in chips) 
Seat 7: Dorex2007 ($5 in chips) 
Seat 8: NicoBocajrs47 ($13.56 in chips) 
Seat 9: deniz102301 ($1.62 in chips) 
abobora71: posts small blind $0.02
byfiko: posts big blind $0.05
*** HOLE CARDS ***
Dealt to Dorex2007 [4h 6s]
Dorex2007: folds 
NicoBocajrs47: folds 
deniz102301: raises $0.10 to $0.15
thedarkjax: folds 
geniuss: folds 
Maria1995587: folds 
abobora71: folds 
byfiko: calls $0.10
*** FLOP *** [2d 8h Qc]
byfiko: checks 
deniz102301: bets $0.20
byfiko: folds 
Uncalled bet ($0.20) returned to deniz102301
deniz102301 collected $0.31 from pot
deniz102301: doesn't show hand 
*** SUMMARY ***
Total pot $0.32 | Rake $0.01 
Board [2d 8h Qc]
Seat 1: thedarkjax folded before Flop (didn't bet)
Seat 2: geniuss folded before Flop (didn't bet)
Seat 3: Maria1995587 (button) folded before Flop (didn't bet)
Seat 5: abobora71 (small blind) folded before Flop
Seat 6: byfiko (big blind) folded on the Flop
Seat 7: Dorex2007 folded before Flop (didn't bet)
Seat 8: NicoBocajrs47 folded before Flop (didn't bet)
Seat 9: deniz102301 collected ($0.31)



PokerStars Hand #237591591925:  Hold'em No Limit ($0.02/$0.05 USD) - 2022/07/25 20:47:22 PT [2022/07/25 23:47:22 ET]
Table 'Liguria II' 9-max Seat #5 is the button
Seat 1: thedarkjax ($2.01 in chips) 
Seat 2: geniuss ($9.97 in chips) 
Seat 3: Maria1995587 ($8.53 in chips) 
Seat 5: abobora71 ($3.42 in chips) 
Seat 6: byfiko ($12.01 in chips) 
Seat 7: Dorex2007 ($5 in chips) 
Seat 8: NicoBocajrs47 ($13.56 in chips) 
Seat 9: deniz102301 ($1.78 in chips) 
byfiko: posts small blind $0.02
Dorex2007: posts big blind $0.05
*** HOLE CARDS ***
Dealt to Dorex2007 [8s Kd]
NicoBocajrs47: folds 
deniz102301: calls $0.05
thedarkjax: folds 
geniuss: folds 
Maria1995587: raises $0.15 to $0.20
thedarkjax leaves the table
abobora71: folds 
byfiko: folds 
Dorex2007: folds 
deniz102301: folds 
Uncalled bet ($0.15) returned to Maria1995587
adelina3382 joins the table at seat #4 
Maria1995587 collected $0.17 from pot
*** SUMMARY ***
Total pot $0.17 | Rake $0 
Seat 1: thedarkjax folded before Flop (didn't bet)
Seat 2: geniuss folded before Flop (didn't bet)
Seat 3: Maria1995587 collected ($0.17)
Seat 5: abobora71 (button) folded before Flop (didn't bet)
Seat 6: byfiko (small blind) folded before Flop
Seat 7: Dorex2007 (big blind) folded before Flop
Seat 8: NicoBocajrs47 folded before Flop (didn't bet)
Seat 9: deniz102301 folded before Flop



PokerStars Hand #237591595277:  Hold'em No Limit ($0.02/$0.05 USD) - 2022/07/25 20:47:46 PT [2022/07/25 23:47:46 ET]
Table 'Liguria II' 9-max Seat #6 is the button
Seat 2: geniuss ($9.97 in chips) 
Seat 3: Maria1995587 ($8.65 in chips) 
Seat 5: abobora71 ($3.42 in chips) 
Seat 6: byfiko ($11.99 in chips) 
Seat 7: Dorex2007 ($5 in chips) 
Seat 8: NicoBocajrs47 ($13.56 in chips) 
Seat 9: deniz102301 ($1.73 in chips) 
Dorex2007: posts small blind $0.02
NicoBocajrs47: posts big blind $0.05
adelina3382: sits out 
*** HOLE CARDS ***
Dealt to Dorex2007 [5d 2s]
deniz102301: folds 
geniuss: folds 
Maria1995587: calls $0.05
abobora71: folds 
byfiko: raises $0.17 to $0.22
Dorex2007: folds 
NicoBocajrs47: folds 
Maria1995587: folds 
Uncalled bet ($0.17) returned to byfiko
byfiko collected $0.17 from pot
byfiko: doesn't show hand 
*** SUMMARY ***
Total pot $0.17 | Rake $0 
Seat 2: geniuss folded before Flop (didn't bet)
Seat 3: Maria1995587 folded before Flop
Seat 5: abobora71 folded before Flop (didn't bet)
Seat 6: byfiko (button) collected ($0.17)
Seat 7: Dorex2007 (small blind) folded before Flop
Seat 8: NicoBocajrs47 (big blind) folded before Flop
Seat 9: deniz102301 folded before Flop (didn't bet)



PokerStars Hand #237591598420:  Hold'em No Limit ($0.02/$0.05 USD) - 2022/07/25 20:48:08 PT [2022/07/25 23:48:08 ET]
Table 'Liguria II' 9-max Seat #7 is the button
Seat 2: geniuss ($9.97 in chips) 
Seat 3: Maria1995587 ($8.60 in chips) 
Seat 4: adelina3382 ($4.20 in chips) 
Seat 5: abobora71 ($3.42 in chips) 
Seat 6: byfiko ($12.11 in chips) 
Seat 7: Dorex2007 ($5 in chips) 
Seat 8: NicoBocajrs47 ($13.51 in chips) 
Seat 9: deniz102301 ($1.73 in chips) 
NicoBocajrs47: posts small blind $0.02
deniz102301: posts big blind $0.05
adelina3382: posts big blind $0.05
*** HOLE CARDS ***
Dealt to Dorex2007 [Ks Tc]
geniuss: folds 
Maria1995587: calls $0.05
adelina3382: checks 
abobora71: folds 
byfiko: raises $0.22 to $0.27
Dorex2007: folds 
NicoBocajrs47: folds 
deniz102301: folds 
Maria1995587: folds 
adelina3382: calls $0.22
*** FLOP *** [Ts As 2d]
adelina3382: checks 
byfiko: bets $0.05
adelina3382: calls $0.05
*** TURN *** [Ts As 2d] [9c]
adelina3382: checks 
byfiko: bets $0.05
adelina3382: calls $0.05
*** RIVER *** [Ts As 2d 9c] [Ah]
adelina3382: checks 
byfiko: bets $0.41
adelina3382: folds 
Uncalled bet ($0.41) returned to byfiko
byfiko collected $0.82 from pot
byfiko: doesn't show hand 
*** SUMMARY ***
Total pot $0.86 | Rake $0.04 
Board [Ts As 2d 9c Ah]
Seat 2: geniuss folded before Flop (didn't bet)
Seat 3: Maria1995587 folded before Flop
Seat 4: adelina3382 folded on the River
Seat 5: abobora71 folded before Flop (didn't bet)
Seat 6: byfiko collected ($0.82)
Seat 7: Dorex2007 (button) folded before Flop (didn't bet)
Seat 8: NicoBocajrs47 (small blind) folded before Flop
Seat 9: deniz102301 (big blind) folded before Flop



PokerStars Hand #237591604689:  Hold'em No Limit ($0.02/$0.05 USD) - 2022/07/25 20:48:51 PT [2022/07/25 23:48:51 ET]
Table 'Liguria II' 9-max Seat #8 is the button
Seat 2: geniuss ($9.97 in chips) 
Seat 3: Maria1995587 ($8.55 in chips) 
Seat 4: adelina3382 ($3.83 in chips) 
Seat 5: abobora71 ($3.42 in chips) 
Seat 6: byfiko ($12.56 in chips) 
Seat 7: Dorex2007 ($5 in chips) 
Seat 8: NicoBocajrs47 ($13.49 in chips) 
Seat 9: deniz102301 ($1.68 in chips) 
deniz102301: posts small blind $0.02
geniuss: posts big blind $0.05
*** HOLE CARDS ***
Dealt to Dorex2007 [7d 6d]
Maria1995587: calls $0.05
adelina3382: calls $0.05
abobora71: folds 
byfiko: folds 
Dorex2007: calls $0.05
NicoBocajrs47: folds 
deniz102301: calls $0.03
geniuss: checks 
*** FLOP *** [2h 4d Th]
deniz102301: bets $0.15
geniuss: calls $0.15
Maria1995587: folds 
adelina3382: calls $0.15
Dorex2007: folds 
*** TURN *** [2h 4d Th] [Ad]
deniz102301: bets $0.15
geniuss: folds 
adelina3382: folds 
Uncalled bet ($0.15) returned to deniz102301
deniz102301 collected $0.67 from pot
deniz102301: doesn't show hand 
*** SUMMARY ***
Total pot $0.70 | Rake $0.03 
Board [2h 4d Th Ad]
Seat 2: geniuss (big blind) folded on the Turn
Seat 3: Maria1995587 folded on the Flop
Seat 4: adelina3382 folded on the Turn
Seat 5: abobora71 folded before Flop (didn't bet)
Seat 6: byfiko folded before Flop (didn't bet)
Seat 7: Dorex2007 folded on the Flop
Seat 8: NicoBocajrs47 (button) folded before Flop (didn't bet)
Seat 9: deniz102301 (small blind) collected ($0.67)



PokerStars Hand #237591610614:  Hold'em No Limit ($0.02/$0.05 USD) - 2022/07/25 20:49:32 PT [2022/07/25 23:49:32 ET]
Table 'Liguria II' 9-max Seat #9 is the button
Seat 2: geniuss ($9.77 in chips) 
Seat 3: Maria1995587 ($8.50 in chips) 
Seat 4: adelina3382 ($3.63 in chips) 
Seat 5: abobora71 ($3.42 in chips) 
Seat 6: byfiko ($12.56 in chips) 
Seat 7: Dorex2007 ($5 in chips) 
Seat 8: NicoBocajrs47 ($13.49 in chips) 
Seat 9: deniz102301 ($2.15 in chips) 
geniuss: posts small blind $0.02
Maria1995587: posts big blind $0.05
*** HOLE CARDS ***
Dealt to Dorex2007 [4h 7h]
adelina3382: calls $0.05
abobora71: folds 
byfiko: folds 
Dorex2007: folds 
NicoBocajrs47: raises $0.20 to $0.25
deniz102301: folds 
geniuss: folds 
Maria1995587: folds 
adelina3382: calls $0.20
*** FLOP *** [4d Th 6h]
adelina3382: checks 
NicoBocajrs47: bets $0.27
adelina3382: calls $0.27
*** TURN *** [4d Th 6h] [8h]
adelina3382: checks 
NicoBocajrs47: checks 
*** RIVER *** [4d Th 6h 8h] [5d]
adelina3382: checks 
NicoBocajrs47: checks 
*** SHOW DOWN ***
adelina3382: shows [Qh Ks] (high card King)
NicoBocajrs47: shows [Jd Ac] (high card Ace)
NicoBocajrs47 collected $1.06 from pot
*** SUMMARY ***
Total pot $1.11 | Rake $0.05 
Board [4d Th 6h 8h 5d]
Seat 2: geniuss (small blind) folded before Flop
Seat 3: Maria1995587 (big blind) folded before Flop
Seat 4: adelina3382 showed [Qh Ks] and lost with high card King
Seat 5: abobora71 folded before Flop (didn't bet)
Seat 6: byfiko folded before Flop (didn't bet)
Seat 7: Dorex2007 folded before Flop (didn't bet)
Seat 8: NicoBocajrs47 showed [Jd Ac] and won ($1.06) with high card Ace
Seat 9: deniz102301 (button) folded before Flop (didn't bet)



PokerStars Hand #237591616639:  Hold'em No Limit ($0.02/$0.05 USD) - 2022/07/25 20:50:15 PT [2022/07/25 23:50:15 ET]
Table 'Liguria II' 9-max Seat #2 is the button
Seat 2: geniuss ($9.75 in chips) 
Seat 3: Maria1995587 ($8.45 in chips) 
Seat 4: adelina3382 ($3.11 in chips) 
Seat 5: abobora71 ($3.42 in chips) 
Seat 6: byfiko ($12.56 in chips) 
Seat 7: Dorex2007 ($5 in chips) 
Seat 8: NicoBocajrs47 ($14.03 in chips) 
Seat 9: deniz102301 ($2.15 in chips) 
Maria1995587: posts small blind $0.02
adelina3382: posts big blind $0.05
*** HOLE CARDS ***
Dealt to Dorex2007 [Th 3s]
abobora71: folds 
byfiko: raises $0.05 to $0.10
samsmokey420 joins the table at seat #1 
Dorex2007: folds 
NicoBocajrs47: folds 
deniz102301: folds 
geniuss: folds 
Maria1995587: folds 
adelina3382: calls $0.05
*** FLOP *** [Kd Ad Ac]
adelina3382: checks 
byfiko: bets $0.10
adelina3382: calls $0.10
*** TURN *** [Kd Ad Ac] [6d]
adelina3382: checks 
byfiko: bets $0.20
adelina3382: folds 
Uncalled bet ($0.20) returned to byfiko
byfiko collected $0.40 from pot
byfiko: doesn't show hand 
*** SUMMARY ***
Total pot $0.42 | Rake $0.02 
Board [Kd Ad Ac 6d]
Seat 2: geniuss (button) folded before Flop (didn't bet)
Seat 3: Maria1995587 (small blind) folded before Flop
Seat 4: adelina3382 (big blind) folded on the Turn
Seat 5: abobora71 folded before Flop (didn't bet)
Seat 6: byfiko collected ($0.40)
Seat 7: Dorex2007 folded before Flop (didn't bet)
Seat 8: NicoBocajrs47 folded before Flop (didn't bet)
Seat 9: deniz102301 folded before Flop (didn't bet)



PokerStars Hand #237591621986:  Hold'em No Limit ($0.02/$0.05 USD) - 2022/07/25 20:50:53 PT [2022/07/25 23:50:53 ET]
Table 'Liguria II' 9-max Seat #3 is the button
Seat 1: samsmokey420 ($5 in chips) 
Seat 2: geniuss ($9.75 in chips) 
Seat 3: Maria1995587 ($8.43 in chips) 
Seat 4: adelina3382 ($2.91 in chips) 
Seat 5: abobora71 ($3.42 in chips) 
Seat 6: byfiko ($12.76 in chips) 
Seat 7: Dorex2007 ($5 in chips) 
Seat 8: NicoBocajrs47 ($14.03 in chips) 
Seat 9: deniz102301 ($2.15 in chips) 
adelina3382: posts small blind $0.02
abobora71: posts big blind $0.05
samsmokey420: posts big blind $0.05
*** HOLE CARDS ***
Dealt to Dorex2007 [5d Td]
byfiko: raises $0.10 to $0.15
Dorex2007: folds 
NicoBocajrs47: folds 
deniz102301: folds 
samsmokey420: folds 
geniuss: calls $0.15
Maria1995587: folds 
adelina3382: calls $0.13
abobora71: folds 
*** FLOP *** [2d 5h Qc]
adelina3382: checks 
byfiko: bets $0.26
geniuss: calls $0.26
adelina3382: folds 
*** TURN *** [2d 5h Qc] [7d]
byfiko: bets $0.51
geniuss: folds 
Uncalled bet ($0.51) returned to byfiko
byfiko collected $1.03 from pot
byfiko: doesn't show hand 
*** SUMMARY ***
Total pot $1.07 | Rake $0.04 
Board [2d 5h Qc 7d]
Seat 1: samsmokey420 folded before Flop (didn't bet)
Seat 2: geniuss folded on the Turn
Seat 3: Maria1995587 (button) folded before Flop (didn't bet)
Seat 4: adelina3382 (small blind) folded on the Flop
Seat 5: abobora71 (big blind) folded before Flop
Seat 6: byfiko collected ($1.03)
Seat 7: Dorex2007 folded before Flop (didn't bet)
Seat 8: NicoBocajrs47 folded before Flop (didn't bet)
Seat 9: deniz102301 folded before Flop (didn't bet)



PokerStars Hand #237591630661:  Hold'em No Limit ($0.02/$0.05 USD) - 2022/07/25 20:51:54 PT [2022/07/25 23:51:54 ET]
Table 'Liguria II' 9-max Seat #4 is the button
Seat 1: samsmokey420 ($4.95 in chips) 
Seat 2: geniuss ($9.34 in chips) 
Seat 3: Maria1995587 ($8.43 in chips) 
Seat 4: adelina3382 ($2.76 in chips) 
Seat 5: abobora71 ($3.37 in chips) 
Seat 6: byfiko ($13.38 in chips) 
Seat 7: Dorex2007 ($5 in chips) 
Seat 8: NicoBocajrs47 ($14.03 in chips) 
Seat 9: deniz102301 ($2.15 in chips) 
abobora71: posts small blind $0.02
byfiko: posts big blind $0.05
*** HOLE CARDS ***
Dealt to Dorex2007 [5c Kc]
Dorex2007: folds 
NicoBocajrs47: folds 
deniz102301: folds 
samsmokey420: folds 
geniuss: folds 
Maria1995587: calls $0.05
adelina3382: calls $0.05
abobora71: calls $0.03
byfiko: checks 
*** FLOP *** [5h Th Jh]
abobora71: checks 
byfiko: checks 
Maria1995587: checks 
adelina3382: bets $0.05
abobora71: calls $0.05
byfiko: folds 
Maria1995587: folds 
*** TURN *** [5h Th Jh] [Kh]
abobora71: checks 
adelina3382: bets $0.10
abobora71: folds 
Uncalled bet ($0.10) returned to adelina3382
adelina3382 collected $0.29 from pot
adelina3382: doesn't show hand 
*** SUMMARY ***
Total pot $0.30 | Rake $0.01 
Board [5h Th Jh Kh]
Seat 1: samsmokey420 folded before Flop (didn't bet)
Seat 2: geniuss folded before Flop (didn't bet)
Seat 3: Maria1995587 folded on the Flop
Seat 4: adelina3382 (button) collected ($0.29)
Seat 5: abobora71 (small blind) folded on the Turn
Seat 6: byfiko (big blind) folded on the Flop
Seat 7: Dorex2007 folded before Flop (didn't bet)
Seat 8: NicoBocajrs47 folded before Flop (didn't bet)
Seat 9: deniz102301 folded before Flop (didn't bet)



PokerStars Hand #237591639354:  Hold'em No Limit ($0.02/$0.05 USD) - 2022/07/25 20:52:55 PT [2022/07/25 23:52:55 ET]
Table 'Liguria II' 9-max Seat #5 is the button
Seat 1: samsmokey420 ($4.95 in chips) 
Seat 2: geniuss ($9.34 in chips) 
Seat 3: Maria1995587 ($8.38 in chips) 
Seat 4: adelina3382 ($2.95 in chips) 
Seat 5: abobora71 ($3.27 in chips) 
Seat 6: byfiko ($13.33 in chips) 
Seat 7: Dorex2007 ($5 in chips) 
Seat 8: NicoBocajrs47 ($14.03 in chips) 
Seat 9: deniz102301 ($2.15 in chips) 
byfiko: posts small blind $0.02
Dorex2007: posts big blind $0.05
*** HOLE CARDS ***
Dealt to Dorex2007 [6c Th]
NicoBocajrs47: folds 
deniz102301: raises $0.15 to $0.20
samsmokey420: folds 
geniuss: folds 
Maria1995587: folds 
adelina3382: raises $2.75 to $2.95 and is all-in
abobora71: folds 
byfiko: folds 
Dorex2007: folds 
deniz102301: folds 
Uncalled bet ($2.75) returned to adelina3382
adelina3382 collected $0.47 from pot
adelina3382: doesn't show hand 
*** SUMMARY ***
Total pot $0.47 | Rake $0 
Seat 1: samsmokey420 folded before Flop (didn't bet)
Seat 2: geniuss folded before Flop (didn't bet)
Seat 3: Maria1995587 folded before Flop (didn't bet)
Seat 4: adelina3382 collected ($0.47)
Seat 5: abobora71 (button) folded before Flop (didn't bet)
Seat 6: byfiko (small blind) folded before Flop
Seat 7: Dorex2007 (big blind) folded before Flop
Seat 8: NicoBocajrs47 folded before Flop (didn't bet)
Seat 9: deniz102301 folded before Flop



PokerStars Hand #237591644452:  Hold'em No Limit ($0.02/$0.05 USD) - 2022/07/25 20:53:31 PT [2022/07/25 23:53:31 ET]
Table 'Liguria II' 9-max Seat #6 is the button
Seat 1: samsmokey420 ($4.95 in chips) 
Seat 2: geniuss ($9.34 in chips) 
Seat 3: Maria1995587 ($8.38 in chips) 
Seat 4: adelina3382 ($3.22 in chips) 
Seat 5: abobora71 ($3.27 in chips) 
Seat 6: byfiko ($13.31 in chips) 
Seat 7: Dorex2007 ($5 in chips) 
Seat 8: NicoBocajrs47 ($14.03 in chips) 
Seat 9: deniz102301 ($1.95 in chips) 
Dorex2007: posts small blind $0.02
NicoBocajrs47: posts big blind $0.05
*** HOLE CARDS ***
Dealt to Dorex2007 [7h 3s]
deniz102301: folds 
samsmokey420: folds 
geniuss: folds 
Maria1995587: folds 
adelina3382: raises $0.05 to $0.10
abobora71: folds 
byfiko: calls $0.10
Dorex2007: folds 
NicoBocajrs47: folds 
*** FLOP *** [4d 4c Kd]
adelina3382: checks 
byfiko: bets $0.13
adelina3382: folds 
Uncalled bet ($0.13) returned to byfiko
byfiko collected $0.26 from pot
byfiko: doesn't show hand 
*** SUMMARY ***
Total pot $0.27 | Rake $0.01 
Board [4d 4c Kd]
Seat 1: samsmokey420 folded before Flop (didn't bet)
Seat 2: geniuss folded before Flop (didn't bet)
Seat 3: Maria1995587 folded before Flop (didn't bet)
Seat 4: adelina3382 folded on the Flop
Seat 5: abobora71 folded before Flop (didn't bet)
Seat 6: byfiko (button) collected ($0.26)
Seat 7: Dorex2007 (small blind) folded before Flop
Seat 8: NicoBocajrs47 (big blind) folded before Flop
Seat 9: deniz102301 folded before Flop (didn't bet)



PokerStars Hand #237591649139:  Hold'em No Limit ($0.02/$0.05 USD) - 2022/07/25 20:54:04 PT [2022/07/25 23:54:04 ET]
Table 'Liguria II' 9-max Seat #7 is the button
Seat 1: samsmokey420 ($4.95 in chips) 
Seat 2: geniuss ($9.34 in chips) 
Seat 3: Maria1995587 ($8.38 in chips) 
Seat 4: adelina3382 ($3.12 in chips) 
Seat 5: abobora71 ($3.27 in chips) 
Seat 6: byfiko ($13.47 in chips) 
Seat 7: Dorex2007 ($5 in chips) 
Seat 8: NicoBocajrs47 ($13.98 in chips) 
Seat 9: deniz102301 ($1.95 in chips) 
NicoBocajrs47: posts small blind $0.02
deniz102301: posts big blind $0.05
*** HOLE CARDS ***
Dealt to Dorex2007 [Ah 5s]
samsmokey420: folds 
geniuss: folds 
Maria1995587: raises $0.10 to $0.15
adelina3382: calls $0.15
abobora71: folds 
byfiko: calls $0.15
Dorex2007: folds 
NicoBocajrs47: folds 
deniz102301: folds 
*** FLOP *** [9d Td Ad]
Maria1995587: checks 
adelina3382: bets $0.10
byfiko: calls $0.10
Maria1995587: calls $0.10
*** TURN *** [9d Td Ad] [Qh]
Maria1995587: checks 
adelina3382: bets $2.87 and is all-in
byfiko: calls $2.87
Maria1995587: folds 
*** RIVER *** [9d Td Ad Qh] [Ts]
*** SHOW DOWN ***
adelina3382: shows [5d 4d] (a flush, Ace high)
byfiko: shows [3d Kd] (a flush, Ace high - King higher)
byfiko collected $6.29 from pot
*** SUMMARY ***
Total pot $6.56 | Rake $0.27 
Board [9d Td Ad Qh Ts]
Seat 1: samsmokey420 folded before Flop (didn't bet)
Seat 2: geniuss folded before Flop (didn't bet)
Seat 3: Maria1995587 folded on the Turn
Seat 4: adelina3382 showed [5d 4d] and lost with a flush, Ace high
Seat 5: abobora71 folded before Flop (didn't bet)
Seat 6: byfiko showed [3d Kd] and won ($6.29) with a flush, Ace high
Seat 7: Dorex2007 (button) folded before Flop (didn't bet)
Seat 8: NicoBocajrs47 (small blind) folded before Flop
Seat 9: deniz102301 (big blind) folded before Flop



PokerStars Hand #237591666289:  Hold'em No Limit ($0.02/$0.05 USD) - 2022/07/25 20:55:11 PT [2022/07/25 23:55:11 ET]
Table 'Liguria II' 9-max Seat #8 is the button
Seat 1: samsmokey420 ($4.95 in chips) 
Seat 2: geniuss ($9.34 in chips) 
Seat 3: Maria1995587 ($8.13 in chips) 
Seat 5: abobora71 ($3.27 in chips) 
Seat 6: byfiko ($16.64 in chips) 
Seat 7: Dorex2007 ($5 in chips) 
Seat 8: NicoBocajrs47 ($13.96 in chips) 
Seat 9: deniz102301 ($1.90 in chips) 
deniz102301: posts small blind $0.02
samsmokey420: posts big blind $0.05
*** HOLE CARDS ***
Dealt to Dorex2007 [Jc Qs]
geniuss: folds 
Maria1995587: folds 
abobora71: folds 
byfiko: calls $0.05
Dorex2007: calls $0.05
NicoBocajrs47: folds 
deniz102301: raises $0.35 to $0.40
samsmokey420: folds 
byfiko: calls $0.35
Dorex2007: folds 
*** FLOP *** [2s 5c 4c]
deniz102301: bets $0.50
byfiko: folds 
Uncalled bet ($0.50) returned to deniz102301
deniz102301 collected $0.86 from pot
deniz102301: doesn't show hand 
*** SUMMARY ***
Total pot $0.90 | Rake $0.04 
Board [2s 5c 4c]
Seat 1: samsmokey420 (big blind) folded before Flop
Seat 2: geniuss folded before Flop (didn't bet)
Seat 3: Maria1995587 folded before Flop (didn't bet)
Seat 5: abobora71 folded before Flop (didn't bet)
Seat 6: byfiko folded on the Flop
Seat 7: Dorex2007 folded before Flop
Seat 8: NicoBocajrs47 (button) folded before Flop (didn't bet)
Seat 9: deniz102301 (small blind) collected ($0.86)



