PokerStars Hand #237326791755:  Hold'em No Limit ($0.01/$0.02 USD) - 2022/07/12 18:56:12 PT [2022/07/12 21:56:12 ET]
Table 'Philomela IV' 9-max Seat #4 is the button
Seat 2: paulobort323 ($4.41 in chips) 
Seat 3: Dorex2007 ($2 in chips) 
Seat 4: Zog Buster ($2 in chips) 
Seat 5: Luigiams ($1.88 in chips) 
Seat 6: The_Reiver ($2.06 in chips) 
Seat 7: NgonZai ($4.16 in chips) 
Seat 8: jarbasllepi ($2.48 in chips) 
Seat 9: chino_mariscal ($3.12 in chips) 
Luigiams: posts small blind $0.01
The_Reiver: posts big blind $0.02
RealKoi: sits out 
Dorex2007: posts big blind $0.02
*** HOLE CARDS ***
Dealt to Dorex2007 [3d 5s]
NgonZai: calls $0.02
jarbasllepi: folds 
chino_mariscal: calls $0.02
paulobort323: calls $0.02
Dorex2007: checks 
Zog Buster: folds 
Luigiams: calls $0.01
The_Reiver: checks 
*** FLOP *** [6d Kh Kd]
Luigiams: checks 
The_Reiver: checks 
NgonZai: bets $0.04
chino_mariscal: folds 
paulobort323: calls $0.04
Dorex2007: folds 
Luigiams: folds 
The_Reiver: folds 
*** TURN *** [6d Kh Kd] [5d]
NgonZai: bets $0.10
paulobort323: folds 
Uncalled bet ($0.10) returned to NgonZai
NgonZai collected $0.19 from pot
*** SUMMARY ***
Total pot $0.20 | Rake $0.01 
Board [6d Kh Kd 5d]
Seat 2: paulobort323 folded on the Turn
Seat 3: Dorex2007 folded on the Flop (didn't bet)
Seat 4: Zog Buster (button) folded before Flop (didn't bet)
Seat 5: Luigiams (small blind) folded on the Flop
Seat 6: The_Reiver (big blind) folded on the Flop
Seat 7: NgonZai collected ($0.19)
Seat 8: jarbasllepi folded before Flop (didn't bet)
Seat 9: chino_mariscal folded on the Flop



PokerStars Hand #237326801792:  Hold'em No Limit ($0.01/$0.02 USD) - 2022/07/12 18:57:17 PT [2022/07/12 21:57:17 ET]
Table 'Philomela IV' 9-max Seat #5 is the button
Seat 2: paulobort323 ($4.35 in chips) 
Seat 3: Dorex2007 ($2 in chips) 
Seat 4: Zog Buster ($2 in chips) 
Seat 5: Luigiams ($1.86 in chips) 
Seat 6: The_Reiver ($2.04 in chips) 
Seat 7: NgonZai ($4.29 in chips) 
Seat 8: jarbasllepi ($2.48 in chips) 
Seat 9: chino_mariscal ($3.10 in chips) 
The_Reiver: posts small blind $0.01
NgonZai: posts big blind $0.02
RealKoi: sits out 
*** HOLE CARDS ***
Dealt to Dorex2007 [3d 7s]
jarbasllepi: raises $0.06 to $0.08
chino_mariscal: folds 
paulobort323: folds 
Dorex2007: folds 
Zog Buster: folds 
Luigiams: folds 
The_Reiver: folds 
NgonZai: folds 
Uncalled bet ($0.06) returned to jarbasllepi
jarbasllepi collected $0.05 from pot
*** SUMMARY ***
Total pot $0.05 | Rake $0 
Seat 2: paulobort323 folded before Flop (didn't bet)
Seat 3: Dorex2007 folded before Flop (didn't bet)
Seat 4: Zog Buster folded before Flop (didn't bet)
Seat 5: Luigiams (button) folded before Flop (didn't bet)
Seat 6: The_Reiver (small blind) folded before Flop
Seat 7: NgonZai (big blind) folded before Flop
Seat 8: jarbasllepi collected ($0.05)
Seat 9: chino_mariscal folded before Flop (didn't bet)



PokerStars Hand #237326804169:  Hold'em No Limit ($0.01/$0.02 USD) - 2022/07/12 18:57:32 PT [2022/07/12 21:57:32 ET]
Table 'Philomela IV' 9-max Seat #6 is the button
Seat 2: paulobort323 ($4.35 in chips) 
Seat 3: Dorex2007 ($2 in chips) 
Seat 4: Zog Buster ($2 in chips) 
Seat 5: Luigiams ($1.86 in chips) 
Seat 6: The_Reiver ($2.03 in chips) 
Seat 7: NgonZai ($4.27 in chips) 
Seat 8: jarbasllepi ($2.51 in chips) 
Seat 9: chino_mariscal ($3.10 in chips) 
NgonZai: posts small blind $0.01
jarbasllepi: posts big blind $0.02
RealKoi: sits out 
*** HOLE CARDS ***
Dealt to Dorex2007 [4c Kc]
chino_mariscal: raises $0.04 to $0.06
paulobort323: folds 
Dorex2007: folds 
Zog Buster: folds 
Luigiams: folds 
The_Reiver: folds 
NgonZai: calls $0.05
jarbasllepi: folds 
*** FLOP *** [3d 9h 9s]
NgonZai: checks 
chino_mariscal: bets $0.08
NgonZai: raises $0.12 to $0.20
chino_mariscal: folds 
Uncalled bet ($0.12) returned to NgonZai
NgonZai collected $0.29 from pot
*** SUMMARY ***
Total pot $0.30 | Rake $0.01 
Board [3d 9h 9s]
Seat 2: paulobort323 folded before Flop (didn't bet)
Seat 3: Dorex2007 folded before Flop (didn't bet)
Seat 4: Zog Buster folded before Flop (didn't bet)
Seat 5: Luigiams folded before Flop (didn't bet)
Seat 6: The_Reiver (button) folded before Flop (didn't bet)
Seat 7: NgonZai (small blind) collected ($0.29)
Seat 8: jarbasllepi (big blind) folded before Flop
Seat 9: chino_mariscal folded on the Flop



PokerStars Hand #237326812153:  Hold'em No Limit ($0.01/$0.02 USD) - 2022/07/12 18:58:23 PT [2022/07/12 21:58:23 ET]
Table 'Philomela IV' 9-max Seat #7 is the button
Seat 2: paulobort323 ($4.35 in chips) 
Seat 3: Dorex2007 ($2 in chips) 
Seat 4: Zog Buster ($2 in chips) 
Seat 5: Luigiams ($1.86 in chips) 
Seat 6: The_Reiver ($2.03 in chips) 
Seat 7: NgonZai ($4.42 in chips) 
Seat 8: jarbasllepi ($2.49 in chips) 
Seat 9: chino_mariscal ($2.96 in chips) 
jarbasllepi: posts small blind $0.01
chino_mariscal: posts big blind $0.02
RealKoi: sits out 
*** HOLE CARDS ***
Dealt to Dorex2007 [4d Ac]
paulobort323: folds 
Dorex2007: folds 
Zog Buster: folds 
Luigiams: folds 
The_Reiver: raises $0.02 to $0.04
NgonZai: calls $0.04
jarbasllepi: folds 
chino_mariscal: folds 
*** FLOP *** [7s 7h 6c]
The_Reiver: checks 
NgonZai: bets $0.04
The_Reiver: calls $0.04
*** TURN *** [7s 7h 6c] [3c]
The_Reiver: checks 
NgonZai: bets $0.10
The_Reiver: calls $0.10
*** RIVER *** [7s 7h 6c 3c] [3d]
The_Reiver: checks 
NgonZai: bets $0.22
The_Reiver: calls $0.22
*** SHOW DOWN ***
NgonZai: shows [6h As] (two pair, Sevens and Sixes)
The_Reiver: shows [Qc Qd] (two pair, Queens and Sevens)
The_Reiver collected $0.80 from pot
*** SUMMARY ***
Total pot $0.83 | Rake $0.03 
Board [7s 7h 6c 3c 3d]
Seat 2: paulobort323 folded before Flop (didn't bet)
Seat 3: Dorex2007 folded before Flop (didn't bet)
Seat 4: Zog Buster folded before Flop (didn't bet)
Seat 5: Luigiams folded before Flop (didn't bet)
Seat 6: The_Reiver showed [Qc Qd] and won ($0.80) with two pair, Queens and Sevens
Seat 7: NgonZai (button) showed [6h As] and lost with two pair, Sevens and Sixes
Seat 8: jarbasllepi (small blind) folded before Flop
Seat 9: chino_mariscal (big blind) folded before Flop



PokerStars Hand #237326823015:  Hold'em No Limit ($0.01/$0.02 USD) - 2022/07/12 18:59:34 PT [2022/07/12 21:59:34 ET]
Table 'Philomela IV' 9-max Seat #8 is the button
Seat 1: RealKoi ($1.60 in chips) 
Seat 2: paulobort323 ($4.35 in chips) 
Seat 3: Dorex2007 ($2 in chips) 
Seat 4: Zog Buster ($2 in chips) 
Seat 5: Luigiams ($1.86 in chips) 
Seat 6: The_Reiver ($2.43 in chips) 
Seat 7: NgonZai ($4.02 in chips) 
Seat 8: jarbasllepi ($2.48 in chips) 
Seat 9: chino_mariscal ($2.94 in chips) 
chino_mariscal: posts small blind $0.01
RealKoi: posts big blind $0.02
*** HOLE CARDS ***
Dealt to Dorex2007 [Ad 5d]
paulobort323: folds 
Dorex2007 has timed out
Dorex2007: folds 
Zog Buster: folds 
Luigiams: folds 
The_Reiver: folds 
NgonZai: folds 
jarbasllepi: calls $0.02
chino_mariscal: raises $0.04 to $0.06
RealKoi: calls $0.04
jarbasllepi: calls $0.04
*** FLOP *** [4h 4s Ks]
chino_mariscal: checks 
RealKoi: checks 
jarbasllepi: checks 
*** TURN *** [4h 4s Ks] [7s]
chino_mariscal: bets $0.10
RealKoi: calls $0.10
jarbasllepi: folds 
*** RIVER *** [4h 4s Ks 7s] [9d]
chino_mariscal: checks 
RealKoi: bets $0.08
chino_mariscal: folds 
Uncalled bet ($0.08) returned to RealKoi
RealKoi collected $0.37 from pot
*** SUMMARY ***
Total pot $0.38 | Rake $0.01 
Board [4h 4s Ks 7s 9d]
Seat 1: RealKoi (big blind) collected ($0.37)
Seat 2: paulobort323 folded before Flop (didn't bet)
Seat 3: Dorex2007 folded before Flop (didn't bet)
Seat 4: Zog Buster folded before Flop (didn't bet)
Seat 5: Luigiams folded before Flop (didn't bet)
Seat 6: The_Reiver folded before Flop (didn't bet)
Seat 7: NgonZai folded before Flop (didn't bet)
Seat 8: jarbasllepi (button) folded on the Turn
Seat 9: chino_mariscal (small blind) folded on the River



PokerStars Hand #237326841965:  Hold'em No Limit ($0.01/$0.02 USD) - 2022/07/12 19:01:25 PT [2022/07/12 22:01:25 ET]
Table 'Philomela IV' 9-max Seat #9 is the button
Seat 1: RealKoi ($1.81 in chips) 
Seat 2: paulobort323 ($4.35 in chips) 
Seat 3: Dorex2007 ($2 in chips) 
Seat 4: Zog Buster ($2 in chips) 
Seat 5: Luigiams ($1.86 in chips) 
Seat 6: The_Reiver ($2.43 in chips) 
Seat 7: NgonZai ($4.02 in chips) 
Seat 8: jarbasllepi ($2.42 in chips) 
Seat 9: chino_mariscal ($2.78 in chips) 
RealKoi: posts small blind $0.01
paulobort323: posts big blind $0.02
*** HOLE CARDS ***
Dealt to Dorex2007 [Ts 2d]
Dorex2007: folds 
Zog Buster: raises $0.04 to $0.06
Luigiams: folds 
The_Reiver: folds 
NgonZai: folds 
jarbasllepi: folds 
chino_mariscal: folds 
RealKoi: folds 
paulobort323: calls $0.04
*** FLOP *** [Qs Qd 5s]
paulobort323: checks 
Zog Buster: checks 
*** TURN *** [Qs Qd 5s] [9d]
paulobort323: bets $0.04
Zog Buster: folds 
Uncalled bet ($0.04) returned to paulobort323
paulobort323 collected $0.13 from pot
*** SUMMARY ***
Total pot $0.13 | Rake $0 
Board [Qs Qd 5s 9d]
Seat 1: RealKoi (small blind) folded before Flop
Seat 2: paulobort323 (big blind) collected ($0.13)
Seat 3: Dorex2007 folded before Flop (didn't bet)
Seat 4: Zog Buster folded on the Turn
Seat 5: Luigiams folded before Flop (didn't bet)
Seat 6: The_Reiver folded before Flop (didn't bet)
Seat 7: NgonZai folded before Flop (didn't bet)
Seat 8: jarbasllepi folded before Flop (didn't bet)
Seat 9: chino_mariscal (button) folded before Flop (didn't bet)



PokerStars Hand #237326850622:  Hold'em No Limit ($0.01/$0.02 USD) - 2022/07/12 19:02:10 PT [2022/07/12 22:02:10 ET]
Table 'Philomela IV' 9-max Seat #1 is the button
Seat 1: RealKoi ($1.80 in chips) 
Seat 2: paulobort323 ($4.42 in chips) 
Seat 3: Dorex2007 ($2 in chips) 
Seat 4: Zog Buster ($2 in chips) 
Seat 5: Luigiams ($1.86 in chips) 
Seat 6: The_Reiver ($2.43 in chips) 
Seat 7: NgonZai ($4.02 in chips) 
Seat 8: jarbasllepi ($2.42 in chips) 
Seat 9: chino_mariscal ($2.78 in chips) 
paulobort323: posts small blind $0.01
Dorex2007: posts big blind $0.02
*** HOLE CARDS ***
Dealt to Dorex2007 [9s Ac]
Zog Buster: folds 
Luigiams: raises $0.02 to $0.04
The_Reiver: folds 
NgonZai: folds 
jarbasllepi: calls $0.04
chino_mariscal: folds 
RealKoi: folds 
paulobort323: folds 
Dorex2007: calls $0.02
*** FLOP *** [5h 2s 4h]
Dorex2007: checks 
Luigiams: checks 
jarbasllepi: checks 
*** TURN *** [5h 2s 4h] [Th]
Dorex2007: checks 
Luigiams: bets $0.08
jarbasllepi: folds 
Dorex2007: folds 
Uncalled bet ($0.08) returned to Luigiams
Luigiams collected $0.13 from pot
*** SUMMARY ***
Total pot $0.13 | Rake $0 
Board [5h 2s 4h Th]
Seat 1: RealKoi (button) folded before Flop (didn't bet)
Seat 2: paulobort323 (small blind) folded before Flop
Seat 3: Dorex2007 (big blind) folded on the Turn
Seat 4: Zog Buster folded before Flop (didn't bet)
Seat 5: Luigiams collected ($0.13)
Seat 6: The_Reiver folded before Flop (didn't bet)
Seat 7: NgonZai folded before Flop (didn't bet)
Seat 8: jarbasllepi folded on the Turn
Seat 9: chino_mariscal folded before Flop (didn't bet)



PokerStars Hand #237326864477:  Hold'em No Limit ($0.01/$0.02 USD) - 2022/07/12 19:03:12 PT [2022/07/12 22:03:12 ET]
Table 'Philomela IV' 9-max Seat #2 is the button
Seat 1: RealKoi ($1.80 in chips) 
Seat 2: paulobort323 ($4.41 in chips) 
Seat 3: Dorex2007 ($2 in chips) 
Seat 4: Zog Buster ($2 in chips) 
Seat 5: Luigiams ($1.95 in chips) 
Seat 6: The_Reiver ($2.43 in chips) 
Seat 7: NgonZai ($4.02 in chips) 
Seat 8: jarbasllepi ($2.38 in chips) 
Seat 9: chino_mariscal ($2.78 in chips) 
Dorex2007: posts small blind $0.01
Zog Buster: posts big blind $0.02
*** HOLE CARDS ***
Dealt to Dorex2007 [Ks Tc]
Luigiams: folds 
The_Reiver: folds 
NgonZai: folds 
jarbasllepi: calls $0.02
chino_mariscal: folds 
RealKoi: calls $0.02
paulobort323: folds 
Dorex2007: calls $0.01
Zog Buster: checks 
*** FLOP *** [Td 3d Js]
Dorex2007: bets $0.05
Zog Buster: folds 
jarbasllepi: folds 
RealKoi: folds 
Uncalled bet ($0.05) returned to Dorex2007
Dorex2007 collected $0.08 from pot
*** SUMMARY ***
Total pot $0.08 | Rake $0 
Board [Td 3d Js]
Seat 1: RealKoi folded on the Flop
Seat 2: paulobort323 (button) folded before Flop (didn't bet)
Seat 3: Dorex2007 (small blind) collected ($0.08)
Seat 4: Zog Buster (big blind) folded on the Flop
Seat 5: Luigiams folded before Flop (didn't bet)
Seat 6: The_Reiver folded before Flop (didn't bet)
Seat 7: NgonZai folded before Flop (didn't bet)
Seat 8: jarbasllepi folded on the Flop
Seat 9: chino_mariscal folded before Flop (didn't bet)



PokerStars Hand #237326874543:  Hold'em No Limit ($0.01/$0.02 USD) - 2022/07/12 19:04:04 PT [2022/07/12 22:04:04 ET]
Table 'Philomela IV' 9-max Seat #3 is the button
Seat 1: RealKoi ($1.78 in chips) 
Seat 2: paulobort323 ($4.41 in chips) 
Seat 3: Dorex2007 ($2.06 in chips) 
Seat 4: Zog Buster ($2 in chips) 
Seat 5: Luigiams ($1.95 in chips) 
Seat 6: The_Reiver ($2.43 in chips) 
Seat 7: NgonZai ($4.02 in chips) 
Seat 8: jarbasllepi ($2.36 in chips) 
Seat 9: chino_mariscal ($2.78 in chips) 
Zog Buster: posts small blind $0.01
Luigiams: posts big blind $0.02
*** HOLE CARDS ***
Dealt to Dorex2007 [Ac 7h]
The_Reiver: folds 
NgonZai: calls $0.02
The_Reiver leaves the table
jarbasllepi: calls $0.02
chino_mariscal: folds 
RealKoi: folds 
pedrontervtn joins the table at seat #6 
paulobort323: calls $0.02
Dorex2007: folds 
Zog Buster: folds 
Luigiams: checks 
*** FLOP *** [7c Ks Jc]
Luigiams: checks 
NgonZai: checks 
jarbasllepi: checks 
paulobort323: checks 
*** TURN *** [7c Ks Jc] [3d]
Luigiams: checks 
NgonZai: checks 
jarbasllepi: checks 
paulobort323: checks 
*** RIVER *** [7c Ks Jc 3d] [As]
Luigiams: checks 
NgonZai: bets $0.04
jarbasllepi: calls $0.04
paulobort323: raises $0.04 to $0.08
Luigiams: folds 
NgonZai: calls $0.04
jarbasllepi: calls $0.04
*** SHOW DOWN ***
paulobort323: shows [4h Qc] (high card Ace)
NgonZai: shows [3s 8s] (a pair of Threes)
jarbasllepi: shows [9d Ah] (a pair of Aces)
jarbasllepi collected $0.32 from pot
*** SUMMARY ***
Total pot $0.33 | Rake $0.01 
Board [7c Ks Jc 3d As]
Seat 1: RealKoi folded before Flop (didn't bet)
Seat 2: paulobort323 showed [4h Qc] and lost with high card Ace
Seat 3: Dorex2007 (button) folded before Flop (didn't bet)
Seat 4: Zog Buster (small blind) folded before Flop
Seat 5: Luigiams (big blind) folded on the River
Seat 6: The_Reiver folded before Flop (didn't bet)
Seat 7: NgonZai showed [3s 8s] and lost with a pair of Threes
Seat 8: jarbasllepi showed [9d Ah] and won ($0.32) with a pair of Aces
Seat 9: chino_mariscal folded before Flop (didn't bet)



PokerStars Hand #237326892454:  Hold'em No Limit ($0.01/$0.02 USD) - 2022/07/12 19:05:36 PT [2022/07/12 22:05:36 ET]
Table 'Philomela IV' 9-max Seat #4 is the button
Seat 1: RealKoi ($1.78 in chips) 
Seat 2: paulobort323 ($4.31 in chips) 
Seat 3: Dorex2007 ($2.06 in chips) 
Seat 4: Zog Buster ($2 in chips) 
Seat 5: Luigiams ($1.93 in chips) 
Seat 6: pedrontervtn ($2 in chips) 
Seat 7: NgonZai ($3.92 in chips) 
Seat 8: jarbasllepi ($2.58 in chips) 
Seat 9: chino_mariscal ($2.78 in chips) 
Luigiams: posts small blind $0.01
pedrontervtn: posts big blind $0.02
*** HOLE CARDS ***
Dealt to Dorex2007 [Qh 4c]
NgonZai: calls $0.02
jarbasllepi: calls $0.02
chino_mariscal: folds 
RealKoi: raises $0.06 to $0.08
paulobort323: calls $0.08
Dorex2007: folds 
Zog Buster: folds 
Luigiams: folds 
pedrontervtn has timed out
pedrontervtn: folds 
NgonZai: folds 
jarbasllepi: calls $0.06
*** FLOP *** [Th 9c 9s]
jarbasllepi: checks 
RealKoi: bets $0.14
paulobort323: folds 
jarbasllepi: folds 
Uncalled bet ($0.14) returned to RealKoi
RealKoi collected $0.28 from pot
*** SUMMARY ***
Total pot $0.29 | Rake $0.01 
Board [Th 9c 9s]
Seat 1: RealKoi collected ($0.28)
Seat 2: paulobort323 folded on the Flop
Seat 3: Dorex2007 folded before Flop (didn't bet)
Seat 4: Zog Buster (button) folded before Flop (didn't bet)
Seat 5: Luigiams (small blind) folded before Flop
Seat 6: pedrontervtn (big blind) folded before Flop
Seat 7: NgonZai folded before Flop
Seat 8: jarbasllepi folded on the Flop
Seat 9: chino_mariscal folded before Flop (didn't bet)



PokerStars Hand #237326910936:  Hold'em No Limit ($0.01/$0.02 USD) - 2022/07/12 19:07:10 PT [2022/07/12 22:07:10 ET]
Table 'Philomela IV' 9-max Seat #5 is the button
Seat 1: RealKoi ($1.98 in chips) 
Seat 2: paulobort323 ($4.23 in chips) 
Seat 3: Dorex2007 ($2.06 in chips) 
Seat 4: Zog Buster ($2 in chips) 
Seat 5: Luigiams ($1.92 in chips) 
Seat 6: pedrontervtn ($1.98 in chips) 
Seat 7: NgonZai ($3.90 in chips) 
Seat 8: jarbasllepi ($2.50 in chips) 
Seat 9: chino_mariscal ($2.78 in chips) 
pedrontervtn: posts small blind $0.01
NgonZai: posts big blind $0.02
*** HOLE CARDS ***
Dealt to Dorex2007 [9h 3c]
jarbasllepi: folds 
chino_mariscal: folds 
RealKoi: folds 
paulobort323: raises $0.08 to $0.10
Dorex2007: folds 
Zog Buster: folds 
Luigiams: calls $0.10
pedrontervtn: calls $0.09
NgonZai: folds 
*** FLOP *** [5h 2s 9s]
pedrontervtn: bets $0.08
paulobort323: calls $0.08
Luigiams: folds 
*** TURN *** [5h 2s 9s] [4d]
pedrontervtn: bets $0.10
paulobort323: calls $0.10
*** RIVER *** [5h 2s 9s 4d] [5c]
pedrontervtn: checks 
paulobort323: bets $0.10
pedrontervtn: calls $0.10
*** SHOW DOWN ***
paulobort323: shows [8c Kd] (a pair of Fives)
pedrontervtn: shows [7d 7c] (two pair, Sevens and Fives)
pedrontervtn collected $0.85 from pot
*** SUMMARY ***
Total pot $0.88 | Rake $0.03 
Board [5h 2s 9s 4d 5c]
Seat 1: RealKoi folded before Flop (didn't bet)
Seat 2: paulobort323 showed [8c Kd] and lost with a pair of Fives
Seat 3: Dorex2007 folded before Flop (didn't bet)
Seat 4: Zog Buster folded before Flop (didn't bet)
Seat 5: Luigiams (button) folded on the Flop
Seat 6: pedrontervtn (small blind) showed [7d 7c] and won ($0.85) with two pair, Sevens and Fives
Seat 7: NgonZai (big blind) folded before Flop
Seat 8: jarbasllepi folded before Flop (didn't bet)
Seat 9: chino_mariscal folded before Flop (didn't bet)



PokerStars Hand #237326930905:  Hold'em No Limit ($0.01/$0.02 USD) - 2022/07/12 19:08:27 PT [2022/07/12 22:08:27 ET]
Table 'Philomela IV' 9-max Seat #6 is the button
Seat 1: RealKoi ($1.98 in chips) 
Seat 2: paulobort323 ($3.85 in chips) 
Seat 3: Dorex2007 ($2.06 in chips) 
Seat 4: Zog Buster ($2 in chips) 
Seat 5: Luigiams ($1.82 in chips) 
Seat 6: pedrontervtn ($2.45 in chips) 
Seat 7: NgonZai ($3.88 in chips) 
Seat 8: jarbasllepi ($2.50 in chips) 
Seat 9: chino_mariscal ($2.78 in chips) 
NgonZai: posts small blind $0.01
jarbasllepi: posts big blind $0.02
*** HOLE CARDS ***
Dealt to Dorex2007 [8c Ac]
chino_mariscal: calls $0.02
RealKoi: calls $0.02
paulobort323: calls $0.02
Dorex2007: calls $0.02
Zog Buster: folds 
Luigiams: folds 
pedrontervtn: raises $0.04 to $0.06
NgonZai: calls $0.05
jarbasllepi: folds 
chino_mariscal: calls $0.04
RealKoi: folds 
paulobort323: calls $0.04
Dorex2007: folds 
*** FLOP *** [6c 5s 6s]
NgonZai: checks 
chino_mariscal: bets $0.16
paulobort323: calls $0.16
pedrontervtn: folds 
NgonZai: folds 
*** TURN *** [6c 5s 6s] [2d]
chino_mariscal: checks 
paulobort323: bets $0.10
chino_mariscal: folds 
Uncalled bet ($0.10) returned to paulobort323
paulobort323 collected $0.60 from pot
*** SUMMARY ***
Total pot $0.62 | Rake $0.02 
Board [6c 5s 6s 2d]
Seat 1: RealKoi folded before Flop
Seat 2: paulobort323 collected ($0.60)
Seat 3: Dorex2007 folded before Flop
Seat 4: Zog Buster folded before Flop (didn't bet)
Seat 5: Luigiams folded before Flop (didn't bet)
Seat 6: pedrontervtn (button) folded on the Flop
Seat 7: NgonZai (small blind) folded on the Flop
Seat 8: jarbasllepi (big blind) folded before Flop
Seat 9: chino_mariscal folded on the Turn



PokerStars Hand #237326943767:  Hold'em No Limit ($0.01/$0.02 USD) - 2022/07/12 19:09:35 PT [2022/07/12 22:09:35 ET]
Table 'Philomela IV' 9-max Seat #7 is the button
Seat 1: RealKoi ($1.96 in chips) 
Seat 2: paulobort323 ($4.23 in chips) 
Seat 3: Dorex2007 ($2.04 in chips) 
Seat 4: Zog Buster ($2 in chips) 
Seat 5: Luigiams ($1.82 in chips) 
Seat 6: pedrontervtn ($2.39 in chips) 
Seat 7: NgonZai ($3.82 in chips) 
Seat 8: jarbasllepi ($2.48 in chips) 
Seat 9: chino_mariscal ($2.56 in chips) 
jarbasllepi: posts small blind $0.01
chino_mariscal: posts big blind $0.02
*** HOLE CARDS ***
Dealt to Dorex2007 [Kd 2h]
RealKoi: raises $0.02 to $0.04
paulobort323: folds 
Dorex2007: folds 
Zog Buster: folds 
Luigiams: calls $0.04
pedrontervtn: calls $0.04
NgonZai: folds 
jarbasllepi: calls $0.03
chino_mariscal: folds 
*** FLOP *** [7h 9s Jc]
jarbasllepi: checks 
RealKoi: checks 
Luigiams: checks 
pedrontervtn: bets $0.06
jarbasllepi: calls $0.06
RealKoi: folds 
Luigiams: calls $0.06
*** TURN *** [7h 9s Jc] [4c]
jarbasllepi: checks 
Luigiams: checks 
pedrontervtn: bets $0.06
jarbasllepi: calls $0.06
Luigiams: calls $0.06
*** RIVER *** [7h 9s Jc 4c] [Ks]
jarbasllepi: checks 
Luigiams: checks 
pedrontervtn: checks 
*** SHOW DOWN ***
jarbasllepi: shows [Ah Ts] (high card Ace)
Luigiams: shows [9c 8c] (a pair of Nines)
pedrontervtn: shows [Jd Qc] (a pair of Jacks)
pedrontervtn collected $0.52 from pot
*** SUMMARY ***
Total pot $0.54 | Rake $0.02 
Board [7h 9s Jc 4c Ks]
Seat 1: RealKoi folded on the Flop
Seat 2: paulobort323 folded before Flop (didn't bet)
Seat 3: Dorex2007 folded before Flop (didn't bet)
Seat 4: Zog Buster folded before Flop (didn't bet)
Seat 5: Luigiams showed [9c 8c] and lost with a pair of Nines
Seat 6: pedrontervtn showed [Jd Qc] and won ($0.52) with a pair of Jacks
Seat 7: NgonZai (button) folded before Flop (didn't bet)
Seat 8: jarbasllepi (small blind) showed [Ah Ts] and lost with high card Ace
Seat 9: chino_mariscal (big blind) folded before Flop



PokerStars Hand #237326957960:  Hold'em No Limit ($0.01/$0.02 USD) - 2022/07/12 19:10:50 PT [2022/07/12 22:10:50 ET]
Table 'Philomela IV' 9-max Seat #8 is the button
Seat 1: RealKoi ($1.92 in chips) 
Seat 2: paulobort323 ($4.23 in chips) 
Seat 3: Dorex2007 ($2.04 in chips) 
Seat 4: Zog Buster ($2 in chips) 
Seat 5: Luigiams ($2 in chips) 
Seat 6: pedrontervtn ($2.75 in chips) 
Seat 7: NgonZai ($3.82 in chips) 
Seat 8: jarbasllepi ($2.32 in chips) 
Seat 9: chino_mariscal ($2.54 in chips) 
chino_mariscal: posts small blind $0.01
RealKoi: posts big blind $0.02
*** HOLE CARDS ***
Dealt to Dorex2007 [Kc Kh]
paulobort323: raises $0.04 to $0.06
Dorex2007: raises $0.04 to $0.10
Zog Buster: folds 
Luigiams: folds 
pedrontervtn: calls $0.10
NgonZai: folds 
jarbasllepi: calls $0.10
chino_mariscal: folds 
RealKoi: folds 
paulobort323: calls $0.04
*** FLOP *** [2s 4d 3h]
paulobort323: bets $0.06
Dorex2007: raises $0.53 to $0.59
pedrontervtn: folds 
jarbasllepi: folds 
paulobort323: calls $0.53
*** TURN *** [2s 4d 3h] [8s]
paulobort323: checks 
Dorex2007: bets $1.35 and is all-in
paulobort323: folds 
Uncalled bet ($1.35) returned to Dorex2007
Dorex2007 collected $1.55 from pot
*** SUMMARY ***
Total pot $1.61 | Rake $0.06 
Board [2s 4d 3h 8s]
Seat 1: RealKoi (big blind) folded before Flop
Seat 2: paulobort323 folded on the Turn
Seat 3: Dorex2007 collected ($1.55)
Seat 4: Zog Buster folded before Flop (didn't bet)
Seat 5: Luigiams folded before Flop (didn't bet)
Seat 6: pedrontervtn folded on the Flop
Seat 7: NgonZai folded before Flop (didn't bet)
Seat 8: jarbasllepi (button) folded on the Flop
Seat 9: chino_mariscal (small blind) folded before Flop



PokerStars Hand #237326971192:  Hold'em No Limit ($0.01/$0.02 USD) - 2022/07/12 19:12:00 PT [2022/07/12 22:12:00 ET]
Table 'Philomela IV' 9-max Seat #9 is the button
Seat 1: RealKoi ($1.90 in chips) 
Seat 2: paulobort323 ($3.54 in chips) 
Seat 3: Dorex2007 ($2.90 in chips) 
Seat 4: Zog Buster ($2 in chips) 
Seat 5: Luigiams ($2 in chips) 
Seat 6: pedrontervtn ($2.65 in chips) 
Seat 7: NgonZai ($3.82 in chips) 
Seat 8: jarbasllepi ($2.22 in chips) 
Seat 9: chino_mariscal ($2.53 in chips) 
RealKoi: posts small blind $0.01
paulobort323: posts big blind $0.02
*** HOLE CARDS ***
Dealt to Dorex2007 [Kd 9d]
Dorex2007: calls $0.02
Zog Buster: folds 
Luigiams: folds 
pedrontervtn: calls $0.02
NgonZai: calls $0.02
jarbasllepi: folds 
chino_mariscal: calls $0.02
RealKoi: calls $0.01
paulobort323: checks 
*** FLOP *** [Ks 2s 3c]
RealKoi: checks 
paulobort323: checks 
Dorex2007: bets $0.12
pedrontervtn: calls $0.12
NgonZai: folds 
chino_mariscal: folds 
RealKoi: folds 
paulobort323: folds 
*** TURN *** [Ks 2s 3c] [Qh]
Dorex2007: bets $0.17
pedrontervtn: calls $0.17
*** RIVER *** [Ks 2s 3c Qh] [7h]
Dorex2007: bets $0.10
pedrontervtn: calls $0.10
*** SHOW DOWN ***
Dorex2007: shows [Kd 9d] (a pair of Kings)
pedrontervtn: mucks hand 
Dorex2007 collected $0.87 from pot
*** SUMMARY ***
Total pot $0.90 | Rake $0.03 
Board [Ks 2s 3c Qh 7h]
Seat 1: RealKoi (small blind) folded on the Flop
Seat 2: paulobort323 (big blind) folded on the Flop
Seat 3: Dorex2007 showed [Kd 9d] and won ($0.87) with a pair of Kings
Seat 4: Zog Buster folded before Flop (didn't bet)
Seat 5: Luigiams folded before Flop (didn't bet)
Seat 6: pedrontervtn mucked [Kh 8h]
Seat 7: NgonZai folded on the Flop
Seat 8: jarbasllepi folded before Flop (didn't bet)
Seat 9: chino_mariscal (button) folded on the Flop



PokerStars Hand #237326986089:  Hold'em No Limit ($0.01/$0.02 USD) - 2022/07/12 19:13:20 PT [2022/07/12 22:13:20 ET]
Table 'Philomela IV' 9-max Seat #1 is the button
Seat 1: RealKoi ($1.88 in chips) 
Seat 2: paulobort323 ($3.52 in chips) 
Seat 3: Dorex2007 ($3.36 in chips) 
Seat 4: Zog Buster ($2 in chips) 
Seat 5: Luigiams ($2 in chips) 
Seat 6: pedrontervtn ($2.24 in chips) 
Seat 7: NgonZai ($3.80 in chips) 
Seat 8: jarbasllepi ($2.22 in chips) 
Seat 9: chino_mariscal ($2.51 in chips) 
paulobort323: posts small blind $0.01
Dorex2007: posts big blind $0.02
*** HOLE CARDS ***
Dealt to Dorex2007 [8h 6c]
Zog Buster: folds 
Luigiams: folds 
pedrontervtn: folds 
NgonZai: folds 
jarbasllepi: folds 
chino_mariscal: calls $0.02
RealKoi: raises $0.04 to $0.06
paulobort323: calls $0.05
Dorex2007: folds 
chino_mariscal: calls $0.04
*** FLOP *** [Js Qs 5s]
paulobort323: checks 
chino_mariscal: bets $0.08
RealKoi: calls $0.08
paulobort323: folds 
*** TURN *** [Js Qs 5s] [4s]
chino_mariscal: bets $0.20
RealKoi: calls $0.20
*** RIVER *** [Js Qs 5s 4s] [2s]
chino_mariscal: bets $0.72
RealKoi: calls $0.72
*** SHOW DOWN ***
chino_mariscal: shows [Ts Qh] (a flush, Queen high)
RealKoi: shows [As 2h] (a flush, Ace high)
RealKoi collected $2.12 from pot
*** SUMMARY ***
Total pot $2.20 | Rake $0.08 
Board [Js Qs 5s 4s 2s]
Seat 1: RealKoi (button) showed [As 2h] and won ($2.12) with a flush, Ace high
Seat 2: paulobort323 (small blind) folded on the Flop
Seat 3: Dorex2007 (big blind) folded before Flop
Seat 4: Zog Buster folded before Flop (didn't bet)
Seat 5: Luigiams folded before Flop (didn't bet)
Seat 6: pedrontervtn folded before Flop (didn't bet)
Seat 7: NgonZai folded before Flop (didn't bet)
Seat 8: jarbasllepi folded before Flop (didn't bet)
Seat 9: chino_mariscal showed [Ts Qh] and lost with a flush, Queen high



PokerStars Hand #237327003501:  Hold'em No Limit ($0.01/$0.02 USD) - 2022/07/12 19:14:53 PT [2022/07/12 22:14:53 ET]
Table 'Philomela IV' 9-max Seat #2 is the button
Seat 1: RealKoi ($2.94 in chips) 
Seat 2: paulobort323 ($3.46 in chips) 
Seat 3: Dorex2007 ($3.34 in chips) 
Seat 4: Zog Buster ($2 in chips) 
Seat 5: Luigiams ($2 in chips) 
Seat 6: pedrontervtn ($2.24 in chips) 
Seat 7: NgonZai ($3.80 in chips) 
Seat 8: jarbasllepi ($2.22 in chips) 
Seat 9: chino_mariscal ($1.45 in chips) 
Dorex2007: posts small blind $0.01
Zog Buster: posts big blind $0.02
*** HOLE CARDS ***
Dealt to Dorex2007 [4d 5s]
Luigiams: folds 
Luigiams leaves the table
pedrontervtn: folds 
Tobiz89 joins the table at seat #5 
NgonZai: calls $0.02
jarbasllepi: calls $0.02
chino_mariscal: raises $0.04 to $0.06
RealKoi: folds 
paulobort323: folds 
Dorex2007: folds 
Zog Buster: folds 
NgonZai: calls $0.04
jarbasllepi: calls $0.04
*** FLOP *** [2c Ah Kh]
NgonZai: bets $0.04
jarbasllepi: raises $0.08 to $0.12
chino_mariscal: calls $0.12
NgonZai: calls $0.08
*** TURN *** [2c Ah Kh] [3d]
NgonZai: bets $0.20
jarbasllepi: calls $0.20
chino_mariscal: folds 
*** RIVER *** [2c Ah Kh 3d] [Qd]
NgonZai: checks 
jarbasllepi: checks 
*** SHOW DOWN ***
NgonZai: shows [2h Th] (a pair of Deuces)
jarbasllepi: shows [8d Ac] (a pair of Aces)
jarbasllepi collected $0.94 from pot
*** SUMMARY ***
Total pot $0.97 | Rake $0.03 
Board [2c Ah Kh 3d Qd]
Seat 1: RealKoi folded before Flop (didn't bet)
Seat 2: paulobort323 (button) folded before Flop (didn't bet)
Seat 3: Dorex2007 (small blind) folded before Flop
Seat 4: Zog Buster (big blind) folded before Flop
Seat 5: Luigiams folded before Flop (didn't bet)
Seat 6: pedrontervtn folded before Flop (didn't bet)
Seat 7: NgonZai showed [2h Th] and lost with a pair of Deuces
Seat 8: jarbasllepi showed [8d Ac] and won ($0.94) with a pair of Aces
Seat 9: chino_mariscal folded on the Turn



PokerStars Hand #237327020927:  Hold'em No Limit ($0.01/$0.02 USD) - 2022/07/12 19:16:26 PT [2022/07/12 22:16:26 ET]
Table 'Philomela IV' 9-max Seat #3 is the button
Seat 1: RealKoi ($2.94 in chips) 
Seat 2: paulobort323 ($3.46 in chips) 
Seat 3: Dorex2007 ($3.33 in chips) 
Seat 4: Zog Buster ($2 in chips) 
Seat 5: Tobiz89 ($2 in chips) 
Seat 6: pedrontervtn ($2.24 in chips) 
Seat 7: NgonZai ($3.42 in chips) 
Seat 8: jarbasllepi ($2.78 in chips) 
Seat 9: chino_mariscal ($2 in chips) 
Zog Buster: posts small blind $0.01
Tobiz89: posts big blind $0.02
*** HOLE CARDS ***
Dealt to Dorex2007 [Qh Tc]
pedrontervtn: raises $0.02 to $0.04
NgonZai: raises $0.02 to $0.06
jarbasllepi: folds 
chino_mariscal: calls $0.06
RealKoi: folds 
paulobort323: folds 
Dorex2007: calls $0.06
Zog Buster: folds 
Tobiz89: folds 
pedrontervtn: calls $0.02
*** FLOP *** [8d 5d 5s]
pedrontervtn: bets $0.04
NgonZai: raises $0.12 to $0.16
chino_mariscal: folds 
Dorex2007: folds 
pedrontervtn: folds 
Uncalled bet ($0.12) returned to NgonZai
NgonZai collected $0.34 from pot
*** SUMMARY ***
Total pot $0.35 | Rake $0.01 
Board [8d 5d 5s]
Seat 1: RealKoi folded before Flop (didn't bet)
Seat 2: paulobort323 folded before Flop (didn't bet)
Seat 3: Dorex2007 (button) folded on the Flop
Seat 4: Zog Buster (small blind) folded before Flop
Seat 5: Tobiz89 (big blind) folded before Flop
Seat 6: pedrontervtn folded on the Flop
Seat 7: NgonZai collected ($0.34)
Seat 8: jarbasllepi folded before Flop (didn't bet)
Seat 9: chino_mariscal folded on the Flop



PokerStars Hand #237327033934:  Hold'em No Limit ($0.01/$0.02 USD) - 2022/07/12 19:17:35 PT [2022/07/12 22:17:35 ET]
Table 'Philomela IV' 9-max Seat #4 is the button
Seat 1: RealKoi ($2.94 in chips) 
Seat 2: paulobort323 ($3.46 in chips) 
Seat 3: Dorex2007 ($3.27 in chips) 
Seat 4: Zog Buster ($2 in chips) 
Seat 5: Tobiz89 ($2 in chips) 
Seat 6: pedrontervtn ($2.14 in chips) 
Seat 7: NgonZai ($3.66 in chips) 
Seat 8: jarbasllepi ($2.78 in chips) 
Seat 9: chino_mariscal ($1.94 in chips) 
Tobiz89: posts small blind $0.01
pedrontervtn: posts big blind $0.02
*** HOLE CARDS ***
Dealt to Dorex2007 [4h Qs]
NgonZai: calls $0.02
jarbasllepi: calls $0.02
chino_mariscal: calls $0.02
RealKoi: folds 
paulobort323: folds 
Dorex2007: folds 
Zog Buster: folds 
Tobiz89: folds 
pedrontervtn: checks 
*** FLOP *** [6s Ks As]
pedrontervtn: checks 
NgonZai: checks 
jarbasllepi: checks 
chino_mariscal: checks 
*** TURN *** [6s Ks As] [4s]
pedrontervtn: checks 
NgonZai: bets $0.06
jarbasllepi: folds 
chino_mariscal: folds 
pedrontervtn: folds 
Uncalled bet ($0.06) returned to NgonZai
NgonZai collected $0.09 from pot
*** SUMMARY ***
Total pot $0.09 | Rake $0 
Board [6s Ks As 4s]
Seat 1: RealKoi folded before Flop (didn't bet)
Seat 2: paulobort323 folded before Flop (didn't bet)
Seat 3: Dorex2007 folded before Flop (didn't bet)
Seat 4: Zog Buster (button) folded before Flop (didn't bet)
Seat 5: Tobiz89 (small blind) folded before Flop
Seat 6: pedrontervtn (big blind) folded on the Turn
Seat 7: NgonZai collected ($0.09)
Seat 8: jarbasllepi folded on the Turn
Seat 9: chino_mariscal folded on the Turn



PokerStars Hand #237327045251:  Hold'em No Limit ($0.01/$0.02 USD) - 2022/07/12 19:18:35 PT [2022/07/12 22:18:35 ET]
Table 'Philomela IV' 9-max Seat #5 is the button
Seat 1: RealKoi ($2.94 in chips) 
Seat 2: paulobort323 ($3.46 in chips) 
Seat 3: Dorex2007 ($3.27 in chips) 
Seat 4: Zog Buster ($2 in chips) 
Seat 5: Tobiz89 ($2 in chips) 
Seat 6: pedrontervtn ($2.12 in chips) 
Seat 7: NgonZai ($3.73 in chips) 
Seat 8: jarbasllepi ($2.76 in chips) 
Seat 9: chino_mariscal ($1.92 in chips) 
pedrontervtn: posts small blind $0.01
NgonZai: posts big blind $0.02
*** HOLE CARDS ***
Dealt to Dorex2007 [5c 5s]
jarbasllepi: calls $0.02
chino_mariscal: calls $0.02
RealKoi: calls $0.02
paulobort323: calls $0.02
Dorex2007: calls $0.02
Zog Buster: calls $0.02
Tobiz89: folds 
pedrontervtn: calls $0.01
NgonZai: raises $0.04 to $0.06
jarbasllepi: calls $0.04
chino_mariscal: calls $0.04
RealKoi: calls $0.04
paulobort323: calls $0.04
Dorex2007: calls $0.04
Zog Buster: calls $0.04
pedrontervtn: calls $0.04
*** FLOP *** [Js 7s 5h]
pedrontervtn: checks 
NgonZai: bets $0.22
jarbasllepi: folds 
chino_mariscal: folds 
RealKoi: folds 
paulobort323: folds 
Dorex2007: raises $2.99 to $3.21 and is all-in
paulobort323 leaves the table
Zog Buster: folds 
pedrontervtn: folds 
meelis9 joins the table at seat #2 
NgonZai: calls $2.99
*** TURN *** [Js 7s 5h] [7h]
*** RIVER *** [Js 7s 5h 7h] [4s]
*** SHOW DOWN ***
NgonZai: shows [Ad 9d] (a pair of Sevens)
Dorex2007: shows [5c 5s] (a full house, Fives full of Sevens)
Dorex2007 cashed out the hand for $6.39 | Cash Out Fee $0.06
*** SUMMARY ***
Total pot $6.90 | Rake $0.24 
Board [Js 7s 5h 7h 4s]
Seat 1: RealKoi folded on the Flop
Seat 2: paulobort323 folded on the Flop
Seat 3: Dorex2007 showed [5c 5s] and won ($6.66) with a full house, Fives full of Sevens (pot not awarded as player cashed out)
Seat 4: Zog Buster folded on the Flop
Seat 5: Tobiz89 (button) folded before Flop (didn't bet)
Seat 6: pedrontervtn (small blind) folded on the Flop
Seat 7: NgonZai (big blind) showed [Ad 9d] and lost with a pair of Sevens
Seat 8: jarbasllepi folded on the Flop
Seat 9: chino_mariscal folded on the Flop



PokerStars Hand #237327079145:  Hold'em No Limit ($0.01/$0.02 USD) - 2022/07/12 19:20:51 PT [2022/07/12 22:20:51 ET]
Table 'Philomela IV' 9-max Seat #6 is the button
Seat 1: RealKoi ($2.88 in chips) 
Seat 2: meelis9 ($2 in chips) 
Seat 3: Dorex2007 ($6.39 in chips) 
Seat 4: Zog Buster ($2 in chips) 
Seat 5: Tobiz89 ($2 in chips) 
Seat 6: pedrontervtn ($2.06 in chips) 
Seat 7: NgonZai ($0.46 in chips) 
Seat 8: jarbasllepi ($2.70 in chips) 
Seat 9: chino_mariscal ($1.86 in chips) 
NgonZai: posts small blind $0.01
jarbasllepi: posts big blind $0.02
meelis9: posts big blind $0.02
*** HOLE CARDS ***
Dealt to Dorex2007 [5c 5d]
chino_mariscal: folds 
RealKoi: calls $0.02
meelis9: raises $0.04 to $0.06
Dorex2007: calls $0.06
Zog Buster: folds 
Tobiz89: folds 
pedrontervtn: calls $0.06
NgonZai: raises $0.40 to $0.46 and is all-in
jarbasllepi: folds 
RealKoi: folds 
meelis9: folds 
Dorex2007: raises $5.93 to $6.39 and is all-in
pedrontervtn: folds 
Uncalled bet ($5.93) returned to Dorex2007
*** FLOP *** [4h Th 2d]
*** TURN *** [4h Th 2d] [7h]
*** RIVER *** [4h Th 2d 7h] [2s]
*** SHOW DOWN ***
NgonZai: shows [5s Ks] (a pair of Deuces)
Dorex2007: shows [5c 5d] (two pair, Fives and Deuces)
Dorex2007 cashed out the hand for $0.66 | Cash Out Fee $0.01
*** SUMMARY ***
Total pot $1.08 | Rake $0.04 
Board [4h Th 2d 7h 2s]
Seat 1: RealKoi folded before Flop
Seat 2: meelis9 folded before Flop
Seat 3: Dorex2007 showed [5c 5d] and won ($1.04) with two pair, Fives and Deuces (pot not awarded as player cashed out)
Seat 4: Zog Buster folded before Flop (didn't bet)
Seat 5: Tobiz89 folded before Flop (didn't bet)
Seat 6: pedrontervtn (button) folded before Flop
Seat 7: NgonZai (small blind) showed [5s Ks] and lost with a pair of Deuces
Seat 8: jarbasllepi (big blind) folded before Flop
Seat 9: chino_mariscal folded before Flop (didn't bet)



PokerStars Hand #237327097095:  Hold'em No Limit ($0.01/$0.02 USD) - 2022/07/12 19:22:28 PT [2022/07/12 22:22:28 ET]
Table 'Philomela IV' 9-max Seat #8 is the button
Seat 1: RealKoi ($2.86 in chips) 
Seat 2: meelis9 ($2 in chips) 
Seat 3: Dorex2007 ($6.59 in chips) 
Seat 4: Zog Buster ($2 in chips) 
Seat 5: Tobiz89 ($2 in chips) 
Seat 6: pedrontervtn ($2 in chips) 
Seat 8: jarbasllepi ($2.68 in chips) 
Seat 9: chino_mariscal ($1.86 in chips) 
chino_mariscal: posts small blind $0.01
RealKoi: posts big blind $0.02
*** HOLE CARDS ***
Dealt to Dorex2007 [9h 4c]
meelis9: folds 
Dorex2007: folds 
Zog Buster: folds 
Tobiz89: folds 
pedrontervtn: calls $0.02
jarbasllepi: calls $0.02
chino_mariscal: folds 
RealKoi: checks 
*** FLOP *** [4s 8c 5s]
RealKoi: checks 
pedrontervtn: checks 
jarbasllepi: checks 
*** TURN *** [4s 8c 5s] [Td]
RealKoi: checks 
pedrontervtn: bets $0.04
jarbasllepi: calls $0.04
RealKoi: folds 
*** RIVER *** [4s 8c 5s Td] [8h]
pedrontervtn: checks 
jarbasllepi: checks 
*** SHOW DOWN ***
pedrontervtn: shows [5c Js] (two pair, Eights and Fives)
jarbasllepi: mucks hand 
pedrontervtn collected $0.14 from pot
*** SUMMARY ***
Total pot $0.15 | Rake $0.01 
Board [4s 8c 5s Td 8h]
Seat 1: RealKoi (big blind) folded on the Turn
Seat 2: meelis9 folded before Flop (didn't bet)
Seat 3: Dorex2007 folded before Flop (didn't bet)
Seat 4: Zog Buster folded before Flop (didn't bet)
Seat 5: Tobiz89 folded before Flop (didn't bet)
Seat 6: pedrontervtn showed [5c Js] and won ($0.14) with two pair, Eights and Fives
Seat 8: jarbasllepi (button) mucked [2h 4h]
Seat 9: chino_mariscal (small blind) folded before Flop



PokerStars Hand #237327109430:  Hold'em No Limit ($0.01/$0.02 USD) - 2022/07/12 19:23:36 PT [2022/07/12 22:23:36 ET]
Table 'Philomela IV' 9-max Seat #9 is the button
Seat 1: RealKoi ($2.84 in chips) 
Seat 2: meelis9 ($2 in chips) 
Seat 3: Dorex2007 ($6.59 in chips) 
Seat 4: Zog Buster ($2 in chips) 
Seat 5: Tobiz89 ($2 in chips) 
Seat 6: pedrontervtn ($2.08 in chips) 
Seat 7: NgonZai ($2 in chips) 
Seat 8: jarbasllepi ($2.62 in chips) 
Seat 9: chino_mariscal ($1.85 in chips) 
RealKoi: posts small blind $0.01
meelis9: posts big blind $0.02
*** HOLE CARDS ***
Dealt to Dorex2007 [8h Qc]
Dorex2007: folds 
Zog Buster: folds 
Tobiz89: folds 
pedrontervtn: calls $0.02
NgonZai: calls $0.02
jarbasllepi: calls $0.02
chino_mariscal: calls $0.02
RealKoi: calls $0.01
meelis9: checks 
*** FLOP *** [Tc 4c Ts]
RealKoi: bets $0.02
meelis9: folds 
pedrontervtn: calls $0.02
NgonZai: raises $0.04 to $0.06
jarbasllepi: calls $0.06
chino_mariscal: calls $0.06
RealKoi: folds 
pedrontervtn: folds 
*** TURN *** [Tc 4c Ts] [9c]
NgonZai: checks 
jarbasllepi: bets $0.14
chino_mariscal: calls $0.14
NgonZai: folds 
*** RIVER *** [Tc 4c Ts 9c] [Qs]
jarbasllepi: bets $0.12
chino_mariscal: calls $0.12
*** SHOW DOWN ***
jarbasllepi: shows [8c 6c] (a flush, Ten high)
chino_mariscal: mucks hand 
jarbasllepi collected $0.83 from pot
*** SUMMARY ***
Total pot $0.86 | Rake $0.03 
Board [Tc 4c Ts 9c Qs]
Seat 1: RealKoi (small blind) folded on the Flop
Seat 2: meelis9 (big blind) folded on the Flop
Seat 3: Dorex2007 folded before Flop (didn't bet)
Seat 4: Zog Buster folded before Flop (didn't bet)
Seat 5: Tobiz89 folded before Flop (didn't bet)
Seat 6: pedrontervtn folded on the Flop
Seat 7: NgonZai folded on the Turn
Seat 8: jarbasllepi showed [8c 6c] and won ($0.83) with a flush, Ten high
Seat 9: chino_mariscal (button) mucked [Td Kh]



PokerStars Hand #237327129236:  Hold'em No Limit ($0.01/$0.02 USD) - 2022/07/12 19:25:23 PT [2022/07/12 22:25:23 ET]
Table 'Philomela IV' 9-max Seat #1 is the button
Seat 1: RealKoi ($2.80 in chips) 
Seat 2: meelis9 ($2 in chips) 
Seat 3: Dorex2007 ($6.59 in chips) 
Seat 4: Zog Buster ($2 in chips) 
Seat 5: Tobiz89 ($2 in chips) 
Seat 6: pedrontervtn ($2.04 in chips) 
Seat 7: NgonZai ($1.92 in chips) 
Seat 8: jarbasllepi ($3.11 in chips) 
Seat 9: chino_mariscal ($1.51 in chips) 
meelis9: posts small blind $0.01
Dorex2007: posts big blind $0.02
*** HOLE CARDS ***
Dealt to Dorex2007 [As 7h]
Zog Buster: folds 
Tobiz89: folds 
pedrontervtn has timed out
pedrontervtn: folds 
NgonZai: calls $0.02
jarbasllepi: calls $0.02
chino_mariscal: calls $0.02
RealKoi: folds 
meelis9: folds 
Dorex2007: checks 
*** FLOP *** [7c 5s 3s]
Dorex2007: checks 
NgonZai: checks 
jarbasllepi: checks 
chino_mariscal: bets $0.04
Dorex2007: calls $0.04
NgonZai: folds 
jarbasllepi: calls $0.04
*** TURN *** [7c 5s 3s] [Ks]
Dorex2007: bets $0.04
jarbasllepi: folds 
chino_mariscal: calls $0.04
*** RIVER *** [7c 5s 3s Ks] [4c]
Dorex2007: bets $0.02
chino_mariscal: calls $0.02
*** SHOW DOWN ***
Dorex2007: shows [As 7h] (a pair of Sevens)
chino_mariscal: shows [3d 3c] (three of a kind, Threes)
chino_mariscal collected $0.32 from pot
*** SUMMARY ***
Total pot $0.33 | Rake $0.01 
Board [7c 5s 3s Ks 4c]
Seat 1: RealKoi (button) folded before Flop (didn't bet)
Seat 2: meelis9 (small blind) folded before Flop
Seat 3: Dorex2007 (big blind) showed [As 7h] and lost with a pair of Sevens
Seat 4: Zog Buster folded before Flop (didn't bet)
Seat 5: Tobiz89 folded before Flop (didn't bet)
Seat 6: pedrontervtn folded before Flop (didn't bet)
Seat 7: NgonZai folded on the Flop
Seat 8: jarbasllepi folded on the Turn
Seat 9: chino_mariscal showed [3d 3c] and won ($0.32) with three of a kind, Threes



PokerStars Hand #237327143627:  Hold'em No Limit ($0.01/$0.02 USD) - 2022/07/12 19:26:42 PT [2022/07/12 22:26:42 ET]
Table 'Philomela IV' 9-max Seat #2 is the button
Seat 1: RealKoi ($2.80 in chips) 
Seat 2: meelis9 ($2 in chips) 
Seat 3: Dorex2007 ($6.47 in chips) 
Seat 4: Zog Buster ($2 in chips) 
Seat 5: Tobiz89 ($2 in chips) 
Seat 6: pedrontervtn ($2.04 in chips) 
Seat 7: NgonZai ($1.90 in chips) 
Seat 8: jarbasllepi ($3.05 in chips) 
Seat 9: chino_mariscal ($1.71 in chips) 
Dorex2007: posts small blind $0.01
Zog Buster: posts big blind $0.02
*** HOLE CARDS ***
Dealt to Dorex2007 [Kc Qd]
Tobiz89: folds 
pedrontervtn: calls $0.02
NgonZai: folds 
jarbasllepi: folds 
chino_mariscal: folds 
RealKoi: calls $0.02
meelis9: folds 
Dorex2007: raises $0.06 to $0.08
Zog Buster: folds 
pedrontervtn: calls $0.06
RealKoi: calls $0.06
*** FLOP *** [Kd 7s 4c]
Dorex2007: bets $0.25
pedrontervtn: folds 
RealKoi: folds 
Uncalled bet ($0.25) returned to Dorex2007
Dorex2007 collected $0.25 from pot
*** SUMMARY ***
Total pot $0.26 | Rake $0.01 
Board [Kd 7s 4c]
Seat 1: RealKoi folded on the Flop
Seat 2: meelis9 (button) folded before Flop (didn't bet)
Seat 3: Dorex2007 (small blind) collected ($0.25)
Seat 4: Zog Buster (big blind) folded before Flop
Seat 5: Tobiz89 folded before Flop (didn't bet)
Seat 6: pedrontervtn folded on the Flop
Seat 7: NgonZai folded before Flop (didn't bet)
Seat 8: jarbasllepi folded before Flop (didn't bet)
Seat 9: chino_mariscal folded before Flop (didn't bet)



PokerStars Hand #237327163608:  Hold'em No Limit ($0.01/$0.02 USD) - 2022/07/12 19:27:48 PT [2022/07/12 22:27:48 ET]
Table 'Philomela IV' 9-max Seat #3 is the button
Seat 1: RealKoi ($2.72 in chips) 
Seat 2: meelis9 ($2 in chips) 
Seat 3: Dorex2007 ($6.64 in chips) 
Seat 4: Zog Buster ($2 in chips) 
Seat 5: Tobiz89 ($2 in chips) 
Seat 6: pedrontervtn ($1.96 in chips) 
Seat 7: NgonZai ($1.90 in chips) 
Seat 8: jarbasllepi ($3.05 in chips) 
Seat 9: chino_mariscal ($2 in chips) 
Zog Buster: posts small blind $0.01
Tobiz89: posts big blind $0.02
*** HOLE CARDS ***
Dealt to Dorex2007 [3h 5h]
pedrontervtn: calls $0.02
NgonZai: calls $0.02
jarbasllepi: folds 
chino_mariscal: folds 
RealKoi: folds 
meelis9: raises $0.08 to $0.10
Dorex2007: folds 
Zog Buster: folds 
Tobiz89: folds 
pedrontervtn: calls $0.08
NgonZai: folds 
*** FLOP *** [2h Qs Jd]
pedrontervtn: checks 
meelis9: bets $0.12
pedrontervtn: folds 
Uncalled bet ($0.12) returned to meelis9
meelis9 collected $0.24 from pot
*** SUMMARY ***
Total pot $0.25 | Rake $0.01 
Board [2h Qs Jd]
Seat 1: RealKoi folded before Flop (didn't bet)
Seat 2: meelis9 collected ($0.24)
Seat 3: Dorex2007 (button) folded before Flop (didn't bet)
Seat 4: Zog Buster (small blind) folded before Flop
Seat 5: Tobiz89 (big blind) folded before Flop
Seat 6: pedrontervtn folded on the Flop
Seat 7: NgonZai folded before Flop
Seat 8: jarbasllepi folded before Flop (didn't bet)
Seat 9: chino_mariscal folded before Flop (didn't bet)



PokerStars Hand #237327173794:  Hold'em No Limit ($0.01/$0.02 USD) - 2022/07/12 19:28:43 PT [2022/07/12 22:28:43 ET]
Table 'Philomela IV' 9-max Seat #4 is the button
Seat 1: RealKoi ($2.72 in chips) 
Seat 2: meelis9 ($2.14 in chips) 
Seat 3: Dorex2007 ($6.64 in chips) 
Seat 4: Zog Buster ($2 in chips) 
Seat 5: Tobiz89 ($2 in chips) 
Seat 6: pedrontervtn ($1.86 in chips) 
Seat 7: NgonZai ($1.88 in chips) 
Seat 8: jarbasllepi ($3.05 in chips) 
Seat 9: chino_mariscal ($2 in chips) 
Tobiz89: posts small blind $0.01
pedrontervtn: posts big blind $0.02
*** HOLE CARDS ***
Dealt to Dorex2007 [Jd 4s]
NgonZai: folds 
jarbasllepi: folds 
chino_mariscal: folds 
RealKoi: folds 
meelis9: folds 
Dorex2007: folds 
Zog Buster: folds 
Tobiz89: raises $0.04 to $0.06
pedrontervtn: folds 
Uncalled bet ($0.04) returned to Tobiz89
Tobiz89 collected $0.04 from pot
*** SUMMARY ***
Total pot $0.04 | Rake $0 
Seat 1: RealKoi folded before Flop (didn't bet)
Seat 2: meelis9 folded before Flop (didn't bet)
Seat 3: Dorex2007 folded before Flop (didn't bet)
Seat 4: Zog Buster (button) folded before Flop (didn't bet)
Seat 5: Tobiz89 (small blind) collected ($0.04)
Seat 6: pedrontervtn (big blind) folded before Flop
Seat 7: NgonZai folded before Flop (didn't bet)
Seat 8: jarbasllepi folded before Flop (didn't bet)
Seat 9: chino_mariscal folded before Flop (didn't bet)



PokerStars Hand #237327180062:  Hold'em No Limit ($0.01/$0.02 USD) - 2022/07/12 19:29:18 PT [2022/07/12 22:29:18 ET]
Table 'Philomela IV' 9-max Seat #5 is the button
Seat 1: RealKoi ($2.72 in chips) 
Seat 2: meelis9 ($2.14 in chips) 
Seat 3: Dorex2007 ($6.64 in chips) 
Seat 4: Zog Buster ($2 in chips) 
Seat 5: Tobiz89 ($2.02 in chips) 
Seat 6: pedrontervtn ($1.84 in chips) 
Seat 7: NgonZai ($1.88 in chips) 
Seat 8: jarbasllepi ($3.05 in chips) 
Seat 9: chino_mariscal ($2 in chips) 
pedrontervtn: posts small blind $0.01
NgonZai: posts big blind $0.02
*** HOLE CARDS ***
Dealt to Dorex2007 [8h 9d]
jarbasllepi: folds 
chino_mariscal: folds 
RealKoi: raises $0.04 to $0.06
meelis9: folds 
Dorex2007: folds 
Zog Buster: folds 
Tobiz89: folds 
pedrontervtn is disconnected 
pedrontervtn has timed out while disconnected
pedrontervtn: folds 
NgonZai: folds 
Uncalled bet ($0.04) returned to RealKoi
RealKoi collected $0.05 from pot
*** SUMMARY ***
Total pot $0.05 | Rake $0 
Seat 1: RealKoi collected ($0.05)
Seat 2: meelis9 folded before Flop (didn't bet)
Seat 3: Dorex2007 folded before Flop (didn't bet)
Seat 4: Zog Buster folded before Flop (didn't bet)
Seat 5: Tobiz89 (button) folded before Flop (didn't bet)
Seat 6: pedrontervtn (small blind) folded before Flop
Seat 7: NgonZai (big blind) folded before Flop
Seat 8: jarbasllepi folded before Flop (didn't bet)
Seat 9: chino_mariscal folded before Flop (didn't bet)



PokerStars Hand #237327187847:  Hold'em No Limit ($0.01/$0.02 USD) - 2022/07/12 19:30:00 PT [2022/07/12 22:30:00 ET]
Table 'Philomela IV' 9-max Seat #7 is the button
Seat 1: RealKoi ($2.75 in chips) 
Seat 2: meelis9 ($2.14 in chips) 
Seat 3: Dorex2007 ($6.64 in chips) 
Seat 4: Zog Buster ($2 in chips) 
Seat 5: Tobiz89 ($2.02 in chips) 
Seat 7: NgonZai ($1.86 in chips) 
Seat 8: jarbasllepi ($3.05 in chips) 
Seat 9: chino_mariscal ($2 in chips) 
jarbasllepi: posts small blind $0.01
chino_mariscal: posts big blind $0.02
*** HOLE CARDS ***
Dealt to Dorex2007 [6s Ts]
RealKoi: calls $0.02
meelis9: folds 
Dorex2007: folds 
Zog Buster: folds 
Tobiz89: raises $0.08 to $0.10
NgonZai: calls $0.10
jarbasllepi: folds 
chino_mariscal: calls $0.08
RealKoi: calls $0.08
*** FLOP *** [Td 3d Ks]
chino_mariscal: checks 
RealKoi: bets $0.16
Tobiz89: folds 
NgonZai: raises $0.16 to $0.32
chino_mariscal: folds 
RealKoi: raises $2.33 to $2.65 and is all-in
NgonZai: folds 
Uncalled bet ($2.33) returned to RealKoi
RealKoi collected $1.01 from pot
*** SUMMARY ***
Total pot $1.05 | Rake $0.04 
Board [Td 3d Ks]
Seat 1: RealKoi collected ($1.01)
Seat 2: meelis9 folded before Flop (didn't bet)
Seat 3: Dorex2007 folded before Flop (didn't bet)
Seat 4: Zog Buster folded before Flop (didn't bet)
Seat 5: Tobiz89 folded on the Flop
Seat 7: NgonZai (button) folded on the Flop
Seat 8: jarbasllepi (small blind) folded before Flop
Seat 9: chino_mariscal (big blind) folded on the Flop



PokerStars Hand #237327213192:  Hold'em No Limit ($0.01/$0.02 USD) - 2022/07/12 19:31:30 PT [2022/07/12 22:31:30 ET]
Table 'Philomela IV' 9-max Seat #8 is the button
Seat 1: RealKoi ($3.34 in chips) 
Seat 2: meelis9 ($2.14 in chips) 
Seat 3: Dorex2007 ($6.64 in chips) 
Seat 4: Zog Buster ($2 in chips) 
Seat 5: Tobiz89 ($2 in chips) 
Seat 7: NgonZai ($1.44 in chips) 
Seat 8: jarbasllepi ($3.04 in chips) 
Seat 9: chino_mariscal ($1.90 in chips) 
chino_mariscal: posts small blind $0.01
RealKoi: posts big blind $0.02
*** HOLE CARDS ***
Dealt to Dorex2007 [4h Ts]
meelis9: folds 
Dorex2007: folds 
Zog Buster: folds 
Tobiz89: folds 
NgonZai: calls $0.02
jarbasllepi: calls $0.02
chino_mariscal: calls $0.01
RealKoi: checks 
*** FLOP *** [6s 2c 5h]
chino_mariscal: checks 
RealKoi: checks 
NgonZai: checks 
jarbasllepi: bets $0.06
chino_mariscal: folds 
RealKoi: folds 
NgonZai: folds 
Uncalled bet ($0.06) returned to jarbasllepi
jarbasllepi collected $0.08 from pot
*** SUMMARY ***
Total pot $0.08 | Rake $0 
Board [6s 2c 5h]
Seat 1: RealKoi (big blind) folded on the Flop
Seat 2: meelis9 folded before Flop (didn't bet)
Seat 3: Dorex2007 folded before Flop (didn't bet)
Seat 4: Zog Buster folded before Flop (didn't bet)
Seat 5: Tobiz89 folded before Flop (didn't bet)
Seat 7: NgonZai folded on the Flop
Seat 8: jarbasllepi (button) collected ($0.08)
Seat 9: chino_mariscal (small blind) folded on the Flop



PokerStars Hand #237327225576:  Hold'em No Limit ($0.01/$0.02 USD) - 2022/07/12 19:32:38 PT [2022/07/12 22:32:38 ET]
Table 'Philomela IV' 9-max Seat #9 is the button
Seat 1: RealKoi ($3.32 in chips) 
Seat 2: meelis9 ($2.14 in chips) 
Seat 3: Dorex2007 ($6.64 in chips) 
Seat 4: Zog Buster ($2 in chips) 
Seat 5: Tobiz89 ($2 in chips) 
Seat 7: NgonZai ($1.42 in chips) 
Seat 8: jarbasllepi ($3.10 in chips) 
Seat 9: chino_mariscal ($1.88 in chips) 
RealKoi: posts small blind $0.01
meelis9: posts big blind $0.02
*** HOLE CARDS ***
Dealt to Dorex2007 [6h Qh]
Dorex2007: folds 
Zog Buster: folds 
Tobiz89: folds 
NgonZai: calls $0.02
jarbasllepi: calls $0.02
chino_mariscal: calls $0.02
RealKoi: folds 
meelis9: checks 
*** FLOP *** [Qs Td 4d]
meelis9: checks 
NgonZai: checks 
jarbasllepi: checks 
chino_mariscal: checks 
*** TURN *** [Qs Td 4d] [7c]
meelis9: checks 
NgonZai: checks 
jarbasllepi: checks 
chino_mariscal: checks 
*** RIVER *** [Qs Td 4d 7c] [2d]
meelis9: checks 
NgonZai: checks 
jarbasllepi: checks 
chino_mariscal: checks 
*** SHOW DOWN ***
meelis9: shows [9d 5h] (high card Queen)
NgonZai: shows [Jh 3c] (high card Queen - Jack kicker)
jarbasllepi: shows [4h Kh] (a pair of Fours)
chino_mariscal: shows [7h As] (a pair of Sevens)
chino_mariscal collected $0.09 from pot
*** SUMMARY ***
Total pot $0.09 | Rake $0 
Board [Qs Td 4d 7c 2d]
Seat 1: RealKoi (small blind) folded before Flop
Seat 2: meelis9 (big blind) showed [9d 5h] and lost with high card Queen
Seat 3: Dorex2007 folded before Flop (didn't bet)
Seat 4: Zog Buster folded before Flop (didn't bet)
Seat 5: Tobiz89 folded before Flop (didn't bet)
Seat 7: NgonZai showed [Jh 3c] and lost with high card Queen
Seat 8: jarbasllepi showed [4h Kh] and lost with a pair of Fours
Seat 9: chino_mariscal (button) showed [7h As] and won ($0.09) with a pair of Sevens



PokerStars Hand #237327235721:  Hold'em No Limit ($0.01/$0.02 USD) - 2022/07/12 19:33:35 PT [2022/07/12 22:33:35 ET]
Table 'Philomela IV' 9-max Seat #1 is the button
Seat 1: RealKoi ($3.31 in chips) 
Seat 2: meelis9 ($2.12 in chips) 
Seat 3: Dorex2007 ($6.64 in chips) 
Seat 4: Zog Buster ($2 in chips) 
Seat 5: Tobiz89 ($2 in chips) 
Seat 7: NgonZai ($1.40 in chips) 
Seat 8: jarbasllepi ($3.08 in chips) 
Seat 9: chino_mariscal ($1.95 in chips) 
meelis9: posts small blind $0.01
Dorex2007: posts big blind $0.02
*** HOLE CARDS ***
Dealt to Dorex2007 [Qh 4c]
Zog Buster: folds 
Tobiz89: folds 
NgonZai: folds 
jarbasllepi: calls $0.02
chino_mariscal: calls $0.02
RealKoi: calls $0.02
meelis9: folds 
Dorex2007: checks 
*** FLOP *** [Qc Kh 2h]
Dorex2007: checks 
jarbasllepi: checks 
chino_mariscal: bets $0.06
RealKoi: folds 
Dorex2007: folds 
jarbasllepi: folds 
Uncalled bet ($0.06) returned to chino_mariscal
chino_mariscal collected $0.09 from pot
*** SUMMARY ***
Total pot $0.09 | Rake $0 
Board [Qc Kh 2h]
Seat 1: RealKoi (button) folded on the Flop
Seat 2: meelis9 (small blind) folded before Flop
Seat 3: Dorex2007 (big blind) folded on the Flop
Seat 4: Zog Buster folded before Flop (didn't bet)
Seat 5: Tobiz89 folded before Flop (didn't bet)
Seat 7: NgonZai folded before Flop (didn't bet)
Seat 8: jarbasllepi folded on the Flop
Seat 9: chino_mariscal collected ($0.09)



PokerStars Hand #237327245725:  Hold'em No Limit ($0.01/$0.02 USD) - 2022/07/12 19:34:30 PT [2022/07/12 22:34:30 ET]
Table 'Philomela IV' 9-max Seat #2 is the button
Seat 1: RealKoi ($3.29 in chips) 
Seat 2: meelis9 ($2.11 in chips) 
Seat 3: Dorex2007 ($6.62 in chips) 
Seat 4: Zog Buster ($2 in chips) 
Seat 5: Tobiz89 ($2 in chips) 
Seat 7: NgonZai ($1.40 in chips) 
Seat 8: jarbasllepi ($3.06 in chips) 
Seat 9: chino_mariscal ($2.02 in chips) 
Dorex2007: posts small blind $0.01
Zog Buster: posts big blind $0.02
*** HOLE CARDS ***
Dealt to Dorex2007 [4s 7d]
Tobiz89: folds 
NgonZai: folds 
jarbasllepi: folds 
chino_mariscal: folds 
RealKoi: folds 
meelis9: folds 
Dorex2007: folds 
Uncalled bet ($0.01) returned to Zog Buster
Zog Buster collected $0.02 from pot
*** SUMMARY ***
Total pot $0.02 | Rake $0 
Seat 1: RealKoi folded before Flop (didn't bet)
Seat 2: meelis9 (button) folded before Flop (didn't bet)
Seat 3: Dorex2007 (small blind) folded before Flop
Seat 4: Zog Buster (big blind) collected ($0.02)
Seat 5: Tobiz89 folded before Flop (didn't bet)
Seat 7: NgonZai folded before Flop (didn't bet)
Seat 8: jarbasllepi folded before Flop (didn't bet)
Seat 9: chino_mariscal folded before Flop (didn't bet)



PokerStars Hand #237327248682:  Hold'em No Limit ($0.01/$0.02 USD) - 2022/07/12 19:34:47 PT [2022/07/12 22:34:47 ET]
Table 'Philomela IV' 9-max Seat #3 is the button
Seat 1: RealKoi ($3.29 in chips) 
Seat 2: meelis9 ($2.11 in chips) 
Seat 3: Dorex2007 ($6.61 in chips) 
Seat 4: Zog Buster ($2.01 in chips) 
Seat 5: Tobiz89 ($2 in chips) 
Seat 7: NgonZai ($1.40 in chips) 
Seat 8: jarbasllepi ($3.06 in chips) 
Seat 9: chino_mariscal ($2.02 in chips) 
Zog Buster: posts small blind $0.01
Tobiz89: posts big blind $0.02
*** HOLE CARDS ***
Dealt to Dorex2007 [6c 4h]
NgonZai: folds 
jarbasllepi: raises $0.04 to $0.06
chino_mariscal: folds 
RealKoi: folds 
meelis9: calls $0.06
Dorex2007: folds 
Zog Buster: calls $0.05
Tobiz89: folds 
*** FLOP *** [5h Tc 5d]
Zog Buster: checks 
jarbasllepi: checks 
meelis9: checks 
*** TURN *** [5h Tc 5d] [Ac]
Zog Buster: checks 
jarbasllepi: bets $0.10
meelis9: folds 
Zog Buster: calls $0.10
*** RIVER *** [5h Tc 5d Ac] [7d]
Zog Buster: checks 
jarbasllepi: checks 
*** SHOW DOWN ***
Zog Buster: shows [Ad Qd] (two pair, Aces and Fives)
jarbasllepi: mucks hand 
Zog Buster collected $0.39 from pot
*** SUMMARY ***
Total pot $0.40 | Rake $0.01 
Board [5h Tc 5d Ac 7d]
Seat 1: RealKoi folded before Flop (didn't bet)
Seat 2: meelis9 folded on the Turn
Seat 3: Dorex2007 (button) folded before Flop (didn't bet)
Seat 4: Zog Buster (small blind) showed [Ad Qd] and won ($0.39) with two pair, Aces and Fives
Seat 5: Tobiz89 (big blind) folded before Flop
Seat 7: NgonZai folded before Flop (didn't bet)
Seat 8: jarbasllepi mucked [9d As]
Seat 9: chino_mariscal folded before Flop (didn't bet)



PokerStars Hand #237327259668:  Hold'em No Limit ($0.01/$0.02 USD) - 2022/07/12 19:35:48 PT [2022/07/12 22:35:48 ET]
Table 'Philomela IV' 9-max Seat #4 is the button
Seat 1: RealKoi ($3.29 in chips) 
Seat 2: meelis9 ($2.05 in chips) 
Seat 3: Dorex2007 ($6.61 in chips) 
Seat 4: Zog Buster ($2.24 in chips) 
Seat 5: Tobiz89 ($2 in chips) 
Seat 7: NgonZai ($1.40 in chips) 
Seat 8: jarbasllepi ($2.90 in chips) 
Seat 9: chino_mariscal ($2.02 in chips) 
Tobiz89: posts small blind $0.01
NgonZai: posts big blind $0.02
*** HOLE CARDS ***
Dealt to Dorex2007 [Qs 5h]
jarbasllepi: calls $0.02
chino_mariscal: calls $0.02
RealKoi: folds 
meelis9: folds 
Dorex2007: folds 
Zog Buster: folds 
Tobiz89: folds 
NgonZai: checks 
*** FLOP *** [Tc 6d Ad]
NgonZai: checks 
jarbasllepi: checks 
chino_mariscal: bets $0.06
NgonZai: folds 
jarbasllepi: calls $0.06
*** TURN *** [Tc 6d Ad] [9h]
jarbasllepi: checks 
chino_mariscal: bets $0.12
jarbasllepi: calls $0.12
*** RIVER *** [Tc 6d Ad 9h] [Th]
jarbasllepi: checks 
chino_mariscal: bets $0.36
jarbasllepi: folds 
Uncalled bet ($0.36) returned to chino_mariscal
chino_mariscal collected $0.41 from pot
*** SUMMARY ***
Total pot $0.43 | Rake $0.02 
Board [Tc 6d Ad 9h Th]
Seat 1: RealKoi folded before Flop (didn't bet)
Seat 2: meelis9 folded before Flop (didn't bet)
Seat 3: Dorex2007 folded before Flop (didn't bet)
Seat 4: Zog Buster (button) folded before Flop (didn't bet)
Seat 5: Tobiz89 (small blind) folded before Flop
Seat 7: NgonZai (big blind) folded on the Flop
Seat 8: jarbasllepi folded on the River
Seat 9: chino_mariscal collected ($0.41)



PokerStars Hand #237327268814:  Hold'em No Limit ($0.01/$0.02 USD) - 2022/07/12 19:36:40 PT [2022/07/12 22:36:40 ET]
Table 'Philomela IV' 9-max Seat #5 is the button
Seat 1: RealKoi ($3.29 in chips) 
Seat 2: meelis9 ($2.05 in chips) 
Seat 3: Dorex2007 ($6.61 in chips) 
Seat 4: Zog Buster ($2.24 in chips) 
Seat 5: Tobiz89 ($2 in chips) 
Seat 7: NgonZai ($1.38 in chips) 
Seat 8: jarbasllepi ($2.70 in chips) 
Seat 9: chino_mariscal ($2.23 in chips) 
NgonZai: posts small blind $0.01
jarbasllepi: posts big blind $0.02
*** HOLE CARDS ***
Dealt to Dorex2007 [7d Kd]
chino_mariscal: calls $0.02
RealKoi: calls $0.02
meelis9: folds 
Dorex2007: folds 
Zog Buster: folds 
Tobiz89: folds 
NgonZai: calls $0.01
jarbasllepi: checks 
*** FLOP *** [2s Th Kh]
NgonZai: checks 
jarbasllepi: checks 
chino_mariscal: checks 
RealKoi: checks 
*** TURN *** [2s Th Kh] [Ts]
NgonZai: bets $0.06
jarbasllepi: folds 
chino_mariscal: calls $0.06
jarbasllepi leaves the table
RealKoi: folds 
*** RIVER *** [2s Th Kh Ts] [8c]
NgonZai: bets $0.12
chino_mariscal: folds 
Uncalled bet ($0.12) returned to NgonZai
NgonZai collected $0.19 from pot
*** SUMMARY ***
Total pot $0.20 | Rake $0.01 
Board [2s Th Kh Ts 8c]
Seat 1: RealKoi folded on the Turn
Seat 2: meelis9 folded before Flop (didn't bet)
Seat 3: Dorex2007 folded before Flop (didn't bet)
Seat 4: Zog Buster folded before Flop (didn't bet)
Seat 5: Tobiz89 (button) folded before Flop (didn't bet)
Seat 7: NgonZai (small blind) collected ($0.19)
Seat 8: jarbasllepi (big blind) folded on the Turn
Seat 9: chino_mariscal folded on the River



PokerStars Hand #237327280868:  Hold'em No Limit ($0.01/$0.02 USD) - 2022/07/12 19:37:46 PT [2022/07/12 22:37:46 ET]
Table 'Philomela IV' 9-max Seat #7 is the button
Seat 1: RealKoi ($3.27 in chips) 
Seat 2: meelis9 ($2.05 in chips) 
Seat 3: Dorex2007 ($6.61 in chips) 
Seat 4: Zog Buster ($2.24 in chips) 
Seat 5: Tobiz89 ($2 in chips) 
Seat 6: pedrontervtn ($1.83 in chips) 
Seat 7: NgonZai ($1.49 in chips) 
Seat 9: chino_mariscal ($2.15 in chips) 
chino_mariscal: posts small blind $0.01
RealKoi: posts big blind $0.02
pedrontervtn: posts small & big blinds $0.03
*** HOLE CARDS ***
Dealt to Dorex2007 [8d 6s]
meelis9: folds 
Dorex2007: folds 
Zog Buster: folds 
Tobiz89: folds 
pedrontervtn: checks 
NgonZai: calls $0.02
chino_mariscal: folds 
RealKoi: checks 
*** FLOP *** [9d 5s Kc]
RealKoi: bets $0.02
pedrontervtn: folds 
NgonZai: raises $0.04 to $0.06
Blackpoker65 joins the table at seat #8 
RealKoi: calls $0.04
*** TURN *** [9d 5s Kc] [4h]
RealKoi: checks 
NgonZai: bets $0.10
RealKoi: calls $0.10
*** RIVER *** [9d 5s Kc 4h] [4c]
RealKoi: checks 
NgonZai: bets $0.10
RealKoi: folds 
Uncalled bet ($0.10) returned to NgonZai
NgonZai collected $0.39 from pot
*** SUMMARY ***
Total pot $0.40 | Rake $0.01 
Board [9d 5s Kc 4h 4c]
Seat 1: RealKoi (big blind) folded on the River
Seat 2: meelis9 folded before Flop (didn't bet)
Seat 3: Dorex2007 folded before Flop (didn't bet)
Seat 4: Zog Buster folded before Flop (didn't bet)
Seat 5: Tobiz89 folded before Flop (didn't bet)
Seat 6: pedrontervtn folded on the Flop (didn't bet)
Seat 7: NgonZai (button) collected ($0.39)
Seat 9: chino_mariscal (small blind) folded before Flop



PokerStars Hand #237327310003:  Hold'em No Limit ($0.01/$0.02 USD) - 2022/07/12 19:39:41 PT [2022/07/12 22:39:41 ET]
Table 'Philomela IV' 9-max Seat #9 is the button
Seat 1: RealKoi ($3.09 in chips) 
Seat 2: meelis9 ($2.05 in chips) 
Seat 3: Dorex2007 ($6.61 in chips) 
Seat 4: Zog Buster ($2.24 in chips) 
Seat 5: Tobiz89 ($2 in chips) 
Seat 6: pedrontervtn ($1.80 in chips) 
Seat 7: NgonZai ($1.70 in chips) 
Seat 8: Blackpoker65 ($0.80 in chips) 
Seat 9: chino_mariscal ($2.14 in chips) 
RealKoi: posts small blind $0.01
meelis9: posts big blind $0.02
Blackpoker65: posts big blind $0.02
*** HOLE CARDS ***
Dealt to Dorex2007 [As 2d]
Dorex2007: folds 
Zog Buster: folds 
Tobiz89: folds 
pedrontervtn has timed out
pedrontervtn: folds 
NgonZai: folds 
Blackpoker65: checks 
chino_mariscal: folds 
RealKoi: folds 
meelis9: checks 
*** FLOP *** [3s 9c Jc]
meelis9: bets $0.05
Blackpoker65: calls $0.05
*** TURN *** [3s 9c Jc] [Ac]
meelis9: checks 
Blackpoker65: checks 
*** RIVER *** [3s 9c Jc Ac] [3h]
meelis9: checks 
Blackpoker65: bets $0.14
meelis9: folds 
Uncalled bet ($0.14) returned to Blackpoker65
Blackpoker65 collected $0.14 from pot
*** SUMMARY ***
Total pot $0.15 | Rake $0.01 
Board [3s 9c Jc Ac 3h]
Seat 1: RealKoi (small blind) folded before Flop
Seat 2: meelis9 (big blind) folded on the River
Seat 3: Dorex2007 folded before Flop (didn't bet)
Seat 4: Zog Buster folded before Flop (didn't bet)
Seat 5: Tobiz89 folded before Flop (didn't bet)
Seat 6: pedrontervtn folded before Flop (didn't bet)
Seat 7: NgonZai folded before Flop (didn't bet)
Seat 8: Blackpoker65 collected ($0.14)
Seat 9: chino_mariscal (button) folded before Flop (didn't bet)



PokerStars Hand #237327320149:  Hold'em No Limit ($0.01/$0.02 USD) - 2022/07/12 19:40:39 PT [2022/07/12 22:40:39 ET]
Table 'Philomela IV' 9-max Seat #1 is the button
Seat 1: RealKoi ($3.08 in chips) 
Seat 2: meelis9 ($2 in chips) 
Seat 3: Dorex2007 ($6.61 in chips) 
Seat 4: Zog Buster ($2.24 in chips) 
Seat 5: Tobiz89 ($2 in chips) 
Seat 6: pedrontervtn ($1.80 in chips) 
Seat 7: NgonZai ($1.70 in chips) 
Seat 8: Blackpoker65 ($0.87 in chips) 
Seat 9: chino_mariscal ($2.14 in chips) 
meelis9: posts small blind $0.01
Dorex2007: posts big blind $0.02
*** HOLE CARDS ***
Dealt to Dorex2007 [7c Tc]
Zog Buster: raises $0.04 to $0.06
Tobiz89: folds 
pedrontervtn: calls $0.06
NgonZai: calls $0.06
Blackpoker65: calls $0.06
chino_mariscal: folds 
RealKoi: folds 
meelis9: folds 
Dorex2007: folds 
*** FLOP *** [4h 3c 4d]
Zog Buster: checks 
pedrontervtn: checks 
NgonZai: bets $0.10
Blackpoker65: folds 
Zog Buster: folds 
pedrontervtn: folds 
Uncalled bet ($0.10) returned to NgonZai
NgonZai collected $0.26 from pot
*** SUMMARY ***
Total pot $0.27 | Rake $0.01 
Board [4h 3c 4d]
Seat 1: RealKoi (button) folded before Flop (didn't bet)
Seat 2: meelis9 (small blind) folded before Flop
Seat 3: Dorex2007 (big blind) folded before Flop
Seat 4: Zog Buster folded on the Flop
Seat 5: Tobiz89 folded before Flop (didn't bet)
Seat 6: pedrontervtn folded on the Flop
Seat 7: NgonZai collected ($0.26)
Seat 8: Blackpoker65 folded on the Flop
Seat 9: chino_mariscal folded before Flop (didn't bet)



PokerStars Hand #237327327988:  Hold'em No Limit ($0.01/$0.02 USD) - 2022/07/12 19:41:23 PT [2022/07/12 22:41:23 ET]
Table 'Philomela IV' 9-max Seat #2 is the button
Seat 1: RealKoi ($3.08 in chips) 
Seat 2: meelis9 ($2 in chips) 
Seat 3: Dorex2007 ($6.59 in chips) 
Seat 5: Tobiz89 ($2 in chips) 
Seat 6: pedrontervtn ($1.74 in chips) 
Seat 7: NgonZai ($1.90 in chips) 
Seat 8: Blackpoker65 ($0.81 in chips) 
Seat 9: chino_mariscal ($2.14 in chips) 
Dorex2007: posts small blind $0.01
Zog Buster: is sitting out 
Zog Buster leaves the table
Tobiz89: posts big blind $0.02
*** HOLE CARDS ***
Dealt to Dorex2007 [Kh 7s]
pedrontervtn: folds 
NgonZai: folds 
Blackpoker65: calls $0.02
chino_mariscal: calls $0.02
RealKoi: raises $0.04 to $0.06
meelis9: folds 
Dorex2007: folds 
Tobiz89: folds 
Blackpoker65: calls $0.04
chino_mariscal: calls $0.04
*** FLOP *** [As Kc Ks]
Blackpoker65: checks 
chino_mariscal: checks 
RealKoi: checks 
*** TURN *** [As Kc Ks] [3s]
roma19765 joins the table at seat #4 
Blackpoker65: checks 
chino_mariscal: checks 
RealKoi: bets $0.08
Blackpoker65: folds 
chino_mariscal: folds 
Uncalled bet ($0.08) returned to RealKoi
RealKoi collected $0.20 from pot
*** SUMMARY ***
Total pot $0.21 | Rake $0.01 
Board [As Kc Ks 3s]
Seat 1: RealKoi collected ($0.20)
Seat 2: meelis9 (button) folded before Flop (didn't bet)
Seat 3: Dorex2007 (small blind) folded before Flop
Seat 5: Tobiz89 (big blind) folded before Flop
Seat 6: pedrontervtn folded before Flop (didn't bet)
Seat 7: NgonZai folded before Flop (didn't bet)
Seat 8: Blackpoker65 folded on the Turn
Seat 9: chino_mariscal folded on the Turn



PokerStars Hand #237327335849:  Hold'em No Limit ($0.01/$0.02 USD) - 2022/07/12 19:42:09 PT [2022/07/12 22:42:09 ET]
Table 'Philomela IV' 9-max Seat #3 is the button
Seat 1: RealKoi ($3.22 in chips) 
Seat 2: meelis9 ($2 in chips) 
Seat 3: Dorex2007 ($6.58 in chips) 
Seat 5: Tobiz89 ($2 in chips) 
Seat 6: pedrontervtn ($1.74 in chips) 
Seat 7: NgonZai ($1.90 in chips) 
Seat 8: Blackpoker65 ($0.75 in chips) 
Seat 9: chino_mariscal ($2.08 in chips) 
Tobiz89: posts small blind $0.01
pedrontervtn: posts big blind $0.02
*** HOLE CARDS ***
Dealt to Dorex2007 [Qd 3s]
NgonZai: folds 
Blackpoker65: calls $0.02
chino_mariscal: folds 
RealKoi: calls $0.02
meelis9: folds 
Dorex2007: folds 
Tobiz89: folds 
pedrontervtn: checks 
*** FLOP *** [Ah Ad 4h]
pedrontervtn: checks 
Blackpoker65: checks 
RealKoi: checks 
*** TURN *** [Ah Ad 4h] [6d]
pedrontervtn: checks 
Blackpoker65: checks 
RealKoi: bets $0.02
pedrontervtn: folds 
Blackpoker65: folds 
Uncalled bet ($0.02) returned to RealKoi
RealKoi collected $0.07 from pot
*** SUMMARY ***
Total pot $0.07 | Rake $0 
Board [Ah Ad 4h 6d]
Seat 1: RealKoi collected ($0.07)
Seat 2: meelis9 folded before Flop (didn't bet)
Seat 3: Dorex2007 (button) folded before Flop (didn't bet)
Seat 5: Tobiz89 (small blind) folded before Flop
Seat 6: pedrontervtn (big blind) folded on the Turn
Seat 7: NgonZai folded before Flop (didn't bet)
Seat 8: Blackpoker65 folded on the Turn
Seat 9: chino_mariscal folded before Flop (didn't bet)



PokerStars Hand #237327350399:  Hold'em No Limit ($0.01/$0.02 USD) - 2022/07/12 19:43:33 PT [2022/07/12 22:43:33 ET]
Table 'Philomela IV' 9-max Seat #5 is the button
Seat 1: RealKoi ($3.27 in chips) 
Seat 2: meelis9 ($2 in chips) 
Seat 3: Dorex2007 ($6.58 in chips) 
Seat 4: roma19765 ($1.60 in chips) 
Seat 5: Tobiz89 ($2 in chips) 
Seat 6: pedrontervtn ($1.72 in chips) 
Seat 7: NgonZai ($1.90 in chips) 
Seat 8: Blackpoker65 ($0.73 in chips) 
Seat 9: chino_mariscal ($2.08 in chips) 
pedrontervtn: posts small blind $0.01
NgonZai: posts big blind $0.02
roma19765: posts big blind $0.02
*** HOLE CARDS ***
Dealt to Dorex2007 [Jh 8s]
Blackpoker65: folds 
chino_mariscal: folds 
RealKoi: folds 
meelis9: raises $0.06 to $0.08
Dorex2007: folds 
roma19765: folds 
Tobiz89: folds 
pedrontervtn: folds 
NgonZai: folds 
Uncalled bet ($0.06) returned to meelis9
meelis9 collected $0.07 from pot
*** SUMMARY ***
Total pot $0.07 | Rake $0 
Seat 1: RealKoi folded before Flop (didn't bet)
Seat 2: meelis9 collected ($0.07)
Seat 3: Dorex2007 folded before Flop (didn't bet)
Seat 4: roma19765 folded before Flop (didn't bet)
Seat 5: Tobiz89 (button) folded before Flop (didn't bet)
Seat 6: pedrontervtn (small blind) folded before Flop
Seat 7: NgonZai (big blind) folded before Flop
Seat 8: Blackpoker65 folded before Flop (didn't bet)
Seat 9: chino_mariscal folded before Flop (didn't bet)



PokerStars Hand #237327353492:  Hold'em No Limit ($0.01/$0.02 USD) - 2022/07/12 19:43:51 PT [2022/07/12 22:43:51 ET]
Table 'Philomela IV' 9-max Seat #6 is the button
Seat 1: RealKoi ($3.27 in chips) 
Seat 2: meelis9 ($2.05 in chips) 
Seat 3: Dorex2007 ($6.58 in chips) 
Seat 4: roma19765 ($1.58 in chips) 
Seat 5: Tobiz89 ($2 in chips) 
Seat 6: pedrontervtn ($1.71 in chips) 
Seat 7: NgonZai ($1.88 in chips) 
Seat 8: Blackpoker65 ($0.73 in chips) 
Seat 9: chino_mariscal ($2.08 in chips) 
NgonZai: posts small blind $0.01
Blackpoker65: posts big blind $0.02
*** HOLE CARDS ***
Dealt to Dorex2007 [7c Qh]
chino_mariscal: folds 
RealKoi: calls $0.02
meelis9: folds 
Dorex2007: folds 
roma19765: folds 
Tobiz89: raises $0.08 to $0.10
pedrontervtn: calls $0.10
NgonZai: calls $0.09
Blackpoker65: folds 
RealKoi: folds 
*** FLOP *** [Ts 3s 2h]
NgonZai: checks 
Tobiz89: bets $0.22
pedrontervtn: folds 
NgonZai: calls $0.22
*** TURN *** [Ts 3s 2h] [6h]
NgonZai: checks 
Tobiz89: bets $0.41
NgonZai: calls $0.41
*** RIVER *** [Ts 3s 2h 6h] [6d]
NgonZai: checks 
Tobiz89: checks 
*** SHOW DOWN ***
NgonZai: shows [Tc Qc] (two pair, Tens and Sixes)
Tobiz89: mucks hand 
NgonZai collected $1.52 from pot
*** SUMMARY ***
Total pot $1.60 | Rake $0.08 
Board [Ts 3s 2h 6h 6d]
Seat 1: RealKoi folded before Flop
Seat 2: meelis9 folded before Flop (didn't bet)
Seat 3: Dorex2007 folded before Flop (didn't bet)
Seat 4: roma19765 folded before Flop (didn't bet)
Seat 5: Tobiz89 mucked [5h Ah]
Seat 6: pedrontervtn (button) folded on the Flop
Seat 7: NgonZai (small blind) showed [Tc Qc] and won ($1.52) with two pair, Tens and Sixes
Seat 8: Blackpoker65 (big blind) folded before Flop
Seat 9: chino_mariscal folded before Flop (didn't bet)



PokerStars Hand #237327374542:  Hold'em No Limit ($0.01/$0.02 USD) - 2022/07/12 19:45:21 PT [2022/07/12 22:45:21 ET]
Table 'Philomela IV' 9-max Seat #7 is the button
Seat 1: RealKoi ($3.25 in chips) 
Seat 2: meelis9 ($2.05 in chips) 
Seat 3: Dorex2007 ($6.58 in chips) 
Seat 4: roma19765 ($1.58 in chips) 
Seat 5: Tobiz89 ($2 in chips) 
Seat 6: pedrontervtn ($1.61 in chips) 
Seat 7: NgonZai ($2.67 in chips) 
Seat 8: Blackpoker65 ($0.71 in chips) 
Seat 9: chino_mariscal ($2.08 in chips) 
Blackpoker65: posts small blind $0.01
chino_mariscal: posts big blind $0.02
*** HOLE CARDS ***
Dealt to Dorex2007 [5c Js]
RealKoi: folds 
meelis9: raises $0.04 to $0.06
Dorex2007: folds 
roma19765: folds 
Tobiz89: folds 
pedrontervtn: calls $0.06
NgonZai: calls $0.06
Blackpoker65: folds 
chino_mariscal: folds 
*** FLOP *** [4d 6s 4s]
meelis9: bets $0.10
pedrontervtn: raises $0.10 to $0.20
NgonZai: folds 
meelis9: calls $0.10
*** TURN *** [4d 6s 4s] [Th]
meelis9: checks 
pedrontervtn: bets $0.08
meelis9: calls $0.08
*** RIVER *** [4d 6s 4s Th] [Ks]
meelis9: checks 
pedrontervtn: bets $0.20
meelis9: folds 
Uncalled bet ($0.20) returned to pedrontervtn
pedrontervtn collected $0.74 from pot
*** SUMMARY ***
Total pot $0.77 | Rake $0.03 
Board [4d 6s 4s Th Ks]
Seat 1: RealKoi folded before Flop (didn't bet)
Seat 2: meelis9 folded on the River
Seat 3: Dorex2007 folded before Flop (didn't bet)
Seat 4: roma19765 folded before Flop (didn't bet)
Seat 5: Tobiz89 folded before Flop (didn't bet)
Seat 6: pedrontervtn collected ($0.74)
Seat 7: NgonZai (button) folded on the Flop
Seat 8: Blackpoker65 (small blind) folded before Flop
Seat 9: chino_mariscal (big blind) folded before Flop



PokerStars Hand #237327386376:  Hold'em No Limit ($0.01/$0.02 USD) - 2022/07/12 19:46:31 PT [2022/07/12 22:46:31 ET]
Table 'Philomela IV' 9-max Seat #8 is the button
Seat 1: RealKoi ($3.25 in chips) 
Seat 2: meelis9 ($2 in chips) 
Seat 3: Dorex2007 ($6.58 in chips) 
Seat 4: roma19765 ($1.58 in chips) 
Seat 5: Tobiz89 ($2 in chips) 
Seat 6: pedrontervtn ($2.01 in chips) 
Seat 7: NgonZai ($2.61 in chips) 
Seat 8: Blackpoker65 ($0.70 in chips) 
Seat 9: chino_mariscal ($2.06 in chips) 
chino_mariscal: posts small blind $0.01
RealKoi: posts big blind $0.02
*** HOLE CARDS ***
Dealt to Dorex2007 [As Kh]
meelis9: folds 
Dorex2007: calls $0.02
roma19765: folds 
Tobiz89: folds 
pedrontervtn: calls $0.02
NgonZai: calls $0.02
Blackpoker65: folds 
chino_mariscal: folds 
RealKoi has timed out
RealKoi: checks 
*** FLOP *** [6s 5s 8c]
RealKoi has timed out
RealKoi: checks 
Dorex2007: checks 
pedrontervtn: checks 
NgonZai: bets $0.04
RealKoi has timed out
RealKoi: folds 
Dorex2007: folds 
pedrontervtn: calls $0.04
*** TURN *** [6s 5s 8c] [7s]
pedrontervtn: bets $0.06
NgonZai: calls $0.06
*** RIVER *** [6s 5s 8c 7s] [Jd]
pedrontervtn: checks 
NgonZai: bets $0.16
pedrontervtn: calls $0.16
*** SHOW DOWN ***
NgonZai: shows [7h 4h] (a straight, Four to Eight)
pedrontervtn: mucks hand 
NgonZai collected $0.59 from pot
*** SUMMARY ***
Total pot $0.61 | Rake $0.02 
Board [6s 5s 8c 7s Jd]
Seat 1: RealKoi (big blind) folded on the Flop
Seat 2: meelis9 folded before Flop (didn't bet)
Seat 3: Dorex2007 folded on the Flop
Seat 4: roma19765 folded before Flop (didn't bet)
Seat 5: Tobiz89 folded before Flop (didn't bet)
Seat 6: pedrontervtn mucked [Js 3c]
Seat 7: NgonZai showed [7h 4h] and won ($0.59) with a straight, Four to Eight
Seat 8: Blackpoker65 (button) folded before Flop (didn't bet)
Seat 9: chino_mariscal (small blind) folded before Flop



PokerStars Hand #237327414941:  Hold'em No Limit ($0.01/$0.02 USD) - 2022/07/12 19:49:19 PT [2022/07/12 22:49:19 ET]
Table 'Philomela IV' 9-max Seat #9 is the button
Seat 2: meelis9 ($2 in chips) 
Seat 3: Dorex2007 ($6.56 in chips) 
Seat 4: roma19765 ($1.58 in chips) 
Seat 5: Tobiz89 ($2 in chips) 
Seat 6: pedrontervtn ($1.73 in chips) 
Seat 7: NgonZai ($2.92 in chips) 
Seat 8: Blackpoker65 ($0.70 in chips) 
Seat 9: chino_mariscal ($2.05 in chips) 
meelis9: posts small blind $0.01
Dorex2007: posts big blind $0.02
*** HOLE CARDS ***
Dealt to Dorex2007 [Ac 4d]
roma19765: folds 
Tobiz89: folds 
pedrontervtn: folds 
NgonZai: calls $0.02
Blackpoker65: folds 
chino_mariscal: folds 
meelis9: folds 
Dorex2007: checks 
*** FLOP *** [7c 2c Jc]
Dorex2007: checks 
NgonZai: bets $0.04
Dorex2007: calls $0.04
*** TURN *** [7c 2c Jc] [4s]
Dorex2007: bets $0.06
NgonZai: calls $0.06
*** RIVER *** [7c 2c Jc 4s] [9c]
Dorex2007: bets $0.52
NgonZai: raises $0.52 to $1.04
Dorex2007: raises $5.40 to $6.44 and is all-in
NgonZai: calls $1.76 and is all-in
Uncalled bet ($3.64) returned to Dorex2007
*** SHOW DOWN ***
Dorex2007: shows [Ac 4d] (a flush, Ace high)
NgonZai: shows [6d Kc] (a flush, King high)
Dorex2007 collected $5.65 from pot
*** SUMMARY ***
Total pot $5.85 | Rake $0.20 
Board [7c 2c Jc 4s 9c]
Seat 2: meelis9 (small blind) folded before Flop
Seat 3: Dorex2007 (big blind) showed [Ac 4d] and won ($5.65) with a flush, Ace high
Seat 4: roma19765 folded before Flop (didn't bet)
Seat 5: Tobiz89 folded before Flop (didn't bet)
Seat 6: pedrontervtn folded before Flop (didn't bet)
Seat 7: NgonZai showed [6d Kc] and lost with a flush, King high
Seat 8: Blackpoker65 folded before Flop (didn't bet)
Seat 9: chino_mariscal (button) folded before Flop (didn't bet)



PokerStars Hand #237327428751:  Hold'em No Limit ($0.01/$0.02 USD) - 2022/07/12 19:50:41 PT [2022/07/12 22:50:41 ET]
Table 'Philomela IV' 9-max Seat #2 is the button
Seat 2: meelis9 ($2 in chips) 
Seat 3: Dorex2007 ($9.29 in chips) 
Seat 4: roma19765 ($1.58 in chips) 
Seat 5: Tobiz89 ($2 in chips) 
Seat 6: pedrontervtn ($1.73 in chips) 
Seat 8: Blackpoker65 ($0.70 in chips) 
Seat 9: chino_mariscal ($2.05 in chips) 
Dorex2007: posts small blind $0.01
roma19765: posts big blind $0.02
*** HOLE CARDS ***
Dealt to Dorex2007 [9c 4h]
Tobiz89: folds 
pedrontervtn: calls $0.02
Blackpoker65: folds 
chino_mariscal: calls $0.02
meelis9: folds 
Dorex2007: folds 
roma19765: checks 
*** FLOP *** [Td 8h 2s]
roma19765: bets $0.05
pedrontervtn: raises $0.09 to $0.14
chino_mariscal: folds 
roma19765: calls $0.09
*** TURN *** [Td 8h 2s] [Jh]
roma19765: checks 
pedrontervtn: checks 
*** RIVER *** [Td 8h 2s Jh] [4d]
roma19765: checks 
pedrontervtn: checks 
*** SHOW DOWN ***
roma19765: shows [Tc Ah] (a pair of Tens)
pedrontervtn: mucks hand 
roma19765 collected $0.34 from pot
*** SUMMARY ***
Total pot $0.35 | Rake $0.01 
Board [Td 8h 2s Jh 4d]
Seat 2: meelis9 (button) folded before Flop (didn't bet)
Seat 3: Dorex2007 (small blind) folded before Flop
Seat 4: roma19765 (big blind) showed [Tc Ah] and won ($0.34) with a pair of Tens
Seat 5: Tobiz89 folded before Flop (didn't bet)
Seat 6: pedrontervtn mucked [Th Kd]
Seat 8: Blackpoker65 folded before Flop (didn't bet)
Seat 9: chino_mariscal folded on the Flop



PokerStars Hand #237327438557:  Hold'em No Limit ($0.01/$0.02 USD) - 2022/07/12 19:51:40 PT [2022/07/12 22:51:40 ET]
Table 'Philomela IV' 9-max Seat #3 is the button
Seat 2: meelis9 ($2 in chips) 
Seat 3: Dorex2007 ($9.28 in chips) 
Seat 4: roma19765 ($1.76 in chips) 
Seat 5: Tobiz89 ($2 in chips) 
Seat 6: pedrontervtn ($1.57 in chips) 
Seat 7: NgonZai ($2 in chips) 
Seat 8: Blackpoker65 ($0.70 in chips) 
Seat 9: chino_mariscal ($2.03 in chips) 
roma19765: posts small blind $0.01
Tobiz89: posts big blind $0.02
*** HOLE CARDS ***
Dealt to Dorex2007 [Jc Td]
pedrontervtn: raises $0.12 to $0.14
NgonZai: folds 
Blackpoker65: folds 
chino_mariscal: folds 
meelis9: folds 
Dorex2007: folds 
roma19765: calls $0.13
Tobiz89: folds 
*** FLOP *** [Ad Ks 8d]
roma19765: bets $0.14
pedrontervtn: raises $0.14 to $0.28
roma19765: calls $0.14
*** TURN *** [Ad Ks 8d] [2d]
roma19765: checks 
pedrontervtn: checks 
*** RIVER *** [Ad Ks 8d 2d] [5s]
roma19765: checks 
pedrontervtn: bets $0.83
roma19765: folds 
Uncalled bet ($0.83) returned to pedrontervtn
pedrontervtn collected $0.83 from pot
*** SUMMARY ***
Total pot $0.86 | Rake $0.03 
Board [Ad Ks 8d 2d 5s]
Seat 2: meelis9 folded before Flop (didn't bet)
Seat 3: Dorex2007 (button) folded before Flop (didn't bet)
Seat 4: roma19765 (small blind) folded on the River
Seat 5: Tobiz89 (big blind) folded before Flop
Seat 6: pedrontervtn collected ($0.83)
Seat 7: NgonZai folded before Flop (didn't bet)
Seat 8: Blackpoker65 folded before Flop (didn't bet)
Seat 9: chino_mariscal folded before Flop (didn't bet)



PokerStars Hand #237327450763:  Hold'em No Limit ($0.01/$0.02 USD) - 2022/07/12 19:52:52 PT [2022/07/12 22:52:52 ET]
Table 'Philomela IV' 9-max Seat #4 is the button
Seat 2: meelis9 ($2 in chips) 
Seat 3: Dorex2007 ($9.28 in chips) 
Seat 4: roma19765 ($1.34 in chips) 
Seat 5: Tobiz89 ($2 in chips) 
Seat 6: pedrontervtn ($1.98 in chips) 
Seat 7: NgonZai ($2 in chips) 
Seat 8: Blackpoker65 ($0.70 in chips) 
Seat 9: chino_mariscal ($2.03 in chips) 
Tobiz89: posts small blind $0.01
pedrontervtn: posts big blind $0.02
*** HOLE CARDS ***
Dealt to Dorex2007 [Jd Ts]
NgonZai: calls $0.02
Blackpoker65: calls $0.02
chino_mariscal: folds 
meelis9: folds 
Dorex2007: calls $0.02
roma19765: folds 
Tobiz89: folds 
pedrontervtn: checks 
*** FLOP *** [3c 2d Jc]
pedrontervtn: checks 
NgonZai: checks 
Blackpoker65: checks 
Dorex2007: bets $0.09
pedrontervtn: folds 
NgonZai: folds 
Blackpoker65: folds 
Uncalled bet ($0.09) returned to Dorex2007
Dorex2007 collected $0.09 from pot
*** SUMMARY ***
Total pot $0.09 | Rake $0 
Board [3c 2d Jc]
Seat 2: meelis9 folded before Flop (didn't bet)
Seat 3: Dorex2007 collected ($0.09)
Seat 4: roma19765 (button) folded before Flop (didn't bet)
Seat 5: Tobiz89 (small blind) folded before Flop
Seat 6: pedrontervtn (big blind) folded on the Flop
Seat 7: NgonZai folded on the Flop
Seat 8: Blackpoker65 folded on the Flop
Seat 9: chino_mariscal folded before Flop (didn't bet)



PokerStars Hand #237327456706:  Hold'em No Limit ($0.01/$0.02 USD) - 2022/07/12 19:53:29 PT [2022/07/12 22:53:29 ET]
Table 'Philomela IV' 9-max Seat #5 is the button
Seat 2: meelis9 ($2 in chips) 
Seat 3: Dorex2007 ($9.35 in chips) 
Seat 4: roma19765 ($1.34 in chips) 
Seat 5: Tobiz89 ($2 in chips) 
Seat 6: pedrontervtn ($1.96 in chips) 
Seat 7: NgonZai ($1.98 in chips) 
Seat 8: Blackpoker65 ($0.68 in chips) 
Seat 9: chino_mariscal ($2.03 in chips) 
pedrontervtn: posts small blind $0.01
NgonZai: posts big blind $0.02
RealKoi: sits out 
*** HOLE CARDS ***
Dealt to Dorex2007 [Kd 5c]
Blackpoker65: calls $0.02
chino_mariscal: folds 
meelis9: folds 
Dorex2007: folds 
roma19765: folds 
Tobiz89: folds 
pedrontervtn: calls $0.01
NgonZai: checks 
*** FLOP *** [4s Ks 7s]
pedrontervtn: checks 
NgonZai: bets $0.04
Blackpoker65: folds 
pedrontervtn: folds 
Uncalled bet ($0.04) returned to NgonZai
NgonZai collected $0.06 from pot
*** SUMMARY ***
Total pot $0.06 | Rake $0 
Board [4s Ks 7s]
Seat 2: meelis9 folded before Flop (didn't bet)
Seat 3: Dorex2007 folded before Flop (didn't bet)
Seat 4: roma19765 folded before Flop (didn't bet)
Seat 5: Tobiz89 (button) folded before Flop (didn't bet)
Seat 6: pedrontervtn (small blind) folded on the Flop
Seat 7: NgonZai (big blind) collected ($0.06)
Seat 8: Blackpoker65 folded on the Flop
Seat 9: chino_mariscal folded before Flop (didn't bet)



PokerStars Hand #237327464024:  Hold'em No Limit ($0.01/$0.02 USD) - 2022/07/12 19:54:13 PT [2022/07/12 22:54:13 ET]
Table 'Philomela IV' 9-max Seat #6 is the button
Seat 2: meelis9 ($2 in chips) 
Seat 3: Dorex2007 ($9.35 in chips) 
Seat 4: roma19765 ($1.34 in chips) 
Seat 5: Tobiz89 ($2 in chips) 
Seat 6: pedrontervtn ($1.94 in chips) 
Seat 7: NgonZai ($2.02 in chips) 
Seat 8: Blackpoker65 ($0.66 in chips) 
Seat 9: chino_mariscal ($2.03 in chips) 
NgonZai: posts small blind $0.01
Blackpoker65: posts big blind $0.02
RealKoi: sits out 
*** HOLE CARDS ***
Dealt to Dorex2007 [6d Tc]
chino_mariscal: folds 
meelis9: folds 
Dorex2007: folds 
roma19765: folds 
Tobiz89: raises $0.03 to $0.05
pedrontervtn: folds 
NgonZai: folds 
Blackpoker65: folds 
Uncalled bet ($0.03) returned to Tobiz89
Tobiz89 collected $0.05 from pot
*** SUMMARY ***
Total pot $0.05 | Rake $0 
Seat 2: meelis9 folded before Flop (didn't bet)
Seat 3: Dorex2007 folded before Flop (didn't bet)
Seat 4: roma19765 folded before Flop (didn't bet)
Seat 5: Tobiz89 collected ($0.05)
Seat 6: pedrontervtn (button) folded before Flop (didn't bet)
Seat 7: NgonZai (small blind) folded before Flop
Seat 8: Blackpoker65 (big blind) folded before Flop
Seat 9: chino_mariscal folded before Flop (didn't bet)



PokerStars Hand #237327467185:  Hold'em No Limit ($0.01/$0.02 USD) - 2022/07/12 19:54:32 PT [2022/07/12 22:54:32 ET]
Table 'Philomela IV' 9-max Seat #7 is the button
Seat 2: meelis9 ($2 in chips) 
Seat 3: Dorex2007 ($9.35 in chips) 
Seat 4: roma19765 ($1.34 in chips) 
Seat 5: Tobiz89 ($2.03 in chips) 
Seat 6: pedrontervtn ($1.94 in chips) 
Seat 7: NgonZai ($2.01 in chips) 
Seat 8: Blackpoker65 ($0.64 in chips) 
Seat 9: chino_mariscal ($2.03 in chips) 
Blackpoker65: posts small blind $0.01
chino_mariscal: posts big blind $0.02
RealKoi: sits out 
*** HOLE CARDS ***
Dealt to Dorex2007 [8c As]
meelis9: raises $0.04 to $0.06
Dorex2007: folds 
roma19765: folds 
Tobiz89: folds 
pedrontervtn: calls $0.06
NgonZai: folds 
Blackpoker65: folds 
chino_mariscal: calls $0.04
*** FLOP *** [4h 2d Kh]
chino_mariscal: bets $0.08
meelis9: folds 
pedrontervtn: folds 
Uncalled bet ($0.08) returned to chino_mariscal
chino_mariscal collected $0.18 from pot
*** SUMMARY ***
Total pot $0.19 | Rake $0.01 
Board [4h 2d Kh]
Seat 2: meelis9 folded on the Flop
Seat 3: Dorex2007 folded before Flop (didn't bet)
Seat 4: roma19765 folded before Flop (didn't bet)
Seat 5: Tobiz89 folded before Flop (didn't bet)
Seat 6: pedrontervtn folded on the Flop
Seat 7: NgonZai (button) folded before Flop (didn't bet)
Seat 8: Blackpoker65 (small blind) folded before Flop
Seat 9: chino_mariscal (big blind) collected ($0.18)



PokerStars Hand #237327474571:  Hold'em No Limit ($0.01/$0.02 USD) - 2022/07/12 19:55:19 PT [2022/07/12 22:55:19 ET]
Table 'Philomela IV' 9-max Seat #8 is the button
Seat 1: RealKoi ($3.23 in chips) 
Seat 2: meelis9 ($2 in chips) 
Seat 3: Dorex2007 ($9.35 in chips) 
Seat 4: roma19765 ($1.34 in chips) 
Seat 5: Tobiz89 ($2.03 in chips) 
Seat 6: pedrontervtn ($1.88 in chips) 
Seat 7: NgonZai ($2.01 in chips) 
Seat 8: Blackpoker65 ($0.63 in chips) 
Seat 9: chino_mariscal ($2.15 in chips) 
chino_mariscal: posts small blind $0.01
RealKoi: posts big blind $0.02
*** HOLE CARDS ***
Dealt to Dorex2007 [7c 9h]
meelis9: folds 
Dorex2007: folds 
meelis9 leaves the table
roma19765: raises $0.04 to $0.06
Tobiz89: folds 
pedrontervtn: folds 
NgonZai: folds 
Blackpoker65: folds 
chino_mariscal: calls $0.05
RealKoi: folds 
*** FLOP *** [Ts Jd 3d]
chino_mariscal: bets $0.06
roma19765: calls $0.06
*** TURN *** [Ts Jd 3d] [6h]
9Black3 joins the table at seat #2 
chino_mariscal: bets $0.12
roma19765: calls $0.12
*** RIVER *** [Ts Jd 3d 6h] [5h]
chino_mariscal: bets $0.36
roma19765: folds 
Uncalled bet ($0.36) returned to chino_mariscal
chino_mariscal collected $0.48 from pot
*** SUMMARY ***
Total pot $0.50 | Rake $0.02 
Board [Ts Jd 3d 6h 5h]
Seat 1: RealKoi (big blind) folded before Flop
Seat 2: meelis9 folded before Flop (didn't bet)
Seat 3: Dorex2007 folded before Flop (didn't bet)
Seat 4: roma19765 folded on the River
Seat 5: Tobiz89 folded before Flop (didn't bet)
Seat 6: pedrontervtn folded before Flop (didn't bet)
Seat 7: NgonZai folded before Flop (didn't bet)
Seat 8: Blackpoker65 (button) folded before Flop (didn't bet)
Seat 9: chino_mariscal (small blind) collected ($0.48)



PokerStars Hand #237327483557:  Hold'em No Limit ($0.01/$0.02 USD) - 2022/07/12 19:56:25 PT [2022/07/12 22:56:25 ET]
Table 'Philomela IV' 9-max Seat #9 is the button
Seat 1: RealKoi ($3.21 in chips) 
Seat 2: 9Black3 ($2 in chips) 
Seat 3: Dorex2007 ($9.35 in chips) 
Seat 4: roma19765 ($1.10 in chips) 
Seat 5: Tobiz89 ($2.03 in chips) 
Seat 6: pedrontervtn ($1.88 in chips) 
Seat 7: NgonZai ($2.01 in chips) 
Seat 8: Blackpoker65 ($0.63 in chips) 
Seat 9: chino_mariscal ($2.39 in chips) 
RealKoi: posts small blind $0.01
9Black3: posts big blind $0.02
*** HOLE CARDS ***
Dealt to Dorex2007 [Qh Ks]
Dorex2007: calls $0.02
roma19765: folds 
Tobiz89: raises $0.08 to $0.10
pedrontervtn: calls $0.10
NgonZai: calls $0.10
Blackpoker65: folds 
chino_mariscal: folds 
RealKoi: calls $0.09
9Black3: folds 
Dorex2007: folds 
*** FLOP *** [5h Tc 2s]
RealKoi has timed out
RealKoi: checks 
Tobiz89: checks 
pedrontervtn: checks 
NgonZai: checks 
*** TURN *** [5h Tc 2s] [3c]
RealKoi: checks 
Tobiz89: checks 
pedrontervtn: checks 
NgonZai: bets $0.10
RealKoi: calls $0.10
Tobiz89: folds 
pedrontervtn: folds 
*** RIVER *** [5h Tc 2s 3c] [9d]
RealKoi has timed out
RealKoi: checks 
NgonZai: bets $0.04
RealKoi: calls $0.04
*** SHOW DOWN ***
NgonZai: shows [4h 4c] (a pair of Fours)
RealKoi: mucks hand 
NgonZai collected $0.68 from pot
*** SUMMARY ***
Total pot $0.72 | Rake $0.04 
Board [5h Tc 2s 3c 9d]
Seat 1: RealKoi (small blind) mucked [As Qs]
Seat 2: 9Black3 (big blind) folded before Flop
Seat 3: Dorex2007 folded before Flop
Seat 4: roma19765 folded before Flop (didn't bet)
Seat 5: Tobiz89 folded on the Turn
Seat 6: pedrontervtn folded on the Turn
Seat 7: NgonZai showed [4h 4c] and won ($0.68) with a pair of Fours
Seat 8: Blackpoker65 folded before Flop (didn't bet)
Seat 9: chino_mariscal (button) folded before Flop (didn't bet)



PokerStars Hand #237327501958:  Hold'em No Limit ($0.01/$0.02 USD) - 2022/07/12 19:58:40 PT [2022/07/12 22:58:40 ET]
Table 'Philomela IV' 9-max Seat #1 is the button
Seat 1: RealKoi ($2.97 in chips) 
Seat 2: 9Black3 ($2 in chips) 
Seat 3: Dorex2007 ($9.33 in chips) 
Seat 4: roma19765 ($1.10 in chips) 
Seat 5: Tobiz89 ($2 in chips) 
Seat 6: pedrontervtn ($1.78 in chips) 
Seat 7: NgonZai ($2.45 in chips) 
Seat 8: Blackpoker65 ($0.63 in chips) 
Seat 9: chino_mariscal ($2.39 in chips) 
9Black3: posts small blind $0.01
Dorex2007: posts big blind $0.02
*** HOLE CARDS ***
Dealt to Dorex2007 [4s Jh]
roma19765: folds 
Tobiz89: folds 
pedrontervtn: folds 
NgonZai: calls $0.02
Blackpoker65: calls $0.02
chino_mariscal: calls $0.02
RealKoi: calls $0.02
9Black3: folds 
Dorex2007: checks 
*** FLOP *** [7h 5c Th]
Dorex2007: checks 
NgonZai: bets $0.04
Blackpoker65: folds 
chino_mariscal: calls $0.04
RealKoi: raises $0.04 to $0.08
Dorex2007: folds 
NgonZai: folds 
chino_mariscal: calls $0.04
*** TURN *** [7h 5c Th] [6s]
chino_mariscal: checks 
RealKoi: bets $0.15
chino_mariscal: folds 
Uncalled bet ($0.15) returned to RealKoi
RealKoi collected $0.30 from pot
*** SUMMARY ***
Total pot $0.31 | Rake $0.01 
Board [7h 5c Th 6s]
Seat 1: RealKoi (button) collected ($0.30)
Seat 2: 9Black3 (small blind) folded before Flop
Seat 3: Dorex2007 (big blind) folded on the Flop
Seat 4: roma19765 folded before Flop (didn't bet)
Seat 5: Tobiz89 folded before Flop (didn't bet)
Seat 6: pedrontervtn folded before Flop (didn't bet)
Seat 7: NgonZai folded on the Flop
Seat 8: Blackpoker65 folded on the Flop
Seat 9: chino_mariscal folded on the Turn



PokerStars Hand #237327513320:  Hold'em No Limit ($0.01/$0.02 USD) - 2022/07/12 19:59:58 PT [2022/07/12 22:59:58 ET]
Table 'Philomela IV' 9-max Seat #2 is the button
Seat 1: RealKoi ($3.17 in chips) 
Seat 2: 9Black3 ($2 in chips) 
Seat 3: Dorex2007 ($9.31 in chips) 
Seat 4: roma19765 ($1.10 in chips) 
Seat 5: Tobiz89 ($2 in chips) 
Seat 6: pedrontervtn ($1.78 in chips) 
Seat 7: NgonZai ($2.39 in chips) 
Seat 8: Blackpoker65 ($0.61 in chips) 
Seat 9: chino_mariscal ($2.29 in chips) 
Dorex2007: posts small blind $0.01
roma19765: posts big blind $0.02
*** HOLE CARDS ***
Dealt to Dorex2007 [9c Kh]
Tobiz89: folds 
pedrontervtn: calls $0.02
NgonZai: calls $0.02
Blackpoker65: folds 
chino_mariscal: raises $0.04 to $0.06
RealKoi: calls $0.06
9Black3: calls $0.06
Dorex2007: folds 
roma19765: folds 
pedrontervtn: calls $0.04
NgonZai: calls $0.04
*** FLOP *** [5s Qh 6h]
pedrontervtn: checks 
NgonZai: checks 
chino_mariscal: checks 
RealKoi: checks 
9Black3: bets $0.16
pedrontervtn: folds 
NgonZai: folds 
chino_mariscal: folds 
RealKoi: folds 
Uncalled bet ($0.16) returned to 9Black3
9Black3 collected $0.32 from pot
*** SUMMARY ***
Total pot $0.33 | Rake $0.01 
Board [5s Qh 6h]
Seat 1: RealKoi folded on the Flop
Seat 2: 9Black3 (button) collected ($0.32)
Seat 3: Dorex2007 (small blind) folded before Flop
Seat 4: roma19765 (big blind) folded before Flop
Seat 5: Tobiz89 folded before Flop (didn't bet)
Seat 6: pedrontervtn folded on the Flop
Seat 7: NgonZai folded on the Flop
Seat 8: Blackpoker65 folded before Flop (didn't bet)
Seat 9: chino_mariscal folded on the Flop



PokerStars Hand #237327526954:  Hold'em No Limit ($0.01/$0.02 USD) - 2022/07/12 20:01:28 PT [2022/07/12 23:01:28 ET]
Table 'Philomela IV' 9-max Seat #3 is the button
Seat 1: RealKoi ($3.11 in chips) 
Seat 2: 9Black3 ($2.26 in chips) 
Seat 3: Dorex2007 ($9.30 in chips) 
Seat 4: roma19765 ($1.08 in chips) 
Seat 5: Tobiz89 ($2 in chips) 
Seat 6: pedrontervtn ($1.72 in chips) 
Seat 7: NgonZai ($2.33 in chips) 
Seat 8: Blackpoker65 ($0.61 in chips) 
Seat 9: chino_mariscal ($2.23 in chips) 
roma19765: posts small blind $0.01
Tobiz89: posts big blind $0.02
*** HOLE CARDS ***
Dealt to Dorex2007 [2d Qd]
pedrontervtn has timed out
pedrontervtn: folds 
NgonZai: calls $0.02
Blackpoker65: folds 
chino_mariscal: folds 
RealKoi: calls $0.02
9Black3: folds 
Dorex2007: folds 
roma19765: calls $0.01
Tobiz89: raises $0.12 to $0.14
NgonZai: folds 
RealKoi: folds 
roma19765: folds 
Uncalled bet ($0.12) returned to Tobiz89
Tobiz89 collected $0.08 from pot
*** SUMMARY ***
Total pot $0.08 | Rake $0 
Seat 1: RealKoi folded before Flop
Seat 2: 9Black3 folded before Flop (didn't bet)
Seat 3: Dorex2007 (button) folded before Flop (didn't bet)
Seat 4: roma19765 (small blind) folded before Flop
Seat 5: Tobiz89 (big blind) collected ($0.08)
Seat 6: pedrontervtn folded before Flop (didn't bet)
Seat 7: NgonZai folded before Flop
Seat 8: Blackpoker65 folded before Flop (didn't bet)
Seat 9: chino_mariscal folded before Flop (didn't bet)



PokerStars Hand #237327537852:  Hold'em No Limit ($0.01/$0.02 USD) - 2022/07/12 20:02:18 PT [2022/07/12 23:02:18 ET]
Table 'Philomela IV' 9-max Seat #4 is the button
Seat 1: RealKoi ($3.09 in chips) 
Seat 2: 9Black3 ($2.26 in chips) 
Seat 3: Dorex2007 ($9.30 in chips) 
Seat 4: roma19765 ($1.06 in chips) 
Seat 5: Tobiz89 ($2.06 in chips) 
Seat 7: NgonZai ($2.31 in chips) 
Seat 8: Blackpoker65 ($0.61 in chips) 
Seat 9: chino_mariscal ($2.23 in chips) 
Tobiz89: posts small blind $0.01
NgonZai: posts big blind $0.02
*** HOLE CARDS ***
Dealt to Dorex2007 [Qs 2s]
Blackpoker65: calls $0.02
chino_mariscal: calls $0.02
RealKoi: raises $0.06 to $0.08
9Black3: folds 
Dorex2007: folds 
roma19765: folds 
Tobiz89: folds 
NgonZai: folds 
Blackpoker65: calls $0.06
chino_mariscal: folds 
*** FLOP *** [Jh As 3h]
Blackpoker65: checks 
RealKoi: bets $0.06
Blackpoker65: calls $0.06
*** TURN *** [Jh As 3h] [Jd]
Blackpoker65: checks 
RealKoi: bets $0.04
Blackpoker65: calls $0.04
*** RIVER *** [Jh As 3h Jd] [Th]
Blackpoker65: bets $0.40
RealKoi has timed out
RealKoi: folds 
Uncalled bet ($0.40) returned to Blackpoker65
Blackpoker65 collected $0.40 from pot
*** SUMMARY ***
Total pot $0.41 | Rake $0.01 
Board [Jh As 3h Jd Th]
Seat 1: RealKoi folded on the River
Seat 2: 9Black3 folded before Flop (didn't bet)
Seat 3: Dorex2007 folded before Flop (didn't bet)
Seat 4: roma19765 (button) folded before Flop (didn't bet)
Seat 5: Tobiz89 (small blind) folded before Flop
Seat 7: NgonZai (big blind) folded before Flop
Seat 8: Blackpoker65 collected ($0.40)
Seat 9: chino_mariscal folded before Flop



