PokerStars Hand #238310418838:  Hold'em No Limit ($0.02/$0.05 USD) - 2022/08/30 9:22:30 PT [2022/08/30 12:22:30 ET]
Table 'Reginhild' 9-max Seat #8 is the button
Seat 1: Randy051 ($1.96 in chips) 
Seat 2: Wilian_Szpunar ($1.30 in chips) 
Seat 3: alalas50 ($1.05 in chips) 
Seat 4: Colt_BLR ($5 in chips) 
Seat 5: Kid_Polton ($5.35 in chips) 
Seat 6: Domi8472 ($2.16 in chips) 
Seat 7: Dorex2007 ($5 in chips) 
Seat 8: Drover98 ($5.97 in chips) 
Seat 9: PUTNICA ($3.91 in chips) 
PUTNICA: posts small blind $0.02
Randy051: posts big blind $0.05
Dorex2007: posts big blind $0.05
*** HOLE CARDS ***
Dealt to Dorex2007 [9s Kh]
Wilian_Szpunar: folds 
alalas50: folds 
Colt_BLR: folds 
Kid_Polton: folds 
Domi8472: folds 
Dorex2007: checks 
Drover98: folds 
PUTNICA: folds 
Randy051: checks 
*** FLOP *** [8h Ac 4s]
Randy051: bets $0.12
Dorex2007: folds 
Uncalled bet ($0.12) returned to Randy051
Randy051 collected $0.12 from pot
Randy051: doesn't show hand 
*** SUMMARY ***
Total pot $0.12 | Rake $0 
Board [8h Ac 4s]
Seat 1: Randy051 (big blind) collected ($0.12)
Seat 2: Wilian_Szpunar folded before Flop (didn't bet)
Seat 3: alalas50 folded before Flop (didn't bet)
Seat 4: Colt_BLR folded before Flop (didn't bet)
Seat 5: Kid_Polton folded before Flop (didn't bet)
Seat 6: Domi8472 folded before Flop (didn't bet)
Seat 7: Dorex2007 folded on the Flop (didn't bet)
Seat 8: Drover98 (button) folded before Flop (didn't bet)
Seat 9: PUTNICA (small blind) folded before Flop



PokerStars Hand #238310429249:  Hold'em No Limit ($0.02/$0.05 USD) - 2022/08/30 9:23:06 PT [2022/08/30 12:23:06 ET]
Table 'Reginhild' 9-max Seat #9 is the button
Seat 1: Randy051 ($2.03 in chips) 
Seat 2: Wilian_Szpunar ($1.30 in chips) 
Seat 3: alalas50 ($1.05 in chips) 
Seat 4: Colt_BLR ($5 in chips) 
Seat 5: Kid_Polton ($5.35 in chips) 
Seat 6: Domi8472 ($2.16 in chips) 
Seat 7: Dorex2007 ($5 in chips) 
Seat 8: Drover98 ($5.97 in chips) 
Seat 9: PUTNICA ($3.89 in chips) 
Randy051: posts small blind $0.02
Wilian_Szpunar: posts big blind $0.05
*** HOLE CARDS ***
Dealt to Dorex2007 [2h Th]
alalas50: calls $0.05
Colt_BLR: folds 
Kid_Polton: folds 
Domi8472: folds 
Dorex2007: folds 
Drover98: folds 
PUTNICA: folds 
Randy051: folds 
Wilian_Szpunar: checks 
*** FLOP *** [5d 9d 4h]
Wilian_Szpunar: bets $0.05
alalas50: raises $0.05 to $0.10
Wilian_Szpunar: calls $0.05
*** TURN *** [5d 9d 4h] [7d]
Wilian_Szpunar: checks 
alalas50: bets $0.10
Wilian_Szpunar: calls $0.10
*** RIVER *** [5d 9d 4h 7d] [4s]
Wilian_Szpunar: checks 
alalas50: bets $0.80 and is all-in
Wilian_Szpunar: folds 
Uncalled bet ($0.80) returned to alalas50
alalas50 collected $0.50 from pot
alalas50: doesn't show hand 
*** SUMMARY ***
Total pot $0.52 | Rake $0.02 
Board [5d 9d 4h 7d 4s]
Seat 1: Randy051 (small blind) folded before Flop
Seat 2: Wilian_Szpunar (big blind) folded on the River
Seat 3: alalas50 collected ($0.50)
Seat 4: Colt_BLR folded before Flop (didn't bet)
Seat 5: Kid_Polton folded before Flop (didn't bet)
Seat 6: Domi8472 folded before Flop (didn't bet)
Seat 7: Dorex2007 folded before Flop (didn't bet)
Seat 8: Drover98 folded before Flop (didn't bet)
Seat 9: PUTNICA (button) folded before Flop (didn't bet)



PokerStars Hand #238310445608:  Hold'em No Limit ($0.02/$0.05 USD) - 2022/08/30 9:24:03 PT [2022/08/30 12:24:03 ET]
Table 'Reginhild' 9-max Seat #1 is the button
Seat 1: Randy051 ($2.01 in chips) 
Seat 2: Wilian_Szpunar ($1.05 in chips) 
Seat 3: alalas50 ($1.30 in chips) 
Seat 4: Colt_BLR ($5 in chips) 
Seat 5: Kid_Polton ($5.35 in chips) 
Seat 6: Domi8472 ($2.16 in chips) 
Seat 7: Dorex2007 ($5 in chips) 
Seat 8: Drover98 ($5.97 in chips) 
Seat 9: PUTNICA ($3.89 in chips) 
Wilian_Szpunar: posts small blind $0.02
alalas50: posts big blind $0.05
*** HOLE CARDS ***
Dealt to Dorex2007 [2c Jd]
Colt_BLR: folds 
Kid_Polton: folds 
Domi8472: folds 
Dorex2007: folds 
Drover98: folds 
PUTNICA: calls $0.05
Randy051: calls $0.05
Wilian_Szpunar: raises $0.15 to $0.20
alalas50: folds 
PUTNICA: calls $0.15
Randy051: calls $0.15
*** FLOP *** [5d Kh 5h]
Wilian_Szpunar: bets $0.21
PUTNICA: folds 
Randy051: folds 
Uncalled bet ($0.21) returned to Wilian_Szpunar
Wilian_Szpunar collected $0.62 from pot
*** SUMMARY ***
Total pot $0.65 | Rake $0.03 
Board [5d Kh 5h]
Seat 1: Randy051 (button) folded on the Flop
Seat 2: Wilian_Szpunar (small blind) collected ($0.62)
Seat 3: alalas50 (big blind) folded before Flop
Seat 4: Colt_BLR folded before Flop (didn't bet)
Seat 5: Kid_Polton folded before Flop (didn't bet)
Seat 6: Domi8472 folded before Flop (didn't bet)
Seat 7: Dorex2007 folded before Flop (didn't bet)
Seat 8: Drover98 folded before Flop (didn't bet)
Seat 9: PUTNICA folded on the Flop



PokerStars Hand #238310462651:  Hold'em No Limit ($0.02/$0.05 USD) - 2022/08/30 9:25:03 PT [2022/08/30 12:25:03 ET]
Table 'Reginhild' 9-max Seat #2 is the button
Seat 1: Randy051 ($1.81 in chips) 
Seat 2: Wilian_Szpunar ($1.47 in chips) 
Seat 3: alalas50 ($1.25 in chips) 
Seat 4: Colt_BLR ($5 in chips) 
Seat 5: Kid_Polton ($5.35 in chips) 
Seat 6: Domi8472 ($2.16 in chips) 
Seat 7: Dorex2007 ($5 in chips) 
Seat 8: Drover98 ($5.97 in chips) 
Seat 9: PUTNICA ($3.69 in chips) 
alalas50: posts small blind $0.02
Colt_BLR: posts big blind $0.05
*** HOLE CARDS ***
Dealt to Dorex2007 [9c 7c]
Kid_Polton: raises $0.10 to $0.15
Domi8472: folds 
Dorex2007: folds 
Drover98: folds 
PUTNICA: folds 
Randy051: folds 
Wilian_Szpunar: folds 
alalas50: folds 
Colt_BLR: calls $0.10
*** FLOP *** [Jc Ah 6c]
Colt_BLR: checks 
Kid_Polton: bets $0.19
Colt_BLR: calls $0.19
*** TURN *** [Jc Ah 6c] [8c]
Colt_BLR: checks 
Kid_Polton: checks 
*** RIVER *** [Jc Ah 6c 8c] [Th]
Colt_BLR: bets $0.50
Kid_Polton: raises $0.95 to $1.45
Colt_BLR: raises $3.21 to $4.66 and is all-in
Kid_Polton: calls $3.21
*** SHOW DOWN ***
Colt_BLR: shows [Qh Kh] (a straight, Ten to Ace)
Kid_Polton: shows [Jd Td] (two pair, Jacks and Tens)
Colt_BLR collected $9.60 from pot
*** SUMMARY ***
Total pot $10.02 | Rake $0.42 
Board [Jc Ah 6c 8c Th]
Seat 1: Randy051 folded before Flop (didn't bet)
Seat 2: Wilian_Szpunar (button) folded before Flop (didn't bet)
Seat 3: alalas50 (small blind) folded before Flop
Seat 4: Colt_BLR (big blind) showed [Qh Kh] and won ($9.60) with a straight, Ten to Ace
Seat 5: Kid_Polton showed [Jd Td] and lost with two pair, Jacks and Tens
Seat 6: Domi8472 folded before Flop (didn't bet)
Seat 7: Dorex2007 folded before Flop (didn't bet)
Seat 8: Drover98 folded before Flop (didn't bet)
Seat 9: PUTNICA folded before Flop (didn't bet)



PokerStars Hand #238310485781:  Hold'em No Limit ($0.02/$0.05 USD) - 2022/08/30 9:26:20 PT [2022/08/30 12:26:20 ET]
Table 'Reginhild' 9-max Seat #3 is the button
Seat 1: Randy051 ($1.81 in chips) 
Seat 2: Wilian_Szpunar ($1.47 in chips) 
Seat 3: alalas50 ($1.23 in chips) 
Seat 4: Colt_BLR ($9.60 in chips) 
Seat 5: Kid_Polton ($5 in chips) 
Seat 6: Domi8472 ($2.16 in chips) 
Seat 7: Dorex2007 ($5 in chips) 
Seat 8: Drover98 ($5.97 in chips) 
Seat 9: PUTNICA ($3.69 in chips) 
Colt_BLR: posts small blind $0.02
Kid_Polton: posts big blind $0.05
*** HOLE CARDS ***
Dealt to Dorex2007 [5s 2d]
Domi8472: folds 
Dorex2007: folds 
Drover98: raises $0.07 to $0.12
PUTNICA: folds 
Randy051: raises $0.13 to $0.25
Wilian_Szpunar: folds 
alalas50: folds 
Colt_BLR: raises $0.50 to $0.75
Kid_Polton: folds 
Drover98: folds 
Randy051: calls $0.50
*** FLOP *** [6s 4s 6h]
Colt_BLR: bets $1.20
Randy051: calls $1.06 and is all-in
Uncalled bet ($0.14) returned to Colt_BLR
*** TURN *** [6s 4s 6h] [7s]
*** RIVER *** [6s 4s 6h 7s] [8s]
*** SHOW DOWN ***
Colt_BLR: shows [Kd Ad] (a pair of Sixes)
Randy051: shows [Js Jh] (a flush, Jack high)
Randy051 cashed out the hand for $2.78 | Cash Out Fee $0.03
*** SUMMARY ***
Total pot $3.79 | Rake $0.16 
Board [6s 4s 6h 7s 8s]
Seat 1: Randy051 showed [Js Jh] and won ($3.63) with a flush, Jack high (pot not awarded as player cashed out)
Seat 2: Wilian_Szpunar folded before Flop (didn't bet)
Seat 3: alalas50 (button) folded before Flop (didn't bet)
Seat 4: Colt_BLR (small blind) showed [Kd Ad] and lost with a pair of Sixes
Seat 5: Kid_Polton (big blind) folded before Flop
Seat 6: Domi8472 folded before Flop (didn't bet)
Seat 7: Dorex2007 folded before Flop (didn't bet)
Seat 8: Drover98 folded before Flop
Seat 9: PUTNICA folded before Flop (didn't bet)



PokerStars Hand #238310506842:  Hold'em No Limit ($0.02/$0.05 USD) - 2022/08/30 9:27:31 PT [2022/08/30 12:27:31 ET]
Table 'Reginhild' 9-max Seat #4 is the button
Seat 1: Randy051 ($2.78 in chips) 
Seat 2: Wilian_Szpunar ($1.47 in chips) 
Seat 3: alalas50 ($1.23 in chips) 
Seat 4: Colt_BLR ($7.79 in chips) 
Seat 5: Kid_Polton ($5 in chips) 
Seat 6: Domi8472 ($2.16 in chips) 
Seat 7: Dorex2007 ($5 in chips) 
Seat 8: Drover98 ($5.85 in chips) 
Seat 9: PUTNICA ($3.69 in chips) 
Kid_Polton: posts small blind $0.02
Domi8472: posts big blind $0.05
*** HOLE CARDS ***
Dealt to Dorex2007 [5d Tc]
Dorex2007: folds 
Drover98: folds 
PUTNICA: folds 
Randy051: folds 
Wilian_Szpunar: raises $0.10 to $0.15
alalas50: folds 
Colt_BLR: folds 
Kid_Polton: folds 
Domi8472: calls $0.10
*** FLOP *** [Kd Ks Th]
Domi8472: checks 
Wilian_Szpunar: bets $0.10
Domi8472: calls $0.10
*** TURN *** [Kd Ks Th] [Ad]
Domi8472: checks 
Wilian_Szpunar: bets $0.20
Domi8472: folds 
Uncalled bet ($0.20) returned to Wilian_Szpunar
Wilian_Szpunar collected $0.50 from pot
*** SUMMARY ***
Total pot $0.52 | Rake $0.02 
Board [Kd Ks Th Ad]
Seat 1: Randy051 folded before Flop (didn't bet)
Seat 2: Wilian_Szpunar collected ($0.50)
Seat 3: alalas50 folded before Flop (didn't bet)
Seat 4: Colt_BLR (button) folded before Flop (didn't bet)
Seat 5: Kid_Polton (small blind) folded before Flop
Seat 6: Domi8472 (big blind) folded on the Turn
Seat 7: Dorex2007 folded before Flop (didn't bet)
Seat 8: Drover98 folded before Flop (didn't bet)
Seat 9: PUTNICA folded before Flop (didn't bet)



PokerStars Hand #238310521696:  Hold'em No Limit ($0.02/$0.05 USD) - 2022/08/30 9:28:20 PT [2022/08/30 12:28:20 ET]
Table 'Reginhild' 9-max Seat #5 is the button
Seat 1: Randy051 ($2.78 in chips) 
Seat 2: Wilian_Szpunar ($1.72 in chips) 
Seat 3: alalas50 ($1.23 in chips) 
Seat 4: Colt_BLR ($7.79 in chips) 
Seat 5: Kid_Polton ($5 in chips) 
Seat 6: Domi8472 ($2 in chips) 
Seat 7: Dorex2007 ($5 in chips) 
Seat 8: Drover98 ($5.85 in chips) 
Seat 9: PUTNICA ($3.69 in chips) 
Domi8472: posts small blind $0.02
Dorex2007: posts big blind $0.05
*** HOLE CARDS ***
Dealt to Dorex2007 [5c 5s]
Drover98: folds 
PUTNICA: folds 
Randy051: raises $0.05 to $0.10
Wilian_Szpunar: folds 
alalas50: folds 
Colt_BLR: folds 
Kid_Polton: folds 
Domi8472: raises $0.05 to $0.15
Dorex2007: folds 
Randy051: calls $0.05
*** FLOP *** [7c 7s 5h]
Domi8472: bets $0.10
Randy051: folds 
Uncalled bet ($0.10) returned to Domi8472
Domi8472 collected $0.34 from pot
*** SUMMARY ***
Total pot $0.35 | Rake $0.01 
Board [7c 7s 5h]
Seat 1: Randy051 folded on the Flop
Seat 2: Wilian_Szpunar folded before Flop (didn't bet)
Seat 3: alalas50 folded before Flop (didn't bet)
Seat 4: Colt_BLR folded before Flop (didn't bet)
Seat 5: Kid_Polton (button) folded before Flop (didn't bet)
Seat 6: Domi8472 (small blind) collected ($0.34)
Seat 7: Dorex2007 (big blind) folded before Flop
Seat 8: Drover98 folded before Flop (didn't bet)
Seat 9: PUTNICA folded before Flop (didn't bet)



PokerStars Hand #238310531908:  Hold'em No Limit ($0.02/$0.05 USD) - 2022/08/30 9:28:54 PT [2022/08/30 12:28:54 ET]
Table 'Reginhild' 9-max Seat #6 is the button
Seat 1: Randy051 ($2.63 in chips) 
Seat 2: Wilian_Szpunar ($1.72 in chips) 
Seat 3: alalas50 ($1.23 in chips) 
Seat 4: Colt_BLR ($7.79 in chips) 
Seat 5: Kid_Polton ($5 in chips) 
Seat 6: Domi8472 ($2.19 in chips) 
Seat 7: Dorex2007 ($5 in chips) 
Seat 8: Drover98 ($5.85 in chips) 
Seat 9: PUTNICA ($3.69 in chips) 
Dorex2007: posts small blind $0.02
Drover98: posts big blind $0.05
*** HOLE CARDS ***
Dealt to Dorex2007 [8d Td]
PUTNICA: calls $0.05
Randy051: folds 
Wilian_Szpunar: folds 
alalas50: calls $0.05
Colt_BLR: folds 
Kid_Polton: folds 
Domi8472: calls $0.05
Dorex2007: folds 
Drover98: checks 
*** FLOP *** [Qs Qd Qh]
Drover98: checks 
PUTNICA: checks 
alalas50: checks 
Domi8472: checks 
*** TURN *** [Qs Qd Qh] [Ah]
Drover98: checks 
PUTNICA: checks 
alalas50: checks 
Domi8472: checks 
*** RIVER *** [Qs Qd Qh Ah] [Tc]
Drover98: bets $0.17
PUTNICA: folds 
alalas50: folds 
Domi8472: folds 
Uncalled bet ($0.17) returned to Drover98
Drover98 collected $0.21 from pot
*** SUMMARY ***
Total pot $0.22 | Rake $0.01 
Board [Qs Qd Qh Ah Tc]
Seat 1: Randy051 folded before Flop (didn't bet)
Seat 2: Wilian_Szpunar folded before Flop (didn't bet)
Seat 3: alalas50 folded on the River
Seat 4: Colt_BLR folded before Flop (didn't bet)
Seat 5: Kid_Polton folded before Flop (didn't bet)
Seat 6: Domi8472 (button) folded on the River
Seat 7: Dorex2007 (small blind) folded before Flop
Seat 8: Drover98 (big blind) collected ($0.21)
Seat 9: PUTNICA folded on the River



PokerStars Hand #238310573200:  Hold'em No Limit ($0.02/$0.05 USD) - 2022/08/30 9:31:08 PT [2022/08/30 12:31:08 ET]
Table 'Reginhild' 9-max Seat #9 is the button
Seat 1: Randy051 ($1.64 in chips) 
Seat 2: Wilian_Szpunar ($1.72 in chips) 
Seat 3: alalas50 ($1.18 in chips) 
Seat 4: Colt_BLR ($5 in chips) 
Seat 5: Kid_Polton ($9.45 in chips) 
Seat 6: Domi8472 ($2 in chips) 
Seat 7: Dorex2007 ($5 in chips) 
Seat 8: Drover98 ($6.01 in chips) 
Seat 9: PUTNICA ($3.62 in chips) 
Randy051: posts small blind $0.02
Wilian_Szpunar: posts big blind $0.05
*** HOLE CARDS ***
Dealt to Dorex2007 [3c 9d]
alalas50: folds 
Colt_BLR: folds 
Kid_Polton: folds 
Domi8472: raises $0.10 to $0.15
Dorex2007: folds 
Drover98: folds 
PUTNICA: calls $0.15
Randy051: folds 
Wilian_Szpunar: calls $0.10
*** FLOP *** [Tc Ks 8s]
Wilian_Szpunar: checks 
Domi8472: checks 
PUTNICA: bets $0.45
Wilian_Szpunar: folds 
Domi8472: calls $0.45
*** TURN *** [Tc Ks 8s] [9h]
Domi8472: bets $0.50
PUTNICA: raises $0.50 to $1
Domi8472: raises $0.40 to $1.40 and is all-in
PUTNICA: calls $0.40
*** RIVER *** [Tc Ks 8s 9h] [3s]
*** SHOW DOWN ***
Domi8472: shows [Kc Jh] (a pair of Kings)
PUTNICA: shows [Kd Td] (two pair, Kings and Tens)
PUTNICA collected $4 from pot
*** SUMMARY ***
Total pot $4.17 | Rake $0.17 
Board [Tc Ks 8s 9h 3s]
Seat 1: Randy051 (small blind) folded before Flop
Seat 2: Wilian_Szpunar (big blind) folded on the Flop
Seat 3: alalas50 folded before Flop (didn't bet)
Seat 4: Colt_BLR folded before Flop (didn't bet)
Seat 5: Kid_Polton folded before Flop (didn't bet)
Seat 6: Domi8472 showed [Kc Jh] and lost with a pair of Kings
Seat 7: Dorex2007 folded before Flop (didn't bet)
Seat 8: Drover98 folded before Flop (didn't bet)
Seat 9: PUTNICA (button) showed [Kd Td] and won ($4) with two pair, Kings and Tens



PokerStars Hand #238310595512:  Hold'em No Limit ($0.02/$0.05 USD) - 2022/08/30 9:32:21 PT [2022/08/30 12:32:21 ET]
Table 'Reginhild' 9-max Seat #1 is the button
Seat 1: Randy051 ($1.62 in chips) 
Seat 2: Wilian_Szpunar ($1.57 in chips) 
Seat 3: alalas50 ($1.18 in chips) 
Seat 4: Colt_BLR ($5 in chips) 
Seat 5: Kid_Polton ($9.45 in chips) 
Seat 6: Domi8472 ($2 in chips) 
Seat 7: Dorex2007 ($5 in chips) 
Seat 8: Drover98 ($6.01 in chips) 
Seat 9: PUTNICA ($5.62 in chips) 
Wilian_Szpunar: posts small blind $0.02
alalas50: posts big blind $0.05
*** HOLE CARDS ***
Dealt to Dorex2007 [Jd 3c]
Colt_BLR: folds 
Kid_Polton: folds 
Domi8472: raises $0.05 to $0.10
Dorex2007: folds 
Drover98: folds 
PUTNICA: folds 
Randy051: calls $0.10
Wilian_Szpunar: folds 
alalas50: calls $0.05
*** FLOP *** [Qc 2c 5s]
alalas50: checks 
Domi8472: bets $0.15
Randy051: calls $0.15
alalas50: folds 
*** TURN *** [Qc 2c 5s] [Jc]
Domi8472: bets $0.39
Randy051: calls $0.39
*** RIVER *** [Qc 2c 5s Jc] [4h]
Domi8472: bets $0.57
Randy051: folds 
Uncalled bet ($0.57) returned to Domi8472
Domi8472 collected $1.32 from pot
*** SUMMARY ***
Total pot $1.40 | Rake $0.08 
Board [Qc 2c 5s Jc 4h]
Seat 1: Randy051 (button) folded on the River
Seat 2: Wilian_Szpunar (small blind) folded before Flop
Seat 3: alalas50 (big blind) folded on the Flop
Seat 4: Colt_BLR folded before Flop (didn't bet)
Seat 5: Kid_Polton folded before Flop (didn't bet)
Seat 6: Domi8472 collected ($1.32)
Seat 7: Dorex2007 folded before Flop (didn't bet)
Seat 8: Drover98 folded before Flop (didn't bet)
Seat 9: PUTNICA folded before Flop (didn't bet)



PokerStars Hand #238310614294:  Hold'em No Limit ($0.02/$0.05 USD) - 2022/08/30 9:33:21 PT [2022/08/30 12:33:21 ET]
Table 'Reginhild' 9-max Seat #2 is the button
Seat 1: Randy051 ($0.98 in chips) 
Seat 2: Wilian_Szpunar ($1.55 in chips) 
Seat 3: alalas50 ($1.08 in chips) 
Seat 4: Colt_BLR ($5 in chips) 
Seat 5: Kid_Polton ($9.45 in chips) 
Seat 6: Domi8472 ($2.68 in chips) 
Seat 7: Dorex2007 ($5 in chips) 
Seat 8: Drover98 ($6.01 in chips) 
Seat 9: PUTNICA ($5.62 in chips) 
alalas50: posts small blind $0.02
Colt_BLR: posts big blind $0.05
*** HOLE CARDS ***
Dealt to Dorex2007 [Kh 3s]
Kid_Polton: folds 
Domi8472: folds 
Dorex2007: folds 
Drover98: raises $0.07 to $0.12
PUTNICA: folds 
Randy051: folds 
Wilian_Szpunar: folds 
alalas50: folds 
Colt_BLR: folds 
Uncalled bet ($0.07) returned to Drover98
Drover98 collected $0.12 from pot
*** SUMMARY ***
Total pot $0.12 | Rake $0 
Seat 1: Randy051 folded before Flop (didn't bet)
Seat 2: Wilian_Szpunar (button) folded before Flop (didn't bet)
Seat 3: alalas50 (small blind) folded before Flop
Seat 4: Colt_BLR (big blind) folded before Flop
Seat 5: Kid_Polton folded before Flop (didn't bet)
Seat 6: Domi8472 folded before Flop (didn't bet)
Seat 7: Dorex2007 folded before Flop (didn't bet)
Seat 8: Drover98 collected ($0.12)
Seat 9: PUTNICA folded before Flop (didn't bet)



PokerStars Hand #238310623042:  Hold'em No Limit ($0.02/$0.05 USD) - 2022/08/30 9:33:50 PT [2022/08/30 12:33:50 ET]
Table 'Reginhild' 9-max Seat #3 is the button
Seat 1: Randy051 ($0.98 in chips) 
Seat 2: Wilian_Szpunar ($1.55 in chips) 
Seat 3: alalas50 ($1.06 in chips) 
Seat 4: Colt_BLR ($5 in chips) 
Seat 5: Kid_Polton ($9.45 in chips) 
Seat 6: Domi8472 ($2.68 in chips) 
Seat 7: Dorex2007 ($5 in chips) 
Seat 8: Drover98 ($6.08 in chips) 
Seat 9: PUTNICA ($5.62 in chips) 
Colt_BLR: posts small blind $0.02
Kid_Polton: posts big blind $0.05
*** HOLE CARDS ***
Dealt to Dorex2007 [Ks 3c]
Domi8472: raises $0.05 to $0.10
Dorex2007: folds 
Drover98: calls $0.10
PUTNICA: folds 
Randy051: folds 
Wilian_Szpunar: folds 
alalas50: calls $0.10
Colt_BLR: calls $0.08
Kid_Polton: raises $0.50 to $0.60
Domi8472: folds 
Drover98: folds 
alalas50: folds 
Colt_BLR: folds 
Uncalled bet ($0.50) returned to Kid_Polton
Kid_Polton collected $0.50 from pot
Kid_Polton: doesn't show hand 
*** SUMMARY ***
Total pot $0.50 | Rake $0 
Seat 1: Randy051 folded before Flop (didn't bet)
Seat 2: Wilian_Szpunar folded before Flop (didn't bet)
Seat 3: alalas50 (button) folded before Flop
Seat 4: Colt_BLR (small blind) folded before Flop
Seat 5: Kid_Polton (big blind) collected ($0.50)
Seat 6: Domi8472 folded before Flop
Seat 7: Dorex2007 folded before Flop (didn't bet)
Seat 8: Drover98 folded before Flop
Seat 9: PUTNICA folded before Flop (didn't bet)



PokerStars Hand #238310635501:  Hold'em No Limit ($0.02/$0.05 USD) - 2022/08/30 9:34:30 PT [2022/08/30 12:34:30 ET]
Table 'Reginhild' 9-max Seat #4 is the button
Seat 1: Randy051 ($0.98 in chips) 
Seat 2: Wilian_Szpunar ($1.55 in chips) 
Seat 3: alalas50 ($0.96 in chips) 
Seat 4: Colt_BLR ($5 in chips) 
Seat 5: Kid_Polton ($9.85 in chips) 
Seat 6: Domi8472 ($2.58 in chips) 
Seat 7: Dorex2007 ($5 in chips) 
Seat 8: Drover98 ($5.98 in chips) 
Seat 9: PUTNICA ($5.62 in chips) 
Kid_Polton: posts small blind $0.02
Domi8472: posts big blind $0.05
*** HOLE CARDS ***
Dealt to Dorex2007 [4d 6c]
Dorex2007: folds 
Drover98: folds 
PUTNICA: raises $0.10 to $0.15
Randy051: folds 
Wilian_Szpunar: folds 
alalas50: folds 
Colt_BLR: folds 
Kid_Polton: folds 
Domi8472: calls $0.10
*** FLOP *** [Jh 6s 3c]
Domi8472: checks 
PUTNICA: checks 
*** TURN *** [Jh 6s 3c] [2c]
Domi8472: checks 
PUTNICA: checks 
*** RIVER *** [Jh 6s 3c 2c] [2d]
Domi8472: checks 
PUTNICA: checks 
*** SHOW DOWN ***
Domi8472: shows [Kd 7d] (a pair of Deuces)
PUTNICA: shows [Ks Qc] (a pair of Deuces - King+Queen kicker)
PUTNICA collected $0.31 from pot
*** SUMMARY ***
Total pot $0.32 | Rake $0.01 
Board [Jh 6s 3c 2c 2d]
Seat 1: Randy051 folded before Flop (didn't bet)
Seat 2: Wilian_Szpunar folded before Flop (didn't bet)
Seat 3: alalas50 folded before Flop (didn't bet)
Seat 4: Colt_BLR (button) folded before Flop (didn't bet)
Seat 5: Kid_Polton (small blind) folded before Flop
Seat 6: Domi8472 (big blind) showed [Kd 7d] and lost with a pair of Deuces
Seat 7: Dorex2007 folded before Flop (didn't bet)
Seat 8: Drover98 folded before Flop (didn't bet)
Seat 9: PUTNICA showed [Ks Qc] and won ($0.31) with a pair of Deuces



PokerStars Hand #238310647193:  Hold'em No Limit ($0.02/$0.05 USD) - 2022/08/30 9:35:08 PT [2022/08/30 12:35:08 ET]
Table 'Reginhild' 9-max Seat #5 is the button
Seat 1: Randy051 ($0.98 in chips) 
Seat 2: Wilian_Szpunar ($1.55 in chips) 
Seat 3: alalas50 ($0.96 in chips) 
Seat 4: Colt_BLR ($5 in chips) 
Seat 5: Kid_Polton ($9.83 in chips) 
Seat 6: Domi8472 ($2.43 in chips) 
Seat 7: Dorex2007 ($5 in chips) 
Seat 8: Drover98 ($5.98 in chips) 
Seat 9: PUTNICA ($5.78 in chips) 
Domi8472: posts small blind $0.02
Dorex2007: posts big blind $0.05
*** HOLE CARDS ***
Dealt to Dorex2007 [2d Qc]
Drover98: folds 
PUTNICA: calls $0.05
Randy051: calls $0.05
Wilian_Szpunar: folds 
alalas50: folds 
Colt_BLR: folds 
Kid_Polton: folds 
Domi8472: calls $0.03
Dorex2007: checks 
*** FLOP *** [9h 7c 5h]
Domi8472: bets $0.10
Dorex2007: folds 
PUTNICA: calls $0.10
Randy051: calls $0.10
*** TURN *** [9h 7c 5h] [4h]
Domi8472: bets $0.10
PUTNICA: folds 
Randy051: folds 
Uncalled bet ($0.10) returned to Domi8472
Domi8472 collected $0.48 from pot
*** SUMMARY ***
Total pot $0.50 | Rake $0.02 
Board [9h 7c 5h 4h]
Seat 1: Randy051 folded on the Turn
Seat 2: Wilian_Szpunar folded before Flop (didn't bet)
Seat 3: alalas50 folded before Flop (didn't bet)
Seat 4: Colt_BLR folded before Flop (didn't bet)
Seat 5: Kid_Polton (button) folded before Flop (didn't bet)
Seat 6: Domi8472 (small blind) collected ($0.48)
Seat 7: Dorex2007 (big blind) folded on the Flop
Seat 8: Drover98 folded before Flop (didn't bet)
Seat 9: PUTNICA folded on the Turn



PokerStars Hand #238310663969:  Hold'em No Limit ($0.02/$0.05 USD) - 2022/08/30 9:36:01 PT [2022/08/30 12:36:01 ET]
Table 'Reginhild' 9-max Seat #6 is the button
Seat 1: Randy051 ($0.83 in chips) 
Seat 2: Wilian_Szpunar ($1.55 in chips) 
Seat 3: alalas50 ($0.96 in chips) 
Seat 4: Colt_BLR ($5 in chips) 
Seat 5: Kid_Polton ($9.83 in chips) 
Seat 6: Domi8472 ($2.76 in chips) 
Seat 7: Dorex2007 ($5 in chips) 
Seat 8: Drover98 ($5.98 in chips) 
Seat 9: PUTNICA ($5.63 in chips) 
Dorex2007: posts small blind $0.02
Drover98: posts big blind $0.05
*** HOLE CARDS ***
Dealt to Dorex2007 [6d 8d]
PUTNICA: folds 
Randy051: folds 
Wilian_Szpunar: raises $0.10 to $0.15
alalas50: folds 
Colt_BLR: folds 
Kid_Polton: folds 
Domi8472: folds 
Dorex2007: folds 
Drover98: folds 
Uncalled bet ($0.10) returned to Wilian_Szpunar
Wilian_Szpunar collected $0.12 from pot
*** SUMMARY ***
Total pot $0.12 | Rake $0 
Seat 1: Randy051 folded before Flop (didn't bet)
Seat 2: Wilian_Szpunar collected ($0.12)
Seat 3: alalas50 folded before Flop (didn't bet)
Seat 4: Colt_BLR folded before Flop (didn't bet)
Seat 5: Kid_Polton folded before Flop (didn't bet)
Seat 6: Domi8472 (button) folded before Flop (didn't bet)
Seat 7: Dorex2007 (small blind) folded before Flop
Seat 8: Drover98 (big blind) folded before Flop
Seat 9: PUTNICA folded before Flop (didn't bet)



PokerStars Hand #238310671440:  Hold'em No Limit ($0.02/$0.05 USD) - 2022/08/30 9:36:25 PT [2022/08/30 12:36:25 ET]
Table 'Reginhild' 9-max Seat #7 is the button
Seat 1: Randy051 ($0.83 in chips) 
Seat 2: Wilian_Szpunar ($1.62 in chips) 
Seat 3: alalas50 ($0.96 in chips) 
Seat 4: Colt_BLR ($5 in chips) 
Seat 5: Kid_Polton ($9.83 in chips) 
Seat 6: Domi8472 ($2.76 in chips) 
Seat 7: Dorex2007 ($5 in chips) 
Seat 8: Drover98 ($5.93 in chips) 
Seat 9: PUTNICA ($5.63 in chips) 
Drover98: posts small blind $0.02
PUTNICA: posts big blind $0.05
*** HOLE CARDS ***
Dealt to Dorex2007 [As Jd]
Randy051: folds 
Wilian_Szpunar: folds 
alalas50: folds 
Colt_BLR: folds 
Kid_Polton: folds 
Domi8472: raises $0.10 to $0.15
Dorex2007: folds 
Drover98: folds 
PUTNICA: folds 
Uncalled bet ($0.10) returned to Domi8472
Domi8472 collected $0.12 from pot
*** SUMMARY ***
Total pot $0.12 | Rake $0 
Seat 1: Randy051 folded before Flop (didn't bet)
Seat 2: Wilian_Szpunar folded before Flop (didn't bet)
Seat 3: alalas50 folded before Flop (didn't bet)
Seat 4: Colt_BLR folded before Flop (didn't bet)
Seat 5: Kid_Polton folded before Flop (didn't bet)
Seat 6: Domi8472 collected ($0.12)
Seat 7: Dorex2007 (button) folded before Flop (didn't bet)
Seat 8: Drover98 (small blind) folded before Flop
Seat 9: PUTNICA (big blind) folded before Flop



