PokerStars Hand #237816978177:  Hold'em No Limit ($0.02/$0.05 USD) - 2022/08/05 21:00:52 PT [2022/08/06 0:00:52 ET]
Table 'Propus II' 9-max Seat #5 is the button
Seat 1: Racecar fund ($5.08 in chips) 
Seat 2: Dorex2007 ($6.38 in chips) 
Seat 3: foldea22 ($13.37 in chips) 
Seat 4: geniuss ($5 in chips) 
Seat 5: silvajose0001 ($6.53 in chips) 
Seat 6: matt blakk ($4.45 in chips) 
Seat 7: leopoker1 ($6.75 in chips) 
Seat 8: sorry88866 ($0.75 in chips) 
Seat 9: AGVsmarT ($6.93 in chips) 
matt blakk: posts small blind $0.02
leopoker1: posts big blind $0.05
*** HOLE CARDS ***
Dealt to Dorex2007 [6h Ah]
sorry88866: raises $0.70 to $0.75 and is all-in
AGVsmarT: folds 
Racecar fund: folds 
Dorex2007: folds 
foldea22: folds 
geniuss: folds 
silvajose0001: folds 
matt blakk: folds 
leopoker1: folds 
Uncalled bet ($0.70) returned to sorry88866
sorry88866 collected $0.12 from pot
*** SUMMARY ***
Total pot $0.12 | Rake $0 
Seat 1: Racecar fund folded before Flop (didn't bet)
Seat 2: Dorex2007 folded before Flop (didn't bet)
Seat 3: foldea22 folded before Flop (didn't bet)
Seat 4: geniuss folded before Flop (didn't bet)
Seat 5: silvajose0001 (button) folded before Flop (didn't bet)
Seat 6: matt blakk (small blind) folded before Flop
Seat 7: leopoker1 (big blind) folded before Flop
Seat 8: sorry88866 collected ($0.12)
Seat 9: AGVsmarT folded before Flop (didn't bet)



PokerStars Hand #237816983718:  Hold'em No Limit ($0.02/$0.05 USD) - 2022/08/05 21:01:31 PT [2022/08/06 0:01:31 ET]
Table 'Propus II' 9-max Seat #6 is the button
Seat 1: Racecar fund ($5.08 in chips) 
Seat 2: Dorex2007 ($6.38 in chips) 
Seat 3: foldea22 ($13.37 in chips) 
Seat 4: geniuss ($5 in chips) 
Seat 5: silvajose0001 ($6.53 in chips) 
Seat 6: matt blakk ($4.43 in chips) 
Seat 7: leopoker1 ($6.70 in chips) 
Seat 8: sorry88866 ($0.82 in chips) 
Seat 9: AGVsmarT ($6.93 in chips) 
leopoker1: posts small blind $0.02
sorry88866: posts big blind $0.05
*** HOLE CARDS ***
Dealt to Dorex2007 [5d 4h]
AGVsmarT: calls $0.05
Racecar fund: folds 
Dorex2007: folds 
foldea22: calls $0.05
geniuss: folds 
silvajose0001: calls $0.05
matt blakk: folds 
leopoker1: calls $0.03
sorry88866: checks 
*** FLOP *** [6s Qc 8d]
leopoker1: checks 
sorry88866: checks 
AGVsmarT: checks 
foldea22: checks 
silvajose0001: checks 
*** TURN *** [6s Qc 8d] [2d]
leopoker1: bets $0.20
sorry88866: folds 
AGVsmarT: folds 
foldea22: folds 
silvajose0001: folds 
Uncalled bet ($0.20) returned to leopoker1
leopoker1 collected $0.24 from pot
leopoker1: doesn't show hand 
*** SUMMARY ***
Total pot $0.25 | Rake $0.01 
Board [6s Qc 8d 2d]
Seat 1: Racecar fund folded before Flop (didn't bet)
Seat 2: Dorex2007 folded before Flop (didn't bet)
Seat 3: foldea22 folded on the Turn
Seat 4: geniuss folded before Flop (didn't bet)
Seat 5: silvajose0001 folded on the Turn
Seat 6: matt blakk (button) folded before Flop (didn't bet)
Seat 7: leopoker1 (small blind) collected ($0.24)
Seat 8: sorry88866 (big blind) folded on the Turn
Seat 9: AGVsmarT folded on the Turn



PokerStars Hand #237816993446:  Hold'em No Limit ($0.02/$0.05 USD) - 2022/08/05 21:02:38 PT [2022/08/06 0:02:38 ET]
Table 'Propus II' 9-max Seat #7 is the button
Seat 1: Racecar fund ($5.08 in chips) 
Seat 2: Dorex2007 ($6.38 in chips) 
Seat 3: foldea22 ($13.32 in chips) 
Seat 4: geniuss ($5 in chips) 
Seat 5: silvajose0001 ($6.48 in chips) 
Seat 6: matt blakk ($4.43 in chips) 
Seat 7: leopoker1 ($6.89 in chips) 
Seat 8: sorry88866 ($0.77 in chips) 
Seat 9: AGVsmarT ($6.88 in chips) 
sorry88866: posts small blind $0.02
AGVsmarT: posts big blind $0.05
*** HOLE CARDS ***
Dealt to Dorex2007 [4s 6s]
Racecar fund: folds 
Dorex2007: folds 
foldea22: raises $0.10 to $0.15
geniuss: raises $0.35 to $0.50
silvajose0001: folds 
matt blakk: folds 
leopoker1: folds 
sorry88866: folds 
AGVsmarT: calls $0.45
foldea22: calls $0.35
*** FLOP *** [7d Td 8c]
AGVsmarT: checks 
foldea22: checks 
geniuss: bets $1.05
AGVsmarT: folds 
foldea22: folds 
Uncalled bet ($1.05) returned to geniuss
geniuss collected $1.46 from pot
*** SUMMARY ***
Total pot $1.52 | Rake $0.06 
Board [7d Td 8c]
Seat 1: Racecar fund folded before Flop (didn't bet)
Seat 2: Dorex2007 folded before Flop (didn't bet)
Seat 3: foldea22 folded on the Flop
Seat 4: geniuss collected ($1.46)
Seat 5: silvajose0001 folded before Flop (didn't bet)
Seat 6: matt blakk folded before Flop (didn't bet)
Seat 7: leopoker1 (button) folded before Flop (didn't bet)
Seat 8: sorry88866 (small blind) folded before Flop
Seat 9: AGVsmarT (big blind) folded on the Flop



PokerStars Hand #237817003048:  Hold'em No Limit ($0.02/$0.05 USD) - 2022/08/05 21:03:43 PT [2022/08/06 0:03:43 ET]
Table 'Propus II' 9-max Seat #8 is the button
Seat 1: Racecar fund ($5.08 in chips) 
Seat 2: Dorex2007 ($6.38 in chips) 
Seat 3: foldea22 ($12.82 in chips) 
Seat 4: geniuss ($5.96 in chips) 
Seat 5: silvajose0001 ($6.48 in chips) 
Seat 6: matt blakk ($4.43 in chips) 
Seat 7: leopoker1 ($6.89 in chips) 
Seat 8: sorry88866 ($0.75 in chips) 
Seat 9: AGVsmarT ($6.38 in chips) 
AGVsmarT: posts small blind $0.02
Racecar fund: posts big blind $0.05
*** HOLE CARDS ***
Dealt to Dorex2007 [7d 4d]
Dorex2007: folds 
foldea22: folds 
geniuss: folds 
silvajose0001: folds 
matt blakk: folds 
leopoker1: raises $0.07 to $0.12
sorry88866: calls $0.12
AGVsmarT: folds 
Racecar fund: folds 
*** FLOP *** [3s Qd 4c]
leopoker1: bets $0.15
sorry88866: calls $0.15
*** TURN *** [3s Qd 4c] [Kc]
leopoker1: checks 
sorry88866: bets $0.48 and is all-in
leopoker1: folds 
Uncalled bet ($0.48) returned to sorry88866
sorry88866 collected $0.58 from pot
*** SUMMARY ***
Total pot $0.61 | Rake $0.03 
Board [3s Qd 4c Kc]
Seat 1: Racecar fund (big blind) folded before Flop
Seat 2: Dorex2007 folded before Flop (didn't bet)
Seat 3: foldea22 folded before Flop (didn't bet)
Seat 4: geniuss folded before Flop (didn't bet)
Seat 5: silvajose0001 folded before Flop (didn't bet)
Seat 6: matt blakk folded before Flop (didn't bet)
Seat 7: leopoker1 folded on the Turn
Seat 8: sorry88866 (button) collected ($0.58)
Seat 9: AGVsmarT (small blind) folded before Flop



PokerStars Hand #237817013983:  Hold'em No Limit ($0.02/$0.05 USD) - 2022/08/05 21:04:57 PT [2022/08/06 0:04:57 ET]
Table 'Propus II' 9-max Seat #9 is the button
Seat 1: Racecar fund ($5.03 in chips) 
Seat 2: Dorex2007 ($6.38 in chips) 
Seat 3: foldea22 ($12.82 in chips) 
Seat 4: geniuss ($5.96 in chips) 
Seat 5: silvajose0001 ($6.48 in chips) 
Seat 6: matt blakk ($4.43 in chips) 
Seat 7: leopoker1 ($6.62 in chips) 
Seat 8: sorry88866 ($1.06 in chips) 
Seat 9: AGVsmarT ($6.36 in chips) 
Racecar fund: posts small blind $0.02
Dorex2007: posts big blind $0.05
*** HOLE CARDS ***
Dealt to Dorex2007 [9h 8d]
foldea22: raises $0.05 to $0.10
geniuss: folds 
silvajose0001: folds 
matt blakk: folds 
leopoker1: folds 
sorry88866: folds 
AGVsmarT: folds 
Racecar fund: calls $0.08
Dorex2007: folds 
*** FLOP *** [9s Th As]
Racecar fund: bets $0.15
foldea22: calls $0.15
*** TURN *** [9s Th As] [Jd]
Racecar fund: bets $0.26
foldea22: raises $0.59 to $0.85
Racecar fund: calls $0.59
*** RIVER *** [9s Th As Jd] [5c]
Racecar fund: checks 
foldea22: bets $1.70
Racecar fund: raises $1.70 to $3.40
foldea22: raises $8.32 to $11.72 and is all-in
Racecar fund: calls $0.53 and is all-in
Uncalled bet ($7.79) returned to foldea22
*** SHOW DOWN ***
foldea22: shows [Kc Qh] (a straight, Ten to Ace)
Racecar fund: shows [Ah 8s] (a pair of Aces)
foldea22 collected $9.69 from pot
*** SUMMARY ***
Total pot $10.11 | Rake $0.42 
Board [9s Th As Jd 5c]
Seat 1: Racecar fund (small blind) showed [Ah 8s] and lost with a pair of Aces
Seat 2: Dorex2007 (big blind) folded before Flop
Seat 3: foldea22 showed [Kc Qh] and won ($9.69) with a straight, Ten to Ace
Seat 4: geniuss folded before Flop (didn't bet)
Seat 5: silvajose0001 folded before Flop (didn't bet)
Seat 6: matt blakk folded before Flop (didn't bet)
Seat 7: leopoker1 folded before Flop (didn't bet)
Seat 8: sorry88866 folded before Flop (didn't bet)
Seat 9: AGVsmarT (button) folded before Flop (didn't bet)



PokerStars Hand #237817027479:  Hold'em No Limit ($0.02/$0.05 USD) - 2022/08/05 21:06:27 PT [2022/08/06 0:06:27 ET]
Table 'Propus II' 9-max Seat #2 is the button
Seat 2: Dorex2007 ($6.33 in chips) 
Seat 3: foldea22 ($17.48 in chips) 
Seat 4: geniuss ($5.96 in chips) 
Seat 5: silvajose0001 ($6.48 in chips) 
Seat 6: matt blakk ($4.43 in chips) 
Seat 7: leopoker1 ($6.62 in chips) 
Seat 8: sorry88866 ($1.06 in chips) 
Seat 9: AGVsmarT ($6.36 in chips) 
foldea22: posts small blind $0.02
geniuss: posts big blind $0.05
*** HOLE CARDS ***
Dealt to Dorex2007 [2h 8h]
silvajose0001: calls $0.05
matt blakk: raises $0.15 to $0.20
leopoker1: folds 
Racecar fund leaves the table
sorry88866: folds 
AGVsmarT: folds 
Dorex2007: folds 
foldea22: folds 
geniuss: folds 
silvajose0001: calls $0.15
*** FLOP *** [Kh Qh 3d]
silvajose0001: checks 
matt blakk: bets $0.22
silvajose0001: folds 
Uncalled bet ($0.22) returned to matt blakk
matt blakk collected $0.45 from pot
*** SUMMARY ***
Total pot $0.47 | Rake $0.02 
Board [Kh Qh 3d]
Seat 2: Dorex2007 (button) folded before Flop (didn't bet)
Seat 3: foldea22 (small blind) folded before Flop
Seat 4: geniuss (big blind) folded before Flop
Seat 5: silvajose0001 folded on the Flop
Seat 6: matt blakk collected ($0.45)
Seat 7: leopoker1 folded before Flop (didn't bet)
Seat 8: sorry88866 folded before Flop (didn't bet)
Seat 9: AGVsmarT folded before Flop (didn't bet)



PokerStars Hand #237817035542:  Hold'em No Limit ($0.02/$0.05 USD) - 2022/08/05 21:07:21 PT [2022/08/06 0:07:21 ET]
Table 'Propus II' 9-max Seat #3 is the button
Seat 2: Dorex2007 ($6.33 in chips) 
Seat 3: foldea22 ($17.46 in chips) 
Seat 4: geniuss ($5.91 in chips) 
Seat 5: silvajose0001 ($6.28 in chips) 
Seat 6: matt blakk ($4.68 in chips) 
Seat 7: leopoker1 ($6.62 in chips) 
Seat 8: sorry88866 ($1.06 in chips) 
Seat 9: AGVsmarT ($6.36 in chips) 
geniuss: posts small blind $0.02
silvajose0001: posts big blind $0.05
*** HOLE CARDS ***
Dealt to Dorex2007 [8h Tc]
matt blakk: raises $0.10 to $0.15
leopoker1: folds 
sorry88866: calls $0.15
AGVsmarT: folds 
Dorex2007: folds 
foldea22: calls $0.15
geniuss: folds 
silvajose0001: calls $0.10
*** FLOP *** [3h 6s Jc]
silvajose0001: checks 
Goodbozz joins the table at seat #1 
matt blakk: checks 
sorry88866: checks 
foldea22: checks 
*** TURN *** [3h 6s Jc] [5s]
silvajose0001: checks 
matt blakk: bets $0.40
sorry88866: folds 
foldea22: folds 
silvajose0001: folds 
Uncalled bet ($0.40) returned to matt blakk
matt blakk collected $0.59 from pot
*** SUMMARY ***
Total pot $0.62 | Rake $0.03 
Board [3h 6s Jc 5s]
Seat 2: Dorex2007 folded before Flop (didn't bet)
Seat 3: foldea22 (button) folded on the Turn
Seat 4: geniuss (small blind) folded before Flop
Seat 5: silvajose0001 (big blind) folded on the Turn
Seat 6: matt blakk collected ($0.59)
Seat 7: leopoker1 folded before Flop (didn't bet)
Seat 8: sorry88866 folded on the Turn
Seat 9: AGVsmarT folded before Flop (didn't bet)



PokerStars Hand #237817045631:  Hold'em No Limit ($0.02/$0.05 USD) - 2022/08/05 21:08:30 PT [2022/08/06 0:08:30 ET]
Table 'Propus II' 9-max Seat #4 is the button
Seat 1: Goodbozz ($5 in chips) 
Seat 2: Dorex2007 ($6.33 in chips) 
Seat 3: foldea22 ($17.31 in chips) 
Seat 4: geniuss ($5.89 in chips) 
Seat 5: silvajose0001 ($6.13 in chips) 
Seat 6: matt blakk ($5.12 in chips) 
Seat 7: leopoker1 ($6.62 in chips) 
Seat 8: sorry88866 ($0.91 in chips) 
Seat 9: AGVsmarT ($6.36 in chips) 
silvajose0001: posts small blind $0.02
matt blakk: posts big blind $0.05
Goodbozz: posts big blind $0.05
*** HOLE CARDS ***
Dealt to Dorex2007 [6h 5s]
leopoker1: calls $0.05
sorry88866: raises $0.15 to $0.20
AGVsmarT: folds 
Goodbozz: folds 
Dorex2007: folds 
foldea22: calls $0.20
geniuss: folds 
silvajose0001: folds 
matt blakk: folds 
leopoker1: calls $0.15
*** FLOP *** [5c 4d Ts]
silvajose0001 leaves the table
leopoker1: checks 
sorry88866: bets $0.71 and is all-in
foldea22: folds 
leopoker1: calls $0.71
*** TURN *** [5c 4d Ts] [7d]
*** RIVER *** [5c 4d Ts 7d] [3d]
*** SHOW DOWN ***
leopoker1: shows [4c Ac] (a pair of Fours)
sorry88866: shows [Th Qs] (a pair of Tens)
sorry88866 collected $2.05 from pot
*** SUMMARY ***
Total pot $2.14 | Rake $0.09 
Board [5c 4d Ts 7d 3d]
Seat 1: Goodbozz folded before Flop (didn't bet)
Seat 2: Dorex2007 folded before Flop (didn't bet)
Seat 3: foldea22 folded on the Flop
Seat 4: geniuss (button) folded before Flop (didn't bet)
Seat 5: silvajose0001 (small blind) folded before Flop
Seat 6: matt blakk (big blind) folded before Flop
Seat 7: leopoker1 showed [4c Ac] and lost with a pair of Fours
Seat 8: sorry88866 showed [Th Qs] and won ($2.05) with a pair of Tens
Seat 9: AGVsmarT folded before Flop (didn't bet)



PokerStars Hand #237817053924:  Hold'em No Limit ($0.02/$0.05 USD) - 2022/08/05 21:09:26 PT [2022/08/06 0:09:26 ET]
Table 'Propus II' 9-max Seat #6 is the button
Seat 1: Goodbozz ($4.95 in chips) 
Seat 2: Dorex2007 ($6.33 in chips) 
Seat 3: foldea22 ($17.11 in chips) 
Seat 4: geniuss ($5.89 in chips) 
Seat 6: matt blakk ($5.07 in chips) 
Seat 7: leopoker1 ($5.71 in chips) 
Seat 8: sorry88866 ($2.05 in chips) 
Seat 9: AGVsmarT ($6.36 in chips) 
leopoker1: posts small blind $0.02
sorry88866: posts big blind $0.05
*** HOLE CARDS ***
Dealt to Dorex2007 [Kh Qh]
AGVsmarT: folds 
Goodbozz: calls $0.05
Dorex2007: raises $0.05 to $0.10
foldea22: folds 
geniuss: folds 
matt blakk: folds 
leopoker1: folds 
sorry88866: calls $0.05
Goodbozz: calls $0.05
*** FLOP *** [Jh 2d 3c]
sorry88866: checks 
Goodbozz: checks 
Dorex2007: bets $0.15
sorry88866: folds 
Goodbozz: folds 
Uncalled bet ($0.15) returned to Dorex2007
Dorex2007 collected $0.31 from pot
Dorex2007: doesn't show hand 
*** SUMMARY ***
Total pot $0.32 | Rake $0.01 
Board [Jh 2d 3c]
Seat 1: Goodbozz folded on the Flop
Seat 2: Dorex2007 collected ($0.31)
Seat 3: foldea22 folded before Flop (didn't bet)
Seat 4: geniuss folded before Flop (didn't bet)
Seat 6: matt blakk (button) folded before Flop (didn't bet)
Seat 7: leopoker1 (small blind) folded before Flop
Seat 8: sorry88866 (big blind) folded on the Flop
Seat 9: AGVsmarT folded before Flop (didn't bet)



PokerStars Hand #237817062174:  Hold'em No Limit ($0.02/$0.05 USD) - 2022/08/05 21:10:21 PT [2022/08/06 0:10:21 ET]
Table 'Propus II' 9-max Seat #7 is the button
Seat 1: Goodbozz ($4.85 in chips) 
Seat 2: Dorex2007 ($6.54 in chips) 
Seat 3: foldea22 ($17.11 in chips) 
Seat 4: geniuss ($5.89 in chips) 
Seat 6: matt blakk ($5.07 in chips) 
Seat 7: leopoker1 ($5.69 in chips) 
Seat 8: sorry88866 ($1.95 in chips) 
Seat 9: AGVsmarT ($6.36 in chips) 
sorry88866: posts small blind $0.02
AGVsmarT: posts big blind $0.05
*** HOLE CARDS ***
Dealt to Dorex2007 [6s 8d]
Goodbozz: folds 
Dorex2007: folds 
foldea22: raises $0.10 to $0.15
geniuss: folds 
matt blakk: calls $0.15
leopoker1: calls $0.15
sorry88866: calls $0.13
AGVsmarT: folds 
*** FLOP *** [9d Jc Td]
sorry88866: checks 
foldea22: checks 
matt blakk: bets $0.30
leopoker1: folds 
sorry88866: calls $0.30
foldea22: folds 
*** TURN *** [9d Jc Td] [2h]
sorry88866: checks 
matt blakk: bets $0.40
sorry88866: calls $0.40
*** RIVER *** [9d Jc Td 2h] [2s]
sorry88866: bets $1.10 and is all-in
matt blakk: calls $1.10
*** SHOW DOWN ***
sorry88866: shows [Tc Ah] (two pair, Tens and Deuces)
matt blakk: shows [Kh Qd] (a straight, Nine to King)
matt blakk collected $4.07 from pot
*** SUMMARY ***
Total pot $4.25 | Rake $0.18 
Board [9d Jc Td 2h 2s]
Seat 1: Goodbozz folded before Flop (didn't bet)
Seat 2: Dorex2007 folded before Flop (didn't bet)
Seat 3: foldea22 folded on the Flop
Seat 4: geniuss folded before Flop (didn't bet)
Seat 6: matt blakk showed [Kh Qd] and won ($4.07) with a straight, Nine to King
Seat 7: leopoker1 (button) folded on the Flop
Seat 8: sorry88866 (small blind) showed [Tc Ah] and lost with two pair, Tens and Deuces
Seat 9: AGVsmarT (big blind) folded before Flop



PokerStars Hand #237817080269:  Hold'em No Limit ($0.02/$0.05 USD) - 2022/08/05 21:12:01 PT [2022/08/06 0:12:01 ET]
Table 'Propus II' 9-max Seat #9 is the button
Seat 1: Goodbozz ($4.85 in chips) 
Seat 2: Dorex2007 ($6.54 in chips) 
Seat 3: foldea22 ($16.96 in chips) 
Seat 4: geniuss ($5.89 in chips) 
Seat 6: matt blakk ($7.19 in chips) 
Seat 7: leopoker1 ($5.54 in chips) 
Seat 9: AGVsmarT ($6.31 in chips) 
boiafeia111 joins the table at seat #5 
Goodbozz: posts small blind $0.02
Dorex2007: posts big blind $0.05
*** HOLE CARDS ***
Dealt to Dorex2007 [3c 3s]
foldea22: raises $0.10 to $0.15
sorry88866 leaves the table
geniuss: folds 
matt blakk: calls $0.15
caironluck joins the table at seat #8 
leopoker1: folds 
AGVsmarT: folds 
Goodbozz: folds 
Dorex2007: calls $0.10
*** FLOP *** [Ts 7d 8d]
Dorex2007: checks 
foldea22: checks 
matt blakk: checks 
*** TURN *** [Ts 7d 8d] [9d]
Dorex2007: checks 
foldea22: bets $0.35
matt blakk: raises $0.67 to $1.02
Dorex2007: folds 
foldea22: calls $0.67
*** RIVER *** [Ts 7d 8d 9d] [Kc]
foldea22: checks 
matt blakk: bets $1.52
foldea22: calls $1.52
*** SHOW DOWN ***
matt blakk: shows [Jd Qs] (a straight, Nine to King)
foldea22: mucks hand 
matt blakk collected $5.32 from pot
*** SUMMARY ***
Total pot $5.55 | Rake $0.23 
Board [Ts 7d 8d 9d Kc]
Seat 1: Goodbozz (small blind) folded before Flop
Seat 2: Dorex2007 (big blind) folded on the Turn
Seat 3: foldea22 mucked [Js Td]
Seat 4: geniuss folded before Flop (didn't bet)
Seat 6: matt blakk showed [Jd Qs] and won ($5.32) with a straight, Nine to King
Seat 7: leopoker1 folded before Flop (didn't bet)
Seat 9: AGVsmarT (button) folded before Flop (didn't bet)



PokerStars Hand #237817090761:  Hold'em No Limit ($0.02/$0.05 USD) - 2022/08/05 21:13:14 PT [2022/08/06 0:13:14 ET]
Table 'Propus II' 9-max Seat #1 is the button
Seat 1: Goodbozz ($4.83 in chips) 
Seat 2: Dorex2007 ($6.39 in chips) 
Seat 3: foldea22 ($14.27 in chips) 
Seat 4: geniuss ($5.89 in chips) 
Seat 6: matt blakk ($9.82 in chips) 
Seat 7: leopoker1 ($5.54 in chips) 
Seat 8: caironluck ($5 in chips) 
Seat 9: AGVsmarT ($6.31 in chips) 
Dorex2007: posts small blind $0.02
foldea22: posts big blind $0.05
boiafeia111: sits out 
caironluck: posts big blind $0.05
*** HOLE CARDS ***
Dealt to Dorex2007 [9c Ac]
geniuss: raises $0.15 to $0.20
matt blakk: folds 
leopoker1: folds 
caironluck: folds 
AGVsmarT: folds 
Goodbozz: calls $0.20
Dorex2007: folds 
foldea22: folds 
*** FLOP *** [Qh Js 3s]
geniuss: bets $0.36
Goodbozz: calls $0.36
*** TURN *** [Qh Js 3s] [2c]
geniuss: bets $1.02
Goodbozz: folds 
Uncalled bet ($1.02) returned to geniuss
geniuss collected $1.19 from pot
*** SUMMARY ***
Total pot $1.24 | Rake $0.05 
Board [Qh Js 3s 2c]
Seat 1: Goodbozz (button) folded on the Turn
Seat 2: Dorex2007 (small blind) folded before Flop
Seat 3: foldea22 (big blind) folded before Flop
Seat 4: geniuss collected ($1.19)
Seat 6: matt blakk folded before Flop (didn't bet)
Seat 7: leopoker1 folded before Flop (didn't bet)
Seat 8: caironluck folded before Flop (didn't bet)
Seat 9: AGVsmarT folded before Flop (didn't bet)



PokerStars Hand #237817098012:  Hold'em No Limit ($0.02/$0.05 USD) - 2022/08/05 21:14:04 PT [2022/08/06 0:14:04 ET]
Table 'Propus II' 9-max Seat #2 is the button
Seat 1: Goodbozz ($4.27 in chips) 
Seat 2: Dorex2007 ($6.37 in chips) 
Seat 3: foldea22 ($14.22 in chips) 
Seat 4: geniuss ($6.52 in chips) 
Seat 6: matt blakk ($9.82 in chips) 
Seat 7: leopoker1 ($5.54 in chips) 
Seat 8: caironluck ($4.95 in chips) 
Seat 9: AGVsmarT ($6.31 in chips) 
foldea22: posts small blind $0.02
geniuss: posts big blind $0.05
boiafeia111: sits out 
*** HOLE CARDS ***
Dealt to Dorex2007 [Qs Jc]
matt blakk: folds 
leopoker1: folds 
caironluck: raises $0.10 to $0.15
AGVsmarT: calls $0.15
Goodbozz: folds 
Dorex2007: folds 
foldea22: folds 
geniuss: folds 
*** FLOP *** [Ac 7d As]
caironluck: bets $0.35
AGVsmarT: folds 
Uncalled bet ($0.35) returned to caironluck
caironluck collected $0.35 from pot
caironluck: doesn't show hand 
*** SUMMARY ***
Total pot $0.37 | Rake $0.02 
Board [Ac 7d As]
Seat 1: Goodbozz folded before Flop (didn't bet)
Seat 2: Dorex2007 (button) folded before Flop (didn't bet)
Seat 3: foldea22 (small blind) folded before Flop
Seat 4: geniuss (big blind) folded before Flop
Seat 6: matt blakk folded before Flop (didn't bet)
Seat 7: leopoker1 folded before Flop (didn't bet)
Seat 8: caironluck collected ($0.35)
Seat 9: AGVsmarT folded on the Flop



PokerStars Hand #237817102467:  Hold'em No Limit ($0.02/$0.05 USD) - 2022/08/05 21:14:35 PT [2022/08/06 0:14:35 ET]
Table 'Propus II' 9-max Seat #3 is the button
Seat 1: Goodbozz ($4.27 in chips) 
Seat 2: Dorex2007 ($6.37 in chips) 
Seat 3: foldea22 ($14.20 in chips) 
Seat 4: geniuss ($6.47 in chips) 
Seat 5: boiafeia111 ($5 in chips) 
Seat 6: matt blakk ($9.82 in chips) 
Seat 7: leopoker1 ($5.54 in chips) 
Seat 8: caironluck ($5.15 in chips) 
Seat 9: AGVsmarT ($6.16 in chips) 
geniuss: posts small blind $0.02
boiafeia111: posts big blind $0.05
*** HOLE CARDS ***
Dealt to Dorex2007 [Jd 5h]
matt blakk: raises $0.10 to $0.15
leopoker1: folds 
caironluck has timed out
caironluck: folds 
AGVsmarT: folds 
Goodbozz: calls $0.15
Dorex2007: folds 
foldea22: folds 
foldea22 leaves the table
geniuss: folds 
boiafeia111: folds 
*** FLOP *** [Tc 5s 6s]
matt blakk: checks 
Goodbozz: bets $0.17
matt blakk: folds 
Uncalled bet ($0.17) returned to Goodbozz
Goodbozz collected $0.35 from pot
*** SUMMARY ***
Total pot $0.37 | Rake $0.02 
Board [Tc 5s 6s]
Seat 1: Goodbozz collected ($0.35)
Seat 2: Dorex2007 folded before Flop (didn't bet)
Seat 3: foldea22 (button) folded before Flop (didn't bet)
Seat 4: geniuss (small blind) folded before Flop
Seat 5: boiafeia111 (big blind) folded before Flop
Seat 6: matt blakk folded on the Flop
Seat 7: leopoker1 folded before Flop (didn't bet)
Seat 8: caironluck folded before Flop (didn't bet)
Seat 9: AGVsmarT folded before Flop (didn't bet)



PokerStars Hand #237817109396:  Hold'em No Limit ($0.02/$0.05 USD) - 2022/08/05 21:15:23 PT [2022/08/06 0:15:23 ET]
Table 'Propus II' 9-max Seat #4 is the button
Seat 1: Goodbozz ($4.47 in chips) 
Seat 2: Dorex2007 ($6.37 in chips) 
Seat 4: geniuss ($6.45 in chips) 
Seat 5: boiafeia111 ($5 in chips) 
Seat 6: matt blakk ($9.67 in chips) 
Seat 7: leopoker1 ($5.54 in chips) 
Seat 8: caironluck ($5.15 in chips) 
Seat 9: AGVsmarT ($6.16 in chips) 
boiafeia111: posts small blind $0.02
matt blakk: posts big blind $0.05
*** HOLE CARDS ***
Dealt to Dorex2007 [2s 8h]
leopoker1: folds 
caironluck: raises $0.10 to $0.15
AGVsmarT: folds 
Goodbozz: calls $0.15
Dorex2007: folds 
geniuss: calls $0.15
boiafeia111: folds 
matt blakk: folds 
*** FLOP *** [8d 3d 5h]
sorry88866 joins the table at seat #3 
caironluck: bets $0.25
Goodbozz: folds 
geniuss: folds 
Uncalled bet ($0.25) returned to caironluck
caironluck collected $0.50 from pot
caironluck: doesn't show hand 
*** SUMMARY ***
Total pot $0.52 | Rake $0.02 
Board [8d 3d 5h]
Seat 1: Goodbozz folded on the Flop
Seat 2: Dorex2007 folded before Flop (didn't bet)
Seat 4: geniuss (button) folded on the Flop
Seat 5: boiafeia111 (small blind) folded before Flop
Seat 6: matt blakk (big blind) folded before Flop
Seat 7: leopoker1 folded before Flop (didn't bet)
Seat 8: caironluck collected ($0.50)
Seat 9: AGVsmarT folded before Flop (didn't bet)



PokerStars Hand #237817114855:  Hold'em No Limit ($0.02/$0.05 USD) - 2022/08/05 21:16:01 PT [2022/08/06 0:16:01 ET]
Table 'Propus II' 9-max Seat #5 is the button
Seat 1: Goodbozz ($4.32 in chips) 
Seat 2: Dorex2007 ($6.37 in chips) 
Seat 3: sorry88866 ($2 in chips) 
Seat 4: geniuss ($6.30 in chips) 
Seat 5: boiafeia111 ($4.98 in chips) 
Seat 6: matt blakk ($9.62 in chips) 
Seat 7: leopoker1 ($5.54 in chips) 
Seat 8: caironluck ($5.50 in chips) 
Seat 9: AGVsmarT ($6.16 in chips) 
matt blakk: posts small blind $0.02
leopoker1: posts big blind $0.05
sorry88866: posts big blind $0.05
*** HOLE CARDS ***
Dealt to Dorex2007 [8h Qs]
caironluck: folds 
AGVsmarT: calls $0.05
Goodbozz: calls $0.05
Dorex2007: folds 
sorry88866: raises $0.05 to $0.10
geniuss: folds 
boiafeia111: folds 
matt blakk: folds 
leopoker1: calls $0.05
AGVsmarT: calls $0.05
Goodbozz: calls $0.05
*** FLOP *** [6s 2c 2d]
leopoker1: checks 
AGVsmarT: checks 
Goodbozz: checks 
sorry88866: bets $0.40
leopoker1: folds 
AGVsmarT: folds 
Goodbozz: folds 
Uncalled bet ($0.40) returned to sorry88866
sorry88866 collected $0.40 from pot
*** SUMMARY ***
Total pot $0.42 | Rake $0.02 
Board [6s 2c 2d]
Seat 1: Goodbozz folded on the Flop
Seat 2: Dorex2007 folded before Flop (didn't bet)
Seat 3: sorry88866 collected ($0.40)
Seat 4: geniuss folded before Flop (didn't bet)
Seat 5: boiafeia111 (button) folded before Flop (didn't bet)
Seat 6: matt blakk (small blind) folded before Flop
Seat 7: leopoker1 (big blind) folded on the Flop
Seat 8: caironluck folded before Flop (didn't bet)
Seat 9: AGVsmarT folded on the Flop



PokerStars Hand #237817122661:  Hold'em No Limit ($0.02/$0.05 USD) - 2022/08/05 21:16:56 PT [2022/08/06 0:16:56 ET]
Table 'Propus II' 9-max Seat #6 is the button
Seat 1: Goodbozz ($4.22 in chips) 
Seat 2: Dorex2007 ($6.37 in chips) 
Seat 3: sorry88866 ($2.30 in chips) 
Seat 4: geniuss ($6.30 in chips) 
Seat 5: boiafeia111 ($5 in chips) 
Seat 6: matt blakk ($9.60 in chips) 
Seat 7: leopoker1 ($5.44 in chips) 
Seat 8: caironluck ($5.50 in chips) 
Seat 9: AGVsmarT ($6.06 in chips) 
leopoker1: posts small blind $0.02
caironluck: posts big blind $0.05
*** HOLE CARDS ***
Dealt to Dorex2007 [8s Jd]
AGVsmarT: folds 
Goodbozz: folds 
Dorex2007: folds 
sorry88866: calls $0.05
geniuss: folds 
boiafeia111: folds 
matt blakk: raises $0.10 to $0.15
leopoker1: calls $0.13
caironluck: calls $0.10
sorry88866: calls $0.10
*** FLOP *** [Qh 4s 5d]
leopoker1: checks 
caironluck: checks 
sorry88866: checks 
matt blakk: bets $0.34
leopoker1: calls $0.34
caironluck: folds 
sorry88866: calls $0.34
*** TURN *** [Qh 4s 5d] [7s]
leopoker1: checks 
sorry88866: bets $0.77
matt blakk: calls $0.77
leopoker1: calls $0.77
*** RIVER *** [Qh 4s 5d 7s] [Qd]
leopoker1: checks 
sorry88866: checks 
matt blakk: bets $1.77
leopoker1: folds 
sorry88866: folds 
Uncalled bet ($1.77) returned to matt blakk
matt blakk collected $3.77 from pot
*** SUMMARY ***
Total pot $3.93 | Rake $0.16 
Board [Qh 4s 5d 7s Qd]
Seat 1: Goodbozz folded before Flop (didn't bet)
Seat 2: Dorex2007 folded before Flop (didn't bet)
Seat 3: sorry88866 folded on the River
Seat 4: geniuss folded before Flop (didn't bet)
Seat 5: boiafeia111 folded before Flop (didn't bet)
Seat 6: matt blakk (button) collected ($3.77)
Seat 7: leopoker1 (small blind) folded on the River
Seat 8: caironluck (big blind) folded on the Flop
Seat 9: AGVsmarT folded before Flop (didn't bet)



PokerStars Hand #237817139773:  Hold'em No Limit ($0.02/$0.05 USD) - 2022/08/05 21:18:57 PT [2022/08/06 0:18:57 ET]
Table 'Propus II' 9-max Seat #7 is the button
Seat 1: Goodbozz ($4.22 in chips) 
Seat 2: Dorex2007 ($6.37 in chips) 
Seat 3: sorry88866 ($1.04 in chips) 
Seat 4: geniuss ($6.30 in chips) 
Seat 5: boiafeia111 ($5 in chips) 
Seat 6: matt blakk ($12.11 in chips) 
Seat 7: leopoker1 ($5 in chips) 
Seat 8: caironluck ($5.35 in chips) 
Seat 9: AGVsmarT ($6.06 in chips) 
caironluck: posts small blind $0.02
AGVsmarT: posts big blind $0.05
*** HOLE CARDS ***
Dealt to Dorex2007 [4c 4d]
Goodbozz: calls $0.05
Dorex2007: calls $0.05
sorry88866: calls $0.05
geniuss: folds 
boiafeia111: folds 
matt blakk: folds 
leopoker1: folds 
caironluck: raises $0.10 to $0.15
AGVsmarT: calls $0.10
Goodbozz: calls $0.10
Dorex2007: calls $0.10
sorry88866: calls $0.10
*** FLOP *** [Jd Qs Qc]
caironluck: bets $0.36
AGVsmarT: calls $0.36
Goodbozz: folds 
Dorex2007: folds 
sorry88866: folds 
*** TURN *** [Jd Qs Qc] [7d]
caironluck: bets $0.70
AGVsmarT: raises $0.70 to $1.40
caironluck: calls $0.70
*** RIVER *** [Jd Qs Qc 7d] [2h]
caironluck: checks 
AGVsmarT: bets $4.09
caironluck: folds 
Uncalled bet ($4.09) returned to AGVsmarT
AGVsmarT collected $4.09 from pot
*** SUMMARY ***
Total pot $4.27 | Rake $0.18 
Board [Jd Qs Qc 7d 2h]
Seat 1: Goodbozz folded on the Flop
Seat 2: Dorex2007 folded on the Flop
Seat 3: sorry88866 folded on the Flop
Seat 4: geniuss folded before Flop (didn't bet)
Seat 5: boiafeia111 folded before Flop (didn't bet)
Seat 6: matt blakk folded before Flop (didn't bet)
Seat 7: leopoker1 (button) folded before Flop (didn't bet)
Seat 8: caironluck (small blind) folded on the River
Seat 9: AGVsmarT (big blind) collected ($4.09)



PokerStars Hand #237817150707:  Hold'em No Limit ($0.02/$0.05 USD) - 2022/08/05 21:20:16 PT [2022/08/06 0:20:16 ET]
Table 'Propus II' 9-max Seat #8 is the button
Seat 1: Goodbozz ($4.07 in chips) 
Seat 2: Dorex2007 ($6.22 in chips) 
Seat 3: sorry88866 ($0.89 in chips) 
Seat 4: geniuss ($6.30 in chips) 
Seat 5: boiafeia111 ($5 in chips) 
Seat 6: matt blakk ($12.11 in chips) 
Seat 7: leopoker1 ($5 in chips) 
Seat 8: caironluck ($3.44 in chips) 
Seat 9: AGVsmarT ($8.24 in chips) 
AGVsmarT: posts small blind $0.02
Goodbozz: posts big blind $0.05
*** HOLE CARDS ***
Dealt to Dorex2007 [Td 5h]
Dorex2007: folds 
sorry88866: folds 
geniuss: folds 
boiafeia111: folds 
matt blakk: folds 
leopoker1: raises $0.07 to $0.12
caironluck: calls $0.12
AGVsmarT: folds 
Goodbozz: folds 
*** FLOP *** [6d 2d 6s]
leopoker1: bets $0.30
caironluck: folds 
Uncalled bet ($0.30) returned to leopoker1
leopoker1 collected $0.30 from pot
leopoker1: doesn't show hand 
*** SUMMARY ***
Total pot $0.31 | Rake $0.01 
Board [6d 2d 6s]
Seat 1: Goodbozz (big blind) folded before Flop
Seat 2: Dorex2007 folded before Flop (didn't bet)
Seat 3: sorry88866 folded before Flop (didn't bet)
Seat 4: geniuss folded before Flop (didn't bet)
Seat 5: boiafeia111 folded before Flop (didn't bet)
Seat 6: matt blakk folded before Flop (didn't bet)
Seat 7: leopoker1 collected ($0.30)
Seat 8: caironluck (button) folded on the Flop
Seat 9: AGVsmarT (small blind) folded before Flop



PokerStars Hand #237817157462:  Hold'em No Limit ($0.02/$0.05 USD) - 2022/08/05 21:21:05 PT [2022/08/06 0:21:05 ET]
Table 'Propus II' 9-max Seat #9 is the button
Seat 1: Goodbozz ($4.02 in chips) 
Seat 2: Dorex2007 ($6.22 in chips) 
Seat 3: sorry88866 ($0.89 in chips) 
Seat 4: geniuss ($6.30 in chips) 
Seat 5: boiafeia111 ($5 in chips) 
Seat 6: matt blakk ($12.11 in chips) 
Seat 7: leopoker1 ($5.18 in chips) 
Seat 8: caironluck ($3.32 in chips) 
Seat 9: AGVsmarT ($8.22 in chips) 
Goodbozz: posts small blind $0.02
Dorex2007: posts big blind $0.05
*** HOLE CARDS ***
Dealt to Dorex2007 [8d 6c]
sorry88866: calls $0.05
geniuss: folds 
boiafeia111: folds 
matt blakk: folds 
leopoker1: calls $0.05
caironluck has timed out
caironluck: folds 
AGVsmarT: folds 
Goodbozz: raises $0.10 to $0.15
Dorex2007: folds 
sorry88866: calls $0.10
leopoker1: calls $0.10
*** FLOP *** [5c 4c Ac]
Goodbozz: bets $0.48
sorry88866: calls $0.48
leopoker1: folds 
*** TURN *** [5c 4c Ac] [3h]
Goodbozz: bets $1.40
sorry88866: calls $0.26 and is all-in
Uncalled bet ($1.14) returned to Goodbozz
*** RIVER *** [5c 4c Ac 3h] [8s]
*** SHOW DOWN ***
Goodbozz: shows [Kh Ah] (a pair of Aces)
sorry88866: shows [9c 4h] (a pair of Fours)
Goodbozz collected $1.90 from pot
sorry88866 cashed out the hand for $0.65 | Cash Out Fee $0.01
*** SUMMARY ***
Total pot $1.98 | Rake $0.08 
Board [5c 4c Ac 3h 8s]
Seat 1: Goodbozz (small blind) showed [Kh Ah] and won ($1.90) with a pair of Aces
Seat 2: Dorex2007 (big blind) folded before Flop
Seat 3: sorry88866 showed [9c 4h] and lost with a pair of Fours (cashed out).
Seat 4: geniuss folded before Flop (didn't bet)
Seat 5: boiafeia111 folded before Flop (didn't bet)
Seat 6: matt blakk folded before Flop (didn't bet)
Seat 7: leopoker1 folded on the Flop
Seat 8: caironluck folded before Flop (didn't bet)
Seat 9: AGVsmarT (button) folded before Flop (didn't bet)



PokerStars Hand #237817168178:  Hold'em No Limit ($0.02/$0.05 USD) - 2022/08/05 21:22:22 PT [2022/08/06 0:22:22 ET]
Table 'Propus II' 9-max Seat #1 is the button
Seat 1: Goodbozz ($5.03 in chips) 
Seat 2: Dorex2007 ($6.17 in chips) 
Seat 3: sorry88866 ($0.65 in chips) 
Seat 4: geniuss ($6.30 in chips) 
Seat 5: boiafeia111 ($5 in chips) 
Seat 6: matt blakk ($12.11 in chips) 
Seat 7: leopoker1 ($5.03 in chips) 
Seat 8: caironluck ($3.32 in chips) 
Seat 9: AGVsmarT ($8.22 in chips) 
Dorex2007: posts small blind $0.02
sorry88866: posts big blind $0.05
*** HOLE CARDS ***
Dealt to Dorex2007 [Tc As]
geniuss: folds 
boiafeia111: folds 
matt blakk: folds 
leopoker1: folds 
caironluck: raises $0.10 to $0.15
AGVsmarT: folds 
Goodbozz: calls $0.15
Dorex2007: calls $0.13
sorry88866: calls $0.10
*** FLOP *** [6d 7h 7c]
Dorex2007: checks 
sorry88866: checks 
caironluck: checks 
Goodbozz: bets $0.29
Dorex2007: folds 
sorry88866: folds 
caironluck: folds 
Uncalled bet ($0.29) returned to Goodbozz
Goodbozz collected $0.58 from pot
*** SUMMARY ***
Total pot $0.60 | Rake $0.02 
Board [6d 7h 7c]
Seat 1: Goodbozz (button) collected ($0.58)
Seat 2: Dorex2007 (small blind) folded on the Flop
Seat 3: sorry88866 (big blind) folded on the Flop
Seat 4: geniuss folded before Flop (didn't bet)
Seat 5: boiafeia111 folded before Flop (didn't bet)
Seat 6: matt blakk folded before Flop (didn't bet)
Seat 7: leopoker1 folded before Flop (didn't bet)
Seat 8: caironluck folded on the Flop
Seat 9: AGVsmarT folded before Flop (didn't bet)



PokerStars Hand #237817177750:  Hold'em No Limit ($0.02/$0.05 USD) - 2022/08/05 21:23:32 PT [2022/08/06 0:23:32 ET]
Table 'Propus II' 9-max Seat #2 is the button
Seat 1: Goodbozz ($5.46 in chips) 
Seat 2: Dorex2007 ($6.02 in chips) 
Seat 3: sorry88866 ($0.50 in chips) 
Seat 4: geniuss ($6.30 in chips) 
Seat 5: boiafeia111 ($5 in chips) 
Seat 6: matt blakk ($12.11 in chips) 
Seat 7: leopoker1 ($5.03 in chips) 
Seat 8: caironluck ($3.17 in chips) 
Seat 9: AGVsmarT ($8.22 in chips) 
sorry88866: posts small blind $0.02
geniuss: posts big blind $0.05
*** HOLE CARDS ***
Dealt to Dorex2007 [9s 7d]
boiafeia111: folds 
matt blakk: folds 
leopoker1: folds 
caironluck: folds 
AGVsmarT: raises $0.12 to $0.17
Goodbozz: calls $0.17
Dorex2007: folds 
sorry88866: calls $0.15
geniuss: folds 
*** FLOP *** [2d Ad 4h]
sorry88866: checks 
AGVsmarT: checks 
Goodbozz: checks 
*** TURN *** [2d Ad 4h] [Js]
sorry88866: bets $0.33 and is all-in
AGVsmarT: folds 
Goodbozz: calls $0.33
*** RIVER *** [2d Ad 4h Js] [2s]
*** SHOW DOWN ***
sorry88866: shows [Jh Ts] (two pair, Jacks and Deuces)
Goodbozz: shows [As 5c] (two pair, Aces and Deuces)
Goodbozz collected $1.17 from pot
sorry88866 cashed out the hand for $0.14
*** SUMMARY ***
Total pot $1.22 | Rake $0.05 
Board [2d Ad 4h Js 2s]
Seat 1: Goodbozz showed [As 5c] and won ($1.17) with two pair, Aces and Deuces
Seat 2: Dorex2007 (button) folded before Flop (didn't bet)
Seat 3: sorry88866 (small blind) showed [Jh Ts] and lost with two pair, Jacks and Deuces (cashed out).
Seat 4: geniuss (big blind) folded before Flop
Seat 5: boiafeia111 folded before Flop (didn't bet)
Seat 6: matt blakk folded before Flop (didn't bet)
Seat 7: leopoker1 folded before Flop (didn't bet)
Seat 8: caironluck folded before Flop (didn't bet)
Seat 9: AGVsmarT folded on the Turn



PokerStars Hand #237817186708:  Hold'em No Limit ($0.02/$0.05 USD) - 2022/08/05 21:24:37 PT [2022/08/06 0:24:37 ET]
Table 'Propus II' 9-max Seat #3 is the button
Seat 1: Goodbozz ($6.13 in chips) 
Seat 2: Dorex2007 ($6.02 in chips) 
Seat 3: sorry88866 ($0.14 in chips) 
Seat 4: geniuss ($6.25 in chips) 
Seat 5: boiafeia111 ($5 in chips) 
Seat 6: matt blakk ($12.11 in chips) 
Seat 7: leopoker1 ($5.03 in chips) 
Seat 8: caironluck ($3.17 in chips) 
Seat 9: AGVsmarT ($8.05 in chips) 
geniuss: posts small blind $0.02
boiafeia111: posts big blind $0.05
*** HOLE CARDS ***
Dealt to Dorex2007 [4d 6h]
matt blakk: folds 
leopoker1: raises $0.07 to $0.12
caironluck: raises $0.22 to $0.34
AGVsmarT: folds 
Goodbozz: folds 
Dorex2007: folds 
sorry88866: folds 
geniuss: calls $0.32
boiafeia111: folds 
leopoker1: calls $0.22
*** FLOP *** [8d 5s Kd]
geniuss: checks 
leopoker1: checks 
caironluck: bets $0.51
geniuss: folds 
leopoker1: folds 
Uncalled bet ($0.51) returned to caironluck
caironluck collected $1.03 from pot
caironluck: doesn't show hand 
*** SUMMARY ***
Total pot $1.07 | Rake $0.04 
Board [8d 5s Kd]
Seat 1: Goodbozz folded before Flop (didn't bet)
Seat 2: Dorex2007 folded before Flop (didn't bet)
Seat 3: sorry88866 (button) folded before Flop (didn't bet)
Seat 4: geniuss (small blind) folded on the Flop
Seat 5: boiafeia111 (big blind) folded before Flop
Seat 6: matt blakk folded before Flop (didn't bet)
Seat 7: leopoker1 folded on the Flop
Seat 8: caironluck collected ($1.03)
Seat 9: AGVsmarT folded before Flop (didn't bet)



PokerStars Hand #237817196953:  Hold'em No Limit ($0.02/$0.05 USD) - 2022/08/05 21:25:51 PT [2022/08/06 0:25:51 ET]
Table 'Propus II' 9-max Seat #4 is the button
Seat 1: Goodbozz ($6.13 in chips) 
Seat 2: Dorex2007 ($6.02 in chips) 
Seat 3: sorry88866 ($0.14 in chips) 
Seat 4: geniuss ($5.91 in chips) 
Seat 5: boiafeia111 ($4.95 in chips) 
Seat 6: matt blakk ($12.11 in chips) 
Seat 7: leopoker1 ($5 in chips) 
Seat 8: caironluck ($3.86 in chips) 
Seat 9: AGVsmarT ($8.05 in chips) 
boiafeia111: posts small blind $0.02
matt blakk: posts big blind $0.05
*** HOLE CARDS ***
Dealt to Dorex2007 [Kd 8d]
leopoker1: raises $0.05 to $0.10
caironluck: folds 
AGVsmarT: calls $0.10
Goodbozz: folds 
Dorex2007: folds 
sorry88866: folds 
geniuss: folds 
boiafeia111: folds 
matt blakk: calls $0.05
*** FLOP *** [7h 2c 9c]
matt blakk: checks 
leopoker1: checks 
AGVsmarT: bets $0.15
matt blakk: calls $0.15
leopoker1: folds 
*** TURN *** [7h 2c 9c] [4s]
matt blakk: checks 
AGVsmarT: checks 
*** RIVER *** [7h 2c 9c 4s] [2h]
matt blakk: bets $0.40
AGVsmarT: calls $0.40
*** SHOW DOWN ***
matt blakk: shows [5s 9h] (two pair, Nines and Deuces)
AGVsmarT: mucks hand 
matt blakk collected $1.36 from pot
*** SUMMARY ***
Total pot $1.42 | Rake $0.06 
Board [7h 2c 9c 4s 2h]
Seat 1: Goodbozz folded before Flop (didn't bet)
Seat 2: Dorex2007 folded before Flop (didn't bet)
Seat 3: sorry88866 folded before Flop (didn't bet)
Seat 4: geniuss (button) folded before Flop (didn't bet)
Seat 5: boiafeia111 (small blind) folded before Flop
Seat 6: matt blakk (big blind) showed [5s 9h] and won ($1.36) with two pair, Nines and Deuces
Seat 7: leopoker1 folded on the Flop
Seat 8: caironluck folded before Flop (didn't bet)
Seat 9: AGVsmarT mucked [6h 6c]



PokerStars Hand #237817224828:  Hold'em No Limit ($0.02/$0.05 USD) - 2022/08/05 21:27:20 PT [2022/08/06 0:27:20 ET]
Table 'Propus II' 9-max Seat #5 is the button
Seat 1: Goodbozz ($6.13 in chips) 
Seat 2: Dorex2007 ($6.02 in chips) 
Seat 3: sorry88866 ($0.14 in chips) 
Seat 4: geniuss ($5.91 in chips) 
Seat 5: boiafeia111 ($4.98 in chips) 
Seat 6: matt blakk ($12.82 in chips) 
Seat 7: leopoker1 ($5 in chips) 
Seat 8: caironluck ($3.86 in chips) 
Seat 9: AGVsmarT ($7.40 in chips) 
matt blakk: posts small blind $0.02
leopoker1: posts big blind $0.05
*** HOLE CARDS ***
Dealt to Dorex2007 [7c 7s]
caironluck: folds 
AGVsmarT: folds 
Goodbozz: calls $0.05
Dorex2007: calls $0.05
sorry88866: raises $0.09 to $0.14 and is all-in
geniuss: folds 
boiafeia111: folds 
matt blakk: folds 
leopoker1: calls $0.09
Goodbozz: calls $0.09
Dorex2007: calls $0.09
*** FLOP *** [Qs 6h Ts]
leopoker1: checks 
Goodbozz: checks 
Dorex2007: checks 
*** TURN *** [Qs 6h Ts] [2h]
leopoker1: checks 
Goodbozz: checks 
Dorex2007: bets $0.15
leopoker1: calls $0.15
Goodbozz: calls $0.15
*** RIVER *** [Qs 6h Ts 2h] [9d]
leopoker1: checks 
Goodbozz: checks 
Dorex2007: checks 
*** SHOW DOWN ***
leopoker1: shows [9c Jc] (a pair of Nines)
Goodbozz: mucks hand 
Dorex2007: mucks hand 
leopoker1 collected $0.43 from side pot
sorry88866: mucks hand 
leopoker1 collected $0.56 from main pot
*** SUMMARY ***
Total pot $1.03 Main pot $0.56. Side pot $0.43. | Rake $0.04 
Board [Qs 6h Ts 2h 9d]
Seat 1: Goodbozz mucked [Ad 4d]
Seat 2: Dorex2007 mucked [7c 7s]
Seat 3: sorry88866 mucked [As 7h]
Seat 4: geniuss folded before Flop (didn't bet)
Seat 5: boiafeia111 (button) folded before Flop (didn't bet)
Seat 6: matt blakk (small blind) folded before Flop
Seat 7: leopoker1 (big blind) showed [9c Jc] and won ($0.99) with a pair of Nines
Seat 8: caironluck folded before Flop (didn't bet)
Seat 9: AGVsmarT folded before Flop (didn't bet)



PokerStars Hand #237817235782:  Hold'em No Limit ($0.02/$0.05 USD) - 2022/08/05 21:28:39 PT [2022/08/06 0:28:39 ET]
Table 'Propus II' 9-max Seat #6 is the button
Seat 1: Goodbozz ($5.84 in chips) 
Seat 2: Dorex2007 ($5.73 in chips) 
Seat 4: geniuss ($5.91 in chips) 
Seat 5: boiafeia111 ($5 in chips) 
Seat 6: matt blakk ($12.80 in chips) 
Seat 7: leopoker1 ($5.70 in chips) 
Seat 8: caironluck ($3.86 in chips) 
Seat 9: AGVsmarT ($7.40 in chips) 
leopoker1: posts small blind $0.02
caironluck: posts big blind $0.05
*** HOLE CARDS ***
Dealt to Dorex2007 [Kh 3s]
AGVsmarT: folds 
Goodbozz: folds 
Dorex2007: folds 
sorry88866 leaves the table
geniuss: raises $0.10 to $0.15
HAEMHuk2009 joins the table at seat #3 
boiafeia111: folds 
matt blakk: folds 
leopoker1: folds 
caironluck: calls $0.10
*** FLOP *** [Jh 5s 6d]
caironluck: checks 
geniuss: checks 
*** TURN *** [Jh 5s 6d] [5d]
caironluck: bets $0.31
geniuss: folds 
Uncalled bet ($0.31) returned to caironluck
caironluck collected $0.31 from pot
caironluck: doesn't show hand 
*** SUMMARY ***
Total pot $0.32 | Rake $0.01 
Board [Jh 5s 6d 5d]
Seat 1: Goodbozz folded before Flop (didn't bet)
Seat 2: Dorex2007 folded before Flop (didn't bet)
Seat 4: geniuss folded on the Turn
Seat 5: boiafeia111 folded before Flop (didn't bet)
Seat 6: matt blakk (button) folded before Flop (didn't bet)
Seat 7: leopoker1 (small blind) folded before Flop
Seat 8: caironluck (big blind) collected ($0.31)
Seat 9: AGVsmarT folded before Flop (didn't bet)



PokerStars Hand #237817242025:  Hold'em No Limit ($0.02/$0.05 USD) - 2022/08/05 21:29:25 PT [2022/08/06 0:29:25 ET]
Table 'Propus II' 9-max Seat #7 is the button
Seat 1: Goodbozz ($5.84 in chips) 
Seat 2: Dorex2007 ($5.73 in chips) 
Seat 4: geniuss ($5.76 in chips) 
Seat 5: boiafeia111 ($5 in chips) 
Seat 6: matt blakk ($12.80 in chips) 
Seat 7: leopoker1 ($5.68 in chips) 
Seat 8: caironluck ($4.02 in chips) 
Seat 9: AGVsmarT ($7.40 in chips) 
caironluck: posts small blind $0.02
AGVsmarT: posts big blind $0.05
HAEMHuk2009: sits out 
*** HOLE CARDS ***
Dealt to Dorex2007 [4h Jd]
Goodbozz: calls $0.05
Dorex2007: folds 
geniuss: folds 
boiafeia111: calls $0.05
matt blakk has timed out
matt blakk: folds 
leopoker1: calls $0.05
caironluck: raises $0.20 to $0.25
AGVsmarT: folds 
Goodbozz: folds 
boiafeia111: folds 
leopoker1: calls $0.20
*** FLOP *** [9d 2s 5h]
caironluck: bets $0.62
leopoker1: calls $0.62
*** TURN *** [9d 2s 5h] [5s]
caironluck: bets $3.15 and is all-in
leopoker1: calls $3.15
*** RIVER *** [9d 2s 5h 5s] [6c]
*** SHOW DOWN ***
caironluck: shows [Th Td] (two pair, Tens and Fives)
leopoker1: shows [9s 6s] (two pair, Nines and Sixes)
caironluck collected $7.85 from pot
*** SUMMARY ***
Total pot $8.19 | Rake $0.34 
Board [9d 2s 5h 5s 6c]
Seat 1: Goodbozz folded before Flop
Seat 2: Dorex2007 folded before Flop (didn't bet)
Seat 4: geniuss folded before Flop (didn't bet)
Seat 5: boiafeia111 folded before Flop
Seat 6: matt blakk folded before Flop (didn't bet)
Seat 7: leopoker1 (button) showed [9s 6s] and lost with two pair, Nines and Sixes
Seat 8: caironluck (small blind) showed [Th Td] and won ($7.85) with two pair, Tens and Fives
Seat 9: AGVsmarT (big blind) folded before Flop



PokerStars Hand #237817249927:  Hold'em No Limit ($0.02/$0.05 USD) - 2022/08/05 21:30:22 PT [2022/08/06 0:30:22 ET]
Table 'Propus II' 9-max Seat #8 is the button
Seat 1: Goodbozz ($5.79 in chips) 
Seat 2: Dorex2007 ($5.73 in chips) 
Seat 4: geniuss ($5.76 in chips) 
Seat 5: boiafeia111 ($5 in chips) 
Seat 6: matt blakk ($12.80 in chips) 
Seat 7: leopoker1 ($5 in chips) 
Seat 8: caironluck ($7.85 in chips) 
Seat 9: AGVsmarT ($7.35 in chips) 
AGVsmarT: posts small blind $0.02
Goodbozz: posts big blind $0.05
HAEMHuk2009: sits out 
*** HOLE CARDS ***
Dealt to Dorex2007 [4s 4c]
Dorex2007: calls $0.05
geniuss: raises $0.15 to $0.20
boiafeia111: calls $0.20
matt blakk: folds 
leopoker1: folds 
caironluck: folds 
AGVsmarT: folds 
Goodbozz: folds 
Dorex2007: calls $0.15
*** FLOP *** [Th 6d Ts]
Dorex2007: checks 
geniuss: checks 
boiafeia111: checks 
*** TURN *** [Th 6d Ts] [Qd]
Dorex2007: checks 
geniuss: checks 
boiafeia111: checks 
*** RIVER *** [Th 6d Ts Qd] [6c]
Dorex2007: checks 
geniuss: bets $0.46
boiafeia111: folds 
Dorex2007: folds 
Uncalled bet ($0.46) returned to geniuss
geniuss collected $0.64 from pot
*** SUMMARY ***
Total pot $0.67 | Rake $0.03 
Board [Th 6d Ts Qd 6c]
Seat 1: Goodbozz (big blind) folded before Flop
Seat 2: Dorex2007 folded on the River
Seat 4: geniuss collected ($0.64)
Seat 5: boiafeia111 folded on the River
Seat 6: matt blakk folded before Flop (didn't bet)
Seat 7: leopoker1 folded before Flop (didn't bet)
Seat 8: caironluck (button) folded before Flop (didn't bet)
Seat 9: AGVsmarT (small blind) folded before Flop



PokerStars Hand #237817257956:  Hold'em No Limit ($0.02/$0.05 USD) - 2022/08/05 21:31:20 PT [2022/08/06 0:31:20 ET]
Table 'Propus II' 9-max Seat #9 is the button
Seat 1: Goodbozz ($5.74 in chips) 
Seat 2: Dorex2007 ($5.53 in chips) 
Seat 4: geniuss ($6.20 in chips) 
Seat 5: boiafeia111 ($4.80 in chips) 
Seat 6: matt blakk ($12.80 in chips) 
Seat 7: leopoker1 ($5 in chips) 
Seat 8: caironluck ($7.85 in chips) 
Seat 9: AGVsmarT ($7.33 in chips) 
Goodbozz: posts small blind $0.02
Dorex2007: posts big blind $0.05
HAEMHuk2009: sits out 
*** HOLE CARDS ***
Dealt to Dorex2007 [7c Ah]
geniuss: calls $0.05
boiafeia111: folds 
matt blakk: folds 
leopoker1: folds 
caironluck: folds 
AGVsmarT: calls $0.05
Goodbozz: calls $0.03
Dorex2007: checks 
*** FLOP *** [7d Ks Td]
Goodbozz: checks 
Dorex2007: checks 
geniuss: checks 
AGVsmarT: bets $0.05
Goodbozz: folds 
Dorex2007: calls $0.05
geniuss: folds 
*** TURN *** [7d Ks Td] [3c]
Dorex2007: checks 
AGVsmarT: checks 
*** RIVER *** [7d Ks Td 3c] [3s]
Dorex2007: bets $0.10
AGVsmarT: folds 
Uncalled bet ($0.10) returned to Dorex2007
Dorex2007 collected $0.29 from pot
Dorex2007: doesn't show hand 
*** SUMMARY ***
Total pot $0.30 | Rake $0.01 
Board [7d Ks Td 3c 3s]
Seat 1: Goodbozz (small blind) folded on the Flop
Seat 2: Dorex2007 (big blind) collected ($0.29)
Seat 4: geniuss folded on the Flop
Seat 5: boiafeia111 folded before Flop (didn't bet)
Seat 6: matt blakk folded before Flop (didn't bet)
Seat 7: leopoker1 folded before Flop (didn't bet)
Seat 8: caironluck folded before Flop (didn't bet)
Seat 9: AGVsmarT (button) folded on the River



PokerStars Hand #237817268303:  Hold'em No Limit ($0.02/$0.05 USD) - 2022/08/05 21:32:36 PT [2022/08/06 0:32:36 ET]
Table 'Propus II' 9-max Seat #1 is the button
Seat 1: Goodbozz ($5.69 in chips) 
Seat 2: Dorex2007 ($5.72 in chips) 
Seat 3: HAEMHuk2009 ($5 in chips) 
Seat 4: geniuss ($6.15 in chips) 
Seat 5: boiafeia111 ($5 in chips) 
Seat 7: leopoker1 ($5 in chips) 
Seat 8: caironluck ($7.85 in chips) 
Seat 9: AGVsmarT ($7.23 in chips) 
Dorex2007: posts small blind $0.02
HAEMHuk2009: posts big blind $0.05
*** HOLE CARDS ***
Dealt to Dorex2007 [8s 7h]
geniuss: folds 
boiafeia111: folds 
leopoker1: folds 
caironluck has timed out
caironluck: folds 
AGVsmarT: folds 
Goodbozz: folds 
Dorex2007: folds 
Uncalled bet ($0.03) returned to HAEMHuk2009
HAEMHuk2009 collected $0.04 from pot
HAEMHuk2009: doesn't show hand 
*** SUMMARY ***
Total pot $0.04 | Rake $0 
Seat 1: Goodbozz (button) folded before Flop (didn't bet)
Seat 2: Dorex2007 (small blind) folded before Flop
Seat 3: HAEMHuk2009 (big blind) collected ($0.04)
Seat 4: geniuss folded before Flop (didn't bet)
Seat 5: boiafeia111 folded before Flop (didn't bet)
Seat 7: leopoker1 folded before Flop (didn't bet)
Seat 8: caironluck folded before Flop (didn't bet)
Seat 9: AGVsmarT folded before Flop (didn't bet)



PokerStars Hand #237817271785:  Hold'em No Limit ($0.02/$0.05 USD) - 2022/08/05 21:33:02 PT [2022/08/06 0:33:02 ET]
Table 'Propus II' 9-max Seat #2 is the button
Seat 1: Goodbozz ($5.69 in chips) 
Seat 2: Dorex2007 ($5.70 in chips) 
Seat 3: HAEMHuk2009 ($5.02 in chips) 
Seat 4: geniuss ($6.15 in chips) 
Seat 5: boiafeia111 ($5 in chips) 
Seat 7: leopoker1 ($5 in chips) 
Seat 8: caironluck ($7.85 in chips) 
Seat 9: AGVsmarT ($7.23 in chips) 
HAEMHuk2009: posts small blind $0.02
geniuss: posts big blind $0.05
*** HOLE CARDS ***
Dealt to Dorex2007 [5c Ts]
boiafeia111: folds 
leopoker1: folds 
caironluck has timed out
caironluck: folds 
AGVsmarT: calls $0.05
Goodbozz: folds 
Dorex2007: folds 
HAEMHuk2009: folds 
geniuss: checks 
*** FLOP *** [4s 6c Kc]
geniuss: checks 
AGVsmarT: checks 
*** TURN *** [4s 6c Kc] [Kh]
geniuss: checks 
AGVsmarT: checks 
*** RIVER *** [4s 6c Kc Kh] [Qh]
geniuss: checks 
AGVsmarT: checks 
*** SHOW DOWN ***
geniuss: shows [Th 5s] (a pair of Kings)
AGVsmarT: shows [9h Jd] (a pair of Kings - Queen+Jack kicker)
AGVsmarT collected $0.12 from pot
*** SUMMARY ***
Total pot $0.12 | Rake $0 
Board [4s 6c Kc Kh Qh]
Seat 1: Goodbozz folded before Flop (didn't bet)
Seat 2: Dorex2007 (button) folded before Flop (didn't bet)
Seat 3: HAEMHuk2009 (small blind) folded before Flop
Seat 4: geniuss (big blind) showed [Th 5s] and lost with a pair of Kings
Seat 5: boiafeia111 folded before Flop (didn't bet)
Seat 7: leopoker1 folded before Flop (didn't bet)
Seat 8: caironluck folded before Flop (didn't bet)
Seat 9: AGVsmarT showed [9h Jd] and won ($0.12) with a pair of Kings



PokerStars Hand #237817279510:  Hold'em No Limit ($0.02/$0.05 USD) - 2022/08/05 21:33:58 PT [2022/08/06 0:33:58 ET]
Table 'Propus II' 9-max Seat #3 is the button
Seat 1: Goodbozz ($5.69 in chips) 
Seat 2: Dorex2007 ($5.70 in chips) 
Seat 3: HAEMHuk2009 ($5 in chips) 
Seat 4: geniuss ($6.10 in chips) 
Seat 5: boiafeia111 ($5 in chips) 
Seat 7: leopoker1 ($5 in chips) 
Seat 8: caironluck ($7.85 in chips) 
Seat 9: AGVsmarT ($7.30 in chips) 
geniuss: posts small blind $0.02
boiafeia111: posts big blind $0.05
*** HOLE CARDS ***
Dealt to Dorex2007 [Ah 4c]
leopoker1: folds 
caironluck: raises $0.20 to $0.25
matt blakk leaves the table
AGVsmarT: folds 
Goodbozz: calls $0.25
Dorex2007: folds 
HAEMHuk2009: folds 
geniuss: folds 
boiafeia111: folds 
*** FLOP *** [6h 5d Kh]
daryl meow joins the table at seat #6 
caironluck: bets $0.27
Goodbozz: folds 
Uncalled bet ($0.27) returned to caironluck
caironluck collected $0.55 from pot
caironluck: doesn't show hand 
*** SUMMARY ***
Total pot $0.57 | Rake $0.02 
Board [6h 5d Kh]
Seat 1: Goodbozz folded on the Flop
Seat 2: Dorex2007 folded before Flop (didn't bet)
Seat 3: HAEMHuk2009 (button) folded before Flop (didn't bet)
Seat 4: geniuss (small blind) folded before Flop
Seat 5: boiafeia111 (big blind) folded before Flop
Seat 7: leopoker1 folded before Flop (didn't bet)
Seat 8: caironluck collected ($0.55)
Seat 9: AGVsmarT folded before Flop (didn't bet)



PokerStars Hand #237817283835:  Hold'em No Limit ($0.02/$0.05 USD) - 2022/08/05 21:34:30 PT [2022/08/06 0:34:30 ET]
Table 'Propus II' 9-max Seat #4 is the button
Seat 1: Goodbozz ($5.44 in chips) 
Seat 2: Dorex2007 ($5.70 in chips) 
Seat 3: HAEMHuk2009 ($5 in chips) 
Seat 4: geniuss ($6.08 in chips) 
Seat 5: boiafeia111 ($5 in chips) 
Seat 6: daryl meow ($5 in chips) 
Seat 7: leopoker1 ($5 in chips) 
Seat 8: caironluck ($8.15 in chips) 
Seat 9: AGVsmarT ($7.30 in chips) 
boiafeia111: posts small blind $0.02
daryl meow: posts big blind $0.05
*** HOLE CARDS ***
Dealt to Dorex2007 [Jd 6h]
leopoker1: folds 
caironluck: folds 
AGVsmarT: folds 
Goodbozz: calls $0.05
Dorex2007: folds 
HAEMHuk2009: folds 
geniuss: folds 
boiafeia111: calls $0.03
daryl meow: checks 
*** FLOP *** [4d 3h Kc]
boiafeia111: checks 
daryl meow: checks 
Goodbozz: bets $0.05
boiafeia111: folds 
daryl meow: folds 
Uncalled bet ($0.05) returned to Goodbozz
Goodbozz collected $0.14 from pot
*** SUMMARY ***
Total pot $0.15 | Rake $0.01 
Board [4d 3h Kc]
Seat 1: Goodbozz collected ($0.14)
Seat 2: Dorex2007 folded before Flop (didn't bet)
Seat 3: HAEMHuk2009 folded before Flop (didn't bet)
Seat 4: geniuss (button) folded before Flop (didn't bet)
Seat 5: boiafeia111 (small blind) folded on the Flop
Seat 6: daryl meow (big blind) folded on the Flop
Seat 7: leopoker1 folded before Flop (didn't bet)
Seat 8: caironluck folded before Flop (didn't bet)
Seat 9: AGVsmarT folded before Flop (didn't bet)



PokerStars Hand #237817290446:  Hold'em No Limit ($0.02/$0.05 USD) - 2022/08/05 21:35:19 PT [2022/08/06 0:35:19 ET]
Table 'Propus II' 9-max Seat #5 is the button
Seat 1: Goodbozz ($5.53 in chips) 
Seat 2: Dorex2007 ($5.70 in chips) 
Seat 3: HAEMHuk2009 ($5 in chips) 
Seat 4: geniuss ($6.08 in chips) 
Seat 5: boiafeia111 ($4.95 in chips) 
Seat 6: daryl meow ($4.95 in chips) 
Seat 7: leopoker1 ($5 in chips) 
Seat 8: caironluck ($8.15 in chips) 
Seat 9: AGVsmarT ($7.30 in chips) 
daryl meow: posts small blind $0.02
leopoker1: posts big blind $0.05
*** HOLE CARDS ***
Dealt to Dorex2007 [7d Ts]
caironluck has timed out
caironluck: folds 
AGVsmarT: folds 
Goodbozz: folds 
Dorex2007: folds 
HAEMHuk2009: folds 
geniuss: folds 
boiafeia111: folds 
daryl meow: raises $0.10 to $0.15
leopoker1: folds 
Uncalled bet ($0.10) returned to daryl meow
daryl meow collected $0.10 from pot
daryl meow: doesn't show hand 
*** SUMMARY ***
Total pot $0.10 | Rake $0 
Seat 1: Goodbozz folded before Flop (didn't bet)
Seat 2: Dorex2007 folded before Flop (didn't bet)
Seat 3: HAEMHuk2009 folded before Flop (didn't bet)
Seat 4: geniuss folded before Flop (didn't bet)
Seat 5: boiafeia111 (button) folded before Flop (didn't bet)
Seat 6: daryl meow (small blind) collected ($0.10)
Seat 7: leopoker1 (big blind) folded before Flop
Seat 8: caironluck folded before Flop (didn't bet)
Seat 9: AGVsmarT folded before Flop (didn't bet)



PokerStars Hand #237817295207:  Hold'em No Limit ($0.02/$0.05 USD) - 2022/08/05 21:35:53 PT [2022/08/06 0:35:53 ET]
Table 'Propus II' 9-max Seat #6 is the button
Seat 1: Goodbozz ($5.53 in chips) 
Seat 2: Dorex2007 ($5.70 in chips) 
Seat 3: HAEMHuk2009 ($5 in chips) 
Seat 4: geniuss ($6.08 in chips) 
Seat 5: boiafeia111 ($5 in chips) 
Seat 6: daryl meow ($5 in chips) 
Seat 7: leopoker1 ($5 in chips) 
Seat 8: caironluck ($8.15 in chips) 
Seat 9: AGVsmarT ($7.30 in chips) 
leopoker1: posts small blind $0.02
caironluck: posts big blind $0.05
*** HOLE CARDS ***
Dealt to Dorex2007 [As Jc]
AGVsmarT: folds 
Goodbozz: raises $0.05 to $0.10
Dorex2007: calls $0.10
HAEMHuk2009: folds 
geniuss: folds 
boiafeia111: folds 
daryl meow: folds 
leopoker1: calls $0.08
caironluck: folds 
*** FLOP *** [Jd 6d Ad]
leopoker1: checks 
Goodbozz: checks 
Dorex2007: bets $0.34
leopoker1: folds 
Goodbozz: calls $0.34
*** TURN *** [Jd 6d Ad] [Ac]
Goodbozz: bets $0.49
Dorex2007: raises $0.61 to $1.10
Goodbozz: raises $3.99 to $5.09 and is all-in
Dorex2007: calls $3.99
*** RIVER *** [Jd 6d Ad Ac] [9h]
*** SHOW DOWN ***
Goodbozz: shows [6h 6c] (a full house, Sixes full of Aces)
Dorex2007: shows [As Jc] (a full house, Aces full of Jacks)
Dorex2007 cashed out the hand for $10.39 | Cash Out Fee $0.10
*** SUMMARY ***
Total pot $11.21 | Rake $0.47 
Board [Jd 6d Ad Ac 9h]
Seat 1: Goodbozz showed [6h 6c] and lost with a full house, Sixes full of Aces
Seat 2: Dorex2007 showed [As Jc] and won ($10.74) with a full house, Aces full of Jacks (pot not awarded as player cashed out)
Seat 3: HAEMHuk2009 folded before Flop (didn't bet)
Seat 4: geniuss folded before Flop (didn't bet)
Seat 5: boiafeia111 folded before Flop (didn't bet)
Seat 6: daryl meow (button) folded before Flop (didn't bet)
Seat 7: leopoker1 (small blind) folded on the Flop
Seat 8: caironluck (big blind) folded before Flop
Seat 9: AGVsmarT folded before Flop (didn't bet)



PokerStars Hand #237817310520:  Hold'em No Limit ($0.02/$0.05 USD) - 2022/08/05 21:37:16 PT [2022/08/06 0:37:16 ET]
Table 'Propus II' 9-max Seat #7 is the button
Seat 2: Dorex2007 ($10.56 in chips) 
Seat 3: HAEMHuk2009 ($5 in chips) 
Seat 4: geniuss ($6.08 in chips) 
Seat 5: boiafeia111 ($5 in chips) 
Seat 6: daryl meow ($5 in chips) 
Seat 7: leopoker1 ($5 in chips) 
Seat 8: caironluck ($8.10 in chips) 
Seat 9: AGVsmarT ($7.30 in chips) 
caironluck: posts small blind $0.02
AGVsmarT: posts big blind $0.05
*** HOLE CARDS ***
Dealt to Dorex2007 [Td 9c]
Dorex2007 has timed out
Dorex2007: folds 
HAEMHuk2009: folds 
geniuss: folds 
boiafeia111: folds 
Goodbozz leaves the table
daryl meow: raises $0.05 to $0.10
leopoker1: calls $0.10
caironluck: folds 
AGVsmarT: calls $0.05
*** FLOP *** [7s 5h 6h]
AGVsmarT: checks 
daryl meow: bets $0.20
ggerardi joins the table at seat #1 
leopoker1: folds 
AGVsmarT: folds 
Uncalled bet ($0.20) returned to daryl meow
daryl meow collected $0.31 from pot
daryl meow: doesn't show hand 
*** SUMMARY ***
Total pot $0.32 | Rake $0.01 
Board [7s 5h 6h]
Seat 2: Dorex2007 folded before Flop (didn't bet)
Seat 3: HAEMHuk2009 folded before Flop (didn't bet)
Seat 4: geniuss folded before Flop (didn't bet)
Seat 5: boiafeia111 folded before Flop (didn't bet)
Seat 6: daryl meow collected ($0.31)
Seat 7: leopoker1 (button) folded on the Flop
Seat 8: caironluck (small blind) folded before Flop
Seat 9: AGVsmarT (big blind) folded on the Flop



PokerStars Hand #237817320082:  Hold'em No Limit ($0.02/$0.05 USD) - 2022/08/05 21:38:26 PT [2022/08/06 0:38:26 ET]
Table 'Propus II' 9-max Seat #8 is the button
Seat 1: ggerardi ($2 in chips) 
Seat 2: Dorex2007 ($10.56 in chips) 
Seat 3: HAEMHuk2009 ($5 in chips) 
Seat 4: geniuss ($6.08 in chips) 
Seat 5: boiafeia111 ($5 in chips) 
Seat 6: daryl meow ($5.21 in chips) 
Seat 7: leopoker1 ($5 in chips) 
Seat 8: caironluck ($8.08 in chips) 
Seat 9: AGVsmarT ($7.20 in chips) 
AGVsmarT: posts small blind $0.02
ggerardi: posts big blind $0.05
*** HOLE CARDS ***
Dealt to Dorex2007 [3c 8d]
Dorex2007: folds 
HAEMHuk2009: raises $0.10 to $0.15
geniuss: folds 
boiafeia111: folds 
daryl meow: folds 
leopoker1: folds 
caironluck: calls $0.15
AGVsmarT: calls $0.13
ggerardi: folds 
*** FLOP *** [4c Kc 4d]
AGVsmarT: checks 
HAEMHuk2009: checks 
caironluck: checks 
*** TURN *** [4c Kc 4d] [Ts]
AGVsmarT: bets $0.20
HAEMHuk2009: raises $0.31 to $0.51
caironluck: folds 
AGVsmarT: folds 
Uncalled bet ($0.31) returned to HAEMHuk2009
HAEMHuk2009 collected $0.86 from pot
HAEMHuk2009: doesn't show hand 
*** SUMMARY ***
Total pot $0.90 | Rake $0.04 
Board [4c Kc 4d Ts]
Seat 1: ggerardi (big blind) folded before Flop
Seat 2: Dorex2007 folded before Flop (didn't bet)
Seat 3: HAEMHuk2009 collected ($0.86)
Seat 4: geniuss folded before Flop (didn't bet)
Seat 5: boiafeia111 folded before Flop (didn't bet)
Seat 6: daryl meow folded before Flop (didn't bet)
Seat 7: leopoker1 folded before Flop (didn't bet)
Seat 8: caironluck (button) folded on the Turn
Seat 9: AGVsmarT (small blind) folded on the Turn



PokerStars Hand #237817328717:  Hold'em No Limit ($0.02/$0.05 USD) - 2022/08/05 21:39:29 PT [2022/08/06 0:39:29 ET]
Table 'Propus II' 9-max Seat #9 is the button
Seat 1: ggerardi ($1.95 in chips) 
Seat 2: Dorex2007 ($10.56 in chips) 
Seat 3: HAEMHuk2009 ($5.51 in chips) 
Seat 4: geniuss ($6.08 in chips) 
Seat 5: boiafeia111 ($5 in chips) 
Seat 6: daryl meow ($5.21 in chips) 
Seat 7: leopoker1 ($5 in chips) 
Seat 8: caironluck ($7.93 in chips) 
Seat 9: AGVsmarT ($6.85 in chips) 
ggerardi: posts small blind $0.02
Dorex2007: posts big blind $0.05
*** HOLE CARDS ***
Dealt to Dorex2007 [7d 2c]
HAEMHuk2009: folds 
geniuss: folds 
boiafeia111: folds 
daryl meow has timed out
daryl meow: folds 
leopoker1: folds 
caironluck: folds 
AGVsmarT: folds 
ggerardi: folds 
Uncalled bet ($0.03) returned to Dorex2007
Dorex2007 collected $0.04 from pot
Dorex2007: doesn't show hand 
*** SUMMARY ***
Total pot $0.04 | Rake $0 
Seat 1: ggerardi (small blind) folded before Flop
Seat 2: Dorex2007 (big blind) collected ($0.04)
Seat 3: HAEMHuk2009 folded before Flop (didn't bet)
Seat 4: geniuss folded before Flop (didn't bet)
Seat 5: boiafeia111 folded before Flop (didn't bet)
Seat 6: daryl meow folded before Flop (didn't bet)
Seat 7: leopoker1 folded before Flop (didn't bet)
Seat 8: caironluck folded before Flop (didn't bet)
Seat 9: AGVsmarT (button) folded before Flop (didn't bet)



PokerStars Hand #237817333229:  Hold'em No Limit ($0.02/$0.05 USD) - 2022/08/05 21:40:02 PT [2022/08/06 0:40:02 ET]
Table 'Propus II' 9-max Seat #1 is the button
Seat 1: ggerardi ($1.93 in chips) 
Seat 2: Dorex2007 ($10.58 in chips) 
Seat 3: HAEMHuk2009 ($5.51 in chips) 
Seat 4: geniuss ($6.08 in chips) 
Seat 5: boiafeia111 ($5 in chips) 
Seat 6: daryl meow ($5.21 in chips) 
Seat 7: leopoker1 ($5 in chips) 
Seat 8: caironluck ($7.93 in chips) 
Seat 9: AGVsmarT ($6.85 in chips) 
Dorex2007: posts small blind $0.02
HAEMHuk2009: posts big blind $0.05
*** HOLE CARDS ***
Dealt to Dorex2007 [Ks 3h]
geniuss: folds 
boiafeia111: folds 
daryl meow: folds 
leopoker1: folds 
caironluck: folds 
AGVsmarT: folds 
ggerardi: folds 
Dorex2007: calls $0.03
HAEMHuk2009: checks 
*** FLOP *** [4c Ad 5c]
Dorex2007: checks 
HAEMHuk2009: checks 
*** TURN *** [4c Ad 5c] [8c]
Dorex2007: checks 
HAEMHuk2009: checks 
*** RIVER *** [4c Ad 5c 8c] [Ah]
Dorex2007: checks 
HAEMHuk2009: checks 
*** SHOW DOWN ***
Dorex2007: shows [Ks 3h] (a pair of Aces)
HAEMHuk2009: mucks hand 
Dorex2007 collected $0.10 from pot
*** SUMMARY ***
Total pot $0.10 | Rake $0 
Board [4c Ad 5c 8c Ah]
Seat 1: ggerardi (button) folded before Flop (didn't bet)
Seat 2: Dorex2007 (small blind) showed [Ks 3h] and won ($0.10) with a pair of Aces
Seat 3: HAEMHuk2009 (big blind) mucked [Th Qs]
Seat 4: geniuss folded before Flop (didn't bet)
Seat 5: boiafeia111 folded before Flop (didn't bet)
Seat 6: daryl meow folded before Flop (didn't bet)
Seat 7: leopoker1 folded before Flop (didn't bet)
Seat 8: caironluck folded before Flop (didn't bet)
Seat 9: AGVsmarT folded before Flop (didn't bet)



PokerStars Hand #237817342033:  Hold'em No Limit ($0.02/$0.05 USD) - 2022/08/05 21:41:07 PT [2022/08/06 0:41:07 ET]
Table 'Propus II' 9-max Seat #2 is the button
Seat 1: ggerardi ($1.93 in chips) 
Seat 2: Dorex2007 ($10.63 in chips) 
Seat 3: HAEMHuk2009 ($5.46 in chips) 
Seat 4: geniuss ($6.08 in chips) 
Seat 5: boiafeia111 ($5 in chips) 
Seat 6: daryl meow ($5.21 in chips) 
Seat 7: leopoker1 ($5 in chips) 
Seat 8: caironluck ($7.93 in chips) 
Seat 9: AGVsmarT ($6.85 in chips) 
HAEMHuk2009: posts small blind $0.02
geniuss: posts big blind $0.05
*** HOLE CARDS ***
Dealt to Dorex2007 [Ts 3s]
boiafeia111: folds 
daryl meow: raises $0.05 to $0.10
leopoker1: folds 
caironluck: folds 
AGVsmarT: folds 
ggerardi: raises $0.27 to $0.37
Dorex2007: folds 
HAEMHuk2009: folds 
geniuss: folds 
daryl meow: raises $0.28 to $0.65
ggerardi: calls $0.28
*** FLOP *** [9h 5h 4d]
daryl meow: bets $0.87
ggerardi: folds 
Uncalled bet ($0.87) returned to daryl meow
daryl meow collected $1.31 from pot
daryl meow: doesn't show hand 
*** SUMMARY ***
Total pot $1.37 | Rake $0.06 
Board [9h 5h 4d]
Seat 1: ggerardi folded on the Flop
Seat 2: Dorex2007 (button) folded before Flop (didn't bet)
Seat 3: HAEMHuk2009 (small blind) folded before Flop
Seat 4: geniuss (big blind) folded before Flop
Seat 5: boiafeia111 folded before Flop (didn't bet)
Seat 6: daryl meow collected ($1.31)
Seat 7: leopoker1 folded before Flop (didn't bet)
Seat 8: caironluck folded before Flop (didn't bet)
Seat 9: AGVsmarT folded before Flop (didn't bet)



PokerStars Hand #237817350755:  Hold'em No Limit ($0.02/$0.05 USD) - 2022/08/05 21:42:13 PT [2022/08/06 0:42:13 ET]
Table 'Propus II' 9-max Seat #3 is the button
Seat 1: ggerardi ($1.28 in chips) 
Seat 2: Dorex2007 ($10.63 in chips) 
Seat 3: HAEMHuk2009 ($5.44 in chips) 
Seat 4: geniuss ($6.03 in chips) 
Seat 5: boiafeia111 ($5 in chips) 
Seat 6: daryl meow ($5.87 in chips) 
Seat 7: leopoker1 ($5 in chips) 
Seat 8: caironluck ($7.93 in chips) 
Seat 9: AGVsmarT ($6.85 in chips) 
geniuss: posts small blind $0.02
boiafeia111: posts big blind $0.05
*** HOLE CARDS ***
Dealt to Dorex2007 [3h 6h]
daryl meow: folds 
leopoker1: folds 
caironluck: folds 
AGVsmarT: folds 
ggerardi: raises $0.12 to $0.17
Dorex2007: folds 
HAEMHuk2009: folds 
geniuss: folds 
boiafeia111: folds 
Uncalled bet ($0.12) returned to ggerardi
ggerardi collected $0.12 from pot
ggerardi: doesn't show hand 
*** SUMMARY ***
Total pot $0.12 | Rake $0 
Seat 1: ggerardi collected ($0.12)
Seat 2: Dorex2007 folded before Flop (didn't bet)
Seat 3: HAEMHuk2009 (button) folded before Flop (didn't bet)
Seat 4: geniuss (small blind) folded before Flop
Seat 5: boiafeia111 (big blind) folded before Flop
Seat 6: daryl meow folded before Flop (didn't bet)
Seat 7: leopoker1 folded before Flop (didn't bet)
Seat 8: caironluck folded before Flop (didn't bet)
Seat 9: AGVsmarT folded before Flop (didn't bet)



PokerStars Hand #237817357760:  Hold'em No Limit ($0.02/$0.05 USD) - 2022/08/05 21:43:04 PT [2022/08/06 0:43:04 ET]
Table 'Propus II' 9-max Seat #4 is the button
Seat 1: ggerardi ($1.35 in chips) 
Seat 2: Dorex2007 ($10.63 in chips) 
Seat 3: HAEMHuk2009 ($5.44 in chips) 
Seat 4: geniuss ($6.01 in chips) 
Seat 5: boiafeia111 ($4.95 in chips) 
Seat 6: daryl meow ($5.87 in chips) 
Seat 7: leopoker1 ($5 in chips) 
Seat 8: caironluck ($7.93 in chips) 
Seat 9: AGVsmarT ($6.85 in chips) 
boiafeia111: posts small blind $0.02
daryl meow: posts big blind $0.05
*** HOLE CARDS ***
Dealt to Dorex2007 [Kh 6h]
leopoker1: folds 
caironluck: folds 
AGVsmarT: raises $0.12 to $0.17
ggerardi: folds 
Dorex2007: folds 
HAEMHuk2009: folds 
geniuss: folds 
boiafeia111: folds 
daryl meow: folds 
Uncalled bet ($0.12) returned to AGVsmarT
AGVsmarT collected $0.12 from pot
*** SUMMARY ***
Total pot $0.12 | Rake $0 
Seat 1: ggerardi folded before Flop (didn't bet)
Seat 2: Dorex2007 folded before Flop (didn't bet)
Seat 3: HAEMHuk2009 folded before Flop (didn't bet)
Seat 4: geniuss (button) folded before Flop (didn't bet)
Seat 5: boiafeia111 (small blind) folded before Flop
Seat 6: daryl meow (big blind) folded before Flop
Seat 7: leopoker1 folded before Flop (didn't bet)
Seat 8: caironluck folded before Flop (didn't bet)
Seat 9: AGVsmarT collected ($0.12)



PokerStars Hand #237817364879:  Hold'em No Limit ($0.02/$0.05 USD) - 2022/08/05 21:43:56 PT [2022/08/06 0:43:56 ET]
Table 'Propus II' 9-max Seat #5 is the button
Seat 1: ggerardi ($1.35 in chips) 
Seat 2: Dorex2007 ($10.63 in chips) 
Seat 3: HAEMHuk2009 ($5.44 in chips) 
Seat 4: geniuss ($6.01 in chips) 
Seat 5: boiafeia111 ($4.98 in chips) 
Seat 6: daryl meow ($5.82 in chips) 
Seat 7: leopoker1 ($5 in chips) 
Seat 8: caironluck ($7.93 in chips) 
Seat 9: AGVsmarT ($6.92 in chips) 
daryl meow: posts small blind $0.02
leopoker1: posts big blind $0.05
*** HOLE CARDS ***
Dealt to Dorex2007 [8c 7c]
caironluck: raises $0.10 to $0.15
AGVsmarT: folds 
ggerardi: folds 
Dorex2007: folds 
HAEMHuk2009: folds 
geniuss: folds 
boiafeia111: folds 
daryl meow: folds 
leopoker1: folds 
Uncalled bet ($0.10) returned to caironluck
caironluck collected $0.12 from pot
caironluck: doesn't show hand 
*** SUMMARY ***
Total pot $0.12 | Rake $0 
Seat 1: ggerardi folded before Flop (didn't bet)
Seat 2: Dorex2007 folded before Flop (didn't bet)
Seat 3: HAEMHuk2009 folded before Flop (didn't bet)
Seat 4: geniuss folded before Flop (didn't bet)
Seat 5: boiafeia111 (button) folded before Flop (didn't bet)
Seat 6: daryl meow (small blind) folded before Flop
Seat 7: leopoker1 (big blind) folded before Flop
Seat 8: caironluck collected ($0.12)
Seat 9: AGVsmarT folded before Flop (didn't bet)



PokerStars Hand #237817371129:  Hold'em No Limit ($0.02/$0.05 USD) - 2022/08/05 21:44:42 PT [2022/08/06 0:44:42 ET]
Table 'Propus II' 9-max Seat #6 is the button
Seat 1: ggerardi ($1.35 in chips) 
Seat 2: Dorex2007 ($10.63 in chips) 
Seat 3: HAEMHuk2009 ($5.44 in chips) 
Seat 4: geniuss ($6.01 in chips) 
Seat 5: boiafeia111 ($4.98 in chips) 
Seat 6: daryl meow ($5.80 in chips) 
Seat 7: leopoker1 ($5 in chips) 
Seat 8: caironluck ($8 in chips) 
Seat 9: AGVsmarT ($6.92 in chips) 
leopoker1: posts small blind $0.02
caironluck: posts big blind $0.05
*** HOLE CARDS ***
Dealt to Dorex2007 [6d Kh]
AGVsmarT: folds 
ggerardi: raises $0.12 to $0.17
Dorex2007: folds 
HAEMHuk2009 has timed out
HAEMHuk2009: folds 
geniuss: folds 
boiafeia111: folds 
daryl meow: folds 
leopoker1: folds 
caironluck: folds 
Uncalled bet ($0.12) returned to ggerardi
ggerardi collected $0.12 from pot
ggerardi: doesn't show hand 
*** SUMMARY ***
Total pot $0.12 | Rake $0 
Seat 1: ggerardi collected ($0.12)
Seat 2: Dorex2007 folded before Flop (didn't bet)
Seat 3: HAEMHuk2009 folded before Flop (didn't bet)
Seat 4: geniuss folded before Flop (didn't bet)
Seat 5: boiafeia111 folded before Flop (didn't bet)
Seat 6: daryl meow (button) folded before Flop (didn't bet)
Seat 7: leopoker1 (small blind) folded before Flop
Seat 8: caironluck (big blind) folded before Flop
Seat 9: AGVsmarT folded before Flop (didn't bet)



PokerStars Hand #237817381183:  Hold'em No Limit ($0.02/$0.05 USD) - 2022/08/05 21:45:56 PT [2022/08/06 0:45:56 ET]
Table 'Propus II' 9-max Seat #7 is the button
Seat 1: ggerardi ($1.42 in chips) 
Seat 2: Dorex2007 ($10.63 in chips) 
Seat 3: HAEMHuk2009 ($5.44 in chips) 
Seat 4: geniuss ($6.01 in chips) 
Seat 5: boiafeia111 ($4.98 in chips) 
Seat 6: daryl meow ($5.80 in chips) 
Seat 7: leopoker1 ($5 in chips) 
Seat 8: caironluck ($7.95 in chips) 
Seat 9: AGVsmarT ($6.92 in chips) 
caironluck: posts small blind $0.02
AGVsmarT: posts big blind $0.05
*** HOLE CARDS ***
Dealt to Dorex2007 [3c Ad]
ggerardi: raises $0.15 to $0.20
Dorex2007: folds 
HAEMHuk2009: folds 
geniuss: folds 
boiafeia111: folds 
daryl meow: folds 
leopoker1: folds 
caironluck: calls $0.18
AGVsmarT: folds 
*** FLOP *** [Ac Js Jd]
caironluck: checks 
ggerardi: bets $0.21
caironluck: calls $0.21
*** TURN *** [Ac Js Jd] [6c]
caironluck: checks 
ggerardi: checks 
*** RIVER *** [Ac Js Jd 6c] [Ts]
caironluck: bets $0.83
ggerardi: raises $0.18 to $1.01 and is all-in
caironluck: folds 
Uncalled bet ($0.18) returned to ggerardi
ggerardi collected $2.43 from pot
ggerardi: doesn't show hand 
*** SUMMARY ***
Total pot $2.53 | Rake $0.10 
Board [Ac Js Jd 6c Ts]
Seat 1: ggerardi collected ($2.43)
Seat 2: Dorex2007 folded before Flop (didn't bet)
Seat 3: HAEMHuk2009 folded before Flop (didn't bet)
Seat 4: geniuss folded before Flop (didn't bet)
Seat 5: boiafeia111 folded before Flop (didn't bet)
Seat 6: daryl meow folded before Flop (didn't bet)
Seat 7: leopoker1 (button) folded before Flop (didn't bet)
Seat 8: caironluck (small blind) folded on the River
Seat 9: AGVsmarT (big blind) folded before Flop



PokerStars Hand #237817389183:  Hold'em No Limit ($0.02/$0.05 USD) - 2022/08/05 21:46:56 PT [2022/08/06 0:46:56 ET]
Table 'Propus II' 9-max Seat #8 is the button
Seat 1: ggerardi ($2.61 in chips) 
Seat 2: Dorex2007 ($10.63 in chips) 
Seat 3: HAEMHuk2009 ($5.44 in chips) 
Seat 4: geniuss ($6.01 in chips) 
Seat 5: boiafeia111 ($4.98 in chips) 
Seat 6: daryl meow ($5.80 in chips) 
Seat 7: leopoker1 ($5 in chips) 
Seat 8: caironluck ($6.71 in chips) 
Seat 9: AGVsmarT ($6.87 in chips) 
AGVsmarT: posts small blind $0.02
ggerardi: posts big blind $0.05
*** HOLE CARDS ***
Dealt to Dorex2007 [3s 7s]
Dorex2007: folds 
HAEMHuk2009 has timed out
HAEMHuk2009: folds 
geniuss: folds 
boiafeia111: folds 
daryl meow: raises $0.10 to $0.15
leopoker1: folds 
caironluck: folds 
AGVsmarT: folds 
ggerardi: folds 
Uncalled bet ($0.10) returned to daryl meow
daryl meow collected $0.12 from pot
daryl meow: doesn't show hand 
*** SUMMARY ***
Total pot $0.12 | Rake $0 
Seat 1: ggerardi (big blind) folded before Flop
Seat 2: Dorex2007 folded before Flop (didn't bet)
Seat 3: HAEMHuk2009 folded before Flop (didn't bet)
Seat 4: geniuss folded before Flop (didn't bet)
Seat 5: boiafeia111 folded before Flop (didn't bet)
Seat 6: daryl meow collected ($0.12)
Seat 7: leopoker1 folded before Flop (didn't bet)
Seat 8: caironluck (button) folded before Flop (didn't bet)
Seat 9: AGVsmarT (small blind) folded before Flop



PokerStars Hand #237817394483:  Hold'em No Limit ($0.02/$0.05 USD) - 2022/08/05 21:47:35 PT [2022/08/06 0:47:35 ET]
Table 'Propus II' 9-max Seat #9 is the button
Seat 1: ggerardi ($2.56 in chips) 
Seat 2: Dorex2007 ($10.63 in chips) 
Seat 4: geniuss ($6.01 in chips) 
Seat 5: boiafeia111 ($4.98 in chips) 
Seat 6: daryl meow ($5.87 in chips) 
Seat 7: leopoker1 ($5 in chips) 
Seat 8: caironluck ($6.71 in chips) 
Seat 9: AGVsmarT ($6.85 in chips) 
ggerardi: posts small blind $0.02
Dorex2007: posts big blind $0.05
*** HOLE CARDS ***
Dealt to Dorex2007 [6h 6c]
geniuss: folds 
boiafeia111: calls $0.05
daryl meow has timed out
daryl meow: folds 
leopoker1: calls $0.05
caironluck: raises $0.20 to $0.25
AGVsmarT: folds 
ggerardi: folds 
Dorex2007: calls $0.20
boiafeia111: calls $0.20
leopoker1: calls $0.20
*** FLOP *** [5s 6s 3c]
Dorex2007: bets $0.65
boiafeia111: folds 
leopoker1: folds 
caironluck: calls $0.65
*** TURN *** [5s 6s 3c] [4s]
Dorex2007: bets $1.11
caironluck: calls $1.11
*** RIVER *** [5s 6s 3c 4s] [9c]
Dorex2007: checks 
caironluck: bets $0.90
Dorex2007: calls $0.90
*** SHOW DOWN ***
caironluck: shows [As 8s] (a flush, Ace high)
Dorex2007: mucks hand 
caironluck collected $6.08 from pot
*** SUMMARY ***
Total pot $6.34 | Rake $0.26 
Board [5s 6s 3c 4s 9c]
Seat 1: ggerardi (small blind) folded before Flop
Seat 2: Dorex2007 (big blind) mucked [6h 6c]
Seat 4: geniuss folded before Flop (didn't bet)
Seat 5: boiafeia111 folded on the Flop
Seat 6: daryl meow folded before Flop (didn't bet)
Seat 7: leopoker1 folded on the Flop
Seat 8: caironluck showed [As 8s] and won ($6.08) with a flush, Ace high
Seat 9: AGVsmarT (button) folded before Flop (didn't bet)



PokerStars Hand #237817408818:  Hold'em No Limit ($0.02/$0.05 USD) - 2022/08/05 21:49:21 PT [2022/08/06 0:49:21 ET]
Table 'Propus II' 9-max Seat #1 is the button
Seat 1: ggerardi ($2.54 in chips) 
Seat 2: Dorex2007 ($7.72 in chips) 
Seat 3: HAEMHuk2009 ($5.44 in chips) 
Seat 4: geniuss ($6.01 in chips) 
Seat 5: boiafeia111 ($5 in chips) 
Seat 6: daryl meow ($5.87 in chips) 
Seat 7: leopoker1 ($5 in chips) 
Seat 8: caironluck ($9.88 in chips) 
Seat 9: AGVsmarT ($6.85 in chips) 
Dorex2007: posts small blind $0.02
HAEMHuk2009: posts big blind $0.05
*** HOLE CARDS ***
Dealt to Dorex2007 [8h 4d]
geniuss: folds 
boiafeia111: folds 
daryl meow: raises $0.10 to $0.15
leopoker1: folds 
caironluck: folds 
AGVsmarT: calls $0.15
ggerardi: folds 
Dorex2007: folds 
HAEMHuk2009: folds 
*** FLOP *** [3s 5c 5d]
daryl meow: bets $0.17
AGVsmarT: folds 
Uncalled bet ($0.17) returned to daryl meow
daryl meow collected $0.35 from pot
daryl meow: doesn't show hand 
*** SUMMARY ***
Total pot $0.37 | Rake $0.02 
Board [3s 5c 5d]
Seat 1: ggerardi (button) folded before Flop (didn't bet)
Seat 2: Dorex2007 (small blind) folded before Flop
Seat 3: HAEMHuk2009 (big blind) folded before Flop
Seat 4: geniuss folded before Flop (didn't bet)
Seat 5: boiafeia111 folded before Flop (didn't bet)
Seat 6: daryl meow collected ($0.35)
Seat 7: leopoker1 folded before Flop (didn't bet)
Seat 8: caironluck folded before Flop (didn't bet)
Seat 9: AGVsmarT folded on the Flop



PokerStars Hand #237817416116:  Hold'em No Limit ($0.02/$0.05 USD) - 2022/08/05 21:50:16 PT [2022/08/06 0:50:16 ET]
Table 'Propus II' 9-max Seat #2 is the button
Seat 1: ggerardi ($2.54 in chips) 
Seat 2: Dorex2007 ($7.70 in chips) 
Seat 3: HAEMHuk2009 ($5.39 in chips) 
Seat 5: boiafeia111 ($5 in chips) 
Seat 6: daryl meow ($6.07 in chips) 
Seat 7: leopoker1 ($5 in chips) 
Seat 8: caironluck ($9.88 in chips) 
Seat 9: AGVsmarT ($6.70 in chips) 
HAEMHuk2009: posts small blind $0.02
geniuss: is sitting out 
boiafeia111: posts big blind $0.05
*** HOLE CARDS ***
Dealt to Dorex2007 [8h 6s]
daryl meow: folds 
leopoker1: folds 
caironluck has timed out
caironluck: folds 
AGVsmarT: folds 
ggerardi: folds 
Dorex2007: folds 
HAEMHuk2009: folds 
Uncalled bet ($0.03) returned to boiafeia111
boiafeia111 collected $0.04 from pot
*** SUMMARY ***
Total pot $0.04 | Rake $0 
Seat 1: ggerardi folded before Flop (didn't bet)
Seat 2: Dorex2007 (button) folded before Flop (didn't bet)
Seat 3: HAEMHuk2009 (small blind) folded before Flop
Seat 5: boiafeia111 (big blind) collected ($0.04)
Seat 6: daryl meow folded before Flop (didn't bet)
Seat 7: leopoker1 folded before Flop (didn't bet)
Seat 8: caironluck folded before Flop (didn't bet)
Seat 9: AGVsmarT folded before Flop (didn't bet)



PokerStars Hand #237817420211:  Hold'em No Limit ($0.02/$0.05 USD) - 2022/08/05 21:50:47 PT [2022/08/06 0:50:47 ET]
Table 'Propus II' 9-max Seat #3 is the button
Seat 1: ggerardi ($2.54 in chips) 
Seat 2: Dorex2007 ($7.70 in chips) 
Seat 3: HAEMHuk2009 ($5.37 in chips) 
Seat 5: boiafeia111 ($5.02 in chips) 
Seat 6: daryl meow ($6.07 in chips) 
Seat 7: leopoker1 ($5 in chips) 
Seat 8: caironluck ($9.88 in chips) 
Seat 9: AGVsmarT ($6.70 in chips) 
boiafeia111: posts small blind $0.02
daryl meow: posts big blind $0.05
*** HOLE CARDS ***
Dealt to Dorex2007 [Qd 4h]
leopoker1: folds 
caironluck: folds 
AGVsmarT: raises $0.12 to $0.17
ggerardi: folds 
Dorex2007: folds 
HAEMHuk2009: folds 
boiafeia111: folds 
daryl meow: folds 
Uncalled bet ($0.12) returned to AGVsmarT
AGVsmarT collected $0.12 from pot
*** SUMMARY ***
Total pot $0.12 | Rake $0 
Seat 1: ggerardi folded before Flop (didn't bet)
Seat 2: Dorex2007 folded before Flop (didn't bet)
Seat 3: HAEMHuk2009 (button) folded before Flop (didn't bet)
Seat 5: boiafeia111 (small blind) folded before Flop
Seat 6: daryl meow (big blind) folded before Flop
Seat 7: leopoker1 folded before Flop (didn't bet)
Seat 8: caironluck folded before Flop (didn't bet)
Seat 9: AGVsmarT collected ($0.12)



PokerStars Hand #237817425209:  Hold'em No Limit ($0.02/$0.05 USD) - 2022/08/05 21:51:25 PT [2022/08/06 0:51:25 ET]
Table 'Propus II' 9-max Seat #5 is the button
Seat 1: ggerardi ($2.54 in chips) 
Seat 2: Dorex2007 ($7.70 in chips) 
Seat 3: HAEMHuk2009 ($5.37 in chips) 
Seat 5: boiafeia111 ($5 in chips) 
Seat 6: daryl meow ($6.02 in chips) 
Seat 7: leopoker1 ($5 in chips) 
Seat 8: caironluck ($9.88 in chips) 
Seat 9: AGVsmarT ($6.77 in chips) 
daryl meow: posts small blind $0.02
leopoker1: posts big blind $0.05
*** HOLE CARDS ***
Dealt to Dorex2007 [Jc Ts]
caironluck has timed out
caironluck: folds 
AGVsmarT: calls $0.05
ggerardi: folds 
Dorex2007: folds 
HAEMHuk2009: raises $0.16 to $0.21
boiafeia111: folds 
daryl meow: folds 
leopoker1: folds 
AGVsmarT: calls $0.16
*** FLOP *** [Kh 6d Tc]
AGVsmarT: checks 
HAEMHuk2009: bets $0.16
AGVsmarT: calls $0.16
*** TURN *** [Kh 6d Tc] [9d]
AGVsmarT: checks 
HAEMHuk2009: bets $0.72
AGVsmarT: folds 
Uncalled bet ($0.72) returned to HAEMHuk2009
HAEMHuk2009 collected $0.78 from pot
HAEMHuk2009: doesn't show hand 
*** SUMMARY ***
Total pot $0.81 | Rake $0.03 
Board [Kh 6d Tc 9d]
Seat 1: ggerardi folded before Flop (didn't bet)
Seat 2: Dorex2007 folded before Flop (didn't bet)
Seat 3: HAEMHuk2009 collected ($0.78)
Seat 5: boiafeia111 (button) folded before Flop (didn't bet)
Seat 6: daryl meow (small blind) folded before Flop
Seat 7: leopoker1 (big blind) folded before Flop
Seat 8: caironluck folded before Flop (didn't bet)
Seat 9: AGVsmarT folded on the Turn



PokerStars Hand #237817434598:  Hold'em No Limit ($0.02/$0.05 USD) - 2022/08/05 21:52:37 PT [2022/08/06 0:52:37 ET]
Table 'Propus II' 9-max Seat #6 is the button
Seat 1: ggerardi ($2.54 in chips) 
Seat 2: Dorex2007 ($7.70 in chips) 
Seat 3: HAEMHuk2009 ($5.78 in chips) 
Seat 5: boiafeia111 ($5 in chips) 
Seat 6: daryl meow ($6 in chips) 
Seat 7: leopoker1 ($5 in chips) 
Seat 8: caironluck ($9.88 in chips) 
Seat 9: AGVsmarT ($6.40 in chips) 
leopoker1: posts small blind $0.02
caironluck: posts big blind $0.05
*** HOLE CARDS ***
Dealt to Dorex2007 [8c Js]
AGVsmarT: folds 
ggerardi: folds 
Dorex2007 has timed out
Dorex2007: folds 
HAEMHuk2009 has timed out
HAEMHuk2009: folds 
boiafeia111: folds 
daryl meow: folds 
leopoker1: folds 
Uncalled bet ($0.03) returned to caironluck
geniuss leaves the table
caironluck collected $0.04 from pot
caironluck: doesn't show hand 
*** SUMMARY ***
Total pot $0.04 | Rake $0 
Seat 1: ggerardi folded before Flop (didn't bet)
Seat 2: Dorex2007 folded before Flop (didn't bet)
Seat 3: HAEMHuk2009 folded before Flop (didn't bet)
Seat 5: boiafeia111 folded before Flop (didn't bet)
Seat 6: daryl meow (button) folded before Flop (didn't bet)
Seat 7: leopoker1 (small blind) folded before Flop
Seat 8: caironluck (big blind) collected ($0.04)
Seat 9: AGVsmarT folded before Flop (didn't bet)



PokerStars Hand #237817441820:  Hold'em No Limit ($0.02/$0.05 USD) - 2022/08/05 21:53:32 PT [2022/08/06 0:53:32 ET]
Table 'Propus II' 9-max Seat #7 is the button
Seat 1: ggerardi ($2.54 in chips) 
Seat 2: Dorex2007 ($7.70 in chips) 
Seat 3: HAEMHuk2009 ($5.78 in chips) 
Seat 5: boiafeia111 ($5 in chips) 
Seat 6: daryl meow ($6 in chips) 
Seat 7: leopoker1 ($5 in chips) 
Seat 8: caironluck ($9.90 in chips) 
Seat 9: AGVsmarT ($6.40 in chips) 
caironluck: posts small blind $0.02
AGVsmarT: posts big blind $0.05
*** HOLE CARDS ***
Dealt to Dorex2007 [Js 4d]
ggerardi: raises $0.15 to $0.20
Dorex2007: folds 
HAEMHuk2009: folds 
boiafeia111: folds 
daryl meow: calls $0.20
leopoker1: raises $0.60 to $0.80
caironluck: folds 
AGVsmarT: folds 
ggerardi: raises $1.74 to $2.54 and is all-in
daryl meow: folds 
leopoker1: calls $1.74
*** FLOP *** [5c Qh 9s]
*** TURN *** [5c Qh 9s] [9c]
*** RIVER *** [5c Qh 9s 9c] [7d]
*** SHOW DOWN ***
ggerardi: shows [Ac Kh] (a pair of Nines)
leopoker1: shows [Qd As] (two pair, Queens and Nines)
OMG DerClown joins the table at seat #4 
leopoker1 collected $5.13 from pot
*** SUMMARY ***
Total pot $5.35 | Rake $0.22 
Board [5c Qh 9s 9c 7d]
Seat 1: ggerardi showed [Ac Kh] and lost with a pair of Nines
Seat 2: Dorex2007 folded before Flop (didn't bet)
Seat 3: HAEMHuk2009 folded before Flop (didn't bet)
Seat 5: boiafeia111 folded before Flop (didn't bet)
Seat 6: daryl meow folded before Flop
Seat 7: leopoker1 (button) showed [Qd As] and won ($5.13) with two pair, Queens and Nines
Seat 8: caironluck (small blind) folded before Flop
Seat 9: AGVsmarT (big blind) folded before Flop



PokerStars Hand #237817448809:  Hold'em No Limit ($0.02/$0.05 USD) - 2022/08/05 21:54:26 PT [2022/08/06 0:54:26 ET]
Table 'Propus II' 9-max Seat #8 is the button
Seat 2: Dorex2007 ($7.70 in chips) 
Seat 3: HAEMHuk2009 ($5.78 in chips) 
Seat 5: boiafeia111 ($5 in chips) 
Seat 6: daryl meow ($5.80 in chips) 
Seat 7: leopoker1 ($7.59 in chips) 
Seat 8: caironluck ($9.88 in chips) 
Seat 9: AGVsmarT ($6.35 in chips) 
AGVsmarT: posts small blind $0.02
Dorex2007: posts big blind $0.05
OMG DerClown: sits out 
*** HOLE CARDS ***
Dealt to Dorex2007 [Kd 7d]
ggerardi leaves the table
HAEMHuk2009 has timed out
HAEMHuk2009: folds 
boiafeia111: folds 
daryl meow: raises $0.10 to $0.15
leopoker1: folds 
caironluck: folds 
AGVsmarT: calls $0.13
Dorex2007: folds 
*** FLOP *** [3c 3h 7c]
AGVsmarT: bets $0.10
daryl meow: calls $0.10
*** TURN *** [3c 3h 7c] [Qh]
AGVsmarT: bets $0.10
daryl meow: raises $0.20 to $0.30
AGVsmarT: calls $0.20
*** RIVER *** [3c 3h 7c Qh] [9s]
bauticius joins the table at seat #1 
AGVsmarT: checks 
daryl meow: checks 
*** SHOW DOWN ***
AGVsmarT: shows [5h 6h] (a pair of Threes)
daryl meow: shows [As 6c] (a pair of Threes - Ace kicker)
daryl meow collected $1.10 from pot
*** SUMMARY ***
Total pot $1.15 | Rake $0.05 
Board [3c 3h 7c Qh 9s]
Seat 2: Dorex2007 (big blind) folded before Flop
Seat 3: HAEMHuk2009 folded before Flop (didn't bet)
Seat 5: boiafeia111 folded before Flop (didn't bet)
Seat 6: daryl meow showed [As 6c] and won ($1.10) with a pair of Threes
Seat 7: leopoker1 folded before Flop (didn't bet)
Seat 8: caironluck (button) folded before Flop (didn't bet)
Seat 9: AGVsmarT (small blind) showed [5h 6h] and lost with a pair of Threes



