PokerStars Hand #237187681148:  Hold'em No Limit ($0.01/$0.02 USD) - 2022/07/05 19:18:08 PT [2022/07/05 22:18:08 ET]
Table 'Leontina II' 9-max Seat #4 is the button
Seat 1: dgblapark ($1.06 in chips) 
Seat 2: braga121 ($1.09 in chips) 
Seat 3: Dorex2007 ($2 in chips) 
Seat 4: MirtoR37 ($2.26 in chips) 
Seat 5: ZéPequenno ($2.11 in chips) 
Seat 6: TOcherep ($1.52 in chips) 
Seat 7: Bmkenny0 ($2.54 in chips) 
Seat 8: Rodérich ($2.12 in chips) 
Seat 9: roma19765 ($2.07 in chips) 
ZéPequenno: posts small blind $0.01
TOcherep: posts big blind $0.02
Dorex2007: posts big blind $0.02
*** HOLE CARDS ***
Dealt to Dorex2007 [3c Qs]
Bmkenny0: folds 
Rodérich: raises $0.02 to $0.04
roma19765: folds 
dgblapark: folds 
braga121: folds 
Dorex2007: folds 
MirtoR37: calls $0.04
ZéPequenno: calls $0.03
TOcherep: calls $0.02
*** FLOP *** [6h 4s Qc]
ZéPequenno: checks 
TOcherep: checks 
Rodérich: bets $0.08
MirtoR37: calls $0.08
ZéPequenno: folds 
TOcherep: raises $0.08 to $0.16
Rodérich: calls $0.08
MirtoR37: raises $0.65 to $0.81
TOcherep: folds 
Rodérich: folds 
Uncalled bet ($0.65) returned to MirtoR37
MirtoR37 collected $0.64 from pot
*** SUMMARY ***
Total pot $0.66 | Rake $0.02 
Board [6h 4s Qc]
Seat 1: dgblapark folded before Flop (didn't bet)
Seat 2: braga121 folded before Flop (didn't bet)
Seat 3: Dorex2007 folded before Flop (didn't bet)
Seat 4: MirtoR37 (button) collected ($0.64)
Seat 5: ZéPequenno (small blind) folded on the Flop
Seat 6: TOcherep (big blind) folded on the Flop
Seat 7: Bmkenny0 folded before Flop (didn't bet)
Seat 8: Rodérich folded on the Flop
Seat 9: roma19765 folded before Flop (didn't bet)



PokerStars Hand #237187696187:  Hold'em No Limit ($0.01/$0.02 USD) - 2022/07/05 19:19:30 PT [2022/07/05 22:19:30 ET]
Table 'Leontina II' 9-max Seat #5 is the button
Seat 1: dgblapark ($1.06 in chips) 
Seat 3: Dorex2007 ($2 in chips) 
Seat 4: MirtoR37 ($2.70 in chips) 
Seat 5: ZéPequenno ($2.07 in chips) 
Seat 6: TOcherep ($1.32 in chips) 
Seat 7: Bmkenny0 ($2.54 in chips) 
Seat 8: Rodérich ($1.92 in chips) 
Seat 9: roma19765 ($2.07 in chips) 
TOcherep: posts small blind $0.01
Bmkenny0: posts big blind $0.02
*** HOLE CARDS ***
Dealt to Dorex2007 [8c 6c]
Rodérich: folds 
roma19765: folds 
dgblapark: calls $0.02
Dorex2007: folds 
MirtoR37: raises $0.02 to $0.04
ZéPequenno: calls $0.04
TOcherep: folds 
Bmkenny0: raises $0.15 to $0.19
dgblapark: folds 
MirtoR37: folds 
ZéPequenno: folds 
Uncalled bet ($0.15) returned to Bmkenny0
Bmkenny0 collected $0.15 from pot
*** SUMMARY ***
Total pot $0.15 | Rake $0 
Seat 1: dgblapark folded before Flop
Seat 3: Dorex2007 folded before Flop (didn't bet)
Seat 4: MirtoR37 folded before Flop
Seat 5: ZéPequenno (button) folded before Flop
Seat 6: TOcherep (small blind) folded before Flop
Seat 7: Bmkenny0 (big blind) collected ($0.15)
Seat 8: Rodérich folded before Flop (didn't bet)
Seat 9: roma19765 folded before Flop (didn't bet)



PokerStars Hand #237187702178:  Hold'em No Limit ($0.01/$0.02 USD) - 2022/07/05 19:20:03 PT [2022/07/05 22:20:03 ET]
Table 'Leontina II' 9-max Seat #6 is the button
Seat 1: dgblapark ($1.04 in chips) 
Seat 3: Dorex2007 ($2 in chips) 
Seat 4: MirtoR37 ($2.66 in chips) 
Seat 5: ZéPequenno ($2.03 in chips) 
Seat 6: TOcherep ($1.31 in chips) 
Seat 7: Bmkenny0 ($2.65 in chips) 
Seat 8: Rodérich ($1.92 in chips) 
Seat 9: roma19765 ($2.07 in chips) 
Bmkenny0: posts small blind $0.01
Rodérich: posts big blind $0.02
*** HOLE CARDS ***
Dealt to Dorex2007 [Kh Qh]
roma19765 has timed out
roma19765: folds 
dgblapark: folds 
Dorex2007: raises $0.04 to $0.06
MirtoR37: folds 
ZéPequenno: folds 
TOcherep: folds 
Bmkenny0: calls $0.05
Rodérich: calls $0.04
*** FLOP *** [Th Ah Qs]
Bmkenny0: checks 
Rodérich: checks 
Dorex2007: checks 
*** TURN *** [Th Ah Qs] [3s]
Bmkenny0: checks 
Rodérich: checks 
Dorex2007: bets $0.11
Bmkenny0: folds 
Rodérich: calls $0.11
*** RIVER *** [Th Ah Qs 3s] [2d]
Rodérich: checks 
Dorex2007: checks 
*** SHOW DOWN ***
Rodérich: shows [Ts 4d] (a pair of Tens)
Dorex2007: shows [Kh Qh] (a pair of Queens)
Dorex2007 collected $0.39 from pot
*** SUMMARY ***
Total pot $0.40 | Rake $0.01 
Board [Th Ah Qs 3s 2d]
Seat 1: dgblapark folded before Flop (didn't bet)
Seat 3: Dorex2007 showed [Kh Qh] and won ($0.39) with a pair of Queens
Seat 4: MirtoR37 folded before Flop (didn't bet)
Seat 5: ZéPequenno folded before Flop (didn't bet)
Seat 6: TOcherep (button) folded before Flop (didn't bet)
Seat 7: Bmkenny0 (small blind) folded on the Turn
Seat 8: Rodérich (big blind) showed [Ts 4d] and lost with a pair of Tens
Seat 9: roma19765 folded before Flop (didn't bet)



PokerStars Hand #237187713812:  Hold'em No Limit ($0.01/$0.02 USD) - 2022/07/05 19:21:07 PT [2022/07/05 22:21:07 ET]
Table 'Leontina II' 9-max Seat #7 is the button
Seat 1: dgblapark ($1.04 in chips) 
Seat 3: Dorex2007 ($2.22 in chips) 
Seat 4: MirtoR37 ($2.66 in chips) 
Seat 5: ZéPequenno ($2.03 in chips) 
Seat 6: TOcherep ($1.31 in chips) 
Seat 7: Bmkenny0 ($2.59 in chips) 
Seat 8: Rodérich ($1.75 in chips) 
Seat 9: roma19765 ($2.07 in chips) 
Rodérich: posts small blind $0.01
roma19765: posts big blind $0.02
*** HOLE CARDS ***
Dealt to Dorex2007 [3s 7h]
dgblapark: calls $0.02
Dorex2007: folds 
MirtoR37: folds 
ZéPequenno: folds 
TOcherep: calls $0.02
Bmkenny0: folds 
Rodérich: calls $0.01
roma19765: checks 
*** FLOP *** [Th Js 9d]
Rodérich: checks 
roma19765: checks 
dgblapark: bets $0.02
TOcherep: calls $0.02
Rodérich: calls $0.02
roma19765: calls $0.02
*** TURN *** [Th Js 9d] [2c]
Rodérich: checks 
roma19765: checks 
dgblapark: bets $0.04
TOcherep: calls $0.04
Rodérich: calls $0.04
roma19765: folds 
*** RIVER *** [Th Js 9d 2c] [2s]
Rodérich: checks 
dgblapark: bets $0.04
TOcherep: folds 
Rodérich: folds 
Uncalled bet ($0.04) returned to dgblapark
dgblapark collected $0.27 from pot
*** SUMMARY ***
Total pot $0.28 | Rake $0.01 
Board [Th Js 9d 2c 2s]
Seat 1: dgblapark collected ($0.27)
Seat 3: Dorex2007 folded before Flop (didn't bet)
Seat 4: MirtoR37 folded before Flop (didn't bet)
Seat 5: ZéPequenno folded before Flop (didn't bet)
Seat 6: TOcherep folded on the River
Seat 7: Bmkenny0 (button) folded before Flop (didn't bet)
Seat 8: Rodérich (small blind) folded on the River
Seat 9: roma19765 (big blind) folded on the Turn



PokerStars Hand #237187726744:  Hold'em No Limit ($0.01/$0.02 USD) - 2022/07/05 19:22:19 PT [2022/07/05 22:22:19 ET]
Table 'Leontina II' 9-max Seat #8 is the button
Seat 1: dgblapark ($1.23 in chips) 
Seat 3: Dorex2007 ($2.22 in chips) 
Seat 4: MirtoR37 ($2.66 in chips) 
Seat 5: ZéPequenno ($2.03 in chips) 
Seat 6: TOcherep ($1.23 in chips) 
Seat 7: Bmkenny0 ($2.59 in chips) 
Seat 8: Rodérich ($1.67 in chips) 
Seat 9: roma19765 ($2.03 in chips) 
roma19765: posts small blind $0.01
dgblapark: posts big blind $0.02
*** HOLE CARDS ***
Dealt to Dorex2007 [Ts Jd]
Dorex2007: folds 
MirtoR37: raises $0.02 to $0.04
ZéPequenno: calls $0.04
TOcherep: folds 
Bmkenny0: folds 
Rodérich: folds 
roma19765: folds 
dgblapark: calls $0.02
*** FLOP *** [9s 3h 2h]
dgblapark: checks 
MirtoR37: bets $0.04
ZéPequenno: raises $0.04 to $0.08
dgblapark: folds 
MirtoR37: folds 
Uncalled bet ($0.04) returned to ZéPequenno
ZéPequenno collected $0.20 from pot
*** SUMMARY ***
Total pot $0.21 | Rake $0.01 
Board [9s 3h 2h]
Seat 1: dgblapark (big blind) folded on the Flop
Seat 3: Dorex2007 folded before Flop (didn't bet)
Seat 4: MirtoR37 folded on the Flop
Seat 5: ZéPequenno collected ($0.20)
Seat 6: TOcherep folded before Flop (didn't bet)
Seat 7: Bmkenny0 folded before Flop (didn't bet)
Seat 8: Rodérich (button) folded before Flop (didn't bet)
Seat 9: roma19765 (small blind) folded before Flop



PokerStars Hand #237187733246:  Hold'em No Limit ($0.01/$0.02 USD) - 2022/07/05 19:22:55 PT [2022/07/05 22:22:55 ET]
Table 'Leontina II' 9-max Seat #9 is the button
Seat 1: dgblapark ($1.19 in chips) 
Seat 3: Dorex2007 ($2.22 in chips) 
Seat 4: MirtoR37 ($2.58 in chips) 
Seat 5: ZéPequenno ($2.15 in chips) 
Seat 6: TOcherep ($1.23 in chips) 
Seat 7: Bmkenny0 ($2.59 in chips) 
Seat 8: Rodérich ($1.67 in chips) 
Seat 9: roma19765 ($2.02 in chips) 
dgblapark: posts small blind $0.01
Dorex2007: posts big blind $0.02
*** HOLE CARDS ***
Dealt to Dorex2007 [3d 4c]
MirtoR37: folds 
ZéPequenno: calls $0.02
TOcherep: calls $0.02
Bmkenny0: folds 
Rodérich has timed out
Rodérich: folds 
roma19765: calls $0.02
dgblapark: calls $0.01
Dorex2007: checks 
*** FLOP *** [3c 8h Qh]
dgblapark: checks 
Dorex2007: checks 
ZéPequenno: bets $0.06
TOcherep: folds 
roma19765: calls $0.06
dgblapark: folds 
Dorex2007: folds 
*** TURN *** [3c 8h Qh] [9s]
ZéPequenno: checks 
roma19765: bets $0.10
ZéPequenno: folds 
Uncalled bet ($0.10) returned to roma19765
roma19765 collected $0.21 from pot
*** SUMMARY ***
Total pot $0.22 | Rake $0.01 
Board [3c 8h Qh 9s]
Seat 1: dgblapark (small blind) folded on the Flop
Seat 3: Dorex2007 (big blind) folded on the Flop
Seat 4: MirtoR37 folded before Flop (didn't bet)
Seat 5: ZéPequenno folded on the Turn
Seat 6: TOcherep folded on the Flop
Seat 7: Bmkenny0 folded before Flop (didn't bet)
Seat 8: Rodérich folded before Flop (didn't bet)
Seat 9: roma19765 (button) collected ($0.21)



PokerStars Hand #237187743243:  Hold'em No Limit ($0.01/$0.02 USD) - 2022/07/05 19:23:51 PT [2022/07/05 22:23:51 ET]
Table 'Leontina II' 9-max Seat #1 is the button
Seat 1: dgblapark ($1.17 in chips) 
Seat 3: Dorex2007 ($2.20 in chips) 
Seat 4: MirtoR37 ($2.58 in chips) 
Seat 5: ZéPequenno ($2.07 in chips) 
Seat 6: TOcherep ($1.21 in chips) 
Seat 7: Bmkenny0 ($2.59 in chips) 
Seat 9: roma19765 ($2.15 in chips) 
Dorex2007: posts small blind $0.01
MirtoR37: posts big blind $0.02
*** HOLE CARDS ***
Dealt to Dorex2007 [6c Kh]
ZéPequenno: folds 
TOcherep: folds 
Bmkenny0: calls $0.02
roma19765: folds 
dgblapark: calls $0.02
Dorex2007: folds 
MirtoR37: checks 
*** FLOP *** [5h 7d 2d]
MirtoR37: bets $0.04
Bmkenny0: calls $0.04
dgblapark: calls $0.04
*** TURN *** [5h 7d 2d] [5d]
MirtoR37: checks 
Bmkenny0: checks 
dgblapark: checks 
*** RIVER *** [5h 7d 2d 5d] [Tc]
MirtoR37: checks 
Bmkenny0: checks 
dgblapark: checks 
*** SHOW DOWN ***
MirtoR37: shows [Ks Qc] (a pair of Fives)
Bmkenny0: shows [Ad 4h] (a pair of Fives - Ace kicker)
dgblapark: shows [8h 8s] (two pair, Eights and Fives)
dgblapark collected $0.18 from pot
*** SUMMARY ***
Total pot $0.19 | Rake $0.01 
Board [5h 7d 2d 5d Tc]
Seat 1: dgblapark (button) showed [8h 8s] and won ($0.18) with two pair, Eights and Fives
Seat 3: Dorex2007 (small blind) folded before Flop
Seat 4: MirtoR37 (big blind) showed [Ks Qc] and lost with a pair of Fives
Seat 5: ZéPequenno folded before Flop (didn't bet)
Seat 6: TOcherep folded before Flop (didn't bet)
Seat 7: Bmkenny0 showed [Ad 4h] and lost with a pair of Fives
Seat 9: roma19765 folded before Flop (didn't bet)



PokerStars Hand #237187754194:  Hold'em No Limit ($0.01/$0.02 USD) - 2022/07/05 19:24:48 PT [2022/07/05 22:24:48 ET]
Table 'Leontina II' 9-max Seat #3 is the button
Seat 1: dgblapark ($1.29 in chips) 
Seat 3: Dorex2007 ($2.19 in chips) 
Seat 4: MirtoR37 ($2.52 in chips) 
Seat 5: ZéPequenno ($2.07 in chips) 
Seat 6: TOcherep ($1.21 in chips) 
Seat 7: Bmkenny0 ($2.53 in chips) 
Seat 8: Rodérich ($1.67 in chips) 
Seat 9: roma19765 ($2.15 in chips) 
MirtoR37: posts small blind $0.01
ZéPequenno: posts big blind $0.02
*** HOLE CARDS ***
Dealt to Dorex2007 [Qd 8d]
TOcherep: folds 
Bmkenny0: folds 
Rodérich: calls $0.02
roma19765: raises $0.06 to $0.08
dgblapark: folds 
Dorex2007: folds 
MirtoR37: folds 
ZéPequenno: folds 
Rodérich: calls $0.06
*** FLOP *** [Kc Js 8c]
Rodérich: checks 
roma19765: checks 
*** TURN *** [Kc Js 8c] [8s]
Rodérich: checks 
roma19765: checks 
*** RIVER *** [Kc Js 8c 8s] [7h]
Rodérich: checks 
roma19765: checks 
*** SHOW DOWN ***
Rodérich: shows [2c 2s] (two pair, Eights and Deuces)
roma19765: mucks hand 
Rodérich collected $0.18 from pot
*** SUMMARY ***
Total pot $0.19 | Rake $0.01 
Board [Kc Js 8c 8s 7h]
Seat 1: dgblapark folded before Flop (didn't bet)
Seat 3: Dorex2007 (button) folded before Flop (didn't bet)
Seat 4: MirtoR37 (small blind) folded before Flop
Seat 5: ZéPequenno (big blind) folded before Flop
Seat 6: TOcherep folded before Flop (didn't bet)
Seat 7: Bmkenny0 folded before Flop (didn't bet)
Seat 8: Rodérich showed [2c 2s] and won ($0.18) with two pair, Eights and Deuces
Seat 9: roma19765 mucked [As Qh]



PokerStars Hand #237187767233:  Hold'em No Limit ($0.01/$0.02 USD) - 2022/07/05 19:26:01 PT [2022/07/05 22:26:01 ET]
Table 'Leontina II' 9-max Seat #4 is the button
Seat 1: dgblapark ($1.29 in chips) 
Seat 3: Dorex2007 ($2.19 in chips) 
Seat 4: MirtoR37 ($2.51 in chips) 
Seat 5: ZéPequenno ($2.05 in chips) 
Seat 6: TOcherep ($1.21 in chips) 
Seat 7: Bmkenny0 ($2.53 in chips) 
Seat 8: Rodérich ($1.77 in chips) 
Seat 9: roma19765 ($2.07 in chips) 
ZéPequenno: posts small blind $0.01
TOcherep: posts big blind $0.02
*** HOLE CARDS ***
Dealt to Dorex2007 [Th Jd]
Bmkenny0: folds 
Rodérich: calls $0.02
roma19765: folds 
dgblapark: calls $0.02
Dorex2007: calls $0.02
MirtoR37: calls $0.02
ZéPequenno: calls $0.01
TOcherep: checks 
*** FLOP *** [Kh 4h 4d]
ZéPequenno: bets $0.06
TOcherep: raises $0.68 to $0.74
Rodérich: folds 
dgblapark: folds 
Dorex2007: folds 
MirtoR37: folds 
ZéPequenno: calls $0.68
*** TURN *** [Kh 4h 4d] [7d]
ZéPequenno: checks 
TOcherep: bets $0.45 and is all-in
ZéPequenno: calls $0.45
*** RIVER *** [Kh 4h 4d 7d] [3c]
*** SHOW DOWN ***
ZéPequenno: shows [9h Kd] (two pair, Kings and Fours)
TOcherep: shows [7s 4c] (a full house, Fours full of Sevens)
TOcherep collected $2.39 from pot
ZéPequenno cashed out the hand for $0.11
*** SUMMARY ***
Total pot $2.50 | Rake $0.11 
Board [Kh 4h 4d 7d 3c]
Seat 1: dgblapark folded on the Flop
Seat 3: Dorex2007 folded on the Flop
Seat 4: MirtoR37 (button) folded on the Flop
Seat 5: ZéPequenno (small blind) showed [9h Kd] and lost with two pair, Kings and Fours (cashed out).
Seat 6: TOcherep (big blind) showed [7s 4c] and won ($2.39) with a full house, Fours full of Sevens
Seat 7: Bmkenny0 folded before Flop (didn't bet)
Seat 8: Rodérich folded on the Flop
Seat 9: roma19765 folded before Flop (didn't bet)



PokerStars Hand #237187789504:  Hold'em No Limit ($0.01/$0.02 USD) - 2022/07/05 19:27:16 PT [2022/07/05 22:27:16 ET]
Table 'Leontina II' 9-max Seat #5 is the button
Seat 1: dgblapark ($1.27 in chips) 
Seat 3: Dorex2007 ($2.17 in chips) 
Seat 4: MirtoR37 ($2.49 in chips) 
Seat 5: ZéPequenno ($0.95 in chips) 
Seat 6: TOcherep ($2.39 in chips) 
Seat 7: Bmkenny0 ($2.53 in chips) 
Seat 8: Rodérich ($1.75 in chips) 
Seat 9: roma19765 ($2.07 in chips) 
TOcherep: posts small blind $0.01
Bmkenny0: posts big blind $0.02
braga121: sits out 
*** HOLE CARDS ***
Dealt to Dorex2007 [As Qd]
Rodérich: folds 
roma19765: folds 
dgblapark: folds 
Dorex2007: raises $0.04 to $0.06
MirtoR37: folds 
ZéPequenno: folds 
TOcherep: calls $0.05
Bmkenny0: folds 
*** FLOP *** [6d Ad Ks]
TOcherep: checks 
Dorex2007: bets $0.07
TOcherep: calls $0.07
*** TURN *** [6d Ad Ks] [Qs]
TOcherep: checks 
Dorex2007: bets $0.27
TOcherep: calls $0.27
*** RIVER *** [6d Ad Ks Qs] [4c]
TOcherep: checks 
Dorex2007: checks 
*** SHOW DOWN ***
TOcherep: shows [2s 6s] (a pair of Sixes)
Dorex2007: shows [As Qd] (two pair, Aces and Queens)
Dorex2007 collected $0.79 from pot
*** SUMMARY ***
Total pot $0.82 | Rake $0.03 
Board [6d Ad Ks Qs 4c]
Seat 1: dgblapark folded before Flop (didn't bet)
Seat 3: Dorex2007 showed [As Qd] and won ($0.79) with two pair, Aces and Queens
Seat 4: MirtoR37 folded before Flop (didn't bet)
Seat 5: ZéPequenno (button) folded before Flop (didn't bet)
Seat 6: TOcherep (small blind) showed [2s 6s] and lost with a pair of Sixes
Seat 7: Bmkenny0 (big blind) folded before Flop
Seat 8: Rodérich folded before Flop (didn't bet)
Seat 9: roma19765 folded before Flop (didn't bet)



PokerStars Hand #237187806299:  Hold'em No Limit ($0.01/$0.02 USD) - 2022/07/05 19:28:15 PT [2022/07/05 22:28:15 ET]
Table 'Leontina II' 9-max Seat #6 is the button
Seat 1: dgblapark ($1.27 in chips) 
Seat 3: Dorex2007 ($2.56 in chips) 
Seat 4: MirtoR37 ($2.49 in chips) 
Seat 5: ZéPequenno ($0.95 in chips) 
Seat 6: TOcherep ($1.99 in chips) 
Seat 7: Bmkenny0 ($2.51 in chips) 
Seat 8: Rodérich ($1.75 in chips) 
Seat 9: roma19765 ($2.07 in chips) 
Bmkenny0: posts small blind $0.01
Rodérich: posts big blind $0.02
braga121: sits out 
*** HOLE CARDS ***
Dealt to Dorex2007 [8d 4c]
roma19765: folds 
dgblapark: folds 
Dorex2007: folds 
MirtoR37: raises $0.02 to $0.04
ZéPequenno: calls $0.04
TOcherep: folds 
Bmkenny0: calls $0.03
Rodérich: calls $0.02
*** FLOP *** [Ac Ts Qs]
Bmkenny0: checks 
Rodérich: checks 
MirtoR37: bets $0.06
ZéPequenno: folds 
Bmkenny0: folds 
Rodérich: calls $0.06
*** TURN *** [Ac Ts Qs] [Td]
Rodérich: checks 
MirtoR37: checks 
*** RIVER *** [Ac Ts Qs Td] [As]
Rodérich: checks 
MirtoR37: bets $0.27
Rodérich: folds 
Uncalled bet ($0.27) returned to MirtoR37
MirtoR37 collected $0.27 from pot
*** SUMMARY ***
Total pot $0.28 | Rake $0.01 
Board [Ac Ts Qs Td As]
Seat 1: dgblapark folded before Flop (didn't bet)
Seat 3: Dorex2007 folded before Flop (didn't bet)
Seat 4: MirtoR37 collected ($0.27)
Seat 5: ZéPequenno folded on the Flop
Seat 6: TOcherep (button) folded before Flop (didn't bet)
Seat 7: Bmkenny0 (small blind) folded on the Flop
Seat 8: Rodérich (big blind) folded on the River
Seat 9: roma19765 folded before Flop (didn't bet)



PokerStars Hand #237187828791:  Hold'em No Limit ($0.01/$0.02 USD) - 2022/07/05 19:29:48 PT [2022/07/05 22:29:48 ET]
Table 'Leontina II' 9-max Seat #7 is the button
Seat 1: dgblapark ($1.27 in chips) 
Seat 3: Dorex2007 ($2.56 in chips) 
Seat 4: MirtoR37 ($2.66 in chips) 
Seat 5: ZéPequenno ($0.91 in chips) 
Seat 6: TOcherep ($1.99 in chips) 
Seat 7: Bmkenny0 ($2.47 in chips) 
Seat 8: Rodérich ($1.65 in chips) 
Seat 9: roma19765 ($2.07 in chips) 
Rodérich: posts small blind $0.01
roma19765: posts big blind $0.02
braga121: sits out 
*** HOLE CARDS ***
Dealt to Dorex2007 [9s 7d]
dgblapark: calls $0.02
Dorex2007: folds 
MirtoR37: folds 
ZéPequenno: folds 
TOcherep: calls $0.02
Bmkenny0: folds 
Rodérich: calls $0.01
roma19765: raises $0.10 to $0.12
dgblapark: folds 
TOcherep: calls $0.10
Rodérich: folds 
*** FLOP *** [Ks Td 6c]
roma19765: bets $0.13
TOcherep: raises $0.13 to $0.26
roma19765: calls $0.13
*** TURN *** [Ks Td 6c] [Qs]
roma19765: checks 
TOcherep: bets $1.26
ZéPequenno is disconnected 
roma19765: raises $0.43 to $1.69 and is all-in
TOcherep: calls $0.35 and is all-in
Uncalled bet ($0.08) returned to roma19765
*** RIVER *** [Ks Td 6c Qs] [Ts]
*** SHOW DOWN ***
roma19765: shows [Jc Ad] (a straight, Ten to Ace)
TOcherep: shows [Kh Qh] (two pair, Kings and Queens)
roma19765 collected $3.88 from pot
*** SUMMARY ***
Total pot $4.02 | Rake $0.14 
Board [Ks Td 6c Qs Ts]
Seat 1: dgblapark folded before Flop
Seat 3: Dorex2007 folded before Flop (didn't bet)
Seat 4: MirtoR37 folded before Flop (didn't bet)
Seat 5: ZéPequenno folded before Flop (didn't bet)
Seat 6: TOcherep showed [Kh Qh] and lost with two pair, Kings and Queens
Seat 7: Bmkenny0 (button) folded before Flop (didn't bet)
Seat 8: Rodérich (small blind) folded before Flop
Seat 9: roma19765 (big blind) showed [Jc Ad] and won ($3.88) with a straight, Ten to Ace



PokerStars Hand #237187844482:  Hold'em No Limit ($0.01/$0.02 USD) - 2022/07/05 19:31:19 PT [2022/07/05 22:31:19 ET]
Table 'Leontina II' 9-max Seat #8 is the button
Seat 1: dgblapark ($1.25 in chips) 
Seat 3: Dorex2007 ($2.56 in chips) 
Seat 4: MirtoR37 ($2.66 in chips) 
Seat 5: ZéPequenno ($0.91 in chips) 
Seat 7: Bmkenny0 ($2.47 in chips) 
Seat 8: Rodérich ($1.63 in chips) 
Seat 9: roma19765 ($3.96 in chips) 
roma19765: posts small blind $0.01
dgblapark: posts big blind $0.02
braga121: sits out 
*** HOLE CARDS ***
Dealt to Dorex2007 [3h 5h]
Dorex2007: folds 
MirtoR37: raises $0.02 to $0.04
ZéPequenno: folds 
Bmkenny0: folds 
Rodérich: folds 
roma19765: calls $0.03
dgblapark: folds 
*** FLOP *** [2d 9s Th]
roma19765: checks 
MirtoR37: checks 
*** TURN *** [2d 9s Th] [7c]
TOcherep leaves the table
roma19765: checks 
MirtoR37: checks 
*** RIVER *** [2d 9s Th 7c] [2c]
roma19765: checks 
MirtoR37: checks 
*** SHOW DOWN ***
roma19765: shows [Ac Jd] (a pair of Deuces)
MirtoR37: shows [Js Ad] (a pair of Deuces)
roma19765 collected $0.05 from pot
MirtoR37 collected $0.05 from pot
*** SUMMARY ***
Total pot $0.10 | Rake $0 
Board [2d 9s Th 7c 2c]
Seat 1: dgblapark (big blind) folded before Flop
Seat 3: Dorex2007 folded before Flop (didn't bet)
Seat 4: MirtoR37 showed [Js Ad] and won ($0.05) with a pair of Deuces
Seat 5: ZéPequenno folded before Flop (didn't bet)
Seat 7: Bmkenny0 folded before Flop (didn't bet)
Seat 8: Rodérich (button) folded before Flop (didn't bet)
Seat 9: roma19765 (small blind) showed [Ac Jd] and won ($0.05) with a pair of Deuces



PokerStars Hand #237187850536:  Hold'em No Limit ($0.01/$0.02 USD) - 2022/07/05 19:31:55 PT [2022/07/05 22:31:55 ET]
Table 'Leontina II' 9-max Seat #9 is the button
Seat 1: dgblapark ($1.23 in chips) 
Seat 2: braga121 ($1.09 in chips) 
Seat 3: Dorex2007 ($2.56 in chips) 
Seat 4: MirtoR37 ($2.67 in chips) 
Seat 5: ZéPequenno ($0.91 in chips) 
Seat 7: Bmkenny0 ($2.47 in chips) 
Seat 8: Rodérich ($1.63 in chips) 
Seat 9: roma19765 ($3.97 in chips) 
dgblapark: posts small blind $0.01
braga121: posts big blind $0.02
*** HOLE CARDS ***
Dealt to Dorex2007 [9s Qs]
Dorex2007: calls $0.02
MirtoR37: folds 
ZéPequenno: folds 
Bmkenny0: raises $0.02 to $0.04
deileon joins the table at seat #6 
Rodérich: calls $0.04
roma19765: folds 
dgblapark: folds 
braga121: calls $0.02
Dorex2007: calls $0.02
*** FLOP *** [Qc 7s 3s]
braga121: checks 
Dorex2007: bets $0.11
Bmkenny0: folds 
Rodérich: folds 
braga121: folds 
Uncalled bet ($0.11) returned to Dorex2007
Dorex2007 collected $0.16 from pot
*** SUMMARY ***
Total pot $0.17 | Rake $0.01 
Board [Qc 7s 3s]
Seat 1: dgblapark (small blind) folded before Flop
Seat 2: braga121 (big blind) folded on the Flop
Seat 3: Dorex2007 collected ($0.16)
Seat 4: MirtoR37 folded before Flop (didn't bet)
Seat 5: ZéPequenno folded before Flop (didn't bet)
Seat 7: Bmkenny0 folded on the Flop
Seat 8: Rodérich folded on the Flop
Seat 9: roma19765 (button) folded before Flop (didn't bet)



PokerStars Hand #237187860463:  Hold'em No Limit ($0.01/$0.02 USD) - 2022/07/05 19:32:53 PT [2022/07/05 22:32:53 ET]
Table 'Leontina II' 9-max Seat #1 is the button
Seat 1: dgblapark ($1.22 in chips) 
Seat 2: braga121 ($1.05 in chips) 
Seat 3: Dorex2007 ($2.68 in chips) 
Seat 4: MirtoR37 ($2.67 in chips) 
Seat 5: ZéPequenno ($0.91 in chips) 
Seat 7: Bmkenny0 ($2.43 in chips) 
Seat 8: Rodérich ($1.59 in chips) 
Seat 9: roma19765 ($3.97 in chips) 
braga121: posts small blind $0.01
Dorex2007: posts big blind $0.02
deileon: sits out 
*** HOLE CARDS ***
Dealt to Dorex2007 [Ad 2s]
MirtoR37: folds 
ZéPequenno: raises $0.02 to $0.04
Bmkenny0: folds 
MirtoR37 leaves the table
Rodérich: folds 
roma19765: folds 
dgblapark: folds 
braga121: folds 
Dorex2007: folds 
Uncalled bet ($0.02) returned to ZéPequenno
ZéPequenno collected $0.05 from pot
*** SUMMARY ***
Total pot $0.05 | Rake $0 
Seat 1: dgblapark (button) folded before Flop (didn't bet)
Seat 2: braga121 (small blind) folded before Flop
Seat 3: Dorex2007 (big blind) folded before Flop
Seat 4: MirtoR37 folded before Flop (didn't bet)
Seat 5: ZéPequenno collected ($0.05)
Seat 7: Bmkenny0 folded before Flop (didn't bet)
Seat 8: Rodérich folded before Flop (didn't bet)
Seat 9: roma19765 folded before Flop (didn't bet)



PokerStars Hand #237187864402:  Hold'em No Limit ($0.01/$0.02 USD) - 2022/07/05 19:33:16 PT [2022/07/05 22:33:16 ET]
Table 'Leontina II' 9-max Seat #2 is the button
Seat 1: dgblapark ($1.22 in chips) 
Seat 2: braga121 ($1.04 in chips) 
Seat 3: Dorex2007 ($2.66 in chips) 
Seat 5: ZéPequenno ($0.94 in chips) 
Seat 7: Bmkenny0 ($2.43 in chips) 
Seat 8: Rodérich ($1.59 in chips) 
Seat 9: roma19765 ($3.97 in chips) 
Dorex2007: posts small blind $0.01
ZéPequenno: posts big blind $0.02
deileon: sits out 
*** HOLE CARDS ***
Dealt to Dorex2007 [Qc Jc]
BUNNYLove2U joins the table at seat #4 
Bmkenny0: folds 
Rodérich: folds 
roma19765: raises $0.04 to $0.06
dgblapark: calls $0.06
braga121: folds 
Dorex2007: calls $0.05
ZéPequenno: calls $0.04
*** FLOP *** [Tc 9c Jh]
Dorex2007: bets $0.15
ZéPequenno: folds 
roma19765: calls $0.15
dgblapark: folds 
*** TURN *** [Tc 9c Jh] [7c]
Dorex2007: bets $0.26
roma19765: folds 
Uncalled bet ($0.26) returned to Dorex2007
Dorex2007 collected $0.52 from pot
*** SUMMARY ***
Total pot $0.54 | Rake $0.02 
Board [Tc 9c Jh 7c]
Seat 1: dgblapark folded on the Flop
Seat 2: braga121 (button) folded before Flop (didn't bet)
Seat 3: Dorex2007 (small blind) collected ($0.52)
Seat 5: ZéPequenno (big blind) folded on the Flop
Seat 7: Bmkenny0 folded before Flop (didn't bet)
Seat 8: Rodérich folded before Flop (didn't bet)
Seat 9: roma19765 folded on the Turn



PokerStars Hand #237187872530:  Hold'em No Limit ($0.01/$0.02 USD) - 2022/07/05 19:34:03 PT [2022/07/05 22:34:03 ET]
Table 'Leontina II' 9-max Seat #3 is the button
Seat 1: dgblapark ($1.16 in chips) 
Seat 2: braga121 ($1.04 in chips) 
Seat 3: Dorex2007 ($2.97 in chips) 
Seat 5: ZéPequenno ($0.88 in chips) 
Seat 6: deileon ($1.60 in chips) 
Seat 7: Bmkenny0 ($2.43 in chips) 
Seat 8: Rodérich ($1.59 in chips) 
Seat 9: roma19765 ($3.76 in chips) 
ZéPequenno: posts small blind $0.01
deileon: posts big blind $0.02
*** HOLE CARDS ***
Dealt to Dorex2007 [2s Qh]
Bmkenny0: folds 
Rodérich: raises $0.02 to $0.04
roma19765: raises $0.10 to $0.14
dgblapark: folds 
braga121: folds 
Dorex2007: folds 
ZéPequenno: folds 
deileon: folds 
Rodérich: calls $0.10
*** FLOP *** [4c Th 6d]
Rodérich: checks 
roma19765: bets $0.15
Rodérich: folds 
Uncalled bet ($0.15) returned to roma19765
roma19765 collected $0.30 from pot
*** SUMMARY ***
Total pot $0.31 | Rake $0.01 
Board [4c Th 6d]
Seat 1: dgblapark folded before Flop (didn't bet)
Seat 2: braga121 folded before Flop (didn't bet)
Seat 3: Dorex2007 (button) folded before Flop (didn't bet)
Seat 5: ZéPequenno (small blind) folded before Flop
Seat 6: deileon (big blind) folded before Flop
Seat 7: Bmkenny0 folded before Flop (didn't bet)
Seat 8: Rodérich folded on the Flop
Seat 9: roma19765 collected ($0.30)



PokerStars Hand #237187879039:  Hold'em No Limit ($0.01/$0.02 USD) - 2022/07/05 19:34:41 PT [2022/07/05 22:34:41 ET]
Table 'Leontina II' 9-max Seat #5 is the button
Seat 1: dgblapark ($1.16 in chips) 
Seat 2: braga121 ($1.04 in chips) 
Seat 3: Dorex2007 ($2.97 in chips) 
Seat 5: ZéPequenno ($0.87 in chips) 
Seat 6: deileon ($1.58 in chips) 
Seat 7: Bmkenny0 ($2.43 in chips) 
Seat 8: Rodérich ($1.45 in chips) 
Seat 9: roma19765 ($3.92 in chips) 
deileon: posts small blind $0.01
Bmkenny0: posts big blind $0.02
BUNNYLove2U: sits out 
*** HOLE CARDS ***
Dealt to Dorex2007 [4h 3s]
Rodérich: folds 
roma19765: folds 
dgblapark: folds 
braga121: calls $0.02
Dorex2007: folds 
ZéPequenno: raises $0.06 to $0.08
deileon: folds 
Bmkenny0: folds 
braga121: folds 
Uncalled bet ($0.06) returned to ZéPequenno
ZéPequenno collected $0.07 from pot
*** SUMMARY ***
Total pot $0.07 | Rake $0 
Seat 1: dgblapark folded before Flop (didn't bet)
Seat 2: braga121 folded before Flop
Seat 3: Dorex2007 folded before Flop (didn't bet)
Seat 5: ZéPequenno (button) collected ($0.07)
Seat 6: deileon (small blind) folded before Flop
Seat 7: Bmkenny0 (big blind) folded before Flop
Seat 8: Rodérich folded before Flop (didn't bet)
Seat 9: roma19765 folded before Flop (didn't bet)



PokerStars Hand #237187883983:  Hold'em No Limit ($0.01/$0.02 USD) - 2022/07/05 19:35:10 PT [2022/07/05 22:35:10 ET]
Table 'Leontina II' 9-max Seat #6 is the button
Seat 1: dgblapark ($1.16 in chips) 
Seat 2: braga121 ($1.02 in chips) 
Seat 3: Dorex2007 ($2.97 in chips) 
Seat 5: ZéPequenno ($0.92 in chips) 
Seat 6: deileon ($1.57 in chips) 
Seat 7: Bmkenny0 ($2.41 in chips) 
Seat 8: Rodérich ($1.45 in chips) 
Seat 9: roma19765 ($3.92 in chips) 
Bmkenny0: posts small blind $0.01
Rodérich: posts big blind $0.02
BUNNYLove2U: sits out 
*** HOLE CARDS ***
Dealt to Dorex2007 [2s Js]
roma19765: raises $0.04 to $0.06
dgblapark: folds 
braga121: folds 
Dorex2007: folds 
ZéPequenno: calls $0.06
deileon: folds 
Bmkenny0: calls $0.05
Rodérich: calls $0.04
*** FLOP *** [6s Kh Qh]
Bmkenny0: checks 
Rodérich: checks 
roma19765: checks 
ZéPequenno: bets $0.22
Bmkenny0: folds 
Rodérich: folds 
roma19765: folds 
Uncalled bet ($0.22) returned to ZéPequenno
ZéPequenno collected $0.23 from pot
*** SUMMARY ***
Total pot $0.24 | Rake $0.01 
Board [6s Kh Qh]
Seat 1: dgblapark folded before Flop (didn't bet)
Seat 2: braga121 folded before Flop (didn't bet)
Seat 3: Dorex2007 folded before Flop (didn't bet)
Seat 5: ZéPequenno collected ($0.23)
Seat 6: deileon (button) folded before Flop (didn't bet)
Seat 7: Bmkenny0 (small blind) folded on the Flop
Seat 8: Rodérich (big blind) folded on the Flop
Seat 9: roma19765 folded on the Flop



PokerStars Hand #237187891824:  Hold'em No Limit ($0.01/$0.02 USD) - 2022/07/05 19:35:55 PT [2022/07/05 22:35:55 ET]
Table 'Leontina II' 9-max Seat #7 is the button
Seat 1: dgblapark ($1.16 in chips) 
Seat 2: braga121 ($1.02 in chips) 
Seat 3: Dorex2007 ($2.97 in chips) 
Seat 5: ZéPequenno ($1.09 in chips) 
Seat 6: deileon ($1.57 in chips) 
Seat 7: Bmkenny0 ($2.35 in chips) 
Seat 8: Rodérich ($1.39 in chips) 
Seat 9: roma19765 ($3.86 in chips) 
Rodérich: posts small blind $0.01
roma19765: posts big blind $0.02
BUNNYLove2U: sits out 
*** HOLE CARDS ***
Dealt to Dorex2007 [Ts Ah]
dgblapark: folds 
braga121: folds 
Dorex2007: raises $0.04 to $0.06
ZéPequenno: folds 
deileon: folds 
Bmkenny0: folds 
Rodérich: calls $0.05
roma19765: folds 
*** FLOP *** [5s 8d Tc]
Rodérich: checks 
Dorex2007: bets $0.09
Rodérich: folds 
Uncalled bet ($0.09) returned to Dorex2007
Dorex2007 collected $0.14 from pot
*** SUMMARY ***
Total pot $0.14 | Rake $0 
Board [5s 8d Tc]
Seat 1: dgblapark folded before Flop (didn't bet)
Seat 2: braga121 folded before Flop (didn't bet)
Seat 3: Dorex2007 collected ($0.14)
Seat 5: ZéPequenno folded before Flop (didn't bet)
Seat 6: deileon folded before Flop (didn't bet)
Seat 7: Bmkenny0 (button) folded before Flop (didn't bet)
Seat 8: Rodérich (small blind) folded on the Flop
Seat 9: roma19765 (big blind) folded before Flop



PokerStars Hand #237187898486:  Hold'em No Limit ($0.01/$0.02 USD) - 2022/07/05 19:36:34 PT [2022/07/05 22:36:34 ET]
Table 'Leontina II' 9-max Seat #8 is the button
Seat 1: dgblapark ($1.16 in chips) 
Seat 2: braga121 ($1.02 in chips) 
Seat 3: Dorex2007 ($3.05 in chips) 
Seat 5: ZéPequenno ($1.09 in chips) 
Seat 6: deileon ($1.57 in chips) 
Seat 7: Bmkenny0 ($2.35 in chips) 
Seat 8: Rodérich ($1.33 in chips) 
Seat 9: roma19765 ($3.84 in chips) 
roma19765: posts small blind $0.01
dgblapark: posts big blind $0.02
BUNNYLove2U: sits out 
*** HOLE CARDS ***
Dealt to Dorex2007 [4s Ac]
braga121: folds 
Dorex2007: folds 
ZéPequenno: folds 
deileon: folds 
Bmkenny0: calls $0.02
Rodérich: folds 
roma19765: calls $0.01
dgblapark: checks 
*** FLOP *** [Jh 6d Qh]
roma19765: checks 
dgblapark: bets $0.04
Bmkenny0: folds 
roma19765: folds 
Uncalled bet ($0.04) returned to dgblapark
dgblapark collected $0.06 from pot
*** SUMMARY ***
Total pot $0.06 | Rake $0 
Board [Jh 6d Qh]
Seat 1: dgblapark (big blind) collected ($0.06)
Seat 2: braga121 folded before Flop (didn't bet)
Seat 3: Dorex2007 folded before Flop (didn't bet)
Seat 5: ZéPequenno folded before Flop (didn't bet)
Seat 6: deileon folded before Flop (didn't bet)
Seat 7: Bmkenny0 folded on the Flop
Seat 8: Rodérich (button) folded before Flop (didn't bet)
Seat 9: roma19765 (small blind) folded on the Flop



PokerStars Hand #237187905082:  Hold'em No Limit ($0.01/$0.02 USD) - 2022/07/05 19:37:12 PT [2022/07/05 22:37:12 ET]
Table 'Leontina II' 9-max Seat #9 is the button
Seat 1: dgblapark ($1.20 in chips) 
Seat 2: braga121 ($1.02 in chips) 
Seat 3: Dorex2007 ($3.05 in chips) 
Seat 5: ZéPequenno ($1.09 in chips) 
Seat 6: deileon ($1.57 in chips) 
Seat 7: Bmkenny0 ($2.33 in chips) 
Seat 8: Rodérich ($1.33 in chips) 
Seat 9: roma19765 ($3.82 in chips) 
dgblapark: posts small blind $0.01
braga121: posts big blind $0.02
BUNNYLove2U: sits out 
*** HOLE CARDS ***
Dealt to Dorex2007 [3s Qh]
Dorex2007: folds 
ZéPequenno: folds 
deileon: calls $0.02
Bmkenny0: folds 
Rodérich: raises $0.02 to $0.04
roma19765: raises $0.10 to $0.14
dgblapark: folds 
braga121: folds 
deileon: calls $0.12
Rodérich: calls $0.10
*** FLOP *** [Td 3h Jh]
deileon: checks 
Rodérich: checks 
roma19765: bets $0.21
deileon: folds 
Rodérich: calls $0.21
*** TURN *** [Td 3h Jh] [2s]
Rodérich: checks 
roma19765: bets $0.56
Rodérich: calls $0.56
*** RIVER *** [Td 3h Jh 2s] [Ad]
Rodérich: checks 
roma19765: checks 
*** SHOW DOWN ***
Rodérich: shows [9h 6h] (high card Ace)
roma19765: shows [Qd Qc] (a pair of Queens)
roma19765 collected $1.92 from pot
*** SUMMARY ***
Total pot $1.99 | Rake $0.07 
Board [Td 3h Jh 2s Ad]
Seat 1: dgblapark (small blind) folded before Flop
Seat 2: braga121 (big blind) folded before Flop
Seat 3: Dorex2007 folded before Flop (didn't bet)
Seat 5: ZéPequenno folded before Flop (didn't bet)
Seat 6: deileon folded on the Flop
Seat 7: Bmkenny0 folded before Flop (didn't bet)
Seat 8: Rodérich showed [9h 6h] and lost with high card Ace
Seat 9: roma19765 (button) showed [Qd Qc] and won ($1.92) with a pair of Queens



PokerStars Hand #237187917193:  Hold'em No Limit ($0.01/$0.02 USD) - 2022/07/05 19:38:23 PT [2022/07/05 22:38:23 ET]
Table 'Leontina II' 9-max Seat #1 is the button
Seat 1: dgblapark ($1.19 in chips) 
Seat 2: braga121 ($1 in chips) 
Seat 3: Dorex2007 ($3.05 in chips) 
Seat 5: ZéPequenno ($1.09 in chips) 
Seat 6: deileon ($1.43 in chips) 
Seat 7: Bmkenny0 ($2.33 in chips) 
Seat 8: Rodérich ($0.42 in chips) 
Seat 9: roma19765 ($4.83 in chips) 
braga121: posts small blind $0.01
Dorex2007: posts big blind $0.02
BUNNYLove2U: sits out 
*** HOLE CARDS ***
Dealt to Dorex2007 [4d Tc]
ZéPequenno: calls $0.02
deileon: folds 
Bmkenny0: calls $0.02
Rodérich: folds 
roma19765: folds 
dgblapark: folds 
braga121: calls $0.01
Dorex2007: checks 
*** FLOP *** [Th 6d 8c]
braga121: bets $0.16
Dorex2007: folds 
ZéPequenno: folds 
Bmkenny0: folds 
Uncalled bet ($0.16) returned to braga121
braga121 collected $0.08 from pot
*** SUMMARY ***
Total pot $0.08 | Rake $0 
Board [Th 6d 8c]
Seat 1: dgblapark (button) folded before Flop (didn't bet)
Seat 2: braga121 (small blind) collected ($0.08)
Seat 3: Dorex2007 (big blind) folded on the Flop
Seat 5: ZéPequenno folded on the Flop
Seat 6: deileon folded before Flop (didn't bet)
Seat 7: Bmkenny0 folded on the Flop
Seat 8: Rodérich folded before Flop (didn't bet)
Seat 9: roma19765 folded before Flop (didn't bet)



PokerStars Hand #237187925627:  Hold'em No Limit ($0.01/$0.02 USD) - 2022/07/05 19:39:12 PT [2022/07/05 22:39:12 ET]
Table 'Leontina II' 9-max Seat #2 is the button
Seat 1: dgblapark ($1.19 in chips) 
Seat 2: braga121 ($1.06 in chips) 
Seat 3: Dorex2007 ($3.03 in chips) 
Seat 4: BUNNYLove2U ($2 in chips) 
Seat 5: ZéPequenno ($1.07 in chips) 
Seat 6: deileon ($1.43 in chips) 
Seat 7: Bmkenny0 ($2.31 in chips) 
Seat 8: Rodérich ($0.42 in chips) 
Seat 9: roma19765 ($4.83 in chips) 
Dorex2007: posts small blind $0.01
BUNNYLove2U: posts big blind $0.02
*** HOLE CARDS ***
Dealt to Dorex2007 [6c Qh]
ZéPequenno: raises $0.02 to $0.04
deileon: calls $0.04
Bmkenny0: calls $0.04
Rodérich: folds 
roma19765: folds 
dgblapark: folds 
braga121: folds 
Dorex2007: folds 
BUNNYLove2U: calls $0.02
*** FLOP *** [6d Jh 8d]
BUNNYLove2U: checks 
ZéPequenno: bets $0.14
deileon: folds 
Bmkenny0: folds 
BUNNYLove2U: folds 
Uncalled bet ($0.14) returned to ZéPequenno
ZéPequenno collected $0.16 from pot
*** SUMMARY ***
Total pot $0.17 | Rake $0.01 
Board [6d Jh 8d]
Seat 1: dgblapark folded before Flop (didn't bet)
Seat 2: braga121 (button) folded before Flop (didn't bet)
Seat 3: Dorex2007 (small blind) folded before Flop
Seat 4: BUNNYLove2U (big blind) folded on the Flop
Seat 5: ZéPequenno collected ($0.16)
Seat 6: deileon folded on the Flop
Seat 7: Bmkenny0 folded on the Flop
Seat 8: Rodérich folded before Flop (didn't bet)
Seat 9: roma19765 folded before Flop (didn't bet)



PokerStars Hand #237187934196:  Hold'em No Limit ($0.01/$0.02 USD) - 2022/07/05 19:40:03 PT [2022/07/05 22:40:03 ET]
Table 'Leontina II' 9-max Seat #3 is the button
Seat 1: dgblapark ($1.19 in chips) 
Seat 2: braga121 ($1.06 in chips) 
Seat 3: Dorex2007 ($3.02 in chips) 
Seat 4: BUNNYLove2U ($2 in chips) 
Seat 5: ZéPequenno ($1.19 in chips) 
Seat 6: deileon ($1.39 in chips) 
Seat 7: Bmkenny0 ($2.27 in chips) 
Seat 8: Rodérich ($0.42 in chips) 
Seat 9: roma19765 ($4.83 in chips) 
BUNNYLove2U: posts small blind $0.01
ZéPequenno: posts big blind $0.02
*** HOLE CARDS ***
Dealt to Dorex2007 [2s 4c]
deileon: folds 
Bmkenny0: raises $0.05 to $0.07
Rodérich: calls $0.07
roma19765: calls $0.07
dgblapark: folds 
braga121: folds 
Dorex2007: folds 
BUNNYLove2U: folds 
ZéPequenno: folds 
*** FLOP *** [Ts Qc As]
Bmkenny0: bets $0.11
Rodérich: folds 
roma19765: folds 
Uncalled bet ($0.11) returned to Bmkenny0
Bmkenny0 collected $0.23 from pot
*** SUMMARY ***
Total pot $0.24 | Rake $0.01 
Board [Ts Qc As]
Seat 1: dgblapark folded before Flop (didn't bet)
Seat 2: braga121 folded before Flop (didn't bet)
Seat 3: Dorex2007 (button) folded before Flop (didn't bet)
Seat 4: BUNNYLove2U (small blind) folded before Flop
Seat 5: ZéPequenno (big blind) folded before Flop
Seat 6: deileon folded before Flop (didn't bet)
Seat 7: Bmkenny0 collected ($0.23)
Seat 8: Rodérich folded on the Flop
Seat 9: roma19765 folded on the Flop



PokerStars Hand #237187939280:  Hold'em No Limit ($0.01/$0.02 USD) - 2022/07/05 19:40:33 PT [2022/07/05 22:40:33 ET]
Table 'Leontina II' 9-max Seat #4 is the button
Seat 1: dgblapark ($1.19 in chips) 
Seat 2: braga121 ($1.06 in chips) 
Seat 3: Dorex2007 ($3.02 in chips) 
Seat 4: BUNNYLove2U ($2 in chips) 
Seat 5: ZéPequenno ($1.17 in chips) 
Seat 6: deileon ($1.39 in chips) 
Seat 7: Bmkenny0 ($2.43 in chips) 
Seat 8: Rodérich ($0.35 in chips) 
Seat 9: roma19765 ($4.76 in chips) 
ZéPequenno: posts small blind $0.01
deileon: posts big blind $0.02
*** HOLE CARDS ***
Dealt to Dorex2007 [5h Qd]
Bmkenny0: folds 
Rodérich: raises $0.02 to $0.04
roma19765: folds 
dgblapark: calls $0.04
braga121: folds 
Dorex2007: folds 
BUNNYLove2U: folds 
ZéPequenno: calls $0.03
deileon: folds 
*** FLOP *** [5s 8d Kd]
ZéPequenno: checks 
Rodérich: checks 
dgblapark: checks 
*** TURN *** [5s 8d Kd] [Js]
ZéPequenno: bets $0.06
Rodérich: folds 
dgblapark: calls $0.06
*** RIVER *** [5s 8d Kd Js] [Th]
ZéPequenno: checks 
dgblapark: checks 
*** SHOW DOWN ***
ZéPequenno: shows [4s 4h] (a pair of Fours)
dgblapark: shows [5d Ad] (a pair of Fives)
dgblapark collected $0.25 from pot
*** SUMMARY ***
Total pot $0.26 | Rake $0.01 
Board [5s 8d Kd Js Th]
Seat 1: dgblapark showed [5d Ad] and won ($0.25) with a pair of Fives
Seat 2: braga121 folded before Flop (didn't bet)
Seat 3: Dorex2007 folded before Flop (didn't bet)
Seat 4: BUNNYLove2U (button) folded before Flop (didn't bet)
Seat 5: ZéPequenno (small blind) showed [4s 4h] and lost with a pair of Fours
Seat 6: deileon (big blind) folded before Flop
Seat 7: Bmkenny0 folded before Flop (didn't bet)
Seat 8: Rodérich folded on the Turn
Seat 9: roma19765 folded before Flop (didn't bet)



PokerStars Hand #237187949337:  Hold'em No Limit ($0.01/$0.02 USD) - 2022/07/05 19:41:34 PT [2022/07/05 22:41:34 ET]
Table 'Leontina II' 9-max Seat #5 is the button
Seat 1: dgblapark ($1.34 in chips) 
Seat 2: braga121 ($1.06 in chips) 
Seat 3: Dorex2007 ($3.02 in chips) 
Seat 4: BUNNYLove2U ($2 in chips) 
Seat 5: ZéPequenno ($1.07 in chips) 
Seat 6: deileon ($1.37 in chips) 
Seat 7: Bmkenny0 ($2.43 in chips) 
Seat 8: Rodérich ($0.31 in chips) 
Seat 9: roma19765 ($4.76 in chips) 
deileon: posts small blind $0.01
Bmkenny0: posts big blind $0.02
*** HOLE CARDS ***
Dealt to Dorex2007 [Qc Jh]
Rodérich: folds 
roma19765: raises $0.04 to $0.06
dgblapark: folds 
braga121: folds 
Dorex2007: calls $0.06
BUNNYLove2U: folds 
ZéPequenno: folds 
deileon: calls $0.05
Bmkenny0: folds 
*** FLOP *** [9s 4s Ts]
deileon: checks 
roma19765: bets $0.09
Dorex2007: folds 
deileon: folds 
Uncalled bet ($0.09) returned to roma19765
roma19765 collected $0.19 from pot
*** SUMMARY ***
Total pot $0.20 | Rake $0.01 
Board [9s 4s Ts]
Seat 1: dgblapark folded before Flop (didn't bet)
Seat 2: braga121 folded before Flop (didn't bet)
Seat 3: Dorex2007 folded on the Flop
Seat 4: BUNNYLove2U folded before Flop (didn't bet)
Seat 5: ZéPequenno (button) folded before Flop (didn't bet)
Seat 6: deileon (small blind) folded on the Flop
Seat 7: Bmkenny0 (big blind) folded before Flop
Seat 8: Rodérich folded before Flop (didn't bet)
Seat 9: roma19765 collected ($0.19)



PokerStars Hand #237187957580:  Hold'em No Limit ($0.01/$0.02 USD) - 2022/07/05 19:42:24 PT [2022/07/05 22:42:24 ET]
Table 'Leontina II' 9-max Seat #6 is the button
Seat 1: dgblapark ($1.34 in chips) 
Seat 2: braga121 ($1.06 in chips) 
Seat 3: Dorex2007 ($2.96 in chips) 
Seat 4: BUNNYLove2U ($2 in chips) 
Seat 5: ZéPequenno ($1.07 in chips) 
Seat 6: deileon ($1.31 in chips) 
Seat 7: Bmkenny0 ($2.41 in chips) 
Seat 8: Rodérich ($0.31 in chips) 
Seat 9: roma19765 ($4.89 in chips) 
Bmkenny0: posts small blind $0.01
Rodérich: posts big blind $0.02
*** HOLE CARDS ***
Dealt to Dorex2007 [9h 4h]
roma19765: folds 
dgblapark: folds 
braga121: folds 
Dorex2007: folds 
BUNNYLove2U: folds 
ZéPequenno: folds 
ZéPequenno leaves the table
deileon: folds 
Bmkenny0: calls $0.01
Rodérich: checks 
*** FLOP *** [6h 2c Kd]
Bmkenny0: bets $0.04
Rodérich: calls $0.04
*** TURN *** [6h 2c Kd] [Th]
w3sby joins the table at seat #5 
Bmkenny0: bets $0.12
Rodérich: raises $0.13 to $0.25 and is all-in
Bmkenny0: calls $0.13
*** RIVER *** [6h 2c Kd Th] [9s]
*** SHOW DOWN ***
Bmkenny0: shows [8c Ks] (a pair of Kings)
Rodérich: shows [2h Kh] (two pair, Kings and Deuces)
Rodérich collected $0.60 from pot
Bmkenny0 cashed out the hand for $0.09
*** SUMMARY ***
Total pot $0.62 | Rake $0.02 
Board [6h 2c Kd Th 9s]
Seat 1: dgblapark folded before Flop (didn't bet)
Seat 2: braga121 folded before Flop (didn't bet)
Seat 3: Dorex2007 folded before Flop (didn't bet)
Seat 4: BUNNYLove2U folded before Flop (didn't bet)
Seat 5: ZéPequenno folded before Flop (didn't bet)
Seat 6: deileon (button) folded before Flop (didn't bet)
Seat 7: Bmkenny0 (small blind) showed [8c Ks] and lost with a pair of Kings (cashed out).
Seat 8: Rodérich (big blind) showed [2h Kh] and won ($0.60) with two pair, Kings and Deuces
Seat 9: roma19765 folded before Flop (didn't bet)



PokerStars Hand #237187967936:  Hold'em No Limit ($0.01/$0.02 USD) - 2022/07/05 19:43:28 PT [2022/07/05 22:43:28 ET]
Table 'Leontina II' 9-max Seat #7 is the button
Seat 1: dgblapark ($1.34 in chips) 
Seat 2: braga121 ($1.06 in chips) 
Seat 3: Dorex2007 ($2.96 in chips) 
Seat 4: BUNNYLove2U ($2 in chips) 
Seat 6: deileon ($1.31 in chips) 
Seat 7: Bmkenny0 ($2.19 in chips) 
Seat 8: Rodérich ($0.60 in chips) 
Seat 9: roma19765 ($4.89 in chips) 
Rodérich: posts small blind $0.01
roma19765: posts big blind $0.02
w3sby: sits out 
*** HOLE CARDS ***
Dealt to Dorex2007 [7s Td]
dgblapark: calls $0.02
braga121: folds 
Dorex2007: folds 
BUNNYLove2U: raises $0.07 to $0.09
deileon: folds 
Bmkenny0: folds 
Rodérich: calls $0.08
roma19765: folds 
dgblapark: calls $0.07
*** FLOP *** [Qc 3h 2h]
Rodérich: bets $0.51 and is all-in
Bmkenny0 is disconnected 
dgblapark: folds 
BUNNYLove2U: folds 
Uncalled bet ($0.51) returned to Rodérich
Rodérich collected $0.28 from pot
*** SUMMARY ***
Total pot $0.29 | Rake $0.01 
Board [Qc 3h 2h]
Seat 1: dgblapark folded on the Flop
Seat 2: braga121 folded before Flop (didn't bet)
Seat 3: Dorex2007 folded before Flop (didn't bet)
Seat 4: BUNNYLove2U folded on the Flop
Seat 6: deileon folded before Flop (didn't bet)
Seat 7: Bmkenny0 (button) folded before Flop (didn't bet)
Seat 8: Rodérich (small blind) collected ($0.28)
Seat 9: roma19765 (big blind) folded before Flop



PokerStars Hand #237187983217:  Hold'em No Limit ($0.01/$0.02 USD) - 2022/07/05 19:45:02 PT [2022/07/05 22:45:02 ET]
Table 'Leontina II' 9-max Seat #8 is the button
Seat 1: dgblapark ($1.25 in chips) 
Seat 2: braga121 ($1.06 in chips) 
Seat 3: Dorex2007 ($2.96 in chips) 
Seat 4: BUNNYLove2U ($2 in chips) 
Seat 6: deileon ($1.31 in chips) 
Seat 7: Bmkenny0 ($2.19 in chips) 
Seat 8: Rodérich ($0.79 in chips) 
Seat 9: roma19765 ($4.87 in chips) 
roma19765: posts small blind $0.01
dgblapark: posts big blind $0.02
w3sby: sits out 
*** HOLE CARDS ***
Dealt to Dorex2007 [8c Jh]
braga121: folds 
Dorex2007: folds 
BUNNYLove2U: folds 
deileon: folds 
Bmkenny0 has timed out while disconnected
Bmkenny0: folds 
Rodérich: raises $0.02 to $0.04
roma19765: calls $0.03
dgblapark: calls $0.02
*** FLOP *** [2d 6d 6c]
roma19765: checks 
dgblapark: checks 
Rodérich: bets $0.06
roma19765: calls $0.06
dgblapark: folds 
*** TURN *** [2d 6d 6c] [Tc]
roma19765: checks 
Rodérich: bets $0.69 and is all-in
roma19765: folds 
Uncalled bet ($0.69) returned to Rodérich
Rodérich collected $0.23 from pot
*** SUMMARY ***
Total pot $0.24 | Rake $0.01 
Board [2d 6d 6c Tc]
Seat 1: dgblapark (big blind) folded on the Flop
Seat 2: braga121 folded before Flop (didn't bet)
Seat 3: Dorex2007 folded before Flop (didn't bet)
Seat 4: BUNNYLove2U folded before Flop (didn't bet)
Seat 6: deileon folded before Flop (didn't bet)
Seat 7: Bmkenny0 folded before Flop (didn't bet)
Seat 8: Rodérich (button) collected ($0.23)
Seat 9: roma19765 (small blind) folded on the Turn



PokerStars Hand #237187991946:  Hold'em No Limit ($0.01/$0.02 USD) - 2022/07/05 19:45:55 PT [2022/07/05 22:45:55 ET]
Table 'Leontina II' 9-max Seat #9 is the button
Seat 1: dgblapark ($1.21 in chips) 
Seat 2: braga121 ($1.06 in chips) 
Seat 3: Dorex2007 ($2.96 in chips) 
Seat 4: BUNNYLove2U ($2 in chips) 
Seat 6: deileon ($1.31 in chips) 
Seat 8: Rodérich ($0.92 in chips) 
Seat 9: roma19765 ($4.77 in chips) 
dgblapark: posts small blind $0.01
braga121: posts big blind $0.02
w3sby: sits out 
*** HOLE CARDS ***
Dealt to Dorex2007 [8s 9d]
Dorex2007: folds 
BUNNYLove2U: folds 
deileon: folds 
Rodérich: raises $0.02 to $0.04
roma19765: calls $0.04
dgblapark: calls $0.03
braga121: folds 
*** FLOP *** [4s 5d 9c]
dgblapark: checks 
Rodérich: checks 
roma19765: checks 
*** TURN *** [4s 5d 9c] [Qd]
dgblapark: checks 
Rodérich: checks 
roma19765: checks 
*** RIVER *** [4s 5d 9c Qd] [Td]
dgblapark: checks 
Rodérich: checks 
roma19765: checks 
*** SHOW DOWN ***
dgblapark: shows [6h Ah] (high card Ace)
Rodérich: shows [Ts 2s] (a pair of Tens)
roma19765: shows [Kd Tc] (a pair of Tens - King kicker)
roma19765 collected $0.14 from pot
*** SUMMARY ***
Total pot $0.14 | Rake $0 
Board [4s 5d 9c Qd Td]
Seat 1: dgblapark (small blind) showed [6h Ah] and lost with high card Ace
Seat 2: braga121 (big blind) folded before Flop
Seat 3: Dorex2007 folded before Flop (didn't bet)
Seat 4: BUNNYLove2U folded before Flop (didn't bet)
Seat 6: deileon folded before Flop (didn't bet)
Seat 8: Rodérich showed [Ts 2s] and lost with a pair of Tens
Seat 9: roma19765 (button) showed [Kd Tc] and won ($0.14) with a pair of Tens



PokerStars Hand #237187999455:  Hold'em No Limit ($0.01/$0.02 USD) - 2022/07/05 19:46:41 PT [2022/07/05 22:46:41 ET]
Table 'Leontina II' 9-max Seat #1 is the button
Seat 1: dgblapark ($1.17 in chips) 
Seat 2: braga121 ($1.04 in chips) 
Seat 3: Dorex2007 ($2.96 in chips) 
Seat 4: BUNNYLove2U ($2 in chips) 
Seat 6: deileon ($1.31 in chips) 
Seat 8: Rodérich ($0.88 in chips) 
Seat 9: roma19765 ($4.87 in chips) 
braga121: posts small blind $0.01
Dorex2007: posts big blind $0.02
w3sby: sits out 
*** HOLE CARDS ***
Dealt to Dorex2007 [Qc Ah]
BUNNYLove2U: folds 
deileon: folds 
Rodérich: raises $0.02 to $0.04
roma19765: folds 
dgblapark: folds 
braga121: folds 
Dorex2007: raises $0.04 to $0.08
Rodérich: calls $0.04
*** FLOP *** [5s 9s Qd]
Dorex2007: bets $0.16
Rodérich: folds 
Uncalled bet ($0.16) returned to Dorex2007
Dorex2007 collected $0.16 from pot
*** SUMMARY ***
Total pot $0.17 | Rake $0.01 
Board [5s 9s Qd]
Seat 1: dgblapark (button) folded before Flop (didn't bet)
Seat 2: braga121 (small blind) folded before Flop
Seat 3: Dorex2007 (big blind) collected ($0.16)
Seat 4: BUNNYLove2U folded before Flop (didn't bet)
Seat 6: deileon folded before Flop (didn't bet)
Seat 8: Rodérich folded on the Flop
Seat 9: roma19765 folded before Flop (didn't bet)



PokerStars Hand #237188006269:  Hold'em No Limit ($0.01/$0.02 USD) - 2022/07/05 19:47:24 PT [2022/07/05 22:47:24 ET]
Table 'Leontina II' 9-max Seat #2 is the button
Seat 1: dgblapark ($1.17 in chips) 
Seat 2: braga121 ($1.03 in chips) 
Seat 3: Dorex2007 ($3.04 in chips) 
Seat 4: BUNNYLove2U ($2 in chips) 
Seat 6: deileon ($1.31 in chips) 
Seat 8: Rodérich ($0.80 in chips) 
Seat 9: roma19765 ($4.87 in chips) 
Dorex2007: posts small blind $0.01
BUNNYLove2U: posts big blind $0.02
w3sby: sits out 
*** HOLE CARDS ***
Dealt to Dorex2007 [4c 7s]
deileon: folds 
Rodérich: folds 
roma19765: folds 
dgblapark: calls $0.02
braga121: folds 
Dorex2007: folds 
BUNNYLove2U: checks 
*** FLOP *** [Jd Ks 3h]
BUNNYLove2U: checks 
dgblapark: checks 
*** TURN *** [Jd Ks 3h] [Js]
BUNNYLove2U: bets $0.03
dgblapark: folds 
Uncalled bet ($0.03) returned to BUNNYLove2U
BUNNYLove2U collected $0.05 from pot
*** SUMMARY ***
Total pot $0.05 | Rake $0 
Board [Jd Ks 3h Js]
Seat 1: dgblapark folded on the Turn
Seat 2: braga121 (button) folded before Flop (didn't bet)
Seat 3: Dorex2007 (small blind) folded before Flop
Seat 4: BUNNYLove2U (big blind) collected ($0.05)
Seat 6: deileon folded before Flop (didn't bet)
Seat 8: Rodérich folded before Flop (didn't bet)
Seat 9: roma19765 folded before Flop (didn't bet)



PokerStars Hand #237188011150:  Hold'em No Limit ($0.01/$0.02 USD) - 2022/07/05 19:47:54 PT [2022/07/05 22:47:54 ET]
Table 'Leontina II' 9-max Seat #3 is the button
Seat 1: dgblapark ($1.15 in chips) 
Seat 2: braga121 ($1.03 in chips) 
Seat 3: Dorex2007 ($3.03 in chips) 
Seat 4: BUNNYLove2U ($2.03 in chips) 
Seat 5: w3sby ($2 in chips) 
Seat 6: deileon ($1.31 in chips) 
Seat 8: Rodérich ($0.80 in chips) 
Seat 9: roma19765 ($4.87 in chips) 
BUNNYLove2U: posts small blind $0.01
w3sby: posts big blind $0.02
*** HOLE CARDS ***
Dealt to Dorex2007 [Qc 2c]
deileon has timed out
deileon: folds 
Rodérich: folds 
roma19765: folds 
dgblapark: calls $0.02
braga121: calls $0.02
Dorex2007: calls $0.02
BUNNYLove2U: folds 
w3sby: checks 
*** FLOP *** [Ks 8d 8c]
w3sby: checks 
dgblapark: checks 
braga121: checks 
Dorex2007: checks 
*** TURN *** [Ks 8d 8c] [Qh]
w3sby: checks 
dgblapark: checks 
braga121: checks 
Dorex2007: bets $0.06
w3sby: folds 
dgblapark: folds 
braga121: folds 
Uncalled bet ($0.06) returned to Dorex2007
Dorex2007 collected $0.09 from pot
*** SUMMARY ***
Total pot $0.09 | Rake $0 
Board [Ks 8d 8c Qh]
Seat 1: dgblapark folded on the Turn
Seat 2: braga121 folded on the Turn
Seat 3: Dorex2007 (button) collected ($0.09)
Seat 4: BUNNYLove2U (small blind) folded before Flop
Seat 5: w3sby (big blind) folded on the Turn
Seat 6: deileon folded before Flop (didn't bet)
Seat 8: Rodérich folded before Flop (didn't bet)
Seat 9: roma19765 folded before Flop (didn't bet)



PokerStars Hand #237188031406:  Hold'em No Limit ($0.01/$0.02 USD) - 2022/07/05 19:49:09 PT [2022/07/05 22:49:09 ET]
Table 'Leontina II' 9-max Seat #4 is the button
Seat 1: dgblapark ($1.13 in chips) 
Seat 2: braga121 ($1.01 in chips) 
Seat 3: Dorex2007 ($3.10 in chips) 
Seat 4: BUNNYLove2U ($2.02 in chips) 
Seat 5: w3sby ($2 in chips) 
Seat 6: deileon ($1.31 in chips) 
Seat 8: Rodérich ($0.80 in chips) 
Seat 9: roma19765 ($4.87 in chips) 
w3sby: posts small blind $0.01
deileon: posts big blind $0.02
*** HOLE CARDS ***
Dealt to Dorex2007 [Jd 9h]
Rodérich: raises $0.02 to $0.04
roma19765: folds 
dgblapark: folds 
braga121: folds 
Dorex2007: folds 
BUNNYLove2U: folds 
w3sby: folds 
deileon: calls $0.02
*** FLOP *** [8c Th Ks]
deileon: checks 
Rodérich: checks 
*** TURN *** [8c Th Ks] [4h]
deileon: checks 
Rodérich: bets $0.02
deileon: folds 
Uncalled bet ($0.02) returned to Rodérich
Rodérich collected $0.09 from pot
*** SUMMARY ***
Total pot $0.09 | Rake $0 
Board [8c Th Ks 4h]
Seat 1: dgblapark folded before Flop (didn't bet)
Seat 2: braga121 folded before Flop (didn't bet)
Seat 3: Dorex2007 folded before Flop (didn't bet)
Seat 4: BUNNYLove2U (button) folded before Flop (didn't bet)
Seat 5: w3sby (small blind) folded before Flop
Seat 6: deileon (big blind) folded on the Turn
Seat 8: Rodérich collected ($0.09)
Seat 9: roma19765 folded before Flop (didn't bet)



PokerStars Hand #237188036672:  Hold'em No Limit ($0.01/$0.02 USD) - 2022/07/05 19:49:42 PT [2022/07/05 22:49:42 ET]
Table 'Leontina II' 9-max Seat #5 is the button
Seat 1: dgblapark ($1.13 in chips) 
Seat 2: braga121 ($1.01 in chips) 
Seat 3: Dorex2007 ($3.10 in chips) 
Seat 4: BUNNYLove2U ($2.02 in chips) 
Seat 5: w3sby ($2 in chips) 
Seat 6: deileon ($1.27 in chips) 
Seat 7: Bmkenny0 ($2.19 in chips) 
Seat 8: Rodérich ($0.85 in chips) 
Seat 9: roma19765 ($4.87 in chips) 
deileon: posts small blind $0.01
Bmkenny0: posts big blind $0.02
*** HOLE CARDS ***
Dealt to Dorex2007 [3h 8d]
Rodérich: raises $0.02 to $0.04
roma19765: raises $0.10 to $0.14
dgblapark: folds 
braga121: calls $0.14
Dorex2007: folds 
BUNNYLove2U: folds 
w3sby: folds 
deileon: folds 
Bmkenny0: calls $0.12
Rodérich: calls $0.10
*** FLOP *** [9d Ad 2d]
Bmkenny0: checks 
Rodérich: checks 
roma19765: checks 
braga121: checks 
*** TURN *** [9d Ad 2d] [3s]
Bmkenny0: checks 
Rodérich: bets $0.02
roma19765: raises $0.30 to $0.32
braga121: folds 
Bmkenny0: calls $0.32
Rodérich: folds 
*** RIVER *** [9d Ad 2d 3s] [6d]
Bmkenny0: checks 
roma19765: bets $0.59
Bmkenny0: raises $1.14 to $1.73 and is all-in
roma19765: calls $1.14
*** SHOW DOWN ***
Bmkenny0: shows [Ac Jd] (a flush, Ace high)
roma19765: shows [Kh Kd] (a flush, Ace high - King higher)
roma19765 collected $4.53 from pot
*** SUMMARY ***
Total pot $4.69 | Rake $0.16 
Board [9d Ad 2d 3s 6d]
Seat 1: dgblapark folded before Flop (didn't bet)
Seat 2: braga121 folded on the Turn
Seat 3: Dorex2007 folded before Flop (didn't bet)
Seat 4: BUNNYLove2U folded before Flop (didn't bet)
Seat 5: w3sby (button) folded before Flop (didn't bet)
Seat 6: deileon (small blind) folded before Flop
Seat 7: Bmkenny0 (big blind) showed [Ac Jd] and lost with a flush, Ace high
Seat 8: Rodérich folded on the Turn
Seat 9: roma19765 showed [Kh Kd] and won ($4.53) with a flush, Ace high



PokerStars Hand #237188051149:  Hold'em No Limit ($0.01/$0.02 USD) - 2022/07/05 19:51:14 PT [2022/07/05 22:51:14 ET]
Table 'Leontina II' 9-max Seat #6 is the button
Seat 1: dgblapark ($1.13 in chips) 
Seat 2: braga121 ($0.87 in chips) 
Seat 3: Dorex2007 ($3.10 in chips) 
Seat 4: BUNNYLove2U ($2.02 in chips) 
Seat 5: w3sby ($2 in chips) 
Seat 6: deileon ($1.26 in chips) 
Seat 8: Rodérich ($0.69 in chips) 
Seat 9: roma19765 ($7.21 in chips) 
Rodérich: posts small blind $0.01
roma19765: posts big blind $0.02
*** HOLE CARDS ***
Dealt to Dorex2007 [8d Qs]
dgblapark: folds 
Bmkenny0 leaves the table
braga121: folds 
Dorex2007: folds 
BUNNYLove2U: folds 
w3sby: folds 
deileon: folds 
Rodérich: raises $0.02 to $0.04
Lagosha joins the table at seat #7 
roma19765: folds 
Uncalled bet ($0.02) returned to Rodérich
Rodérich collected $0.04 from pot
*** SUMMARY ***
Total pot $0.04 | Rake $0 
Seat 1: dgblapark folded before Flop (didn't bet)
Seat 2: braga121 folded before Flop (didn't bet)
Seat 3: Dorex2007 folded before Flop (didn't bet)
Seat 4: BUNNYLove2U folded before Flop (didn't bet)
Seat 5: w3sby folded before Flop (didn't bet)
Seat 6: deileon (button) folded before Flop (didn't bet)
Seat 8: Rodérich (small blind) collected ($0.04)
Seat 9: roma19765 (big blind) folded before Flop



PokerStars Hand #237188055357:  Hold'em No Limit ($0.01/$0.02 USD) - 2022/07/05 19:51:41 PT [2022/07/05 22:51:41 ET]
Table 'Leontina II' 9-max Seat #8 is the button
Seat 1: dgblapark ($1.13 in chips) 
Seat 2: braga121 ($0.87 in chips) 
Seat 3: Dorex2007 ($3.10 in chips) 
Seat 4: BUNNYLove2U ($2.02 in chips) 
Seat 5: w3sby ($2 in chips) 
Seat 6: deileon ($1.26 in chips) 
Seat 8: Rodérich ($0.71 in chips) 
Seat 9: roma19765 ($7.19 in chips) 
roma19765: posts small blind $0.01
dgblapark: posts big blind $0.02
Lagosha: sits out 
*** HOLE CARDS ***
Dealt to Dorex2007 [7s 9c]
braga121: folds 
Dorex2007: folds 
BUNNYLove2U: folds 
w3sby: folds 
deileon: folds 
Rodérich: raises $0.02 to $0.04
roma19765: folds 
dgblapark: folds 
Uncalled bet ($0.02) returned to Rodérich
Rodérich collected $0.05 from pot
*** SUMMARY ***
Total pot $0.05 | Rake $0 
Seat 1: dgblapark (big blind) folded before Flop
Seat 2: braga121 folded before Flop (didn't bet)
Seat 3: Dorex2007 folded before Flop (didn't bet)
Seat 4: BUNNYLove2U folded before Flop (didn't bet)
Seat 5: w3sby folded before Flop (didn't bet)
Seat 6: deileon folded before Flop (didn't bet)
Seat 8: Rodérich (button) collected ($0.05)
Seat 9: roma19765 (small blind) folded before Flop



PokerStars Hand #237188061231:  Hold'em No Limit ($0.01/$0.02 USD) - 2022/07/05 19:52:18 PT [2022/07/05 22:52:18 ET]
Table 'Leontina II' 9-max Seat #9 is the button
Seat 1: dgblapark ($1.11 in chips) 
Seat 2: braga121 ($0.87 in chips) 
Seat 3: Dorex2007 ($3.10 in chips) 
Seat 4: BUNNYLove2U ($2.02 in chips) 
Seat 5: w3sby ($2 in chips) 
Seat 6: deileon ($1.26 in chips) 
Seat 8: Rodérich ($0.74 in chips) 
Seat 9: roma19765 ($7.18 in chips) 
dgblapark: posts small blind $0.01
braga121: posts big blind $0.02
Lagosha: sits out 
*** HOLE CARDS ***
Dealt to Dorex2007 [6s 5c]
Dorex2007: folds 
BUNNYLove2U: folds 
w3sby: folds 
deileon: folds 
Rodérich: folds 
roma19765: folds 
roma19765 leaves the table
dgblapark: calls $0.01
braga121: checks 
*** FLOP *** [Ac 4h 6d]
dgblapark: checks 
oreniDiM joins the table at seat #9 
braga121: checks 
*** TURN *** [Ac 4h 6d] [Tc]
dgblapark: checks 
braga121: checks 
*** RIVER *** [Ac 4h 6d Tc] [4d]
dgblapark: checks 
braga121: bets $0.04
dgblapark: calls $0.04
*** SHOW DOWN ***
braga121: shows [8s 4s] (three of a kind, Fours)
dgblapark: mucks hand 
braga121 collected $0.12 from pot
*** SUMMARY ***
Total pot $0.12 | Rake $0 
Board [Ac 4h 6d Tc 4d]
Seat 1: dgblapark (small blind) mucked [Td 7h]
Seat 2: braga121 (big blind) showed [8s 4s] and won ($0.12) with three of a kind, Fours
Seat 3: Dorex2007 folded before Flop (didn't bet)
Seat 4: BUNNYLove2U folded before Flop (didn't bet)
Seat 5: w3sby folded before Flop (didn't bet)
Seat 6: deileon folded before Flop (didn't bet)
Seat 8: Rodérich folded before Flop (didn't bet)
Seat 9: roma19765 (button) folded before Flop (didn't bet)



PokerStars Hand #237188072035:  Hold'em No Limit ($0.01/$0.02 USD) - 2022/07/05 19:53:30 PT [2022/07/05 22:53:30 ET]
Table 'Leontina II' 9-max Seat #1 is the button
Seat 1: dgblapark ($1.05 in chips) 
Seat 2: braga121 ($0.93 in chips) 
Seat 3: Dorex2007 ($3.10 in chips) 
Seat 4: BUNNYLove2U ($2.02 in chips) 
Seat 5: w3sby ($2 in chips) 
Seat 6: deileon ($1.26 in chips) 
Seat 8: Rodérich ($0.74 in chips) 
braga121: posts small blind $0.01
Dorex2007: posts big blind $0.02
Lagosha: sits out 
oreniDiM: sits out 
*** HOLE CARDS ***
Dealt to Dorex2007 [4s Kd]
BUNNYLove2U: folds 
w3sby: folds 
deileon: folds 
Rodérich: calls $0.02
dgblapark: calls $0.02
braga121: calls $0.01
Dorex2007: checks 
*** FLOP *** [Qh 3d 4h]
braga121: checks 
Dorex2007: checks 
Rodérich: checks 
dgblapark: checks 
*** TURN *** [Qh 3d 4h] [9s]
braga121: checks 
Dorex2007: checks 
Rodérich: checks 
dgblapark: checks 
*** RIVER *** [Qh 3d 4h 9s] [7c]
braga121: bets $0.02
Dorex2007: calls $0.02
Rodérich: folds 
dgblapark: calls $0.02
*** SHOW DOWN ***
braga121: shows [9d 6h] (a pair of Nines)
Dorex2007: mucks hand 
dgblapark: mucks hand 
braga121 collected $0.14 from pot
*** SUMMARY ***
Total pot $0.14 | Rake $0 
Board [Qh 3d 4h 9s 7c]
Seat 1: dgblapark (button) mucked [9c 5c]
Seat 2: braga121 (small blind) showed [9d 6h] and won ($0.14) with a pair of Nines
Seat 3: Dorex2007 (big blind) mucked [4s Kd]
Seat 4: BUNNYLove2U folded before Flop (didn't bet)
Seat 5: w3sby folded before Flop (didn't bet)
Seat 6: deileon folded before Flop (didn't bet)
Seat 8: Rodérich folded on the River



PokerStars Hand #237188085950:  Hold'em No Limit ($0.01/$0.02 USD) - 2022/07/05 19:54:45 PT [2022/07/05 22:54:45 ET]
Table 'Leontina II' 9-max Seat #2 is the button
Seat 1: dgblapark ($1.01 in chips) 
Seat 2: braga121 ($1.03 in chips) 
Seat 3: Dorex2007 ($3.06 in chips) 
Seat 4: BUNNYLove2U ($2.02 in chips) 
Seat 5: w3sby ($2 in chips) 
Seat 6: deileon ($1.26 in chips) 
Seat 8: Rodérich ($0.72 in chips) 
Dorex2007: posts small blind $0.01
BUNNYLove2U: posts big blind $0.02
Lagosha: sits out 
oreniDiM: sits out 
*** HOLE CARDS ***
Dealt to Dorex2007 [8h Kc]
w3sby: folds 
deileon: calls $0.02
Rodérich: calls $0.02
dgblapark: folds 
braga121: folds 
Dorex2007: folds 
BUNNYLove2U: checks 
*** FLOP *** [7d 6s Jc]
BUNNYLove2U: checks 
deileon: checks 
Rodérich: checks 
*** TURN *** [7d 6s Jc] [Kd]
BUNNYLove2U: checks 
deileon: checks 
Rodérich: checks 
*** RIVER *** [7d 6s Jc Kd] [Qd]
BUNNYLove2U: checks 
deileon: checks 
Rodérich: checks 
*** SHOW DOWN ***
BUNNYLove2U: shows [9d 3s] (high card King)
deileon: shows [Ah Qh] (a pair of Queens)
Rodérich: mucks hand 
deileon collected $0.07 from pot
*** SUMMARY ***
Total pot $0.07 | Rake $0 
Board [7d 6s Jc Kd Qd]
Seat 1: dgblapark folded before Flop (didn't bet)
Seat 2: braga121 (button) folded before Flop (didn't bet)
Seat 3: Dorex2007 (small blind) folded before Flop
Seat 4: BUNNYLove2U (big blind) showed [9d 3s] and lost with high card King
Seat 5: w3sby folded before Flop (didn't bet)
Seat 6: deileon showed [Ah Qh] and won ($0.07) with a pair of Queens
Seat 8: Rodérich mucked [8c Ad]



PokerStars Hand #237188091412:  Hold'em No Limit ($0.01/$0.02 USD) - 2022/07/05 19:55:23 PT [2022/07/05 22:55:23 ET]
Table 'Leontina II' 9-max Seat #3 is the button
Seat 1: dgblapark ($1.01 in chips) 
Seat 2: braga121 ($1.03 in chips) 
Seat 3: Dorex2007 ($3.05 in chips) 
Seat 4: BUNNYLove2U ($2 in chips) 
Seat 5: w3sby ($2 in chips) 
Seat 6: deileon ($1.31 in chips) 
Seat 8: Rodérich ($0.70 in chips) 
BUNNYLove2U: posts small blind $0.01
w3sby: posts big blind $0.02
Lagosha: sits out 
oreniDiM: sits out 
*** HOLE CARDS ***
Dealt to Dorex2007 [3h 6d]
deileon: folds 
Rodérich: folds 
dgblapark: folds 
braga121: folds 
Dorex2007: folds 
BUNNYLove2U: raises $0.04 to $0.06
Rodérich leaves the table
w3sby: folds 
Uncalled bet ($0.04) returned to BUNNYLove2U
BUNNYLove2U collected $0.04 from pot
*** SUMMARY ***
Total pot $0.04 | Rake $0 
Seat 1: dgblapark folded before Flop (didn't bet)
Seat 2: braga121 folded before Flop (didn't bet)
Seat 3: Dorex2007 (button) folded before Flop (didn't bet)
Seat 4: BUNNYLove2U (small blind) collected ($0.04)
Seat 5: w3sby (big blind) folded before Flop
Seat 6: deileon folded before Flop (didn't bet)
Seat 8: Rodérich folded before Flop (didn't bet)



PokerStars Hand #237188094355:  Hold'em No Limit ($0.01/$0.02 USD) - 2022/07/05 19:55:46 PT [2022/07/05 22:55:46 ET]
Table 'Leontina II' 9-max Seat #4 is the button
Seat 1: dgblapark ($1.01 in chips) 
Seat 2: braga121 ($1.03 in chips) 
Seat 3: Dorex2007 ($3.05 in chips) 
Seat 4: BUNNYLove2U ($2.02 in chips) 
Seat 5: w3sby ($2 in chips) 
Seat 6: deileon ($1.31 in chips) 
w3sby: posts small blind $0.01
deileon: posts big blind $0.02
Lagosha: sits out 
oreniDiM: sits out 
*** HOLE CARDS ***
Dealt to Dorex2007 [Tc 8h]
dgblapark: calls $0.02
braga121: calls $0.02
Dorex2007: folds 
BUNNYLove2U: calls $0.02
w3sby: folds 
deileon: checks 
*** FLOP *** [7d Js 5c]
deileon: checks 
dgblapark: bets $0.04
carlosbusquets joins the table at seat #8 
braga121: calls $0.04
BUNNYLove2U: calls $0.04
deileon: calls $0.04
*** TURN *** [7d Js 5c] [3c]
deileon: checks 
dgblapark: bets $0.04
braga121: folds 
BUNNYLove2U: calls $0.04
deileon: folds 
*** RIVER *** [7d Js 5c 3c] [Qd]
dgblapark: bets $0.04
BUNNYLove2U: folds 
Uncalled bet ($0.04) returned to dgblapark
dgblapark collected $0.32 from pot
*** SUMMARY ***
Total pot $0.33 | Rake $0.01 
Board [7d Js 5c 3c Qd]
Seat 1: dgblapark collected ($0.32)
Seat 2: braga121 folded on the Turn
Seat 3: Dorex2007 folded before Flop (didn't bet)
Seat 4: BUNNYLove2U (button) folded on the River
Seat 5: w3sby (small blind) folded before Flop
Seat 6: deileon (big blind) folded on the Turn



PokerStars Hand #237188106533:  Hold'em No Limit ($0.01/$0.02 USD) - 2022/07/05 19:57:18 PT [2022/07/05 22:57:18 ET]
Table 'Leontina II' 9-max Seat #5 is the button
Seat 1: dgblapark ($1.23 in chips) 
Seat 2: braga121 ($0.97 in chips) 
Seat 3: Dorex2007 ($3.05 in chips) 
Seat 4: BUNNYLove2U ($2 in chips) 
Seat 5: w3sby ($2 in chips) 
Seat 6: deileon ($1.25 in chips) 
Seat 7: Lagosha ($2 in chips) 
Seat 8: carlosbusquets ($2 in chips) 
deileon: posts small blind $0.01
Lagosha: posts big blind $0.02
carlosbusquets: posts big blind $0.02
oreniDiM: sits out 
*** HOLE CARDS ***
Dealt to Dorex2007 [2d 8d]
carlosbusquets: raises $0.04 to $0.06
dgblapark: folds 
braga121: folds 
Dorex2007: folds 
BUNNYLove2U: folds 
w3sby: folds 
deileon: folds 
Lagosha: folds 
Uncalled bet ($0.04) returned to carlosbusquets
carlosbusquets collected $0.05 from pot
*** SUMMARY ***
Total pot $0.05 | Rake $0 
Seat 1: dgblapark folded before Flop (didn't bet)
Seat 2: braga121 folded before Flop (didn't bet)
Seat 3: Dorex2007 folded before Flop (didn't bet)
Seat 4: BUNNYLove2U folded before Flop (didn't bet)
Seat 5: w3sby (button) folded before Flop (didn't bet)
Seat 6: deileon (small blind) folded before Flop
Seat 7: Lagosha (big blind) folded before Flop
Seat 8: carlosbusquets collected ($0.05)



PokerStars Hand #237188109786:  Hold'em No Limit ($0.01/$0.02 USD) - 2022/07/05 19:57:42 PT [2022/07/05 22:57:42 ET]
Table 'Leontina II' 9-max Seat #6 is the button
Seat 1: dgblapark ($1.23 in chips) 
Seat 2: braga121 ($0.97 in chips) 
Seat 3: Dorex2007 ($3.05 in chips) 
Seat 4: BUNNYLove2U ($2 in chips) 
Seat 5: w3sby ($2 in chips) 
Seat 6: deileon ($1.24 in chips) 
Seat 7: Lagosha ($2 in chips) 
Seat 8: carlosbusquets ($2.03 in chips) 
Lagosha: posts small blind $0.01
carlosbusquets: posts big blind $0.02
oreniDiM: sits out 
*** HOLE CARDS ***
Dealt to Dorex2007 [2h Kc]
dgblapark: folds 
braga121: folds 
Dorex2007: folds 
BUNNYLove2U: raises $0.03 to $0.05
w3sby: folds 
deileon: folds 
Lagosha: folds 
carlosbusquets: calls $0.03
*** FLOP *** [Jd Jh 5h]
carlosbusquets: checks 
BUNNYLove2U: bets $0.06
carlosbusquets: folds 
Uncalled bet ($0.06) returned to BUNNYLove2U
BUNNYLove2U collected $0.11 from pot
*** SUMMARY ***
Total pot $0.11 | Rake $0 
Board [Jd Jh 5h]
Seat 1: dgblapark folded before Flop (didn't bet)
Seat 2: braga121 folded before Flop (didn't bet)
Seat 3: Dorex2007 folded before Flop (didn't bet)
Seat 4: BUNNYLove2U collected ($0.11)
Seat 5: w3sby folded before Flop (didn't bet)
Seat 6: deileon (button) folded before Flop (didn't bet)
Seat 7: Lagosha (small blind) folded before Flop
Seat 8: carlosbusquets (big blind) folded on the Flop



PokerStars Hand #237188113838:  Hold'em No Limit ($0.01/$0.02 USD) - 2022/07/05 19:58:12 PT [2022/07/05 22:58:12 ET]
Table 'Leontina II' 9-max Seat #7 is the button
Seat 1: dgblapark ($1.23 in chips) 
Seat 2: braga121 ($0.97 in chips) 
Seat 3: Dorex2007 ($3.05 in chips) 
Seat 4: BUNNYLove2U ($2.06 in chips) 
Seat 5: w3sby ($2 in chips) 
Seat 6: deileon ($1.24 in chips) 
Seat 7: Lagosha ($2 in chips) 
Seat 8: carlosbusquets ($1.98 in chips) 
Seat 9: oreniDiM ($0.80 in chips) 
carlosbusquets: posts small blind $0.01
oreniDiM: posts big blind $0.02
*** HOLE CARDS ***
Dealt to Dorex2007 [Jh 3c]
dgblapark: folds 
braga121: folds 
Dorex2007: folds 
BUNNYLove2U: folds 
w3sby: raises $0.04 to $0.06
deileon: folds 
Lagosha: folds 
carlosbusquets: folds 
oreniDiM: folds 
Uncalled bet ($0.04) returned to w3sby
w3sby collected $0.05 from pot
*** SUMMARY ***
Total pot $0.05 | Rake $0 
Seat 1: dgblapark folded before Flop (didn't bet)
Seat 2: braga121 folded before Flop (didn't bet)
Seat 3: Dorex2007 folded before Flop (didn't bet)
Seat 4: BUNNYLove2U folded before Flop (didn't bet)
Seat 5: w3sby collected ($0.05)
Seat 6: deileon folded before Flop (didn't bet)
Seat 7: Lagosha (button) folded before Flop (didn't bet)
Seat 8: carlosbusquets (small blind) folded before Flop
Seat 9: oreniDiM (big blind) folded before Flop



PokerStars Hand #237188118753:  Hold'em No Limit ($0.01/$0.02 USD) - 2022/07/05 19:58:49 PT [2022/07/05 22:58:49 ET]
Table 'Leontina II' 9-max Seat #8 is the button
Seat 1: dgblapark ($1.23 in chips) 
Seat 2: braga121 ($0.97 in chips) 
Seat 3: Dorex2007 ($3.05 in chips) 
Seat 4: BUNNYLove2U ($2.06 in chips) 
Seat 5: w3sby ($2.03 in chips) 
Seat 6: deileon ($1.24 in chips) 
Seat 7: Lagosha ($2 in chips) 
Seat 8: carlosbusquets ($1.97 in chips) 
Seat 9: oreniDiM ($0.78 in chips) 
oreniDiM: posts small blind $0.01
dgblapark: posts big blind $0.02
*** HOLE CARDS ***
Dealt to Dorex2007 [Jh 4c]
braga121: folds 
Dorex2007: folds 
BUNNYLove2U: raises $0.03 to $0.05
w3sby: folds 
deileon: folds 
Lagosha: calls $0.05
carlosbusquets: folds 
oreniDiM: folds 
dgblapark: folds 
*** FLOP *** [5d Js 5s]
oreniDiM leaves the table
BUNNYLove2U: bets $0.07
Lagosha: calls $0.07
*** TURN *** [5d Js 5s] [4h]
BUNNYLove2U: checks 
Lagosha: bets $0.13
BUNNYLove2U: folds 
Uncalled bet ($0.13) returned to Lagosha
Lagosha collected $0.26 from pot
*** SUMMARY ***
Total pot $0.27 | Rake $0.01 
Board [5d Js 5s 4h]
Seat 1: dgblapark (big blind) folded before Flop
Seat 2: braga121 folded before Flop (didn't bet)
Seat 3: Dorex2007 folded before Flop (didn't bet)
Seat 4: BUNNYLove2U folded on the Turn
Seat 5: w3sby folded before Flop (didn't bet)
Seat 6: deileon folded before Flop (didn't bet)
Seat 7: Lagosha collected ($0.26)
Seat 8: carlosbusquets (button) folded before Flop (didn't bet)
Seat 9: oreniDiM (small blind) folded before Flop



PokerStars Hand #237188124505:  Hold'em No Limit ($0.01/$0.02 USD) - 2022/07/05 19:59:34 PT [2022/07/05 22:59:34 ET]
Table 'Leontina II' 9-max Seat #1 is the button
Seat 1: dgblapark ($1.21 in chips) 
Seat 2: braga121 ($0.97 in chips) 
Seat 3: Dorex2007 ($3.05 in chips) 
Seat 4: BUNNYLove2U ($2 in chips) 
Seat 5: w3sby ($2.03 in chips) 
Seat 6: deileon ($1.24 in chips) 
Seat 7: Lagosha ($2.14 in chips) 
Seat 8: carlosbusquets ($1.97 in chips) 
braga121: posts small blind $0.01
Dorex2007: posts big blind $0.02
*** HOLE CARDS ***
Dealt to Dorex2007 [3d Js]
BUNNYLove2U: folds 
w3sby: folds 
deileon: folds 
Lagosha: folds 
carlosbusquets: folds 
dgblapark: calls $0.02
braga121: folds 
Dorex2007: checks 
*** FLOP *** [Qs 5d 2h]
Dorex2007: checks 
dgblapark: bets $0.04
Dorex2007: folds 
Uncalled bet ($0.04) returned to dgblapark
dgblapark collected $0.05 from pot
*** SUMMARY ***
Total pot $0.05 | Rake $0 
Board [Qs 5d 2h]
Seat 1: dgblapark (button) collected ($0.05)
Seat 2: braga121 (small blind) folded before Flop
Seat 3: Dorex2007 (big blind) folded on the Flop
Seat 4: BUNNYLove2U folded before Flop (didn't bet)
Seat 5: w3sby folded before Flop (didn't bet)
Seat 6: deileon folded before Flop (didn't bet)
Seat 7: Lagosha folded before Flop (didn't bet)
Seat 8: carlosbusquets folded before Flop (didn't bet)



PokerStars Hand #237188130435:  Hold'em No Limit ($0.01/$0.02 USD) - 2022/07/05 20:00:19 PT [2022/07/05 23:00:19 ET]
Table 'Leontina II' 9-max Seat #2 is the button
Seat 1: dgblapark ($1.24 in chips) 
Seat 2: braga121 ($0.96 in chips) 
Seat 3: Dorex2007 ($3.03 in chips) 
Seat 4: BUNNYLove2U ($2 in chips) 
Seat 5: w3sby ($2.03 in chips) 
Seat 6: deileon ($1.24 in chips) 
Seat 7: Lagosha ($2.14 in chips) 
Seat 8: carlosbusquets ($1.97 in chips) 
Dorex2007: posts small blind $0.01
BUNNYLove2U: posts big blind $0.02
*** HOLE CARDS ***
Dealt to Dorex2007 [4d 6s]
w3sby: folds 
deileon: folds 
Lagosha: folds 
carlosbusquets: raises $0.04 to $0.06
dgblapark: folds 
braga121: folds 
Dorex2007: folds 
BUNNYLove2U: folds 
Uncalled bet ($0.04) returned to carlosbusquets
carlosbusquets collected $0.05 from pot
*** SUMMARY ***
Total pot $0.05 | Rake $0 
Seat 1: dgblapark folded before Flop (didn't bet)
Seat 2: braga121 (button) folded before Flop (didn't bet)
Seat 3: Dorex2007 (small blind) folded before Flop
Seat 4: BUNNYLove2U (big blind) folded before Flop
Seat 5: w3sby folded before Flop (didn't bet)
Seat 6: deileon folded before Flop (didn't bet)
Seat 7: Lagosha folded before Flop (didn't bet)
Seat 8: carlosbusquets collected ($0.05)



PokerStars Hand #237188134593:  Hold'em No Limit ($0.01/$0.02 USD) - 2022/07/05 20:00:48 PT [2022/07/05 23:00:48 ET]
Table 'Leontina II' 9-max Seat #3 is the button
Seat 1: dgblapark ($1.24 in chips) 
Seat 2: braga121 ($0.96 in chips) 
Seat 3: Dorex2007 ($3.02 in chips) 
Seat 4: BUNNYLove2U ($2 in chips) 
Seat 5: w3sby ($2.03 in chips) 
Seat 6: deileon ($1.24 in chips) 
Seat 7: Lagosha ($2.14 in chips) 
Seat 8: carlosbusquets ($2 in chips) 
BUNNYLove2U: posts small blind $0.01
w3sby: posts big blind $0.02
*** HOLE CARDS ***
Dealt to Dorex2007 [2c Qs]
deileon: calls $0.02
Lagosha: folds 
carlosbusquets: raises $0.04 to $0.06
dgblapark: folds 
braga121: calls $0.06
Dorex2007: folds 
BUNNYLove2U: folds 
Gumbles321 joins the table at seat #9 
w3sby: calls $0.04
deileon: raises $1.18 to $1.24 and is all-in
carlosbusquets: folds 
braga121: folds 
w3sby: folds 
Uncalled bet ($1.18) returned to deileon
deileon collected $0.25 from pot
*** SUMMARY ***
Total pot $0.25 | Rake $0 
Seat 1: dgblapark folded before Flop (didn't bet)
Seat 2: braga121 folded before Flop
Seat 3: Dorex2007 (button) folded before Flop (didn't bet)
Seat 4: BUNNYLove2U (small blind) folded before Flop
Seat 5: w3sby (big blind) folded before Flop
Seat 6: deileon collected ($0.25)
Seat 7: Lagosha folded before Flop (didn't bet)
Seat 8: carlosbusquets folded before Flop



PokerStars Hand #237188141318:  Hold'em No Limit ($0.01/$0.02 USD) - 2022/07/05 20:01:33 PT [2022/07/05 23:01:33 ET]
Table 'Leontina II' 9-max Seat #4 is the button
Seat 1: dgblapark ($1.24 in chips) 
Seat 2: braga121 ($0.90 in chips) 
Seat 3: Dorex2007 ($3.02 in chips) 
Seat 4: BUNNYLove2U ($2 in chips) 
Seat 5: w3sby ($2 in chips) 
Seat 6: deileon ($1.43 in chips) 
Seat 7: Lagosha ($2.14 in chips) 
Seat 8: carlosbusquets ($1.94 in chips) 
Seat 9: Gumbles321 ($2 in chips) 
w3sby: posts small blind $0.01
deileon: posts big blind $0.02
Gumbles321: posts big blind $0.02
*** HOLE CARDS ***
Dealt to Dorex2007 [4s Ah]
Lagosha: folds 
carlosbusquets: folds 
Gumbles321: checks 
dgblapark: calls $0.02
braga121: folds 
Dorex2007: folds 
BUNNYLove2U: folds 
w3sby: calls $0.01
deileon: checks 
*** FLOP *** [2h 5d Jc]
w3sby: checks 
deileon: checks 
Gumbles321: checks 
dgblapark: checks 
*** TURN *** [2h 5d Jc] [7s]
w3sby: checks 
deileon: checks 
Gumbles321: checks 
dgblapark: checks 
*** RIVER *** [2h 5d Jc 7s] [Ac]
w3sby: checks 
deileon: checks 
Gumbles321: checks 
dgblapark: checks 
*** SHOW DOWN ***
w3sby: shows [3d 3h] (a pair of Threes)
deileon: mucks hand 
Gumbles321: shows [Qc 7d] (a pair of Sevens)
dgblapark: mucks hand 
Gumbles321 collected $0.08 from pot
*** SUMMARY ***
Total pot $0.08 | Rake $0 
Board [2h 5d Jc 7s Ac]
Seat 1: dgblapark mucked [6s Ts]
Seat 2: braga121 folded before Flop (didn't bet)
Seat 3: Dorex2007 folded before Flop (didn't bet)
Seat 4: BUNNYLove2U (button) folded before Flop (didn't bet)
Seat 5: w3sby (small blind) showed [3d 3h] and lost with a pair of Threes
Seat 6: deileon (big blind) mucked [2s 6c]
Seat 7: Lagosha folded before Flop (didn't bet)
Seat 8: carlosbusquets folded before Flop (didn't bet)
Seat 9: Gumbles321 showed [Qc 7d] and won ($0.08) with a pair of Sevens



PokerStars Hand #237188148260:  Hold'em No Limit ($0.01/$0.02 USD) - 2022/07/05 20:02:19 PT [2022/07/05 23:02:19 ET]
Table 'Leontina II' 9-max Seat #5 is the button
Seat 1: dgblapark ($1.22 in chips) 
Seat 2: braga121 ($0.90 in chips) 
Seat 3: Dorex2007 ($3.02 in chips) 
Seat 4: BUNNYLove2U ($2 in chips) 
Seat 5: w3sby ($2 in chips) 
Seat 6: deileon ($1.41 in chips) 
Seat 7: Lagosha ($2.14 in chips) 
Seat 8: carlosbusquets ($1.94 in chips) 
Seat 9: Gumbles321 ($2.06 in chips) 
deileon: posts small blind $0.01
Lagosha: posts big blind $0.02
*** HOLE CARDS ***
Dealt to Dorex2007 [Ad 6c]
carlosbusquets: folds 
Gumbles321: calls $0.02
dgblapark: folds 
braga121: raises $0.06 to $0.08
Dorex2007: folds 
BUNNYLove2U: folds 
w3sby: folds 
deileon: folds 
Lagosha: folds 
Gumbles321: calls $0.06
*** FLOP *** [4d 2h 6h]
Gumbles321: checks 
braga121: bets $0.08
Gumbles321: calls $0.08
*** TURN *** [4d 2h 6h] [2c]
Gumbles321: checks 
dgblapark leaves the table
braga121: bets $0.10
Gumbles321: calls $0.10
*** RIVER *** [4d 2h 6h 2c] [Qs]
Gumbles321: checks 
braga121: checks 
*** SHOW DOWN ***
Gumbles321: shows [8d 6d] (two pair, Sixes and Deuces)
braga121: mucks hand 
Gumbles321 collected $0.53 from pot
*** SUMMARY ***
Total pot $0.55 | Rake $0.02 
Board [4d 2h 6h 2c Qs]
Seat 1: dgblapark folded before Flop (didn't bet)
Seat 2: braga121 mucked [Jc Ac]
Seat 3: Dorex2007 folded before Flop (didn't bet)
Seat 4: BUNNYLove2U folded before Flop (didn't bet)
Seat 5: w3sby (button) folded before Flop (didn't bet)
Seat 6: deileon (small blind) folded before Flop
Seat 7: Lagosha (big blind) folded before Flop
Seat 8: carlosbusquets folded before Flop (didn't bet)
Seat 9: Gumbles321 showed [8d 6d] and won ($0.53) with two pair, Sixes and Deuces



PokerStars Hand #237188159406:  Hold'em No Limit ($0.01/$0.02 USD) - 2022/07/05 20:03:32 PT [2022/07/05 23:03:32 ET]
Table 'Leontina II' 9-max Seat #6 is the button
Seat 2: braga121 ($0.64 in chips) 
Seat 3: Dorex2007 ($3.02 in chips) 
Seat 4: BUNNYLove2U ($2 in chips) 
Seat 5: w3sby ($2 in chips) 
Seat 6: deileon ($1.40 in chips) 
Seat 7: Lagosha ($2.12 in chips) 
Seat 8: carlosbusquets ($1.94 in chips) 
Seat 9: Gumbles321 ($2.33 in chips) 
Lagosha: posts small blind $0.01
carlosbusquets: posts big blind $0.02
*** HOLE CARDS ***
Dealt to Dorex2007 [Jc 9d]
Gumbles321: calls $0.02
braga121: folds 
Dorex2007: folds 
BUNNYLove2U: folds 
w3sby: raises $0.06 to $0.08
deileon: folds 
Lagosha: folds 
carlosbusquets: calls $0.06
Gumbles321: calls $0.06
*** FLOP *** [9h 4c 6h]
carlosbusquets: checks 
Gumbles321: checks 
w3sby: bets $0.12
carlosbusquets: folds 
Gumbles321: calls $0.12
*** TURN *** [9h 4c 6h] [Kc]
Gumbles321: checks 
w3sby: bets $0.31
Gumbles321: calls $0.31
*** RIVER *** [9h 4c 6h Kc] [4h]
Gumbles321: checks 
w3sby: checks 
*** SHOW DOWN ***
Gumbles321: shows [7h Th] (a flush, Ten high)
w3sby: mucks hand 
Gumbles321 collected $1.06 from pot
*** SUMMARY ***
Total pot $1.11 | Rake $0.05 
Board [9h 4c 6h Kc 4h]
Seat 2: braga121 folded before Flop (didn't bet)
Seat 3: Dorex2007 folded before Flop (didn't bet)
Seat 4: BUNNYLove2U folded before Flop (didn't bet)
Seat 5: w3sby mucked [Ad As]
Seat 6: deileon (button) folded before Flop (didn't bet)
Seat 7: Lagosha (small blind) folded before Flop
Seat 8: carlosbusquets (big blind) folded on the Flop
Seat 9: Gumbles321 showed [7h Th] and won ($1.06) with a flush, Ten high



PokerStars Hand #237188169314:  Hold'em No Limit ($0.01/$0.02 USD) - 2022/07/05 20:04:37 PT [2022/07/05 23:04:37 ET]
Table 'Leontina II' 9-max Seat #7 is the button
Seat 2: braga121 ($0.64 in chips) 
Seat 3: Dorex2007 ($3.02 in chips) 
Seat 4: BUNNYLove2U ($2 in chips) 
Seat 5: w3sby ($2 in chips) 
Seat 6: deileon ($1.40 in chips) 
Seat 7: Lagosha ($2.11 in chips) 
Seat 8: carlosbusquets ($1.86 in chips) 
Seat 9: Gumbles321 ($2.88 in chips) 
carlosbusquets: posts small blind $0.01
Gumbles321: posts big blind $0.02
*** HOLE CARDS ***
Dealt to Dorex2007 [7h Kd]
braga121: folds 
Dorex2007: folds 
BUNNYLove2U: folds 
w3sby: folds 
deileon: folds 
Lagosha: folds 
carlosbusquets: raises $0.04 to $0.06
Gumbles321: folds 
Uncalled bet ($0.04) returned to carlosbusquets
carlosbusquets collected $0.04 from pot
*** SUMMARY ***
Total pot $0.04 | Rake $0 
Seat 2: braga121 folded before Flop (didn't bet)
Seat 3: Dorex2007 folded before Flop (didn't bet)
Seat 4: BUNNYLove2U folded before Flop (didn't bet)
Seat 5: w3sby folded before Flop (didn't bet)
Seat 6: deileon folded before Flop (didn't bet)
Seat 7: Lagosha (button) folded before Flop (didn't bet)
Seat 8: carlosbusquets (small blind) collected ($0.04)
Seat 9: Gumbles321 (big blind) folded before Flop



PokerStars Hand #237188171964:  Hold'em No Limit ($0.01/$0.02 USD) - 2022/07/05 20:04:54 PT [2022/07/05 23:04:54 ET]
Table 'Leontina II' 9-max Seat #8 is the button
Seat 2: braga121 ($0.64 in chips) 
Seat 3: Dorex2007 ($3.02 in chips) 
Seat 4: BUNNYLove2U ($2 in chips) 
Seat 5: w3sby ($2 in chips) 
Seat 6: deileon ($1.40 in chips) 
Seat 7: Lagosha ($2.11 in chips) 
Seat 8: carlosbusquets ($1.88 in chips) 
Seat 9: Gumbles321 ($2.86 in chips) 
Gumbles321: posts small blind $0.01
braga121: posts big blind $0.02
*** HOLE CARDS ***
Dealt to Dorex2007 [Ad 6h]
Dorex2007: folds 
BUNNYLove2U: folds 
w3sby: folds 
deileon: folds 
Lagosha: raises $0.05 to $0.07
carlosbusquets: folds 
carlosbusquets leaves the table
Gumbles321: calls $0.06
braga121: folds 
*** FLOP *** [Qh Ks 2c]
Gumbles321: checks 
Lagosha: bets $0.07
Gumbles321: calls $0.07
*** TURN *** [Qh Ks 2c] [3c]
Gumbles321: checks 
Lagosha: checks 
*** RIVER *** [Qh Ks 2c 3c] [8c]
Gumbles321: bets $0.30
Lagosha: folds 
Uncalled bet ($0.30) returned to Gumbles321
Gumbles321 collected $0.29 from pot
*** SUMMARY ***
Total pot $0.30 | Rake $0.01 
Board [Qh Ks 2c 3c 8c]
Seat 2: braga121 (big blind) folded before Flop
Seat 3: Dorex2007 folded before Flop (didn't bet)
Seat 4: BUNNYLove2U folded before Flop (didn't bet)
Seat 5: w3sby folded before Flop (didn't bet)
Seat 6: deileon folded before Flop (didn't bet)
Seat 7: Lagosha folded on the River
Seat 8: carlosbusquets (button) folded before Flop (didn't bet)
Seat 9: Gumbles321 (small blind) collected ($0.29)



PokerStars Hand #237188179618:  Hold'em No Limit ($0.01/$0.02 USD) - 2022/07/05 20:05:45 PT [2022/07/05 23:05:45 ET]
Table 'Leontina II' 9-max Seat #9 is the button
Seat 2: braga121 ($0.62 in chips) 
Seat 3: Dorex2007 ($3.02 in chips) 
Seat 4: BUNNYLove2U ($2 in chips) 
Seat 5: w3sby ($2 in chips) 
Seat 6: deileon ($1.40 in chips) 
Seat 7: Lagosha ($2 in chips) 
Seat 9: Gumbles321 ($3.01 in chips) 
braga121: posts small blind $0.01
Dorex2007: posts big blind $0.02
*** HOLE CARDS ***
Dealt to Dorex2007 [Jd 8s]
BUNNYLove2U: folds 
w3sby: folds 
deileon: folds 
Lagosha: folds 
Gumbles321: calls $0.02
braga121: calls $0.01
Dorex2007: checks 
*** FLOP *** [5s 2s 7s]
braga121: checks 
Dorex2007: checks 
Gumbles321: checks 
*** TURN *** [5s 2s 7s] [Kc]
braga121: checks 
Dorex2007: checks 
Gumbles321: checks 
*** RIVER *** [5s 2s 7s Kc] [Tc]
braga121: checks 
Dorex2007: checks 
Gumbles321: checks 
*** SHOW DOWN ***
braga121: shows [4d 3s] (high card King)
Dorex2007: shows [Jd 8s] (high card King - Jack kicker)
Gumbles321: shows [3h Kd] (a pair of Kings)
Gumbles321 collected $0.06 from pot
*** SUMMARY ***
Total pot $0.06 | Rake $0 
Board [5s 2s 7s Kc Tc]
Seat 2: braga121 (small blind) showed [4d 3s] and lost with high card King
Seat 3: Dorex2007 (big blind) showed [Jd 8s] and lost with high card King
Seat 4: BUNNYLove2U folded before Flop (didn't bet)
Seat 5: w3sby folded before Flop (didn't bet)
Seat 6: deileon folded before Flop (didn't bet)
Seat 7: Lagosha folded before Flop (didn't bet)
Seat 9: Gumbles321 (button) showed [3h Kd] and won ($0.06) with a pair of Kings



PokerStars Hand #237188196540:  Hold'em No Limit ($0.01/$0.02 USD) - 2022/07/05 20:06:38 PT [2022/07/05 23:06:38 ET]
Table 'Leontina II' 9-max Seat #2 is the button
Seat 2: braga121 ($0.60 in chips) 
Seat 3: Dorex2007 ($3 in chips) 
Seat 4: BUNNYLove2U ($2 in chips) 
Seat 5: w3sby ($2 in chips) 
Seat 6: deileon ($1.40 in chips) 
Seat 7: Lagosha ($2 in chips) 
Seat 9: Gumbles321 ($3.05 in chips) 
Dorex2007: posts small blind $0.01
BUNNYLove2U: posts big blind $0.02
*** HOLE CARDS ***
Dealt to Dorex2007 [6s 7s]
w3sby: folds 
deileon: folds 
Lagosha: folds 
Gumbles321: calls $0.02
braga121: calls $0.02
Dorex2007: calls $0.01
BUNNYLove2U: checks 
*** FLOP *** [Qh 7d 3s]
Dorex2007: checks 
BUNNYLove2U: checks 
Gumbles321: checks 
braga121: checks 
*** TURN *** [Qh 7d 3s] [Kc]
Dorex2007: checks 
BUNNYLove2U: checks 
Gumbles321: checks 
braga121: checks 
*** RIVER *** [Qh 7d 3s Kc] [5d]
Dorex2007: checks 
BUNNYLove2U: checks 
Gumbles321: checks 
braga121: checks 
*** SHOW DOWN ***
Dorex2007: shows [6s 7s] (a pair of Sevens)
BUNNYLove2U: shows [7h 8h] (a pair of Sevens - King+Queen+Eight kicker)
Gumbles321: mucks hand 
braga121: shows [8c 7c] (a pair of Sevens)
BUNNYLove2U collected $0.04 from pot
braga121 collected $0.04 from pot
*** SUMMARY ***
Total pot $0.08 | Rake $0 
Board [Qh 7d 3s Kc 5d]
Seat 2: braga121 (button) showed [8c 7c] and won ($0.04) with a pair of Sevens
Seat 3: Dorex2007 (small blind) showed [6s 7s] and lost with a pair of Sevens
Seat 4: BUNNYLove2U (big blind) showed [7h 8h] and won ($0.04) with a pair of Sevens
Seat 5: w3sby folded before Flop (didn't bet)
Seat 6: deileon folded before Flop (didn't bet)
Seat 7: Lagosha folded before Flop (didn't bet)
Seat 9: Gumbles321 mucked [Tc 9c]



PokerStars Hand #237188206031:  Hold'em No Limit ($0.01/$0.02 USD) - 2022/07/05 20:07:40 PT [2022/07/05 23:07:40 ET]
Table 'Leontina II' 9-max Seat #3 is the button
Seat 2: braga121 ($0.62 in chips) 
Seat 3: Dorex2007 ($2.98 in chips) 
Seat 4: BUNNYLove2U ($2.02 in chips) 
Seat 5: w3sby ($2 in chips) 
Seat 6: deileon ($1.40 in chips) 
Seat 7: Lagosha ($2 in chips) 
Seat 9: Gumbles321 ($3.03 in chips) 
BUNNYLove2U: posts small blind $0.01
w3sby: posts big blind $0.02
*** HOLE CARDS ***
Dealt to Dorex2007 [8c Ah]
deileon: folds 
Lagosha: folds 
Gumbles321: calls $0.02
braga121: folds 
Dorex2007: calls $0.02
thebutc'er joins the table at seat #8 
BUNNYLove2U: calls $0.01
w3sby: checks 
*** FLOP *** [7d Ac 2c]
BUNNYLove2U: checks 
w3sby: checks 
Gumbles321: checks 
Dorex2007: bets $0.05
BUNNYLove2U: folds 
w3sby: folds 
Gumbles321: folds 
Uncalled bet ($0.05) returned to Dorex2007
Dorex2007 collected $0.08 from pot
*** SUMMARY ***
Total pot $0.08 | Rake $0 
Board [7d Ac 2c]
Seat 2: braga121 folded before Flop (didn't bet)
Seat 3: Dorex2007 (button) collected ($0.08)
Seat 4: BUNNYLove2U (small blind) folded on the Flop
Seat 5: w3sby (big blind) folded on the Flop
Seat 6: deileon folded before Flop (didn't bet)
Seat 7: Lagosha folded before Flop (didn't bet)
Seat 9: Gumbles321 folded on the Flop



PokerStars Hand #237188211647:  Hold'em No Limit ($0.01/$0.02 USD) - 2022/07/05 20:08:17 PT [2022/07/05 23:08:17 ET]
Table 'Leontina II' 9-max Seat #4 is the button
Seat 2: braga121 ($0.62 in chips) 
Seat 3: Dorex2007 ($3.04 in chips) 
Seat 4: BUNNYLove2U ($2 in chips) 
Seat 5: w3sby ($2 in chips) 
Seat 6: deileon ($1.40 in chips) 
Seat 7: Lagosha ($2 in chips) 
Seat 8: thebutc'er ($0.80 in chips) 
Seat 9: Gumbles321 ($3.01 in chips) 
w3sby: posts small blind $0.01
deileon: posts big blind $0.02
thebutc'er: posts big blind $0.02
*** HOLE CARDS ***
Dealt to Dorex2007 [Ad 2s]
Lagosha: folds 
thebutc'er: checks 
Gumbles321: calls $0.02
braga121: folds 
Dorex2007: folds 
BUNNYLove2U: calls $0.02
w3sby: folds 
deileon: checks 
*** FLOP *** [3s 5s Kd]
deileon: checks 
thebutc'er: bets $0.09
Gumbles321: calls $0.09
BUNNYLove2U: folds 
deileon: folds 
*** TURN *** [3s 5s Kd] [Ts]
thebutc'er: bets $0.13
Gumbles321: folds 
Uncalled bet ($0.13) returned to thebutc'er
thebutc'er collected $0.26 from pot
*** SUMMARY ***
Total pot $0.27 | Rake $0.01 
Board [3s 5s Kd Ts]
Seat 2: braga121 folded before Flop (didn't bet)
Seat 3: Dorex2007 folded before Flop (didn't bet)
Seat 4: BUNNYLove2U (button) folded on the Flop
Seat 5: w3sby (small blind) folded before Flop
Seat 6: deileon (big blind) folded on the Flop
Seat 7: Lagosha folded before Flop (didn't bet)
Seat 8: thebutc'er collected ($0.26)
Seat 9: Gumbles321 folded on the Turn



PokerStars Hand #237188217250:  Hold'em No Limit ($0.01/$0.02 USD) - 2022/07/05 20:08:54 PT [2022/07/05 23:08:54 ET]
Table 'Leontina II' 9-max Seat #5 is the button
Seat 2: braga121 ($0.62 in chips) 
Seat 3: Dorex2007 ($3.04 in chips) 
Seat 4: BUNNYLove2U ($2 in chips) 
Seat 5: w3sby ($2 in chips) 
Seat 6: deileon ($1.38 in chips) 
Seat 7: Lagosha ($2 in chips) 
Seat 8: thebutc'er ($0.95 in chips) 
Seat 9: Gumbles321 ($2.90 in chips) 
deileon: posts small blind $0.01
Lagosha: posts big blind $0.02
*** HOLE CARDS ***
Dealt to Dorex2007 [2c 5c]
thebutc'er: folds 
Gumbles321: folds 
braga121: calls $0.02
Dorex2007: folds 
BUNNYLove2U: folds 
w3sby: folds 
deileon: folds 
Lagosha: checks 
*** FLOP *** [Kd 5s 6h]
Lagosha: checks 
braga121: bets $0.06
Lagosha: folds 
Uncalled bet ($0.06) returned to braga121
braga121 collected $0.05 from pot
*** SUMMARY ***
Total pot $0.05 | Rake $0 
Board [Kd 5s 6h]
Seat 2: braga121 collected ($0.05)
Seat 3: Dorex2007 folded before Flop (didn't bet)
Seat 4: BUNNYLove2U folded before Flop (didn't bet)
Seat 5: w3sby (button) folded before Flop (didn't bet)
Seat 6: deileon (small blind) folded before Flop
Seat 7: Lagosha (big blind) folded on the Flop
Seat 8: thebutc'er folded before Flop (didn't bet)
Seat 9: Gumbles321 folded before Flop (didn't bet)



PokerStars Hand #237188222399:  Hold'em No Limit ($0.01/$0.02 USD) - 2022/07/05 20:09:28 PT [2022/07/05 23:09:28 ET]
Table 'Leontina II' 9-max Seat #6 is the button
Seat 2: braga121 ($0.65 in chips) 
Seat 3: Dorex2007 ($3.04 in chips) 
Seat 4: BUNNYLove2U ($2 in chips) 
Seat 5: w3sby ($2 in chips) 
Seat 6: deileon ($1.37 in chips) 
Seat 7: Lagosha ($2 in chips) 
Seat 8: thebutc'er ($0.95 in chips) 
Seat 9: Gumbles321 ($2.90 in chips) 
Lagosha: posts small blind $0.01
thebutc'er: posts big blind $0.02
*** HOLE CARDS ***
Dealt to Dorex2007 [2c 4c]
Gumbles321: calls $0.02
braga121: folds 
Dorex2007: folds 
BUNNYLove2U: folds 
w3sby: folds 
deileon: folds 
Lagosha: calls $0.01
thebutc'er: checks 
*** FLOP *** [5d 6d Kd]
Lagosha: checks 
thebutc'er: bets $0.06
Gumbles321: calls $0.06
Lagosha: folds 
*** TURN *** [5d 6d Kd] [3d]
thebutc'er: bets $0.06
Gumbles321: folds 
Uncalled bet ($0.06) returned to thebutc'er
thebutc'er collected $0.17 from pot
*** SUMMARY ***
Total pot $0.18 | Rake $0.01 
Board [5d 6d Kd 3d]
Seat 2: braga121 folded before Flop (didn't bet)
Seat 3: Dorex2007 folded before Flop (didn't bet)
Seat 4: BUNNYLove2U folded before Flop (didn't bet)
Seat 5: w3sby folded before Flop (didn't bet)
Seat 6: deileon (button) folded before Flop (didn't bet)
Seat 7: Lagosha (small blind) folded on the Flop
Seat 8: thebutc'er (big blind) collected ($0.17)
Seat 9: Gumbles321 folded on the Turn



PokerStars Hand #237188228805:  Hold'em No Limit ($0.01/$0.02 USD) - 2022/07/05 20:10:10 PT [2022/07/05 23:10:10 ET]
Table 'Leontina II' 9-max Seat #7 is the button
Seat 2: braga121 ($0.65 in chips) 
Seat 3: Dorex2007 ($3.04 in chips) 
Seat 4: BUNNYLove2U ($2 in chips) 
Seat 5: w3sby ($2 in chips) 
Seat 6: deileon ($1.37 in chips) 
Seat 7: Lagosha ($2 in chips) 
Seat 8: thebutc'er ($1.04 in chips) 
Seat 9: Gumbles321 ($2.82 in chips) 
thebutc'er: posts small blind $0.01
Gumbles321: posts big blind $0.02
*** HOLE CARDS ***
Dealt to Dorex2007 [Ks 9c]
braga121: folds 
Dorex2007: raises $0.02 to $0.04
BUNNYLove2U: folds 
w3sby: folds 
deileon: folds 
Lagosha: folds 
thebutc'er: calls $0.03
Gumbles321: calls $0.02
*** FLOP *** [Jc 8s Th]
thebutc'er: checks 
Gumbles321: checks 
Dorex2007: checks 
*** TURN *** [Jc 8s Th] [Tc]
thebutc'er: bets $0.10
Gumbles321: folds 
Wilsonleite17 joins the table at seat #1 
Dorex2007: folds 
Uncalled bet ($0.10) returned to thebutc'er
thebutc'er collected $0.12 from pot
*** SUMMARY ***
Total pot $0.12 | Rake $0 
Board [Jc 8s Th Tc]
Seat 2: braga121 folded before Flop (didn't bet)
Seat 3: Dorex2007 folded on the Turn
Seat 4: BUNNYLove2U folded before Flop (didn't bet)
Seat 5: w3sby folded before Flop (didn't bet)
Seat 6: deileon folded before Flop (didn't bet)
Seat 7: Lagosha (button) folded before Flop (didn't bet)
Seat 8: thebutc'er (small blind) collected ($0.12)
Seat 9: Gumbles321 (big blind) folded on the Turn



PokerStars Hand #237188242650:  Hold'em No Limit ($0.01/$0.02 USD) - 2022/07/05 20:11:06 PT [2022/07/05 23:11:06 ET]
Table 'Leontina II' 9-max Seat #8 is the button
Seat 1: Wilsonleite17 ($2 in chips) 
Seat 2: braga121 ($0.65 in chips) 
Seat 3: Dorex2007 ($3 in chips) 
Seat 4: BUNNYLove2U ($2 in chips) 
Seat 5: w3sby ($2 in chips) 
Seat 6: deileon ($1.37 in chips) 
Seat 7: Lagosha ($2 in chips) 
Seat 8: thebutc'er ($1.12 in chips) 
Seat 9: Gumbles321 ($2.78 in chips) 
Gumbles321: posts small blind $0.01
Wilsonleite17: posts big blind $0.02
*** HOLE CARDS ***
Dealt to Dorex2007 [6c Ts]
braga121: folds 
Dorex2007: folds 
BUNNYLove2U: folds 
w3sby: raises $0.04 to $0.06
deileon: folds 
Lagosha: folds 
thebutc'er: folds 
Gumbles321: calls $0.05
Wilsonleite17: calls $0.04
*** FLOP *** [Ad 6h Qc]
Gumbles321: checks 
Wilsonleite17: checks 
w3sby: checks 
*** TURN *** [Ad 6h Qc] [9s]
Gumbles321: checks 
Wilsonleite17: bets $0.06
w3sby: folds 
Gumbles321: calls $0.06
*** RIVER *** [Ad 6h Qc 9s] [Jh]
Gumbles321: checks 
Wilsonleite17: checks 
*** SHOW DOWN ***
Gumbles321: shows [Jc Ks] (a pair of Jacks)
Wilsonleite17: mucks hand 
Gumbles321 collected $0.29 from pot
*** SUMMARY ***
Total pot $0.30 | Rake $0.01 
Board [Ad 6h Qc 9s Jh]
Seat 1: Wilsonleite17 (big blind) mucked [3s 9h]
Seat 2: braga121 folded before Flop (didn't bet)
Seat 3: Dorex2007 folded before Flop (didn't bet)
Seat 4: BUNNYLove2U folded before Flop (didn't bet)
Seat 5: w3sby folded on the Turn
Seat 6: deileon folded before Flop (didn't bet)
Seat 7: Lagosha folded before Flop (didn't bet)
Seat 8: thebutc'er (button) folded before Flop (didn't bet)
Seat 9: Gumbles321 (small blind) showed [Jc Ks] and won ($0.29) with a pair of Jacks



PokerStars Hand #237188251832:  Hold'em No Limit ($0.01/$0.02 USD) - 2022/07/05 20:11:56 PT [2022/07/05 23:11:56 ET]
Table 'Leontina II' 9-max Seat #9 is the button
Seat 1: Wilsonleite17 ($1.88 in chips) 
Seat 2: braga121 ($0.65 in chips) 
Seat 3: Dorex2007 ($3 in chips) 
Seat 4: BUNNYLove2U ($2 in chips) 
Seat 5: w3sby ($2 in chips) 
Seat 6: deileon ($1.37 in chips) 
Seat 7: Lagosha ($2 in chips) 
Seat 8: thebutc'er ($1.12 in chips) 
Seat 9: Gumbles321 ($2.95 in chips) 
Wilsonleite17: posts small blind $0.01
braga121: posts big blind $0.02
*** HOLE CARDS ***
Dealt to Dorex2007 [8s 2h]
Dorex2007: folds 
BUNNYLove2U: folds 
w3sby: folds 
deileon: calls $0.02
Lagosha: folds 
thebutc'er: calls $0.02
Gumbles321: folds 
Wilsonleite17: folds 
braga121: checks 
*** FLOP *** [5d 7s Qc]
braga121: checks 
deileon: checks 
thebutc'er: bets $0.04
braga121: folds 
deileon: folds 
Uncalled bet ($0.04) returned to thebutc'er
thebutc'er collected $0.07 from pot
*** SUMMARY ***
Total pot $0.07 | Rake $0 
Board [5d 7s Qc]
Seat 1: Wilsonleite17 (small blind) folded before Flop
Seat 2: braga121 (big blind) folded on the Flop
Seat 3: Dorex2007 folded before Flop (didn't bet)
Seat 4: BUNNYLove2U folded before Flop (didn't bet)
Seat 5: w3sby folded before Flop (didn't bet)
Seat 6: deileon folded on the Flop
Seat 7: Lagosha folded before Flop (didn't bet)
Seat 8: thebutc'er collected ($0.07)
Seat 9: Gumbles321 (button) folded before Flop (didn't bet)



PokerStars Hand #237188260148:  Hold'em No Limit ($0.01/$0.02 USD) - 2022/07/05 20:12:52 PT [2022/07/05 23:12:52 ET]
Table 'Leontina II' 9-max Seat #1 is the button
Seat 1: Wilsonleite17 ($1.87 in chips) 
Seat 2: braga121 ($0.63 in chips) 
Seat 3: Dorex2007 ($3 in chips) 
Seat 4: BUNNYLove2U ($2 in chips) 
Seat 5: w3sby ($2 in chips) 
Seat 6: deileon ($1.35 in chips) 
Seat 7: Lagosha ($2 in chips) 
Seat 8: thebutc'er ($1.17 in chips) 
Seat 9: Gumbles321 ($2.95 in chips) 
braga121: posts small blind $0.01
Dorex2007: posts big blind $0.02
*** HOLE CARDS ***
Dealt to Dorex2007 [8h 8c]
BUNNYLove2U: raises $0.03 to $0.05
w3sby: folds 
deileon: folds 
Lagosha: folds 
thebutc'er: folds 
Gumbles321: folds 
Wilsonleite17: calls $0.05
braga121: calls $0.04
Dorex2007: raises $0.15 to $0.20
BUNNYLove2U: calls $0.15
Wilsonleite17: calls $0.15
braga121: raises $0.43 to $0.63 and is all-in
Dorex2007: folds 
BUNNYLove2U: folds 
Wilsonleite17: calls $0.43
*** FLOP *** [2h Jh 3h]
*** TURN *** [2h Jh 3h] [3d]
*** RIVER *** [2h Jh 3h 3d] [5c]
*** SHOW DOWN ***
braga121: shows [Kd Ah] (a pair of Threes)
Wilsonleite17: shows [9c Ad] (a pair of Threes - lower kicker)
braga121 collected $1.60 from pot
*** SUMMARY ***
Total pot $1.66 | Rake $0.06 
Board [2h Jh 3h 3d 5c]
Seat 1: Wilsonleite17 (button) showed [9c Ad] and lost with a pair of Threes
Seat 2: braga121 (small blind) showed [Kd Ah] and won ($1.60) with a pair of Threes
Seat 3: Dorex2007 (big blind) folded before Flop
Seat 4: BUNNYLove2U folded before Flop
Seat 5: w3sby folded before Flop (didn't bet)
Seat 6: deileon folded before Flop (didn't bet)
Seat 7: Lagosha folded before Flop (didn't bet)
Seat 8: thebutc'er folded before Flop (didn't bet)
Seat 9: Gumbles321 folded before Flop (didn't bet)



PokerStars Hand #237188272660:  Hold'em No Limit ($0.01/$0.02 USD) - 2022/07/05 20:14:16 PT [2022/07/05 23:14:16 ET]
Table 'Leontina II' 9-max Seat #2 is the button
Seat 1: Wilsonleite17 ($1.24 in chips) 
Seat 2: braga121 ($1.60 in chips) 
Seat 3: Dorex2007 ($2.80 in chips) 
Seat 4: BUNNYLove2U ($2 in chips) 
Seat 5: w3sby ($2 in chips) 
Seat 6: deileon ($1.35 in chips) 
Seat 7: Lagosha ($2 in chips) 
Seat 8: thebutc'er ($1.17 in chips) 
Seat 9: Gumbles321 ($2.95 in chips) 
Dorex2007: posts small blind $0.01
BUNNYLove2U: posts big blind $0.02
*** HOLE CARDS ***
Dealt to Dorex2007 [Jh 6h]
w3sby: folds 
deileon: folds 
Lagosha: folds 
thebutc'er: calls $0.02
Gumbles321: calls $0.02
Wilsonleite17: folds 
braga121: calls $0.02
Dorex2007: folds 
BUNNYLove2U: checks 
*** FLOP *** [3c 9s 7s]
Wilsonleite17 leaves the table
BUNNYLove2U: checks 
thebutc'er: bets $0.06
Gumbles321: calls $0.06
braga121: calls $0.06
BUNNYLove2U: calls $0.06
*** TURN *** [3c 9s 7s] [5h]
BUNNYLove2U: checks 
thebutc'er: checks 
Gumbles321: checks 
braga121: checks 
*** RIVER *** [3c 9s 7s 5h] [4c]
BUNNYLove2U: checks 
meiBner joins the table at seat #1 
thebutc'er: checks 
Gumbles321: checks 
braga121: bets $0.10
BUNNYLove2U: calls $0.10
thebutc'er: folds 
Gumbles321: folds 
*** SHOW DOWN ***
braga121: shows [Js Th] (high card Jack)
BUNNYLove2U: shows [9c 8d] (a pair of Nines)
BUNNYLove2U collected $0.51 from pot
*** SUMMARY ***
Total pot $0.53 | Rake $0.02 
Board [3c 9s 7s 5h 4c]
Seat 1: Wilsonleite17 folded before Flop (didn't bet)
Seat 2: braga121 (button) showed [Js Th] and lost with high card Jack
Seat 3: Dorex2007 (small blind) folded before Flop
Seat 4: BUNNYLove2U (big blind) showed [9c 8d] and won ($0.51) with a pair of Nines
Seat 5: w3sby folded before Flop (didn't bet)
Seat 6: deileon folded before Flop (didn't bet)
Seat 7: Lagosha folded before Flop (didn't bet)
Seat 8: thebutc'er folded on the River
Seat 9: Gumbles321 folded on the River



PokerStars Hand #237188283858:  Hold'em No Limit ($0.01/$0.02 USD) - 2022/07/05 20:15:32 PT [2022/07/05 23:15:32 ET]
Table 'Leontina II' 9-max Seat #3 is the button
Seat 2: braga121 ($1.42 in chips) 
Seat 3: Dorex2007 ($2.79 in chips) 
Seat 4: BUNNYLove2U ($2.33 in chips) 
Seat 5: w3sby ($2 in chips) 
Seat 6: deileon ($1.35 in chips) 
Seat 7: Lagosha ($2 in chips) 
Seat 8: thebutc'er ($1.09 in chips) 
Seat 9: Gumbles321 ($2.87 in chips) 
BUNNYLove2U: posts small blind $0.01
w3sby: posts big blind $0.02
meiBner: sits out 
*** HOLE CARDS ***
Dealt to Dorex2007 [3c Ad]
deileon: folds 
Lagosha: folds 
thebutc'er: folds 
Gumbles321: calls $0.02
braga121: calls $0.02
Dorex2007: folds 
BUNNYLove2U: calls $0.01
w3sby: checks 
*** FLOP *** [9s 8h Js]
BUNNYLove2U: checks 
w3sby: checks 
Gumbles321: checks 
braga121: bets $0.10
BUNNYLove2U: folds 
w3sby: folds 
Gumbles321: folds 
Uncalled bet ($0.10) returned to braga121
braga121 collected $0.08 from pot
*** SUMMARY ***
Total pot $0.08 | Rake $0 
Board [9s 8h Js]
Seat 2: braga121 collected ($0.08)
Seat 3: Dorex2007 (button) folded before Flop (didn't bet)
Seat 4: BUNNYLove2U (small blind) folded on the Flop
Seat 5: w3sby (big blind) folded on the Flop
Seat 6: deileon folded before Flop (didn't bet)
Seat 7: Lagosha folded before Flop (didn't bet)
Seat 8: thebutc'er folded before Flop (didn't bet)
Seat 9: Gumbles321 folded on the Flop



PokerStars Hand #237188289459:  Hold'em No Limit ($0.01/$0.02 USD) - 2022/07/05 20:16:10 PT [2022/07/05 23:16:10 ET]
Table 'Leontina II' 9-max Seat #4 is the button
Seat 2: braga121 ($1.48 in chips) 
Seat 3: Dorex2007 ($2.79 in chips) 
Seat 4: BUNNYLove2U ($2.31 in chips) 
Seat 5: w3sby ($2 in chips) 
Seat 6: deileon ($1.35 in chips) 
Seat 7: Lagosha ($2 in chips) 
Seat 8: thebutc'er ($1.09 in chips) 
Seat 9: Gumbles321 ($2.85 in chips) 
w3sby: posts small blind $0.01
deileon: posts big blind $0.02
meiBner: sits out 
*** HOLE CARDS ***
Dealt to Dorex2007 [7c Qh]
Lagosha: folds 
thebutc'er: calls $0.02
Gumbles321: folds 
braga121: folds 
Dorex2007: folds 
BUNNYLove2U: calls $0.02
w3sby: raises $0.10 to $0.12
deileon: folds 
thebutc'er: folds 
BUNNYLove2U: folds 
Uncalled bet ($0.10) returned to w3sby
w3sby collected $0.08 from pot
*** SUMMARY ***
Total pot $0.08 | Rake $0 
Seat 2: braga121 folded before Flop (didn't bet)
Seat 3: Dorex2007 folded before Flop (didn't bet)
Seat 4: BUNNYLove2U (button) folded before Flop
Seat 5: w3sby (small blind) collected ($0.08)
Seat 6: deileon (big blind) folded before Flop
Seat 7: Lagosha folded before Flop (didn't bet)
Seat 8: thebutc'er folded before Flop
Seat 9: Gumbles321 folded before Flop (didn't bet)



PokerStars Hand #237188294420:  Hold'em No Limit ($0.01/$0.02 USD) - 2022/07/05 20:16:43 PT [2022/07/05 23:16:43 ET]
Table 'Leontina II' 9-max Seat #5 is the button
Seat 2: braga121 ($1.48 in chips) 
Seat 3: Dorex2007 ($2.79 in chips) 
Seat 4: BUNNYLove2U ($2.29 in chips) 
Seat 5: w3sby ($2.06 in chips) 
Seat 6: deileon ($1.33 in chips) 
Seat 7: Lagosha ($2 in chips) 
Seat 9: Gumbles321 ($2.85 in chips) 
thebutc'er leaves the table
deileon: posts small blind $0.01
Lagosha: posts big blind $0.02
meiBner: sits out 
*** HOLE CARDS ***
Dealt to Dorex2007 [9s 3d]
Gumbles321: calls $0.02
perffect16 joins the table at seat #8 
braga121: raises $0.04 to $0.06
Dorex2007: folds 
BUNNYLove2U: folds 
w3sby: folds 
deileon: calls $0.05
Lagosha: folds 
Gumbles321: calls $0.04
*** FLOP *** [4h Qd 9c]
deileon: checks 
Gumbles321: checks 
braga121: bets $0.06
deileon: folds 
Gumbles321: calls $0.06
*** TURN *** [4h Qd 9c] [7h]
Gumbles321: checks 
braga121: bets $0.10
Gumbles321: calls $0.10
*** RIVER *** [4h Qd 9c 7h] [4s]
Gumbles321: checks 
braga121: bets $0.25
Gumbles321: folds 
Uncalled bet ($0.25) returned to braga121
braga121 collected $0.50 from pot
*** SUMMARY ***
Total pot $0.52 | Rake $0.02 
Board [4h Qd 9c 7h 4s]
Seat 2: braga121 collected ($0.50)
Seat 3: Dorex2007 folded before Flop (didn't bet)
Seat 4: BUNNYLove2U folded before Flop (didn't bet)
Seat 5: w3sby (button) folded before Flop (didn't bet)
Seat 6: deileon (small blind) folded on the Flop
Seat 7: Lagosha (big blind) folded before Flop
Seat 9: Gumbles321 folded on the River



PokerStars Hand #237188307118:  Hold'em No Limit ($0.01/$0.02 USD) - 2022/07/05 20:18:07 PT [2022/07/05 23:18:07 ET]
Table 'Leontina II' 9-max Seat #6 is the button
Seat 2: braga121 ($1.76 in chips) 
Seat 3: Dorex2007 ($2.79 in chips) 
Seat 4: BUNNYLove2U ($2.29 in chips) 
Seat 5: w3sby ($2.06 in chips) 
Seat 6: deileon ($1.27 in chips) 
Seat 7: Lagosha ($2 in chips) 
Seat 8: perffect16 ($2 in chips) 
Seat 9: Gumbles321 ($2.63 in chips) 
Lagosha: posts small blind $0.01
perffect16: posts big blind $0.02
meiBner: sits out 
*** HOLE CARDS ***
Dealt to Dorex2007 [9d 9s]
Gumbles321: folds 
braga121: folds 
Dorex2007: calls $0.02
BUNNYLove2U: folds 
w3sby: calls $0.02
deileon: folds 
Lagosha: folds 
perffect16: raises $0.07 to $0.09
Dorex2007: calls $0.07
w3sby: calls $0.07
*** FLOP *** [Qd 3c Qs]
perffect16: checks 
Dorex2007: bets $0.13
w3sby: folds 
perffect16: folds 
Uncalled bet ($0.13) returned to Dorex2007
Dorex2007 collected $0.27 from pot
*** SUMMARY ***
Total pot $0.28 | Rake $0.01 
Board [Qd 3c Qs]
Seat 2: braga121 folded before Flop (didn't bet)
Seat 3: Dorex2007 collected ($0.27)
Seat 4: BUNNYLove2U folded before Flop (didn't bet)
Seat 5: w3sby folded on the Flop
Seat 6: deileon (button) folded before Flop (didn't bet)
Seat 7: Lagosha (small blind) folded before Flop
Seat 8: perffect16 (big blind) folded on the Flop
Seat 9: Gumbles321 folded before Flop (didn't bet)



PokerStars Hand #237188316440:  Hold'em No Limit ($0.01/$0.02 USD) - 2022/07/05 20:19:09 PT [2022/07/05 23:19:09 ET]
Table 'Leontina II' 9-max Seat #7 is the button
Seat 1: meiBner ($1.60 in chips) 
Seat 2: braga121 ($1.76 in chips) 
Seat 3: Dorex2007 ($2.97 in chips) 
Seat 4: BUNNYLove2U ($2.29 in chips) 
Seat 5: w3sby ($2 in chips) 
Seat 6: deileon ($1.27 in chips) 
Seat 7: Lagosha ($2 in chips) 
Seat 8: perffect16 ($2 in chips) 
Seat 9: Gumbles321 ($2.63 in chips) 
perffect16: posts small blind $0.01
Gumbles321: posts big blind $0.02
meiBner: posts big blind $0.02
*** HOLE CARDS ***
Dealt to Dorex2007 [Ks 6s]
meiBner: checks 
braga121: folds 
Dorex2007: calls $0.02
BUNNYLove2U: folds 
w3sby: folds 
deileon: folds 
Lagosha: folds 
perffect16: calls $0.01
Gumbles321: raises $0.02 to $0.04
meiBner: calls $0.02
Dorex2007: calls $0.02
perffect16: calls $0.02
*** FLOP *** [2d 9h 3s]
perffect16: checks 
Gumbles321: checks 
meiBner: checks 
Dorex2007: checks 
*** TURN *** [2d 9h 3s] [9s]
perffect16: checks 
Gumbles321: checks 
meiBner: checks 
Dorex2007: checks 
*** RIVER *** [2d 9h 3s 9s] [Qh]
perffect16: bets $0.07
Gumbles321: calls $0.07
meiBner: folds 
Dorex2007: folds 
*** SHOW DOWN ***
perffect16: shows [Qs 8d] (two pair, Queens and Nines)
Gumbles321: mucks hand 
perffect16 collected $0.29 from pot
*** SUMMARY ***
Total pot $0.30 | Rake $0.01 
Board [2d 9h 3s 9s Qh]
Seat 1: meiBner folded on the River
Seat 2: braga121 folded before Flop (didn't bet)
Seat 3: Dorex2007 folded on the River
Seat 4: BUNNYLove2U folded before Flop (didn't bet)
Seat 5: w3sby folded before Flop (didn't bet)
Seat 6: deileon folded before Flop (didn't bet)
Seat 7: Lagosha (button) folded before Flop (didn't bet)
Seat 8: perffect16 (small blind) showed [Qs 8d] and won ($0.29) with two pair, Queens and Nines
Seat 9: Gumbles321 (big blind) mucked [Jh Jc]



PokerStars Hand #237188327166:  Hold'em No Limit ($0.01/$0.02 USD) - 2022/07/05 20:20:22 PT [2022/07/05 23:20:22 ET]
Table 'Leontina II' 9-max Seat #8 is the button
Seat 1: meiBner ($1.56 in chips) 
Seat 2: braga121 ($1.76 in chips) 
Seat 3: Dorex2007 ($2.93 in chips) 
Seat 4: BUNNYLove2U ($2.29 in chips) 
Seat 5: w3sby ($2 in chips) 
Seat 6: deileon ($1.27 in chips) 
Seat 7: Lagosha ($2 in chips) 
Seat 8: perffect16 ($2.18 in chips) 
Seat 9: Gumbles321 ($2.52 in chips) 
Gumbles321: posts small blind $0.01
meiBner: posts big blind $0.02
*** HOLE CARDS ***
Dealt to Dorex2007 [Qh 2c]
braga121 has timed out
braga121: folds 
Dorex2007: folds 
BUNNYLove2U: folds 
w3sby: folds 
deileon: folds 
Lagosha: folds 
perffect16: calls $0.02
Gumbles321: calls $0.01
meiBner: checks 
*** FLOP *** [9c 6c Kh]
Gumbles321: checks 
meiBner: checks 
perffect16: bets $0.06
Gumbles321: folds 
meiBner: calls $0.06
*** TURN *** [9c 6c Kh] [2s]
meiBner: bets $0.02
perffect16: calls $0.02
*** RIVER *** [9c 6c Kh 2s] [7h]
meiBner: bets $0.12
perffect16: folds 
Uncalled bet ($0.12) returned to meiBner
meiBner collected $0.21 from pot
*** SUMMARY ***
Total pot $0.22 | Rake $0.01 
Board [9c 6c Kh 2s 7h]
Seat 1: meiBner (big blind) collected ($0.21)
Seat 2: braga121 folded before Flop (didn't bet)
Seat 3: Dorex2007 folded before Flop (didn't bet)
Seat 4: BUNNYLove2U folded before Flop (didn't bet)
Seat 5: w3sby folded before Flop (didn't bet)
Seat 6: deileon folded before Flop (didn't bet)
Seat 7: Lagosha folded before Flop (didn't bet)
Seat 8: perffect16 (button) folded on the River
Seat 9: Gumbles321 (small blind) folded on the Flop



PokerStars Hand #237188336828:  Hold'em No Limit ($0.01/$0.02 USD) - 2022/07/05 20:21:26 PT [2022/07/05 23:21:26 ET]
Table 'Leontina II' 9-max Seat #9 is the button
Seat 1: meiBner ($1.67 in chips) 
Seat 2: braga121 ($1.76 in chips) 
Seat 3: Dorex2007 ($2.93 in chips) 
Seat 4: BUNNYLove2U ($2.29 in chips) 
Seat 5: w3sby ($2 in chips) 
Seat 6: deileon ($1.27 in chips) 
Seat 7: Lagosha ($2 in chips) 
Seat 8: perffect16 ($2.08 in chips) 
Seat 9: Gumbles321 ($2.50 in chips) 
meiBner: posts small blind $0.01
braga121: posts big blind $0.02
*** HOLE CARDS ***
Dealt to Dorex2007 [Ad Td]
Dorex2007: calls $0.02
BUNNYLove2U: folds 
w3sby: folds 
deileon: folds 
Lagosha: folds 
perffect16: calls $0.02
Gumbles321: calls $0.02
meiBner: calls $0.01
braga121: checks 
*** FLOP *** [Kh 9c 6c]
meiBner: checks 
braga121: checks 
Dorex2007: checks 
perffect16: checks 
Gumbles321: checks 
*** TURN *** [Kh 9c 6c] [4d]
meiBner: bets $0.02
braga121: folds 
Dorex2007: folds 
perffect16: folds 
Gumbles321: calls $0.02
*** RIVER *** [Kh 9c 6c 4d] [Kc]
meiBner: bets $0.10
Gumbles321: calls $0.10
*** SHOW DOWN ***
meiBner: shows [Ah 4h] (two pair, Kings and Fours)
Gumbles321: shows [8d 8h] (two pair, Kings and Eights)
Gumbles321 collected $0.33 from pot
*** SUMMARY ***
Total pot $0.34 | Rake $0.01 
Board [Kh 9c 6c 4d Kc]
Seat 1: meiBner (small blind) showed [Ah 4h] and lost with two pair, Kings and Fours
Seat 2: braga121 (big blind) folded on the Turn
Seat 3: Dorex2007 folded on the Turn
Seat 4: BUNNYLove2U folded before Flop (didn't bet)
Seat 5: w3sby folded before Flop (didn't bet)
Seat 6: deileon folded before Flop (didn't bet)
Seat 7: Lagosha folded before Flop (didn't bet)
Seat 8: perffect16 folded on the Turn
Seat 9: Gumbles321 (button) showed [8d 8h] and won ($0.33) with two pair, Kings and Eights



PokerStars Hand #237188348003:  Hold'em No Limit ($0.01/$0.02 USD) - 2022/07/05 20:22:41 PT [2022/07/05 23:22:41 ET]
Table 'Leontina II' 9-max Seat #1 is the button
Seat 1: meiBner ($1.53 in chips) 
Seat 2: braga121 ($1.74 in chips) 
Seat 3: Dorex2007 ($2.91 in chips) 
Seat 4: BUNNYLove2U ($2.29 in chips) 
Seat 5: w3sby ($2 in chips) 
Seat 6: deileon ($1.27 in chips) 
Seat 7: Lagosha ($2 in chips) 
Seat 8: perffect16 ($2.06 in chips) 
Seat 9: Gumbles321 ($2.69 in chips) 
braga121: posts small blind $0.01
Dorex2007: posts big blind $0.02
*** HOLE CARDS ***
Dealt to Dorex2007 [As 2s]
BUNNYLove2U: raises $0.03 to $0.05
w3sby: folds 
deileon: folds 
Lagosha: folds 
perffect16: folds 
Gumbles321: folds 
meiBner: folds 
braga121: folds 
Dorex2007: folds 
Uncalled bet ($0.03) returned to BUNNYLove2U
BUNNYLove2U collected $0.05 from pot
*** SUMMARY ***
Total pot $0.05 | Rake $0 
Seat 1: meiBner (button) folded before Flop (didn't bet)
Seat 2: braga121 (small blind) folded before Flop
Seat 3: Dorex2007 (big blind) folded before Flop
Seat 4: BUNNYLove2U collected ($0.05)
Seat 5: w3sby folded before Flop (didn't bet)
Seat 6: deileon folded before Flop (didn't bet)
Seat 7: Lagosha folded before Flop (didn't bet)
Seat 8: perffect16 folded before Flop (didn't bet)
Seat 9: Gumbles321 folded before Flop (didn't bet)



PokerStars Hand #237188351796:  Hold'em No Limit ($0.01/$0.02 USD) - 2022/07/05 20:23:07 PT [2022/07/05 23:23:07 ET]
Table 'Leontina II' 9-max Seat #2 is the button
Seat 1: meiBner ($1.53 in chips) 
Seat 2: braga121 ($1.73 in chips) 
Seat 3: Dorex2007 ($2.89 in chips) 
Seat 4: BUNNYLove2U ($2.32 in chips) 
Seat 5: w3sby ($2 in chips) 
Seat 6: deileon ($1.27 in chips) 
Seat 7: Lagosha ($2 in chips) 
Seat 8: perffect16 ($2.06 in chips) 
Seat 9: Gumbles321 ($2.69 in chips) 
Dorex2007: posts small blind $0.01
BUNNYLove2U: posts big blind $0.02
*** HOLE CARDS ***
Dealt to Dorex2007 [7s 5c]
w3sby: folds 
deileon: folds 
Lagosha: folds 
perffect16: folds 
Gumbles321: calls $0.02
meiBner: calls $0.02
braga121 has timed out
braga121: folds 
Dorex2007: folds 
BUNNYLove2U: checks 
*** FLOP *** [Th 5h Kd]
BUNNYLove2U: checks 
Gumbles321: checks 
meiBner: checks 
*** TURN *** [Th 5h Kd] [7d]
BUNNYLove2U: bets $0.04
Gumbles321: calls $0.04
w3sby leaves the table
meiBner: calls $0.04
*** RIVER *** [Th 5h Kd 7d] [3d]
BUNNYLove2U: checks 
Gumbles321: bets $0.38
meiBner: folds 
BUNNYLove2U: folds 
Uncalled bet ($0.38) returned to Gumbles321
Gumbles321 collected $0.18 from pot
*** SUMMARY ***
Total pot $0.19 | Rake $0.01 
Board [Th 5h Kd 7d 3d]
Seat 1: meiBner folded on the River
Seat 2: braga121 (button) folded before Flop (didn't bet)
Seat 3: Dorex2007 (small blind) folded before Flop
Seat 4: BUNNYLove2U (big blind) folded on the River
Seat 5: w3sby folded before Flop (didn't bet)
Seat 6: deileon folded before Flop (didn't bet)
Seat 7: Lagosha folded before Flop (didn't bet)
Seat 8: perffect16 folded before Flop (didn't bet)
Seat 9: Gumbles321 collected ($0.18)



PokerStars Hand #237188370068:  Hold'em No Limit ($0.01/$0.02 USD) - 2022/07/05 20:24:17 PT [2022/07/05 23:24:17 ET]
Table 'Leontina II' 9-max Seat #3 is the button
Seat 1: meiBner ($1.47 in chips) 
Seat 3: Dorex2007 ($2.88 in chips) 
Seat 4: BUNNYLove2U ($2.26 in chips) 
Seat 6: deileon ($1.27 in chips) 
Seat 7: Lagosha ($2 in chips) 
Seat 8: perffect16 ($2.06 in chips) 
Seat 9: Gumbles321 ($2.81 in chips) 
BUNNYLove2U: posts small blind $0.01
deileon: posts big blind $0.02
*** HOLE CARDS ***
Dealt to Dorex2007 [9s Qs]
Lagosha: folds 
perffect16: folds 
Gumbles321: folds 
meiBner: folds 
Dorex2007: raises $0.04 to $0.06
BUNNYLove2U: folds 
deileon: folds 
Uncalled bet ($0.04) returned to Dorex2007
Dorex2007 collected $0.05 from pot
*** SUMMARY ***
Total pot $0.05 | Rake $0 
Seat 1: meiBner folded before Flop (didn't bet)
Seat 3: Dorex2007 (button) collected ($0.05)
Seat 4: BUNNYLove2U (small blind) folded before Flop
Seat 6: deileon (big blind) folded before Flop
Seat 7: Lagosha folded before Flop (didn't bet)
Seat 8: perffect16 folded before Flop (didn't bet)
Seat 9: Gumbles321 folded before Flop (didn't bet)



PokerStars Hand #237188372837:  Hold'em No Limit ($0.01/$0.02 USD) - 2022/07/05 20:24:36 PT [2022/07/05 23:24:36 ET]
Table 'Leontina II' 9-max Seat #4 is the button
Seat 1: meiBner ($1.47 in chips) 
Seat 3: Dorex2007 ($2.91 in chips) 
Seat 4: BUNNYLove2U ($2.25 in chips) 
Seat 6: deileon ($1.25 in chips) 
Seat 8: perffect16 ($2.06 in chips) 
Seat 9: Gumbles321 ($2.81 in chips) 
deileon: posts small blind $0.01
Lagosha: is sitting out 
perffect16: posts big blind $0.02
*** HOLE CARDS ***
Dealt to Dorex2007 [7s 7h]
Gumbles321: calls $0.02
Lagosha leaves the table
meiBner: folds 
Dorex2007: calls $0.02
BUNNYLove2U: folds 
deileon: calls $0.01
perffect16: checks 
*** FLOP *** [Kd Qd 6h]
deileon: checks 
perffect16: checks 
Gumbles321: checks 
Dorex2007: checks 
*** TURN *** [Kd Qd 6h] [Ac]
deileon: checks 
perffect16: checks 
Gumbles321: checks 
Dorex2007: checks 
*** RIVER *** [Kd Qd 6h Ac] [Kc]
deileon: checks 
perffect16: checks 
Gumbles321: bets $0.08
Dorex2007: folds 
deileon: folds 
perffect16: folds 
Uncalled bet ($0.08) returned to Gumbles321
Gumbles321 collected $0.08 from pot
*** SUMMARY ***
Total pot $0.08 | Rake $0 
Board [Kd Qd 6h Ac Kc]
Seat 1: meiBner folded before Flop (didn't bet)
Seat 3: Dorex2007 folded on the River
Seat 4: BUNNYLove2U (button) folded before Flop (didn't bet)
Seat 6: deileon (small blind) folded on the River
Seat 8: perffect16 (big blind) folded on the River
Seat 9: Gumbles321 collected ($0.08)



PokerStars Hand #237188383300:  Hold'em No Limit ($0.01/$0.02 USD) - 2022/07/05 20:25:47 PT [2022/07/05 23:25:47 ET]
Table 'Leontina II' 9-max Seat #6 is the button
Seat 1: meiBner ($1.47 in chips) 
Seat 3: Dorex2007 ($2.89 in chips) 
Seat 4: BUNNYLove2U ($2.25 in chips) 
Seat 6: deileon ($1.23 in chips) 
Seat 8: perffect16 ($2.04 in chips) 
Seat 9: Gumbles321 ($2.87 in chips) 
perffect16: posts small blind $0.01
Gumbles321: posts big blind $0.02
*** HOLE CARDS ***
Dealt to Dorex2007 [6h 3h]
meiBner is disconnected 
meiBner has timed out while disconnected
meiBner: folds 
Dorex2007: folds 
BUNNYLove2U: folds 
deileon: folds 
perffect16: calls $0.01
Gumbles321: checks 
*** FLOP *** [Th Kd Tc]
perffect16: checks 
Gumbles321: checks 
*** TURN *** [Th Kd Tc] [4c]
perffect16: checks 
Gumbles321: checks 
*** RIVER *** [Th Kd Tc 4c] [Kc]
perffect16: checks 
Gumbles321: checks 
*** SHOW DOWN ***
perffect16: shows [8h 9c] (two pair, Kings and Tens)
Gumbles321: shows [Jd Qd] (two pair, Kings and Tens - Queen kicker)
Gumbles321 collected $0.04 from pot
*** SUMMARY ***
Total pot $0.04 | Rake $0 
Board [Th Kd Tc 4c Kc]
Seat 1: meiBner folded before Flop (didn't bet)
Seat 3: Dorex2007 folded before Flop (didn't bet)
Seat 4: BUNNYLove2U folded before Flop (didn't bet)
Seat 6: deileon (button) folded before Flop (didn't bet)
Seat 8: perffect16 (small blind) showed [8h 9c] and lost with two pair, Kings and Tens
Seat 9: Gumbles321 (big blind) showed [Jd Qd] and won ($0.04) with two pair, Kings and Tens



PokerStars Hand #237188389424:  Hold'em No Limit ($0.01/$0.02 USD) - 2022/07/05 20:26:28 PT [2022/07/05 23:26:28 ET]
Table 'Leontina II' 9-max Seat #8 is the button
Seat 3: Dorex2007 ($2.89 in chips) 
Seat 4: BUNNYLove2U ($2.25 in chips) 
Seat 6: deileon ($1.23 in chips) 
Seat 8: perffect16 ($2.02 in chips) 
Seat 9: Gumbles321 ($2.89 in chips) 
Gumbles321: posts small blind $0.01
Dorex2007: posts big blind $0.02
*** HOLE CARDS ***
Dealt to Dorex2007 [8h 9h]
BUNNYLove2U: folds 
deileon: folds 
perffect16: folds 
Gumbles321: calls $0.01
Dorex2007: checks 
*** FLOP *** [3c 8c 6h]
Gumbles321: checks 
Dorex2007: bets $0.04
RedSkin Raiders joins the table at seat #5 
Gumbles321: folds 
Uncalled bet ($0.04) returned to Dorex2007
Dorex2007 collected $0.04 from pot
*** SUMMARY ***
Total pot $0.04 | Rake $0 
Board [3c 8c 6h]
Seat 3: Dorex2007 (big blind) collected ($0.04)
Seat 4: BUNNYLove2U folded before Flop (didn't bet)
Seat 6: deileon folded before Flop (didn't bet)
Seat 8: perffect16 (button) folded before Flop (didn't bet)
Seat 9: Gumbles321 (small blind) folded on the Flop



PokerStars Hand #237188393265:  Hold'em No Limit ($0.01/$0.02 USD) - 2022/07/05 20:26:55 PT [2022/07/05 23:26:55 ET]
Table 'Leontina II' 9-max Seat #9 is the button
Seat 3: Dorex2007 ($2.91 in chips) 
Seat 4: BUNNYLove2U ($2.25 in chips) 
Seat 6: deileon ($1.23 in chips) 
Seat 8: perffect16 ($2.02 in chips) 
Seat 9: Gumbles321 ($2.87 in chips) 
Dorex2007: posts small blind $0.01
BUNNYLove2U: posts big blind $0.02
RedSkin Raiders: sits out 
*** HOLE CARDS ***
Dealt to Dorex2007 [Tc 4c]
deileon: folds 
perffect16: folds 
Gumbles321: calls $0.02
Dorex2007: calls $0.01
BUNNYLove2U: checks 
*** FLOP *** [9s 6c Kd]
Dorex2007: checks 
BUNNYLove2U: checks 
Gumbles321: bets $0.10
Dorex2007: folds 
BUNNYLove2U: folds 
Uncalled bet ($0.10) returned to Gumbles321
Gumbles321 collected $0.06 from pot
*** SUMMARY ***
Total pot $0.06 | Rake $0 
Board [9s 6c Kd]
Seat 3: Dorex2007 (small blind) folded on the Flop
Seat 4: BUNNYLove2U (big blind) folded on the Flop
Seat 6: deileon folded before Flop (didn't bet)
Seat 8: perffect16 folded before Flop (didn't bet)
Seat 9: Gumbles321 (button) collected ($0.06)



PokerStars Hand #237188405874:  Hold'em No Limit ($0.01/$0.02 USD) - 2022/07/05 20:27:38 PT [2022/07/05 23:27:38 ET]
Table 'Leontina II' 9-max Seat #3 is the button
Seat 3: Dorex2007 ($2.89 in chips) 
Seat 4: BUNNYLove2U ($2.23 in chips) 
Seat 5: RedSkin Raiders ($1.60 in chips) 
Seat 6: deileon ($1.23 in chips) 
Seat 8: perffect16 ($2.02 in chips) 
Seat 9: Gumbles321 ($2.91 in chips) 
BUNNYLove2U: posts small blind $0.01
RedSkin Raiders: posts big blind $0.02
*** HOLE CARDS ***
Dealt to Dorex2007 [Ks Jh]
deileon: folds 
perffect16: calls $0.02
Gumbles321: calls $0.02
Dorex2007: raises $0.06 to $0.08
BUNNYLove2U: folds 
RedSkin Raiders: folds 
perffect16: folds 
Gumbles321: calls $0.06
*** FLOP *** [Kh 2h 5d]
Gumbles321: checks 
Dorex2007: bets $0.20
Gumbles321: calls $0.20
*** TURN *** [Kh 2h 5d] [2c]
Gumbles321: bets $0.59
Dorex2007: raises $2.02 to $2.61 and is all-in
Gumbles321: calls $2.02
Gumbles321 has timed out
*** RIVER *** [Kh 2h 5d 2c] [6h]
*** SHOW DOWN ***
Gumbles321: shows [9c Kd] (two pair, Kings and Deuces)
Dorex2007: shows [Ks Jh] (two pair, Kings and Deuces - Jack kicker)
Dorex2007 cashed out the hand for $4.49 | Cash Out Fee $0.05
*** SUMMARY ***
Total pot $5.83 | Rake $0.20 
Board [Kh 2h 5d 2c 6h]
Seat 3: Dorex2007 (button) showed [Ks Jh] and won ($5.63) with two pair, Kings and Deuces (pot not awarded as player cashed out)
Seat 4: BUNNYLove2U (small blind) folded before Flop
Seat 5: RedSkin Raiders (big blind) folded before Flop
Seat 6: deileon folded before Flop (didn't bet)
Seat 8: perffect16 folded before Flop
Seat 9: Gumbles321 showed [9c Kd] and lost with two pair, Kings and Deuces



PokerStars Hand #237188416211:  Hold'em No Limit ($0.01/$0.02 USD) - 2022/07/05 20:28:48 PT [2022/07/05 23:28:48 ET]
Table 'Leontina II' 9-max Seat #4 is the button
Seat 3: Dorex2007 ($4.49 in chips) 
Seat 4: BUNNYLove2U ($2.22 in chips) 
Seat 5: RedSkin Raiders ($1.58 in chips) 
Seat 6: deileon ($1.23 in chips) 
Seat 8: perffect16 ($2 in chips) 
Seat 9: Gumbles321 ($0.02 in chips) 
RedSkin Raiders: posts small blind $0.01
deileon: posts big blind $0.02
*** HOLE CARDS ***
Dealt to Dorex2007 [Jh Qh]
perffect16: raises $0.04 to $0.06
Gumbles321: calls $0.02 and is all-in
Dorex2007: calls $0.06
BUNNYLove2U: folds 
RedSkin Raiders: folds 
deileon: folds 
*** FLOP *** [4h 9h Ks]
perffect16: checks 
Dorex2007: checks 
*** TURN *** [4h 9h Ks] [7d]
perffect16: checks 
Dorex2007: checks 
*** RIVER *** [4h 9h Ks 7d] [Td]
perffect16: bets $0.16
Dorex2007: raises $0.16 to $0.32
perffect16: raises $0.62 to $0.94
Dorex2007: raises $3.49 to $4.43 and is all-in
perffect16: calls $1 and is all-in
Uncalled bet ($2.49) returned to Dorex2007
*** SHOW DOWN ***
Dorex2007: shows [Jh Qh] (a straight, Nine to King)
perffect16: shows [Qd Jd] (a straight, Nine to King)
perffect16 collected $1.91 from side pot
Dorex2007 collected $1.91 from side pot
Gumbles321: shows [Qs Ts] (a pair of Tens)
perffect16 collected $0.05 from main pot
Dorex2007 collected $0.04 from main pot
*** SUMMARY ***
Total pot $4.05 Main pot $0.09. Side pot $3.82. | Rake $0.14 
Board [4h 9h Ks 7d Td]
Seat 3: Dorex2007 showed [Jh Qh] and won ($1.95) with a straight, Nine to King
Seat 4: BUNNYLove2U (button) folded before Flop (didn't bet)
Seat 5: RedSkin Raiders (small blind) folded before Flop
Seat 6: deileon (big blind) folded before Flop
Seat 8: perffect16 showed [Qd Jd] and won ($1.96) with a straight, Nine to King
Seat 9: Gumbles321 showed [Qs Ts] and lost with a pair of Tens



PokerStars Hand #237188428504:  Hold'em No Limit ($0.01/$0.02 USD) - 2022/07/05 20:30:11 PT [2022/07/05 23:30:11 ET]
Table 'Leontina II' 9-max Seat #5 is the button
Seat 3: Dorex2007 ($4.44 in chips) 
Seat 4: BUNNYLove2U ($2.22 in chips) 
Seat 5: RedSkin Raiders ($1.57 in chips) 
Seat 6: deileon ($1.21 in chips) 
Seat 8: perffect16 ($2 in chips) 
deileon: posts small blind $0.01
perffect16: posts big blind $0.02
*** HOLE CARDS ***
Dealt to Dorex2007 [Ah Th]
Dorex2007: calls $0.02
BUNNYLove2U: folds 
Gumbles321 is disconnected 
10 blueberry 10 joins the table at seat #7 
RedSkin Raiders: calls $0.02
deileon: folds 
perffect16: checks 
*** FLOP *** [Ks 6d 5c]
perffect16: bets $0.03
Dorex2007: folds 
RedSkin Raiders: calls $0.03
*** TURN *** [Ks 6d 5c] [Qd]
perffect16: checks 
RedSkin Raiders: checks 
*** RIVER *** [Ks 6d 5c Qd] [Tc]
perffect16: checks 
RedSkin Raiders: checks 
*** SHOW DOWN ***
perffect16: shows [8s 7s] (high card King)
RedSkin Raiders: mucks hand 
perffect16 collected $0.13 from pot
*** SUMMARY ***
Total pot $0.13 | Rake $0 
Board [Ks 6d 5c Qd Tc]
Seat 3: Dorex2007 folded on the Flop
Seat 4: BUNNYLove2U folded before Flop (didn't bet)
Seat 5: RedSkin Raiders (button) mucked [8c 4c]
Seat 6: deileon (small blind) folded before Flop
Seat 8: perffect16 (big blind) showed [8s 7s] and won ($0.13) with high card King



PokerStars Hand #237188437208:  Hold'em No Limit ($0.01/$0.02 USD) - 2022/07/05 20:31:10 PT [2022/07/05 23:31:10 ET]
Table 'Leontina II' 9-max Seat #6 is the button
Seat 3: Dorex2007 ($4.42 in chips) 
Seat 4: BUNNYLove2U ($2.22 in chips) 
Seat 5: RedSkin Raiders ($1.52 in chips) 
Seat 6: deileon ($1.20 in chips) 
Seat 8: perffect16 ($2.08 in chips) 
perffect16: posts small blind $0.01
Dorex2007: posts big blind $0.02
*** HOLE CARDS ***
Dealt to Dorex2007 [8s 5h]
BUNNYLove2U: raises $0.03 to $0.05
RedSkin Raiders: folds 
deileon: folds 
perffect16: folds 
Dorex2007: folds 
Uncalled bet ($0.03) returned to BUNNYLove2U
BUNNYLove2U collected $0.05 from pot
*** SUMMARY ***
Total pot $0.05 | Rake $0 
Seat 3: Dorex2007 (big blind) folded before Flop
Seat 4: BUNNYLove2U collected ($0.05)
Seat 5: RedSkin Raiders folded before Flop (didn't bet)
Seat 6: deileon (button) folded before Flop (didn't bet)
Seat 8: perffect16 (small blind) folded before Flop



PokerStars Hand #237188440400:  Hold'em No Limit ($0.01/$0.02 USD) - 2022/07/05 20:31:32 PT [2022/07/05 23:31:32 ET]
Table 'Leontina II' 9-max Seat #8 is the button
Seat 3: Dorex2007 ($4.40 in chips) 
Seat 4: BUNNYLove2U ($2.25 in chips) 
Seat 5: RedSkin Raiders ($1.52 in chips) 
Seat 6: deileon ($1.20 in chips) 
Seat 8: perffect16 ($2.07 in chips) 
Dorex2007: posts small blind $0.01
BUNNYLove2U: posts big blind $0.02
10 blueberry 10: sits out 
*** HOLE CARDS ***
Dealt to Dorex2007 [Th Ks]
RedSkin Raiders: raises $0.02 to $0.04
deileon: folds 
perffect16: calls $0.04
Dorex2007: calls $0.03
BUNNYLove2U: folds 
*** FLOP *** [Ah 9h Qc]
Dorex2007: checks 
RedSkin Raiders: bets $0.02
perffect16: calls $0.02
Dorex2007: calls $0.02
*** TURN *** [Ah 9h Qc] [Ts]
Dorex2007: checks 
RedSkin Raiders: bets $0.12
perffect16: folds 
Dorex2007: folds 
Uncalled bet ($0.12) returned to RedSkin Raiders
RedSkin Raiders collected $0.19 from pot
*** SUMMARY ***
Total pot $0.20 | Rake $0.01 
Board [Ah 9h Qc Ts]
Seat 3: Dorex2007 (small blind) folded on the Turn
Seat 4: BUNNYLove2U (big blind) folded before Flop
Seat 5: RedSkin Raiders collected ($0.19)
Seat 6: deileon folded before Flop (didn't bet)
Seat 8: perffect16 (button) folded on the Turn



PokerStars Hand #237188451144:  Hold'em No Limit ($0.01/$0.02 USD) - 2022/07/05 20:32:46 PT [2022/07/05 23:32:46 ET]
Table 'Leontina II' 9-max Seat #3 is the button
Seat 3: Dorex2007 ($4.34 in chips) 
Seat 4: BUNNYLove2U ($2.23 in chips) 
Seat 5: RedSkin Raiders ($1.65 in chips) 
Seat 6: deileon ($1.20 in chips) 
Seat 8: perffect16 ($2.01 in chips) 
BUNNYLove2U: posts small blind $0.01
RedSkin Raiders: posts big blind $0.02
10 blueberry 10: sits out 
*** HOLE CARDS ***
Dealt to Dorex2007 [3s 9s]
deileon: folds 
perffect16: calls $0.02
Dorex2007: folds 
BUNNYLove2U: calls $0.01
RedSkin Raiders: raises $0.06 to $0.08
perffect16: folds 
BUNNYLove2U: folds 
Uncalled bet ($0.06) returned to RedSkin Raiders
RedSkin Raiders collected $0.06 from pot
*** SUMMARY ***
Total pot $0.06 | Rake $0 
Seat 3: Dorex2007 (button) folded before Flop (didn't bet)
Seat 4: BUNNYLove2U (small blind) folded before Flop
Seat 5: RedSkin Raiders (big blind) collected ($0.06)
Seat 6: deileon folded before Flop (didn't bet)
Seat 8: perffect16 folded before Flop



PokerStars Hand #237188454208:  Hold'em No Limit ($0.01/$0.02 USD) - 2022/07/05 20:33:08 PT [2022/07/05 23:33:08 ET]
Table 'Leontina II' 9-max Seat #4 is the button
Seat 3: Dorex2007 ($4.34 in chips) 
Seat 4: BUNNYLove2U ($2.21 in chips) 
Seat 5: RedSkin Raiders ($1.69 in chips) 
Seat 6: deileon ($1.20 in chips) 
Seat 8: perffect16 ($2 in chips) 
RedSkin Raiders: posts small blind $0.01
deileon: posts big blind $0.02
10 blueberry 10: sits out 
*** HOLE CARDS ***
Dealt to Dorex2007 [Jh 2s]
perffect16: raises $0.05 to $0.07
Dorex2007: folds 
BUNNYLove2U: folds 
RedSkin Raiders: calls $0.06
deileon: folds 
*** FLOP *** [9h 5h 7c]
RedSkin Raiders: checks 
perffect16: bets $0.07
RedSkin Raiders: calls $0.07
*** TURN *** [9h 5h 7c] [3c]
RedSkin Raiders: checks 
perffect16: bets $0.14
RedSkin Raiders: calls $0.14
*** RIVER *** [9h 5h 7c 3c] [Kh]
RedSkin Raiders: checks 
perffect16: checks 
*** SHOW DOWN ***
RedSkin Raiders: shows [6s 7s] (a pair of Sevens)
perffect16: mucks hand 
RedSkin Raiders collected $0.56 from pot
*** SUMMARY ***
Total pot $0.58 | Rake $0.02 
Board [9h 5h 7c 3c Kh]
Seat 3: Dorex2007 folded before Flop (didn't bet)
Seat 4: BUNNYLove2U (button) folded before Flop (didn't bet)
Seat 5: RedSkin Raiders (small blind) showed [6s 7s] and won ($0.56) with a pair of Sevens
Seat 6: deileon (big blind) folded before Flop
Seat 8: perffect16 mucked [Ac Jc]



PokerStars Hand #237188463815:  Hold'em No Limit ($0.01/$0.02 USD) - 2022/07/05 20:34:15 PT [2022/07/05 23:34:15 ET]
Table 'Leontina II' 9-max Seat #5 is the button
Seat 3: Dorex2007 ($4.34 in chips) 
Seat 4: BUNNYLove2U ($2.21 in chips) 
Seat 5: RedSkin Raiders ($1.97 in chips) 
Seat 6: deileon ($1.18 in chips) 
Seat 7: 10 blueberry 10 ($1.60 in chips) 
Seat 8: perffect16 ($2 in chips) 
deileon: posts small blind $0.01
10 blueberry 10: posts big blind $0.02
*** HOLE CARDS ***
Dealt to Dorex2007 [Qd 3h]
perffect16: folds 
Dorex2007: folds 
BUNNYLove2U: folds 
RedSkin Raiders: folds 
deileon: folds 
Uncalled bet ($0.01) returned to 10 blueberry 10
10 blueberry 10 collected $0.02 from pot
*** SUMMARY ***
Total pot $0.02 | Rake $0 
Seat 3: Dorex2007 folded before Flop (didn't bet)
Seat 4: BUNNYLove2U folded before Flop (didn't bet)
Seat 5: RedSkin Raiders (button) folded before Flop (didn't bet)
Seat 6: deileon (small blind) folded before Flop
Seat 7: 10 blueberry 10 (big blind) collected ($0.02)
Seat 8: perffect16 folded before Flop (didn't bet)



PokerStars Hand #237188466500:  Hold'em No Limit ($0.01/$0.02 USD) - 2022/07/05 20:34:33 PT [2022/07/05 23:34:33 ET]
Table 'Leontina II' 9-max Seat #6 is the button
Seat 3: Dorex2007 ($4.34 in chips) 
Seat 4: BUNNYLove2U ($2.21 in chips) 
Seat 5: RedSkin Raiders ($1.97 in chips) 
Seat 6: deileon ($1.17 in chips) 
Seat 7: 10 blueberry 10 ($1.61 in chips) 
Seat 8: perffect16 ($2 in chips) 
10 blueberry 10: posts small blind $0.01
perffect16: posts big blind $0.02
*** HOLE CARDS ***
Dealt to Dorex2007 [3h 5c]
Dorex2007: folds 
BUNNYLove2U: raises $0.03 to $0.05
RedSkin Raiders: folds 
deileon: folds 
10 blueberry 10: calls $0.04
perffect16: folds 
*** FLOP *** [9s Jd Js]
10 blueberry 10: checks 
braga121 leaves the table
BUNNYLove2U: bets $0.07
10 blueberry 10: folds 
Uncalled bet ($0.07) returned to BUNNYLove2U
BUNNYLove2U collected $0.12 from pot
*** SUMMARY ***
Total pot $0.12 | Rake $0 
Board [9s Jd Js]
Seat 3: Dorex2007 folded before Flop (didn't bet)
Seat 4: BUNNYLove2U collected ($0.12)
Seat 5: RedSkin Raiders folded before Flop (didn't bet)
Seat 6: deileon (button) folded before Flop (didn't bet)
Seat 7: 10 blueberry 10 (small blind) folded on the Flop
Seat 8: perffect16 (big blind) folded before Flop



PokerStars Hand #237188471578:  Hold'em No Limit ($0.01/$0.02 USD) - 2022/07/05 20:35:08 PT [2022/07/05 23:35:08 ET]
Table 'Leontina II' 9-max Seat #7 is the button
Seat 3: Dorex2007 ($4.34 in chips) 
Seat 4: BUNNYLove2U ($2.28 in chips) 
Seat 5: RedSkin Raiders ($1.97 in chips) 
Seat 6: deileon ($1.17 in chips) 
Seat 7: 10 blueberry 10 ($1.56 in chips) 
Seat 8: perffect16 ($2 in chips) 
perffect16: posts small blind $0.01
Dorex2007: posts big blind $0.02
*** HOLE CARDS ***
Dealt to Dorex2007 [6d Qh]
BUNNYLove2U: folds 
RedSkin Raiders: calls $0.02
deileon: folds 
10 blueberry 10: folds 
perffect16: calls $0.01
Dorex2007: checks 
*** FLOP *** [Qs 2s 9d]
perffect16: checks 
Dorex2007: checks 
RedSkin Raiders: checks 
*** TURN *** [Qs 2s 9d] [Jh]
perffect16: checks 
Dorex2007: checks 
RedSkin Raiders: bets $0.02
perffect16: folds 
meiBner leaves the table
Dorex2007: calls $0.02
*** RIVER *** [Qs 2s 9d Jh] [9c]
Dorex2007: checks 
RedSkin Raiders: checks 
*** SHOW DOWN ***
Dorex2007: shows [6d Qh] (two pair, Queens and Nines)
RedSkin Raiders: mucks hand 
Dorex2007 collected $0.10 from pot
*** SUMMARY ***
Total pot $0.10 | Rake $0 
Board [Qs 2s 9d Jh 9c]
Seat 3: Dorex2007 (big blind) showed [6d Qh] and won ($0.10) with two pair, Queens and Nines
Seat 4: BUNNYLove2U folded before Flop (didn't bet)
Seat 5: RedSkin Raiders mucked [4h 4d]
Seat 6: deileon folded before Flop (didn't bet)
Seat 7: 10 blueberry 10 (button) folded before Flop (didn't bet)
Seat 8: perffect16 (small blind) folded on the Turn



PokerStars Hand #237188482789:  Hold'em No Limit ($0.01/$0.02 USD) - 2022/07/05 20:36:27 PT [2022/07/05 23:36:27 ET]
Table 'Leontina II' 9-max Seat #8 is the button
Seat 3: Dorex2007 ($4.40 in chips) 
Seat 4: BUNNYLove2U ($2.28 in chips) 
Seat 5: RedSkin Raiders ($1.93 in chips) 
Seat 6: deileon ($1.17 in chips) 
Seat 7: 10 blueberry 10 ($1.56 in chips) 
Seat 8: perffect16 ($2 in chips) 
Dorex2007: posts small blind $0.01
BUNNYLove2U: posts big blind $0.02
*** HOLE CARDS ***
Dealt to Dorex2007 [5s 8d]
RedSkin Raiders: calls $0.02
deileon: folds 
10 blueberry 10: folds 
perffect16: folds 
Dorex2007: folds 
BUNNYLove2U: checks 
*** FLOP *** [6d Ad 3d]
BUNNYLove2U: checks 
RedSkin Raiders: checks 
*** TURN *** [6d Ad 3d] [Td]
BUNNYLove2U: checks 
RedSkin Raiders: bets $0.02
BUNNYLove2U: folds 
Uncalled bet ($0.02) returned to RedSkin Raiders
RedSkin Raiders collected $0.05 from pot
*** SUMMARY ***
Total pot $0.05 | Rake $0 
Board [6d Ad 3d Td]
Seat 3: Dorex2007 (small blind) folded before Flop
Seat 4: BUNNYLove2U (big blind) folded on the Turn
Seat 5: RedSkin Raiders collected ($0.05)
Seat 6: deileon folded before Flop (didn't bet)
Seat 7: 10 blueberry 10 folded before Flop (didn't bet)
Seat 8: perffect16 (button) folded before Flop (didn't bet)



PokerStars Hand #237188491247:  Hold'em No Limit ($0.01/$0.02 USD) - 2022/07/05 20:37:26 PT [2022/07/05 23:37:26 ET]
Table 'Leontina II' 9-max Seat #3 is the button
Seat 3: Dorex2007 ($4.39 in chips) 
Seat 4: BUNNYLove2U ($2.26 in chips) 
Seat 5: RedSkin Raiders ($1.96 in chips) 
Seat 6: deileon ($1.17 in chips) 
Seat 7: 10 blueberry 10 ($1.56 in chips) 
Seat 8: perffect16 ($2 in chips) 
BUNNYLove2U: posts small blind $0.01
RedSkin Raiders: posts big blind $0.02
*** HOLE CARDS ***
Dealt to Dorex2007 [4d 5c]
deileon: folds 
10 blueberry 10: folds 
perffect16: folds 
Dorex2007: folds 
BUNNYLove2U: calls $0.01
RedSkin Raiders: checks 
*** FLOP *** [Ks 6h 8s]
BUNNYLove2U: checks 
RedSkin Raiders: checks 
*** TURN *** [Ks 6h 8s] [Kd]
BUNNYLove2U: checks 
RedSkin Raiders: checks 
*** RIVER *** [Ks 6h 8s Kd] [4s]
BUNNYLove2U: bets $0.03
RedSkin Raiders: folds 
Uncalled bet ($0.03) returned to BUNNYLove2U
BUNNYLove2U collected $0.04 from pot
*** SUMMARY ***
Total pot $0.04 | Rake $0 
Board [Ks 6h 8s Kd 4s]
Seat 3: Dorex2007 (button) folded before Flop (didn't bet)
Seat 4: BUNNYLove2U (small blind) collected ($0.04)
Seat 5: RedSkin Raiders (big blind) folded on the River
Seat 6: deileon folded before Flop (didn't bet)
Seat 7: 10 blueberry 10 folded before Flop (didn't bet)
Seat 8: perffect16 folded before Flop (didn't bet)



PokerStars Hand #237188498080:  Hold'em No Limit ($0.01/$0.02 USD) - 2022/07/05 20:38:14 PT [2022/07/05 23:38:14 ET]
Table 'Leontina II' 9-max Seat #4 is the button
Seat 3: Dorex2007 ($4.39 in chips) 
Seat 4: BUNNYLove2U ($2.28 in chips) 
Seat 5: RedSkin Raiders ($1.94 in chips) 
Seat 7: 10 blueberry 10 ($1.56 in chips) 
Seat 8: perffect16 ($2 in chips) 
RedSkin Raiders: posts small blind $0.01
deileon: is sitting out 
10 blueberry 10: posts big blind $0.02
*** HOLE CARDS ***
Dealt to Dorex2007 [Qd Tc]
perffect16: folds 
Dorex2007: raises $0.04 to $0.06
BUNNYLove2U: folds 
RedSkin Raiders: calls $0.05
10 blueberry 10: folds 
*** FLOP *** [9c Qc Kc]
RedSkin Raiders: bets $0.07
Dorex2007: calls $0.07
*** TURN *** [9c Qc Kc] [5s]
RedSkin Raiders: bets $0.08
Dorex2007: calls $0.08
*** RIVER *** [9c Qc Kc 5s] [Qh]
RedSkin Raiders: bets $0.42
Dorex2007: calls $0.42
*** SHOW DOWN ***
RedSkin Raiders: shows [Jc Ts] (a straight, Nine to King)
Dorex2007: mucks hand 
RedSkin Raiders collected $1.24 from pot
*** SUMMARY ***
Total pot $1.28 | Rake $0.04 
Board [9c Qc Kc 5s Qh]
Seat 3: Dorex2007 mucked [Qd Tc]
Seat 4: BUNNYLove2U (button) folded before Flop (didn't bet)
Seat 5: RedSkin Raiders (small blind) showed [Jc Ts] and won ($1.24) with a straight, Nine to King
Seat 7: 10 blueberry 10 (big blind) folded before Flop
Seat 8: perffect16 folded before Flop (didn't bet)



