PokerStars Hand #238446567482:  Hold'em No Limit ($0.02/$0.05 USD) - 2022/09/05 20:28:51 PT [2022/09/05 23:28:51 ET]
Table 'Raphaela' 9-max Seat #6 is the button
Seat 1: Maria1995587 ($4.44 in chips) 
Seat 2: gio119 ($5.09 in chips) 
Seat 3: CashMonki ($7.20 in chips) 
Seat 4: bictor308 ($1.80 in chips) 
Seat 6: FagnerRatix ($4.46 in chips) 
Seat 7: lucifergaia ($5 in chips) 
Seat 8: Dorex2007 ($5 in chips) 
Seat 9: Toti Davalos ($5.48 in chips) 
lucifergaia: posts small blind $0.02
Dorex2007: posts big blind $0.05
*** HOLE CARDS ***
Dealt to Dorex2007 [Kh 3c]
Toti Davalos: raises $0.10 to $0.15
Maria1995587: folds 
gio119: folds 
CashMonki: folds 
bictor308: calls $0.15
FagnerRatix: folds 
lucifergaia: calls $0.13
Dorex2007: folds 
*** FLOP *** [6c Jh Jc]
lucifergaia: checks 
Sr ÁviIa joins the table at seat #5 
Toti Davalos: checks 
bictor308: bets $0.24
lucifergaia: folds 
Toti Davalos: calls $0.24
*** TURN *** [6c Jh Jc] [Qc]
Toti Davalos: checks 
bictor308: checks 
*** RIVER *** [6c Jh Jc Qc] [3d]
Toti Davalos: bets $0.47
bictor308: folds 
Uncalled bet ($0.47) returned to Toti Davalos
Toti Davalos collected $0.94 from pot
*** SUMMARY ***
Total pot $0.98 | Rake $0.04 
Board [6c Jh Jc Qc 3d]
Seat 1: Maria1995587 folded before Flop (didn't bet)
Seat 2: gio119 folded before Flop (didn't bet)
Seat 3: CashMonki folded before Flop (didn't bet)
Seat 4: bictor308 folded on the River
Seat 6: FagnerRatix (button) folded before Flop (didn't bet)
Seat 7: lucifergaia (small blind) folded on the Flop
Seat 8: Dorex2007 (big blind) folded before Flop
Seat 9: Toti Davalos collected ($0.94)



PokerStars Hand #238446575421:  Hold'em No Limit ($0.02/$0.05 USD) - 2022/09/05 20:29:47 PT [2022/09/05 23:29:47 ET]
Table 'Raphaela' 9-max Seat #7 is the button
Seat 1: Maria1995587 ($4.44 in chips) 
Seat 2: gio119 ($5.09 in chips) 
Seat 3: CashMonki ($7.20 in chips) 
Seat 4: bictor308 ($1.41 in chips) 
Seat 5: Sr ÁviIa ($4 in chips) 
Seat 6: FagnerRatix ($4.46 in chips) 
Seat 7: lucifergaia ($5 in chips) 
Seat 8: Dorex2007 ($5 in chips) 
Seat 9: Toti Davalos ($6.03 in chips) 
Dorex2007: posts small blind $0.02
Toti Davalos: posts big blind $0.05
Sr ÁviIa: posts big blind $0.05
*** HOLE CARDS ***
Dealt to Dorex2007 [5s Kh]
Maria1995587: raises $0.10 to $0.15
gio119: folds 
CashMonki: folds 
bictor308: calls $0.15
Sr ÁviIa: folds 
FagnerRatix: folds 
lucifergaia: folds 
Dorex2007: folds 
Toti Davalos: folds 
*** FLOP *** [9h Td Jc]
Maria1995587: checks 
bictor308: checks 
*** TURN *** [9h Td Jc] [Ah]
Maria1995587: bets $0.25
bictor308: calls $0.25
*** RIVER *** [9h Td Jc Ah] [Js]
Maria1995587: bets $0.44
bictor308: folds 
Uncalled bet ($0.44) returned to Maria1995587
Maria1995587 collected $0.88 from pot
*** SUMMARY ***
Total pot $0.92 | Rake $0.04 
Board [9h Td Jc Ah Js]
Seat 1: Maria1995587 collected ($0.88)
Seat 2: gio119 folded before Flop (didn't bet)
Seat 3: CashMonki folded before Flop (didn't bet)
Seat 4: bictor308 folded on the River
Seat 5: Sr ÁviIa folded before Flop (didn't bet)
Seat 6: FagnerRatix folded before Flop (didn't bet)
Seat 7: lucifergaia (button) folded before Flop (didn't bet)
Seat 8: Dorex2007 (small blind) folded before Flop
Seat 9: Toti Davalos (big blind) folded before Flop



PokerStars Hand #238446582865:  Hold'em No Limit ($0.02/$0.05 USD) - 2022/09/05 20:30:41 PT [2022/09/05 23:30:41 ET]
Table 'Raphaela' 9-max Seat #8 is the button
Seat 1: Maria1995587 ($4.92 in chips) 
Seat 2: gio119 ($5.09 in chips) 
Seat 3: CashMonki ($7.20 in chips) 
Seat 4: bictor308 ($1.01 in chips) 
Seat 5: Sr ÁviIa ($3.95 in chips) 
Seat 6: FagnerRatix ($4.46 in chips) 
Seat 7: lucifergaia ($5 in chips) 
Seat 8: Dorex2007 ($5 in chips) 
Seat 9: Toti Davalos ($5.98 in chips) 
Toti Davalos: posts small blind $0.02
Maria1995587: posts big blind $0.05
*** HOLE CARDS ***
Dealt to Dorex2007 [Qc 3s]
gio119: folds 
CashMonki: calls $0.05
bictor308: folds 
Sr ÁviIa: folds 
FagnerRatix: raises $0.17 to $0.22
lucifergaia: folds 
Dorex2007: folds 
Toti Davalos: calls $0.20
Maria1995587: folds 
CashMonki: calls $0.17
*** FLOP *** [3d 8h 5c]
Toti Davalos: checks 
CashMonki: bets $0.34
FagnerRatix: raises $1.36 to $1.70
Toti Davalos: folds 
CashMonki: folds 
Uncalled bet ($1.36) returned to FagnerRatix
FagnerRatix collected $1.33 from pot
FagnerRatix: doesn't show hand 
*** SUMMARY ***
Total pot $1.39 | Rake $0.06 
Board [3d 8h 5c]
Seat 1: Maria1995587 (big blind) folded before Flop
Seat 2: gio119 folded before Flop (didn't bet)
Seat 3: CashMonki folded on the Flop
Seat 4: bictor308 folded before Flop (didn't bet)
Seat 5: Sr ÁviIa folded before Flop (didn't bet)
Seat 6: FagnerRatix collected ($1.33)
Seat 7: lucifergaia folded before Flop (didn't bet)
Seat 8: Dorex2007 (button) folded before Flop (didn't bet)
Seat 9: Toti Davalos (small blind) folded on the Flop



PokerStars Hand #238446591458:  Hold'em No Limit ($0.02/$0.05 USD) - 2022/09/05 20:31:44 PT [2022/09/05 23:31:44 ET]
Table 'Raphaela' 9-max Seat #9 is the button
Seat 1: Maria1995587 ($4.87 in chips) 
Seat 2: gio119 ($5.09 in chips) 
Seat 3: CashMonki ($6.64 in chips) 
Seat 4: bictor308 ($1.01 in chips) 
Seat 5: Sr ÁviIa ($3.95 in chips) 
Seat 6: FagnerRatix ($5.23 in chips) 
Seat 7: lucifergaia ($5 in chips) 
Seat 8: Dorex2007 ($5 in chips) 
Seat 9: Toti Davalos ($5.76 in chips) 
Maria1995587: posts small blind $0.02
gio119: posts big blind $0.05
*** HOLE CARDS ***
Dealt to Dorex2007 [As Td]
CashMonki: calls $0.05
bictor308: raises $0.05 to $0.10
Sr ÁviIa: calls $0.10
FagnerRatix: folds 
lucifergaia: folds 
Dorex2007: calls $0.10
Toti Davalos: folds 
Maria1995587: calls $0.08
gio119: folds 
CashMonki: calls $0.05
*** FLOP *** [Js 8c Qd]
Maria1995587: checks 
CashMonki: bets $0.26
bictor308: folds 
Sr ÁviIa: folds 
Dorex2007: folds 
Maria1995587: calls $0.26
*** TURN *** [Js 8c Qd] [7c]
Maria1995587: checks 
CashMonki: bets $0.51
Maria1995587: folds 
Uncalled bet ($0.51) returned to CashMonki
CashMonki collected $1.03 from pot
CashMonki: doesn't show hand 
*** SUMMARY ***
Total pot $1.07 | Rake $0.04 
Board [Js 8c Qd 7c]
Seat 1: Maria1995587 (small blind) folded on the Turn
Seat 2: gio119 (big blind) folded before Flop
Seat 3: CashMonki collected ($1.03)
Seat 4: bictor308 folded on the Flop
Seat 5: Sr ÁviIa folded on the Flop
Seat 6: FagnerRatix folded before Flop (didn't bet)
Seat 7: lucifergaia folded before Flop (didn't bet)
Seat 8: Dorex2007 folded on the Flop
Seat 9: Toti Davalos (button) folded before Flop (didn't bet)



PokerStars Hand #238446600012:  Hold'em No Limit ($0.02/$0.05 USD) - 2022/09/05 20:32:45 PT [2022/09/05 23:32:45 ET]
Table 'Raphaela' 9-max Seat #1 is the button
Seat 1: Maria1995587 ($4.51 in chips) 
Seat 2: gio119 ($5.04 in chips) 
Seat 3: CashMonki ($7.31 in chips) 
Seat 4: bictor308 ($0.91 in chips) 
Seat 5: Sr ÁviIa ($3.85 in chips) 
Seat 6: FagnerRatix ($5.23 in chips) 
Seat 7: lucifergaia ($5 in chips) 
Seat 8: Dorex2007 ($5 in chips) 
Seat 9: Toti Davalos ($5.76 in chips) 
gio119: posts small blind $0.02
CashMonki: posts big blind $0.05
*** HOLE CARDS ***
Dealt to Dorex2007 [9d Qs]
bictor308: folds 
Sr ÁviIa: folds 
FagnerRatix: folds 
lucifergaia: folds 
Dorex2007: folds 
Toti Davalos: folds 
Maria1995587: folds 
gio119: calls $0.03
CashMonki: checks 
*** FLOP *** [Kc 4h 9h]
gio119: checks 
CashMonki: checks 
*** TURN *** [Kc 4h 9h] [Ts]
gio119: bets $0.05
CashMonki: calls $0.05
*** RIVER *** [Kc 4h 9h Ts] [Js]
gio119: checks 
CashMonki: bets $0.19
gio119: folds 
Uncalled bet ($0.19) returned to CashMonki
CashMonki collected $0.19 from pot
CashMonki: doesn't show hand 
*** SUMMARY ***
Total pot $0.20 | Rake $0.01 
Board [Kc 4h 9h Ts Js]
Seat 1: Maria1995587 (button) folded before Flop (didn't bet)
Seat 2: gio119 (small blind) folded on the River
Seat 3: CashMonki (big blind) collected ($0.19)
Seat 4: bictor308 folded before Flop (didn't bet)
Seat 5: Sr ÁviIa folded before Flop (didn't bet)
Seat 6: FagnerRatix folded before Flop (didn't bet)
Seat 7: lucifergaia folded before Flop (didn't bet)
Seat 8: Dorex2007 folded before Flop (didn't bet)
Seat 9: Toti Davalos folded before Flop (didn't bet)



PokerStars Hand #238446610028:  Hold'em No Limit ($0.02/$0.05 USD) - 2022/09/05 20:33:58 PT [2022/09/05 23:33:58 ET]
Table 'Raphaela' 9-max Seat #2 is the button
Seat 1: Maria1995587 ($4.51 in chips) 
Seat 2: gio119 ($5 in chips) 
Seat 3: CashMonki ($7.40 in chips) 
Seat 4: bictor308 ($0.91 in chips) 
Seat 5: Sr ÁviIa ($3.85 in chips) 
Seat 6: FagnerRatix ($5.23 in chips) 
Seat 7: lucifergaia ($5 in chips) 
Seat 8: Dorex2007 ($5 in chips) 
Seat 9: Toti Davalos ($5.76 in chips) 
CashMonki: posts small blind $0.02
bictor308: posts big blind $0.05
*** HOLE CARDS ***
Dealt to Dorex2007 [4s 9h]
Sr ÁviIa: folds 
FagnerRatix: folds 
lucifergaia: raises $0.12 to $0.17
Dorex2007: folds 
Toti Davalos: folds 
Maria1995587: folds 
gio119: folds 
CashMonki: folds 
bictor308: raises $0.36 to $0.53
lucifergaia: folds 
Uncalled bet ($0.36) returned to bictor308
bictor308 collected $0.36 from pot
bictor308: doesn't show hand 
*** SUMMARY ***
Total pot $0.36 | Rake $0 
Seat 1: Maria1995587 folded before Flop (didn't bet)
Seat 2: gio119 (button) folded before Flop (didn't bet)
Seat 3: CashMonki (small blind) folded before Flop
Seat 4: bictor308 (big blind) collected ($0.36)
Seat 5: Sr ÁviIa folded before Flop (didn't bet)
Seat 6: FagnerRatix folded before Flop (didn't bet)
Seat 7: lucifergaia folded before Flop
Seat 8: Dorex2007 folded before Flop (didn't bet)
Seat 9: Toti Davalos folded before Flop (didn't bet)



PokerStars Hand #238446616350:  Hold'em No Limit ($0.02/$0.05 USD) - 2022/09/05 20:34:44 PT [2022/09/05 23:34:44 ET]
Table 'Raphaela' 9-max Seat #3 is the button
Seat 1: Maria1995587 ($4.51 in chips) 
Seat 2: gio119 ($5 in chips) 
Seat 3: CashMonki ($7.38 in chips) 
Seat 4: bictor308 ($1.10 in chips) 
Seat 5: Sr ÁviIa ($3.85 in chips) 
Seat 6: FagnerRatix ($5.23 in chips) 
Seat 7: lucifergaia ($5 in chips) 
Seat 8: Dorex2007 ($5 in chips) 
Seat 9: Toti Davalos ($5.76 in chips) 
bictor308: posts small blind $0.02
Sr ÁviIa: posts big blind $0.05
*** HOLE CARDS ***
Dealt to Dorex2007 [9c 9h]
FagnerRatix: folds 
lucifergaia: folds 
Dorex2007: raises $0.05 to $0.10
FagnerRatix leaves the table
Toti Davalos: calls $0.10
Maria1995587: calls $0.10
gio119: folds 
CashMonki: folds 
bictor308: folds 
Sr ÁviIa: calls $0.05
*** FLOP *** [Ac 9s Qd]
Sr ÁviIa: checks 
Dorex2007: bets $0.60
Toti Davalos: folds 
Maria1995587: folds 
Sr ÁviIa: folds 
Uncalled bet ($0.60) returned to Dorex2007
Dorex2007 collected $0.40 from pot
Dorex2007: doesn't show hand 
*** SUMMARY ***
Total pot $0.42 | Rake $0.02 
Board [Ac 9s Qd]
Seat 1: Maria1995587 folded on the Flop
Seat 2: gio119 folded before Flop (didn't bet)
Seat 3: CashMonki (button) folded before Flop (didn't bet)
Seat 4: bictor308 (small blind) folded before Flop
Seat 5: Sr ÁviIa (big blind) folded on the Flop
Seat 6: FagnerRatix folded before Flop (didn't bet)
Seat 7: lucifergaia folded before Flop (didn't bet)
Seat 8: Dorex2007 collected ($0.40)
Seat 9: Toti Davalos folded on the Flop



PokerStars Hand #238446627100:  Hold'em No Limit ($0.02/$0.05 USD) - 2022/09/05 20:36:01 PT [2022/09/05 23:36:01 ET]
Table 'Raphaela' 9-max Seat #4 is the button
Seat 1: Maria1995587 ($4.41 in chips) 
Seat 2: gio119 ($5 in chips) 
Seat 3: CashMonki ($7.38 in chips) 
Seat 4: bictor308 ($1.08 in chips) 
Seat 5: Sr ÁviIa ($3.75 in chips) 
Seat 7: lucifergaia ($5 in chips) 
Seat 8: Dorex2007 ($5.30 in chips) 
Seat 9: Toti Davalos ($5.66 in chips) 
Sr ÁviIa: posts small blind $0.02
lucifergaia: posts big blind $0.05
*** HOLE CARDS ***
Dealt to Dorex2007 [6c 2c]
Dorex2007: folds 
Toti Davalos has timed out
Toti Davalos: folds 
Maria1995587: folds 
gio119 has timed out
gio119: folds 
CashMonki: calls $0.05
bictor308 is disconnected 
bictor308 is connected 
bictor308: calls $0.05
Sr ÁviIa: raises $0.15 to $0.20
lucifergaia: folds 
CashMonki: folds 
bictor308: calls $0.15
*** FLOP *** [8c 6d 5h]
Sr ÁviIa: bets $0.48
bictor308: folds 
Uncalled bet ($0.48) returned to Sr ÁviIa
Sr ÁviIa collected $0.48 from pot
Sr ÁviIa: doesn't show hand 
*** SUMMARY ***
Total pot $0.50 | Rake $0.02 
Board [8c 6d 5h]
Seat 1: Maria1995587 folded before Flop (didn't bet)
Seat 2: gio119 folded before Flop (didn't bet)
Seat 3: CashMonki folded before Flop
Seat 4: bictor308 (button) folded on the Flop
Seat 5: Sr ÁviIa (small blind) collected ($0.48)
Seat 7: lucifergaia (big blind) folded before Flop
Seat 8: Dorex2007 folded before Flop (didn't bet)
Seat 9: Toti Davalos folded before Flop (didn't bet)



PokerStars Hand #238446636114:  Hold'em No Limit ($0.02/$0.05 USD) - 2022/09/05 20:37:06 PT [2022/09/05 23:37:06 ET]
Table 'Raphaela' 9-max Seat #5 is the button
Seat 1: Maria1995587 ($4.41 in chips) 
Seat 3: CashMonki ($7.33 in chips) 
Seat 4: bictor308 ($0.88 in chips) 
Seat 5: Sr ÁviIa ($4.03 in chips) 
Seat 7: lucifergaia ($5 in chips) 
Seat 8: Dorex2007 ($5.30 in chips) 
Seat 9: Toti Davalos ($5.66 in chips) 
lucifergaia: posts small blind $0.02
Dorex2007: posts big blind $0.05
*** HOLE CARDS ***
Dealt to Dorex2007 [2h Qc]
Toti Davalos: folds 
Maria1995587: folds 
CashMonki: calls $0.05
bictor308: folds 
Sr ÁviIa: folds 
lucifergaia: folds 
Dorex2007: checks 
*** FLOP *** [8s 2d 3h]
Dorex2007: checks 
CashMonki: checks 
*** TURN *** [8s 2d 3h] [Td]
gio119 is disconnected 
Dorex2007: checks 
CashMonki: bets $0.12
Dorex2007: folds 
Uncalled bet ($0.12) returned to CashMonki
CashMonki collected $0.12 from pot
CashMonki: doesn't show hand 
*** SUMMARY ***
Total pot $0.12 | Rake $0 
Board [8s 2d 3h Td]
Seat 1: Maria1995587 folded before Flop (didn't bet)
Seat 3: CashMonki collected ($0.12)
Seat 4: bictor308 folded before Flop (didn't bet)
Seat 5: Sr ÁviIa (button) folded before Flop (didn't bet)
Seat 7: lucifergaia (small blind) folded before Flop
Seat 8: Dorex2007 (big blind) folded on the Turn
Seat 9: Toti Davalos folded before Flop (didn't bet)



PokerStars Hand #238446643667:  Hold'em No Limit ($0.02/$0.05 USD) - 2022/09/05 20:38:01 PT [2022/09/05 23:38:01 ET]
Table 'Raphaela' 9-max Seat #7 is the button
Seat 1: Maria1995587 ($4.41 in chips) 
Seat 3: CashMonki ($7.40 in chips) 
Seat 4: bictor308 ($0.88 in chips) 
Seat 5: Sr ÁviIa ($4.03 in chips) 
Seat 7: lucifergaia ($5 in chips) 
Seat 8: Dorex2007 ($5.25 in chips) 
Seat 9: Toti Davalos ($5.66 in chips) 
Dorex2007: posts small blind $0.02
Toti Davalos: posts big blind $0.05
*** HOLE CARDS ***
Dealt to Dorex2007 [3s 2s]
Maria1995587: folds 
CashMonki: calls $0.05
gio119 is disconnected 
bictor308 is disconnected 
bictor308 has timed out while being disconnected
bictor308: folds 
Sr ÁviIa: folds 
lucifergaia: folds 
Dorex2007: folds 
Toti Davalos: raises $0.10 to $0.15
CashMonki: calls $0.10
*** FLOP *** [As Td Qh]
Toti Davalos: checks 
CashMonki: checks 
*** TURN *** [As Td Qh] [5h]
Toti Davalos: bets $0.15
CashMonki: calls $0.15
*** RIVER *** [As Td Qh 5h] [4c]
Toti Davalos: bets $0.29
CashMonki: folds 
Uncalled bet ($0.29) returned to Toti Davalos
Toti Davalos collected $0.59 from pot
*** SUMMARY ***
Total pot $0.62 | Rake $0.03 
Board [As Td Qh 5h 4c]
Seat 1: Maria1995587 folded before Flop (didn't bet)
Seat 3: CashMonki folded on the River
Seat 4: bictor308 folded before Flop (didn't bet)
Seat 5: Sr ÁviIa folded before Flop (didn't bet)
Seat 7: lucifergaia (button) folded before Flop (didn't bet)
Seat 8: Dorex2007 (small blind) folded before Flop
Seat 9: Toti Davalos (big blind) collected ($0.59)



PokerStars Hand #238446655440:  Hold'em No Limit ($0.02/$0.05 USD) - 2022/09/05 20:39:28 PT [2022/09/05 23:39:28 ET]
Table 'Raphaela' 9-max Seat #8 is the button
Seat 1: Maria1995587 ($4.41 in chips) 
Seat 3: CashMonki ($7.10 in chips) 
Seat 4: bictor308 ($0.88 in chips) 
Seat 5: Sr ÁviIa ($4.03 in chips) 
Seat 7: lucifergaia ($5 in chips) 
Seat 8: Dorex2007 ($5.23 in chips) 
Seat 9: Toti Davalos ($5.95 in chips) 
Toti Davalos: posts small blind $0.02
Maria1995587: posts big blind $0.05
*** HOLE CARDS ***
Dealt to Dorex2007 [As Ts]
CashMonki: folds 
bictor308: calls $0.05
Sr ÁviIa: folds 
lucifergaia: folds 
Dorex2007: raises $0.10 to $0.15
Toti Davalos: folds 
Maria1995587: folds 
bictor308: raises $0.73 to $0.88 and is all-in
Dorex2007: calls $0.73
*** FLOP *** [7s 8s 5c]
*** TURN *** [7s 8s 5c] [Kd]
*** RIVER *** [7s 8s 5c Kd] [9c]
*** SHOW DOWN ***
bictor308: shows [Qs Ac] (high card Ace)
Dorex2007: shows [As Ts] (high card Ace - lower kicker)
bictor308 collected $1.75 from pot
Dorex2007 cashed out the hand for $0.51 | Cash Out Fee $0.01
*** SUMMARY ***
Total pot $1.83 | Rake $0.08 
Board [7s 8s 5c Kd 9c]
Seat 1: Maria1995587 (big blind) folded before Flop
Seat 3: CashMonki folded before Flop (didn't bet)
Seat 4: bictor308 showed [Qs Ac] and won ($1.75) with high card Ace
Seat 5: Sr ÁviIa folded before Flop (didn't bet)
Seat 7: lucifergaia folded before Flop (didn't bet)
Seat 8: Dorex2007 (button) showed [As Ts] and lost with high card Ace (cashed out).
Seat 9: Toti Davalos (small blind) folded before Flop



PokerStars Hand #238446662034:  Hold'em No Limit ($0.02/$0.05 USD) - 2022/09/05 20:40:17 PT [2022/09/05 23:40:17 ET]
Table 'Raphaela' 9-max Seat #9 is the button
Seat 1: Maria1995587 ($4.36 in chips) 
Seat 3: CashMonki ($7.10 in chips) 
Seat 4: bictor308 ($1.75 in chips) 
Seat 5: Sr ÁviIa ($4.03 in chips) 
Seat 7: lucifergaia ($5 in chips) 
Seat 8: Dorex2007 ($5 in chips) 
Seat 9: Toti Davalos ($5.93 in chips) 
Maria1995587: posts small blind $0.02
CashMonki: posts big blind $0.05
*** HOLE CARDS ***
Dealt to Dorex2007 [8d 5d]
bictor308 has timed out
bictor308: folds 
Sr ÁviIa: folds 
bictor308 is disconnected 
lucifergaia: raises $0.12 to $0.17
Dorex2007: folds 
Toti Davalos: folds 
Maria1995587: folds 
CashMonki: calls $0.12
*** FLOP *** [7d 5s 4s]
CashMonki: checks 
lucifergaia: checks 
*** TURN *** [7d 5s 4s] [7s]
CashMonki: checks 
lucifergaia: bets $0.26
CashMonki: calls $0.26
*** RIVER *** [7d 5s 4s 7s] [Tc]
CashMonki: bets $0.42
lucifergaia: folds 
Uncalled bet ($0.42) returned to CashMonki
CashMonki collected $0.84 from pot
CashMonki: doesn't show hand 
*** SUMMARY ***
Total pot $0.88 | Rake $0.04 
Board [7d 5s 4s 7s Tc]
Seat 1: Maria1995587 (small blind) folded before Flop
Seat 3: CashMonki (big blind) collected ($0.84)
Seat 4: bictor308 folded before Flop (didn't bet)
Seat 5: Sr ÁviIa folded before Flop (didn't bet)
Seat 7: lucifergaia folded on the River
Seat 8: Dorex2007 folded before Flop (didn't bet)
Seat 9: Toti Davalos (button) folded before Flop (didn't bet)



PokerStars Hand #238446674226:  Hold'em No Limit ($0.02/$0.05 USD) - 2022/09/05 20:41:48 PT [2022/09/05 23:41:48 ET]
Table 'Raphaela' 9-max Seat #1 is the button
Seat 1: Maria1995587 ($4.34 in chips) 
Seat 3: CashMonki ($7.51 in chips) 
Seat 5: Sr ÁviIa ($4.03 in chips) 
Seat 7: lucifergaia ($5 in chips) 
Seat 8: Dorex2007 ($5 in chips) 
Seat 9: Toti Davalos ($5.93 in chips) 
CashMonki: posts small blind $0.02
Sr ÁviIa: posts big blind $0.05
*** HOLE CARDS ***
Dealt to Dorex2007 [8s Js]
lucifergaia: folds 
Dorex2007: folds 
Toti Davalos: raises $0.10 to $0.15
Maria1995587: folds 
CashMonki: calls $0.13
Sr ÁviIa: folds 
*** FLOP *** [5c 2s 8h]
CashMonki: checks 
Toti Davalos: bets $0.17
CashMonki: folds 
Uncalled bet ($0.17) returned to Toti Davalos
Toti Davalos collected $0.34 from pot
*** SUMMARY ***
Total pot $0.35 | Rake $0.01 
Board [5c 2s 8h]
Seat 1: Maria1995587 (button) folded before Flop (didn't bet)
Seat 3: CashMonki (small blind) folded on the Flop
Seat 5: Sr ÁviIa (big blind) folded before Flop
Seat 7: lucifergaia folded before Flop (didn't bet)
Seat 8: Dorex2007 folded before Flop (didn't bet)
Seat 9: Toti Davalos collected ($0.34)



PokerStars Hand #238446680815:  Hold'em No Limit ($0.02/$0.05 USD) - 2022/09/05 20:42:37 PT [2022/09/05 23:42:37 ET]
Table 'Raphaela' 9-max Seat #3 is the button
Seat 1: Maria1995587 ($4.34 in chips) 
Seat 3: CashMonki ($7.36 in chips) 
Seat 5: Sr ÁviIa ($3.98 in chips) 
Seat 7: lucifergaia ($5 in chips) 
Seat 8: Dorex2007 ($5 in chips) 
Seat 9: Toti Davalos ($6.12 in chips) 
Sr ÁviIa: posts small blind $0.02
lucifergaia: posts big blind $0.05
*** HOLE CARDS ***
Dealt to Dorex2007 [Ah 2d]
Dorex2007: folds 
Toti Davalos: raises $0.10 to $0.15
Maria1995587: folds 
CashMonki: calls $0.15
WiseWolf71 joins the table at seat #6 
Sr ÁviIa: folds 
lucifergaia: folds 
*** FLOP *** [6h Jc Qs]
Toti Davalos: checks 
CashMonki: checks 
*** TURN *** [6h Jc Qs] [5h]
Toti Davalos: bets $0.17
CashMonki: calls $0.17
*** RIVER *** [6h Jc Qs 5h] [8s]
Toti Davalos: bets $0.34
CashMonki: folds 
Uncalled bet ($0.34) returned to Toti Davalos
Toti Davalos collected $0.68 from pot
*** SUMMARY ***
Total pot $0.71 | Rake $0.03 
Board [6h Jc Qs 5h 8s]
Seat 1: Maria1995587 folded before Flop (didn't bet)
Seat 3: CashMonki (button) folded on the River
Seat 5: Sr ÁviIa (small blind) folded before Flop
Seat 7: lucifergaia (big blind) folded before Flop
Seat 8: Dorex2007 folded before Flop (didn't bet)
Seat 9: Toti Davalos collected ($0.68)



PokerStars Hand #238446687525:  Hold'em No Limit ($0.02/$0.05 USD) - 2022/09/05 20:43:28 PT [2022/09/05 23:43:28 ET]
Table 'Raphaela' 9-max Seat #5 is the button
Seat 1: Maria1995587 ($4.34 in chips) 
Seat 3: CashMonki ($7.04 in chips) 
Seat 5: Sr ÁviIa ($3.96 in chips) 
Seat 7: lucifergaia ($5 in chips) 
Seat 8: Dorex2007 ($5 in chips) 
Seat 9: Toti Davalos ($6.48 in chips) 
lucifergaia: posts small blind $0.02
Dorex2007: posts big blind $0.05
*** HOLE CARDS ***
Dealt to Dorex2007 [Qc 4c]
Toti Davalos: folds 
Maria1995587: folds 
CashMonki: folds 
Sr ÁviIa: folds 
lucifergaia: raises $0.10 to $0.15
Dorex2007: folds 
Uncalled bet ($0.10) returned to lucifergaia
lucifergaia collected $0.10 from pot
lucifergaia: doesn't show hand 
*** SUMMARY ***
Total pot $0.10 | Rake $0 
Seat 1: Maria1995587 folded before Flop (didn't bet)
Seat 3: CashMonki folded before Flop (didn't bet)
Seat 5: Sr ÁviIa (button) folded before Flop (didn't bet)
Seat 7: lucifergaia (small blind) collected ($0.10)
Seat 8: Dorex2007 (big blind) folded before Flop
Seat 9: Toti Davalos folded before Flop (didn't bet)



PokerStars Hand #238446690779:  Hold'em No Limit ($0.02/$0.05 USD) - 2022/09/05 20:43:53 PT [2022/09/05 23:43:53 ET]
Table 'Raphaela' 9-max Seat #7 is the button
Seat 1: Maria1995587 ($4.34 in chips) 
Seat 3: CashMonki ($7.04 in chips) 
Seat 5: Sr ÁviIa ($3.96 in chips) 
Seat 7: lucifergaia ($5.05 in chips) 
Seat 8: Dorex2007 ($5 in chips) 
Seat 9: Toti Davalos ($6.48 in chips) 
Dorex2007: posts small blind $0.02
Toti Davalos: posts big blind $0.05
WiseWolf71: sits out 
*** HOLE CARDS ***
Dealt to Dorex2007 [6d 8d]
Maria1995587: calls $0.05
CashMonki: folds 
Sr ÁviIa: folds 
lucifergaia: folds 
Dorex2007: folds 
Toti Davalos: raises $0.10 to $0.15
Maria1995587: calls $0.10
*** FLOP *** [5c Jh 4c]
bictor308 is disconnected 
Toti Davalos: checks 
Maria1995587: checks 
*** TURN *** [5c Jh 4c] [4d]
Toti Davalos: checks 
Maria1995587: checks 
*** RIVER *** [5c Jh 4c 4d] [5d]
Toti Davalos: checks 
Maria1995587: bets $0.31
Toti Davalos: folds 
Uncalled bet ($0.31) returned to Maria1995587
Maria1995587 collected $0.31 from pot
Maria1995587: doesn't show hand 
*** SUMMARY ***
Total pot $0.32 | Rake $0.01 
Board [5c Jh 4c 4d 5d]
Seat 1: Maria1995587 collected ($0.31)
Seat 3: CashMonki folded before Flop (didn't bet)
Seat 5: Sr ÁviIa folded before Flop (didn't bet)
Seat 7: lucifergaia (button) folded before Flop (didn't bet)
Seat 8: Dorex2007 (small blind) folded before Flop
Seat 9: Toti Davalos (big blind) folded on the River



PokerStars Hand #238446695302:  Hold'em No Limit ($0.02/$0.05 USD) - 2022/09/05 20:44:28 PT [2022/09/05 23:44:28 ET]
Table 'Raphaela' 9-max Seat #8 is the button
Seat 1: Maria1995587 ($4.50 in chips) 
Seat 5: Sr ÁviIa ($3.96 in chips) 
Seat 7: lucifergaia ($5.05 in chips) 
Seat 8: Dorex2007 ($5 in chips) 
Seat 9: Toti Davalos ($6.33 in chips) 
Toti Davalos: posts small blind $0.02
Maria1995587: posts big blind $0.05
WiseWolf71: sits out 
*** HOLE CARDS ***
Dealt to Dorex2007 [3d Kc]
Sr ÁviIa: folds 
lucifergaia: folds 
Dorex2007: folds 
Toti Davalos: folds 
Uncalled bet ($0.03) returned to Maria1995587
Maria1995587 collected $0.04 from pot
*** SUMMARY ***
Total pot $0.04 | Rake $0 
Seat 1: Maria1995587 (big blind) collected ($0.04)
Seat 5: Sr ÁviIa folded before Flop (didn't bet)
Seat 7: lucifergaia folded before Flop (didn't bet)
Seat 8: Dorex2007 (button) folded before Flop (didn't bet)
Seat 9: Toti Davalos (small blind) folded before Flop



PokerStars Hand #238446696815:  Hold'em No Limit ($0.02/$0.05 USD) - 2022/09/05 20:44:39 PT [2022/09/05 23:44:39 ET]
Table 'Raphaela' 9-max Seat #9 is the button
Seat 1: Maria1995587 ($4.52 in chips) 
Seat 5: Sr ÁviIa ($3.96 in chips) 
Seat 7: lucifergaia ($5.05 in chips) 
Seat 8: Dorex2007 ($5 in chips) 
Seat 9: Toti Davalos ($6.31 in chips) 
Maria1995587: posts small blind $0.02
Sr ÁviIa: posts big blind $0.05
WiseWolf71: sits out 
*** HOLE CARDS ***
Dealt to Dorex2007 [9h Ad]
lucifergaia: folds 
Dorex2007: folds 
Toti Davalos has timed out
Toti Davalos: folds 
Maria1995587: calls $0.03
Sr ÁviIa: checks 
*** FLOP *** [Kd 8s 3d]
Maria1995587: checks 
Sr ÁviIa: bets $0.05
Maria1995587: calls $0.05
*** TURN *** [Kd 8s 3d] [8h]
Maria1995587: checks 
Sr ÁviIa: checks 
*** RIVER *** [Kd 8s 3d 8h] [3s]
Maria1995587: checks 
Sr ÁviIa: checks 
*** SHOW DOWN ***
Maria1995587: shows [2d Td] (two pair, Eights and Threes)
Sr ÁviIa: shows [5d Ah] (two pair, Eights and Threes - Ace kicker)
Sr ÁviIa collected $0.19 from pot
*** SUMMARY ***
Total pot $0.20 | Rake $0.01 
Board [Kd 8s 3d 8h 3s]
Seat 1: Maria1995587 (small blind) showed [2d Td] and lost with two pair, Eights and Threes
Seat 5: Sr ÁviIa (big blind) showed [5d Ah] and won ($0.19) with two pair, Eights and Threes
Seat 7: lucifergaia folded before Flop (didn't bet)
Seat 8: Dorex2007 folded before Flop (didn't bet)
Seat 9: Toti Davalos (button) folded before Flop (didn't bet)



PokerStars Hand #238446703054:  Hold'em No Limit ($0.02/$0.05 USD) - 2022/09/05 20:45:25 PT [2022/09/05 23:45:25 ET]
Table 'Raphaela' 9-max Seat #1 is the button
Seat 1: Maria1995587 ($4.42 in chips) 
Seat 5: Sr ÁviIa ($4.05 in chips) 
Seat 6: WiseWolf71 ($5 in chips) 
Seat 7: lucifergaia ($5.05 in chips) 
Seat 8: Dorex2007 ($5 in chips) 
Seat 9: Toti Davalos ($6.31 in chips) 
Sr ÁviIa: posts small blind $0.02
WiseWolf71: posts big blind $0.05
*** HOLE CARDS ***
Dealt to Dorex2007 [Ks 2h]
lucifergaia: folds 
Dorex2007: folds 
Toti Davalos: raises $0.10 to $0.15
Maria1995587: calls $0.15
Sr ÁviIa: folds 
WiseWolf71: calls $0.10
*** FLOP *** [5h Jh 6d]
WiseWolf71: checks 
Toti Davalos: bets $0.22
Maria1995587: calls $0.22
WiseWolf71: folds 
*** TURN *** [5h Jh 6d] [8d]
Toti Davalos: checks 
Maria1995587: checks 
*** RIVER *** [5h Jh 6d 8d] [2s]
Toti Davalos: checks 
Maria1995587: checks 
*** SHOW DOWN ***
Toti Davalos: shows [Kh 8h] (a pair of Eights)
Maria1995587: mucks hand 
Toti Davalos collected $0.87 from pot
*** SUMMARY ***
Total pot $0.91 | Rake $0.04 
Board [5h Jh 6d 8d 2s]
Seat 1: Maria1995587 (button) mucked [Ac 5c]
Seat 5: Sr ÁviIa (small blind) folded before Flop
Seat 6: WiseWolf71 (big blind) folded on the Flop
Seat 7: lucifergaia folded before Flop (didn't bet)
Seat 8: Dorex2007 folded before Flop (didn't bet)
Seat 9: Toti Davalos showed [Kh 8h] and won ($0.87) with a pair of Eights



PokerStars Hand #238446709232:  Hold'em No Limit ($0.02/$0.05 USD) - 2022/09/05 20:46:12 PT [2022/09/05 23:46:12 ET]
Table 'Raphaela' 9-max Seat #5 is the button
Seat 1: Maria1995587 ($4.05 in chips) 
Seat 5: Sr ÁviIa ($4.03 in chips) 
Seat 6: WiseWolf71 ($4.85 in chips) 
Seat 7: lucifergaia ($5.05 in chips) 
Seat 8: Dorex2007 ($5 in chips) 
Seat 9: Toti Davalos ($6.81 in chips) 
WiseWolf71: posts small blind $0.02
lucifergaia: posts big blind $0.05
*** HOLE CARDS ***
Dealt to Dorex2007 [4h Td]
Dorex2007: folds 
Toti Davalos: folds 
Maria1995587: calls $0.05
Sr ÁviIa: calls $0.05
WiseWolf71: folds 
lucifergaia: checks 
*** FLOP *** [5c Qs 4s]
lucifergaia: checks 
Maria1995587: checks 
Sr ÁviIa: checks 
*** TURN *** [5c Qs 4s] [3s]
lucifergaia: checks 
Maria1995587: checks 
Sr ÁviIa: bets $0.16
lucifergaia: folds 
Maria1995587: folds 
Uncalled bet ($0.16) returned to Sr ÁviIa
Sr ÁviIa collected $0.16 from pot
Sr ÁviIa: doesn't show hand 
*** SUMMARY ***
Total pot $0.17 | Rake $0.01 
Board [5c Qs 4s 3s]
Seat 1: Maria1995587 folded on the Turn
Seat 5: Sr ÁviIa (button) collected ($0.16)
Seat 6: WiseWolf71 (small blind) folded before Flop
Seat 7: lucifergaia (big blind) folded on the Turn
Seat 8: Dorex2007 folded before Flop (didn't bet)
Seat 9: Toti Davalos folded before Flop (didn't bet)



PokerStars Hand #238446714380:  Hold'em No Limit ($0.02/$0.05 USD) - 2022/09/05 20:46:51 PT [2022/09/05 23:46:51 ET]
Table 'Raphaela' 9-max Seat #6 is the button
Seat 1: Maria1995587 ($4 in chips) 
Seat 5: Sr ÁviIa ($4.14 in chips) 
Seat 6: WiseWolf71 ($4.83 in chips) 
Seat 7: lucifergaia ($5 in chips) 
Seat 8: Dorex2007 ($5 in chips) 
Seat 9: Toti Davalos ($6.81 in chips) 
lucifergaia: posts small blind $0.02
Dorex2007: posts big blind $0.05
*** HOLE CARDS ***
Dealt to Dorex2007 [Qd Th]
Toti Davalos has timed out
Toti Davalos: folds 
Maria1995587: folds 
Sr ÁviIa: raises $0.05 to $0.10
WiseWolf71: folds 
lucifergaia: folds 
Dorex2007: calls $0.05
*** FLOP *** [7c 4c 2h]
Dorex2007: checks 
Sr ÁviIa: bets $0.21
Dorex2007: folds 
Uncalled bet ($0.21) returned to Sr ÁviIa
Sr ÁviIa collected $0.21 from pot
Sr ÁviIa: doesn't show hand 
*** SUMMARY ***
Total pot $0.22 | Rake $0.01 
Board [7c 4c 2h]
Seat 1: Maria1995587 folded before Flop (didn't bet)
Seat 5: Sr ÁviIa collected ($0.21)
Seat 6: WiseWolf71 (button) folded before Flop (didn't bet)
Seat 7: lucifergaia (small blind) folded before Flop
Seat 8: Dorex2007 (big blind) folded on the Flop
Seat 9: Toti Davalos folded before Flop (didn't bet)



PokerStars Hand #238446718302:  Hold'em No Limit ($0.02/$0.05 USD) - 2022/09/05 20:47:20 PT [2022/09/05 23:47:20 ET]
Table 'Raphaela' 9-max Seat #7 is the button
Seat 1: Maria1995587 ($4 in chips) 
Seat 5: Sr ÁviIa ($4.25 in chips) 
Seat 6: WiseWolf71 ($4.83 in chips) 
Seat 7: lucifergaia ($5 in chips) 
Seat 8: Dorex2007 ($5 in chips) 
Seat 9: Toti Davalos ($6.81 in chips) 
Dorex2007: posts small blind $0.02
Toti Davalos: posts big blind $0.05
*** HOLE CARDS ***
Dealt to Dorex2007 [2d 2h]
Maria1995587: folds 
Sr ÁviIa: folds 
WiseWolf71: folds 
lucifergaia: raises $0.12 to $0.17
Dorex2007: folds 
Toti Davalos: folds 
Uncalled bet ($0.12) returned to lucifergaia
lucifergaia collected $0.12 from pot
lucifergaia: doesn't show hand 
*** SUMMARY ***
Total pot $0.12 | Rake $0 
Seat 1: Maria1995587 folded before Flop (didn't bet)
Seat 5: Sr ÁviIa folded before Flop (didn't bet)
Seat 6: WiseWolf71 folded before Flop (didn't bet)
Seat 7: lucifergaia (button) collected ($0.12)
Seat 8: Dorex2007 (small blind) folded before Flop
Seat 9: Toti Davalos (big blind) folded before Flop



PokerStars Hand #238446719925:  Hold'em No Limit ($0.02/$0.05 USD) - 2022/09/05 20:47:33 PT [2022/09/05 23:47:33 ET]
Table 'Raphaela' 9-max Seat #8 is the button
Seat 1: Maria1995587 ($4 in chips) 
Seat 5: Sr ÁviIa ($4.25 in chips) 
Seat 6: WiseWolf71 ($4.83 in chips) 
Seat 7: lucifergaia ($5.07 in chips) 
Seat 8: Dorex2007 ($5 in chips) 
Seat 9: Toti Davalos ($6.76 in chips) 
Toti Davalos: posts small blind $0.02
Maria1995587: posts big blind $0.05
*** HOLE CARDS ***
Dealt to Dorex2007 [2c Ah]
Sr ÁviIa: folds 
WiseWolf71: folds 
lucifergaia: folds 
Dorex2007: folds 
Toti Davalos: folds 
Uncalled bet ($0.03) returned to Maria1995587
Maria1995587 collected $0.04 from pot
Maria1995587: doesn't show hand 
*** SUMMARY ***
Total pot $0.04 | Rake $0 
Seat 1: Maria1995587 (big blind) collected ($0.04)
Seat 5: Sr ÁviIa folded before Flop (didn't bet)
Seat 6: WiseWolf71 folded before Flop (didn't bet)
Seat 7: lucifergaia folded before Flop (didn't bet)
Seat 8: Dorex2007 (button) folded before Flop (didn't bet)
Seat 9: Toti Davalos (small blind) folded before Flop



PokerStars Hand #238446722021:  Hold'em No Limit ($0.02/$0.05 USD) - 2022/09/05 20:47:49 PT [2022/09/05 23:47:49 ET]
Table 'Raphaela' 9-max Seat #9 is the button
Seat 1: Maria1995587 ($4.02 in chips) 
Seat 5: Sr ÁviIa ($4.25 in chips) 
Seat 6: WiseWolf71 ($4.83 in chips) 
Seat 7: lucifergaia ($5.07 in chips) 
Seat 8: Dorex2007 ($5 in chips) 
Seat 9: Toti Davalos ($6.74 in chips) 
Maria1995587: posts small blind $0.02
Sr ÁviIa: posts big blind $0.05
*** HOLE CARDS ***
Dealt to Dorex2007 [Kc 2d]
bictor308 is disconnected 
WiseWolf71: calls $0.05
lucifergaia: folds 
Dorex2007: folds 
Toti Davalos has timed out
Toti Davalos: folds 
Maria1995587: raises $0.17 to $0.22
Sr ÁviIa: folds 
gio119 leaves the table
WiseWolf71: folds 
Uncalled bet ($0.17) returned to Maria1995587
Maria1995587 collected $0.15 from pot
Maria1995587: doesn't show hand 
*** SUMMARY ***
Total pot $0.15 | Rake $0 
Seat 1: Maria1995587 (small blind) collected ($0.15)
Seat 5: Sr ÁviIa (big blind) folded before Flop
Seat 6: WiseWolf71 folded before Flop
Seat 7: lucifergaia folded before Flop (didn't bet)
Seat 8: Dorex2007 folded before Flop (didn't bet)
Seat 9: Toti Davalos (button) folded before Flop (didn't bet)



PokerStars Hand #238446726498:  Hold'em No Limit ($0.02/$0.05 USD) - 2022/09/05 20:48:22 PT [2022/09/05 23:48:22 ET]
Table 'Raphaela' 9-max Seat #1 is the button
Seat 1: Maria1995587 ($4.12 in chips) 
Seat 5: Sr ÁviIa ($4.20 in chips) 
Seat 6: WiseWolf71 ($4.78 in chips) 
Seat 7: lucifergaia ($5.07 in chips) 
Seat 8: Dorex2007 ($5 in chips) 
Sr ÁviIa: posts small blind $0.02
WiseWolf71: posts big blind $0.05
*** HOLE CARDS ***
Dealt to Dorex2007 [6h 7d]
lucifergaia: raises $0.12 to $0.17
Dorex2007: folds 
Maria1995587: folds 
Sr ÁviIa: folds 
WiseWolf71: folds 
Uncalled bet ($0.12) returned to lucifergaia
lucifergaia collected $0.12 from pot
lucifergaia: doesn't show hand 
*** SUMMARY ***
Total pot $0.12 | Rake $0 
Seat 1: Maria1995587 (button) folded before Flop (didn't bet)
Seat 5: Sr ÁviIa (small blind) folded before Flop
Seat 6: WiseWolf71 (big blind) folded before Flop
Seat 7: lucifergaia collected ($0.12)
Seat 8: Dorex2007 folded before Flop (didn't bet)



PokerStars Hand #238446727883:  Hold'em No Limit ($0.02/$0.05 USD) - 2022/09/05 20:48:32 PT [2022/09/05 23:48:32 ET]
Table 'Raphaela' 9-max Seat #5 is the button
Seat 1: Maria1995587 ($4.12 in chips) 
Seat 4: bictor308 ($1.75 in chips) 
Seat 5: Sr ÁviIa ($4.18 in chips) 
Seat 6: WiseWolf71 ($4.73 in chips) 
Seat 7: lucifergaia ($5.14 in chips) 
Seat 8: Dorex2007 ($5 in chips) 
Seat 9: Toti Davalos ($6.74 in chips) 
WiseWolf71: posts small blind $0.02
lucifergaia: posts big blind $0.05
bictor308: posts small & big blinds $0.07
*** HOLE CARDS ***
Dealt to Dorex2007 [Ah Kh]
Dorex2007: raises $0.19 to $0.24
MuppetsRUsInc joins the table at seat #2 
Toti Davalos: folds 
Maria1995587: folds 
Maria1995587 leaves the table
bictor308: folds 
Sr ÁviIa: folds 
WiseWolf71: folds 
lucifergaia: folds 
Uncalled bet ($0.19) returned to Dorex2007
Dorex2007 collected $0.19 from pot
Dorex2007: doesn't show hand 
*** SUMMARY ***
Total pot $0.19 | Rake $0 
Seat 1: Maria1995587 folded before Flop (didn't bet)
Seat 4: bictor308 folded before Flop (didn't bet)
Seat 5: Sr ÁviIa (button) folded before Flop (didn't bet)
Seat 6: WiseWolf71 (small blind) folded before Flop
Seat 7: lucifergaia (big blind) folded before Flop
Seat 8: Dorex2007 collected ($0.19)
Seat 9: Toti Davalos folded before Flop (didn't bet)



PokerStars Hand #238446731402:  Hold'em No Limit ($0.02/$0.05 USD) - 2022/09/05 20:48:59 PT [2022/09/05 23:48:59 ET]
Table 'Raphaela' 9-max Seat #6 is the button
Seat 4: bictor308 ($1.68 in chips) 
Seat 5: Sr ÁviIa ($4.18 in chips) 
Seat 6: WiseWolf71 ($4.71 in chips) 
Seat 7: lucifergaia ($5.09 in chips) 
Seat 8: Dorex2007 ($5.14 in chips) 
Seat 9: Toti Davalos ($6.74 in chips) 
lucifergaia: posts small blind $0.02
Dorex2007: posts big blind $0.05
MuppetsRUsInc: sits out 
*** HOLE CARDS ***
Dealt to Dorex2007 [8d Qs]
BlueLayzaAlice joins the table at seat #1 
Toti Davalos: raises $0.10 to $0.15
bictor308: folds 
Sr ÁviIa: folds 
WiseWolf71: folds 
lucifergaia: folds 
Dorex2007: folds 
Uncalled bet ($0.10) returned to Toti Davalos
Toti Davalos collected $0.12 from pot
*** SUMMARY ***
Total pot $0.12 | Rake $0 
Seat 4: bictor308 folded before Flop (didn't bet)
Seat 5: Sr ÁviIa folded before Flop (didn't bet)
Seat 6: WiseWolf71 (button) folded before Flop (didn't bet)
Seat 7: lucifergaia (small blind) folded before Flop
Seat 8: Dorex2007 (big blind) folded before Flop
Seat 9: Toti Davalos collected ($0.12)



PokerStars Hand #238446733658:  Hold'em No Limit ($0.02/$0.05 USD) - 2022/09/05 20:49:16 PT [2022/09/05 23:49:16 ET]
Table 'Raphaela' 9-max Seat #7 is the button
Seat 4: bictor308 ($1.68 in chips) 
Seat 5: Sr ÁviIa ($4.18 in chips) 
Seat 6: WiseWolf71 ($4.71 in chips) 
Seat 7: lucifergaia ($5.07 in chips) 
Seat 8: Dorex2007 ($5.09 in chips) 
Seat 9: Toti Davalos ($6.81 in chips) 
Dorex2007: posts small blind $0.02
Toti Davalos: posts big blind $0.05
BlueLayzaAlice: sits out 
MuppetsRUsInc: sits out 
*** HOLE CARDS ***
Dealt to Dorex2007 [3s 6s]
bictor308: calls $0.05
Sr ÁviIa: folds 
WiseWolf71: calls $0.05
lucifergaia: folds 
Dorex2007: folds 
Toti Davalos: raises $0.20 to $0.25
bictor308: calls $0.20
BlueLayzaAlice leaves the table
WiseWolf71: folds 
*** FLOP *** [7s Qd Kd]
Toti Davalos: checks 
bictor308: bets $0.27
Toti Davalos: folds 
Uncalled bet ($0.27) returned to bictor308
bictor308 collected $0.55 from pot
bictor308: doesn't show hand 
*** SUMMARY ***
Total pot $0.57 | Rake $0.02 
Board [7s Qd Kd]
Seat 4: bictor308 collected ($0.55)
Seat 5: Sr ÁviIa folded before Flop (didn't bet)
Seat 6: WiseWolf71 folded before Flop
Seat 7: lucifergaia (button) folded before Flop (didn't bet)
Seat 8: Dorex2007 (small blind) folded before Flop
Seat 9: Toti Davalos (big blind) folded on the Flop



PokerStars Hand #238446739087:  Hold'em No Limit ($0.02/$0.05 USD) - 2022/09/05 20:49:57 PT [2022/09/05 23:49:57 ET]
Table 'Raphaela' 9-max Seat #8 is the button
Seat 2: MuppetsRUsInc ($4 in chips) 
Seat 4: bictor308 ($1.98 in chips) 
Seat 5: Sr ÁviIa ($4.18 in chips) 
Seat 6: WiseWolf71 ($4.66 in chips) 
Seat 7: lucifergaia ($5.07 in chips) 
Seat 8: Dorex2007 ($5.07 in chips) 
Seat 9: Toti Davalos ($6.56 in chips) 
Toti Davalos: posts small blind $0.02
MuppetsRUsInc: posts big blind $0.05
*** HOLE CARDS ***
Dealt to Dorex2007 [Ks Ts]
bictor308: folds 
Sr ÁviIa: folds 
WiseWolf71: folds 
lucifergaia: raises $0.12 to $0.17
BluffOnTable joins the table at seat #1 
Dorex2007: calls $0.17
Toti Davalos: folds 
MuppetsRUsInc: folds 
*** FLOP *** [7c Qs 5s]
lucifergaia: checks 
Dorex2007: bets $0.19
lucifergaia: folds 
Uncalled bet ($0.19) returned to Dorex2007
Dorex2007 collected $0.39 from pot
Dorex2007: doesn't show hand 
*** SUMMARY ***
Total pot $0.41 | Rake $0.02 
Board [7c Qs 5s]
Seat 2: MuppetsRUsInc (big blind) folded before Flop
Seat 4: bictor308 folded before Flop (didn't bet)
Seat 5: Sr ÁviIa folded before Flop (didn't bet)
Seat 6: WiseWolf71 folded before Flop (didn't bet)
Seat 7: lucifergaia folded on the Flop
Seat 8: Dorex2007 (button) collected ($0.39)
Seat 9: Toti Davalos (small blind) folded before Flop



PokerStars Hand #238446742286:  Hold'em No Limit ($0.02/$0.05 USD) - 2022/09/05 20:50:22 PT [2022/09/05 23:50:22 ET]
Table 'Raphaela' 9-max Seat #9 is the button
Seat 2: MuppetsRUsInc ($3.95 in chips) 
Seat 4: bictor308 ($1.98 in chips) 
Seat 5: Sr ÁviIa ($4.18 in chips) 
Seat 6: WiseWolf71 ($4.66 in chips) 
Seat 7: lucifergaia ($5 in chips) 
Seat 8: Dorex2007 ($5.29 in chips) 
Seat 9: Toti Davalos ($6.54 in chips) 
MuppetsRUsInc: posts small blind $0.02
bictor308: posts big blind $0.05
*** HOLE CARDS ***
Dealt to Dorex2007 [Qh Qc]
Sr ÁviIa: folds 
WiseWolf71: folds 
lucifergaia: raises $0.12 to $0.17
Dorex2007: raises $0.41 to $0.58
Toti Davalos: folds 
MuppetsRUsInc: folds 
bictor308: folds 
lucifergaia: calls $0.41
*** FLOP *** [Ks 5s Th]
lucifergaia: checks 
Dorex2007: bets $1.18
lucifergaia: calls $1.18
*** TURN *** [Ks 5s Th] [9d]
lucifergaia: checks 
Dorex2007: checks 
*** RIVER *** [Ks 5s Th 9d] [7d]
lucifergaia: bets $3.24 and is all-in
Dorex2007: folds 
Uncalled bet ($3.24) returned to lucifergaia
lucifergaia collected $3.44 from pot
lucifergaia: doesn't show hand 
*** SUMMARY ***
Total pot $3.59 | Rake $0.15 
Board [Ks 5s Th 9d 7d]
Seat 2: MuppetsRUsInc (small blind) folded before Flop
Seat 4: bictor308 (big blind) folded before Flop
Seat 5: Sr ÁviIa folded before Flop (didn't bet)
Seat 6: WiseWolf71 folded before Flop (didn't bet)
Seat 7: lucifergaia collected ($3.44)
Seat 8: Dorex2007 folded on the River
Seat 9: Toti Davalos (button) folded before Flop (didn't bet)



PokerStars Hand #238446747739:  Hold'em No Limit ($0.02/$0.05 USD) - 2022/09/05 20:51:05 PT [2022/09/05 23:51:05 ET]
Table 'Raphaela' 9-max Seat #2 is the button
Seat 2: MuppetsRUsInc ($3.93 in chips) 
Seat 4: bictor308 ($1.93 in chips) 
Seat 5: Sr ÁviIa ($4.18 in chips) 
Seat 6: WiseWolf71 ($4.66 in chips) 
Seat 7: lucifergaia ($6.68 in chips) 
Seat 8: Dorex2007 ($5 in chips) 
Seat 9: Toti Davalos ($6.54 in chips) 
bictor308: posts small blind $0.02
Sr ÁviIa: posts big blind $0.05
BluffOnTable: sits out 
*** HOLE CARDS ***
Dealt to Dorex2007 [2c 3h]
WiseWolf71: folds 
lucifergaia: folds 
Dorex2007: folds 
Toti Davalos: raises $0.10 to $0.15
MuppetsRUsInc: folds 
bictor308: folds 
Sr ÁviIa: calls $0.10
*** FLOP *** [3c Qh Jc]
Sr ÁviIa: checks 
Toti Davalos: bets $0.15
Sr ÁviIa: calls $0.15
*** TURN *** [3c Qh Jc] [4d]
Sr ÁviIa: checks 
Toti Davalos: bets $0.29
Sr ÁviIa: calls $0.29
*** RIVER *** [3c Qh Jc 4d] [9d]
Sr ÁviIa: checks 
Toti Davalos: bets $0.57
Sr ÁviIa: calls $0.57
*** SHOW DOWN ***
Toti Davalos: shows [9s Js] (two pair, Jacks and Nines)
Sr ÁviIa: mucks hand 
Toti Davalos collected $2.24 from pot
*** SUMMARY ***
Total pot $2.34 | Rake $0.10 
Board [3c Qh Jc 4d 9d]
Seat 2: MuppetsRUsInc (button) folded before Flop (didn't bet)
Seat 4: bictor308 (small blind) folded before Flop
Seat 5: Sr ÁviIa (big blind) mucked [Ad Qs]
Seat 6: WiseWolf71 folded before Flop (didn't bet)
Seat 7: lucifergaia folded before Flop (didn't bet)
Seat 8: Dorex2007 folded before Flop (didn't bet)
Seat 9: Toti Davalos showed [9s Js] and won ($2.24) with two pair, Jacks and Nines



PokerStars Hand #238446754904:  Hold'em No Limit ($0.02/$0.05 USD) - 2022/09/05 20:52:00 PT [2022/09/05 23:52:00 ET]
Table 'Raphaela' 9-max Seat #4 is the button
Seat 2: MuppetsRUsInc ($3.93 in chips) 
Seat 4: bictor308 ($1.91 in chips) 
Seat 5: Sr ÁviIa ($3.02 in chips) 
Seat 6: WiseWolf71 ($4.66 in chips) 
Seat 7: lucifergaia ($6.68 in chips) 
Seat 8: Dorex2007 ($5 in chips) 
Seat 9: Toti Davalos ($7.62 in chips) 
Sr ÁviIa: posts small blind $0.02
WiseWolf71: posts big blind $0.05
BluffOnTable: sits out 
*** HOLE CARDS ***
Dealt to Dorex2007 [Qc Kd]
lucifergaia: folds 
Dorex2007: raises $0.10 to $0.15
Toti Davalos: folds 
MuppetsRUsInc: calls $0.15
bictor308: calls $0.15
Sr ÁviIa: folds 
WiseWolf71: folds 
*** FLOP *** [7d Ad Jd]
Dorex2007: bets $0.25
MuppetsRUsInc: folds 
bictor308: folds 
Uncalled bet ($0.25) returned to Dorex2007
Dorex2007 collected $0.50 from pot
Dorex2007: doesn't show hand 
*** SUMMARY ***
Total pot $0.52 | Rake $0.02 
Board [7d Ad Jd]
Seat 2: MuppetsRUsInc folded on the Flop
Seat 4: bictor308 (button) folded on the Flop
Seat 5: Sr ÁviIa (small blind) folded before Flop
Seat 6: WiseWolf71 (big blind) folded before Flop
Seat 7: lucifergaia folded before Flop (didn't bet)
Seat 8: Dorex2007 collected ($0.50)
Seat 9: Toti Davalos folded before Flop (didn't bet)



PokerStars Hand #238446759624:  Hold'em No Limit ($0.02/$0.05 USD) - 2022/09/05 20:52:37 PT [2022/09/05 23:52:37 ET]
Table 'Raphaela' 9-max Seat #5 is the button
Seat 2: MuppetsRUsInc ($3.78 in chips) 
Seat 4: bictor308 ($1.76 in chips) 
Seat 5: Sr ÁviIa ($3 in chips) 
Seat 6: WiseWolf71 ($4.61 in chips) 
Seat 7: lucifergaia ($6.68 in chips) 
Seat 8: Dorex2007 ($5.35 in chips) 
Seat 9: Toti Davalos ($7.62 in chips) 
WiseWolf71: posts small blind $0.02
lucifergaia: posts big blind $0.05
BluffOnTable: sits out 
*** HOLE CARDS ***
Dealt to Dorex2007 [Ad 6d]
Dorex2007: calls $0.05
Toti Davalos: folds 
MuppetsRUsInc: folds 
bictor308: folds 
Sr ÁviIa: folds 
WiseWolf71: calls $0.03
lucifergaia: raises $0.15 to $0.20
Dorex2007: folds 
WiseWolf71: folds 
Uncalled bet ($0.15) returned to lucifergaia
lucifergaia collected $0.15 from pot
lucifergaia: doesn't show hand 
*** SUMMARY ***
Total pot $0.15 | Rake $0 
Seat 2: MuppetsRUsInc folded before Flop (didn't bet)
Seat 4: bictor308 folded before Flop (didn't bet)
Seat 5: Sr ÁviIa (button) folded before Flop (didn't bet)
Seat 6: WiseWolf71 (small blind) folded before Flop
Seat 7: lucifergaia (big blind) collected ($0.15)
Seat 8: Dorex2007 folded before Flop
Seat 9: Toti Davalos folded before Flop (didn't bet)



PokerStars Hand #238446762066:  Hold'em No Limit ($0.02/$0.05 USD) - 2022/09/05 20:52:56 PT [2022/09/05 23:52:56 ET]
Table 'Raphaela' 9-max Seat #6 is the button
Seat 2: MuppetsRUsInc ($3.78 in chips) 
Seat 4: bictor308 ($1.76 in chips) 
Seat 5: Sr ÁviIa ($3 in chips) 
Seat 6: WiseWolf71 ($4.56 in chips) 
Seat 7: lucifergaia ($6.78 in chips) 
Seat 8: Dorex2007 ($5.30 in chips) 
Seat 9: Toti Davalos ($7.62 in chips) 
lucifergaia: posts small blind $0.02
Dorex2007: posts big blind $0.05
BluffOnTable: sits out 
*** HOLE CARDS ***
Dealt to Dorex2007 [Ad 2c]
Toti Davalos: folds 
MuppetsRUsInc: folds 
bictor308: folds 
Sr ÁviIa: folds 
WiseWolf71: folds 
lucifergaia: raises $0.10 to $0.15
Dorex2007: folds 
Uncalled bet ($0.10) returned to lucifergaia
lucifergaia collected $0.10 from pot
lucifergaia: doesn't show hand 
*** SUMMARY ***
Total pot $0.10 | Rake $0 
Seat 2: MuppetsRUsInc folded before Flop (didn't bet)
Seat 4: bictor308 folded before Flop (didn't bet)
Seat 5: Sr ÁviIa folded before Flop (didn't bet)
Seat 6: WiseWolf71 (button) folded before Flop (didn't bet)
Seat 7: lucifergaia (small blind) collected ($0.10)
Seat 8: Dorex2007 (big blind) folded before Flop
Seat 9: Toti Davalos folded before Flop (didn't bet)



PokerStars Hand #238446764235:  Hold'em No Limit ($0.02/$0.05 USD) - 2022/09/05 20:53:12 PT [2022/09/05 23:53:12 ET]
Table 'Raphaela' 9-max Seat #7 is the button
Seat 2: MuppetsRUsInc ($3.78 in chips) 
Seat 4: bictor308 ($1.76 in chips) 
Seat 5: Sr ÁviIa ($3 in chips) 
Seat 6: WiseWolf71 ($4.56 in chips) 
Seat 7: lucifergaia ($6.83 in chips) 
Seat 8: Dorex2007 ($5.25 in chips) 
Seat 9: Toti Davalos ($7.62 in chips) 
Dorex2007: posts small blind $0.02
Toti Davalos: posts big blind $0.05
BluffOnTable: sits out 
*** HOLE CARDS ***
Dealt to Dorex2007 [Th 3s]
MuppetsRUsInc: calls $0.05
bictor308: folds 
Sr ÁviIa: folds 
WiseWolf71: folds 
lucifergaia: folds 
Dorex2007: folds 
Toti Davalos: checks 
*** FLOP *** [6d 3c 9h]
Toti Davalos: checks 
MuppetsRUsInc: bets $0.10
Toti Davalos: folds 
Uncalled bet ($0.10) returned to MuppetsRUsInc
MuppetsRUsInc collected $0.12 from pot
*** SUMMARY ***
Total pot $0.12 | Rake $0 
Board [6d 3c 9h]
Seat 2: MuppetsRUsInc collected ($0.12)
Seat 4: bictor308 folded before Flop (didn't bet)
Seat 5: Sr ÁviIa folded before Flop (didn't bet)
Seat 6: WiseWolf71 folded before Flop (didn't bet)
Seat 7: lucifergaia (button) folded before Flop (didn't bet)
Seat 8: Dorex2007 (small blind) folded before Flop
Seat 9: Toti Davalos (big blind) folded on the Flop



PokerStars Hand #238446769276:  Hold'em No Limit ($0.02/$0.05 USD) - 2022/09/05 20:53:51 PT [2022/09/05 23:53:51 ET]
Table 'Raphaela' 9-max Seat #8 is the button
Seat 1: BluffOnTable ($5 in chips) 
Seat 2: MuppetsRUsInc ($3.85 in chips) 
Seat 4: bictor308 ($1.76 in chips) 
Seat 5: Sr ÁviIa ($3 in chips) 
Seat 6: WiseWolf71 ($4.56 in chips) 
Seat 7: lucifergaia ($6.83 in chips) 
Seat 8: Dorex2007 ($5.23 in chips) 
Seat 9: Toti Davalos ($7.57 in chips) 
Toti Davalos: posts small blind $0.02
BluffOnTable: posts big blind $0.05
*** HOLE CARDS ***
Dealt to Dorex2007 [Jh 6c]
MuppetsRUsInc: folds 
bictor308: folds 
Sr ÁviIa: folds 
WiseWolf71: folds 
lucifergaia: raises $0.12 to $0.17
Dorex2007: folds 
Toti Davalos: folds 
BluffOnTable: folds 
Uncalled bet ($0.12) returned to lucifergaia
lucifergaia collected $0.12 from pot
lucifergaia: doesn't show hand 
*** SUMMARY ***
Total pot $0.12 | Rake $0 
Seat 1: BluffOnTable (big blind) folded before Flop
Seat 2: MuppetsRUsInc folded before Flop (didn't bet)
Seat 4: bictor308 folded before Flop (didn't bet)
Seat 5: Sr ÁviIa folded before Flop (didn't bet)
Seat 6: WiseWolf71 folded before Flop (didn't bet)
Seat 7: lucifergaia collected ($0.12)
Seat 8: Dorex2007 (button) folded before Flop (didn't bet)
Seat 9: Toti Davalos (small blind) folded before Flop



PokerStars Hand #238446772529:  Hold'em No Limit ($0.02/$0.05 USD) - 2022/09/05 20:54:16 PT [2022/09/05 23:54:16 ET]
Table 'Raphaela' 9-max Seat #9 is the button
Seat 1: BluffOnTable ($5 in chips) 
Seat 2: MuppetsRUsInc ($3.85 in chips) 
Seat 4: bictor308 ($1.76 in chips) 
Seat 5: Sr ÁviIa ($3 in chips) 
Seat 6: WiseWolf71 ($4.56 in chips) 
Seat 7: lucifergaia ($6.90 in chips) 
Seat 8: Dorex2007 ($5.23 in chips) 
Seat 9: Toti Davalos ($7.55 in chips) 
BluffOnTable: posts small blind $0.02
MuppetsRUsInc: posts big blind $0.05
*** HOLE CARDS ***
Dealt to Dorex2007 [Qs 6d]
bictor308: folds 
Sr ÁviIa: folds 
WiseWolf71: folds 
lucifergaia: folds 
Dorex2007: folds 
Toti Davalos: raises $0.10 to $0.15
BluffOnTable: folds 
MuppetsRUsInc: calls $0.10
*** FLOP *** [9c 6c 4d]
MuppetsRUsInc: checks 
Toti Davalos: bets $0.15
MuppetsRUsInc: calls $0.15
*** TURN *** [9c 6c 4d] [5s]
MuppetsRUsInc: checks 
Toti Davalos: bets $0.29
MuppetsRUsInc: calls $0.29
*** RIVER *** [9c 6c 4d 5s] [4h]
MuppetsRUsInc: bets $0.20
Toti Davalos: folds 
Uncalled bet ($0.20) returned to MuppetsRUsInc
MuppetsRUsInc collected $1.15 from pot
*** SUMMARY ***
Total pot $1.20 | Rake $0.05 
Board [9c 6c 4d 5s 4h]
Seat 1: BluffOnTable (small blind) folded before Flop
Seat 2: MuppetsRUsInc (big blind) collected ($1.15)
Seat 4: bictor308 folded before Flop (didn't bet)
Seat 5: Sr ÁviIa folded before Flop (didn't bet)
Seat 6: WiseWolf71 folded before Flop (didn't bet)
Seat 7: lucifergaia folded before Flop (didn't bet)
Seat 8: Dorex2007 folded before Flop (didn't bet)
Seat 9: Toti Davalos (button) folded on the River



PokerStars Hand #238446779259:  Hold'em No Limit ($0.02/$0.05 USD) - 2022/09/05 20:55:09 PT [2022/09/05 23:55:09 ET]
Table 'Raphaela' 9-max Seat #1 is the button
Seat 1: BluffOnTable ($5 in chips) 
Seat 2: MuppetsRUsInc ($4.41 in chips) 
Seat 4: bictor308 ($1.76 in chips) 
Seat 5: Sr ÁviIa ($3 in chips) 
Seat 6: WiseWolf71 ($4.56 in chips) 
Seat 7: lucifergaia ($6.90 in chips) 
Seat 8: Dorex2007 ($5.23 in chips) 
Seat 9: Toti Davalos ($6.96 in chips) 
MuppetsRUsInc: posts small blind $0.02
bictor308: posts big blind $0.05
*** HOLE CARDS ***
Dealt to Dorex2007 [7c 8s]
Sr ÁviIa: folds 
WiseWolf71: raises $0.05 to $0.10
lucifergaia: raises $0.27 to $0.37
Dorex2007: folds 
Toti Davalos: folds 
BluffOnTable: folds 
MuppetsRUsInc: calls $0.35
bictor308: folds 
WiseWolf71: calls $0.27
*** FLOP *** [Ah 4s Td]
MuppetsRUsInc: checks 
WiseWolf71: checks 
lucifergaia: checks 
*** TURN *** [Ah 4s Td] [9h]
MuppetsRUsInc: bets $0.30
WiseWolf71: calls $0.30
lucifergaia: raises $1.21 to $1.51
MuppetsRUsInc: raises $2.53 to $4.04 and is all-in
WiseWolf71: folds 
lucifergaia: calls $2.53
*** RIVER *** [Ah 4s Td 9h] [5s]
*** SHOW DOWN ***
MuppetsRUsInc: shows [Ts Th] (three of a kind, Tens)
lucifergaia: shows [As Ad] (three of a kind, Aces)
lucifergaia collected $9.14 from pot
CashMonki leaves the table
*** SUMMARY ***
Total pot $9.54 | Rake $0.40 
Board [Ah 4s Td 9h 5s]
Seat 1: BluffOnTable (button) folded before Flop (didn't bet)
Seat 2: MuppetsRUsInc (small blind) showed [Ts Th] and lost with three of a kind, Tens
Seat 4: bictor308 (big blind) folded before Flop
Seat 5: Sr ÁviIa folded before Flop (didn't bet)
Seat 6: WiseWolf71 folded on the Turn
Seat 7: lucifergaia showed [As Ad] and won ($9.14) with three of a kind, Aces
Seat 8: Dorex2007 folded before Flop (didn't bet)
Seat 9: Toti Davalos folded before Flop (didn't bet)



PokerStars Hand #238446785547:  Hold'em No Limit ($0.02/$0.05 USD) - 2022/09/05 20:56:07 PT [2022/09/05 23:56:07 ET]
Table 'Raphaela' 9-max Seat #4 is the button
Seat 1: BluffOnTable ($5 in chips) 
Seat 4: bictor308 ($1.71 in chips) 
Seat 5: Sr ÁviIa ($3 in chips) 
Seat 6: WiseWolf71 ($3.89 in chips) 
Seat 7: lucifergaia ($11.63 in chips) 
Seat 8: Dorex2007 ($5.23 in chips) 
Seat 9: Toti Davalos ($6.96 in chips) 
Sr ÁviIa: posts small blind $0.02
WiseWolf71: posts big blind $0.05
*** HOLE CARDS ***
Dealt to Dorex2007 [As 2c]
lucifergaia: folds 
Dorex2007: folds 
Toti Davalos: folds 
BluffOnTable: folds 
MuppetsRUsInc leaves the table
bictor308: calls $0.05
Sr ÁviIa: calls $0.03
WiseWolf71: checks 
*** FLOP *** [4h 3d 6h]
Sr ÁviIa: checks 
WiseWolf71: checks 
bictor308: checks 
*** TURN *** [4h 3d 6h] [6d]
Sr ÁviIa: checks 
WiseWolf71: bets $0.10
bictor308: folds 
Sr ÁviIa: folds 
Uncalled bet ($0.10) returned to WiseWolf71
WiseWolf71 collected $0.14 from pot
*** SUMMARY ***
Total pot $0.15 | Rake $0.01 
Board [4h 3d 6h 6d]
Seat 1: BluffOnTable folded before Flop (didn't bet)
Seat 4: bictor308 (button) folded on the Turn
Seat 5: Sr ÁviIa (small blind) folded on the Turn
Seat 6: WiseWolf71 (big blind) collected ($0.14)
Seat 7: lucifergaia folded before Flop (didn't bet)
Seat 8: Dorex2007 folded before Flop (didn't bet)
Seat 9: Toti Davalos folded before Flop (didn't bet)



PokerStars Hand #238446791312:  Hold'em No Limit ($0.02/$0.05 USD) - 2022/09/05 20:57:00 PT [2022/09/05 23:57:00 ET]
Table 'Raphaela' 9-max Seat #5 is the button
Seat 1: BluffOnTable ($5 in chips) 
Seat 4: bictor308 ($1.66 in chips) 
Seat 5: Sr ÁviIa ($2.95 in chips) 
Seat 6: WiseWolf71 ($3.98 in chips) 
Seat 7: lucifergaia ($11.63 in chips) 
Seat 8: Dorex2007 ($5.23 in chips) 
Seat 9: Toti Davalos ($6.96 in chips) 
WiseWolf71: posts small blind $0.02
lucifergaia: posts big blind $0.05
*** HOLE CARDS ***
Dealt to Dorex2007 [Kc Jc]
Dorex2007: raises $0.10 to $0.15
Toti Davalos: folds 
BluffOnTable: folds 
bictor308: folds 
Sr ÁviIa: folds 
WiseWolf71: folds 
lucifergaia: folds 
Uncalled bet ($0.10) returned to Dorex2007
Dorex2007 collected $0.12 from pot
Dorex2007: doesn't show hand 
*** SUMMARY ***
Total pot $0.12 | Rake $0 
Seat 1: BluffOnTable folded before Flop (didn't bet)
Seat 4: bictor308 folded before Flop (didn't bet)
Seat 5: Sr ÁviIa (button) folded before Flop (didn't bet)
Seat 6: WiseWolf71 (small blind) folded before Flop
Seat 7: lucifergaia (big blind) folded before Flop
Seat 8: Dorex2007 collected ($0.12)
Seat 9: Toti Davalos folded before Flop (didn't bet)



PokerStars Hand #238446793610:  Hold'em No Limit ($0.02/$0.05 USD) - 2022/09/05 20:57:22 PT [2022/09/05 23:57:22 ET]
Table 'Raphaela' 9-max Seat #6 is the button
Seat 1: BluffOnTable ($5 in chips) 
Seat 4: bictor308 ($1.66 in chips) 
Seat 5: Sr ÁviIa ($2.95 in chips) 
Seat 6: WiseWolf71 ($3.96 in chips) 
Seat 7: lucifergaia ($11.58 in chips) 
Seat 8: Dorex2007 ($5.30 in chips) 
Seat 9: Toti Davalos ($6.96 in chips) 
lucifergaia: posts small blind $0.02
Dorex2007: posts big blind $0.05
*** HOLE CARDS ***
Dealt to Dorex2007 [Ts 9s]
Toti Davalos: folds 
BluffOnTable: folds 
bictor308: folds 
Sr ÁviIa: folds 
WiseWolf71: folds 
lucifergaia: folds 
Uncalled bet ($0.03) returned to Dorex2007
Dorex2007 collected $0.04 from pot
Dorex2007: doesn't show hand 
*** SUMMARY ***
Total pot $0.04 | Rake $0 
Seat 1: BluffOnTable folded before Flop (didn't bet)
Seat 4: bictor308 folded before Flop (didn't bet)
Seat 5: Sr ÁviIa folded before Flop (didn't bet)
Seat 6: WiseWolf71 (button) folded before Flop (didn't bet)
Seat 7: lucifergaia (small blind) folded before Flop
Seat 8: Dorex2007 (big blind) collected ($0.04)
Seat 9: Toti Davalos folded before Flop (didn't bet)



PokerStars Hand #238446795090:  Hold'em No Limit ($0.02/$0.05 USD) - 2022/09/05 20:57:36 PT [2022/09/05 23:57:36 ET]
Table 'Raphaela' 9-max Seat #7 is the button
Seat 1: BluffOnTable ($5 in chips) 
Seat 4: bictor308 ($1.66 in chips) 
Seat 5: Sr ÁviIa ($2.95 in chips) 
Seat 6: WiseWolf71 ($3.96 in chips) 
Seat 7: lucifergaia ($11.56 in chips) 
Seat 8: Dorex2007 ($5.32 in chips) 
Seat 9: Toti Davalos ($6.96 in chips) 
Dorex2007: posts small blind $0.02
Toti Davalos: posts big blind $0.05
*** HOLE CARDS ***
Dealt to Dorex2007 [Kc 3d]
BluffOnTable: folds 
bictor308: raises $0.05 to $0.10
Sr ÁviIa: folds 
WiseWolf71: folds 
lucifergaia: folds 
Dorex2007: folds 
Toti Davalos: folds 
Uncalled bet ($0.05) returned to bictor308
bictor308 collected $0.12 from pot
bictor308: doesn't show hand 
*** SUMMARY ***
Total pot $0.12 | Rake $0 
Seat 1: BluffOnTable folded before Flop (didn't bet)
Seat 4: bictor308 collected ($0.12)
Seat 5: Sr ÁviIa folded before Flop (didn't bet)
Seat 6: WiseWolf71 folded before Flop (didn't bet)
Seat 7: lucifergaia (button) folded before Flop (didn't bet)
Seat 8: Dorex2007 (small blind) folded before Flop
Seat 9: Toti Davalos (big blind) folded before Flop



PokerStars Hand #238446796947:  Hold'em No Limit ($0.02/$0.05 USD) - 2022/09/05 20:57:53 PT [2022/09/05 23:57:53 ET]
Table 'Raphaela' 9-max Seat #8 is the button
Seat 1: BluffOnTable ($5 in chips) 
Seat 4: bictor308 ($1.73 in chips) 
Seat 5: Sr ÁviIa ($2.95 in chips) 
Seat 6: WiseWolf71 ($3.96 in chips) 
Seat 7: lucifergaia ($11.56 in chips) 
Seat 8: Dorex2007 ($5.30 in chips) 
Seat 9: Toti Davalos ($6.91 in chips) 
Toti Davalos: posts small blind $0.02
BluffOnTable: posts big blind $0.05
*** HOLE CARDS ***
Dealt to Dorex2007 [Js 2h]
bictor308: folds 
Sr ÁviIa has timed out
Sr ÁviIa: folds 
WiseWolf71: folds 
alan27924 joins the table at seat #3 
lucifergaia: folds 
Dorex2007: folds 
Toti Davalos: folds 
Uncalled bet ($0.03) returned to BluffOnTable
BluffOnTable collected $0.04 from pot
BluffOnTable: doesn't show hand 
*** SUMMARY ***
Total pot $0.04 | Rake $0 
Seat 1: BluffOnTable (big blind) collected ($0.04)
Seat 4: bictor308 folded before Flop (didn't bet)
Seat 5: Sr ÁviIa folded before Flop (didn't bet)
Seat 6: WiseWolf71 folded before Flop (didn't bet)
Seat 7: lucifergaia folded before Flop (didn't bet)
Seat 8: Dorex2007 (button) folded before Flop (didn't bet)
Seat 9: Toti Davalos (small blind) folded before Flop



PokerStars Hand #238446800822:  Hold'em No Limit ($0.02/$0.05 USD) - 2022/09/05 20:58:30 PT [2022/09/05 23:58:30 ET]
Table 'Raphaela' 9-max Seat #9 is the button
Seat 1: BluffOnTable ($5.02 in chips) 
Seat 3: alan27924 ($6.17 in chips) 
Seat 4: bictor308 ($1.73 in chips) 
Seat 5: Sr ÁviIa ($2.95 in chips) 
Seat 6: WiseWolf71 ($3.96 in chips) 
Seat 7: lucifergaia ($11.56 in chips) 
Seat 8: Dorex2007 ($5.30 in chips) 
Seat 9: Toti Davalos ($6.89 in chips) 
BluffOnTable: posts small blind $0.02
alan27924: posts big blind $0.05
*** HOLE CARDS ***
Dealt to Dorex2007 [Td 3d]
bictor308: folds 
Sr ÁviIa: folds 
WiseWolf71: folds 
lucifergaia: folds 
Dorex2007: folds 
Toti Davalos: folds 
BluffOnTable: folds 
Uncalled bet ($0.03) returned to alan27924
alan27924 collected $0.04 from pot
*** SUMMARY ***
Total pot $0.04 | Rake $0 
Seat 1: BluffOnTable (small blind) folded before Flop
Seat 3: alan27924 (big blind) collected ($0.04)
Seat 4: bictor308 folded before Flop (didn't bet)
Seat 5: Sr ÁviIa folded before Flop (didn't bet)
Seat 6: WiseWolf71 folded before Flop (didn't bet)
Seat 7: lucifergaia folded before Flop (didn't bet)
Seat 8: Dorex2007 folded before Flop (didn't bet)
Seat 9: Toti Davalos (button) folded before Flop (didn't bet)



PokerStars Hand #238446802388:  Hold'em No Limit ($0.02/$0.05 USD) - 2022/09/05 20:58:45 PT [2022/09/05 23:58:45 ET]
Table 'Raphaela' 9-max Seat #1 is the button
Seat 1: BluffOnTable ($5 in chips) 
Seat 3: alan27924 ($6.19 in chips) 
Seat 4: bictor308 ($1.73 in chips) 
Seat 5: Sr ÁviIa ($2.95 in chips) 
Seat 6: WiseWolf71 ($3.96 in chips) 
Seat 7: lucifergaia ($11.56 in chips) 
Seat 8: Dorex2007 ($5.30 in chips) 
Seat 9: Toti Davalos ($6.89 in chips) 
alan27924: posts small blind $0.02
bictor308: posts big blind $0.05
*** HOLE CARDS ***
Dealt to Dorex2007 [Ks 9d]
Sr ÁviIa: raises $0.05 to $0.10
WiseWolf71: folds 
lucifergaia: folds 
dvdhmstar joins the table at seat #2 
Dorex2007: folds 
Toti Davalos: calls $0.10
BluffOnTable: folds 
alan27924: calls $0.08
bictor308: calls $0.05
*** FLOP *** [7d 6c 8s]
alan27924: checks 
bictor308: bets $0.15
Sr ÁviIa: folds 
Toti Davalos: calls $0.15
alan27924: folds 
*** TURN *** [7d 6c 8s] [9h]
bictor308: bets $0.15
Toti Davalos: calls $0.15
*** RIVER *** [7d 6c 8s 9h] [Qd]
bictor308: bets $0.05
Toti Davalos: calls $0.05
*** SHOW DOWN ***
bictor308: shows [9s 7c] (two pair, Nines and Sevens)
Toti Davalos: shows [Tc 8d] (a straight, Six to Ten)
Toti Davalos collected $1.05 from pot
*** SUMMARY ***
Total pot $1.10 | Rake $0.05 
Board [7d 6c 8s 9h Qd]
Seat 1: BluffOnTable (button) folded before Flop (didn't bet)
Seat 3: alan27924 (small blind) folded on the Flop
Seat 4: bictor308 (big blind) showed [9s 7c] and lost with two pair, Nines and Sevens
Seat 5: Sr ÁviIa folded on the Flop
Seat 6: WiseWolf71 folded before Flop (didn't bet)
Seat 7: lucifergaia folded before Flop (didn't bet)
Seat 8: Dorex2007 folded before Flop (didn't bet)
Seat 9: Toti Davalos showed [Tc 8d] and won ($1.05) with a straight, Six to Ten



PokerStars Hand #238446809458:  Hold'em No Limit ($0.02/$0.05 USD) - 2022/09/05 20:59:51 PT [2022/09/05 23:59:51 ET]
Table 'Raphaela' 9-max Seat #3 is the button
Seat 1: BluffOnTable ($5 in chips) 
Seat 3: alan27924 ($6.09 in chips) 
Seat 4: bictor308 ($1.28 in chips) 
Seat 5: Sr ÁviIa ($2.85 in chips) 
Seat 6: WiseWolf71 ($3.96 in chips) 
Seat 7: lucifergaia ($11.56 in chips) 
Seat 8: Dorex2007 ($5.30 in chips) 
Seat 9: Toti Davalos ($7.49 in chips) 
bictor308: posts small blind $0.02
Sr ÁviIa: posts big blind $0.05
dvdhmstar: sits out 
*** HOLE CARDS ***
Dealt to Dorex2007 [6c 6h]
WiseWolf71: folds 
lucifergaia: folds 
Dorex2007: raises $0.05 to $0.10
Toti Davalos: folds 
BluffOnTable: folds 
alan27924: calls $0.10
bictor308: raises $0.35 to $0.45
Sr ÁviIa: folds 
Dorex2007: folds 
alan27924: calls $0.35
*** FLOP *** [Ad 5d Qs]
bictor308: bets $0.50
alan27924: folds 
Uncalled bet ($0.50) returned to bictor308
bictor308 collected $1.01 from pot
bictor308: doesn't show hand 
*** SUMMARY ***
Total pot $1.05 | Rake $0.04 
Board [Ad 5d Qs]
Seat 1: BluffOnTable folded before Flop (didn't bet)
Seat 3: alan27924 (button) folded on the Flop
Seat 4: bictor308 (small blind) collected ($1.01)
Seat 5: Sr ÁviIa (big blind) folded before Flop
Seat 6: WiseWolf71 folded before Flop (didn't bet)
Seat 7: lucifergaia folded before Flop (didn't bet)
Seat 8: Dorex2007 folded before Flop
Seat 9: Toti Davalos folded before Flop (didn't bet)



