PokerStars Hand #232893500311:  Hold'em No Limit ($0.01/$0.02 USD) - 2022/01/06 22:13:44 PT [2022/01/07 1:13:44 ET]
Table 'Skadi IV' 9-max Seat #8 is the button
Seat 1: Bar_suk_077 ($2 in chips) 
Seat 2: shiitake0000 ($0.25 in chips) 
Seat 3: dazza12373 ($2.90 in chips) 
Seat 6: Directive4 ($0.78 in chips) 
Seat 7: Dorex2007 ($2 in chips) 
Seat 8: idealt1-2 ($2.10 in chips) 
Seat 9: umka186 ($2.01 in chips) 
umka186: posts small blind $0.01
Bar_suk_077: posts big blind $0.02
Dorex2007: posts big blind $0.02
*** HOLE CARDS ***
Dealt to Dorex2007 [2c 7s]
shiitake0000: folds 
dazza12373: folds 
Directive4: folds 
Dorex2007: checks 
idealt1-2: folds 
umka186: calls $0.01
Bar_suk_077: checks 
*** FLOP *** [Ks 2h Kc]
umka186: checks 
Bar_suk_077: checks 
Dorex2007: bets $0.04
umka186: folds 
Bar_suk_077: folds 
Uncalled bet ($0.04) returned to Dorex2007
Dorex2007 collected $0.06 from pot
Dorex2007: doesn't show hand 
*** SUMMARY ***
Total pot $0.06 | Rake $0 
Board [Ks 2h Kc]
Seat 1: Bar_suk_077 (big blind) folded on the Flop
Seat 2: shiitake0000 folded before Flop (didn't bet)
Seat 3: dazza12373 folded before Flop (didn't bet)
Seat 6: Directive4 folded before Flop (didn't bet)
Seat 7: Dorex2007 collected ($0.06)
Seat 8: idealt1-2 (button) folded before Flop (didn't bet)
Seat 9: umka186 (small blind) folded on the Flop



PokerStars Hand #232893505266:  Hold'em No Limit ($0.01/$0.02 USD) - 2022/01/06 22:14:16 PT [2022/01/07 1:14:16 ET]
Table 'Skadi IV' 9-max Seat #9 is the button
Seat 1: Bar_suk_077 ($2 in chips) 
Seat 2: shiitake0000 ($0.25 in chips) 
Seat 3: dazza12373 ($2.90 in chips) 
Seat 4: Audioboi ($1.25 in chips) 
Seat 6: Directive4 ($0.78 in chips) 
Seat 7: Dorex2007 ($2.04 in chips) 
Seat 8: idealt1-2 ($2.10 in chips) 
Seat 9: umka186 ($2 in chips) 
Bar_suk_077: posts small blind $0.01
shiitake0000: posts big blind $0.02
*** HOLE CARDS ***
Dealt to Dorex2007 [Ah 9c]
dazza12373: folds 
Audioboi: raises $0.04 to $0.06
ps.dimas joins the table at seat #5 
Directive4: folds 
Dorex2007: folds 
idealt1-2: folds 
umka186: folds 
Bar_suk_077: folds 
shiitake0000: folds 
Uncalled bet ($0.04) returned to Audioboi
Audioboi collected $0.05 from pot
Audioboi: doesn't show hand 
*** SUMMARY ***
Total pot $0.05 | Rake $0 
Seat 1: Bar_suk_077 (small blind) folded before Flop
Seat 2: shiitake0000 (big blind) folded before Flop
Seat 3: dazza12373 folded before Flop (didn't bet)
Seat 4: Audioboi collected ($0.05)
Seat 6: Directive4 folded before Flop (didn't bet)
Seat 7: Dorex2007 folded before Flop (didn't bet)
Seat 8: idealt1-2 folded before Flop (didn't bet)
Seat 9: umka186 (button) folded before Flop (didn't bet)



PokerStars Hand #232893507573:  Hold'em No Limit ($0.01/$0.02 USD) - 2022/01/06 22:14:32 PT [2022/01/07 1:14:32 ET]
Table 'Skadi IV' 9-max Seat #1 is the button
Seat 1: Bar_suk_077 ($2 in chips) 
Seat 2: shiitake0000 ($0.23 in chips) 
Seat 3: dazza12373 ($2.90 in chips) 
Seat 4: Audioboi ($1.28 in chips) 
Seat 6: Directive4 ($0.78 in chips) 
Seat 7: Dorex2007 ($2.04 in chips) 
Seat 8: idealt1-2 ($2.10 in chips) 
Seat 9: umka186 ($2 in chips) 
shiitake0000: posts small blind $0.01
dazza12373: posts big blind $0.02
ps.dimas: sits out 
*** HOLE CARDS ***
Dealt to Dorex2007 [6h 2c]
Audioboi: raises $0.04 to $0.06
Directive4: folds 
Dorex2007: folds 
idealt1-2: folds 
umka186: raises $0.15 to $0.21
Bar_suk_077: folds 
shiitake0000: folds 
dazza12373: folds 
Audioboi: calls $0.15
*** FLOP *** [3h 8s 7c]
Audioboi: checks 
umka186: checks 
*** TURN *** [3h 8s 7c] [6c]
Audioboi: checks 
umka186: checks 
*** RIVER *** [3h 8s 7c 6c] [6s]
Audioboi: checks 
umka186: checks 
*** SHOW DOWN ***
Audioboi: shows [Tc Jc] (a pair of Sixes)
umka186: shows [As Qh] (a pair of Sixes - Ace kicker)
umka186 collected $0.43 from pot
*** SUMMARY ***
Total pot $0.45 | Rake $0.02 
Board [3h 8s 7c 6c 6s]
Seat 1: Bar_suk_077 (button) folded before Flop (didn't bet)
Seat 2: shiitake0000 (small blind) folded before Flop
Seat 3: dazza12373 (big blind) folded before Flop
Seat 4: Audioboi showed [Tc Jc] and lost with a pair of Sixes
Seat 6: Directive4 folded before Flop (didn't bet)
Seat 7: Dorex2007 folded before Flop (didn't bet)
Seat 8: idealt1-2 folded before Flop (didn't bet)
Seat 9: umka186 showed [As Qh] and won ($0.43) with a pair of Sixes



PokerStars Hand #232893516009:  Hold'em No Limit ($0.01/$0.02 USD) - 2022/01/06 22:15:28 PT [2022/01/07 1:15:28 ET]
Table 'Skadi IV' 9-max Seat #2 is the button
Seat 1: Bar_suk_077 ($2 in chips) 
Seat 2: shiitake0000 ($0.22 in chips) 
Seat 3: dazza12373 ($2.88 in chips) 
Seat 4: Audioboi ($1.07 in chips) 
Seat 6: Directive4 ($0.78 in chips) 
Seat 7: Dorex2007 ($2.04 in chips) 
Seat 8: idealt1-2 ($2.10 in chips) 
Seat 9: umka186 ($2.22 in chips) 
dazza12373: posts small blind $0.01
Audioboi: posts big blind $0.02
ps.dimas: sits out 
*** HOLE CARDS ***
Dealt to Dorex2007 [9d 9c]
Directive4: folds 
Dorex2007: calls $0.02
idealt1-2: calls $0.02
umka186: folds 
Bar_suk_077: folds 
shiitake0000: folds 
dazza12373: folds 
Audioboi: checks 
*** FLOP *** [3c 7d 8c]
Audioboi: checks 
Dorex2007: bets $0.07
idealt1-2: folds 
Audioboi: calls $0.07
*** TURN *** [3c 7d 8c] [Jd]
Audioboi: checks 
Dorex2007: bets $0.13
Audioboi: calls $0.13
*** RIVER *** [3c 7d 8c Jd] [6c]
Audioboi: checks 
Dorex2007: checks 
*** SHOW DOWN ***
Audioboi: shows [2h 8d] (a pair of Eights)
Dorex2007: shows [9d 9c] (a pair of Nines)
Dorex2007 collected $0.45 from pot
*** SUMMARY ***
Total pot $0.47 | Rake $0.02 
Board [3c 7d 8c Jd 6c]
Seat 1: Bar_suk_077 folded before Flop (didn't bet)
Seat 2: shiitake0000 (button) folded before Flop (didn't bet)
Seat 3: dazza12373 (small blind) folded before Flop
Seat 4: Audioboi (big blind) showed [2h 8d] and lost with a pair of Eights
Seat 6: Directive4 folded before Flop (didn't bet)
Seat 7: Dorex2007 showed [9d 9c] and won ($0.45) with a pair of Nines
Seat 8: idealt1-2 folded on the Flop
Seat 9: umka186 folded before Flop (didn't bet)



PokerStars Hand #232893527872:  Hold'em No Limit ($0.01/$0.02 USD) - 2022/01/06 22:16:29 PT [2022/01/07 1:16:29 ET]
Table 'Skadi IV' 9-max Seat #3 is the button
Seat 1: Bar_suk_077 ($2 in chips) 
Seat 2: shiitake0000 ($0.22 in chips) 
Seat 3: dazza12373 ($2.87 in chips) 
Seat 4: Audioboi ($0.85 in chips) 
Seat 5: ps.dimas ($0.80 in chips) 
Seat 6: Directive4 ($0.78 in chips) 
Seat 7: Dorex2007 ($2.27 in chips) 
Seat 8: idealt1-2 ($2.08 in chips) 
Seat 9: umka186 ($2.22 in chips) 
Audioboi: posts small blind $0.01
ps.dimas: posts big blind $0.02
*** HOLE CARDS ***
Dealt to Dorex2007 [Tc 4h]
Directive4: folds 
Dorex2007: folds 
idealt1-2: calls $0.02
umka186: folds 
Bar_suk_077: folds 
shiitake0000: folds 
dazza12373: folds 
Audioboi: raises $0.02 to $0.04
ps.dimas: folds 
idealt1-2: calls $0.02
*** FLOP *** [Jh 9h Qc]
Audioboi: checks 
idealt1-2: checks 
*** TURN *** [Jh 9h Qc] [5h]
Audioboi: checks 
idealt1-2: checks 
*** RIVER *** [Jh 9h Qc 5h] [Jc]
Audioboi: checks 
idealt1-2: checks 
*** SHOW DOWN ***
Audioboi: shows [6h As] (a pair of Jacks)
idealt1-2: shows [Ac 7d] (a pair of Jacks)
Audioboi collected $0.05 from pot
idealt1-2 collected $0.05 from pot
*** SUMMARY ***
Total pot $0.10 | Rake $0 
Board [Jh 9h Qc 5h Jc]
Seat 1: Bar_suk_077 folded before Flop (didn't bet)
Seat 2: shiitake0000 folded before Flop (didn't bet)
Seat 3: dazza12373 (button) folded before Flop (didn't bet)
Seat 4: Audioboi (small blind) showed [6h As] and won ($0.05) with a pair of Jacks
Seat 5: ps.dimas (big blind) folded before Flop
Seat 6: Directive4 folded before Flop (didn't bet)
Seat 7: Dorex2007 folded before Flop (didn't bet)
Seat 8: idealt1-2 showed [Ac 7d] and won ($0.05) with a pair of Jacks
Seat 9: umka186 folded before Flop (didn't bet)



PokerStars Hand #232893534486:  Hold'em No Limit ($0.01/$0.02 USD) - 2022/01/06 22:17:14 PT [2022/01/07 1:17:14 ET]
Table 'Skadi IV' 9-max Seat #4 is the button
Seat 1: Bar_suk_077 ($2 in chips) 
Seat 2: shiitake0000 ($0.22 in chips) 
Seat 3: dazza12373 ($2.87 in chips) 
Seat 4: Audioboi ($0.86 in chips) 
Seat 5: ps.dimas ($0.80 in chips) 
Seat 6: Directive4 ($0.78 in chips) 
Seat 7: Dorex2007 ($2.27 in chips) 
Seat 8: idealt1-2 ($2.09 in chips) 
Seat 9: umka186 ($2.22 in chips) 
ps.dimas: posts small blind $0.01
Directive4: posts big blind $0.02
*** HOLE CARDS ***
Dealt to Dorex2007 [Ad Tc]
Dorex2007: folds 
idealt1-2: folds 
umka186: folds 
Bar_suk_077: folds 
shiitake0000: folds 
dazza12373: folds 
Audioboi: folds 
ps.dimas: raises $0.03 to $0.05
Directive4: folds 
Uncalled bet ($0.03) returned to ps.dimas
ps.dimas collected $0.04 from pot
ps.dimas: doesn't show hand 
*** SUMMARY ***
Total pot $0.04 | Rake $0 
Seat 1: Bar_suk_077 folded before Flop (didn't bet)
Seat 2: shiitake0000 folded before Flop (didn't bet)
Seat 3: dazza12373 folded before Flop (didn't bet)
Seat 4: Audioboi (button) folded before Flop (didn't bet)
Seat 5: ps.dimas (small blind) collected ($0.04)
Seat 6: Directive4 (big blind) folded before Flop
Seat 7: Dorex2007 folded before Flop (didn't bet)
Seat 8: idealt1-2 folded before Flop (didn't bet)
Seat 9: umka186 folded before Flop (didn't bet)



PokerStars Hand #232893538002:  Hold'em No Limit ($0.01/$0.02 USD) - 2022/01/06 22:17:37 PT [2022/01/07 1:17:37 ET]
Table 'Skadi IV' 9-max Seat #5 is the button
Seat 1: Bar_suk_077 ($2 in chips) 
Seat 2: shiitake0000 ($0.22 in chips) 
Seat 3: dazza12373 ($2.87 in chips) 
Seat 4: Audioboi ($0.86 in chips) 
Seat 5: ps.dimas ($0.82 in chips) 
Seat 6: Directive4 ($0.76 in chips) 
Seat 7: Dorex2007 ($2.27 in chips) 
Seat 8: idealt1-2 ($2.09 in chips) 
Seat 9: umka186 ($2.22 in chips) 
Directive4: posts small blind $0.01
Dorex2007: posts big blind $0.02
*** HOLE CARDS ***
Dealt to Dorex2007 [Ad Js]
idealt1-2: folds 
umka186: raises $0.04 to $0.06
Bar_suk_077: folds 
shiitake0000: folds 
dazza12373: folds 
Audioboi: calls $0.06
ps.dimas: calls $0.06
Directive4: folds 
Dorex2007: folds 
*** FLOP *** [6h Kc 4d]
umka186: bets $0.11
Audioboi: calls $0.11
ps.dimas: folds 
*** TURN *** [6h Kc 4d] [3h]
umka186: bets $0.25
Audioboi: calls $0.25
*** RIVER *** [6h Kc 4d 3h] [2h]
umka186: bets $0.45
Audioboi: calls $0.44 and is all-in
Uncalled bet ($0.01) returned to umka186
*** SHOW DOWN ***
umka186: shows [Kh Qh] (a flush, King high)
Audioboi: shows [5h Ah] (a flush, Ace high)
Audioboi collected $1.75 from pot
*** SUMMARY ***
Total pot $1.81 | Rake $0.06 
Board [6h Kc 4d 3h 2h]
Seat 1: Bar_suk_077 folded before Flop (didn't bet)
Seat 2: shiitake0000 folded before Flop (didn't bet)
Seat 3: dazza12373 folded before Flop (didn't bet)
Seat 4: Audioboi showed [5h Ah] and won ($1.75) with a flush, Ace high
Seat 5: ps.dimas (button) folded on the Flop
Seat 6: Directive4 (small blind) folded before Flop
Seat 7: Dorex2007 (big blind) folded before Flop
Seat 8: idealt1-2 folded before Flop (didn't bet)
Seat 9: umka186 showed [Kh Qh] and lost with a flush, King high



PokerStars Hand #232893547660:  Hold'em No Limit ($0.01/$0.02 USD) - 2022/01/06 22:18:43 PT [2022/01/07 1:18:43 ET]
Table 'Skadi IV' 9-max Seat #6 is the button
Seat 1: Bar_suk_077 ($2 in chips) 
Seat 2: shiitake0000 ($0.22 in chips) 
Seat 3: dazza12373 ($2.87 in chips) 
Seat 4: Audioboi ($1.75 in chips) 
Seat 5: ps.dimas ($0.80 in chips) 
Seat 6: Directive4 ($0.75 in chips) 
Seat 7: Dorex2007 ($2.25 in chips) 
Seat 8: idealt1-2 ($2.09 in chips) 
Seat 9: umka186 ($2 in chips) 
Dorex2007: posts small blind $0.01
idealt1-2: posts big blind $0.02
*** HOLE CARDS ***
Dealt to Dorex2007 [2h 5c]
umka186: folds 
Bar_suk_077: folds 
shiitake0000: folds 
dazza12373: folds 
Audioboi: folds 
ps.dimas: folds 
Directive4: folds 
Dorex2007: folds 
Uncalled bet ($0.01) returned to idealt1-2
idealt1-2 collected $0.02 from pot
idealt1-2: doesn't show hand 
*** SUMMARY ***
Total pot $0.02 | Rake $0 
Seat 1: Bar_suk_077 folded before Flop (didn't bet)
Seat 2: shiitake0000 folded before Flop (didn't bet)
Seat 3: dazza12373 folded before Flop (didn't bet)
Seat 4: Audioboi folded before Flop (didn't bet)
Seat 5: ps.dimas folded before Flop (didn't bet)
Seat 6: Directive4 (button) folded before Flop (didn't bet)
Seat 7: Dorex2007 (small blind) folded before Flop
Seat 8: idealt1-2 (big blind) collected ($0.02)
Seat 9: umka186 folded before Flop (didn't bet)



PokerStars Hand #232893550207:  Hold'em No Limit ($0.01/$0.02 USD) - 2022/01/06 22:19:00 PT [2022/01/07 1:19:00 ET]
Table 'Skadi IV' 9-max Seat #7 is the button
Seat 1: Bar_suk_077 ($2 in chips) 
Seat 2: shiitake0000 ($0.22 in chips) 
Seat 3: dazza12373 ($2.87 in chips) 
Seat 4: Audioboi ($1.75 in chips) 
Seat 5: ps.dimas ($0.80 in chips) 
Seat 6: Directive4 ($0.75 in chips) 
Seat 7: Dorex2007 ($2.24 in chips) 
Seat 8: idealt1-2 ($2.10 in chips) 
Seat 9: umka186 ($2 in chips) 
idealt1-2: posts small blind $0.01
umka186: posts big blind $0.02
*** HOLE CARDS ***
Dealt to Dorex2007 [Ts Jc]
Bar_suk_077: folds 
shiitake0000: folds 
dazza12373: folds 
Audioboi: folds 
ps.dimas: folds 
Directive4: folds 
Dorex2007: raises $0.04 to $0.06
idealt1-2: folds 
umka186: calls $0.04
*** FLOP *** [Ah 6d 7d]
umka186: checks 
Dorex2007: checks 
*** TURN *** [Ah 6d 7d] [As]
umka186: checks 
Dorex2007: checks 
*** RIVER *** [Ah 6d 7d As] [7c]
umka186: bets $0.16
Dorex2007: folds 
Uncalled bet ($0.16) returned to umka186
umka186 collected $0.13 from pot
*** SUMMARY ***
Total pot $0.13 | Rake $0 
Board [Ah 6d 7d As 7c]
Seat 1: Bar_suk_077 folded before Flop (didn't bet)
Seat 2: shiitake0000 folded before Flop (didn't bet)
Seat 3: dazza12373 folded before Flop (didn't bet)
Seat 4: Audioboi folded before Flop (didn't bet)
Seat 5: ps.dimas folded before Flop (didn't bet)
Seat 6: Directive4 folded before Flop (didn't bet)
Seat 7: Dorex2007 (button) folded on the River
Seat 8: idealt1-2 (small blind) folded before Flop
Seat 9: umka186 (big blind) collected ($0.13)



PokerStars Hand #232893556656:  Hold'em No Limit ($0.01/$0.02 USD) - 2022/01/06 22:19:43 PT [2022/01/07 1:19:43 ET]
Table 'Skadi IV' 9-max Seat #8 is the button
Seat 1: Bar_suk_077 ($2 in chips) 
Seat 2: shiitake0000 ($0.22 in chips) 
Seat 3: dazza12373 ($2.87 in chips) 
Seat 4: Audioboi ($1.75 in chips) 
Seat 5: ps.dimas ($0.80 in chips) 
Seat 6: Directive4 ($0.75 in chips) 
Seat 7: Dorex2007 ($2.18 in chips) 
Seat 8: idealt1-2 ($2.09 in chips) 
Seat 9: umka186 ($2.07 in chips) 
umka186: posts small blind $0.01
Bar_suk_077: posts big blind $0.02
*** HOLE CARDS ***
Dealt to Dorex2007 [Ts 3h]
shiitake0000: folds 
dazza12373: folds 
Audioboi: folds 
ps.dimas: folds 
Directive4: folds 
Dorex2007: folds 
idealt1-2: folds 
umka186: raises $0.03 to $0.05
Bar_suk_077: calls $0.03
*** FLOP *** [7c 5s 4d]
umka186: checks 
Audioboi leaves the table
Bar_suk_077: bets $0.07
umka186: calls $0.07
*** TURN *** [7c 5s 4d] [Kh]
umka186: checks 
Bar_suk_077: bets $0.15
umka186: folds 
Uncalled bet ($0.15) returned to Bar_suk_077
Bar_suk_077 collected $0.23 from pot
Bar_suk_077: doesn't show hand 
*** SUMMARY ***
Total pot $0.24 | Rake $0.01 
Board [7c 5s 4d Kh]
Seat 1: Bar_suk_077 (big blind) collected ($0.23)
Seat 2: shiitake0000 folded before Flop (didn't bet)
Seat 3: dazza12373 folded before Flop (didn't bet)
Seat 4: Audioboi folded before Flop (didn't bet)
Seat 5: ps.dimas folded before Flop (didn't bet)
Seat 6: Directive4 folded before Flop (didn't bet)
Seat 7: Dorex2007 folded before Flop (didn't bet)
Seat 8: idealt1-2 (button) folded before Flop (didn't bet)
Seat 9: umka186 (small blind) folded on the Turn



PokerStars Hand #232893564481:  Hold'em No Limit ($0.01/$0.02 USD) - 2022/01/06 22:20:36 PT [2022/01/07 1:20:36 ET]
Table 'Skadi IV' 9-max Seat #9 is the button
Seat 1: Bar_suk_077 ($2.11 in chips) 
Seat 2: shiitake0000 ($0.22 in chips) 
Seat 3: dazza12373 ($2.87 in chips) 
Seat 5: ps.dimas ($0.80 in chips) 
Seat 6: Directive4 ($0.75 in chips) 
Seat 7: Dorex2007 ($2.18 in chips) 
Seat 8: idealt1-2 ($2.09 in chips) 
Seat 9: umka186 ($2 in chips) 
Bar_suk_077: posts small blind $0.01
shiitake0000: posts big blind $0.02
*** HOLE CARDS ***
Dealt to Dorex2007 [Kc 2s]
dazza12373: folds 
ps.dimas: folds 
Directive4: folds 
Dorex2007: folds 
idealt1-2: folds 
umka186: raises $0.03 to $0.05
Bar_suk_077: folds 
shiitake0000: folds 
Uncalled bet ($0.03) returned to umka186
umka186 collected $0.05 from pot
*** SUMMARY ***
Total pot $0.05 | Rake $0 
Seat 1: Bar_suk_077 (small blind) folded before Flop
Seat 2: shiitake0000 (big blind) folded before Flop
Seat 3: dazza12373 folded before Flop (didn't bet)
Seat 5: ps.dimas folded before Flop (didn't bet)
Seat 6: Directive4 folded before Flop (didn't bet)
Seat 7: Dorex2007 folded before Flop (didn't bet)
Seat 8: idealt1-2 folded before Flop (didn't bet)
Seat 9: umka186 (button) collected ($0.05)



PokerStars Hand #232893566579:  Hold'em No Limit ($0.01/$0.02 USD) - 2022/01/06 22:20:50 PT [2022/01/07 1:20:50 ET]
Table 'Skadi IV' 9-max Seat #1 is the button
Seat 1: Bar_suk_077 ($2.10 in chips) 
Seat 2: shiitake0000 ($0.20 in chips) 
Seat 3: dazza12373 ($2.87 in chips) 
Seat 5: ps.dimas ($0.80 in chips) 
Seat 6: Directive4 ($0.75 in chips) 
Seat 7: Dorex2007 ($2.18 in chips) 
Seat 8: idealt1-2 ($2.09 in chips) 
Seat 9: umka186 ($2.03 in chips) 
shiitake0000: posts small blind $0.01
dazza12373: posts big blind $0.02
*** HOLE CARDS ***
Dealt to Dorex2007 [4s 8h]
ps.dimas: folds 
Directive4: folds 
Dorex2007: folds 
idealt1-2: raises $0.10 to $0.12
umka186: folds 
Bar_suk_077: folds 
shiitake0000: raises $0.08 to $0.20 and is all-in
dazza12373: folds 
idealt1-2: calls $0.08
*** FLOP *** [5c 6d Ac]
*** TURN *** [5c 6d Ac] [9h]
wuwei3579 joins the table at seat #4 
*** RIVER *** [5c 6d Ac 9h] [6h]
*** SHOW DOWN ***
shiitake0000: shows [Tc Ah] (two pair, Aces and Sixes)
idealt1-2: shows [Qd Qs] (two pair, Queens and Sixes)
shiitake0000 collected $0.41 from pot
idealt1-2 cashed out the hand for $0.29
*** SUMMARY ***
Total pot $0.42 | Rake $0.01 
Board [5c 6d Ac 9h 6h]
Seat 1: Bar_suk_077 (button) folded before Flop (didn't bet)
Seat 2: shiitake0000 (small blind) showed [Tc Ah] and won ($0.41) with two pair, Aces and Sixes
Seat 3: dazza12373 (big blind) folded before Flop
Seat 5: ps.dimas folded before Flop (didn't bet)
Seat 6: Directive4 folded before Flop (didn't bet)
Seat 7: Dorex2007 folded before Flop (didn't bet)
Seat 8: idealt1-2 showed [Qd Qs] and lost with two pair, Queens and Sixes (cashed out).
Seat 9: umka186 folded before Flop (didn't bet)



PokerStars Hand #232893572074:  Hold'em No Limit ($0.01/$0.02 USD) - 2022/01/06 22:21:27 PT [2022/01/07 1:21:27 ET]
Table 'Skadi IV' 9-max Seat #2 is the button
Seat 1: Bar_suk_077 ($2.10 in chips) 
Seat 2: shiitake0000 ($0.41 in chips) 
Seat 3: dazza12373 ($2.85 in chips) 
Seat 4: wuwei3579 ($1.60 in chips) 
Seat 5: ps.dimas ($0.80 in chips) 
Seat 6: Directive4 ($0.75 in chips) 
Seat 7: Dorex2007 ($2.18 in chips) 
Seat 8: idealt1-2 ($2.18 in chips) 
Seat 9: umka186 ($2.03 in chips) 
dazza12373: posts small blind $0.01
wuwei3579: posts big blind $0.02
*** HOLE CARDS ***
Dealt to Dorex2007 [Jd Qd]
ps.dimas: folds 
Directive4: folds 
Dorex2007: raises $0.02 to $0.04
idealt1-2: folds 
umka186: folds 
Bar_suk_077: folds 
shiitake0000: folds 
dazza12373: folds 
wuwei3579: folds 
Uncalled bet ($0.02) returned to Dorex2007
Dorex2007 collected $0.05 from pot
Dorex2007: doesn't show hand 
*** SUMMARY ***
Total pot $0.05 | Rake $0 
Seat 1: Bar_suk_077 folded before Flop (didn't bet)
Seat 2: shiitake0000 (button) folded before Flop (didn't bet)
Seat 3: dazza12373 (small blind) folded before Flop
Seat 4: wuwei3579 (big blind) folded before Flop
Seat 5: ps.dimas folded before Flop (didn't bet)
Seat 6: Directive4 folded before Flop (didn't bet)
Seat 7: Dorex2007 collected ($0.05)
Seat 8: idealt1-2 folded before Flop (didn't bet)
Seat 9: umka186 folded before Flop (didn't bet)



PokerStars Hand #232893575569:  Hold'em No Limit ($0.01/$0.02 USD) - 2022/01/06 22:21:51 PT [2022/01/07 1:21:51 ET]
Table 'Skadi IV' 9-max Seat #3 is the button
Seat 1: Bar_suk_077 ($2.10 in chips) 
Seat 2: shiitake0000 ($0.41 in chips) 
Seat 3: dazza12373 ($2.84 in chips) 
Seat 4: wuwei3579 ($1.58 in chips) 
Seat 5: ps.dimas ($0.80 in chips) 
Seat 6: Directive4 ($0.75 in chips) 
Seat 7: Dorex2007 ($2.21 in chips) 
Seat 8: idealt1-2 ($2.18 in chips) 
Seat 9: umka186 ($2.03 in chips) 
wuwei3579: posts small blind $0.01
ps.dimas: posts big blind $0.02
*** HOLE CARDS ***
Dealt to Dorex2007 [2h 4d]
Directive4: folds 
Dorex2007: folds 
idealt1-2: folds 
umka186: folds 
Bar_suk_077: raises $0.04 to $0.06
shiitake0000: folds 
dazza12373: calls $0.06
wuwei3579: folds 
ps.dimas: folds 
*** FLOP *** [Qd 5h 6c]
Bar_suk_077: bets $0.09
dazza12373: calls $0.09
*** TURN *** [Qd 5h 6c] [Ts]
Bar_suk_077: checks 
dazza12373: bets $0.16
Bar_suk_077: folds 
Uncalled bet ($0.16) returned to dazza12373
dazza12373 collected $0.32 from pot
dazza12373: doesn't show hand 
*** SUMMARY ***
Total pot $0.33 | Rake $0.01 
Board [Qd 5h 6c Ts]
Seat 1: Bar_suk_077 folded on the Turn
Seat 2: shiitake0000 folded before Flop (didn't bet)
Seat 3: dazza12373 (button) collected ($0.32)
Seat 4: wuwei3579 (small blind) folded before Flop
Seat 5: ps.dimas (big blind) folded before Flop
Seat 6: Directive4 folded before Flop (didn't bet)
Seat 7: Dorex2007 folded before Flop (didn't bet)
Seat 8: idealt1-2 folded before Flop (didn't bet)
Seat 9: umka186 folded before Flop (didn't bet)



PokerStars Hand #232893582967:  Hold'em No Limit ($0.01/$0.02 USD) - 2022/01/06 22:22:40 PT [2022/01/07 1:22:40 ET]
Table 'Skadi IV' 9-max Seat #4 is the button
Seat 1: Bar_suk_077 ($2 in chips) 
Seat 2: shiitake0000 ($0.41 in chips) 
Seat 3: dazza12373 ($3.01 in chips) 
Seat 4: wuwei3579 ($1.57 in chips) 
Seat 5: ps.dimas ($0.80 in chips) 
Seat 6: Directive4 ($0.75 in chips) 
Seat 7: Dorex2007 ($2.21 in chips) 
Seat 8: idealt1-2 ($2.18 in chips) 
Seat 9: umka186 ($2.03 in chips) 
ps.dimas: posts small blind $0.01
Directive4: posts big blind $0.02
*** HOLE CARDS ***
Dealt to Dorex2007 [4s 5c]
Dorex2007: folds 
idealt1-2: folds 
umka186: folds 
Bar_suk_077: raises $0.04 to $0.06
shiitake0000: folds 
dazza12373: folds 
wuwei3579: folds 
ps.dimas: folds 
Directive4: folds 
Uncalled bet ($0.04) returned to Bar_suk_077
Bar_suk_077 collected $0.05 from pot
Bar_suk_077: doesn't show hand 
*** SUMMARY ***
Total pot $0.05 | Rake $0 
Seat 1: Bar_suk_077 collected ($0.05)
Seat 2: shiitake0000 folded before Flop (didn't bet)
Seat 3: dazza12373 folded before Flop (didn't bet)
Seat 4: wuwei3579 (button) folded before Flop (didn't bet)
Seat 5: ps.dimas (small blind) folded before Flop
Seat 6: Directive4 (big blind) folded before Flop
Seat 7: Dorex2007 folded before Flop (didn't bet)
Seat 8: idealt1-2 folded before Flop (didn't bet)
Seat 9: umka186 folded before Flop (didn't bet)



PokerStars Hand #232893586961:  Hold'em No Limit ($0.01/$0.02 USD) - 2022/01/06 22:23:07 PT [2022/01/07 1:23:07 ET]
Table 'Skadi IV' 9-max Seat #5 is the button
Seat 1: Bar_suk_077 ($2.03 in chips) 
Seat 2: shiitake0000 ($0.41 in chips) 
Seat 3: dazza12373 ($3.01 in chips) 
Seat 4: wuwei3579 ($1.57 in chips) 
Seat 5: ps.dimas ($0.80 in chips) 
Seat 6: Directive4 ($0.73 in chips) 
Seat 7: Dorex2007 ($2.21 in chips) 
Seat 8: idealt1-2 ($2.18 in chips) 
Seat 9: umka186 ($2.03 in chips) 
Directive4: posts small blind $0.01
Dorex2007: posts big blind $0.02
*** HOLE CARDS ***
Dealt to Dorex2007 [4s 8c]
idealt1-2: folds 
umka186: folds 
Bar_suk_077: folds 
shiitake0000: raises $0.39 to $0.41 and is all-in
dazza12373: folds 
wuwei3579: folds 
ps.dimas: folds 
Directive4: folds 
Dorex2007: folds 
Uncalled bet ($0.39) returned to shiitake0000
shiitake0000 collected $0.05 from pot
shiitake0000: doesn't show hand 
*** SUMMARY ***
Total pot $0.05 | Rake $0 
Seat 1: Bar_suk_077 folded before Flop (didn't bet)
Seat 2: shiitake0000 collected ($0.05)
Seat 3: dazza12373 folded before Flop (didn't bet)
Seat 4: wuwei3579 folded before Flop (didn't bet)
Seat 5: ps.dimas (button) folded before Flop (didn't bet)
Seat 6: Directive4 (small blind) folded before Flop
Seat 7: Dorex2007 (big blind) folded before Flop
Seat 8: idealt1-2 folded before Flop (didn't bet)
Seat 9: umka186 folded before Flop (didn't bet)



PokerStars Hand #232893590994:  Hold'em No Limit ($0.01/$0.02 USD) - 2022/01/06 22:23:33 PT [2022/01/07 1:23:33 ET]
Table 'Skadi IV' 9-max Seat #6 is the button
Seat 1: Bar_suk_077 ($2.03 in chips) 
Seat 2: shiitake0000 ($0.44 in chips) 
Seat 3: dazza12373 ($3.01 in chips) 
Seat 4: wuwei3579 ($1.57 in chips) 
Seat 5: ps.dimas ($0.80 in chips) 
Seat 6: Directive4 ($0.72 in chips) 
Seat 7: Dorex2007 ($2.19 in chips) 
Seat 8: idealt1-2 ($2.18 in chips) 
Seat 9: umka186 ($2.03 in chips) 
Dorex2007: posts small blind $0.01
idealt1-2: posts big blind $0.02
*** HOLE CARDS ***
Dealt to Dorex2007 [9h Js]
umka186: folds 
Bar_suk_077: folds 
shiitake0000: folds 
dazza12373: folds 
wuwei3579: folds 
ps.dimas: folds 
Directive4: folds 
Dorex2007: folds 
Uncalled bet ($0.01) returned to idealt1-2
idealt1-2 collected $0.02 from pot
idealt1-2: doesn't show hand 
*** SUMMARY ***
Total pot $0.02 | Rake $0 
Seat 1: Bar_suk_077 folded before Flop (didn't bet)
Seat 2: shiitake0000 folded before Flop (didn't bet)
Seat 3: dazza12373 folded before Flop (didn't bet)
Seat 4: wuwei3579 folded before Flop (didn't bet)
Seat 5: ps.dimas folded before Flop (didn't bet)
Seat 6: Directive4 (button) folded before Flop (didn't bet)
Seat 7: Dorex2007 (small blind) folded before Flop
Seat 8: idealt1-2 (big blind) collected ($0.02)
Seat 9: umka186 folded before Flop (didn't bet)



PokerStars Hand #232893601633:  Hold'em No Limit ($0.01/$0.02 USD) - 2022/01/06 22:23:53 PT [2022/01/07 1:23:53 ET]
Table 'Skadi IV' 9-max Seat #7 is the button
Seat 1: Bar_suk_077 ($2.03 in chips) 
Seat 2: shiitake0000 ($0.44 in chips) 
Seat 3: dazza12373 ($3.01 in chips) 
Seat 4: wuwei3579 ($1.57 in chips) 
Seat 5: ps.dimas ($0.80 in chips) 
Seat 6: Directive4 ($0.72 in chips) 
Seat 7: Dorex2007 ($2.18 in chips) 
Seat 8: idealt1-2 ($2.19 in chips) 
Seat 9: umka186 ($2.03 in chips) 
idealt1-2: posts small blind $0.01
umka186: posts big blind $0.02
*** HOLE CARDS ***
Dealt to Dorex2007 [Ks 2s]
Bar_suk_077: folds 
shiitake0000: folds 
dazza12373: folds 
wuwei3579: folds 
ps.dimas: folds 
Directive4: folds 
Dorex2007: folds 
idealt1-2: folds 
Uncalled bet ($0.01) returned to umka186
umka186 collected $0.02 from pot
*** SUMMARY ***
Total pot $0.02 | Rake $0 
Seat 1: Bar_suk_077 folded before Flop (didn't bet)
Seat 2: shiitake0000 folded before Flop (didn't bet)
Seat 3: dazza12373 folded before Flop (didn't bet)
Seat 4: wuwei3579 folded before Flop (didn't bet)
Seat 5: ps.dimas folded before Flop (didn't bet)
Seat 6: Directive4 folded before Flop (didn't bet)
Seat 7: Dorex2007 (button) folded before Flop (didn't bet)
Seat 8: idealt1-2 (small blind) folded before Flop
Seat 9: umka186 (big blind) collected ($0.02)



PokerStars Hand #232893606226:  Hold'em No Limit ($0.01/$0.02 USD) - 2022/01/06 22:24:24 PT [2022/01/07 1:24:24 ET]
Table 'Skadi IV' 9-max Seat #8 is the button
Seat 1: Bar_suk_077 ($2.03 in chips) 
Seat 2: shiitake0000 ($0.44 in chips) 
Seat 3: dazza12373 ($3.01 in chips) 
Seat 4: wuwei3579 ($1.57 in chips) 
Seat 5: ps.dimas ($0.80 in chips) 
Seat 6: Directive4 ($0.72 in chips) 
Seat 7: Dorex2007 ($2.18 in chips) 
Seat 8: idealt1-2 ($2.18 in chips) 
Seat 9: umka186 ($2.04 in chips) 
umka186: posts small blind $0.01
Bar_suk_077: posts big blind $0.02
*** HOLE CARDS ***
Dealt to Dorex2007 [3s 8h]
shiitake0000: folds 
dazza12373: folds 
wuwei3579: folds 
ps.dimas: folds 
Directive4: folds 
Dorex2007: folds 
idealt1-2: folds 
umka186: folds 
Uncalled bet ($0.01) returned to Bar_suk_077
Bar_suk_077 collected $0.02 from pot
Bar_suk_077: doesn't show hand 
*** SUMMARY ***
Total pot $0.02 | Rake $0 
Seat 1: Bar_suk_077 (big blind) collected ($0.02)
Seat 2: shiitake0000 folded before Flop (didn't bet)
Seat 3: dazza12373 folded before Flop (didn't bet)
Seat 4: wuwei3579 folded before Flop (didn't bet)
Seat 5: ps.dimas folded before Flop (didn't bet)
Seat 6: Directive4 folded before Flop (didn't bet)
Seat 7: Dorex2007 folded before Flop (didn't bet)
Seat 8: idealt1-2 (button) folded before Flop (didn't bet)
Seat 9: umka186 (small blind) folded before Flop



PokerStars Hand #232893610688:  Hold'em No Limit ($0.01/$0.02 USD) - 2022/01/06 22:24:53 PT [2022/01/07 1:24:53 ET]
Table 'Skadi IV' 9-max Seat #9 is the button
Seat 1: Bar_suk_077 ($2.04 in chips) 
Seat 2: shiitake0000 ($0.44 in chips) 
Seat 3: dazza12373 ($3.01 in chips) 
Seat 4: wuwei3579 ($1.57 in chips) 
Seat 5: ps.dimas ($0.80 in chips) 
Seat 6: Directive4 ($0.72 in chips) 
Seat 7: Dorex2007 ($2.18 in chips) 
Seat 8: idealt1-2 ($2.18 in chips) 
Seat 9: umka186 ($2.03 in chips) 
Bar_suk_077: posts small blind $0.01
shiitake0000: posts big blind $0.02
*** HOLE CARDS ***
Dealt to Dorex2007 [4h 5s]
dazza12373: folds 
wuwei3579: raises $0.04 to $0.06
ps.dimas: folds 
Directive4: folds 
Dorex2007: folds 
idealt1-2: calls $0.06
umka186: folds 
Bar_suk_077: folds 
shiitake0000: calls $0.04
*** FLOP *** [3h 7s 4c]
shiitake0000: checks 
wuwei3579: bets $0.06
idealt1-2: calls $0.06
shiitake0000: folds 
*** TURN *** [3h 7s 4c] [7c]
wuwei3579: checks 
idealt1-2: checks 
*** RIVER *** [3h 7s 4c 7c] [3d]
wuwei3579: checks 
idealt1-2: checks 
*** SHOW DOWN ***
wuwei3579: shows [Ah 2h] (two pair, Sevens and Threes)
idealt1-2: mucks hand 
wuwei3579 collected $0.30 from pot
*** SUMMARY ***
Total pot $0.31 | Rake $0.01 
Board [3h 7s 4c 7c 3d]
Seat 1: Bar_suk_077 (small blind) folded before Flop
Seat 2: shiitake0000 (big blind) folded on the Flop
Seat 3: dazza12373 folded before Flop (didn't bet)
Seat 4: wuwei3579 showed [Ah 2h] and won ($0.30) with two pair, Sevens and Threes
Seat 5: ps.dimas folded before Flop (didn't bet)
Seat 6: Directive4 folded before Flop (didn't bet)
Seat 7: Dorex2007 folded before Flop (didn't bet)
Seat 8: idealt1-2 mucked [Jc Ks]
Seat 9: umka186 (button) folded before Flop (didn't bet)



PokerStars Hand #232893618410:  Hold'em No Limit ($0.01/$0.02 USD) - 2022/01/06 22:25:46 PT [2022/01/07 1:25:46 ET]
Table 'Skadi IV' 9-max Seat #1 is the button
Seat 1: Bar_suk_077 ($2.03 in chips) 
Seat 2: shiitake0000 ($0.38 in chips) 
Seat 3: dazza12373 ($3.01 in chips) 
Seat 4: wuwei3579 ($1.75 in chips) 
Seat 5: ps.dimas ($0.80 in chips) 
Seat 6: Directive4 ($0.72 in chips) 
Seat 7: Dorex2007 ($2.18 in chips) 
Seat 8: idealt1-2 ($2.06 in chips) 
Seat 9: umka186 ($2.03 in chips) 
shiitake0000: posts small blind $0.01
dazza12373: posts big blind $0.02
*** HOLE CARDS ***
Dealt to Dorex2007 [Qh Kd]
wuwei3579: folds 
ps.dimas: folds 
Directive4: folds 
Dorex2007: calls $0.02
idealt1-2: calls $0.02
umka186: folds 
Bar_suk_077: folds 
shiitake0000: calls $0.01
dazza12373: checks 
*** FLOP *** [Tc As 7s]
shiitake0000: checks 
dazza12373: checks 
Dorex2007: checks 
idealt1-2: checks 
*** TURN *** [Tc As 7s] [2h]
shiitake0000: checks 
dazza12373: bets $0.02
Dorex2007: calls $0.02
idealt1-2: folds 
shiitake0000: folds 
*** RIVER *** [Tc As 7s 2h] [2c]
dazza12373: bets $0.02
Dorex2007: raises $0.08 to $0.10
dazza12373: folds 
Uncalled bet ($0.08) returned to Dorex2007
Dorex2007 collected $0.15 from pot
Dorex2007: doesn't show hand 
*** SUMMARY ***
Total pot $0.16 | Rake $0.01 
Board [Tc As 7s 2h 2c]
Seat 1: Bar_suk_077 (button) folded before Flop (didn't bet)
Seat 2: shiitake0000 (small blind) folded on the Turn
Seat 3: dazza12373 (big blind) folded on the River
Seat 4: wuwei3579 folded before Flop (didn't bet)
Seat 5: ps.dimas folded before Flop (didn't bet)
Seat 6: Directive4 folded before Flop (didn't bet)
Seat 7: Dorex2007 collected ($0.15)
Seat 8: idealt1-2 folded on the Turn
Seat 9: umka186 folded before Flop (didn't bet)



PokerStars Hand #232893627603:  Hold'em No Limit ($0.01/$0.02 USD) - 2022/01/06 22:26:47 PT [2022/01/07 1:26:47 ET]
Table 'Skadi IV' 9-max Seat #2 is the button
Seat 1: Bar_suk_077 ($2.03 in chips) 
Seat 2: shiitake0000 ($0.36 in chips) 
Seat 3: dazza12373 ($2.95 in chips) 
Seat 4: wuwei3579 ($1.75 in chips) 
Seat 5: ps.dimas ($0.80 in chips) 
Seat 6: Directive4 ($0.72 in chips) 
Seat 7: Dorex2007 ($2.27 in chips) 
Seat 8: idealt1-2 ($2.04 in chips) 
Seat 9: umka186 ($2.03 in chips) 
dazza12373: posts small blind $0.01
wuwei3579: posts big blind $0.02
*** HOLE CARDS ***
Dealt to Dorex2007 [8c Ac]
ps.dimas: folds 
Directive4: folds 
Dorex2007: raises $0.02 to $0.04
idealt1-2: calls $0.04
umka186: folds 
Bar_suk_077: folds 
shiitake0000: raises $0.32 to $0.36 and is all-in
dazza12373: folds 
wuwei3579: folds 
Dorex2007: folds 
idealt1-2: calls $0.32
*** FLOP *** [8s Th 5s]
*** TURN *** [8s Th 5s] [4h]
*** RIVER *** [8s Th 5s 4h] [4c]
*** SHOW DOWN ***
idealt1-2: shows [6c 6s] (two pair, Sixes and Fours)
shiitake0000: shows [Ts Ah] (two pair, Tens and Fours)
shiitake0000 collected $0.76 from pot
idealt1-2 cashed out the hand for $0.42
*** SUMMARY ***
Total pot $0.79 | Rake $0.03 
Board [8s Th 5s 4h 4c]
Seat 1: Bar_suk_077 folded before Flop (didn't bet)
Seat 2: shiitake0000 (button) showed [Ts Ah] and won ($0.76) with two pair, Tens and Fours
Seat 3: dazza12373 (small blind) folded before Flop
Seat 4: wuwei3579 (big blind) folded before Flop
Seat 5: ps.dimas folded before Flop (didn't bet)
Seat 6: Directive4 folded before Flop (didn't bet)
Seat 7: Dorex2007 folded before Flop
Seat 8: idealt1-2 showed [6c 6s] and lost with two pair, Sixes and Fours (cashed out).
Seat 9: umka186 folded before Flop (didn't bet)



PokerStars Hand #232893634565:  Hold'em No Limit ($0.01/$0.02 USD) - 2022/01/06 22:27:34 PT [2022/01/07 1:27:34 ET]
Table 'Skadi IV' 9-max Seat #3 is the button
Seat 1: Bar_suk_077 ($2.03 in chips) 
Seat 2: shiitake0000 ($0.76 in chips) 
Seat 3: dazza12373 ($2.94 in chips) 
Seat 4: wuwei3579 ($1.73 in chips) 
Seat 5: ps.dimas ($0.80 in chips) 
Seat 6: Directive4 ($0.72 in chips) 
Seat 7: Dorex2007 ($2.23 in chips) 
Seat 8: idealt1-2 ($2.10 in chips) 
Seat 9: umka186 ($2.03 in chips) 
wuwei3579: posts small blind $0.01
ps.dimas: posts big blind $0.02
*** HOLE CARDS ***
Dealt to Dorex2007 [6s 5d]
Directive4: folds 
Dorex2007: folds 
idealt1-2: folds 
umka186: folds 
Bar_suk_077: raises $0.04 to $0.06
shiitake0000: folds 
dazza12373: folds 
wuwei3579: folds 
ps.dimas: folds 
Uncalled bet ($0.04) returned to Bar_suk_077
Bar_suk_077 collected $0.05 from pot
Bar_suk_077: doesn't show hand 
*** SUMMARY ***
Total pot $0.05 | Rake $0 
Seat 1: Bar_suk_077 collected ($0.05)
Seat 2: shiitake0000 folded before Flop (didn't bet)
Seat 3: dazza12373 (button) folded before Flop (didn't bet)
Seat 4: wuwei3579 (small blind) folded before Flop
Seat 5: ps.dimas (big blind) folded before Flop
Seat 6: Directive4 folded before Flop (didn't bet)
Seat 7: Dorex2007 folded before Flop (didn't bet)
Seat 8: idealt1-2 folded before Flop (didn't bet)
Seat 9: umka186 folded before Flop (didn't bet)



PokerStars Hand #232893637506:  Hold'em No Limit ($0.01/$0.02 USD) - 2022/01/06 22:27:54 PT [2022/01/07 1:27:54 ET]
Table 'Skadi IV' 9-max Seat #4 is the button
Seat 1: Bar_suk_077 ($2.06 in chips) 
Seat 2: shiitake0000 ($0.76 in chips) 
Seat 3: dazza12373 ($2.94 in chips) 
Seat 4: wuwei3579 ($1.72 in chips) 
Seat 5: ps.dimas ($0.80 in chips) 
Seat 6: Directive4 ($0.72 in chips) 
Seat 7: Dorex2007 ($2.23 in chips) 
Seat 8: idealt1-2 ($2.10 in chips) 
Seat 9: umka186 ($2.03 in chips) 
ps.dimas: posts small blind $0.01
Directive4: posts big blind $0.02
*** HOLE CARDS ***
Dealt to Dorex2007 [6d 7h]
Dorex2007: folds 
idealt1-2: folds 
umka186: folds 
Bar_suk_077: folds 
shiitake0000: raises $0.04 to $0.06
dazza12373: folds 
wuwei3579: calls $0.06
ps.dimas: folds 
Directive4: folds 
*** FLOP *** [9s Ts Ad]
shiitake0000: bets $0.04
wuwei3579: calls $0.04
*** TURN *** [9s Ts Ad] [Tc]
shiitake0000: bets $0.11
wuwei3579: folds 
Uncalled bet ($0.11) returned to shiitake0000
shiitake0000 collected $0.22 from pot
shiitake0000: doesn't show hand 
*** SUMMARY ***
Total pot $0.23 | Rake $0.01 
Board [9s Ts Ad Tc]
Seat 1: Bar_suk_077 folded before Flop (didn't bet)
Seat 2: shiitake0000 collected ($0.22)
Seat 3: dazza12373 folded before Flop (didn't bet)
Seat 4: wuwei3579 (button) folded on the Turn
Seat 5: ps.dimas (small blind) folded before Flop
Seat 6: Directive4 (big blind) folded before Flop
Seat 7: Dorex2007 folded before Flop (didn't bet)
Seat 8: idealt1-2 folded before Flop (didn't bet)
Seat 9: umka186 folded before Flop (didn't bet)



PokerStars Hand #232893656349:  Hold'em No Limit ($0.01/$0.02 USD) - 2022/01/06 22:30:00 PT [2022/01/07 1:30:00 ET]
Table 'Skadi IV' 9-max Seat #8 is the button
Seat 1: Bar_suk_077 ($2.06 in chips) 
Seat 2: shiitake0000 ($0.88 in chips) 
Seat 3: dazza12373 ($2.94 in chips) 
Seat 4: wuwei3579 ($1.62 in chips) 
Seat 5: ps.dimas ($0.80 in chips) 
Seat 7: Dorex2007 ($2.23 in chips) 
Seat 8: idealt1-2 ($1.68 in chips) 
Seat 9: umka186 ($2 in chips) 
umka186: posts small blind $0.01
Bar_suk_077: posts big blind $0.02
Dorex2007: posts small & big blinds $0.03
*** HOLE CARDS ***
Dealt to Dorex2007 [As Kd]
shiitake0000: folds 
dazza12373: folds 
wuwei3579: folds 
ps.dimas: folds 
Dorex2007: raises $0.06 to $0.08
idealt1-2: folds 
umka186: folds 
Bar_suk_077: folds 
Uncalled bet ($0.06) returned to Dorex2007
Dorex2007 collected $0.06 from pot
Dorex2007: doesn't show hand 
*** SUMMARY ***
Total pot $0.06 | Rake $0 
Seat 1: Bar_suk_077 (big blind) folded before Flop
Seat 2: shiitake0000 folded before Flop (didn't bet)
Seat 3: dazza12373 folded before Flop (didn't bet)
Seat 4: wuwei3579 folded before Flop (didn't bet)
Seat 5: ps.dimas folded before Flop (didn't bet)
Seat 7: Dorex2007 collected ($0.06)
Seat 8: idealt1-2 (button) folded before Flop (didn't bet)
Seat 9: umka186 (small blind) folded before Flop



PokerStars Hand #232893660231:  Hold'em No Limit ($0.01/$0.02 USD) - 2022/01/06 22:30:27 PT [2022/01/07 1:30:27 ET]
Table 'Skadi IV' 9-max Seat #9 is the button
Seat 1: Bar_suk_077 ($2.04 in chips) 
Seat 2: shiitake0000 ($0.88 in chips) 
Seat 3: dazza12373 ($2.94 in chips) 
Seat 5: ps.dimas ($0.80 in chips) 
Seat 6: Directive4 ($0.80 in chips) 
Seat 7: Dorex2007 ($2.26 in chips) 
Seat 8: idealt1-2 ($1.68 in chips) 
Seat 9: umka186 ($2 in chips) 
Bar_suk_077: posts small blind $0.01
shiitake0000: posts big blind $0.02
*** HOLE CARDS ***
Dealt to Dorex2007 [Qh Qc]
dazza12373: folds 
ps.dimas: folds 
Directive4: folds 
Dorex2007: raises $0.04 to $0.06
idealt1-2: folds 
umka186: folds 
Bar_suk_077: folds 
shiitake0000: calls $0.04
*** FLOP *** [Td As 4c]
shiitake0000: checks 
Dorex2007: bets $0.07
shiitake0000: calls $0.07
*** TURN *** [Td As 4c] [Js]
shiitake0000: checks 
Dorex2007: checks 
*** RIVER *** [Td As 4c Js] [6h]
shiitake0000: bets $0.26
Dorex2007: calls $0.26
*** SHOW DOWN ***
shiitake0000: shows [Jd Th] (two pair, Jacks and Tens)
Dorex2007: mucks hand 
shiitake0000 collected $0.76 from pot
*** SUMMARY ***
Total pot $0.79 | Rake $0.03 
Board [Td As 4c Js 6h]
Seat 1: Bar_suk_077 (small blind) folded before Flop
Seat 2: shiitake0000 (big blind) showed [Jd Th] and won ($0.76) with two pair, Jacks and Tens
Seat 3: dazza12373 folded before Flop (didn't bet)
Seat 5: ps.dimas folded before Flop (didn't bet)
Seat 6: Directive4 folded before Flop (didn't bet)
Seat 7: Dorex2007 mucked [Qh Qc]
Seat 8: idealt1-2 folded before Flop (didn't bet)
Seat 9: umka186 (button) folded before Flop (didn't bet)



PokerStars Hand #232893667840:  Hold'em No Limit ($0.01/$0.02 USD) - 2022/01/06 22:31:18 PT [2022/01/07 1:31:18 ET]
Table 'Skadi IV' 9-max Seat #1 is the button
Seat 1: Bar_suk_077 ($2.03 in chips) 
Seat 2: shiitake0000 ($1.25 in chips) 
Seat 3: dazza12373 ($2.94 in chips) 
Seat 5: ps.dimas ($0.80 in chips) 
Seat 6: Directive4 ($0.80 in chips) 
Seat 7: Dorex2007 ($2 in chips) 
Seat 8: idealt1-2 ($1.68 in chips) 
Seat 9: umka186 ($2 in chips) 
shiitake0000: posts small blind $0.01
dazza12373: posts big blind $0.02
*** HOLE CARDS ***
Dealt to Dorex2007 [7s 4d]
ps.dimas: folds 
Directive4: folds 
Dorex2007: folds 
idealt1-2: folds 
umka186: raises $0.03 to $0.05
Bar_suk_077: calls $0.05
shiitake0000: folds 
dazza12373: folds 
*** FLOP *** [Ad Jd Ks]
umka186: checks 
Bar_suk_077: bets $0.10
umka186: calls $0.10
*** TURN *** [Ad Jd Ks] [Qd]
umka186: checks 
Bar_suk_077: bets $0.16
umka186: calls $0.16
*** RIVER *** [Ad Jd Ks Qd] [Jh]
umka186: checks 
Bar_suk_077: bets $0.47
umka186: raises $1.22 to $1.69 and is all-in
Bar_suk_077: calls $1.22
*** SHOW DOWN ***
umka186: shows [Qc Qs] (a full house, Queens full of Jacks)
Bar_suk_077: shows [Ac Jc] (a full house, Jacks full of Aces)
umka186 collected $3.89 from pot
*** SUMMARY ***
Total pot $4.03 | Rake $0.14 
Board [Ad Jd Ks Qd Jh]
Seat 1: Bar_suk_077 (button) showed [Ac Jc] and lost with a full house, Jacks full of Aces
Seat 2: shiitake0000 (small blind) folded before Flop
Seat 3: dazza12373 (big blind) folded before Flop
Seat 5: ps.dimas folded before Flop (didn't bet)
Seat 6: Directive4 folded before Flop (didn't bet)
Seat 7: Dorex2007 folded before Flop (didn't bet)
Seat 8: idealt1-2 folded before Flop (didn't bet)
Seat 9: umka186 showed [Qc Qs] and won ($3.89) with a full house, Queens full of Jacks



PokerStars Hand #232893677864:  Hold'em No Limit ($0.01/$0.02 USD) - 2022/01/06 22:32:26 PT [2022/01/07 1:32:26 ET]
Table 'Skadi IV' 9-max Seat #2 is the button
Seat 1: Bar_suk_077 ($2 in chips) 
Seat 2: shiitake0000 ($1.24 in chips) 
Seat 3: dazza12373 ($2.92 in chips) 
Seat 4: wuwei3579 ($1.62 in chips) 
Seat 5: ps.dimas ($0.80 in chips) 
Seat 6: Directive4 ($0.80 in chips) 
Seat 7: Dorex2007 ($2 in chips) 
Seat 8: idealt1-2 ($1.68 in chips) 
Seat 9: umka186 ($3.89 in chips) 
dazza12373: posts small blind $0.01
wuwei3579: posts big blind $0.02
*** HOLE CARDS ***
Dealt to Dorex2007 [2d Js]
ps.dimas: folds 
Directive4: folds 
Dorex2007: folds 
idealt1-2: folds 
umka186: folds 
Bar_suk_077: folds 
shiitake0000: calls $0.02
dazza12373: calls $0.01
wuwei3579: checks 
*** FLOP *** [4s Ts 5h]
dazza12373: checks 
wuwei3579: bets $0.04
shiitake0000: folds 
dazza12373: folds 
Uncalled bet ($0.04) returned to wuwei3579
wuwei3579 collected $0.06 from pot
wuwei3579: doesn't show hand 
*** SUMMARY ***
Total pot $0.06 | Rake $0 
Board [4s Ts 5h]
Seat 1: Bar_suk_077 folded before Flop (didn't bet)
Seat 2: shiitake0000 (button) folded on the Flop
Seat 3: dazza12373 (small blind) folded on the Flop
Seat 4: wuwei3579 (big blind) collected ($0.06)
Seat 5: ps.dimas folded before Flop (didn't bet)
Seat 6: Directive4 folded before Flop (didn't bet)
Seat 7: Dorex2007 folded before Flop (didn't bet)
Seat 8: idealt1-2 folded before Flop (didn't bet)
Seat 9: umka186 folded before Flop (didn't bet)



PokerStars Hand #232893685317:  Hold'em No Limit ($0.01/$0.02 USD) - 2022/01/06 22:33:17 PT [2022/01/07 1:33:17 ET]
Table 'Skadi IV' 9-max Seat #3 is the button
Seat 1: Bar_suk_077 ($2 in chips) 
Seat 2: shiitake0000 ($1.22 in chips) 
Seat 3: dazza12373 ($2.90 in chips) 
Seat 4: wuwei3579 ($1.66 in chips) 
Seat 5: ps.dimas ($0.80 in chips) 
Seat 6: Directive4 ($0.80 in chips) 
Seat 7: Dorex2007 ($2 in chips) 
Seat 8: idealt1-2 ($1.68 in chips) 
Seat 9: umka186 ($3.89 in chips) 
wuwei3579: posts small blind $0.01
ps.dimas: posts big blind $0.02
*** HOLE CARDS ***
Dealt to Dorex2007 [Ts Qs]
Directive4: raises $0.04 to $0.06
Dorex2007: folds 
idealt1-2: folds 
umka186: folds 
Bar_suk_077: folds 
shiitake0000: folds 
dazza12373: folds 
wuwei3579: folds 
ps.dimas: folds 
Uncalled bet ($0.04) returned to Directive4
Directive4 collected $0.05 from pot
Directive4: doesn't show hand 
*** SUMMARY ***
Total pot $0.05 | Rake $0 
Seat 1: Bar_suk_077 folded before Flop (didn't bet)
Seat 2: shiitake0000 folded before Flop (didn't bet)
Seat 3: dazza12373 (button) folded before Flop (didn't bet)
Seat 4: wuwei3579 (small blind) folded before Flop
Seat 5: ps.dimas (big blind) folded before Flop
Seat 6: Directive4 collected ($0.05)
Seat 7: Dorex2007 folded before Flop (didn't bet)
Seat 8: idealt1-2 folded before Flop (didn't bet)
Seat 9: umka186 folded before Flop (didn't bet)



PokerStars Hand #232893688177:  Hold'em No Limit ($0.01/$0.02 USD) - 2022/01/06 22:33:36 PT [2022/01/07 1:33:36 ET]
Table 'Skadi IV' 9-max Seat #4 is the button
Seat 1: Bar_suk_077 ($2 in chips) 
Seat 2: shiitake0000 ($1.22 in chips) 
Seat 3: dazza12373 ($2.90 in chips) 
Seat 4: wuwei3579 ($1.65 in chips) 
Seat 5: ps.dimas ($0.80 in chips) 
Seat 6: Directive4 ($0.83 in chips) 
Seat 7: Dorex2007 ($2 in chips) 
Seat 8: idealt1-2 ($1.68 in chips) 
Seat 9: umka186 ($3.89 in chips) 
ps.dimas: posts small blind $0.01
Directive4: posts big blind $0.02
*** HOLE CARDS ***
Dealt to Dorex2007 [3h Jh]
Dorex2007: folds 
idealt1-2: folds 
umka186: folds 
Bar_suk_077: folds 
shiitake0000: folds 
dazza12373: folds 
wuwei3579: raises $0.04 to $0.06
ps.dimas: folds 
Directive4: folds 
Uncalled bet ($0.04) returned to wuwei3579
wuwei3579 collected $0.05 from pot
wuwei3579: doesn't show hand 
*** SUMMARY ***
Total pot $0.05 | Rake $0 
Seat 1: Bar_suk_077 folded before Flop (didn't bet)
Seat 2: shiitake0000 folded before Flop (didn't bet)
Seat 3: dazza12373 folded before Flop (didn't bet)
Seat 4: wuwei3579 (button) collected ($0.05)
Seat 5: ps.dimas (small blind) folded before Flop
Seat 6: Directive4 (big blind) folded before Flop
Seat 7: Dorex2007 folded before Flop (didn't bet)
Seat 8: idealt1-2 folded before Flop (didn't bet)
Seat 9: umka186 folded before Flop (didn't bet)



PokerStars Hand #232893693526:  Hold'em No Limit ($0.01/$0.02 USD) - 2022/01/06 22:34:13 PT [2022/01/07 1:34:13 ET]
Table 'Skadi IV' 9-max Seat #5 is the button
Seat 1: Bar_suk_077 ($2 in chips) 
Seat 2: shiitake0000 ($1.22 in chips) 
Seat 3: dazza12373 ($2.90 in chips) 
Seat 4: wuwei3579 ($1.68 in chips) 
Seat 5: ps.dimas ($0.80 in chips) 
Seat 6: Directive4 ($0.81 in chips) 
Seat 7: Dorex2007 ($2 in chips) 
Seat 8: idealt1-2 ($1.68 in chips) 
Seat 9: umka186 ($3.89 in chips) 
Directive4: posts small blind $0.01
Dorex2007: posts big blind $0.02
*** HOLE CARDS ***
Dealt to Dorex2007 [Th 8h]
idealt1-2: folds 
umka186: folds 
Bar_suk_077: folds 
shiitake0000: raises $0.04 to $0.06
dazza12373: folds 
wuwei3579: folds 
ps.dimas: folds 
Directive4: folds 
Dorex2007: folds 
Uncalled bet ($0.04) returned to shiitake0000
shiitake0000 collected $0.05 from pot
shiitake0000: doesn't show hand 
*** SUMMARY ***
Total pot $0.05 | Rake $0 
Seat 1: Bar_suk_077 folded before Flop (didn't bet)
Seat 2: shiitake0000 collected ($0.05)
Seat 3: dazza12373 folded before Flop (didn't bet)
Seat 4: wuwei3579 folded before Flop (didn't bet)
Seat 5: ps.dimas (button) folded before Flop (didn't bet)
Seat 6: Directive4 (small blind) folded before Flop
Seat 7: Dorex2007 (big blind) folded before Flop
Seat 8: idealt1-2 folded before Flop (didn't bet)
Seat 9: umka186 folded before Flop (didn't bet)



PokerStars Hand #232893696113:  Hold'em No Limit ($0.01/$0.02 USD) - 2022/01/06 22:34:31 PT [2022/01/07 1:34:31 ET]
Table 'Skadi IV' 9-max Seat #6 is the button
Seat 1: Bar_suk_077 ($2 in chips) 
Seat 2: shiitake0000 ($1.25 in chips) 
Seat 3: dazza12373 ($2.90 in chips) 
Seat 4: wuwei3579 ($1.68 in chips) 
Seat 5: ps.dimas ($0.80 in chips) 
Seat 6: Directive4 ($0.80 in chips) 
Seat 7: Dorex2007 ($2 in chips) 
Seat 8: idealt1-2 ($1.68 in chips) 
Seat 9: umka186 ($3.89 in chips) 
Dorex2007: posts small blind $0.01
idealt1-2: posts big blind $0.02
*** HOLE CARDS ***
Dealt to Dorex2007 [Ac Kc]
umka186: folds 
umka186 leaves the table
Bar_suk_077: folds 
shiitake0000: folds 
dazza12373: folds 
wuwei3579: raises $0.04 to $0.06
ps.dimas: folds 
Directive4: calls $0.06
Dorex2007: calls $0.05
idealt1-2: folds 
*** FLOP *** [Kd 7c 6h]
Dorex2007: checks 
wuwei3579: bets $0.06
Directive4: calls $0.06
Dorex2007: raises $0.12 to $0.18
wuwei3579: calls $0.12
Directive4: folds 
*** TURN *** [Kd 7c 6h] [Th]
Tavrus32 joins the table at seat #9 
Dorex2007: bets $0.60
wuwei3579: folds 
Uncalled bet ($0.60) returned to Dorex2007
Dorex2007 collected $0.60 from pot
Dorex2007: doesn't show hand 
*** SUMMARY ***
Total pot $0.62 | Rake $0.02 
Board [Kd 7c 6h Th]
Seat 1: Bar_suk_077 folded before Flop (didn't bet)
Seat 2: shiitake0000 folded before Flop (didn't bet)
Seat 3: dazza12373 folded before Flop (didn't bet)
Seat 4: wuwei3579 folded on the Turn
Seat 5: ps.dimas folded before Flop (didn't bet)
Seat 6: Directive4 (button) folded on the Flop
Seat 7: Dorex2007 (small blind) collected ($0.60)
Seat 8: idealt1-2 (big blind) folded before Flop
Seat 9: umka186 folded before Flop (didn't bet)



PokerStars Hand #232893707241:  Hold'em No Limit ($0.01/$0.02 USD) - 2022/01/06 22:35:46 PT [2022/01/07 1:35:46 ET]
Table 'Skadi IV' 9-max Seat #7 is the button
Seat 2: shiitake0000 ($1.25 in chips) 
Seat 3: dazza12373 ($2.90 in chips) 
Seat 4: wuwei3579 ($1.44 in chips) 
Seat 5: ps.dimas ($0.80 in chips) 
Seat 6: Directive4 ($0.68 in chips) 
Seat 7: Dorex2007 ($2.36 in chips) 
Seat 8: idealt1-2 ($1.66 in chips) 
idealt1-2: posts small blind $0.01
Tavrus32: is sitting out 
Tavrus32 leaves the table
Bar_suk_077: is sitting out 
shiitake0000: posts big blind $0.02
*** HOLE CARDS ***
Dealt to Dorex2007 [8c Js]
dazza12373: raises $0.02 to $0.04
Bar_suk_077 leaves the table
wuwei3579: raises $0.02 to $0.06
ps.dimas: folds 
Directive4: folds 
Dorex2007: folds 
idealt1-2: folds 
shiitake0000: folds 
Stranger1933 joins the table at seat #9 
dazza12373: calls $0.02
*** FLOP *** [Kh Qd Qh]
dazza12373: checks 
wuwei3579: checks 
*** TURN *** [Kh Qd Qh] [3c]
dazza12373: bets $0.07
wuwei3579: calls $0.07
*** RIVER *** [Kh Qd Qh 3c] [2c]
dazza12373: checks 
wuwei3579: bets $0.26
dazza12373: folds 
Uncalled bet ($0.26) returned to wuwei3579
wuwei3579 collected $0.28 from pot
wuwei3579: doesn't show hand 
*** SUMMARY ***
Total pot $0.29 | Rake $0.01 
Board [Kh Qd Qh 3c 2c]
Seat 2: shiitake0000 (big blind) folded before Flop
Seat 3: dazza12373 folded on the River
Seat 4: wuwei3579 collected ($0.28)
Seat 5: ps.dimas folded before Flop (didn't bet)
Seat 6: Directive4 folded before Flop (didn't bet)
Seat 7: Dorex2007 (button) folded before Flop (didn't bet)
Seat 8: idealt1-2 (small blind) folded before Flop



PokerStars Hand #232893720941:  Hold'em No Limit ($0.01/$0.02 USD) - 2022/01/06 22:36:28 PT [2022/01/07 1:36:28 ET]
Table 'Skadi IV' 9-max Seat #8 is the button
Seat 2: shiitake0000 ($1.23 in chips) 
Seat 3: dazza12373 ($2.77 in chips) 
Seat 4: wuwei3579 ($1.59 in chips) 
Seat 5: ps.dimas ($0.80 in chips) 
Seat 6: Directive4 ($0.68 in chips) 
Seat 7: Dorex2007 ($2.36 in chips) 
Seat 8: idealt1-2 ($1.65 in chips) 
shiitake0000: posts small blind $0.01
dazza12373: posts big blind $0.02
*** HOLE CARDS ***
Dealt to Dorex2007 [Jc 6c]
wuwei3579: raises $0.04 to $0.06
ps.dimas: folds 
Directive4: folds 
Dorex2007: folds 
idealt1-2: folds 
shiitake0000: folds 
dazza12373: calls $0.04
*** FLOP *** [Td Ts Kc]
dazza12373: checks 
wuwei3579: bets $0.06
dazza12373: folds 
Uncalled bet ($0.06) returned to wuwei3579
sukhmanladhar joins the table at seat #1 
wuwei3579 collected $0.13 from pot
wuwei3579: doesn't show hand 
*** SUMMARY ***
Total pot $0.13 | Rake $0 
Board [Td Ts Kc]
Seat 2: shiitake0000 (small blind) folded before Flop
Seat 3: dazza12373 (big blind) folded on the Flop
Seat 4: wuwei3579 collected ($0.13)
Seat 5: ps.dimas folded before Flop (didn't bet)
Seat 6: Directive4 folded before Flop (didn't bet)
Seat 7: Dorex2007 folded before Flop (didn't bet)
Seat 8: idealt1-2 (button) folded before Flop (didn't bet)



PokerStars Hand #232893724367:  Hold'em No Limit ($0.01/$0.02 USD) - 2022/01/06 22:36:51 PT [2022/01/07 1:36:51 ET]
Table 'Skadi IV' 9-max Seat #2 is the button
Seat 2: shiitake0000 ($1.22 in chips) 
Seat 3: dazza12373 ($2.71 in chips) 
Seat 4: wuwei3579 ($1.66 in chips) 
Seat 5: ps.dimas ($0.80 in chips) 
Seat 6: Directive4 ($0.68 in chips) 
Seat 7: Dorex2007 ($2.36 in chips) 
Seat 8: idealt1-2 ($1.65 in chips) 
dazza12373: posts small blind $0.01
wuwei3579: posts big blind $0.02
Stranger1933: sits out 
sukhmanladhar: sits out 
*** HOLE CARDS ***
Dealt to Dorex2007 [7c 8h]
ps.dimas: calls $0.02
Directive4: raises $0.08 to $0.10
Dorex2007: folds 
idealt1-2: folds 
shiitake0000: folds 
dazza12373: folds 
wuwei3579: folds 
ps.dimas: calls $0.08
*** FLOP *** [9s Qd 5c]
ps.dimas: checks 
Directive4: bets $0.08
ps.dimas: folds 
Uncalled bet ($0.08) returned to Directive4
Directive4 collected $0.22 from pot
Directive4: doesn't show hand 
*** SUMMARY ***
Total pot $0.23 | Rake $0.01 
Board [9s Qd 5c]
Seat 2: shiitake0000 (button) folded before Flop (didn't bet)
Seat 3: dazza12373 (small blind) folded before Flop
Seat 4: wuwei3579 (big blind) folded before Flop
Seat 5: ps.dimas folded on the Flop
Seat 6: Directive4 collected ($0.22)
Seat 7: Dorex2007 folded before Flop (didn't bet)
Seat 8: idealt1-2 folded before Flop (didn't bet)



PokerStars Hand #232893731214:  Hold'em No Limit ($0.01/$0.02 USD) - 2022/01/06 22:37:37 PT [2022/01/07 1:37:37 ET]
Table 'Skadi IV' 9-max Seat #3 is the button
Seat 1: sukhmanladhar ($1.60 in chips) 
Seat 2: shiitake0000 ($1.22 in chips) 
Seat 3: dazza12373 ($2.70 in chips) 
Seat 4: wuwei3579 ($1.64 in chips) 
Seat 5: ps.dimas ($0.80 in chips) 
Seat 6: Directive4 ($0.80 in chips) 
Seat 7: Dorex2007 ($2.36 in chips) 
Seat 8: idealt1-2 ($1.65 in chips) 
wuwei3579: posts small blind $0.01
ps.dimas: posts big blind $0.02
Stranger1933: sits out 
sukhmanladhar: posts big blind $0.02
*** HOLE CARDS ***
Dealt to Dorex2007 [2c 9h]
Directive4: folds 
Dorex2007: folds 
idealt1-2: folds 
sukhmanladhar: raises $0.02 to $0.04
shiitake0000: folds 
dazza12373: folds 
wuwei3579: raises $0.10 to $0.14
ps.dimas: folds 
sukhmanladhar: calls $0.10
*** FLOP *** [5c 6d Jc]
wuwei3579: bets $0.06
sukhmanladhar: calls $0.06
*** TURN *** [5c 6d Jc] [8d]
wuwei3579: checks 
sukhmanladhar: checks 
*** RIVER *** [5c 6d Jc 8d] [3h]
wuwei3579: checks 
sukhmanladhar: checks 
*** SHOW DOWN ***
wuwei3579: shows [Ts As] (high card Ace)
sukhmanladhar: shows [Kh Ad] (high card Ace - King kicker)
sukhmanladhar collected $0.41 from pot
*** SUMMARY ***
Total pot $0.42 | Rake $0.01 
Board [5c 6d Jc 8d 3h]
Seat 1: sukhmanladhar showed [Kh Ad] and won ($0.41) with high card Ace
Seat 2: shiitake0000 folded before Flop (didn't bet)
Seat 3: dazza12373 (button) folded before Flop (didn't bet)
Seat 4: wuwei3579 (small blind) showed [Ts As] and lost with high card Ace
Seat 5: ps.dimas (big blind) folded before Flop
Seat 6: Directive4 folded before Flop (didn't bet)
Seat 7: Dorex2007 folded before Flop (didn't bet)
Seat 8: idealt1-2 folded before Flop (didn't bet)



PokerStars Hand #232893739172:  Hold'em No Limit ($0.01/$0.02 USD) - 2022/01/06 22:38:30 PT [2022/01/07 1:38:30 ET]
Table 'Skadi IV' 9-max Seat #4 is the button
Seat 1: sukhmanladhar ($1.81 in chips) 
Seat 2: shiitake0000 ($1.22 in chips) 
Seat 3: dazza12373 ($2.70 in chips) 
Seat 4: wuwei3579 ($1.44 in chips) 
Seat 5: ps.dimas ($0.80 in chips) 
Seat 7: Dorex2007 ($2.36 in chips) 
Seat 8: idealt1-2 ($1.65 in chips) 
ps.dimas: posts small blind $0.01
Directive4: is sitting out 
Dorex2007: posts big blind $0.02
Stranger1933: sits out 
*** HOLE CARDS ***
Dealt to Dorex2007 [As 4h]
idealt1-2: calls $0.02
sukhmanladhar: folds 
shiitake0000: calls $0.02
dazza12373: calls $0.02
wuwei3579: folds 
ps.dimas: folds 
Dorex2007: checks 
*** FLOP *** [Th Jh 5s]
Dorex2007: checks 
idealt1-2: checks 
shiitake0000: bets $0.09
dazza12373: calls $0.09
Dorex2007: folds 
idealt1-2: folds 
*** TURN *** [Th Jh 5s] [5h]
shiitake0000: checks 
dazza12373: checks 
*** RIVER *** [Th Jh 5s 5h] [4d]
shiitake0000: bets $0.08
dazza12373: calls $0.08
*** SHOW DOWN ***
shiitake0000: shows [Jc 3c] (two pair, Jacks and Fives)
dazza12373: mucks hand 
shiitake0000 collected $0.41 from pot
*** SUMMARY ***
Total pot $0.43 | Rake $0.02 
Board [Th Jh 5s 5h 4d]
Seat 1: sukhmanladhar folded before Flop (didn't bet)
Seat 2: shiitake0000 showed [Jc 3c] and won ($0.41) with two pair, Jacks and Fives
Seat 3: dazza12373 mucked [Ts Ad]
Seat 4: wuwei3579 (button) folded before Flop (didn't bet)
Seat 5: ps.dimas (small blind) folded before Flop
Seat 7: Dorex2007 (big blind) folded on the Flop
Seat 8: idealt1-2 folded on the Flop



PokerStars Hand #232893745699:  Hold'em No Limit ($0.01/$0.02 USD) - 2022/01/06 22:39:14 PT [2022/01/07 1:39:14 ET]
Table 'Skadi IV' 9-max Seat #5 is the button
Seat 1: sukhmanladhar ($1.81 in chips) 
Seat 2: shiitake0000 ($1.44 in chips) 
Seat 3: dazza12373 ($2.51 in chips) 
Seat 4: wuwei3579 ($1.44 in chips) 
Seat 5: ps.dimas ($0.80 in chips) 
Seat 7: Dorex2007 ($2.34 in chips) 
Seat 8: idealt1-2 ($1.63 in chips) 
Dorex2007: posts small blind $0.01
idealt1-2: posts big blind $0.02
Stranger1933: sits out 
*** HOLE CARDS ***
Dealt to Dorex2007 [Ad 9c]
sukhmanladhar: raises $0.02 to $0.04
shiitake0000: folds 
dazza12373: folds 
wuwei3579: folds 
ps.dimas: calls $0.04
Dorex2007: folds 
idealt1-2: calls $0.02
*** FLOP *** [Ac 8c 7h]
idealt1-2: checks 
sukhmanladhar: checks 
ps.dimas: checks 
*** TURN *** [Ac 8c 7h] [8s]
idealt1-2: checks 
sukhmanladhar: bets $0.02
ps.dimas: calls $0.02
idealt1-2: calls $0.02
*** RIVER *** [Ac 8c 7h 8s] [3s]
idealt1-2: checks 
sukhmanladhar: bets $0.20
ps.dimas: folds 
idealt1-2: folds 
Uncalled bet ($0.20) returned to sukhmanladhar
sukhmanladhar collected $0.18 from pot
*** SUMMARY ***
Total pot $0.19 | Rake $0.01 
Board [Ac 8c 7h 8s 3s]
Seat 1: sukhmanladhar collected ($0.18)
Seat 2: shiitake0000 folded before Flop (didn't bet)
Seat 3: dazza12373 folded before Flop (didn't bet)
Seat 4: wuwei3579 folded before Flop (didn't bet)
Seat 5: ps.dimas (button) folded on the River
Seat 7: Dorex2007 (small blind) folded before Flop
Seat 8: idealt1-2 (big blind) folded on the River



PokerStars Hand #232893751778:  Hold'em No Limit ($0.01/$0.02 USD) - 2022/01/06 22:39:55 PT [2022/01/07 1:39:55 ET]
Table 'Skadi IV' 9-max Seat #7 is the button
Seat 1: sukhmanladhar ($1.93 in chips) 
Seat 2: shiitake0000 ($1.44 in chips) 
Seat 3: dazza12373 ($2.51 in chips) 
Seat 4: wuwei3579 ($1.44 in chips) 
Seat 5: ps.dimas ($0.80 in chips) 
Seat 7: Dorex2007 ($2.33 in chips) 
Seat 8: idealt1-2 ($1.57 in chips) 
Seat 9: Stranger1933 ($1.60 in chips) 
idealt1-2: posts small blind $0.01
Stranger1933: posts big blind $0.02
*** HOLE CARDS ***
Dealt to Dorex2007 [Qh Ah]
sukhmanladhar: calls $0.02
shiitake0000: raises $0.02 to $0.04
Directive4 leaves the table
dazza12373: folds 
CherT678 joins the table at seat #6 
wuwei3579: raises $0.13 to $0.17
ps.dimas: folds 
Dorex2007: folds 
idealt1-2: folds 
Stranger1933: folds 
sukhmanladhar: folds 
shiitake0000: folds 
Uncalled bet ($0.13) returned to wuwei3579
wuwei3579 collected $0.13 from pot
wuwei3579: doesn't show hand 
*** SUMMARY ***
Total pot $0.13 | Rake $0 
Seat 1: sukhmanladhar folded before Flop
Seat 2: shiitake0000 folded before Flop
Seat 3: dazza12373 folded before Flop (didn't bet)
Seat 4: wuwei3579 collected ($0.13)
Seat 5: ps.dimas folded before Flop (didn't bet)
Seat 7: Dorex2007 (button) folded before Flop (didn't bet)
Seat 8: idealt1-2 (small blind) folded before Flop
Seat 9: Stranger1933 (big blind) folded before Flop



PokerStars Hand #232893756829:  Hold'em No Limit ($0.01/$0.02 USD) - 2022/01/06 22:40:28 PT [2022/01/07 1:40:28 ET]
Table 'Skadi IV' 9-max Seat #8 is the button
Seat 1: sukhmanladhar ($1.91 in chips) 
Seat 2: shiitake0000 ($1.40 in chips) 
Seat 3: dazza12373 ($2.51 in chips) 
Seat 4: wuwei3579 ($1.53 in chips) 
Seat 5: ps.dimas ($0.80 in chips) 
Seat 7: Dorex2007 ($2.33 in chips) 
Seat 8: idealt1-2 ($1.56 in chips) 
Seat 9: Stranger1933 ($1.58 in chips) 
Stranger1933: posts small blind $0.01
sukhmanladhar: posts big blind $0.02
CherT678: sits out 
*** HOLE CARDS ***
Dealt to Dorex2007 [Ad 9s]
shiitake0000: folds 
dazza12373: folds 
dazza12373 leaves the table
wuwei3579: folds 
ps.dimas: folds 
Dorex2007: folds 
idealt1-2: folds 
Stranger1933: folds 
Uncalled bet ($0.01) returned to sukhmanladhar
sukhmanladhar collected $0.02 from pot
*** SUMMARY ***
Total pot $0.02 | Rake $0 
Seat 1: sukhmanladhar (big blind) collected ($0.02)
Seat 2: shiitake0000 folded before Flop (didn't bet)
Seat 3: dazza12373 folded before Flop (didn't bet)
Seat 4: wuwei3579 folded before Flop (didn't bet)
Seat 5: ps.dimas folded before Flop (didn't bet)
Seat 7: Dorex2007 folded before Flop (didn't bet)
Seat 8: idealt1-2 (button) folded before Flop (didn't bet)
Seat 9: Stranger1933 (small blind) folded before Flop



PokerStars Hand #232893759216:  Hold'em No Limit ($0.01/$0.02 USD) - 2022/01/06 22:40:43 PT [2022/01/07 1:40:43 ET]
Table 'Skadi IV' 9-max Seat #9 is the button
Seat 1: sukhmanladhar ($1.92 in chips) 
Seat 4: wuwei3579 ($1.53 in chips) 
Seat 5: ps.dimas ($0.80 in chips) 
Seat 7: Dorex2007 ($2.33 in chips) 
Seat 8: idealt1-2 ($1.56 in chips) 
Seat 9: Stranger1933 ($1.57 in chips) 
sukhmanladhar: posts small blind $0.01
shiitake0000: is sitting out 
wuwei3579: posts big blind $0.02
CherT678: sits out 
*** HOLE CARDS ***
Dealt to Dorex2007 [Qc Ad]
ps.dimas: raises $0.05 to $0.07
shiitake0000 leaves the table
Dorex2007: folds 
idealt1-2: folds 
Stranger1933: folds 
sukhmanladhar: folds 
wuwei3579: calls $0.05
*** FLOP *** [5h 3c 6c]
Resipuljator joins the table at seat #3 
wuwei3579: checks 
ps.dimas: checks 
*** TURN *** [5h 3c 6c] [3d]
Moshniy joins the table at seat #2 
wuwei3579: checks 
ps.dimas: checks 
*** RIVER *** [5h 3c 6c 3d] [5s]
wuwei3579: bets $0.20
ps.dimas: folds 
Uncalled bet ($0.20) returned to wuwei3579
wuwei3579 collected $0.14 from pot
wuwei3579: doesn't show hand 
*** SUMMARY ***
Total pot $0.15 | Rake $0.01 
Board [5h 3c 6c 3d 5s]
Seat 1: sukhmanladhar (small blind) folded before Flop
Seat 4: wuwei3579 (big blind) collected ($0.14)
Seat 5: ps.dimas folded on the River
Seat 7: Dorex2007 folded before Flop (didn't bet)
Seat 8: idealt1-2 folded before Flop (didn't bet)
Seat 9: Stranger1933 (button) folded before Flop (didn't bet)



PokerStars Hand #232893766084:  Hold'em No Limit ($0.01/$0.02 USD) - 2022/01/06 22:41:28 PT [2022/01/07 1:41:28 ET]
Table 'Skadi IV' 9-max Seat #1 is the button
Seat 1: sukhmanladhar ($1.91 in chips) 
Seat 4: wuwei3579 ($1.60 in chips) 
Seat 5: ps.dimas ($0.80 in chips) 
Seat 7: Dorex2007 ($2.33 in chips) 
Seat 8: idealt1-2 ($1.56 in chips) 
Seat 9: Stranger1933 ($1.57 in chips) 
wuwei3579: posts small blind $0.01
ps.dimas: posts big blind $0.02
CherT678: sits out 
*** HOLE CARDS ***
Dealt to Dorex2007 [5h 9s]
Dorex2007: folds 
idealt1-2: folds 
Stranger1933: folds 
sukhmanladhar: folds 
wuwei3579: folds 
Uncalled bet ($0.01) returned to ps.dimas
ps.dimas collected $0.02 from pot
ps.dimas: doesn't show hand 
*** SUMMARY ***
Total pot $0.02 | Rake $0 
Seat 1: sukhmanladhar (button) folded before Flop (didn't bet)
Seat 4: wuwei3579 (small blind) folded before Flop
Seat 5: ps.dimas (big blind) collected ($0.02)
Seat 7: Dorex2007 folded before Flop (didn't bet)
Seat 8: idealt1-2 folded before Flop (didn't bet)
Seat 9: Stranger1933 folded before Flop (didn't bet)



PokerStars Hand #232893767961:  Hold'em No Limit ($0.01/$0.02 USD) - 2022/01/06 22:41:41 PT [2022/01/07 1:41:41 ET]
Table 'Skadi IV' 9-max Seat #4 is the button
Seat 1: sukhmanladhar ($1.91 in chips) 
Seat 4: wuwei3579 ($1.59 in chips) 
Seat 5: ps.dimas ($0.81 in chips) 
Seat 6: CherT678 ($2 in chips) 
Seat 7: Dorex2007 ($2.33 in chips) 
Seat 8: idealt1-2 ($1.56 in chips) 
Seat 9: Stranger1933 ($1.57 in chips) 
ps.dimas: posts small blind $0.01
CherT678: posts big blind $0.02
Moshniy: sits out 
Resipuljator: sits out 
*** HOLE CARDS ***
Dealt to Dorex2007 [8c 3h]
Dorex2007: folds 
idealt1-2: calls $0.02
Stranger1933: folds 
sukhmanladhar: calls $0.02
wuwei3579: folds 
ps.dimas: folds 
CherT678: checks 
*** FLOP *** [5c Ac Td]
CherT678: checks 
idealt1-2: bets $0.10
sukhmanladhar: folds 
CherT678: folds 
Uncalled bet ($0.10) returned to idealt1-2
idealt1-2 collected $0.07 from pot
idealt1-2: doesn't show hand 
*** SUMMARY ***
Total pot $0.07 | Rake $0 
Board [5c Ac Td]
Seat 1: sukhmanladhar folded on the Flop
Seat 4: wuwei3579 (button) folded before Flop (didn't bet)
Seat 5: ps.dimas (small blind) folded before Flop
Seat 6: CherT678 (big blind) folded on the Flop
Seat 7: Dorex2007 folded before Flop (didn't bet)
Seat 8: idealt1-2 collected ($0.07)
Seat 9: Stranger1933 folded before Flop (didn't bet)



PokerStars Hand #232893774231:  Hold'em No Limit ($0.01/$0.02 USD) - 2022/01/06 22:42:23 PT [2022/01/07 1:42:23 ET]
Table 'Skadi IV' 9-max Seat #5 is the button
Seat 1: sukhmanladhar ($1.89 in chips) 
Seat 4: wuwei3579 ($1.59 in chips) 
Seat 5: ps.dimas ($0.80 in chips) 
Seat 6: CherT678 ($2 in chips) 
Seat 7: Dorex2007 ($2.33 in chips) 
Seat 8: idealt1-2 ($1.61 in chips) 
Seat 9: Stranger1933 ($1.57 in chips) 
CherT678: posts small blind $0.01
Dorex2007: posts big blind $0.02
Moshniy: sits out 
Resipuljator: sits out 
*** HOLE CARDS ***
Dealt to Dorex2007 [7h Ac]
idealt1-2: folds 
Stranger1933: folds 
sukhmanladhar: calls $0.02
wuwei3579: raises $0.04 to $0.06
ps.dimas: folds 
CherT678: folds 
Dorex2007: folds 
sukhmanladhar: raises $0.04 to $0.10
wuwei3579: calls $0.04
*** FLOP *** [3d 8c Kh]
sukhmanladhar: checks 
wuwei3579: checks 
*** TURN *** [3d 8c Kh] [2d]
sukhmanladhar: checks 
wuwei3579: bets $0.06
sukhmanladhar: calls $0.06
*** RIVER *** [3d 8c Kh 2d] [5h]
sukhmanladhar: checks 
wuwei3579: bets $0.34
sukhmanladhar: folds 
Uncalled bet ($0.34) returned to wuwei3579
wuwei3579 collected $0.34 from pot
wuwei3579: doesn't show hand 
*** SUMMARY ***
Total pot $0.35 | Rake $0.01 
Board [3d 8c Kh 2d 5h]
Seat 1: sukhmanladhar folded on the River
Seat 4: wuwei3579 collected ($0.34)
Seat 5: ps.dimas (button) folded before Flop (didn't bet)
Seat 6: CherT678 (small blind) folded before Flop
Seat 7: Dorex2007 (big blind) folded before Flop
Seat 8: idealt1-2 folded before Flop (didn't bet)
Seat 9: Stranger1933 folded before Flop (didn't bet)



PokerStars Hand #232893785659:  Hold'em No Limit ($0.01/$0.02 USD) - 2022/01/06 22:43:40 PT [2022/01/07 1:43:40 ET]
Table 'Skadi IV' 9-max Seat #6 is the button
Seat 1: sukhmanladhar ($1.73 in chips) 
Seat 4: wuwei3579 ($1.77 in chips) 
Seat 5: ps.dimas ($0.80 in chips) 
Seat 6: CherT678 ($2 in chips) 
Seat 7: Dorex2007 ($2.31 in chips) 
Seat 8: idealt1-2 ($1.61 in chips) 
Seat 9: Stranger1933 ($1.57 in chips) 
Dorex2007: posts small blind $0.01
idealt1-2: posts big blind $0.02
Moshniy: sits out 
Resipuljator: sits out 
*** HOLE CARDS ***
Dealt to Dorex2007 [Qd Js]
Stranger1933: folds 
sukhmanladhar: folds 
wuwei3579: raises $0.04 to $0.06
ps.dimas: folds 
CherT678: folds 
Dorex2007: folds 
idealt1-2: calls $0.04
*** FLOP *** [3d Kc Jc]
idealt1-2: checks 
wuwei3579: bets $0.06
idealt1-2: calls $0.06
*** TURN *** [3d Kc Jc] [7s]
idealt1-2: checks 
wuwei3579: checks 
*** RIVER *** [3d Kc Jc 7s] [Th]
idealt1-2: checks 
wuwei3579: bets $0.36
idealt1-2: calls $0.36
*** SHOW DOWN ***
wuwei3579: shows [9h 8h] (a straight, Seven to Jack)
idealt1-2: mucks hand 
wuwei3579 collected $0.94 from pot
*** SUMMARY ***
Total pot $0.97 | Rake $0.03 
Board [3d Kc Jc 7s Th]
Seat 1: sukhmanladhar folded before Flop (didn't bet)
Seat 4: wuwei3579 showed [9h 8h] and won ($0.94) with a straight, Seven to Jack
Seat 5: ps.dimas folded before Flop (didn't bet)
Seat 6: CherT678 (button) folded before Flop (didn't bet)
Seat 7: Dorex2007 (small blind) folded before Flop
Seat 8: idealt1-2 (big blind) mucked [Ad Jh]
Seat 9: Stranger1933 folded before Flop (didn't bet)



PokerStars Hand #232893792060:  Hold'em No Limit ($0.01/$0.02 USD) - 2022/01/06 22:44:23 PT [2022/01/07 1:44:23 ET]
Table 'Skadi IV' 9-max Seat #7 is the button
Seat 1: sukhmanladhar ($1.73 in chips) 
Seat 4: wuwei3579 ($2.23 in chips) 
Seat 5: ps.dimas ($0.80 in chips) 
Seat 6: CherT678 ($2 in chips) 
Seat 7: Dorex2007 ($2.30 in chips) 
Seat 8: idealt1-2 ($1.13 in chips) 
Seat 9: Stranger1933 ($1.57 in chips) 
idealt1-2: posts small blind $0.01
Stranger1933: posts big blind $0.02
Moshniy: sits out 
Resipuljator: sits out 
*** HOLE CARDS ***
Dealt to Dorex2007 [5c 8s]
sukhmanladhar: folds 
wuwei3579: folds 
ps.dimas: folds 
CherT678: folds 
Dorex2007: folds 
idealt1-2: folds 
Uncalled bet ($0.01) returned to Stranger1933
Stranger1933 collected $0.02 from pot
*** SUMMARY ***
Total pot $0.02 | Rake $0 
Seat 1: sukhmanladhar folded before Flop (didn't bet)
Seat 4: wuwei3579 folded before Flop (didn't bet)
Seat 5: ps.dimas folded before Flop (didn't bet)
Seat 6: CherT678 folded before Flop (didn't bet)
Seat 7: Dorex2007 (button) folded before Flop (didn't bet)
Seat 8: idealt1-2 (small blind) folded before Flop
Seat 9: Stranger1933 (big blind) collected ($0.02)



PokerStars Hand #232893794049:  Hold'em No Limit ($0.01/$0.02 USD) - 2022/01/06 22:44:36 PT [2022/01/07 1:44:36 ET]
Table 'Skadi IV' 9-max Seat #8 is the button
Seat 1: sukhmanladhar ($1.73 in chips) 
Seat 4: wuwei3579 ($2.23 in chips) 
Seat 5: ps.dimas ($0.80 in chips) 
Seat 6: CherT678 ($2 in chips) 
Seat 7: Dorex2007 ($2.30 in chips) 
Seat 8: idealt1-2 ($1.12 in chips) 
Seat 9: Stranger1933 ($1.58 in chips) 
Stranger1933: posts small blind $0.01
sukhmanladhar: posts big blind $0.02
Moshniy: sits out 
Resipuljator: sits out 
*** HOLE CARDS ***
Dealt to Dorex2007 [8h Qh]
wuwei3579: folds 
ps.dimas: folds 
CherT678: folds 
Dorex2007: folds 
idealt1-2: folds 
Stranger1933: raises $0.03 to $0.05
sukhmanladhar: raises $0.03 to $0.08
Stranger1933: calls $0.03
*** FLOP *** [2h 5d 2d]
Stranger1933: checks 
sukhmanladhar: checks 
*** TURN *** [2h 5d 2d] [7s]
Stranger1933: checks 
sukhmanladhar: bets $0.06
Stranger1933: folds 
Uncalled bet ($0.06) returned to sukhmanladhar
sukhmanladhar collected $0.15 from pot
*** SUMMARY ***
Total pot $0.16 | Rake $0.01 
Board [2h 5d 2d 7s]
Seat 1: sukhmanladhar (big blind) collected ($0.15)
Seat 4: wuwei3579 folded before Flop (didn't bet)
Seat 5: ps.dimas folded before Flop (didn't bet)
Seat 6: CherT678 folded before Flop (didn't bet)
Seat 7: Dorex2007 folded before Flop (didn't bet)
Seat 8: idealt1-2 (button) folded before Flop (didn't bet)
Seat 9: Stranger1933 (small blind) folded on the Turn



PokerStars Hand #232893798481:  Hold'em No Limit ($0.01/$0.02 USD) - 2022/01/06 22:45:06 PT [2022/01/07 1:45:06 ET]
Table 'Skadi IV' 9-max Seat #9 is the button
Seat 1: sukhmanladhar ($1.80 in chips) 
Seat 2: Moshniy ($2 in chips) 
Seat 4: wuwei3579 ($2.23 in chips) 
Seat 5: ps.dimas ($0.80 in chips) 
Seat 6: CherT678 ($2 in chips) 
Seat 7: Dorex2007 ($2.30 in chips) 
Seat 8: idealt1-2 ($1.12 in chips) 
Seat 9: Stranger1933 ($1.50 in chips) 
sukhmanladhar: posts small blind $0.01
Moshniy: posts big blind $0.02
Resipuljator: sits out 
*** HOLE CARDS ***
Dealt to Dorex2007 [Th Ts]
wuwei3579: folds 
ps.dimas: raises $0.05 to $0.07
CherT678: folds 
Dorex2007: calls $0.07
idealt1-2: folds 
Stranger1933: folds 
sukhmanladhar: calls $0.06
Moshniy: folds 
*** FLOP *** [Qd 7d 2h]
sukhmanladhar: checks 
ps.dimas: bets $0.73 and is all-in
Dorex2007: folds 
sukhmanladhar: folds 
Uncalled bet ($0.73) returned to ps.dimas
ps.dimas collected $0.22 from pot
ps.dimas: doesn't show hand 
*** SUMMARY ***
Total pot $0.23 | Rake $0.01 
Board [Qd 7d 2h]
Seat 1: sukhmanladhar (small blind) folded on the Flop
Seat 2: Moshniy (big blind) folded before Flop
Seat 4: wuwei3579 folded before Flop (didn't bet)
Seat 5: ps.dimas collected ($0.22)
Seat 6: CherT678 folded before Flop (didn't bet)
Seat 7: Dorex2007 folded on the Flop
Seat 8: idealt1-2 folded before Flop (didn't bet)
Seat 9: Stranger1933 (button) folded before Flop (didn't bet)



PokerStars Hand #232893803590:  Hold'em No Limit ($0.01/$0.02 USD) - 2022/01/06 22:45:40 PT [2022/01/07 1:45:40 ET]
Table 'Skadi IV' 9-max Seat #1 is the button
Seat 1: sukhmanladhar ($1.73 in chips) 
Seat 2: Moshniy ($1.98 in chips) 
Seat 3: Resipuljator ($1.50 in chips) 
Seat 4: wuwei3579 ($2.23 in chips) 
Seat 5: ps.dimas ($0.95 in chips) 
Seat 6: CherT678 ($2 in chips) 
Seat 7: Dorex2007 ($2.23 in chips) 
Seat 8: idealt1-2 ($1.12 in chips) 
Seat 9: Stranger1933 ($1.50 in chips) 
Moshniy: posts small blind $0.01
Resipuljator: posts big blind $0.02
*** HOLE CARDS ***
Dealt to Dorex2007 [Ad 4s]
wuwei3579: folds 
ps.dimas: folds 
CherT678: folds 
Dorex2007: folds 
idealt1-2: folds 
Stranger1933: folds 
sukhmanladhar: calls $0.02
Moshniy: calls $0.01
Resipuljator: checks 
*** FLOP *** [3h Qd 7d]
Moshniy: checks 
Resipuljator: bets $0.06
sukhmanladhar: folds 
Moshniy: folds 
Uncalled bet ($0.06) returned to Resipuljator
Resipuljator collected $0.06 from pot
Resipuljator: doesn't show hand 
*** SUMMARY ***
Total pot $0.06 | Rake $0 
Board [3h Qd 7d]
Seat 1: sukhmanladhar (button) folded on the Flop
Seat 2: Moshniy (small blind) folded on the Flop
Seat 3: Resipuljator (big blind) collected ($0.06)
Seat 4: wuwei3579 folded before Flop (didn't bet)
Seat 5: ps.dimas folded before Flop (didn't bet)
Seat 6: CherT678 folded before Flop (didn't bet)
Seat 7: Dorex2007 folded before Flop (didn't bet)
Seat 8: idealt1-2 folded before Flop (didn't bet)
Seat 9: Stranger1933 folded before Flop (didn't bet)



PokerStars Hand #232893809139:  Hold'em No Limit ($0.01/$0.02 USD) - 2022/01/06 22:46:17 PT [2022/01/07 1:46:17 ET]
Table 'Skadi IV' 9-max Seat #2 is the button
Seat 1: sukhmanladhar ($1.71 in chips) 
Seat 2: Moshniy ($1.96 in chips) 
Seat 3: Resipuljator ($1.54 in chips) 
Seat 4: wuwei3579 ($2.23 in chips) 
Seat 5: ps.dimas ($0.95 in chips) 
Seat 6: CherT678 ($2 in chips) 
Seat 7: Dorex2007 ($2.23 in chips) 
Seat 8: idealt1-2 ($1.12 in chips) 
Seat 9: Stranger1933 ($1.50 in chips) 
Resipuljator: posts small blind $0.01
wuwei3579: posts big blind $0.02
*** HOLE CARDS ***
Dealt to Dorex2007 [3h Ac]
ps.dimas: folds 
CherT678: folds 
Dorex2007: folds 
idealt1-2: folds 
Stranger1933: raises $0.03 to $0.05
sukhmanladhar: folds 
Moshniy: folds 
Resipuljator: folds 
wuwei3579: calls $0.03
*** FLOP *** [9h 7c 4h]
wuwei3579: checks 
Stranger1933: checks 
*** TURN *** [9h 7c 4h] [9c]
wuwei3579: checks 
Stranger1933: checks 
*** RIVER *** [9h 7c 4h 9c] [4s]
wuwei3579: checks 
Stranger1933: checks 
*** SHOW DOWN ***
wuwei3579: shows [5s Jh] (two pair, Nines and Fours)
Stranger1933: shows [Js Qd] (two pair, Nines and Fours - Queen kicker)
Stranger1933 collected $0.11 from pot
*** SUMMARY ***
Total pot $0.11 | Rake $0 
Board [9h 7c 4h 9c 4s]
Seat 1: sukhmanladhar folded before Flop (didn't bet)
Seat 2: Moshniy (button) folded before Flop (didn't bet)
Seat 3: Resipuljator (small blind) folded before Flop
Seat 4: wuwei3579 (big blind) showed [5s Jh] and lost with two pair, Nines and Fours
Seat 5: ps.dimas folded before Flop (didn't bet)
Seat 6: CherT678 folded before Flop (didn't bet)
Seat 7: Dorex2007 folded before Flop (didn't bet)
Seat 8: idealt1-2 folded before Flop (didn't bet)
Seat 9: Stranger1933 showed [Js Qd] and won ($0.11) with two pair, Nines and Fours



PokerStars Hand #232893816323:  Hold'em No Limit ($0.01/$0.02 USD) - 2022/01/06 22:47:05 PT [2022/01/07 1:47:05 ET]
Table 'Skadi IV' 9-max Seat #3 is the button
Seat 1: sukhmanladhar ($1.71 in chips) 
Seat 2: Moshniy ($1.96 in chips) 
Seat 3: Resipuljator ($1.53 in chips) 
Seat 4: wuwei3579 ($2.18 in chips) 
Seat 5: ps.dimas ($0.95 in chips) 
Seat 6: CherT678 ($2 in chips) 
Seat 7: Dorex2007 ($2.23 in chips) 
Seat 8: idealt1-2 ($1.12 in chips) 
Seat 9: Stranger1933 ($1.56 in chips) 
wuwei3579: posts small blind $0.01
ps.dimas: posts big blind $0.02
*** HOLE CARDS ***
Dealt to Dorex2007 [3h Jh]
CherT678: folds 
Dorex2007: folds 
idealt1-2: folds 
Stranger1933: raises $0.03 to $0.05
sukhmanladhar: folds 
Moshniy: folds 
Resipuljator: folds 
wuwei3579: folds 
ps.dimas: folds 
Uncalled bet ($0.03) returned to Stranger1933
Stranger1933 collected $0.05 from pot
*** SUMMARY ***
Total pot $0.05 | Rake $0 
Seat 1: sukhmanladhar folded before Flop (didn't bet)
Seat 2: Moshniy folded before Flop (didn't bet)
Seat 3: Resipuljator (button) folded before Flop (didn't bet)
Seat 4: wuwei3579 (small blind) folded before Flop
Seat 5: ps.dimas (big blind) folded before Flop
Seat 6: CherT678 folded before Flop (didn't bet)
Seat 7: Dorex2007 folded before Flop (didn't bet)
Seat 8: idealt1-2 folded before Flop (didn't bet)
Seat 9: Stranger1933 collected ($0.05)



PokerStars Hand #232893821362:  Hold'em No Limit ($0.01/$0.02 USD) - 2022/01/06 22:47:39 PT [2022/01/07 1:47:39 ET]
Table 'Skadi IV' 9-max Seat #4 is the button
Seat 1: sukhmanladhar ($1.71 in chips) 
Seat 2: Moshniy ($1.96 in chips) 
Seat 3: Resipuljator ($1.53 in chips) 
Seat 4: wuwei3579 ($2.17 in chips) 
Seat 5: ps.dimas ($0.93 in chips) 
Seat 6: CherT678 ($2 in chips) 
Seat 7: Dorex2007 ($2.23 in chips) 
Seat 8: idealt1-2 ($1.12 in chips) 
Seat 9: Stranger1933 ($1.59 in chips) 
ps.dimas: posts small blind $0.01
CherT678: posts big blind $0.02
*** HOLE CARDS ***
Dealt to Dorex2007 [9d 7h]
Dorex2007: folds 
idealt1-2: folds 
Stranger1933: folds 
sukhmanladhar: raises $0.08 to $0.10
Moshniy: folds 
Resipuljator: folds 
wuwei3579: folds 
ps.dimas: calls $0.09
CherT678: folds 
*** FLOP *** [Jd 6s 6h]
ps.dimas: checks 
sukhmanladhar: checks 
*** TURN *** [Jd 6s 6h] [Th]
ps.dimas: checks 
sukhmanladhar: bets $0.02
ps.dimas: raises $0.04 to $0.06
sukhmanladhar: calls $0.04
*** RIVER *** [Jd 6s 6h Th] [Qc]
ps.dimas: checks 
sukhmanladhar: checks 
*** SHOW DOWN ***
ps.dimas: shows [Jc Tc] (two pair, Jacks and Tens)
sukhmanladhar: shows [Kh Qh] (two pair, Queens and Sixes)
sukhmanladhar collected $0.33 from pot
*** SUMMARY ***
Total pot $0.34 | Rake $0.01 
Board [Jd 6s 6h Th Qc]
Seat 1: sukhmanladhar showed [Kh Qh] and won ($0.33) with two pair, Queens and Sixes
Seat 2: Moshniy folded before Flop (didn't bet)
Seat 3: Resipuljator folded before Flop (didn't bet)
Seat 4: wuwei3579 (button) folded before Flop (didn't bet)
Seat 5: ps.dimas (small blind) showed [Jc Tc] and lost with two pair, Jacks and Tens
Seat 6: CherT678 (big blind) folded before Flop
Seat 7: Dorex2007 folded before Flop (didn't bet)
Seat 8: idealt1-2 folded before Flop (didn't bet)
Seat 9: Stranger1933 folded before Flop (didn't bet)



PokerStars Hand #232893828547:  Hold'em No Limit ($0.01/$0.02 USD) - 2022/01/06 22:48:28 PT [2022/01/07 1:48:28 ET]
Table 'Skadi IV' 9-max Seat #5 is the button
Seat 1: sukhmanladhar ($1.88 in chips) 
Seat 2: Moshniy ($1.96 in chips) 
Seat 3: Resipuljator ($1.53 in chips) 
Seat 4: wuwei3579 ($2.17 in chips) 
Seat 5: ps.dimas ($0.80 in chips) 
Seat 6: CherT678 ($2 in chips) 
Seat 7: Dorex2007 ($2.23 in chips) 
Seat 8: idealt1-2 ($1.12 in chips) 
Seat 9: Stranger1933 ($1.59 in chips) 
CherT678: posts small blind $0.01
Dorex2007: posts big blind $0.02
*** HOLE CARDS ***
Dealt to Dorex2007 [6h 5d]
idealt1-2: calls $0.02
Stranger1933: folds 
sukhmanladhar: calls $0.02
Moshniy: folds 
Resipuljator: folds 
wuwei3579: folds 
ps.dimas: folds 
CherT678: folds 
Dorex2007: checks 
*** FLOP *** [8s 2c Ah]
Dorex2007: checks 
idealt1-2: checks 
sukhmanladhar: checks 
*** TURN *** [8s 2c Ah] [2d]
Dorex2007: checks 
idealt1-2: checks 
sukhmanladhar: checks 
*** RIVER *** [8s 2c Ah 2d] [2h]
Dorex2007: checks 
idealt1-2: checks 
sukhmanladhar: checks 
*** SHOW DOWN ***
Dorex2007: shows [6h 5d] (three of a kind, Deuces)
idealt1-2: shows [Qd 9h] (three of a kind, Deuces - Ace+Queen kicker)
sukhmanladhar: mucks hand 
idealt1-2 collected $0.07 from pot
*** SUMMARY ***
Total pot $0.07 | Rake $0 
Board [8s 2c Ah 2d 2h]
Seat 1: sukhmanladhar mucked [6s 3h]
Seat 2: Moshniy folded before Flop (didn't bet)
Seat 3: Resipuljator folded before Flop (didn't bet)
Seat 4: wuwei3579 folded before Flop (didn't bet)
Seat 5: ps.dimas (button) folded before Flop (didn't bet)
Seat 6: CherT678 (small blind) folded before Flop
Seat 7: Dorex2007 (big blind) showed [6h 5d] and lost with three of a kind, Deuces
Seat 8: idealt1-2 showed [Qd 9h] and won ($0.07) with three of a kind, Deuces
Seat 9: Stranger1933 folded before Flop (didn't bet)



PokerStars Hand #232893834432:  Hold'em No Limit ($0.01/$0.02 USD) - 2022/01/06 22:49:08 PT [2022/01/07 1:49:08 ET]
Table 'Skadi IV' 9-max Seat #6 is the button
Seat 1: sukhmanladhar ($1.86 in chips) 
Seat 2: Moshniy ($1.96 in chips) 
Seat 3: Resipuljator ($1.53 in chips) 
Seat 4: wuwei3579 ($2.17 in chips) 
Seat 5: ps.dimas ($0.80 in chips) 
Seat 6: CherT678 ($2 in chips) 
Seat 7: Dorex2007 ($2.21 in chips) 
Seat 8: idealt1-2 ($1.17 in chips) 
Seat 9: Stranger1933 ($1.59 in chips) 
Dorex2007: posts small blind $0.01
idealt1-2: posts big blind $0.02
*** HOLE CARDS ***
Dealt to Dorex2007 [Kd 8d]
Stranger1933: folds 
sukhmanladhar: raises $0.02 to $0.04
Moshniy: calls $0.04
Resipuljator: calls $0.04
wuwei3579: folds 
ps.dimas: folds 
CherT678: calls $0.04
Dorex2007: folds 
idealt1-2: folds 
*** FLOP *** [4h 7s 7h]
sukhmanladhar: bets $0.10
Moshniy: folds 
idealt1-2 leaves the table
Resipuljator: folds 
CherT678: folds 
Uncalled bet ($0.10) returned to sukhmanladhar
sukhmanladhar collected $0.18 from pot
*** SUMMARY ***
Total pot $0.19 | Rake $0.01 
Board [4h 7s 7h]
Seat 1: sukhmanladhar collected ($0.18)
Seat 2: Moshniy folded on the Flop
Seat 3: Resipuljator folded on the Flop
Seat 4: wuwei3579 folded before Flop (didn't bet)
Seat 5: ps.dimas folded before Flop (didn't bet)
Seat 6: CherT678 (button) folded on the Flop
Seat 7: Dorex2007 (small blind) folded before Flop
Seat 8: idealt1-2 (big blind) folded before Flop
Seat 9: Stranger1933 folded before Flop (didn't bet)



PokerStars Hand #232893838329:  Hold'em No Limit ($0.01/$0.02 USD) - 2022/01/06 22:49:35 PT [2022/01/07 1:49:35 ET]
Table 'Skadi IV' 9-max Seat #7 is the button
Seat 1: sukhmanladhar ($2 in chips) 
Seat 2: Moshniy ($1.92 in chips) 
Seat 3: Resipuljator ($1.49 in chips) 
Seat 4: wuwei3579 ($2.17 in chips) 
Seat 5: ps.dimas ($0.80 in chips) 
Seat 6: CherT678 ($2 in chips) 
Seat 7: Dorex2007 ($2.20 in chips) 
Seat 9: Stranger1933 ($1.59 in chips) 
Stranger1933: posts small blind $0.01
sukhmanladhar: posts big blind $0.02
*** HOLE CARDS ***
Dealt to Dorex2007 [Ts 6c]
Moshniy: folds 
Resipuljator: raises $0.04 to $0.06
wuwei3579: folds 
ps.dimas: folds 
CherT678: folds 
Dorex2007: folds 
Stranger1933: folds 
sukhmanladhar: folds 
Uncalled bet ($0.04) returned to Resipuljator
Resipuljator collected $0.05 from pot
Resipuljator: doesn't show hand 
Lubicman_98 joins the table at seat #8 
*** SUMMARY ***
Total pot $0.05 | Rake $0 
Seat 1: sukhmanladhar (big blind) folded before Flop
Seat 2: Moshniy folded before Flop (didn't bet)
Seat 3: Resipuljator collected ($0.05)
Seat 4: wuwei3579 folded before Flop (didn't bet)
Seat 5: ps.dimas folded before Flop (didn't bet)
Seat 6: CherT678 folded before Flop (didn't bet)
Seat 7: Dorex2007 (button) folded before Flop (didn't bet)
Seat 9: Stranger1933 (small blind) folded before Flop



PokerStars Hand #232893841240:  Hold'em No Limit ($0.01/$0.02 USD) - 2022/01/06 22:49:55 PT [2022/01/07 1:49:55 ET]
Table 'Skadi IV' 9-max Seat #9 is the button
Seat 1: sukhmanladhar ($1.98 in chips) 
Seat 2: Moshniy ($1.92 in chips) 
Seat 3: Resipuljator ($1.52 in chips) 
Seat 4: wuwei3579 ($2.17 in chips) 
Seat 5: ps.dimas ($0.80 in chips) 
Seat 6: CherT678 ($2 in chips) 
Seat 7: Dorex2007 ($2.20 in chips) 
Seat 9: Stranger1933 ($1.58 in chips) 
sukhmanladhar: posts small blind $0.01
Moshniy: posts big blind $0.02
Lubicman_98: sits out 
*** HOLE CARDS ***
Dealt to Dorex2007 [4d Td]
Resipuljator: folds 
wuwei3579: folds 
ps.dimas: raises $0.05 to $0.07
CherT678: raises $0.11 to $0.18
Dorex2007: folds 
Stranger1933: folds 
sukhmanladhar: folds 
Moshniy: folds 
ps.dimas: folds 
Uncalled bet ($0.11) returned to CherT678
CherT678 collected $0.17 from pot
*** SUMMARY ***
Total pot $0.17 | Rake $0 
Seat 1: sukhmanladhar (small blind) folded before Flop
Seat 2: Moshniy (big blind) folded before Flop
Seat 3: Resipuljator folded before Flop (didn't bet)
Seat 4: wuwei3579 folded before Flop (didn't bet)
Seat 5: ps.dimas folded before Flop
Seat 6: CherT678 collected ($0.17)
Seat 7: Dorex2007 folded before Flop (didn't bet)
Seat 9: Stranger1933 (button) folded before Flop (didn't bet)



PokerStars Hand #232893845054:  Hold'em No Limit ($0.01/$0.02 USD) - 2022/01/06 22:50:20 PT [2022/01/07 1:50:20 ET]
Table 'Skadi IV' 9-max Seat #1 is the button
Seat 1: sukhmanladhar ($1.97 in chips) 
Seat 2: Moshniy ($1.90 in chips) 
Seat 3: Resipuljator ($1.52 in chips) 
Seat 4: wuwei3579 ($2.17 in chips) 
Seat 5: ps.dimas ($0.80 in chips) 
Seat 6: CherT678 ($2.10 in chips) 
Seat 7: Dorex2007 ($2.20 in chips) 
Seat 9: Stranger1933 ($1.58 in chips) 
Moshniy: posts small blind $0.01
Resipuljator: posts big blind $0.02
Lubicman_98: sits out 
*** HOLE CARDS ***
Dealt to Dorex2007 [6s 7s]
wuwei3579: folds 
ps.dimas: folds 
CherT678: folds 
Dorex2007: folds 
Stranger1933: raises $0.03 to $0.05
sukhmanladhar: folds 
Moshniy: folds 
Resipuljator: calls $0.03
*** FLOP *** [Ac 9c Td]
Resipuljator: checks 
Stranger1933: checks 
*** TURN *** [Ac 9c Td] [Qh]
Resipuljator: checks 
Stranger1933: bets $0.04
Resipuljator: folds 
Uncalled bet ($0.04) returned to Stranger1933
Stranger1933 collected $0.11 from pot
*** SUMMARY ***
Total pot $0.11 | Rake $0 
Board [Ac 9c Td Qh]
Seat 1: sukhmanladhar (button) folded before Flop (didn't bet)
Seat 2: Moshniy (small blind) folded before Flop
Seat 3: Resipuljator (big blind) folded on the Turn
Seat 4: wuwei3579 folded before Flop (didn't bet)
Seat 5: ps.dimas folded before Flop (didn't bet)
Seat 6: CherT678 folded before Flop (didn't bet)
Seat 7: Dorex2007 folded before Flop (didn't bet)
Seat 9: Stranger1933 collected ($0.11)



PokerStars Hand #232893849431:  Hold'em No Limit ($0.01/$0.02 USD) - 2022/01/06 22:50:51 PT [2022/01/07 1:50:51 ET]
Table 'Skadi IV' 9-max Seat #2 is the button
Seat 1: sukhmanladhar ($1.97 in chips) 
Seat 2: Moshniy ($1.89 in chips) 
Seat 3: Resipuljator ($1.47 in chips) 
Seat 4: wuwei3579 ($2.17 in chips) 
Seat 5: ps.dimas ($0.80 in chips) 
Seat 6: CherT678 ($2.10 in chips) 
Seat 7: Dorex2007 ($2.20 in chips) 
Seat 9: Stranger1933 ($1.64 in chips) 
Resipuljator: posts small blind $0.01
wuwei3579: posts big blind $0.02
Lubicman_98: sits out 
*** HOLE CARDS ***
Dealt to Dorex2007 [Ad 9d]
ps.dimas: folds 
CherT678: folds 
Dorex2007: raises $0.02 to $0.04
Stranger1933: folds 
sukhmanladhar: folds 
Moshniy: folds 
Resipuljator: calls $0.03
wuwei3579: calls $0.02
*** FLOP *** [9h 4d 5s]
Resipuljator: checks 
wuwei3579: bets $0.06
Dorex2007: calls $0.06
Resipuljator: folds 
*** TURN *** [9h 4d 5s] [3s]
wuwei3579: bets $0.12
Dorex2007: calls $0.12
*** RIVER *** [9h 4d 5s 3s] [Jh]
wuwei3579: checks 
Dorex2007: checks 
*** SHOW DOWN ***
wuwei3579: shows [4h As] (a pair of Fours)
Dorex2007: shows [Ad 9d] (a pair of Nines)
Dorex2007 collected $0.46 from pot
*** SUMMARY ***
Total pot $0.48 | Rake $0.02 
Board [9h 4d 5s 3s Jh]
Seat 1: sukhmanladhar folded before Flop (didn't bet)
Seat 2: Moshniy (button) folded before Flop (didn't bet)
Seat 3: Resipuljator (small blind) folded on the Flop
Seat 4: wuwei3579 (big blind) showed [4h As] and lost with a pair of Fours
Seat 5: ps.dimas folded before Flop (didn't bet)
Seat 6: CherT678 folded before Flop (didn't bet)
Seat 7: Dorex2007 showed [Ad 9d] and won ($0.46) with a pair of Nines
Seat 9: Stranger1933 folded before Flop (didn't bet)



PokerStars Hand #232893866734:  Hold'em No Limit ($0.01/$0.02 USD) - 2022/01/06 22:51:57 PT [2022/01/07 1:51:57 ET]
Table 'Skadi IV' 9-max Seat #3 is the button
Seat 1: sukhmanladhar ($1.97 in chips) 
Seat 2: Moshniy ($1.89 in chips) 
Seat 3: Resipuljator ($1.43 in chips) 
Seat 4: wuwei3579 ($1.95 in chips) 
Seat 5: ps.dimas ($0.80 in chips) 
Seat 6: CherT678 ($2.10 in chips) 
Seat 7: Dorex2007 ($2.44 in chips) 
Seat 9: Stranger1933 ($1.64 in chips) 
wuwei3579: posts small blind $0.01
ps.dimas: posts big blind $0.02
Lubicman_98: sits out 
*** HOLE CARDS ***
Dealt to Dorex2007 [8h 2d]
CherT678: folds 
Dorex2007: folds 
Stranger1933: raises $0.03 to $0.05
sukhmanladhar: folds 
Moshniy: folds 
Resipuljator: folds 
wuwei3579: folds 
ps.dimas: folds 
Uncalled bet ($0.03) returned to Stranger1933
Stranger1933 collected $0.05 from pot
*** SUMMARY ***
Total pot $0.05 | Rake $0 
Seat 1: sukhmanladhar folded before Flop (didn't bet)
Seat 2: Moshniy folded before Flop (didn't bet)
Seat 3: Resipuljator (button) folded before Flop (didn't bet)
Seat 4: wuwei3579 (small blind) folded before Flop
Seat 5: ps.dimas (big blind) folded before Flop
Seat 6: CherT678 folded before Flop (didn't bet)
Seat 7: Dorex2007 folded before Flop (didn't bet)
Seat 9: Stranger1933 collected ($0.05)



PokerStars Hand #232893869693:  Hold'em No Limit ($0.01/$0.02 USD) - 2022/01/06 22:52:17 PT [2022/01/07 1:52:17 ET]
Table 'Skadi IV' 9-max Seat #4 is the button
Seat 1: sukhmanladhar ($1.97 in chips) 
Seat 2: Moshniy ($1.89 in chips) 
Seat 3: Resipuljator ($1.43 in chips) 
Seat 4: wuwei3579 ($1.94 in chips) 
Seat 5: ps.dimas ($0.80 in chips) 
Seat 6: CherT678 ($2.10 in chips) 
Seat 7: Dorex2007 ($2.44 in chips) 
Seat 9: Stranger1933 ($1.67 in chips) 
ps.dimas: posts small blind $0.01
CherT678: posts big blind $0.02
Lubicman_98: sits out 
*** HOLE CARDS ***
Dealt to Dorex2007 [2s 6c]
Dorex2007: folds 
Stranger1933: folds 
sukhmanladhar: folds 
Moshniy: raises $0.08 to $0.10
Resipuljator: folds 
wuwei3579: folds 
ps.dimas: calls $0.09
CherT678: folds 
*** FLOP *** [7s Ad 4d]
ps.dimas: checks 
Moshniy: checks 
*** TURN *** [7s Ad 4d] [5d]
ps.dimas: bets $0.07
Moshniy: raises $0.35 to $0.42
ps.dimas: folds 
Uncalled bet ($0.35) returned to Moshniy
Moshniy collected $0.35 from pot
Moshniy: doesn't show hand 
*** SUMMARY ***
Total pot $0.36 | Rake $0.01 
Board [7s Ad 4d 5d]
Seat 1: sukhmanladhar folded before Flop (didn't bet)
Seat 2: Moshniy collected ($0.35)
Seat 3: Resipuljator folded before Flop (didn't bet)
Seat 4: wuwei3579 (button) folded before Flop (didn't bet)
Seat 5: ps.dimas (small blind) folded on the Turn
Seat 6: CherT678 (big blind) folded before Flop
Seat 7: Dorex2007 folded before Flop (didn't bet)
Seat 9: Stranger1933 folded before Flop (didn't bet)



PokerStars Hand #232893877442:  Hold'em No Limit ($0.01/$0.02 USD) - 2022/01/06 22:53:11 PT [2022/01/07 1:53:11 ET]
Table 'Skadi IV' 9-max Seat #5 is the button
Seat 1: sukhmanladhar ($1.97 in chips) 
Seat 2: Moshniy ($2.07 in chips) 
Seat 3: Resipuljator ($1.43 in chips) 
Seat 4: wuwei3579 ($1.94 in chips) 
Seat 5: ps.dimas ($0.80 in chips) 
Seat 6: CherT678 ($2.08 in chips) 
Seat 7: Dorex2007 ($2.44 in chips) 
Seat 9: Stranger1933 ($1.67 in chips) 
CherT678: posts small blind $0.01
Dorex2007: posts big blind $0.02
Lubicman_98: sits out 
*** HOLE CARDS ***
Dealt to Dorex2007 [Kc 4s]
Stranger1933: folds 
sukhmanladhar: calls $0.02
Moshniy: folds 
Resipuljator: folds 
wuwei3579: raises $0.07 to $0.09
ps.dimas: calls $0.09
CherT678: folds 
Dorex2007: folds 
sukhmanladhar: calls $0.07
*** FLOP *** [8c Ac 4h]
sukhmanladhar: bets $0.10
wuwei3579: raises $0.49 to $0.59
ps.dimas: folds 
sukhmanladhar: calls $0.49
*** TURN *** [8c Ac 4h] [Jd]
sukhmanladhar: checks 
wuwei3579: checks 
*** RIVER *** [8c Ac 4h Jd] [Ts]
sukhmanladhar: bets $0.20
wuwei3579: folds 
Uncalled bet ($0.20) returned to sukhmanladhar
sukhmanladhar collected $1.43 from pot
*** SUMMARY ***
Total pot $1.48 | Rake $0.05 
Board [8c Ac 4h Jd Ts]
Seat 1: sukhmanladhar collected ($1.43)
Seat 2: Moshniy folded before Flop (didn't bet)
Seat 3: Resipuljator folded before Flop (didn't bet)
Seat 4: wuwei3579 folded on the River
Seat 5: ps.dimas (button) folded on the Flop
Seat 6: CherT678 (small blind) folded before Flop
Seat 7: Dorex2007 (big blind) folded before Flop
Seat 9: Stranger1933 folded before Flop (didn't bet)



PokerStars Hand #232893888516:  Hold'em No Limit ($0.01/$0.02 USD) - 2022/01/06 22:54:28 PT [2022/01/07 1:54:28 ET]
Table 'Skadi IV' 9-max Seat #6 is the button
Seat 1: sukhmanladhar ($2.72 in chips) 
Seat 2: Moshniy ($2.07 in chips) 
Seat 3: Resipuljator ($1.43 in chips) 
Seat 4: wuwei3579 ($1.26 in chips) 
Seat 5: ps.dimas ($0.80 in chips) 
Seat 6: CherT678 ($2.07 in chips) 
Seat 7: Dorex2007 ($2.42 in chips) 
Seat 8: Lubicman_98 ($2 in chips) 
Seat 9: Stranger1933 ($1.67 in chips) 
Dorex2007: posts small blind $0.01
Lubicman_98: posts big blind $0.02
*** HOLE CARDS ***
Dealt to Dorex2007 [7s Qc]
Stranger1933: folds 
sukhmanladhar: calls $0.02
Moshniy: folds 
Resipuljator: folds 
wuwei3579: folds 
ps.dimas: calls $0.02
CherT678: folds 
Dorex2007: folds 
Lubicman_98: checks 
*** FLOP *** [8h 5c 5d]
Lubicman_98: bets $0.02
sukhmanladhar: folds 
ps.dimas: folds 
Uncalled bet ($0.02) returned to Lubicman_98
Lubicman_98 collected $0.07 from pot
Lubicman_98: doesn't show hand 
*** SUMMARY ***
Total pot $0.07 | Rake $0 
Board [8h 5c 5d]
Seat 1: sukhmanladhar folded on the Flop
Seat 2: Moshniy folded before Flop (didn't bet)
Seat 3: Resipuljator folded before Flop (didn't bet)
Seat 4: wuwei3579 folded before Flop (didn't bet)
Seat 5: ps.dimas folded on the Flop
Seat 6: CherT678 (button) folded before Flop (didn't bet)
Seat 7: Dorex2007 (small blind) folded before Flop
Seat 8: Lubicman_98 (big blind) collected ($0.07)
Seat 9: Stranger1933 folded before Flop (didn't bet)



PokerStars Hand #232893894274:  Hold'em No Limit ($0.01/$0.02 USD) - 2022/01/06 22:55:08 PT [2022/01/07 1:55:08 ET]
Table 'Skadi IV' 9-max Seat #7 is the button
Seat 1: sukhmanladhar ($2.70 in chips) 
Seat 2: Moshniy ($2.07 in chips) 
Seat 3: Resipuljator ($1.43 in chips) 
Seat 4: wuwei3579 ($1.26 in chips) 
Seat 5: ps.dimas ($0.80 in chips) 
Seat 6: CherT678 ($2.07 in chips) 
Seat 7: Dorex2007 ($2.41 in chips) 
Seat 8: Lubicman_98 ($2.05 in chips) 
Seat 9: Stranger1933 ($1.67 in chips) 
Lubicman_98: posts small blind $0.01
Stranger1933: posts big blind $0.02
*** HOLE CARDS ***
Dealt to Dorex2007 [6h Th]
sukhmanladhar: folds 
Moshniy: folds 
Resipuljator: folds 
wuwei3579: raises $0.04 to $0.06
ps.dimas: folds 
CherT678: folds 
Dorex2007: folds 
Lubicman_98: folds 
Stranger1933: folds 
Uncalled bet ($0.04) returned to wuwei3579
wuwei3579 collected $0.05 from pot
wuwei3579: doesn't show hand 
*** SUMMARY ***
Total pot $0.05 | Rake $0 
Seat 1: sukhmanladhar folded before Flop (didn't bet)
Seat 2: Moshniy folded before Flop (didn't bet)
Seat 3: Resipuljator folded before Flop (didn't bet)
Seat 4: wuwei3579 collected ($0.05)
Seat 5: ps.dimas folded before Flop (didn't bet)
Seat 6: CherT678 folded before Flop (didn't bet)
Seat 7: Dorex2007 (button) folded before Flop (didn't bet)
Seat 8: Lubicman_98 (small blind) folded before Flop
Seat 9: Stranger1933 (big blind) folded before Flop



PokerStars Hand #232893896352:  Hold'em No Limit ($0.01/$0.02 USD) - 2022/01/06 22:55:23 PT [2022/01/07 1:55:23 ET]
Table 'Skadi IV' 9-max Seat #8 is the button
Seat 1: sukhmanladhar ($2.70 in chips) 
Seat 2: Moshniy ($2.07 in chips) 
Seat 3: Resipuljator ($1.43 in chips) 
Seat 4: wuwei3579 ($1.29 in chips) 
Seat 5: ps.dimas ($0.80 in chips) 
Seat 6: CherT678 ($2.07 in chips) 
Seat 7: Dorex2007 ($2.41 in chips) 
Seat 8: Lubicman_98 ($2.04 in chips) 
Seat 9: Stranger1933 ($1.65 in chips) 
Stranger1933: posts small blind $0.01
sukhmanladhar: posts big blind $0.02
*** HOLE CARDS ***
Dealt to Dorex2007 [Jd Kd]
Moshniy: folds 
Resipuljator: folds 
wuwei3579: raises $0.04 to $0.06
ps.dimas: folds 
CherT678: folds 
Dorex2007: calls $0.06
Lubicman_98: folds 
Stranger1933: folds 
sukhmanladhar: calls $0.04
*** FLOP *** [As 7h 8s]
sukhmanladhar: checks 
wuwei3579: bets $0.06
Dorex2007: folds 
sukhmanladhar: calls $0.06
*** TURN *** [As 7h 8s] [8d]
sukhmanladhar: checks 
wuwei3579: checks 
*** RIVER *** [As 7h 8s 8d] [Th]
sukhmanladhar: bets $0.06
wuwei3579: calls $0.06
*** SHOW DOWN ***
sukhmanladhar: shows [4h Qh] (a pair of Eights)
wuwei3579: shows [6s Ad] (two pair, Aces and Eights)
wuwei3579 collected $0.41 from pot
*** SUMMARY ***
Total pot $0.43 | Rake $0.02 
Board [As 7h 8s 8d Th]
Seat 1: sukhmanladhar (big blind) showed [4h Qh] and lost with a pair of Eights
Seat 2: Moshniy folded before Flop (didn't bet)
Seat 3: Resipuljator folded before Flop (didn't bet)
Seat 4: wuwei3579 showed [6s Ad] and won ($0.41) with two pair, Aces and Eights
Seat 5: ps.dimas folded before Flop (didn't bet)
Seat 6: CherT678 folded before Flop (didn't bet)
Seat 7: Dorex2007 folded on the Flop
Seat 8: Lubicman_98 (button) folded before Flop (didn't bet)
Seat 9: Stranger1933 (small blind) folded before Flop



PokerStars Hand #232893903615:  Hold'em No Limit ($0.01/$0.02 USD) - 2022/01/06 22:56:21 PT [2022/01/07 1:56:21 ET]
Table 'Skadi IV' 9-max Seat #9 is the button
Seat 1: sukhmanladhar ($2.52 in chips) 
Seat 2: Moshniy ($2.07 in chips) 
Seat 3: Resipuljator ($1.43 in chips) 
Seat 4: wuwei3579 ($1.52 in chips) 
Seat 5: ps.dimas ($0.80 in chips) 
Seat 6: CherT678 ($2.07 in chips) 
Seat 7: Dorex2007 ($2.35 in chips) 
Seat 8: Lubicman_98 ($2.04 in chips) 
Seat 9: Stranger1933 ($1.64 in chips) 
sukhmanladhar: posts small blind $0.01
Moshniy: posts big blind $0.02
*** HOLE CARDS ***
Dealt to Dorex2007 [Th Jd]
Resipuljator: folds 
wuwei3579: folds 
ps.dimas: folds 
CherT678: folds 
Dorex2007: folds 
Lubicman_98: folds 
Stranger1933: raises $0.04 to $0.06
sukhmanladhar: folds 
Moshniy: folds 
Uncalled bet ($0.04) returned to Stranger1933
Stranger1933 collected $0.05 from pot
*** SUMMARY ***
Total pot $0.05 | Rake $0 
Seat 1: sukhmanladhar (small blind) folded before Flop
Seat 2: Moshniy (big blind) folded before Flop
Seat 3: Resipuljator folded before Flop (didn't bet)
Seat 4: wuwei3579 folded before Flop (didn't bet)
Seat 5: ps.dimas folded before Flop (didn't bet)
Seat 6: CherT678 folded before Flop (didn't bet)
Seat 7: Dorex2007 folded before Flop (didn't bet)
Seat 8: Lubicman_98 folded before Flop (didn't bet)
Seat 9: Stranger1933 (button) collected ($0.05)



PokerStars Hand #232893906075:  Hold'em No Limit ($0.01/$0.02 USD) - 2022/01/06 22:56:42 PT [2022/01/07 1:56:42 ET]
Table 'Skadi IV' 9-max Seat #1 is the button
Seat 1: sukhmanladhar ($2.51 in chips) 
Seat 2: Moshniy ($2.05 in chips) 
Seat 3: Resipuljator ($1.43 in chips) 
Seat 4: wuwei3579 ($1.52 in chips) 
Seat 5: ps.dimas ($0.80 in chips) 
Seat 6: CherT678 ($2.07 in chips) 
Seat 7: Dorex2007 ($2.35 in chips) 
Seat 8: Lubicman_98 ($2.04 in chips) 
Seat 9: Stranger1933 ($1.67 in chips) 
Moshniy: posts small blind $0.01
Resipuljator: posts big blind $0.02
*** HOLE CARDS ***
Dealt to Dorex2007 [5d 2c]
wuwei3579: folds 
ps.dimas: raises $0.05 to $0.07
CherT678: folds 
Dorex2007: folds 
Lubicman_98: folds 
Stranger1933: folds 
sukhmanladhar: folds 
Moshniy: folds 
Resipuljator: calls $0.05
*** FLOP *** [8c Jh 9d]
Resipuljator: checks 
ps.dimas: checks 
*** TURN *** [8c Jh 9d] [Kc]
Resipuljator: checks 
ps.dimas: bets $0.11
Resipuljator: folds 
Uncalled bet ($0.11) returned to ps.dimas
ps.dimas collected $0.14 from pot
ps.dimas: doesn't show hand 
*** SUMMARY ***
Total pot $0.15 | Rake $0.01 
Board [8c Jh 9d Kc]
Seat 1: sukhmanladhar (button) folded before Flop (didn't bet)
Seat 2: Moshniy (small blind) folded before Flop
Seat 3: Resipuljator (big blind) folded on the Turn
Seat 4: wuwei3579 folded before Flop (didn't bet)
Seat 5: ps.dimas collected ($0.14)
Seat 6: CherT678 folded before Flop (didn't bet)
Seat 7: Dorex2007 folded before Flop (didn't bet)
Seat 8: Lubicman_98 folded before Flop (didn't bet)
Seat 9: Stranger1933 folded before Flop (didn't bet)



PokerStars Hand #232893910772:  Hold'em No Limit ($0.01/$0.02 USD) - 2022/01/06 22:57:20 PT [2022/01/07 1:57:20 ET]
Table 'Skadi IV' 9-max Seat #2 is the button
Seat 1: sukhmanladhar ($2.51 in chips) 
Seat 2: Moshniy ($2.04 in chips) 
Seat 3: Resipuljator ($1.36 in chips) 
Seat 4: wuwei3579 ($1.52 in chips) 
Seat 5: ps.dimas ($0.87 in chips) 
Seat 6: CherT678 ($2.07 in chips) 
Seat 7: Dorex2007 ($2.35 in chips) 
Seat 8: Lubicman_98 ($2.04 in chips) 
Seat 9: Stranger1933 ($1.67 in chips) 
Resipuljator: posts small blind $0.01
wuwei3579: posts big blind $0.02
*** HOLE CARDS ***
Dealt to Dorex2007 [Js Ah]
ps.dimas: folds 
CherT678: raises $0.03 to $0.05
Dorex2007: calls $0.05
Lubicman_98: folds 
Stranger1933: folds 
sukhmanladhar: raises $0.03 to $0.08
Moshniy: folds 
Resipuljator: folds 
wuwei3579: folds 
CherT678: calls $0.03
Dorex2007: calls $0.03
*** FLOP *** [9h 4c 9d]
CherT678: checks 
Dorex2007: checks 
sukhmanladhar: bets $0.10
CherT678: calls $0.10
Dorex2007: folds 
*** TURN *** [9h 4c 9d] [Td]
CherT678: checks 
sukhmanladhar: checks 
*** RIVER *** [9h 4c 9d Td] [6s]
CherT678: bets $0.06
sukhmanladhar: raises $0.06 to $0.12
CherT678: calls $0.06
*** SHOW DOWN ***
sukhmanladhar: shows [9s As] (three of a kind, Nines)
CherT678: mucks hand 
sukhmanladhar collected $0.69 from pot
*** SUMMARY ***
Total pot $0.71 | Rake $0.02 
Board [9h 4c 9d Td 6s]
Seat 1: sukhmanladhar showed [9s As] and won ($0.69) with three of a kind, Nines
Seat 2: Moshniy (button) folded before Flop (didn't bet)
Seat 3: Resipuljator (small blind) folded before Flop
Seat 4: wuwei3579 (big blind) folded before Flop
Seat 5: ps.dimas folded before Flop (didn't bet)
Seat 6: CherT678 mucked [8d 8c]
Seat 7: Dorex2007 folded on the Flop
Seat 8: Lubicman_98 folded before Flop (didn't bet)
Seat 9: Stranger1933 folded before Flop (didn't bet)



PokerStars Hand #232893918180:  Hold'em No Limit ($0.01/$0.02 USD) - 2022/01/06 22:58:20 PT [2022/01/07 1:58:20 ET]
Table 'Skadi IV' 9-max Seat #3 is the button
Seat 1: sukhmanladhar ($2.90 in chips) 
Seat 2: Moshniy ($2.04 in chips) 
Seat 3: Resipuljator ($1.35 in chips) 
Seat 4: wuwei3579 ($1.50 in chips) 
Seat 5: ps.dimas ($0.87 in chips) 
Seat 6: CherT678 ($2 in chips) 
Seat 7: Dorex2007 ($2.27 in chips) 
Seat 8: Lubicman_98 ($2.04 in chips) 
Seat 9: Stranger1933 ($1.67 in chips) 
wuwei3579: posts small blind $0.01
ps.dimas: posts big blind $0.02
*** HOLE CARDS ***
Dealt to Dorex2007 [Qs Kd]
CherT678: folds 
Dorex2007: folds 
Lubicman_98: folds 
Stranger1933: raises $0.04 to $0.06
sukhmanladhar: calls $0.06
Moshniy: folds 
Resipuljator: calls $0.06
wuwei3579: folds 
ps.dimas: folds 
*** FLOP *** [3h Tc 9d]
Stranger1933: bets $0.13
sukhmanladhar: raises $0.13 to $0.26
Resipuljator: folds 
Stranger1933: calls $0.13
*** TURN *** [3h Tc 9d] [7s]
Stranger1933: checks 
sukhmanladhar: checks 
*** RIVER *** [3h Tc 9d 7s] [6s]
Stranger1933: checks 
sukhmanladhar: bets $0.30
Stranger1933: calls $0.30
*** SHOW DOWN ***
sukhmanladhar: shows [Jc Td] (a pair of Tens)
Stranger1933: shows [Js Jd] (a pair of Jacks)
Stranger1933 collected $1.28 from pot
*** SUMMARY ***
Total pot $1.33 | Rake $0.05 
Board [3h Tc 9d 7s 6s]
Seat 1: sukhmanladhar showed [Jc Td] and lost with a pair of Tens
Seat 2: Moshniy folded before Flop (didn't bet)
Seat 3: Resipuljator (button) folded on the Flop
Seat 4: wuwei3579 (small blind) folded before Flop
Seat 5: ps.dimas (big blind) folded before Flop
Seat 6: CherT678 folded before Flop (didn't bet)
Seat 7: Dorex2007 folded before Flop (didn't bet)
Seat 8: Lubicman_98 folded before Flop (didn't bet)
Seat 9: Stranger1933 showed [Js Jd] and won ($1.28) with a pair of Jacks



PokerStars Hand #232893925886:  Hold'em No Limit ($0.01/$0.02 USD) - 2022/01/06 22:59:21 PT [2022/01/07 1:59:21 ET]
Table 'Skadi IV' 9-max Seat #4 is the button
Seat 1: sukhmanladhar ($2.28 in chips) 
Seat 2: Moshniy ($2.04 in chips) 
Seat 3: Resipuljator ($1.29 in chips) 
Seat 4: wuwei3579 ($1.49 in chips) 
Seat 5: ps.dimas ($0.85 in chips) 
Seat 6: CherT678 ($2 in chips) 
Seat 7: Dorex2007 ($2.27 in chips) 
Seat 8: Lubicman_98 ($2.04 in chips) 
Seat 9: Stranger1933 ($2.33 in chips) 
ps.dimas: posts small blind $0.01
CherT678: posts big blind $0.02
*** HOLE CARDS ***
Dealt to Dorex2007 [Ks 5h]
Dorex2007: folds 
Lubicman_98: folds 
Stranger1933: folds 
sukhmanladhar: calls $0.02
Moshniy: folds 
Resipuljator: folds 
wuwei3579: folds 
ps.dimas: folds 
CherT678: checks 
*** FLOP *** [Ad Jc 5c]
CherT678: checks 
sukhmanladhar: checks 
*** TURN *** [Ad Jc 5c] [2d]
CherT678: checks 
sukhmanladhar: bets $0.12
CherT678: folds 
Uncalled bet ($0.12) returned to sukhmanladhar
sukhmanladhar collected $0.05 from pot
*** SUMMARY ***
Total pot $0.05 | Rake $0 
Board [Ad Jc 5c 2d]
Seat 1: sukhmanladhar collected ($0.05)
Seat 2: Moshniy folded before Flop (didn't bet)
Seat 3: Resipuljator folded before Flop (didn't bet)
Seat 4: wuwei3579 (button) folded before Flop (didn't bet)
Seat 5: ps.dimas (small blind) folded before Flop
Seat 6: CherT678 (big blind) folded on the Turn
Seat 7: Dorex2007 folded before Flop (didn't bet)
Seat 8: Lubicman_98 folded before Flop (didn't bet)
Seat 9: Stranger1933 folded before Flop (didn't bet)



PokerStars Hand #232893930703:  Hold'em No Limit ($0.01/$0.02 USD) - 2022/01/06 23:00:00 PT [2022/01/07 2:00:00 ET]
Table 'Skadi IV' 9-max Seat #5 is the button
Seat 1: sukhmanladhar ($2.31 in chips) 
Seat 2: Moshniy ($2.04 in chips) 
Seat 3: Resipuljator ($1.29 in chips) 
Seat 4: wuwei3579 ($1.49 in chips) 
Seat 5: ps.dimas ($0.84 in chips) 
Seat 6: CherT678 ($2 in chips) 
Seat 7: Dorex2007 ($2.27 in chips) 
Seat 8: Lubicman_98 ($2.04 in chips) 
Seat 9: Stranger1933 ($2.33 in chips) 
CherT678: posts small blind $0.01
Dorex2007: posts big blind $0.02
*** HOLE CARDS ***
Dealt to Dorex2007 [2s 7s]
Lubicman_98: folds 
Stranger1933: folds 
sukhmanladhar: calls $0.02
Moshniy: folds 
Resipuljator: folds 
wuwei3579: raises $0.07 to $0.09
ps.dimas: folds 
CherT678: folds 
Dorex2007: folds 
sukhmanladhar: calls $0.07
*** FLOP *** [Qs 3h 5d]
sukhmanladhar: checks 
wuwei3579: checks 
*** TURN *** [Qs 3h 5d] [3d]
sukhmanladhar: bets $0.10
wuwei3579: calls $0.10
*** RIVER *** [Qs 3h 5d 3d] [Qh]
sukhmanladhar: checks 
wuwei3579: bets $0.24
sukhmanladhar: calls $0.24
*** SHOW DOWN ***
wuwei3579: shows [Kd Tc] (two pair, Queens and Threes)
sukhmanladhar: shows [As Kh] (two pair, Queens and Threes - Ace kicker)
sukhmanladhar collected $0.86 from pot
*** SUMMARY ***
Total pot $0.89 | Rake $0.03 
Board [Qs 3h 5d 3d Qh]
Seat 1: sukhmanladhar showed [As Kh] and won ($0.86) with two pair, Queens and Threes
Seat 2: Moshniy folded before Flop (didn't bet)
Seat 3: Resipuljator folded before Flop (didn't bet)
Seat 4: wuwei3579 showed [Kd Tc] and lost with two pair, Queens and Threes
Seat 5: ps.dimas (button) folded before Flop (didn't bet)
Seat 6: CherT678 (small blind) folded before Flop
Seat 7: Dorex2007 (big blind) folded before Flop
Seat 8: Lubicman_98 folded before Flop (didn't bet)
Seat 9: Stranger1933 folded before Flop (didn't bet)



PokerStars Hand #232893941824:  Hold'em No Limit ($0.01/$0.02 USD) - 2022/01/06 23:01:20 PT [2022/01/07 2:01:20 ET]
Table 'Skadi IV' 9-max Seat #6 is the button
Seat 1: sukhmanladhar ($2.74 in chips) 
Seat 2: Moshniy ($2.04 in chips) 
Seat 3: Resipuljator ($1.29 in chips) 
Seat 4: wuwei3579 ($1.06 in chips) 
Seat 5: ps.dimas ($0.84 in chips) 
Seat 6: CherT678 ($2 in chips) 
Seat 7: Dorex2007 ($2.25 in chips) 
Seat 8: Lubicman_98 ($2.04 in chips) 
Seat 9: Stranger1933 ($2.33 in chips) 
Dorex2007: posts small blind $0.01
Lubicman_98: posts big blind $0.02
*** HOLE CARDS ***
Dealt to Dorex2007 [4h Qd]
Stranger1933: folds 
sukhmanladhar: folds 
Moshniy: folds 
Resipuljator: folds 
wuwei3579: folds 
ps.dimas: folds 
CherT678: folds 
Dorex2007: folds 
Uncalled bet ($0.01) returned to Lubicman_98
Lubicman_98 collected $0.02 from pot
Lubicman_98: doesn't show hand 
*** SUMMARY ***
Total pot $0.02 | Rake $0 
Seat 1: sukhmanladhar folded before Flop (didn't bet)
Seat 2: Moshniy folded before Flop (didn't bet)
Seat 3: Resipuljator folded before Flop (didn't bet)
Seat 4: wuwei3579 folded before Flop (didn't bet)
Seat 5: ps.dimas folded before Flop (didn't bet)
Seat 6: CherT678 (button) folded before Flop (didn't bet)
Seat 7: Dorex2007 (small blind) folded before Flop
Seat 8: Lubicman_98 (big blind) collected ($0.02)
Seat 9: Stranger1933 folded before Flop (didn't bet)



PokerStars Hand #232893944430:  Hold'em No Limit ($0.01/$0.02 USD) - 2022/01/06 23:01:38 PT [2022/01/07 2:01:38 ET]
Table 'Skadi IV' 9-max Seat #7 is the button
Seat 1: sukhmanladhar ($2.74 in chips) 
Seat 2: Moshniy ($2.04 in chips) 
Seat 3: Resipuljator ($1.29 in chips) 
Seat 4: wuwei3579 ($1.06 in chips) 
Seat 5: ps.dimas ($0.84 in chips) 
Seat 6: CherT678 ($2 in chips) 
Seat 7: Dorex2007 ($2.24 in chips) 
Seat 8: Lubicman_98 ($2.05 in chips) 
Seat 9: Stranger1933 ($2.33 in chips) 
Lubicman_98: posts small blind $0.01
Stranger1933: posts big blind $0.02
*** HOLE CARDS ***
Dealt to Dorex2007 [Qh 3c]
sukhmanladhar: folds 
Moshniy: folds 
Resipuljator: raises $0.04 to $0.06
wuwei3579: calls $0.06
ps.dimas: folds 
CherT678: folds 
Dorex2007: folds 
Lubicman_98: folds 
Stranger1933: folds 
*** FLOP *** [Jh 4c Ah]
Resipuljator: checks 
wuwei3579: checks 
*** TURN *** [Jh 4c Ah] [Qs]
Resipuljator: checks 
wuwei3579: bets $0.07
Resipuljator: folds 
Uncalled bet ($0.07) returned to wuwei3579
wuwei3579 collected $0.14 from pot
wuwei3579: doesn't show hand 
*** SUMMARY ***
Total pot $0.15 | Rake $0.01 
Board [Jh 4c Ah Qs]
Seat 1: sukhmanladhar folded before Flop (didn't bet)
Seat 2: Moshniy folded before Flop (didn't bet)
Seat 3: Resipuljator folded on the Turn
Seat 4: wuwei3579 collected ($0.14)
Seat 5: ps.dimas folded before Flop (didn't bet)
Seat 6: CherT678 folded before Flop (didn't bet)
Seat 7: Dorex2007 (button) folded before Flop (didn't bet)
Seat 8: Lubicman_98 (small blind) folded before Flop
Seat 9: Stranger1933 (big blind) folded before Flop



PokerStars Hand #232893949952:  Hold'em No Limit ($0.01/$0.02 USD) - 2022/01/06 23:02:16 PT [2022/01/07 2:02:16 ET]
Table 'Skadi IV' 9-max Seat #8 is the button
Seat 1: sukhmanladhar ($2.74 in chips) 
Seat 2: Moshniy ($2.04 in chips) 
Seat 3: Resipuljator ($1.23 in chips) 
Seat 4: wuwei3579 ($1.14 in chips) 
Seat 5: ps.dimas ($0.84 in chips) 
Seat 6: CherT678 ($2 in chips) 
Seat 7: Dorex2007 ($2.24 in chips) 
Seat 8: Lubicman_98 ($2.04 in chips) 
Seat 9: Stranger1933 ($2.31 in chips) 
Stranger1933: posts small blind $0.01
sukhmanladhar: posts big blind $0.02
*** HOLE CARDS ***
Dealt to Dorex2007 [Tc Qs]
Moshniy: folds 
Resipuljator: raises $0.04 to $0.06
wuwei3579: folds 
ps.dimas: folds 
CherT678: calls $0.06
Dorex2007: folds 
Lubicman_98: folds 
Stranger1933: folds 
sukhmanladhar: calls $0.04
*** FLOP *** [Kc 5c Jd]
sukhmanladhar: bets $0.10
Resipuljator: folds 
CherT678: raises $0.18 to $0.28
sukhmanladhar: calls $0.18
*** TURN *** [Kc 5c Jd] [4s]
ps.dimas leaves the table
sukhmanladhar: checks 
CherT678: bets $0.48
sukhmanladhar: folds 
Uncalled bet ($0.48) returned to CherT678
CherT678 collected $0.72 from pot
*** SUMMARY ***
Total pot $0.75 | Rake $0.03 
Board [Kc 5c Jd 4s]
Seat 1: sukhmanladhar (big blind) folded on the Turn
Seat 2: Moshniy folded before Flop (didn't bet)
Seat 3: Resipuljator folded on the Flop
Seat 4: wuwei3579 folded before Flop (didn't bet)
Seat 5: ps.dimas folded before Flop (didn't bet)
Seat 6: CherT678 collected ($0.72)
Seat 7: Dorex2007 folded before Flop (didn't bet)
Seat 8: Lubicman_98 (button) folded before Flop (didn't bet)
Seat 9: Stranger1933 (small blind) folded before Flop



PokerStars Hand #232893959203:  Hold'em No Limit ($0.01/$0.02 USD) - 2022/01/06 23:03:20 PT [2022/01/07 2:03:20 ET]
Table 'Skadi IV' 9-max Seat #9 is the button
Seat 1: sukhmanladhar ($2.40 in chips) 
Seat 2: Moshniy ($2.04 in chips) 
Seat 3: Resipuljator ($1.17 in chips) 
Seat 4: wuwei3579 ($1.14 in chips) 
Seat 6: CherT678 ($2.38 in chips) 
Seat 7: Dorex2007 ($2.24 in chips) 
Seat 8: Lubicman_98 ($2.04 in chips) 
Seat 9: Stranger1933 ($2.30 in chips) 
sukhmanladhar: posts small blind $0.01
Moshniy: posts big blind $0.02
*** HOLE CARDS ***
Dealt to Dorex2007 [3d Kd]
Resipuljator: folds 
wuwei3579: folds 
CherT678: folds 
Dorex2007: folds 
Lubicman_98: raises $0.04 to $0.06
Stranger1933: raises $0.12 to $0.18
sukhmanladhar: folds 
Moshniy: folds 
Lubicman_98: folds 
Uncalled bet ($0.12) returned to Stranger1933
Stranger1933 collected $0.15 from pot
*** SUMMARY ***
Total pot $0.15 | Rake $0 
Seat 1: sukhmanladhar (small blind) folded before Flop
Seat 2: Moshniy (big blind) folded before Flop
Seat 3: Resipuljator folded before Flop (didn't bet)
Seat 4: wuwei3579 folded before Flop (didn't bet)
Seat 6: CherT678 folded before Flop (didn't bet)
Seat 7: Dorex2007 folded before Flop (didn't bet)
Seat 8: Lubicman_98 folded before Flop
Seat 9: Stranger1933 (button) collected ($0.15)



PokerStars Hand #232893962724:  Hold'em No Limit ($0.01/$0.02 USD) - 2022/01/06 23:03:44 PT [2022/01/07 2:03:44 ET]
Table 'Skadi IV' 9-max Seat #1 is the button
Seat 1: sukhmanladhar ($2.39 in chips) 
Seat 2: Moshniy ($2.02 in chips) 
Seat 4: wuwei3579 ($1.14 in chips) 
Seat 6: CherT678 ($2.38 in chips) 
Seat 7: Dorex2007 ($2.24 in chips) 
Seat 8: Lubicman_98 ($1.98 in chips) 
Seat 9: Stranger1933 ($2.39 in chips) 
Moshniy: posts small blind $0.01
Resipuljator: is sitting out 
Resipuljator leaves the table
wuwei3579: posts big blind $0.02
*** HOLE CARDS ***
Dealt to Dorex2007 [Jh Kh]
CherT678: folds 
Dorex2007: raises $0.02 to $0.04
Lubicman_98: calls $0.04
Stranger1933: folds 
sukhmanladhar: folds 
Moshniy: folds 
wuwei3579: folds 
*** FLOP *** [Ad 8s 6s]
Dorex2007: bets $0.06
Lubicman_98: raises $0.12 to $0.18
Dorex2007: folds 
Uncalled bet ($0.12) returned to Lubicman_98
Lubicman_98 collected $0.22 from pot
Lubicman_98: doesn't show hand 
*** SUMMARY ***
Total pot $0.23 | Rake $0.01 
Board [Ad 8s 6s]
Seat 1: sukhmanladhar (button) folded before Flop (didn't bet)
Seat 2: Moshniy (small blind) folded before Flop
Seat 4: wuwei3579 (big blind) folded before Flop
Seat 6: CherT678 folded before Flop (didn't bet)
Seat 7: Dorex2007 folded on the Flop
Seat 8: Lubicman_98 collected ($0.22)
Seat 9: Stranger1933 folded before Flop (didn't bet)



PokerStars Hand #232893966553:  Hold'em No Limit ($0.01/$0.02 USD) - 2022/01/06 23:04:11 PT [2022/01/07 2:04:11 ET]
Table 'Skadi IV' 9-max Seat #2 is the button
Seat 1: sukhmanladhar ($2.39 in chips) 
Seat 2: Moshniy ($2.01 in chips) 
Seat 4: wuwei3579 ($1.12 in chips) 
Seat 6: CherT678 ($2.38 in chips) 
Seat 7: Dorex2007 ($2.14 in chips) 
Seat 8: Lubicman_98 ($2.10 in chips) 
Seat 9: Stranger1933 ($2.39 in chips) 
wuwei3579: posts small blind $0.01
CherT678: posts big blind $0.02
*** HOLE CARDS ***
Dealt to Dorex2007 [As 9c]
Dorex2007: folds 
Lubicman_98: folds 
Lubicman_98 leaves the table
Stranger1933: folds 
sukhmanladhar: calls $0.02
Moshniy: folds 
wuwei3579: folds 
CherT678: checks 
*** FLOP *** [Kh 6d Qs]
CherT678: checks 
sukhmanladhar: checks 
*** TURN *** [Kh 6d Qs] [Ac]
CherT678: checks 
sukhmanladhar: bets $0.10
CherT678: folds 
Uncalled bet ($0.10) returned to sukhmanladhar
sukhmanladhar collected $0.05 from pot
*** SUMMARY ***
Total pot $0.05 | Rake $0 
Board [Kh 6d Qs Ac]
Seat 1: sukhmanladhar collected ($0.05)
Seat 2: Moshniy (button) folded before Flop (didn't bet)
Seat 4: wuwei3579 (small blind) folded before Flop
Seat 6: CherT678 (big blind) folded on the Turn
Seat 7: Dorex2007 folded before Flop (didn't bet)
Seat 8: Lubicman_98 folded before Flop (didn't bet)
Seat 9: Stranger1933 folded before Flop (didn't bet)



PokerStars Hand #232893971933:  Hold'em No Limit ($0.01/$0.02 USD) - 2022/01/06 23:04:47 PT [2022/01/07 2:04:47 ET]
Table 'Skadi IV' 9-max Seat #4 is the button
Seat 1: sukhmanladhar ($2.42 in chips) 
Seat 2: Moshniy ($2.01 in chips) 
Seat 4: wuwei3579 ($1.11 in chips) 
Seat 6: CherT678 ($2.36 in chips) 
Seat 7: Dorex2007 ($2.14 in chips) 
Seat 9: Stranger1933 ($2.39 in chips) 
CherT678: posts small blind $0.01
Dorex2007: posts big blind $0.02
*** HOLE CARDS ***
Dealt to Dorex2007 [7s 4s]
Stranger1933: folds 
sukhmanladhar: calls $0.02
Moshniy: calls $0.02
wuwei3579 has timed out
wuwei3579: folds 
CherT678: raises $0.12 to $0.14
Dorex2007: folds 
sukhmanladhar: calls $0.12
Moshniy: folds 
*** FLOP *** [7h 6h Kd]
CherT678: checks 
sukhmanladhar: checks 
*** TURN *** [7h 6h Kd] [Td]
BeliRambo joins the table at seat #8 
CherT678: checks 
sukhmanladhar: checks 
*** RIVER *** [7h 6h Kd Td] [3h]
CherT678: checks 
sukhmanladhar: checks 
*** SHOW DOWN ***
CherT678: shows [Ad Qc] (high card Ace)
sukhmanladhar: mucks hand 
CherT678 collected $0.31 from pot
*** SUMMARY ***
Total pot $0.32 | Rake $0.01 
Board [7h 6h Kd Td 3h]
Seat 1: sukhmanladhar mucked [Qs 9h]
Seat 2: Moshniy folded before Flop
Seat 4: wuwei3579 (button) folded before Flop (didn't bet)
Seat 6: CherT678 (small blind) showed [Ad Qc] and won ($0.31) with high card Ace
Seat 7: Dorex2007 (big blind) folded before Flop
Seat 9: Stranger1933 folded before Flop (didn't bet)



PokerStars Hand #232893988845:  Hold'em No Limit ($0.01/$0.02 USD) - 2022/01/06 23:05:49 PT [2022/01/07 2:05:49 ET]
Table 'Skadi IV' 9-max Seat #6 is the button
Seat 1: sukhmanladhar ($2.28 in chips) 
Seat 2: Moshniy ($1.99 in chips) 
Seat 4: wuwei3579 ($1.11 in chips) 
Seat 6: CherT678 ($2.53 in chips) 
Seat 7: Dorex2007 ($2.12 in chips) 
Seat 8: BeliRambo ($1.70 in chips) 
Seat 9: Stranger1933 ($2.39 in chips) 
Dorex2007: posts small blind $0.01
BeliRambo: posts big blind $0.02
*** HOLE CARDS ***
Dealt to Dorex2007 [2c As]
Stranger1933: folds 
sukhmanladhar: folds 
Moshniy: folds 
wuwei3579: raises $0.04 to $0.06
CherT678: folds 
Dorex2007: folds 
BeliRambo: raises $0.13 to $0.19
wuwei3579: calls $0.13
*** FLOP *** [5s 8d 7d]
BeliRambo: bets $0.38
wuwei3579: raises $0.54 to $0.92 and is all-in
BeliRambo: calls $0.54
*** TURN *** [5s 8d 7d] [7c]
*** RIVER *** [5s 8d 7d 7c] [2d]
*** SHOW DOWN ***
BeliRambo: shows [Ah Ac] (two pair, Aces and Sevens)
wuwei3579: shows [Qd Jd] (a flush, Queen high)
wuwei3579 collected $2.15 from pot
BeliRambo cashed out the hand for $1.32 | Cash Out Fee $0.01
*** SUMMARY ***
Total pot $2.23 | Rake $0.08 
Board [5s 8d 7d 7c 2d]
Seat 1: sukhmanladhar folded before Flop (didn't bet)
Seat 2: Moshniy folded before Flop (didn't bet)
Seat 4: wuwei3579 showed [Qd Jd] and won ($2.15) with a flush, Queen high
Seat 6: CherT678 (button) folded before Flop (didn't bet)
Seat 7: Dorex2007 (small blind) folded before Flop
Seat 8: BeliRambo (big blind) showed [Ah Ac] and lost with two pair, Aces and Sevens (cashed out).
Seat 9: Stranger1933 folded before Flop (didn't bet)



PokerStars Hand #232893995485:  Hold'em No Limit ($0.01/$0.02 USD) - 2022/01/06 23:06:35 PT [2022/01/07 2:06:35 ET]
Table 'Skadi IV' 9-max Seat #7 is the button
Seat 1: sukhmanladhar ($2.28 in chips) 
Seat 2: Moshniy ($1.99 in chips) 
Seat 4: wuwei3579 ($2.15 in chips) 
Seat 6: CherT678 ($2.53 in chips) 
Seat 7: Dorex2007 ($2.11 in chips) 
Seat 8: BeliRambo ($1.91 in chips) 
BeliRambo: posts small blind $0.01
Stranger1933: is sitting out 
sukhmanladhar: posts big blind $0.02
*** HOLE CARDS ***
Dealt to Dorex2007 [5d Jh]
Moshniy: folds 
wuwei3579: raises $0.04 to $0.06
CherT678: folds 
Dorex2007: folds 
BeliRambo: calls $0.05
sukhmanladhar: calls $0.04
*** FLOP *** [Qc Ks 9h]
BeliRambo: checks 
sukhmanladhar: bets $0.10
wuwei3579: calls $0.10
BeliRambo: folds 
*** TURN *** [Qc Ks 9h] [7h]
sukhmanladhar: bets $0.02
wuwei3579: calls $0.02
*** RIVER *** [Qc Ks 9h 7h] [3h]
sukhmanladhar: bets $0.10
wuwei3579: raises $0.31 to $0.41
sukhmanladhar: raises $0.31 to $0.72
wuwei3579: calls $0.31
*** SHOW DOWN ***
sukhmanladhar: shows [Qd Ah] (a pair of Queens)
wuwei3579: shows [Td Js] (a straight, Nine to King)
wuwei3579 collected $1.79 from pot
*** SUMMARY ***
Total pot $1.86 | Rake $0.07 
Board [Qc Ks 9h 7h 3h]
Seat 1: sukhmanladhar (big blind) showed [Qd Ah] and lost with a pair of Queens
Seat 2: Moshniy folded before Flop (didn't bet)
Seat 4: wuwei3579 showed [Td Js] and won ($1.79) with a straight, Nine to King
Seat 6: CherT678 folded before Flop (didn't bet)
Seat 7: Dorex2007 (button) folded before Flop (didn't bet)
Seat 8: BeliRambo (small blind) folded on the Flop



PokerStars Hand #232894004841:  Hold'em No Limit ($0.01/$0.02 USD) - 2022/01/06 23:07:39 PT [2022/01/07 2:07:39 ET]
Table 'Skadi IV' 9-max Seat #8 is the button
Seat 1: sukhmanladhar ($1.38 in chips) 
Seat 2: Moshniy ($1.99 in chips) 
Seat 4: wuwei3579 ($3.04 in chips) 
Seat 6: CherT678 ($2.53 in chips) 
Seat 7: Dorex2007 ($2.11 in chips) 
Seat 8: BeliRambo ($1.85 in chips) 
sukhmanladhar: posts small blind $0.01
Moshniy: posts big blind $0.02
*** HOLE CARDS ***
Dealt to Dorex2007 [Tc 3c]
wuwei3579: folds 
CherT678: raises $0.03 to $0.05
Dorex2007: folds 
BeliRambo has timed out
BeliRambo: folds 
sukhmanladhar: folds 
Moshniy: calls $0.03
*** FLOP *** [2c 6s As]
Moshniy: checks 
CherT678: checks 
*** TURN *** [2c 6s As] [6c]
Moshniy: bets $0.08
Stranger1933 leaves the table
CherT678: folds 
Uncalled bet ($0.08) returned to Moshniy
Moshniy collected $0.11 from pot
Moshniy: doesn't show hand 
*** SUMMARY ***
Total pot $0.11 | Rake $0 
Board [2c 6s As 6c]
Seat 1: sukhmanladhar (small blind) folded before Flop
Seat 2: Moshniy (big blind) collected ($0.11)
Seat 4: wuwei3579 folded before Flop (didn't bet)
Seat 6: CherT678 folded on the Turn
Seat 7: Dorex2007 folded before Flop (didn't bet)
Seat 8: BeliRambo (button) folded before Flop (didn't bet)



PokerStars Hand #232894011677:  Hold'em No Limit ($0.01/$0.02 USD) - 2022/01/06 23:08:26 PT [2022/01/07 2:08:26 ET]
Table 'Skadi IV' 9-max Seat #1 is the button
Seat 1: sukhmanladhar ($1.37 in chips) 
Seat 2: Moshniy ($2.05 in chips) 
Seat 4: wuwei3579 ($3.04 in chips) 
Seat 6: CherT678 ($2.48 in chips) 
Seat 7: Dorex2007 ($2.11 in chips) 
Seat 8: BeliRambo ($1.85 in chips) 
Moshniy: posts small blind $0.01
wuwei3579: posts big blind $0.02
*** HOLE CARDS ***
Dealt to Dorex2007 [3c 6c]
CherT678: folds 
Dorex2007: folds 
BeliRambo: calls $0.02
sukhmanladhar: calls $0.02
Moshniy: folds 
wuwei3579: raises $0.12 to $0.14
BeliRambo: calls $0.12
sukhmanladhar: folds 
*** FLOP *** [7c 5h Jd]
wuwei3579: bets $0.10
BeliRambo: raises $0.20 to $0.30
wuwei3579: calls $0.20
*** TURN *** [7c 5h Jd] [8h]
wuwei3579: checks 
BeliRambo: bets $0.48
bjk2929 joins the table at seat #5 
wuwei3579: calls $0.48
*** RIVER *** [7c 5h Jd 8h] [7h]
wuwei3579: checks 
BeliRambo: checks 
*** SHOW DOWN ***
wuwei3579: shows [Ks Kh] (two pair, Kings and Sevens)
BeliRambo: mucks hand 
wuwei3579 collected $1.80 from pot
*** SUMMARY ***
Total pot $1.87 | Rake $0.07 
Board [7c 5h Jd 8h 7h]
Seat 1: sukhmanladhar (button) folded before Flop
Seat 2: Moshniy (small blind) folded before Flop
Seat 4: wuwei3579 (big blind) showed [Ks Kh] and won ($1.80) with two pair, Kings and Sevens
Seat 6: CherT678 folded before Flop (didn't bet)
Seat 7: Dorex2007 folded before Flop (didn't bet)
Seat 8: BeliRambo mucked [Th Ts]



PokerStars Hand #232894024101:  Hold'em No Limit ($0.01/$0.02 USD) - 2022/01/06 23:09:51 PT [2022/01/07 2:09:51 ET]
Table 'Skadi IV' 9-max Seat #2 is the button
Seat 1: sukhmanladhar ($1.35 in chips) 
Seat 2: Moshniy ($2.04 in chips) 
Seat 4: wuwei3579 ($3.92 in chips) 
Seat 5: bjk2929 ($1.47 in chips) 
Seat 6: CherT678 ($2.48 in chips) 
Seat 7: Dorex2007 ($2.11 in chips) 
Seat 8: BeliRambo ($0.93 in chips) 
wuwei3579: posts small blind $0.01
bjk2929: posts big blind $0.02
*** HOLE CARDS ***
Dealt to Dorex2007 [8c 5c]
CherT678: folds 
Dorex2007: folds 
BeliRambo: folds 
sukhmanladhar: calls $0.02
Moshniy: folds 
wuwei3579: raises $0.06 to $0.08
bjk2929: calls $0.06
sukhmanladhar: folds 
*** FLOP *** [9d 4s 6h]
wuwei3579: bets $0.06
bjk2929: calls $0.06
*** TURN *** [9d 4s 6h] [4h]
wuwei3579: bets $0.18
bjk2929: raises $0.48 to $0.66
wuwei3579: folds 
Uncalled bet ($0.48) returned to bjk2929
makyzi joins the table at seat #3 
bjk2929 collected $0.64 from pot
bjk2929: doesn't show hand 
*** SUMMARY ***
Total pot $0.66 | Rake $0.02 
Board [9d 4s 6h 4h]
Seat 1: sukhmanladhar folded before Flop
Seat 2: Moshniy (button) folded before Flop (didn't bet)
Seat 4: wuwei3579 (small blind) folded on the Turn
Seat 5: bjk2929 (big blind) collected ($0.64)
Seat 6: CherT678 folded before Flop (didn't bet)
Seat 7: Dorex2007 folded before Flop (didn't bet)
Seat 8: BeliRambo folded before Flop (didn't bet)



PokerStars Hand #232894033473:  Hold'em No Limit ($0.01/$0.02 USD) - 2022/01/06 23:10:52 PT [2022/01/07 2:10:52 ET]
Table 'Skadi IV' 9-max Seat #4 is the button
Seat 1: sukhmanladhar ($1.33 in chips) 
Seat 2: Moshniy ($2.04 in chips) 
Seat 3: makyzi ($2 in chips) 
Seat 4: wuwei3579 ($3.60 in chips) 
Seat 5: bjk2929 ($1.79 in chips) 
Seat 6: CherT678 ($2.48 in chips) 
Seat 7: Dorex2007 ($2.11 in chips) 
Seat 8: BeliRambo ($0.93 in chips) 
bjk2929: posts small blind $0.01
CherT678: posts big blind $0.02
makyzi: posts big blind $0.02
*** HOLE CARDS ***
Dealt to Dorex2007 [Jh 2h]
MPK-198 joins the table at seat #9 
Dorex2007: folds 
BeliRambo: folds 
sukhmanladhar: raises $0.02 to $0.04
Moshniy: folds 
makyzi: calls $0.02
wuwei3579: calls $0.04
bjk2929: folds 
CherT678: folds 
*** FLOP *** [5d Qc Js]
sukhmanladhar: checks 
makyzi: checks 
wuwei3579: checks 
*** TURN *** [5d Qc Js] [9c]
sukhmanladhar: bets $0.10
makyzi: folds 
wuwei3579: folds 
Uncalled bet ($0.10) returned to sukhmanladhar
sukhmanladhar collected $0.14 from pot
*** SUMMARY ***
Total pot $0.15 | Rake $0.01 
Board [5d Qc Js 9c]
Seat 1: sukhmanladhar collected ($0.14)
Seat 2: Moshniy folded before Flop (didn't bet)
Seat 3: makyzi folded on the Turn
Seat 4: wuwei3579 (button) folded on the Turn
Seat 5: bjk2929 (small blind) folded before Flop
Seat 6: CherT678 (big blind) folded before Flop
Seat 7: Dorex2007 folded before Flop (didn't bet)
Seat 8: BeliRambo folded before Flop (didn't bet)



PokerStars Hand #232894041587:  Hold'em No Limit ($0.01/$0.02 USD) - 2022/01/06 23:11:47 PT [2022/01/07 2:11:47 ET]
Table 'Skadi IV' 9-max Seat #5 is the button
Seat 1: sukhmanladhar ($1.43 in chips) 
Seat 2: Moshniy ($2.04 in chips) 
Seat 3: makyzi ($1.96 in chips) 
Seat 4: wuwei3579 ($3.56 in chips) 
Seat 5: bjk2929 ($1.78 in chips) 
Seat 6: CherT678 ($2.46 in chips) 
Seat 7: Dorex2007 ($2.11 in chips) 
Seat 8: BeliRambo ($0.93 in chips) 
CherT678: posts small blind $0.01
Dorex2007: posts big blind $0.02
MPK-198: sits out 
*** HOLE CARDS ***
Dealt to Dorex2007 [4d Kd]
BeliRambo: folds 
sukhmanladhar: folds 
Moshniy: folds 
makyzi: folds 
wuwei3579: raises $0.04 to $0.06
bjk2929: folds 
CherT678: folds 
Dorex2007: folds 
Uncalled bet ($0.04) returned to wuwei3579
wuwei3579 collected $0.05 from pot
wuwei3579: doesn't show hand 
*** SUMMARY ***
Total pot $0.05 | Rake $0 
Seat 1: sukhmanladhar folded before Flop (didn't bet)
Seat 2: Moshniy folded before Flop (didn't bet)
Seat 3: makyzi folded before Flop (didn't bet)
Seat 4: wuwei3579 collected ($0.05)
Seat 5: bjk2929 (button) folded before Flop (didn't bet)
Seat 6: CherT678 (small blind) folded before Flop
Seat 7: Dorex2007 (big blind) folded before Flop
Seat 8: BeliRambo folded before Flop (didn't bet)



PokerStars Hand #232894045425:  Hold'em No Limit ($0.01/$0.02 USD) - 2022/01/06 23:12:13 PT [2022/01/07 2:12:13 ET]
Table 'Skadi IV' 9-max Seat #6 is the button
Seat 1: sukhmanladhar ($1.43 in chips) 
Seat 2: Moshniy ($2.04 in chips) 
Seat 3: makyzi ($1.96 in chips) 
Seat 4: wuwei3579 ($3.59 in chips) 
Seat 5: bjk2929 ($1.78 in chips) 
Seat 6: CherT678 ($2.45 in chips) 
Seat 7: Dorex2007 ($2.09 in chips) 
Seat 8: BeliRambo ($0.93 in chips) 
Dorex2007: posts small blind $0.01
BeliRambo: posts big blind $0.02
MPK-198: sits out 
*** HOLE CARDS ***
Dealt to Dorex2007 [Jh Ah]
sukhmanladhar: raises $0.02 to $0.04
Moshniy: folds 
makyzi: folds 
wuwei3579: folds 
bjk2929: folds 
CherT678: folds 
Dorex2007: calls $0.03
sukhmanladhar said, "8)"
BeliRambo: raises $0.12 to $0.16
sukhmanladhar: raises $0.12 to $0.28
Dorex2007: folds 
BeliRambo: calls $0.12
*** FLOP *** [As 7h 8d]
BeliRambo: checks 
sukhmanladhar: bets $0.02
BeliRambo: calls $0.02
*** TURN *** [As 7h 8d] [2c]
BeliRambo: checks 
sukhmanladhar: checks 
*** RIVER *** [As 7h 8d 2c] [Ad]
BeliRambo: bets $0.22
sukhmanladhar: calls $0.22
*** SHOW DOWN ***
BeliRambo: shows [6s 6d] (two pair, Aces and Sixes)
sukhmanladhar: shows [5h 8c] (two pair, Aces and Eights)
sukhmanladhar collected $1.04 from pot
*** SUMMARY ***
Total pot $1.08 | Rake $0.04 
Board [As 7h 8d 2c Ad]
Seat 1: sukhmanladhar showed [5h 8c] and won ($1.04) with two pair, Aces and Eights
Seat 2: Moshniy folded before Flop (didn't bet)
Seat 3: makyzi folded before Flop (didn't bet)
Seat 4: wuwei3579 folded before Flop (didn't bet)
Seat 5: bjk2929 folded before Flop (didn't bet)
Seat 6: CherT678 (button) folded before Flop (didn't bet)
Seat 7: Dorex2007 (small blind) folded before Flop
Seat 8: BeliRambo (big blind) showed [6s 6d] and lost with two pair, Aces and Sixes



PokerStars Hand #232894053279:  Hold'em No Limit ($0.01/$0.02 USD) - 2022/01/06 23:13:05 PT [2022/01/07 2:13:05 ET]
Table 'Skadi IV' 9-max Seat #7 is the button
Seat 1: sukhmanladhar ($1.95 in chips) 
Seat 2: Moshniy ($2.04 in chips) 
Seat 3: makyzi ($1.96 in chips) 
Seat 4: wuwei3579 ($3.59 in chips) 
Seat 5: bjk2929 ($1.78 in chips) 
Seat 6: CherT678 ($2.45 in chips) 
Seat 7: Dorex2007 ($2.05 in chips) 
Seat 8: BeliRambo ($0.41 in chips) 
Seat 9: MPK-198 ($1.60 in chips) 
BeliRambo: posts small blind $0.01
MPK-198: posts big blind $0.02
*** HOLE CARDS ***
Dealt to Dorex2007 [4d Ts]
sukhmanladhar: calls $0.02
Moshniy: calls $0.02
makyzi: folds 
wuwei3579: folds 
bjk2929: calls $0.02
CherT678: raises $0.02 to $0.04
Dorex2007: folds 
BeliRambo: calls $0.03
MPK-198: folds 
sukhmanladhar: calls $0.02
Moshniy: calls $0.02
bjk2929: calls $0.02
*** FLOP *** [Qc 8c 5c]
BeliRambo: checks 
sukhmanladhar: bets $0.10
Moshniy: folds 
bjk2929: folds 
CherT678: folds 
BeliRambo: raises $0.27 to $0.37 and is all-in
bjk2929 leaves the table
sukhmanladhar: calls $0.27
*** TURN *** [Qc 8c 5c] [Kd]
*** RIVER *** [Qc 8c 5c Kd] [2s]
*** SHOW DOWN ***
BeliRambo: shows [7h Ac] (high card Ace)
sukhmanladhar: shows [Ks 2c] (two pair, Kings and Deuces)
sukhmanladhar cashed out the hand for $0.13
*** SUMMARY ***
Total pot $0.96 | Rake $0.03 
Board [Qc 8c 5c Kd 2s]
Seat 1: sukhmanladhar showed [Ks 2c] and won ($0.93) with two pair, Kings and Deuces (pot not awarded as player cashed out)
Seat 2: Moshniy folded on the Flop
Seat 3: makyzi folded before Flop (didn't bet)
Seat 4: wuwei3579 folded before Flop (didn't bet)
Seat 5: bjk2929 folded on the Flop
Seat 6: CherT678 folded on the Flop
Seat 7: Dorex2007 (button) folded before Flop (didn't bet)
Seat 8: BeliRambo (small blind) showed [7h Ac] and lost with high card Ace
Seat 9: MPK-198 (big blind) folded before Flop



PokerStars Hand #232894064238:  Hold'em No Limit ($0.01/$0.02 USD) - 2022/01/06 23:14:20 PT [2022/01/07 2:14:20 ET]
Table 'Skadi IV' 9-max Seat #9 is the button
Seat 1: sukhmanladhar ($1.67 in chips) 
Seat 2: Moshniy ($2 in chips) 
Seat 3: makyzi ($1.96 in chips) 
Seat 4: wuwei3579 ($3.59 in chips) 
Seat 6: CherT678 ($2.41 in chips) 
Seat 7: Dorex2007 ($2.05 in chips) 
Seat 9: MPK-198 ($1.58 in chips) 
sukhmanladhar: posts small blind $0.01
Moshniy: posts big blind $0.02
*** HOLE CARDS ***
Dealt to Dorex2007 [6c 6d]
makyzi: folds 
Magianna joins the table at seat #5 
wuwei3579: raises $0.04 to $0.06
CherT678: folds 
Dorex2007: calls $0.06
MPK-198: folds 
sukhmanladhar: calls $0.05
Moshniy: folds 
*** FLOP *** [Jd Ah 2h]
sukhmanladhar: checks 
wuwei3579: bets $0.06
Dorex2007: folds 
sukhmanladhar: folds 
Uncalled bet ($0.06) returned to wuwei3579
wuwei3579 collected $0.19 from pot
wuwei3579: doesn't show hand 
*** SUMMARY ***
Total pot $0.20 | Rake $0.01 
Board [Jd Ah 2h]
Seat 1: sukhmanladhar (small blind) folded on the Flop
Seat 2: Moshniy (big blind) folded before Flop
Seat 3: makyzi folded before Flop (didn't bet)
Seat 4: wuwei3579 collected ($0.19)
Seat 6: CherT678 folded before Flop (didn't bet)
Seat 7: Dorex2007 folded on the Flop
Seat 9: MPK-198 (button) folded before Flop (didn't bet)



PokerStars Hand #232894070087:  Hold'em No Limit ($0.01/$0.02 USD) - 2022/01/06 23:14:59 PT [2022/01/07 2:14:59 ET]
Table 'Skadi IV' 9-max Seat #1 is the button
Seat 1: sukhmanladhar ($1.61 in chips) 
Seat 2: Moshniy ($1.98 in chips) 
Seat 3: makyzi ($1.96 in chips) 
Seat 4: wuwei3579 ($3.72 in chips) 
Seat 6: CherT678 ($2.41 in chips) 
Seat 7: Dorex2007 ($2 in chips) 
Seat 8: BeliRambo ($1.70 in chips) 
Seat 9: MPK-198 ($1.58 in chips) 
Moshniy: posts small blind $0.01
makyzi: posts big blind $0.02
Magianna: sits out 
*** HOLE CARDS ***
Dealt to Dorex2007 [2h 4c]
wuwei3579: folds 
CherT678: folds 
Dorex2007: folds 
BeliRambo: folds 
MPK-198: folds 
sukhmanladhar: folds 
Moshniy: calls $0.01
makyzi: raises $0.04 to $0.06
Moshniy: folds 
Uncalled bet ($0.04) returned to makyzi
makyzi collected $0.04 from pot
makyzi: doesn't show hand 
*** SUMMARY ***
Total pot $0.04 | Rake $0 
Seat 1: sukhmanladhar (button) folded before Flop (didn't bet)
Seat 2: Moshniy (small blind) folded before Flop
Seat 3: makyzi (big blind) collected ($0.04)
Seat 4: wuwei3579 folded before Flop (didn't bet)
Seat 6: CherT678 folded before Flop (didn't bet)
Seat 7: Dorex2007 folded before Flop (didn't bet)
Seat 8: BeliRambo folded before Flop (didn't bet)
Seat 9: MPK-198 folded before Flop (didn't bet)



PokerStars Hand #232894074266:  Hold'em No Limit ($0.01/$0.02 USD) - 2022/01/06 23:15:27 PT [2022/01/07 2:15:27 ET]
Table 'Skadi IV' 9-max Seat #2 is the button
Seat 1: sukhmanladhar ($1.61 in chips) 
Seat 2: Moshniy ($1.96 in chips) 
Seat 3: makyzi ($1.98 in chips) 
Seat 4: wuwei3579 ($3.72 in chips) 
Seat 6: CherT678 ($2.41 in chips) 
Seat 7: Dorex2007 ($2 in chips) 
Seat 8: BeliRambo ($1.70 in chips) 
Seat 9: MPK-198 ($1.58 in chips) 
makyzi: posts small blind $0.01
wuwei3579: posts big blind $0.02
Magianna: sits out 
*** HOLE CARDS ***
Dealt to Dorex2007 [7d 3h]
CherT678: folds 
Dorex2007: folds 
BeliRambo: folds 
MPK-198: folds 
sukhmanladhar: folds 
Moshniy: folds 
makyzi: folds 
Uncalled bet ($0.01) returned to wuwei3579
wuwei3579 collected $0.02 from pot
wuwei3579: doesn't show hand 
*** SUMMARY ***
Total pot $0.02 | Rake $0 
Seat 1: sukhmanladhar folded before Flop (didn't bet)
Seat 2: Moshniy (button) folded before Flop (didn't bet)
Seat 3: makyzi (small blind) folded before Flop
Seat 4: wuwei3579 (big blind) collected ($0.02)
Seat 6: CherT678 folded before Flop (didn't bet)
Seat 7: Dorex2007 folded before Flop (didn't bet)
Seat 8: BeliRambo folded before Flop (didn't bet)
Seat 9: MPK-198 folded before Flop (didn't bet)



PokerStars Hand #232894076320:  Hold'em No Limit ($0.01/$0.02 USD) - 2022/01/06 23:15:41 PT [2022/01/07 2:15:41 ET]
Table 'Skadi IV' 9-max Seat #3 is the button
Seat 1: sukhmanladhar ($1.61 in chips) 
Seat 2: Moshniy ($1.96 in chips) 
Seat 3: makyzi ($1.97 in chips) 
Seat 4: wuwei3579 ($3.73 in chips) 
Seat 5: Magianna ($2 in chips) 
Seat 6: CherT678 ($2.41 in chips) 
Seat 7: Dorex2007 ($2 in chips) 
Seat 8: BeliRambo ($1.70 in chips) 
Seat 9: MPK-198 ($1.58 in chips) 
wuwei3579: posts small blind $0.01
Magianna: posts big blind $0.02
*** HOLE CARDS ***
Dealt to Dorex2007 [Kh 6h]
CherT678: folds 
Dorex2007: folds 
BeliRambo: folds 
MPK-198: folds 
sukhmanladhar: calls $0.02
Moshniy: folds 
makyzi: raises $0.04 to $0.06
wuwei3579: calls $0.05
Magianna: folds 
sukhmanladhar: calls $0.04
*** FLOP *** [6c 8c Kd]
wuwei3579: checks 
sukhmanladhar: checks 
makyzi: checks 
*** TURN *** [6c 8c Kd] [2h]
wuwei3579: bets $0.09
sukhmanladhar: folds 
makyzi: folds 
Uncalled bet ($0.09) returned to wuwei3579
wuwei3579 collected $0.19 from pot
wuwei3579: doesn't show hand 
*** SUMMARY ***
Total pot $0.20 | Rake $0.01 
Board [6c 8c Kd 2h]
Seat 1: sukhmanladhar folded on the Turn
Seat 2: Moshniy folded before Flop (didn't bet)
Seat 3: makyzi (button) folded on the Turn
Seat 4: wuwei3579 (small blind) collected ($0.19)
Seat 5: Magianna (big blind) folded before Flop
Seat 6: CherT678 folded before Flop (didn't bet)
Seat 7: Dorex2007 folded before Flop (didn't bet)
Seat 8: BeliRambo folded before Flop (didn't bet)
Seat 9: MPK-198 folded before Flop (didn't bet)



PokerStars Hand #232894085479:  Hold'em No Limit ($0.01/$0.02 USD) - 2022/01/06 23:16:42 PT [2022/01/07 2:16:42 ET]
Table 'Skadi IV' 9-max Seat #4 is the button
Seat 1: sukhmanladhar ($1.55 in chips) 
Seat 2: Moshniy ($1.96 in chips) 
Seat 3: makyzi ($1.91 in chips) 
Seat 4: wuwei3579 ($3.86 in chips) 
Seat 5: Magianna ($1.98 in chips) 
Seat 6: CherT678 ($2.41 in chips) 
Seat 7: Dorex2007 ($2 in chips) 
Seat 8: BeliRambo ($1.70 in chips) 
Seat 9: MPK-198 ($1.58 in chips) 
Magianna: posts small blind $0.01
CherT678: posts big blind $0.02
*** HOLE CARDS ***
Dealt to Dorex2007 [Kd Qs]
Dorex2007: folds 
BeliRambo: raises $0.05 to $0.07
MPK-198: folds 
sukhmanladhar: calls $0.07
Moshniy: folds 
makyzi: folds 
wuwei3579: raises $0.24 to $0.31
Magianna: folds 
CherT678: folds 
BeliRambo: raises $1.39 to $1.70 and is all-in
sukhmanladhar: folds 
wuwei3579: calls $1.39
*** FLOP *** [Jd 9s 7h]
*** TURN *** [Jd 9s 7h] [Ac]
*** RIVER *** [Jd 9s 7h Ac] [Qh]
*** SHOW DOWN ***
BeliRambo: shows [Qd Qc] (three of a kind, Queens)
wuwei3579: shows [6h 6c] (a pair of Sixes)
BeliRambo collected $3.38 from pot
*** SUMMARY ***
Total pot $3.50 | Rake $0.12 
Board [Jd 9s 7h Ac Qh]
Seat 1: sukhmanladhar folded before Flop
Seat 2: Moshniy folded before Flop (didn't bet)
Seat 3: makyzi folded before Flop (didn't bet)
Seat 4: wuwei3579 (button) showed [6h 6c] and lost with a pair of Sixes
Seat 5: Magianna (small blind) folded before Flop
Seat 6: CherT678 (big blind) folded before Flop
Seat 7: Dorex2007 folded before Flop (didn't bet)
Seat 8: BeliRambo showed [Qd Qc] and won ($3.38) with three of a kind, Queens
Seat 9: MPK-198 folded before Flop (didn't bet)



PokerStars Hand #232894097563:  Hold'em No Limit ($0.01/$0.02 USD) - 2022/01/06 23:18:04 PT [2022/01/07 2:18:04 ET]
Table 'Skadi IV' 9-max Seat #5 is the button
Seat 1: sukhmanladhar ($1.48 in chips) 
Seat 2: Moshniy ($1.96 in chips) 
Seat 3: makyzi ($1.91 in chips) 
Seat 4: wuwei3579 ($2.16 in chips) 
Seat 5: Magianna ($1.97 in chips) 
Seat 6: CherT678 ($2.39 in chips) 
Seat 7: Dorex2007 ($2 in chips) 
Seat 8: BeliRambo ($3.38 in chips) 
Seat 9: MPK-198 ($1.58 in chips) 
CherT678: posts small blind $0.01
Dorex2007: posts big blind $0.02
*** HOLE CARDS ***
Dealt to Dorex2007 [Qc 9h]
BeliRambo: folds 
MPK-198: folds 
sukhmanladhar: folds 
Moshniy: folds 
makyzi: folds 
wuwei3579: raises $0.04 to $0.06
Magianna: folds 
CherT678: folds 
Dorex2007: folds 
Uncalled bet ($0.04) returned to wuwei3579
wuwei3579 collected $0.05 from pot
wuwei3579: doesn't show hand 
*** SUMMARY ***
Total pot $0.05 | Rake $0 
Seat 1: sukhmanladhar folded before Flop (didn't bet)
Seat 2: Moshniy folded before Flop (didn't bet)
Seat 3: makyzi folded before Flop (didn't bet)
Seat 4: wuwei3579 collected ($0.05)
Seat 5: Magianna (button) folded before Flop (didn't bet)
Seat 6: CherT678 (small blind) folded before Flop
Seat 7: Dorex2007 (big blind) folded before Flop
Seat 8: BeliRambo folded before Flop (didn't bet)
Seat 9: MPK-198 folded before Flop (didn't bet)



PokerStars Hand #232894101104:  Hold'em No Limit ($0.01/$0.02 USD) - 2022/01/06 23:18:27 PT [2022/01/07 2:18:27 ET]
Table 'Skadi IV' 9-max Seat #6 is the button
Seat 1: sukhmanladhar ($1.48 in chips) 
Seat 2: Moshniy ($1.96 in chips) 
Seat 3: makyzi ($1.91 in chips) 
Seat 4: wuwei3579 ($2.19 in chips) 
Seat 5: Magianna ($1.97 in chips) 
Seat 6: CherT678 ($2.38 in chips) 
Seat 7: Dorex2007 ($2 in chips) 
Seat 8: BeliRambo ($3.38 in chips) 
Seat 9: MPK-198 ($1.58 in chips) 
Dorex2007: posts small blind $0.01
BeliRambo: posts big blind $0.02
*** HOLE CARDS ***
Dealt to Dorex2007 [5c 3d]
MPK-198: folds 
sukhmanladhar: folds 
Moshniy: folds 
makyzi: folds 
wuwei3579: folds 
Magianna: calls $0.02
CherT678: folds 
Dorex2007: calls $0.01
BeliRambo: checks 
*** FLOP *** [Ac 4s 5s]
Dorex2007: checks 
BeliRambo: bets $0.02
Magianna: folds 
Dorex2007: calls $0.02
*** TURN *** [Ac 4s 5s] [Ts]
Dorex2007: checks 
BeliRambo: checks 
*** RIVER *** [Ac 4s 5s Ts] [Jd]
Dorex2007: bets $0.05
BeliRambo: calls $0.05
*** SHOW DOWN ***
Dorex2007: shows [5c 3d] (a pair of Fives)
BeliRambo: shows [7d As] (a pair of Aces)
BeliRambo collected $0.19 from pot
*** SUMMARY ***
Total pot $0.20 | Rake $0.01 
Board [Ac 4s 5s Ts Jd]
Seat 1: sukhmanladhar folded before Flop (didn't bet)
Seat 2: Moshniy folded before Flop (didn't bet)
Seat 3: makyzi folded before Flop (didn't bet)
Seat 4: wuwei3579 folded before Flop (didn't bet)
Seat 5: Magianna folded on the Flop
Seat 6: CherT678 (button) folded before Flop (didn't bet)
Seat 7: Dorex2007 (small blind) showed [5c 3d] and lost with a pair of Fives
Seat 8: BeliRambo (big blind) showed [7d As] and won ($0.19) with a pair of Aces
Seat 9: MPK-198 folded before Flop (didn't bet)



PokerStars Hand #232894105598:  Hold'em No Limit ($0.01/$0.02 USD) - 2022/01/06 23:18:58 PT [2022/01/07 2:18:58 ET]
Table 'Skadi IV' 9-max Seat #7 is the button
Seat 1: sukhmanladhar ($1.48 in chips) 
Seat 2: Moshniy ($1.96 in chips) 
Seat 3: makyzi ($1.91 in chips) 
Seat 4: wuwei3579 ($2.19 in chips) 
Seat 5: Magianna ($1.95 in chips) 
Seat 6: CherT678 ($2.38 in chips) 
Seat 7: Dorex2007 ($2 in chips) 
Seat 8: BeliRambo ($3.48 in chips) 
Seat 9: MPK-198 ($1.58 in chips) 
BeliRambo: posts small blind $0.01
MPK-198: posts big blind $0.02
*** HOLE CARDS ***
Dealt to Dorex2007 [8c 5c]
sukhmanladhar: raises $0.02 to $0.04
Moshniy: folds 
makyzi: folds 
wuwei3579: folds 
Magianna: folds 
CherT678: folds 
Dorex2007: folds 
BeliRambo: calls $0.03
MPK-198: folds 
*** FLOP *** [7c As Qh]
BeliRambo: checks 
sukhmanladhar: bets $0.44
BeliRambo: folds 
Uncalled bet ($0.44) returned to sukhmanladhar
sukhmanladhar collected $0.10 from pot
*** SUMMARY ***
Total pot $0.10 | Rake $0 
Board [7c As Qh]
Seat 1: sukhmanladhar collected ($0.10)
Seat 2: Moshniy folded before Flop (didn't bet)
Seat 3: makyzi folded before Flop (didn't bet)
Seat 4: wuwei3579 folded before Flop (didn't bet)
Seat 5: Magianna folded before Flop (didn't bet)
Seat 6: CherT678 folded before Flop (didn't bet)
Seat 7: Dorex2007 (button) folded before Flop (didn't bet)
Seat 8: BeliRambo (small blind) folded on the Flop
Seat 9: MPK-198 (big blind) folded before Flop



PokerStars Hand #232894112350:  Hold'em No Limit ($0.01/$0.02 USD) - 2022/01/06 23:19:43 PT [2022/01/07 2:19:43 ET]
Table 'Skadi IV' 9-max Seat #8 is the button
Seat 1: sukhmanladhar ($1.54 in chips) 
Seat 2: Moshniy ($1.96 in chips) 
Seat 3: makyzi ($1.91 in chips) 
Seat 4: wuwei3579 ($2.19 in chips) 
Seat 5: Magianna ($1.95 in chips) 
Seat 6: CherT678 ($2.38 in chips) 
Seat 7: Dorex2007 ($2 in chips) 
Seat 8: BeliRambo ($3.44 in chips) 
Seat 9: MPK-198 ($1.56 in chips) 
MPK-198: posts small blind $0.01
sukhmanladhar: posts big blind $0.02
*** HOLE CARDS ***
Dealt to Dorex2007 [Jh 9c]
Moshniy: folds 
makyzi: folds 
wuwei3579: raises $0.04 to $0.06
Magianna: folds 
CherT678: folds 
Dorex2007: folds 
BeliRambo: folds 
MPK-198: folds 
sukhmanladhar: folds 
Uncalled bet ($0.04) returned to wuwei3579
wuwei3579 collected $0.05 from pot
wuwei3579: doesn't show hand 
*** SUMMARY ***
Total pot $0.05 | Rake $0 
Seat 1: sukhmanladhar (big blind) folded before Flop
Seat 2: Moshniy folded before Flop (didn't bet)
Seat 3: makyzi folded before Flop (didn't bet)
Seat 4: wuwei3579 collected ($0.05)
Seat 5: Magianna folded before Flop (didn't bet)
Seat 6: CherT678 folded before Flop (didn't bet)
Seat 7: Dorex2007 folded before Flop (didn't bet)
Seat 8: BeliRambo (button) folded before Flop (didn't bet)
Seat 9: MPK-198 (small blind) folded before Flop



PokerStars Hand #232894114939:  Hold'em No Limit ($0.01/$0.02 USD) - 2022/01/06 23:20:01 PT [2022/01/07 2:20:01 ET]
Table 'Skadi IV' 9-max Seat #9 is the button
Seat 1: sukhmanladhar ($1.52 in chips) 
Seat 2: Moshniy ($1.96 in chips) 
Seat 3: makyzi ($1.91 in chips) 
Seat 4: wuwei3579 ($2.22 in chips) 
Seat 5: Magianna ($1.95 in chips) 
Seat 6: CherT678 ($2.38 in chips) 
Seat 7: Dorex2007 ($2 in chips) 
Seat 8: BeliRambo ($3.44 in chips) 
Seat 9: MPK-198 ($1.55 in chips) 
sukhmanladhar: posts small blind $0.01
Moshniy: posts big blind $0.02
*** HOLE CARDS ***
Dealt to Dorex2007 [7d 3d]
makyzi: folds 
wuwei3579: folds 
Magianna: folds 
CherT678: folds 
Dorex2007: folds 
BeliRambo: folds 
MPK-198: folds 
sukhmanladhar: calls $0.01
Moshniy: checks 
*** FLOP *** [2d Th 9d]
sukhmanladhar: checks 
Moshniy: bets $0.04
sukhmanladhar: raises $0.04 to $0.08
Moshniy: calls $0.04
*** TURN *** [2d Th 9d] [9h]
sukhmanladhar: checks 
Moshniy: bets $0.10
sukhmanladhar: raises $0.10 to $0.20
Moshniy: folds 
Uncalled bet ($0.10) returned to sukhmanladhar
sukhmanladhar collected $0.39 from pot
*** SUMMARY ***
Total pot $0.40 | Rake $0.01 
Board [2d Th 9d 9h]
Seat 1: sukhmanladhar (small blind) collected ($0.39)
Seat 2: Moshniy (big blind) folded on the Turn
Seat 3: makyzi folded before Flop (didn't bet)
Seat 4: wuwei3579 folded before Flop (didn't bet)
Seat 5: Magianna folded before Flop (didn't bet)
Seat 6: CherT678 folded before Flop (didn't bet)
Seat 7: Dorex2007 folded before Flop (didn't bet)
Seat 8: BeliRambo folded before Flop (didn't bet)
Seat 9: MPK-198 (button) folded before Flop (didn't bet)



PokerStars Hand #232894122629:  Hold'em No Limit ($0.01/$0.02 USD) - 2022/01/06 23:20:52 PT [2022/01/07 2:20:52 ET]
Table 'Skadi IV' 9-max Seat #1 is the button
Seat 1: sukhmanladhar ($1.71 in chips) 
Seat 2: Moshniy ($1.76 in chips) 
Seat 3: makyzi ($1.91 in chips) 
Seat 4: wuwei3579 ($2.22 in chips) 
Seat 5: Magianna ($1.95 in chips) 
Seat 6: CherT678 ($2.38 in chips) 
Seat 7: Dorex2007 ($2 in chips) 
Seat 8: BeliRambo ($3.44 in chips) 
Seat 9: MPK-198 ($1.55 in chips) 
Moshniy: posts small blind $0.01
makyzi: posts big blind $0.02
*** HOLE CARDS ***
Dealt to Dorex2007 [8s Jd]
wuwei3579: raises $0.04 to $0.06
Magianna: folds 
CherT678: folds 
Dorex2007: folds 
BeliRambo: folds 
MPK-198: folds 
sukhmanladhar: calls $0.06
Moshniy: folds 
makyzi: folds 
*** FLOP *** [Ad 4c 7s]
wuwei3579: bets $0.06
sukhmanladhar: folds 
Uncalled bet ($0.06) returned to wuwei3579
wuwei3579 collected $0.14 from pot
wuwei3579: doesn't show hand 
*** SUMMARY ***
Total pot $0.15 | Rake $0.01 
Board [Ad 4c 7s]
Seat 1: sukhmanladhar (button) folded on the Flop
Seat 2: Moshniy (small blind) folded before Flop
Seat 3: makyzi (big blind) folded before Flop
Seat 4: wuwei3579 collected ($0.14)
Seat 5: Magianna folded before Flop (didn't bet)
Seat 6: CherT678 folded before Flop (didn't bet)
Seat 7: Dorex2007 folded before Flop (didn't bet)
Seat 8: BeliRambo folded before Flop (didn't bet)
Seat 9: MPK-198 folded before Flop (didn't bet)



PokerStars Hand #232894126815:  Hold'em No Limit ($0.01/$0.02 USD) - 2022/01/06 23:21:20 PT [2022/01/07 2:21:20 ET]
Table 'Skadi IV' 9-max Seat #2 is the button
Seat 1: sukhmanladhar ($1.65 in chips) 
Seat 2: Moshniy ($1.75 in chips) 
Seat 3: makyzi ($1.89 in chips) 
Seat 4: wuwei3579 ($2.30 in chips) 
Seat 5: Magianna ($1.95 in chips) 
Seat 6: CherT678 ($2.38 in chips) 
Seat 7: Dorex2007 ($2 in chips) 
Seat 8: BeliRambo ($3.44 in chips) 
Seat 9: MPK-198 ($1.55 in chips) 
makyzi: posts small blind $0.01
wuwei3579: posts big blind $0.02
*** HOLE CARDS ***
Dealt to Dorex2007 [Qc 6s]
Magianna: folds 
CherT678: folds 
Dorex2007: folds 
BeliRambo: calls $0.02
MPK-198: folds 
sukhmanladhar: calls $0.02
Moshniy: calls $0.02
makyzi: folds 
wuwei3579: raises $2.28 to $2.30 and is all-in
BeliRambo: folds 
sukhmanladhar: folds 
Moshniy: folds 
Uncalled bet ($2.28) returned to wuwei3579
wuwei3579 collected $0.09 from pot
wuwei3579: doesn't show hand 
*** SUMMARY ***
Total pot $0.09 | Rake $0 
Seat 1: sukhmanladhar folded before Flop
Seat 2: Moshniy (button) folded before Flop
Seat 3: makyzi (small blind) folded before Flop
Seat 4: wuwei3579 (big blind) collected ($0.09)
Seat 5: Magianna folded before Flop (didn't bet)
Seat 6: CherT678 folded before Flop (didn't bet)
Seat 7: Dorex2007 folded before Flop (didn't bet)
Seat 8: BeliRambo folded before Flop
Seat 9: MPK-198 folded before Flop (didn't bet)



PokerStars Hand #232894132060:  Hold'em No Limit ($0.01/$0.02 USD) - 2022/01/06 23:21:54 PT [2022/01/07 2:21:54 ET]
Table 'Skadi IV' 9-max Seat #3 is the button
Seat 1: sukhmanladhar ($1.63 in chips) 
Seat 2: Moshniy ($1.73 in chips) 
Seat 3: makyzi ($1.88 in chips) 
Seat 4: wuwei3579 ($2.37 in chips) 
Seat 5: Magianna ($1.95 in chips) 
Seat 6: CherT678 ($2.38 in chips) 
Seat 7: Dorex2007 ($2 in chips) 
Seat 8: BeliRambo ($3.42 in chips) 
Seat 9: MPK-198 ($1.55 in chips) 
wuwei3579: posts small blind $0.01
Magianna: posts big blind $0.02
*** HOLE CARDS ***
Dealt to Dorex2007 [8h 5h]
CherT678: folds 
Dorex2007: folds 
BeliRambo: folds 
MPK-198: raises $0.04 to $0.06
sukhmanladhar: calls $0.06
Moshniy: calls $0.06
makyzi: calls $0.06
wuwei3579: calls $0.05
Magianna: folds 
*** FLOP *** [Kc 2d 5c]
wuwei3579: checks 
MPK-198: checks 
sukhmanladhar: checks 
Moshniy: bets $0.10
makyzi: folds 
wuwei3579: folds 
MPK-198: folds 
sukhmanladhar: folds 
Uncalled bet ($0.10) returned to Moshniy
Moshniy collected $0.31 from pot
Moshniy: doesn't show hand 
*** SUMMARY ***
Total pot $0.32 | Rake $0.01 
Board [Kc 2d 5c]
Seat 1: sukhmanladhar folded on the Flop
Seat 2: Moshniy collected ($0.31)
Seat 3: makyzi (button) folded on the Flop
Seat 4: wuwei3579 (small blind) folded on the Flop
Seat 5: Magianna (big blind) folded before Flop
Seat 6: CherT678 folded before Flop (didn't bet)
Seat 7: Dorex2007 folded before Flop (didn't bet)
Seat 8: BeliRambo folded before Flop (didn't bet)
Seat 9: MPK-198 folded on the Flop



PokerStars Hand #232894139221:  Hold'em No Limit ($0.01/$0.02 USD) - 2022/01/06 23:22:41 PT [2022/01/07 2:22:41 ET]
Table 'Skadi IV' 9-max Seat #4 is the button
Seat 1: sukhmanladhar ($1.57 in chips) 
Seat 2: Moshniy ($1.98 in chips) 
Seat 3: makyzi ($1.82 in chips) 
Seat 4: wuwei3579 ($2.31 in chips) 
Seat 5: Magianna ($1.93 in chips) 
Seat 6: CherT678 ($2.38 in chips) 
Seat 7: Dorex2007 ($2 in chips) 
Seat 8: BeliRambo ($3.42 in chips) 
Seat 9: MPK-198 ($1.49 in chips) 
Magianna: posts small blind $0.01
CherT678: posts big blind $0.02
*** HOLE CARDS ***
Dealt to Dorex2007 [8d 8s]
Dorex2007: folds 
BeliRambo: folds 
MPK-198: folds 
sukhmanladhar: folds 
Moshniy: folds 
makyzi: folds 
wuwei3579: folds 
Magianna: folds 
Uncalled bet ($0.01) returned to CherT678
CherT678 collected $0.02 from pot
*** SUMMARY ***
Total pot $0.02 | Rake $0 
Seat 1: sukhmanladhar folded before Flop (didn't bet)
Seat 2: Moshniy folded before Flop (didn't bet)
Seat 3: makyzi folded before Flop (didn't bet)
Seat 4: wuwei3579 (button) folded before Flop (didn't bet)
Seat 5: Magianna (small blind) folded before Flop
Seat 6: CherT678 (big blind) collected ($0.02)
Seat 7: Dorex2007 folded before Flop (didn't bet)
Seat 8: BeliRambo folded before Flop (didn't bet)
Seat 9: MPK-198 folded before Flop (didn't bet)



PokerStars Hand #232894141562:  Hold'em No Limit ($0.01/$0.02 USD) - 2022/01/06 23:22:57 PT [2022/01/07 2:22:57 ET]
Table 'Skadi IV' 9-max Seat #5 is the button
Seat 1: sukhmanladhar ($1.57 in chips) 
Seat 2: Moshniy ($1.98 in chips) 
Seat 3: makyzi ($1.82 in chips) 
Seat 4: wuwei3579 ($2.31 in chips) 
Seat 5: Magianna ($1.92 in chips) 
Seat 6: CherT678 ($2.39 in chips) 
Seat 7: Dorex2007 ($2 in chips) 
Seat 8: BeliRambo ($3.42 in chips) 
Seat 9: MPK-198 ($1.49 in chips) 
CherT678: posts small blind $0.01
Dorex2007: posts big blind $0.02
*** HOLE CARDS ***
Dealt to Dorex2007 [7c Kd]
BeliRambo: calls $0.02
MPK-198: folds 
sukhmanladhar: calls $0.02
Moshniy: folds 
makyzi: folds 
wuwei3579: raises $0.04 to $0.06
Magianna: calls $0.06
CherT678: folds 
Dorex2007: folds 
BeliRambo: calls $0.04
sukhmanladhar: calls $0.04
*** FLOP *** [Kh Th 6s]
BeliRambo: checks 
sukhmanladhar: checks 
wuwei3579: bets $0.06
Magianna: calls $0.06
BeliRambo: raises $0.10 to $0.16
sukhmanladhar: folds 
wuwei3579: calls $0.10
Magianna: folds 
*** TURN *** [Kh Th 6s] [9h]
BeliRambo: checks 
wuwei3579: checks 
*** RIVER *** [Kh Th 6s 9h] [3d]
BeliRambo: bets $0.22
wuwei3579: calls $0.22
*** SHOW DOWN ***
BeliRambo: shows [Kc Ad] (a pair of Kings)
wuwei3579: mucks hand 
BeliRambo collected $1.05 from pot
*** SUMMARY ***
Total pot $1.09 | Rake $0.04 
Board [Kh Th 6s 9h 3d]
Seat 1: sukhmanladhar folded on the Flop
Seat 2: Moshniy folded before Flop (didn't bet)
Seat 3: makyzi folded before Flop (didn't bet)
Seat 4: wuwei3579 mucked [Jd Js]
Seat 5: Magianna (button) folded on the Flop
Seat 6: CherT678 (small blind) folded before Flop
Seat 7: Dorex2007 (big blind) folded before Flop
Seat 8: BeliRambo showed [Kc Ad] and won ($1.05) with a pair of Kings
Seat 9: MPK-198 folded before Flop (didn't bet)



PokerStars Hand #232894156380:  Hold'em No Limit ($0.01/$0.02 USD) - 2022/01/06 23:24:36 PT [2022/01/07 2:24:36 ET]
Table 'Skadi IV' 9-max Seat #6 is the button
Seat 1: sukhmanladhar ($1.51 in chips) 
Seat 2: Moshniy ($1.98 in chips) 
Seat 3: makyzi ($1.82 in chips) 
Seat 4: wuwei3579 ($1.87 in chips) 
Seat 5: Magianna ($1.80 in chips) 
Seat 6: CherT678 ($2.38 in chips) 
Seat 7: Dorex2007 ($2 in chips) 
Seat 8: BeliRambo ($4.03 in chips) 
Seat 9: MPK-198 ($1.49 in chips) 
Dorex2007: posts small blind $0.01
BeliRambo: posts big blind $0.02
*** HOLE CARDS ***
Dealt to Dorex2007 [Ad Jc]
MPK-198: folds 
sukhmanladhar: raises $0.18 to $0.20
Moshniy: folds 
makyzi: folds 
wuwei3579: folds 
Magianna: folds 
CherT678: folds 
Dorex2007: folds 
BeliRambo: folds 
Uncalled bet ($0.18) returned to sukhmanladhar
sukhmanladhar collected $0.05 from pot
*** SUMMARY ***
Total pot $0.05 | Rake $0 
Seat 1: sukhmanladhar collected ($0.05)
Seat 2: Moshniy folded before Flop (didn't bet)
Seat 3: makyzi folded before Flop (didn't bet)
Seat 4: wuwei3579 folded before Flop (didn't bet)
Seat 5: Magianna folded before Flop (didn't bet)
Seat 6: CherT678 (button) folded before Flop (didn't bet)
Seat 7: Dorex2007 (small blind) folded before Flop
Seat 8: BeliRambo (big blind) folded before Flop
Seat 9: MPK-198 folded before Flop (didn't bet)



PokerStars Hand #232894159658:  Hold'em No Limit ($0.01/$0.02 USD) - 2022/01/06 23:24:58 PT [2022/01/07 2:24:58 ET]
Table 'Skadi IV' 9-max Seat #7 is the button
Seat 1: sukhmanladhar ($1.54 in chips) 
Seat 2: Moshniy ($1.98 in chips) 
Seat 3: makyzi ($1.82 in chips) 
Seat 4: wuwei3579 ($1.87 in chips) 
Seat 5: Magianna ($1.80 in chips) 
Seat 6: CherT678 ($2.38 in chips) 
Seat 7: Dorex2007 ($2 in chips) 
Seat 8: BeliRambo ($4.01 in chips) 
Seat 9: MPK-198 ($1.49 in chips) 
BeliRambo: posts small blind $0.01
MPK-198: posts big blind $0.02
*** HOLE CARDS ***
Dealt to Dorex2007 [5c 7d]
sukhmanladhar: calls $0.02
Moshniy: folds 
makyzi: raises $0.06 to $0.08
wuwei3579: folds 
Magianna: folds 
CherT678: raises $0.18 to $0.26
Dorex2007: folds 
BeliRambo: folds 
MPK-198: folds 
sukhmanladhar: folds 
makyzi: calls $0.18
*** FLOP *** [Ad Tc 3c]
makyzi: checks 
CherT678: checks 
*** TURN *** [Ad Tc 3c] [Js]
makyzi: bets $0.28
CherT678: folds 
Uncalled bet ($0.28) returned to makyzi
makyzi collected $0.55 from pot
makyzi: doesn't show hand 
*** SUMMARY ***
Total pot $0.57 | Rake $0.02 
Board [Ad Tc 3c Js]
Seat 1: sukhmanladhar folded before Flop
Seat 2: Moshniy folded before Flop (didn't bet)
Seat 3: makyzi collected ($0.55)
Seat 4: wuwei3579 folded before Flop (didn't bet)
Seat 5: Magianna folded before Flop (didn't bet)
Seat 6: CherT678 folded on the Turn
Seat 7: Dorex2007 (button) folded before Flop (didn't bet)
Seat 8: BeliRambo (small blind) folded before Flop
Seat 9: MPK-198 (big blind) folded before Flop



