PokerStars Hand #237958136653:  Hold'em No Limit ($0.05/$0.10 USD) - 2022/08/12 21:00:31 PT [2022/08/13 0:00:31 ET]
Table 'Alemannia III' 9-max Seat #8 is the button
Seat 1: frank1n100 ($10 in chips) 
Seat 2: Dorex2007 ($19.25 in chips) 
Seat 3: G0oD.whZ* ($12.67 in chips) 
Seat 4: 204Javi ($9.78 in chips) 
Seat 5: Wallin280 ($5.82 in chips) 
Seat 6: gracieligpretto ($11.21 in chips) 
Seat 7: kampoker52 ($8.43 in chips) 
Seat 8: GoldDucker ($19.85 in chips) 
Seat 9: JD550 ($8.41 in chips) 
JD550: posts small blind $0.05
frank1n100: posts big blind $0.10
*** HOLE CARDS ***
Dealt to Dorex2007 [5c 3d]
Dorex2007: folds 
G0oD.whZ*: folds 
204Javi: folds 
Wallin280: folds 
gracieligpretto: folds 
kampoker52: calls $0.10
GoldDucker: raises $0.30 to $0.40
JD550: folds 
frank1n100: folds 
kampoker52: calls $0.30
*** FLOP *** [Kd 3h 2c]
kampoker52: checks 
GoldDucker: bets $0.45
kampoker52: calls $0.45
*** TURN *** [Kd 3h 2c] [4h]
kampoker52: checks 
GoldDucker: bets $0.88
kampoker52: calls $0.88
*** RIVER *** [Kd 3h 2c 4h] [3c]
kampoker52: checks 
GoldDucker: checks 
*** SHOW DOWN ***
kampoker52: shows [Qs 3s] (three of a kind, Threes)
GoldDucker: mucks hand 
kampoker52 collected $3.45 from pot
*** SUMMARY ***
Total pot $3.61 | Rake $0.16 
Board [Kd 3h 2c 4h 3c]
Seat 1: frank1n100 (big blind) folded before Flop
Seat 2: Dorex2007 folded before Flop (didn't bet)
Seat 3: G0oD.whZ* folded before Flop (didn't bet)
Seat 4: 204Javi folded before Flop (didn't bet)
Seat 5: Wallin280 folded before Flop (didn't bet)
Seat 6: gracieligpretto folded before Flop (didn't bet)
Seat 7: kampoker52 showed [Qs 3s] and won ($3.45) with three of a kind, Threes
Seat 8: GoldDucker (button) mucked [Kc Th]
Seat 9: JD550 (small blind) folded before Flop



PokerStars Hand #237958145109:  Hold'em No Limit ($0.05/$0.10 USD) - 2022/08/12 21:01:33 PT [2022/08/13 0:01:33 ET]
Table 'Alemannia III' 9-max Seat #9 is the button
Seat 1: frank1n100 ($9.90 in chips) 
Seat 2: Dorex2007 ($19.25 in chips) 
Seat 3: G0oD.whZ* ($12.67 in chips) 
Seat 4: 204Javi ($9.78 in chips) 
Seat 5: Wallin280 ($5.82 in chips) 
Seat 6: gracieligpretto ($11.21 in chips) 
Seat 7: kampoker52 ($10.15 in chips) 
Seat 8: GoldDucker ($18.12 in chips) 
Seat 9: JD550 ($8.36 in chips) 
frank1n100: posts small blind $0.05
Dorex2007: posts big blind $0.10
*** HOLE CARDS ***
Dealt to Dorex2007 [6c 3d]
G0oD.whZ*: folds 
204Javi: folds 
Wallin280: folds 
gracieligpretto: folds 
kampoker52: folds 
GoldDucker: raises $0.20 to $0.30
JD550: calls $0.30
frank1n100: folds 
Dorex2007: folds 
*** FLOP *** [5h 3s Td]
GoldDucker: bets $0.48
JD550: folds 
Uncalled bet ($0.48) returned to GoldDucker
GoldDucker collected $0.72 from pot
GoldDucker: doesn't show hand 
*** SUMMARY ***
Total pot $0.75 | Rake $0.03 
Board [5h 3s Td]
Seat 1: frank1n100 (small blind) folded before Flop
Seat 2: Dorex2007 (big blind) folded before Flop
Seat 3: G0oD.whZ* folded before Flop (didn't bet)
Seat 4: 204Javi folded before Flop (didn't bet)
Seat 5: Wallin280 folded before Flop (didn't bet)
Seat 6: gracieligpretto folded before Flop (didn't bet)
Seat 7: kampoker52 folded before Flop (didn't bet)
Seat 8: GoldDucker collected ($0.72)
Seat 9: JD550 (button) folded on the Flop



PokerStars Hand #237958153462:  Hold'em No Limit ($0.05/$0.10 USD) - 2022/08/12 21:02:31 PT [2022/08/13 0:02:31 ET]
Table 'Alemannia III' 9-max Seat #1 is the button
Seat 1: frank1n100 ($9.85 in chips) 
Seat 2: Dorex2007 ($19.15 in chips) 
Seat 3: G0oD.whZ* ($12.67 in chips) 
Seat 4: 204Javi ($9.78 in chips) 
Seat 5: Wallin280 ($5.82 in chips) 
Seat 6: gracieligpretto ($11.21 in chips) 
Seat 7: kampoker52 ($10.15 in chips) 
Seat 8: GoldDucker ($18.54 in chips) 
Seat 9: JD550 ($8.06 in chips) 
Dorex2007: posts small blind $0.05
G0oD.whZ*: posts big blind $0.10
*** HOLE CARDS ***
Dealt to Dorex2007 [Ah 4c]
204Javi: folds 
Wallin280: folds 
gracieligpretto: folds 
kampoker52: raises $0.10 to $0.20
GoldDucker: folds 
JD550: folds 
frank1n100: folds 
Dorex2007: folds 
G0oD.whZ*: folds 
Uncalled bet ($0.10) returned to kampoker52
kampoker52 collected $0.25 from pot
*** SUMMARY ***
Total pot $0.25 | Rake $0 
Seat 1: frank1n100 (button) folded before Flop (didn't bet)
Seat 2: Dorex2007 (small blind) folded before Flop
Seat 3: G0oD.whZ* (big blind) folded before Flop
Seat 4: 204Javi folded before Flop (didn't bet)
Seat 5: Wallin280 folded before Flop (didn't bet)
Seat 6: gracieligpretto folded before Flop (didn't bet)
Seat 7: kampoker52 collected ($0.25)
Seat 8: GoldDucker folded before Flop (didn't bet)
Seat 9: JD550 folded before Flop (didn't bet)



PokerStars Hand #237958157457:  Hold'em No Limit ($0.05/$0.10 USD) - 2022/08/12 21:02:59 PT [2022/08/13 0:02:59 ET]
Table 'Alemannia III' 9-max Seat #2 is the button
Seat 1: frank1n100 ($9.85 in chips) 
Seat 2: Dorex2007 ($19.10 in chips) 
Seat 3: G0oD.whZ* ($12.57 in chips) 
Seat 4: 204Javi ($9.78 in chips) 
Seat 5: Wallin280 ($5.82 in chips) 
Seat 6: gracieligpretto ($11.21 in chips) 
Seat 7: kampoker52 ($10.30 in chips) 
Seat 8: GoldDucker ($18.54 in chips) 
Seat 9: JD550 ($8.06 in chips) 
G0oD.whZ*: posts small blind $0.05
204Javi: posts big blind $0.10
*** HOLE CARDS ***
Dealt to Dorex2007 [3d Ad]
Wallin280: folds 
gracieligpretto: folds 
kampoker52: folds 
GoldDucker: folds 
JD550: raises $0.20 to $0.30
frank1n100: folds 
Dorex2007: folds 
G0oD.whZ*: folds 
204Javi: calls $0.20
*** FLOP *** [Qd Qs 9d]
204Javi: checks 
JD550: bets $0.30
204Javi: calls $0.30
*** TURN *** [Qd Qs 9d] [3s]
204Javi: checks 
JD550: bets $0.60
204Javi: calls $0.60
*** RIVER *** [Qd Qs 9d 3s] [4s]
204Javi: checks 
JD550: checks 
*** SHOW DOWN ***
204Javi: shows [Qh As] (three of a kind, Queens)
JD550: mucks hand 
204Javi collected $2.34 from pot
*** SUMMARY ***
Total pot $2.45 | Rake $0.11 
Board [Qd Qs 9d 3s 4s]
Seat 1: frank1n100 folded before Flop (didn't bet)
Seat 2: Dorex2007 (button) folded before Flop (didn't bet)
Seat 3: G0oD.whZ* (small blind) folded before Flop
Seat 4: 204Javi (big blind) showed [Qh As] and won ($2.34) with three of a kind, Queens
Seat 5: Wallin280 folded before Flop (didn't bet)
Seat 6: gracieligpretto folded before Flop (didn't bet)
Seat 7: kampoker52 folded before Flop (didn't bet)
Seat 8: GoldDucker folded before Flop (didn't bet)
Seat 9: JD550 mucked [Kh Kc]



PokerStars Hand #237958164772:  Hold'em No Limit ($0.05/$0.10 USD) - 2022/08/12 21:03:44 PT [2022/08/13 0:03:44 ET]
Table 'Alemannia III' 9-max Seat #3 is the button
Seat 1: frank1n100 ($9.85 in chips) 
Seat 2: Dorex2007 ($19.10 in chips) 
Seat 3: G0oD.whZ* ($12.52 in chips) 
Seat 4: 204Javi ($10.92 in chips) 
Seat 5: Wallin280 ($5.82 in chips) 
Seat 6: gracieligpretto ($11.21 in chips) 
Seat 7: kampoker52 ($10.30 in chips) 
Seat 8: GoldDucker ($18.54 in chips) 
Seat 9: JD550 ($6.86 in chips) 
204Javi: posts small blind $0.05
Wallin280: posts big blind $0.10
*** HOLE CARDS ***
Dealt to Dorex2007 [9h 4c]
gracieligpretto: folds 
kampoker52: raises $0.20 to $0.30
GoldDucker: folds 
JD550: calls $0.30
frank1n100: folds 
Dorex2007: folds 
G0oD.whZ*: folds 
204Javi: folds 
Wallin280: folds 
*** FLOP *** [Ad 8h Qc]
kampoker52: checks 
JD550: bets $0.72
kampoker52: calls $0.72
*** TURN *** [Ad 8h Qc] [Tc]
kampoker52: checks 
JD550: checks 
*** RIVER *** [Ad 8h Qc Tc] [5c]
kampoker52: bets $2.09
JD550: raises $3.75 to $5.84 and is all-in
kampoker52: calls $3.75
*** SHOW DOWN ***
JD550: shows [Ac 2c] (a flush, Ace high)
kampoker52: shows [Jd Kd] (a straight, Ten to Ace)
JD550 collected $13.25 from pot
*** SUMMARY ***
Total pot $13.87 | Rake $0.62 
Board [Ad 8h Qc Tc 5c]
Seat 1: frank1n100 folded before Flop (didn't bet)
Seat 2: Dorex2007 folded before Flop (didn't bet)
Seat 3: G0oD.whZ* (button) folded before Flop (didn't bet)
Seat 4: 204Javi (small blind) folded before Flop
Seat 5: Wallin280 (big blind) folded before Flop
Seat 6: gracieligpretto folded before Flop (didn't bet)
Seat 7: kampoker52 showed [Jd Kd] and lost with a straight, Ten to Ace
Seat 8: GoldDucker folded before Flop (didn't bet)
Seat 9: JD550 showed [Ac 2c] and won ($13.25) with a flush, Ace high



PokerStars Hand #237958172086:  Hold'em No Limit ($0.05/$0.10 USD) - 2022/08/12 21:04:34 PT [2022/08/13 0:04:34 ET]
Table 'Alemannia III' 9-max Seat #4 is the button
Seat 1: frank1n100 ($9.85 in chips) 
Seat 2: Dorex2007 ($19.10 in chips) 
Seat 3: G0oD.whZ* ($12.52 in chips) 
Seat 4: 204Javi ($10.87 in chips) 
Seat 5: Wallin280 ($5.72 in chips) 
Seat 6: gracieligpretto ($11.21 in chips) 
Seat 7: kampoker52 ($3.44 in chips) 
Seat 8: GoldDucker ($18.54 in chips) 
Seat 9: JD550 ($13.25 in chips) 
Wallin280: posts small blind $0.05
gracieligpretto: posts big blind $0.10
*** HOLE CARDS ***
Dealt to Dorex2007 [As 2h]
kampoker52: raises $0.25 to $0.35
GoldDucker: folds 
JD550: folds 
frank1n100: folds 
Dorex2007: folds 
G0oD.whZ*: folds 
204Javi: folds 
Wallin280: calls $0.30
gracieligpretto: folds 
*** FLOP *** [2s 8c 9c]
Wallin280: checks 
kampoker52: bets $0.76
Wallin280: folds 
Uncalled bet ($0.76) returned to kampoker52
kampoker52 collected $0.76 from pot
*** SUMMARY ***
Total pot $0.80 | Rake $0.04 
Board [2s 8c 9c]
Seat 1: frank1n100 folded before Flop (didn't bet)
Seat 2: Dorex2007 folded before Flop (didn't bet)
Seat 3: G0oD.whZ* folded before Flop (didn't bet)
Seat 4: 204Javi (button) folded before Flop (didn't bet)
Seat 5: Wallin280 (small blind) folded on the Flop
Seat 6: gracieligpretto (big blind) folded before Flop
Seat 7: kampoker52 collected ($0.76)
Seat 8: GoldDucker folded before Flop (didn't bet)
Seat 9: JD550 folded before Flop (didn't bet)



PokerStars Hand #237958178374:  Hold'em No Limit ($0.05/$0.10 USD) - 2022/08/12 21:05:18 PT [2022/08/13 0:05:18 ET]
Table 'Alemannia III' 9-max Seat #5 is the button
Seat 1: frank1n100 ($9.85 in chips) 
Seat 2: Dorex2007 ($19.10 in chips) 
Seat 3: G0oD.whZ* ($12.52 in chips) 
Seat 4: 204Javi ($10.87 in chips) 
Seat 5: Wallin280 ($5.37 in chips) 
Seat 6: gracieligpretto ($11.11 in chips) 
Seat 7: kampoker52 ($3.85 in chips) 
Seat 8: GoldDucker ($18.54 in chips) 
Seat 9: JD550 ($13.25 in chips) 
gracieligpretto: posts small blind $0.05
kampoker52: posts big blind $0.10
*** HOLE CARDS ***
Dealt to Dorex2007 [Jd 8c]
GoldDucker: folds 
JD550: folds 
frank1n100: folds 
Dorex2007: folds 
G0oD.whZ*: folds 
204Javi: raises $0.10 to $0.20
Wallin280: folds 
gracieligpretto: folds 
kampoker52: calls $0.10
*** FLOP *** [As 7h Ac]
kampoker52: checks 
204Javi: checks 
*** TURN *** [As 7h Ac] [4d]
kampoker52: checks 
204Javi: bets $0.30
kampoker52: folds 
Uncalled bet ($0.30) returned to 204Javi
204Javi collected $0.43 from pot
*** SUMMARY ***
Total pot $0.45 | Rake $0.02 
Board [As 7h Ac 4d]
Seat 1: frank1n100 folded before Flop (didn't bet)
Seat 2: Dorex2007 folded before Flop (didn't bet)
Seat 3: G0oD.whZ* folded before Flop (didn't bet)
Seat 4: 204Javi collected ($0.43)
Seat 5: Wallin280 (button) folded before Flop (didn't bet)
Seat 6: gracieligpretto (small blind) folded before Flop
Seat 7: kampoker52 (big blind) folded on the Turn
Seat 8: GoldDucker folded before Flop (didn't bet)
Seat 9: JD550 folded before Flop (didn't bet)



PokerStars Hand #237958194249:  Hold'em No Limit ($0.05/$0.10 USD) - 2022/08/12 21:06:00 PT [2022/08/13 0:06:00 ET]
Table 'Alemannia III' 9-max Seat #6 is the button
Seat 1: frank1n100 ($9.85 in chips) 
Seat 2: Dorex2007 ($19.10 in chips) 
Seat 3: G0oD.whZ* ($12.52 in chips) 
Seat 4: 204Javi ($11.10 in chips) 
Seat 5: Wallin280 ($5.37 in chips) 
Seat 6: gracieligpretto ($11.06 in chips) 
Seat 7: kampoker52 ($3.65 in chips) 
Seat 8: GoldDucker ($18.54 in chips) 
Seat 9: JD550 ($13.25 in chips) 
kampoker52: posts small blind $0.05
GoldDucker: posts big blind $0.10
*** HOLE CARDS ***
Dealt to Dorex2007 [Qs 9c]
JD550: folds 
frank1n100: folds 
Dorex2007: folds 
G0oD.whZ*: folds 
204Javi: folds 
Wallin280: folds 
gracieligpretto: raises $0.10 to $0.20
kampoker52: calls $0.15
GoldDucker: raises $0.80 to $1
gracieligpretto: folds 
kampoker52: folds 
Uncalled bet ($0.80) returned to GoldDucker
GoldDucker collected $0.60 from pot
GoldDucker: doesn't show hand 
*** SUMMARY ***
Total pot $0.60 | Rake $0 
Seat 1: frank1n100 folded before Flop (didn't bet)
Seat 2: Dorex2007 folded before Flop (didn't bet)
Seat 3: G0oD.whZ* folded before Flop (didn't bet)
Seat 4: 204Javi folded before Flop (didn't bet)
Seat 5: Wallin280 folded before Flop (didn't bet)
Seat 6: gracieligpretto (button) folded before Flop
Seat 7: kampoker52 (small blind) folded before Flop
Seat 8: GoldDucker (big blind) collected ($0.60)
Seat 9: JD550 folded before Flop (didn't bet)



PokerStars Hand #237958203921:  Hold'em No Limit ($0.05/$0.10 USD) - 2022/08/12 21:07:07 PT [2022/08/13 0:07:07 ET]
Table 'Alemannia III' 9-max Seat #7 is the button
Seat 1: frank1n100 ($9.85 in chips) 
Seat 2: Dorex2007 ($19.10 in chips) 
Seat 3: G0oD.whZ* ($12.52 in chips) 
Seat 4: 204Javi ($11.10 in chips) 
Seat 5: Wallin280 ($5.37 in chips) 
Seat 6: gracieligpretto ($10.86 in chips) 
Seat 7: kampoker52 ($3.45 in chips) 
Seat 8: GoldDucker ($18.94 in chips) 
GoldDucker: posts small blind $0.05
JD550: is sitting out 
frank1n100: posts big blind $0.10
*** HOLE CARDS ***
Dealt to Dorex2007 [6d 3s]
Dorex2007: folds 
G0oD.whZ*: folds 
204Javi: folds 
Wallin280: raises $0.25 to $0.35
gracieligpretto: folds 
kampoker52: raises $0.85 to $1.20
GoldDucker: folds 
frank1n100: folds 
Wallin280: calls $0.85
*** FLOP *** [Qs Ts Qh]
Wallin280: checks 
kampoker52: checks 
*** TURN *** [Qs Ts Qh] [8s]
Wallin280: bets $2.44
kampoker52: folds 
Uncalled bet ($2.44) returned to Wallin280
Wallin280 collected $2.44 from pot
Wallin280: doesn't show hand 
*** SUMMARY ***
Total pot $2.55 | Rake $0.11 
Board [Qs Ts Qh 8s]
Seat 1: frank1n100 (big blind) folded before Flop
Seat 2: Dorex2007 folded before Flop (didn't bet)
Seat 3: G0oD.whZ* folded before Flop (didn't bet)
Seat 4: 204Javi folded before Flop (didn't bet)
Seat 5: Wallin280 collected ($2.44)
Seat 6: gracieligpretto folded before Flop (didn't bet)
Seat 7: kampoker52 (button) folded on the Turn
Seat 8: GoldDucker (small blind) folded before Flop



PokerStars Hand #237958210341:  Hold'em No Limit ($0.05/$0.10 USD) - 2022/08/12 21:07:53 PT [2022/08/13 0:07:53 ET]
Table 'Alemannia III' 9-max Seat #8 is the button
Seat 1: frank1n100 ($9.75 in chips) 
Seat 2: Dorex2007 ($19.10 in chips) 
Seat 3: G0oD.whZ* ($12.52 in chips) 
Seat 4: 204Javi ($11.10 in chips) 
Seat 5: Wallin280 ($6.61 in chips) 
Seat 6: gracieligpretto ($10.86 in chips) 
Seat 7: kampoker52 ($2.25 in chips) 
Seat 8: GoldDucker ($18.89 in chips) 
frank1n100: posts small blind $0.05
Dorex2007: posts big blind $0.10
*** HOLE CARDS ***
Dealt to Dorex2007 [7h 6h]
G0oD.whZ*: folds 
204Javi: folds 
Wallin280: folds 
gracieligpretto: raises $0.10 to $0.20
kampoker52: folds 
GoldDucker: raises $0.60 to $0.80
frank1n100: folds 
Dorex2007: folds 
gracieligpretto: folds 
Uncalled bet ($0.60) returned to GoldDucker
GoldDucker collected $0.55 from pot
GoldDucker: doesn't show hand 
*** SUMMARY ***
Total pot $0.55 | Rake $0 
Seat 1: frank1n100 (small blind) folded before Flop
Seat 2: Dorex2007 (big blind) folded before Flop
Seat 3: G0oD.whZ* folded before Flop (didn't bet)
Seat 4: 204Javi folded before Flop (didn't bet)
Seat 5: Wallin280 folded before Flop (didn't bet)
Seat 6: gracieligpretto folded before Flop
Seat 7: kampoker52 folded before Flop (didn't bet)
Seat 8: GoldDucker (button) collected ($0.55)



PokerStars Hand #237958214566:  Hold'em No Limit ($0.05/$0.10 USD) - 2022/08/12 21:08:23 PT [2022/08/13 0:08:23 ET]
Table 'Alemannia III' 9-max Seat #1 is the button
Seat 1: frank1n100 ($9.70 in chips) 
Seat 2: Dorex2007 ($19 in chips) 
Seat 3: G0oD.whZ* ($12.52 in chips) 
Seat 4: 204Javi ($11.10 in chips) 
Seat 5: Wallin280 ($6.61 in chips) 
Seat 6: gracieligpretto ($10.66 in chips) 
Seat 7: kampoker52 ($2.25 in chips) 
Seat 8: GoldDucker ($19.24 in chips) 
Dorex2007: posts small blind $0.05
G0oD.whZ*: posts big blind $0.10
*** HOLE CARDS ***
Dealt to Dorex2007 [2h Kd]
204Javi: folds 
Wallin280: folds 
gracieligpretto: folds 
kampoker52: folds 
GoldDucker: folds 
frank1n100: folds 
Dorex2007: folds 
Uncalled bet ($0.05) returned to G0oD.whZ*
G0oD.whZ* collected $0.10 from pot
G0oD.whZ*: doesn't show hand 
*** SUMMARY ***
Total pot $0.10 | Rake $0 
Seat 1: frank1n100 (button) folded before Flop (didn't bet)
Seat 2: Dorex2007 (small blind) folded before Flop
Seat 3: G0oD.whZ* (big blind) collected ($0.10)
Seat 4: 204Javi folded before Flop (didn't bet)
Seat 5: Wallin280 folded before Flop (didn't bet)
Seat 6: gracieligpretto folded before Flop (didn't bet)
Seat 7: kampoker52 folded before Flop (didn't bet)
Seat 8: GoldDucker folded before Flop (didn't bet)



PokerStars Hand #237958221441:  Hold'em No Limit ($0.05/$0.10 USD) - 2022/08/12 21:08:41 PT [2022/08/13 0:08:41 ET]
Table 'Alemannia III' 9-max Seat #2 is the button
Seat 1: frank1n100 ($9.70 in chips) 
Seat 2: Dorex2007 ($18.95 in chips) 
Seat 3: G0oD.whZ* ($12.57 in chips) 
Seat 4: 204Javi ($11.10 in chips) 
Seat 5: Wallin280 ($6.61 in chips) 
Seat 6: gracieligpretto ($10.66 in chips) 
Seat 7: kampoker52 ($2.25 in chips) 
Seat 8: GoldDucker ($19.24 in chips) 
G0oD.whZ*: posts small blind $0.05
204Javi: posts big blind $0.10
*** HOLE CARDS ***
Dealt to Dorex2007 [Kc Ad]
Wallin280: folds 
gracieligpretto: folds 
kampoker52: folds 
GoldDucker: folds 
frank1n100: raises $0.15 to $0.25
Dorex2007: calls $0.25
G0oD.whZ*: folds 
204Javi: calls $0.15
*** FLOP *** [3h 2d 6s]
204Javi: checks 
frank1n100: checks 
Dorex2007: bets $0.38
204Javi: folds 
frank1n100: folds 
Uncalled bet ($0.38) returned to Dorex2007
Dorex2007 collected $0.76 from pot
Dorex2007: doesn't show hand 
*** SUMMARY ***
Total pot $0.80 | Rake $0.04 
Board [3h 2d 6s]
Seat 1: frank1n100 folded on the Flop
Seat 2: Dorex2007 (button) collected ($0.76)
Seat 3: G0oD.whZ* (small blind) folded before Flop
Seat 4: 204Javi (big blind) folded on the Flop
Seat 5: Wallin280 folded before Flop (didn't bet)
Seat 6: gracieligpretto folded before Flop (didn't bet)
Seat 7: kampoker52 folded before Flop (didn't bet)
Seat 8: GoldDucker folded before Flop (didn't bet)



PokerStars Hand #237958226375:  Hold'em No Limit ($0.05/$0.10 USD) - 2022/08/12 21:09:16 PT [2022/08/13 0:09:16 ET]
Table 'Alemannia III' 9-max Seat #3 is the button
Seat 1: frank1n100 ($9.45 in chips) 
Seat 2: Dorex2007 ($19.46 in chips) 
Seat 3: G0oD.whZ* ($12.52 in chips) 
Seat 4: 204Javi ($10.85 in chips) 
Seat 5: Wallin280 ($6.61 in chips) 
Seat 6: gracieligpretto ($10.66 in chips) 
Seat 7: kampoker52 ($2.25 in chips) 
Seat 8: GoldDucker ($19.24 in chips) 
204Javi: posts small blind $0.05
Wallin280: posts big blind $0.10
*** HOLE CARDS ***
Dealt to Dorex2007 [Ts Kc]
gracieligpretto: folds 
kampoker52: raises $0.10 to $0.20
GoldDucker: folds 
frank1n100: folds 
Dorex2007: folds 
G0oD.whZ*: folds 
204Javi: folds 
Wallin280: raises $0.45 to $0.65
kampoker52: calls $0.45
*** FLOP *** [Jc Ac 6s]
Wallin280: bets $1.29
kampoker52: raises $0.31 to $1.60 and is all-in
Wallin280: calls $0.31
*** TURN *** [Jc Ac 6s] [Qc]
*** RIVER *** [Jc Ac 6s Qc] [6h]
*** SHOW DOWN ***
Wallin280: shows [Ad Kh] (two pair, Aces and Sixes)
kampoker52: shows [Th Ks] (a straight, Ten to Ace)
kampoker52 collected $4.35 from pot
Wallin280 cashed out the hand for $3.58 | Cash Out Fee $0.04
*** SUMMARY ***
Total pot $4.55 | Rake $0.20 
Board [Jc Ac 6s Qc 6h]
Seat 1: frank1n100 folded before Flop (didn't bet)
Seat 2: Dorex2007 folded before Flop (didn't bet)
Seat 3: G0oD.whZ* (button) folded before Flop (didn't bet)
Seat 4: 204Javi (small blind) folded before Flop
Seat 5: Wallin280 (big blind) showed [Ad Kh] and lost with two pair, Aces and Sixes (cashed out).
Seat 6: gracieligpretto folded before Flop (didn't bet)
Seat 7: kampoker52 showed [Th Ks] and won ($4.35) with a straight, Ten to Ace
Seat 8: GoldDucker folded before Flop (didn't bet)



PokerStars Hand #237958232566:  Hold'em No Limit ($0.05/$0.10 USD) - 2022/08/12 21:10:00 PT [2022/08/13 0:10:00 ET]
Table 'Alemannia III' 9-max Seat #4 is the button
Seat 1: frank1n100 ($9.45 in chips) 
Seat 2: Dorex2007 ($19.46 in chips) 
Seat 3: G0oD.whZ* ($12.52 in chips) 
Seat 4: 204Javi ($10.80 in chips) 
Seat 5: Wallin280 ($7.94 in chips) 
Seat 6: gracieligpretto ($10.66 in chips) 
Seat 7: kampoker52 ($4.35 in chips) 
Seat 8: GoldDucker ($19.24 in chips) 
Wallin280: posts small blind $0.05
gracieligpretto: posts big blind $0.10
*** HOLE CARDS ***
Dealt to Dorex2007 [3h Ac]
kampoker52: calls $0.10
GoldDucker: raises $0.30 to $0.40
frank1n100: folds 
Dorex2007: folds 
G0oD.whZ*: folds 
204Javi: folds 
Wallin280: folds 
gracieligpretto: folds 
kampoker52: calls $0.30
*** FLOP *** [2h 7d Kd]
kampoker52: checks 
GoldDucker: checks 
*** TURN *** [2h 7d Kd] [Kc]
kampoker52: bets $0.45
GoldDucker: folds 
Uncalled bet ($0.45) returned to kampoker52
kampoker52 collected $0.91 from pot
*** SUMMARY ***
Total pot $0.95 | Rake $0.04 
Board [2h 7d Kd Kc]
Seat 1: frank1n100 folded before Flop (didn't bet)
Seat 2: Dorex2007 folded before Flop (didn't bet)
Seat 3: G0oD.whZ* folded before Flop (didn't bet)
Seat 4: 204Javi (button) folded before Flop (didn't bet)
Seat 5: Wallin280 (small blind) folded before Flop
Seat 6: gracieligpretto (big blind) folded before Flop
Seat 7: kampoker52 collected ($0.91)
Seat 8: GoldDucker folded on the Turn



PokerStars Hand #237958238521:  Hold'em No Limit ($0.05/$0.10 USD) - 2022/08/12 21:10:43 PT [2022/08/13 0:10:43 ET]
Table 'Alemannia III' 9-max Seat #5 is the button
Seat 1: frank1n100 ($9.45 in chips) 
Seat 2: Dorex2007 ($19.46 in chips) 
Seat 3: G0oD.whZ* ($12.52 in chips) 
Seat 4: 204Javi ($10.80 in chips) 
Seat 5: Wallin280 ($7.89 in chips) 
Seat 6: gracieligpretto ($10.56 in chips) 
Seat 7: kampoker52 ($4.86 in chips) 
Seat 8: GoldDucker ($18.84 in chips) 
gracieligpretto: posts small blind $0.05
kampoker52: posts big blind $0.10
*** HOLE CARDS ***
Dealt to Dorex2007 [2d Jd]
GoldDucker: folds 
frank1n100: folds 
Dorex2007: folds 
G0oD.whZ*: folds 
204Javi: folds 
Wallin280: folds 
gracieligpretto: raises $0.20 to $0.30
kampoker52: calls $0.20
*** FLOP *** [4c 9d 7c]
gracieligpretto: checks 
kampoker52: checks 
*** TURN *** [4c 9d 7c] [5c]
gracieligpretto: checks 
kampoker52: checks 
*** RIVER *** [4c 9d 7c 5c] [6c]
gracieligpretto: checks 
kampoker52: bets $0.57
gracieligpretto: folds 
Uncalled bet ($0.57) returned to kampoker52
kampoker52 collected $0.57 from pot
*** SUMMARY ***
Total pot $0.60 | Rake $0.03 
Board [4c 9d 7c 5c 6c]
Seat 1: frank1n100 folded before Flop (didn't bet)
Seat 2: Dorex2007 folded before Flop (didn't bet)
Seat 3: G0oD.whZ* folded before Flop (didn't bet)
Seat 4: 204Javi folded before Flop (didn't bet)
Seat 5: Wallin280 (button) folded before Flop (didn't bet)
Seat 6: gracieligpretto (small blind) folded on the River
Seat 7: kampoker52 (big blind) collected ($0.57)
Seat 8: GoldDucker folded before Flop (didn't bet)



PokerStars Hand #237958244049:  Hold'em No Limit ($0.05/$0.10 USD) - 2022/08/12 21:11:22 PT [2022/08/13 0:11:22 ET]
Table 'Alemannia III' 9-max Seat #6 is the button
Seat 1: frank1n100 ($9.45 in chips) 
Seat 2: Dorex2007 ($19.46 in chips) 
Seat 3: G0oD.whZ* ($12.52 in chips) 
Seat 4: 204Javi ($10.80 in chips) 
Seat 5: Wallin280 ($7.89 in chips) 
Seat 6: gracieligpretto ($10.26 in chips) 
Seat 7: kampoker52 ($5.13 in chips) 
Seat 8: GoldDucker ($18.84 in chips) 
kampoker52: posts small blind $0.05
GoldDucker: posts big blind $0.10
*** HOLE CARDS ***
Dealt to Dorex2007 [8c 2h]
frank1n100: folds 
Dorex2007: folds 
G0oD.whZ*: raises $0.20 to $0.30
204Javi: folds 
Wallin280: calls $0.30
gracieligpretto: folds 
kampoker52: calls $0.25
JD550 leaves the table
GoldDucker: raises $1.50 to $1.80
G0oD.whZ*: raises $1.50 to $3.30
Wallin280: folds 
kampoker52: folds 
GoldDucker: folds 
Uncalled bet ($1.50) returned to G0oD.whZ*
G0oD.whZ* collected $4.20 from pot
G0oD.whZ*: doesn't show hand 
*** SUMMARY ***
Total pot $4.20 | Rake $0 
Seat 1: frank1n100 folded before Flop (didn't bet)
Seat 2: Dorex2007 folded before Flop (didn't bet)
Seat 3: G0oD.whZ* collected ($4.20)
Seat 4: 204Javi folded before Flop (didn't bet)
Seat 5: Wallin280 folded before Flop
Seat 6: gracieligpretto (button) folded before Flop (didn't bet)
Seat 7: kampoker52 (small blind) folded before Flop
Seat 8: GoldDucker (big blind) folded before Flop



PokerStars Hand #237958255759:  Hold'em No Limit ($0.05/$0.10 USD) - 2022/08/12 21:12:46 PT [2022/08/13 0:12:46 ET]
Table 'Alemannia III' 9-max Seat #7 is the button
Seat 1: frank1n100 ($9.45 in chips) 
Seat 2: Dorex2007 ($19.46 in chips) 
Seat 3: G0oD.whZ* ($14.92 in chips) 
Seat 4: 204Javi ($10.80 in chips) 
Seat 5: Wallin280 ($7.59 in chips) 
Seat 6: gracieligpretto ($10.26 in chips) 
Seat 7: kampoker52 ($4.83 in chips) 
Seat 8: GoldDucker ($17.04 in chips) 
GoldDucker: posts small blind $0.05
frank1n100: posts big blind $0.10
*** HOLE CARDS ***
Dealt to Dorex2007 [2c 7s]
pppinclipppe joins the table at seat #9 
Dorex2007: folds 
G0oD.whZ*: folds 
204Javi: raises $0.20 to $0.30
Wallin280: folds 
gracieligpretto: folds 
kampoker52: folds 
GoldDucker: folds 
frank1n100: folds 
Uncalled bet ($0.20) returned to 204Javi
204Javi collected $0.25 from pot
*** SUMMARY ***
Total pot $0.25 | Rake $0 
Seat 1: frank1n100 (big blind) folded before Flop
Seat 2: Dorex2007 folded before Flop (didn't bet)
Seat 3: G0oD.whZ* folded before Flop (didn't bet)
Seat 4: 204Javi collected ($0.25)
Seat 5: Wallin280 folded before Flop (didn't bet)
Seat 6: gracieligpretto folded before Flop (didn't bet)
Seat 7: kampoker52 (button) folded before Flop (didn't bet)
Seat 8: GoldDucker (small blind) folded before Flop



PokerStars Hand #237958258219:  Hold'em No Limit ($0.05/$0.10 USD) - 2022/08/12 21:13:03 PT [2022/08/13 0:13:03 ET]
Table 'Alemannia III' 9-max Seat #8 is the button
Seat 1: frank1n100 ($9.35 in chips) 
Seat 2: Dorex2007 ($19.46 in chips) 
Seat 3: G0oD.whZ* ($14.92 in chips) 
Seat 4: 204Javi ($10.95 in chips) 
Seat 5: Wallin280 ($7.59 in chips) 
Seat 6: gracieligpretto ($10.26 in chips) 
Seat 7: kampoker52 ($4.83 in chips) 
Seat 8: GoldDucker ($16.99 in chips) 
frank1n100: posts small blind $0.05
Dorex2007: posts big blind $0.10
*** HOLE CARDS ***
Dealt to Dorex2007 [Qc 9d]
G0oD.whZ*: folds 
204Javi: folds 
Wallin280: folds 
gracieligpretto: folds 
kampoker52: calls $0.10
GoldDucker: folds 
frank1n100: folds 
Dorex2007: checks 
*** FLOP *** [5h Ah Qh]
Dorex2007: checks 
kampoker52: bets $0.10
Dorex2007: folds 
Uncalled bet ($0.10) returned to kampoker52
kampoker52 collected $0.24 from pot
*** SUMMARY ***
Total pot $0.25 | Rake $0.01 
Board [5h Ah Qh]
Seat 1: frank1n100 (small blind) folded before Flop
Seat 2: Dorex2007 (big blind) folded on the Flop
Seat 3: G0oD.whZ* folded before Flop (didn't bet)
Seat 4: 204Javi folded before Flop (didn't bet)
Seat 5: Wallin280 folded before Flop (didn't bet)
Seat 6: gracieligpretto folded before Flop (didn't bet)
Seat 7: kampoker52 collected ($0.24)
Seat 8: GoldDucker (button) folded before Flop (didn't bet)



PokerStars Hand #237958261061:  Hold'em No Limit ($0.05/$0.10 USD) - 2022/08/12 21:13:24 PT [2022/08/13 0:13:24 ET]
Table 'Alemannia III' 9-max Seat #1 is the button
Seat 1: frank1n100 ($9.30 in chips) 
Seat 2: Dorex2007 ($19.36 in chips) 
Seat 3: G0oD.whZ* ($14.92 in chips) 
Seat 4: 204Javi ($10.95 in chips) 
Seat 5: Wallin280 ($7.59 in chips) 
Seat 6: gracieligpretto ($10.26 in chips) 
Seat 7: kampoker52 ($4.97 in chips) 
Seat 8: GoldDucker ($16.99 in chips) 
Seat 9: pppinclipppe ($8 in chips) 
Dorex2007: posts small blind $0.05
G0oD.whZ*: posts big blind $0.10
pppinclipppe: posts big blind $0.10
*** HOLE CARDS ***
Dealt to Dorex2007 [8c 9h]
204Javi: folds 
Wallin280: calls $0.10
gracieligpretto: raises $1 to $1.10
kampoker52: folds 
GoldDucker: folds 
pppinclipppe: folds 
frank1n100: folds 
Dorex2007: folds 
G0oD.whZ*: raises $1.40 to $2.50
Wallin280: folds 
gracieligpretto: calls $1.40
*** FLOP *** [Ts 7s 3s]
G0oD.whZ*: bets $3.76
gracieligpretto: folds [Ad Kh]
Uncalled bet ($3.76) returned to G0oD.whZ*
G0oD.whZ* collected $5.01 from pot
G0oD.whZ*: doesn't show hand 
*** SUMMARY ***
Total pot $5.25 | Rake $0.24 
Board [Ts 7s 3s]
Seat 1: frank1n100 (button) folded before Flop (didn't bet)
Seat 2: Dorex2007 (small blind) folded before Flop
Seat 3: G0oD.whZ* (big blind) collected ($5.01)
Seat 4: 204Javi folded before Flop (didn't bet)
Seat 5: Wallin280 folded before Flop
Seat 6: gracieligpretto folded on the Flop
Seat 7: kampoker52 folded before Flop (didn't bet)
Seat 8: GoldDucker folded before Flop (didn't bet)
Seat 9: pppinclipppe folded before Flop (didn't bet)



PokerStars Hand #237958269411:  Hold'em No Limit ($0.05/$0.10 USD) - 2022/08/12 21:14:23 PT [2022/08/13 0:14:23 ET]
Table 'Alemannia III' 9-max Seat #2 is the button
Seat 1: frank1n100 ($9.30 in chips) 
Seat 2: Dorex2007 ($19.31 in chips) 
Seat 3: G0oD.whZ* ($17.43 in chips) 
Seat 4: 204Javi ($10.95 in chips) 
Seat 5: Wallin280 ($7.49 in chips) 
Seat 6: gracieligpretto ($10 in chips) 
Seat 7: kampoker52 ($4.97 in chips) 
Seat 8: GoldDucker ($16.99 in chips) 
Seat 9: pppinclipppe ($7.90 in chips) 
G0oD.whZ*: posts small blind $0.05
204Javi: posts big blind $0.10
*** HOLE CARDS ***
Dealt to Dorex2007 [4d Tc]
Wallin280: folds 
gracieligpretto: folds 
kampoker52: raises $0.25 to $0.35
GoldDucker: calls $0.35
pppinclipppe: folds 
frank1n100: calls $0.35
Dorex2007: folds 
G0oD.whZ*: folds 
204Javi: folds 
*** FLOP *** [Qs 3d 2d]
kampoker52: bets $1.15
GoldDucker: calls $1.15
frank1n100: folds 
*** TURN *** [Qs 3d 2d] [Th]
kampoker52: bets $3.47 and is all-in
GoldDucker: folds 
Uncalled bet ($3.47) returned to kampoker52
kampoker52 collected $3.34 from pot
*** SUMMARY ***
Total pot $3.50 | Rake $0.16 
Board [Qs 3d 2d Th]
Seat 1: frank1n100 folded on the Flop
Seat 2: Dorex2007 (button) folded before Flop (didn't bet)
Seat 3: G0oD.whZ* (small blind) folded before Flop
Seat 4: 204Javi (big blind) folded before Flop
Seat 5: Wallin280 folded before Flop (didn't bet)
Seat 6: gracieligpretto folded before Flop (didn't bet)
Seat 7: kampoker52 collected ($3.34)
Seat 8: GoldDucker folded on the Turn
Seat 9: pppinclipppe folded before Flop (didn't bet)



PokerStars Hand #237958276319:  Hold'em No Limit ($0.05/$0.10 USD) - 2022/08/12 21:15:14 PT [2022/08/13 0:15:14 ET]
Table 'Alemannia III' 9-max Seat #3 is the button
Seat 1: frank1n100 ($10 in chips) 
Seat 2: Dorex2007 ($19.31 in chips) 
Seat 3: G0oD.whZ* ($17.38 in chips) 
Seat 4: 204Javi ($10.85 in chips) 
Seat 5: Wallin280 ($7.49 in chips) 
Seat 6: gracieligpretto ($10 in chips) 
Seat 7: kampoker52 ($6.81 in chips) 
Seat 8: GoldDucker ($15.49 in chips) 
Seat 9: pppinclipppe ($7.90 in chips) 
204Javi: posts small blind $0.05
Wallin280: posts big blind $0.10
*** HOLE CARDS ***
Dealt to Dorex2007 [Kh Js]
gracieligpretto: folds 
kampoker52: folds 
GoldDucker: folds 
pppinclipppe: folds 
frank1n100: folds 
Dorex2007: folds 
G0oD.whZ*: folds 
204Javi: calls $0.05
Wallin280: raises $0.20 to $0.30
204Javi: folds 
Uncalled bet ($0.20) returned to Wallin280
Wallin280 collected $0.20 from pot
Wallin280: doesn't show hand 
*** SUMMARY ***
Total pot $0.20 | Rake $0 
Seat 1: frank1n100 folded before Flop (didn't bet)
Seat 2: Dorex2007 folded before Flop (didn't bet)
Seat 3: G0oD.whZ* (button) folded before Flop (didn't bet)
Seat 4: 204Javi (small blind) folded before Flop
Seat 5: Wallin280 (big blind) collected ($0.20)
Seat 6: gracieligpretto folded before Flop (didn't bet)
Seat 7: kampoker52 folded before Flop (didn't bet)
Seat 8: GoldDucker folded before Flop (didn't bet)
Seat 9: pppinclipppe folded before Flop (didn't bet)



PokerStars Hand #237958282406:  Hold'em No Limit ($0.05/$0.10 USD) - 2022/08/12 21:15:58 PT [2022/08/13 0:15:58 ET]
Table 'Alemannia III' 9-max Seat #4 is the button
Seat 1: frank1n100 ($10 in chips) 
Seat 2: Dorex2007 ($19.31 in chips) 
Seat 3: G0oD.whZ* ($17.38 in chips) 
Seat 4: 204Javi ($10.75 in chips) 
Seat 5: Wallin280 ($7.59 in chips) 
Seat 6: gracieligpretto ($10 in chips) 
Seat 7: kampoker52 ($6.81 in chips) 
Seat 8: GoldDucker ($15.49 in chips) 
Seat 9: pppinclipppe ($7.90 in chips) 
Wallin280: posts small blind $0.05
gracieligpretto: posts big blind $0.10
*** HOLE CARDS ***
Dealt to Dorex2007 [9c 2s]
kampoker52: calls $0.10
GoldDucker: folds 
pppinclipppe: folds 
frank1n100: folds 
Dorex2007: folds 
G0oD.whZ*: folds 
204Javi: folds 
Wallin280: calls $0.05
gracieligpretto: checks 
*** FLOP *** [9h 7d 4c]
Wallin280: bets $0.29
gracieligpretto: calls $0.29
kampoker52: calls $0.29
*** TURN *** [9h 7d 4c] [Jc]
Wallin280: bets $0.60
gracieligpretto: folds 
kampoker52: calls $0.60
*** RIVER *** [9h 7d 4c Jc] [3s]
Wallin280: bets $1.13
kampoker52: folds 
Uncalled bet ($1.13) returned to Wallin280
Wallin280 collected $2.26 from pot
Wallin280: doesn't show hand 
*** SUMMARY ***
Total pot $2.37 | Rake $0.11 
Board [9h 7d 4c Jc 3s]
Seat 1: frank1n100 folded before Flop (didn't bet)
Seat 2: Dorex2007 folded before Flop (didn't bet)
Seat 3: G0oD.whZ* folded before Flop (didn't bet)
Seat 4: 204Javi (button) folded before Flop (didn't bet)
Seat 5: Wallin280 (small blind) collected ($2.26)
Seat 6: gracieligpretto (big blind) folded on the Turn
Seat 7: kampoker52 folded on the River
Seat 8: GoldDucker folded before Flop (didn't bet)
Seat 9: pppinclipppe folded before Flop (didn't bet)



PokerStars Hand #237958292366:  Hold'em No Limit ($0.05/$0.10 USD) - 2022/08/12 21:17:10 PT [2022/08/13 0:17:10 ET]
Table 'Alemannia III' 9-max Seat #5 is the button
Seat 1: frank1n100 ($10 in chips) 
Seat 2: Dorex2007 ($19.31 in chips) 
Seat 3: G0oD.whZ* ($17.38 in chips) 
Seat 4: 204Javi ($10.75 in chips) 
Seat 5: Wallin280 ($8.86 in chips) 
Seat 6: gracieligpretto ($10 in chips) 
Seat 7: kampoker52 ($5.82 in chips) 
Seat 8: GoldDucker ($15.49 in chips) 
Seat 9: pppinclipppe ($7.90 in chips) 
gracieligpretto: posts small blind $0.05
kampoker52: posts big blind $0.10
*** HOLE CARDS ***
Dealt to Dorex2007 [Ah Jc]
GoldDucker: folds 
pppinclipppe: folds 
frank1n100: folds 
Dorex2007: raises $0.20 to $0.30
G0oD.whZ*: folds 
204Javi: folds 
Wallin280: calls $0.30
gracieligpretto: calls $0.25
kampoker52: calls $0.20
*** FLOP *** [2h Kh 8d]
gracieligpretto: checks 
kampoker52: checks 
Dorex2007: checks 
Wallin280: checks 
*** TURN *** [2h Kh 8d] [6d]
gracieligpretto: checks 
kampoker52: checks 
Dorex2007: bets $0.57
Wallin280: folds 
gracieligpretto: calls $0.57
kampoker52: folds 
*** RIVER *** [2h Kh 8d 6d] [Ac]
gracieligpretto: checks 
Dorex2007: checks 
*** SHOW DOWN ***
gracieligpretto: shows [9d 7d] (high card Ace)
Dorex2007: shows [Ah Jc] (a pair of Aces)
Dorex2007 collected $2.23 from pot
*** SUMMARY ***
Total pot $2.34 | Rake $0.11 
Board [2h Kh 8d 6d Ac]
Seat 1: frank1n100 folded before Flop (didn't bet)
Seat 2: Dorex2007 showed [Ah Jc] and won ($2.23) with a pair of Aces
Seat 3: G0oD.whZ* folded before Flop (didn't bet)
Seat 4: 204Javi folded before Flop (didn't bet)
Seat 5: Wallin280 (button) folded on the Turn
Seat 6: gracieligpretto (small blind) showed [9d 7d] and lost with high card Ace
Seat 7: kampoker52 (big blind) folded on the Turn
Seat 8: GoldDucker folded before Flop (didn't bet)
Seat 9: pppinclipppe folded before Flop (didn't bet)



PokerStars Hand #237958299535:  Hold'em No Limit ($0.05/$0.10 USD) - 2022/08/12 21:18:03 PT [2022/08/13 0:18:03 ET]
Table 'Alemannia III' 9-max Seat #6 is the button
Seat 1: frank1n100 ($10 in chips) 
Seat 2: Dorex2007 ($20.67 in chips) 
Seat 3: G0oD.whZ* ($17.38 in chips) 
Seat 4: 204Javi ($10.75 in chips) 
Seat 5: Wallin280 ($8.56 in chips) 
Seat 6: gracieligpretto ($10 in chips) 
Seat 7: kampoker52 ($5.52 in chips) 
Seat 9: pppinclipppe ($7.90 in chips) 
kampoker52: posts small blind $0.05
GoldDucker: is sitting out 
pppinclipppe: posts big blind $0.10
*** HOLE CARDS ***
Dealt to Dorex2007 [6d 5s]
frank1n100: folds 
Dorex2007: folds 
G0oD.whZ*: folds 
204Javi: folds 
Wallin280: raises $0.25 to $0.35
gracieligpretto has timed out
gracieligpretto: folds 
kampoker52: calls $0.30
pppinclipppe: folds 
*** FLOP *** [7s 6s 5c]
kampoker52: checks 
Wallin280: checks 
*** TURN *** [7s 6s 5c] [9d]
kampoker52: checks 
Wallin280: checks 
*** RIVER *** [7s 6s 5c 9d] [Ad]
kampoker52: bets $0.38
Wallin280: folds 
Uncalled bet ($0.38) returned to kampoker52
kampoker52 collected $0.76 from pot
*** SUMMARY ***
Total pot $0.80 | Rake $0.04 
Board [7s 6s 5c 9d Ad]
Seat 1: frank1n100 folded before Flop (didn't bet)
Seat 2: Dorex2007 folded before Flop (didn't bet)
Seat 3: G0oD.whZ* folded before Flop (didn't bet)
Seat 4: 204Javi folded before Flop (didn't bet)
Seat 5: Wallin280 folded on the River
Seat 6: gracieligpretto (button) folded before Flop (didn't bet)
Seat 7: kampoker52 (small blind) collected ($0.76)
Seat 9: pppinclipppe (big blind) folded before Flop



PokerStars Hand #237958307772:  Hold'em No Limit ($0.05/$0.10 USD) - 2022/08/12 21:19:03 PT [2022/08/13 0:19:03 ET]
Table 'Alemannia III' 9-max Seat #7 is the button
Seat 1: frank1n100 ($10 in chips) 
Seat 2: Dorex2007 ($20.67 in chips) 
Seat 3: G0oD.whZ* ($17.38 in chips) 
Seat 4: 204Javi ($10.75 in chips) 
Seat 5: Wallin280 ($8.21 in chips) 
Seat 7: kampoker52 ($5.93 in chips) 
Seat 9: pppinclipppe ($7.80 in chips) 
pppinclipppe: posts small blind $0.05
frank1n100: posts big blind $0.10
*** HOLE CARDS ***
Dealt to Dorex2007 [Kh 7s]
Dorex2007: folds 
G0oD.whZ*: folds 
204Javi: folds 
Wallin280: folds 
kampoker52: calls $0.10
pppinclipppe: calls $0.05
frank1n100: checks 
*** FLOP *** [6s Ac Th]
pppinclipppe: checks 
frank1n100: checks 
kampoker52: bets $0.29
pppinclipppe: folds 
frank1n100: folds 
Uncalled bet ($0.29) returned to kampoker52
kampoker52 collected $0.29 from pot
*** SUMMARY ***
Total pot $0.30 | Rake $0.01 
Board [6s Ac Th]
Seat 1: frank1n100 (big blind) folded on the Flop
Seat 2: Dorex2007 folded before Flop (didn't bet)
Seat 3: G0oD.whZ* folded before Flop (didn't bet)
Seat 4: 204Javi folded before Flop (didn't bet)
Seat 5: Wallin280 folded before Flop (didn't bet)
Seat 7: kampoker52 (button) collected ($0.29)
Seat 9: pppinclipppe (small blind) folded on the Flop



PokerStars Hand #237958311972:  Hold'em No Limit ($0.05/$0.10 USD) - 2022/08/12 21:19:34 PT [2022/08/13 0:19:34 ET]
Table 'Alemannia III' 9-max Seat #9 is the button
Seat 1: frank1n100 ($9.90 in chips) 
Seat 2: Dorex2007 ($20.67 in chips) 
Seat 3: G0oD.whZ* ($17.38 in chips) 
Seat 4: 204Javi ($10.75 in chips) 
Seat 5: Wallin280 ($8.21 in chips) 
Seat 7: kampoker52 ($6.12 in chips) 
Seat 9: pppinclipppe ($7.70 in chips) 
frank1n100: posts small blind $0.05
Dorex2007: posts big blind $0.10
*** HOLE CARDS ***
Dealt to Dorex2007 [Ts 5h]
G0oD.whZ*: raises $0.20 to $0.30
204Javi: calls $0.30
Wallin280: folds 
kampoker52: folds 
pppinclipppe: calls $0.30
frank1n100: folds 
Dorex2007: folds 
*** FLOP *** [Tc 7c 6s]
G0oD.whZ*: checks 
204Javi: checks 
pppinclipppe: bets $0.50
G0oD.whZ*: folds 
204Javi: folds 
Uncalled bet ($0.50) returned to pppinclipppe
pppinclipppe collected $1 from pot
*** SUMMARY ***
Total pot $1.05 | Rake $0.05 
Board [Tc 7c 6s]
Seat 1: frank1n100 (small blind) folded before Flop
Seat 2: Dorex2007 (big blind) folded before Flop
Seat 3: G0oD.whZ* folded on the Flop
Seat 4: 204Javi folded on the Flop
Seat 5: Wallin280 folded before Flop (didn't bet)
Seat 7: kampoker52 folded before Flop (didn't bet)
Seat 9: pppinclipppe (button) collected ($1)



PokerStars Hand #237958318631:  Hold'em No Limit ($0.05/$0.10 USD) - 2022/08/12 21:20:23 PT [2022/08/13 0:20:23 ET]
Table 'Alemannia III' 9-max Seat #1 is the button
Seat 1: frank1n100 ($9.85 in chips) 
Seat 2: Dorex2007 ($20.57 in chips) 
Seat 3: G0oD.whZ* ($17.08 in chips) 
Seat 4: 204Javi ($10.45 in chips) 
Seat 5: Wallin280 ($8.21 in chips) 
Seat 7: kampoker52 ($6.12 in chips) 
Seat 9: pppinclipppe ($8.40 in chips) 
Dorex2007: posts small blind $0.05
G0oD.whZ*: posts big blind $0.10
*** HOLE CARDS ***
Dealt to Dorex2007 [9c Qh]
204Javi: folds 
Wallin280: folds 
kampoker52: calls $0.10
pppinclipppe: folds 
frank1n100: folds 
Dorex2007: folds 
G0oD.whZ*: checks 
*** FLOP *** [4d 4h Ac]
G0oD.whZ*: checks 
kampoker52: checks 
*** TURN *** [4d 4h Ac] [Th]
G0oD.whZ*: bets $0.12
kampoker52: calls $0.12
*** RIVER *** [4d 4h Ac Th] [Jh]
G0oD.whZ*: bets $0.36
kampoker52: calls $0.36
*** SHOW DOWN ***
G0oD.whZ*: shows [5c 6s] (a pair of Fours)
kampoker52: shows [9h Ts] (two pair, Tens and Fours)
kampoker52 collected $1.16 from pot
*** SUMMARY ***
Total pot $1.21 | Rake $0.05 
Board [4d 4h Ac Th Jh]
Seat 1: frank1n100 (button) folded before Flop (didn't bet)
Seat 2: Dorex2007 (small blind) folded before Flop
Seat 3: G0oD.whZ* (big blind) showed [5c 6s] and lost with a pair of Fours
Seat 4: 204Javi folded before Flop (didn't bet)
Seat 5: Wallin280 folded before Flop (didn't bet)
Seat 7: kampoker52 showed [9h Ts] and won ($1.16) with two pair, Tens and Fours
Seat 9: pppinclipppe folded before Flop (didn't bet)



PokerStars Hand #237958323835:  Hold'em No Limit ($0.05/$0.10 USD) - 2022/08/12 21:21:02 PT [2022/08/13 0:21:02 ET]
Table 'Alemannia III' 9-max Seat #2 is the button
Seat 1: frank1n100 ($9.85 in chips) 
Seat 2: Dorex2007 ($20.52 in chips) 
Seat 3: G0oD.whZ* ($16.50 in chips) 
Seat 4: 204Javi ($10.45 in chips) 
Seat 5: Wallin280 ($8.21 in chips) 
Seat 7: kampoker52 ($6.70 in chips) 
Seat 9: pppinclipppe ($8.40 in chips) 
G0oD.whZ*: posts small blind $0.05
204Javi: posts big blind $0.10
*** HOLE CARDS ***
Dealt to Dorex2007 [Ah 3c]
Wallin280: folds 
kampoker52: folds 
pppinclipppe: raises $0.10 to $0.20
frank1n100: folds 
Dorex2007: folds 
G0oD.whZ*: folds 
204Javi: calls $0.10
*** FLOP *** [Ks 2c 5c]
204Javi: checks 
pppinclipppe: bets $0.30
204Javi: raises $2.80 to $3.10
pppinclipppe: folds 
Uncalled bet ($2.80) returned to 204Javi
204Javi collected $1 from pot
*** SUMMARY ***
Total pot $1.05 | Rake $0.05 
Board [Ks 2c 5c]
Seat 1: frank1n100 folded before Flop (didn't bet)
Seat 2: Dorex2007 (button) folded before Flop (didn't bet)
Seat 3: G0oD.whZ* (small blind) folded before Flop
Seat 4: 204Javi (big blind) collected ($1)
Seat 5: Wallin280 folded before Flop (didn't bet)
Seat 7: kampoker52 folded before Flop (didn't bet)
Seat 9: pppinclipppe folded on the Flop



PokerStars Hand #237958329033:  Hold'em No Limit ($0.05/$0.10 USD) - 2022/08/12 21:21:41 PT [2022/08/13 0:21:41 ET]
Table 'Alemannia III' 9-max Seat #3 is the button
Seat 1: frank1n100 ($9.85 in chips) 
Seat 2: Dorex2007 ($20.52 in chips) 
Seat 3: G0oD.whZ* ($16.45 in chips) 
Seat 4: 204Javi ($10.95 in chips) 
Seat 5: Wallin280 ($8.21 in chips) 
Seat 7: kampoker52 ($6.70 in chips) 
Seat 9: pppinclipppe ($7.90 in chips) 
204Javi: posts small blind $0.05
Wallin280: posts big blind $0.10
*** HOLE CARDS ***
Dealt to Dorex2007 [3c Kd]
kampoker52: calls $0.10
pppinclipppe: folds 
frank1n100: folds 
Dorex2007: folds 
G0oD.whZ*: folds 
204Javi: calls $0.05
Wallin280: checks 
*** FLOP *** [Kh Qs 3d]
204Javi: checks 
Wallin280: checks 
kampoker52: checks 
*** TURN *** [Kh Qs 3d] [9c]
204Javi: bets $0.10
Wallin280: calls $0.10
kampoker52: folds 
*** RIVER *** [Kh Qs 3d 9c] [6c]
204Javi: checks 
Wallin280: checks 
*** SHOW DOWN ***
204Javi: shows [7c 9h] (a pair of Nines)
Wallin280: mucks hand 
204Javi collected $0.48 from pot
*** SUMMARY ***
Total pot $0.50 | Rake $0.02 
Board [Kh Qs 3d 9c 6c]
Seat 1: frank1n100 folded before Flop (didn't bet)
Seat 2: Dorex2007 folded before Flop (didn't bet)
Seat 3: G0oD.whZ* (button) folded before Flop (didn't bet)
Seat 4: 204Javi (small blind) showed [7c 9h] and won ($0.48) with a pair of Nines
Seat 5: Wallin280 (big blind) mucked [9d 5h]
Seat 7: kampoker52 folded on the Turn
Seat 9: pppinclipppe folded before Flop (didn't bet)



PokerStars Hand #237958333756:  Hold'em No Limit ($0.05/$0.10 USD) - 2022/08/12 21:22:16 PT [2022/08/13 0:22:16 ET]
Table 'Alemannia III' 9-max Seat #4 is the button
Seat 1: frank1n100 ($9.85 in chips) 
Seat 2: Dorex2007 ($20.52 in chips) 
Seat 3: G0oD.whZ* ($16.45 in chips) 
Seat 4: 204Javi ($11.23 in chips) 
Seat 5: Wallin280 ($8.01 in chips) 
Seat 7: kampoker52 ($6.60 in chips) 
Seat 9: pppinclipppe ($7.90 in chips) 
Wallin280: posts small blind $0.05
kampoker52: posts big blind $0.10
*** HOLE CARDS ***
Dealt to Dorex2007 [7c 8c]
pppinclipppe: raises $0.10 to $0.20
frank1n100: raises $0.60 to $0.80
Dorex2007: folds 
G0oD.whZ*: folds 
204Javi: folds 
Wallin280: folds 
kampoker52: folds 
pppinclipppe: calls $0.60
*** FLOP *** [9c Th 4d]
pppinclipppe: checks 
frank1n100: bets $0.82
pppinclipppe: raises $0.82 to $1.64
frank1n100: calls $0.82
*** TURN *** [9c Th 4d] [Jd]
pppinclipppe: bets $2.40
frank1n100: raises $5.01 to $7.41 and is all-in
pppinclipppe: calls $3.06 and is all-in
Uncalled bet ($1.95) returned to frank1n100
*** RIVER *** [9c Th 4d Jd] [6c]
*** SHOW DOWN ***
pppinclipppe: shows [Qh Qs] (a pair of Queens)
frank1n100: shows [Qd Qc] (a pair of Queens)
pppinclipppe collected $7.62 from pot
frank1n100 collected $7.61 from pot
*** SUMMARY ***
Total pot $15.95 | Rake $0.72 
Board [9c Th 4d Jd 6c]
Seat 1: frank1n100 showed [Qd Qc] and won ($7.61) with a pair of Queens
Seat 2: Dorex2007 folded before Flop (didn't bet)
Seat 3: G0oD.whZ* folded before Flop (didn't bet)
Seat 4: 204Javi (button) folded before Flop (didn't bet)
Seat 5: Wallin280 (small blind) folded before Flop
Seat 7: kampoker52 (big blind) folded before Flop
Seat 9: pppinclipppe showed [Qh Qs] and won ($7.62) with a pair of Queens



PokerStars Hand #237958343291:  Hold'em No Limit ($0.05/$0.10 USD) - 2022/08/12 21:23:27 PT [2022/08/13 0:23:27 ET]
Table 'Alemannia III' 9-max Seat #5 is the button
Seat 1: frank1n100 ($9.56 in chips) 
Seat 2: Dorex2007 ($20.52 in chips) 
Seat 3: G0oD.whZ* ($16.45 in chips) 
Seat 4: 204Javi ($11.23 in chips) 
Seat 5: Wallin280 ($7.96 in chips) 
Seat 7: kampoker52 ($6.50 in chips) 
Seat 9: pppinclipppe ($7.62 in chips) 
kampoker52: posts small blind $0.05
pppinclipppe: posts big blind $0.10
*** HOLE CARDS ***
Dealt to Dorex2007 [Js Kd]
frank1n100: folds 
Dorex2007: raises $0.10 to $0.20
G0oD.whZ*: folds 
204Javi: folds 
Wallin280: folds 
kampoker52: calls $0.15
pppinclipppe: calls $0.10
*** FLOP *** [9c 4d Ks]
kampoker52: checks 
pppinclipppe: checks 
Dorex2007: bets $0.38
kampoker52: folds 
pppinclipppe: folds 
Uncalled bet ($0.38) returned to Dorex2007
Dorex2007 collected $0.57 from pot
Dorex2007: doesn't show hand 
*** SUMMARY ***
Total pot $0.60 | Rake $0.03 
Board [9c 4d Ks]
Seat 1: frank1n100 folded before Flop (didn't bet)
Seat 2: Dorex2007 collected ($0.57)
Seat 3: G0oD.whZ* folded before Flop (didn't bet)
Seat 4: 204Javi folded before Flop (didn't bet)
Seat 5: Wallin280 (button) folded before Flop (didn't bet)
Seat 7: kampoker52 (small blind) folded on the Flop
Seat 9: pppinclipppe (big blind) folded on the Flop



PokerStars Hand #237958348033:  Hold'em No Limit ($0.05/$0.10 USD) - 2022/08/12 21:24:02 PT [2022/08/13 0:24:02 ET]
Table 'Alemannia III' 9-max Seat #7 is the button
Seat 1: frank1n100 ($9.56 in chips) 
Seat 2: Dorex2007 ($20.89 in chips) 
Seat 3: G0oD.whZ* ($16.45 in chips) 
Seat 4: 204Javi ($11.23 in chips) 
Seat 5: Wallin280 ($7.96 in chips) 
Seat 7: kampoker52 ($6.30 in chips) 
Seat 9: pppinclipppe ($7.42 in chips) 
pppinclipppe: posts small blind $0.05
frank1n100: posts big blind $0.10
*** HOLE CARDS ***
Dealt to Dorex2007 [2c Ts]
Dorex2007: folds 
G0oD.whZ*: folds 
204Javi: folds 
Wallin280: folds 
kampoker52: folds 
pppinclipppe: raises $0.10 to $0.20
frank1n100: raises $0.50 to $0.70
pppinclipppe: folds 
Uncalled bet ($0.50) returned to frank1n100
frank1n100 collected $0.40 from pot
*** SUMMARY ***
Total pot $0.40 | Rake $0 
Seat 1: frank1n100 (big blind) collected ($0.40)
Seat 2: Dorex2007 folded before Flop (didn't bet)
Seat 3: G0oD.whZ* folded before Flop (didn't bet)
Seat 4: 204Javi folded before Flop (didn't bet)
Seat 5: Wallin280 folded before Flop (didn't bet)
Seat 7: kampoker52 (button) folded before Flop (didn't bet)
Seat 9: pppinclipppe (small blind) folded before Flop



PokerStars Hand #237958351262:  Hold'em No Limit ($0.05/$0.10 USD) - 2022/08/12 21:24:26 PT [2022/08/13 0:24:26 ET]
Table 'Alemannia III' 9-max Seat #9 is the button
Seat 1: frank1n100 ($9.76 in chips) 
Seat 2: Dorex2007 ($20.89 in chips) 
Seat 3: G0oD.whZ* ($16.45 in chips) 
Seat 4: 204Javi ($11.23 in chips) 
Seat 5: Wallin280 ($7.96 in chips) 
Seat 7: kampoker52 ($6.30 in chips) 
Seat 9: pppinclipppe ($7.22 in chips) 
frank1n100: posts small blind $0.05
Dorex2007: posts big blind $0.10
*** HOLE CARDS ***
Dealt to Dorex2007 [9c 3d]
G0oD.whZ*: folds 
204Javi: folds 
Wallin280: folds 
kampoker52: folds 
pppinclipppe: raises $0.10 to $0.20
frank1n100: folds 
Dorex2007: folds 
Uncalled bet ($0.10) returned to pppinclipppe
pppinclipppe collected $0.25 from pot
*** SUMMARY ***
Total pot $0.25 | Rake $0 
Seat 1: frank1n100 (small blind) folded before Flop
Seat 2: Dorex2007 (big blind) folded before Flop
Seat 3: G0oD.whZ* folded before Flop (didn't bet)
Seat 4: 204Javi folded before Flop (didn't bet)
Seat 5: Wallin280 folded before Flop (didn't bet)
Seat 7: kampoker52 folded before Flop (didn't bet)
Seat 9: pppinclipppe (button) collected ($0.25)



PokerStars Hand #237958353096:  Hold'em No Limit ($0.05/$0.10 USD) - 2022/08/12 21:24:40 PT [2022/08/13 0:24:40 ET]
Table 'Alemannia III' 9-max Seat #1 is the button
Seat 1: frank1n100 ($9.71 in chips) 
Seat 2: Dorex2007 ($20.79 in chips) 
Seat 3: G0oD.whZ* ($16.45 in chips) 
Seat 4: 204Javi ($11.23 in chips) 
Seat 5: Wallin280 ($7.96 in chips) 
Seat 7: kampoker52 ($6.30 in chips) 
Seat 9: pppinclipppe ($7.37 in chips) 
Dorex2007: posts small blind $0.05
G0oD.whZ*: posts big blind $0.10
gracieligpretto: sits out 
*** HOLE CARDS ***
Dealt to Dorex2007 [4s 2h]
204Javi: folds 
Wallin280: folds 
kampoker52: folds 
pppinclipppe: folds 
frank1n100: folds 
Dorex2007: folds 
Uncalled bet ($0.05) returned to G0oD.whZ*
G0oD.whZ* collected $0.10 from pot
G0oD.whZ*: doesn't show hand 
*** SUMMARY ***
Total pot $0.10 | Rake $0 
Seat 1: frank1n100 (button) folded before Flop (didn't bet)
Seat 2: Dorex2007 (small blind) folded before Flop
Seat 3: G0oD.whZ* (big blind) collected ($0.10)
Seat 4: 204Javi folded before Flop (didn't bet)
Seat 5: Wallin280 folded before Flop (didn't bet)
Seat 7: kampoker52 folded before Flop (didn't bet)
Seat 9: pppinclipppe folded before Flop (didn't bet)



PokerStars Hand #237958361500:  Hold'em No Limit ($0.05/$0.10 USD) - 2022/08/12 21:24:52 PT [2022/08/13 0:24:52 ET]
Table 'Alemannia III' 9-max Seat #2 is the button
Seat 1: frank1n100 ($9.71 in chips) 
Seat 2: Dorex2007 ($20.74 in chips) 
Seat 3: G0oD.whZ* ($16.50 in chips) 
Seat 4: 204Javi ($11.23 in chips) 
Seat 5: Wallin280 ($7.96 in chips) 
Seat 7: kampoker52 ($6.30 in chips) 
Seat 9: pppinclipppe ($7.37 in chips) 
G0oD.whZ*: posts small blind $0.05
204Javi: posts big blind $0.10
gracieligpretto: sits out 
*** HOLE CARDS ***
Dealt to Dorex2007 [7c 2d]
Wallin280: folds 
kampoker52: calls $0.10
pppinclipppe: folds 
frank1n100: folds 
Dorex2007: folds 
G0oD.whZ*: raises $0.40 to $0.50
204Javi: folds 
kampoker52: calls $0.40
*** FLOP *** [9h 4s Ks]
G0oD.whZ*: bets $0.40
kampoker52: calls $0.40
*** TURN *** [9h 4s Ks] [Ah]
G0oD.whZ*: bets $0.54
kampoker52: raises $1.45 to $1.99
G0oD.whZ*: folds 
Uncalled bet ($1.45) returned to kampoker52
kampoker52 collected $2.85 from pot
*** SUMMARY ***
Total pot $2.98 | Rake $0.13 
Board [9h 4s Ks Ah]
Seat 1: frank1n100 folded before Flop (didn't bet)
Seat 2: Dorex2007 (button) folded before Flop (didn't bet)
Seat 3: G0oD.whZ* (small blind) folded on the Turn
Seat 4: 204Javi (big blind) folded before Flop
Seat 5: Wallin280 folded before Flop (didn't bet)
Seat 7: kampoker52 collected ($2.85)
Seat 9: pppinclipppe folded before Flop (didn't bet)



PokerStars Hand #237958368500:  Hold'em No Limit ($0.05/$0.10 USD) - 2022/08/12 21:25:45 PT [2022/08/13 0:25:45 ET]
Table 'Alemannia III' 9-max Seat #3 is the button
Seat 1: frank1n100 ($9.71 in chips) 
Seat 2: Dorex2007 ($20.74 in chips) 
Seat 3: G0oD.whZ* ($15.06 in chips) 
Seat 4: 204Javi ($11.13 in chips) 
Seat 5: Wallin280 ($7.96 in chips) 
Seat 7: kampoker52 ($7.71 in chips) 
Seat 9: pppinclipppe ($7.37 in chips) 
204Javi: posts small blind $0.05
Wallin280: posts big blind $0.10
gracieligpretto: sits out 
*** HOLE CARDS ***
Dealt to Dorex2007 [Kc Jc]
kampoker52: raises $0.25 to $0.35
pppinclipppe: folds 
frank1n100: folds 
Dorex2007: calls $0.35
G0oD.whZ*: folds 
204Javi: folds 
Wallin280: calls $0.25
*** FLOP *** [8d 6h Jh]
Wallin280: checks 
kampoker52: bets $1.05
Dorex2007: calls $1.05
Wallin280: folds 
*** TURN *** [8d 6h Jh] [Th]
kampoker52: bets $1.53
Dorex2007: calls $1.53
*** RIVER *** [8d 6h Jh Th] [Ts]
kampoker52: bets $4.78 and is all-in
Dorex2007: calls $4.78
*** SHOW DOWN ***
kampoker52: shows [Ad Jd] (two pair, Jacks and Tens)
Dorex2007: shows [Kc Jc] (two pair, Jacks and Tens - lower kicker)
kampoker52 collected $15.11 from pot
*** SUMMARY ***
Total pot $15.82 | Rake $0.71 
Board [8d 6h Jh Th Ts]
Seat 1: frank1n100 folded before Flop (didn't bet)
Seat 2: Dorex2007 showed [Kc Jc] and lost with two pair, Jacks and Tens
Seat 3: G0oD.whZ* (button) folded before Flop (didn't bet)
Seat 4: 204Javi (small blind) folded before Flop
Seat 5: Wallin280 (big blind) folded on the Flop
Seat 7: kampoker52 showed [Ad Jd] and won ($15.11) with two pair, Jacks and Tens
Seat 9: pppinclipppe folded before Flop (didn't bet)



PokerStars Hand #237958374753:  Hold'em No Limit ($0.05/$0.10 USD) - 2022/08/12 21:26:32 PT [2022/08/13 0:26:32 ET]
Table 'Alemannia III' 9-max Seat #4 is the button
Seat 1: frank1n100 ($9.71 in chips) 
Seat 2: Dorex2007 ($13.03 in chips) 
Seat 3: G0oD.whZ* ($15.06 in chips) 
Seat 4: 204Javi ($11.08 in chips) 
Seat 5: Wallin280 ($7.61 in chips) 
Seat 6: gracieligpretto ($10 in chips) 
Seat 7: kampoker52 ($15.11 in chips) 
Seat 9: pppinclipppe ($7.37 in chips) 
Wallin280: posts small blind $0.05
gracieligpretto: posts big blind $0.10
*** HOLE CARDS ***
Dealt to Dorex2007 [7c 7h]
kampoker52: raises $0.25 to $0.35
pppinclipppe: folds 
frank1n100: folds 
Dorex2007: calls $0.35
G0oD.whZ*: folds 
204Javi: folds 
Wallin280: folds 
gracieligpretto: folds 
*** FLOP *** [3h 4c Jh]
kampoker52: checks 
Dorex2007: checks 
*** TURN *** [3h 4c Jh] [9s]
kampoker52: bets $0.81
Dorex2007: calls $0.81
*** RIVER *** [3h 4c Jh 9s] [3s]
kampoker52: checks 
Dorex2007: checks 
*** SHOW DOWN ***
kampoker52: shows [Kd Tc] (a pair of Threes)
Dorex2007: shows [7c 7h] (two pair, Sevens and Threes)
Dorex2007 collected $2.36 from pot
*** SUMMARY ***
Total pot $2.47 | Rake $0.11 
Board [3h 4c Jh 9s 3s]
Seat 1: frank1n100 folded before Flop (didn't bet)
Seat 2: Dorex2007 showed [7c 7h] and won ($2.36) with two pair, Sevens and Threes
Seat 3: G0oD.whZ* folded before Flop (didn't bet)
Seat 4: 204Javi (button) folded before Flop (didn't bet)
Seat 5: Wallin280 (small blind) folded before Flop
Seat 6: gracieligpretto (big blind) folded before Flop
Seat 7: kampoker52 showed [Kd Tc] and lost with a pair of Threes
Seat 9: pppinclipppe folded before Flop (didn't bet)



PokerStars Hand #237958380828:  Hold'em No Limit ($0.05/$0.10 USD) - 2022/08/12 21:27:18 PT [2022/08/13 0:27:18 ET]
Table 'Alemannia III' 9-max Seat #5 is the button
Seat 1: frank1n100 ($9.71 in chips) 
Seat 2: Dorex2007 ($14.23 in chips) 
Seat 3: G0oD.whZ* ($15.06 in chips) 
Seat 4: 204Javi ($11.08 in chips) 
Seat 5: Wallin280 ($7.56 in chips) 
Seat 6: gracieligpretto ($10 in chips) 
Seat 7: kampoker52 ($13.95 in chips) 
Seat 9: pppinclipppe ($7.37 in chips) 
gracieligpretto: posts small blind $0.05
kampoker52: posts big blind $0.10
*** HOLE CARDS ***
Dealt to Dorex2007 [8c 5h]
pppinclipppe: folds 
frank1n100: raises $0.15 to $0.25
Dorex2007: folds 
G0oD.whZ*: raises $0.55 to $0.80
204Javi: folds 
Wallin280: folds 
gracieligpretto: folds 
kampoker52: raises $1.90 to $2.70
frank1n100: folds 
G0oD.whZ*: folds 
Uncalled bet ($1.90) returned to kampoker52
kampoker52 collected $1.90 from pot
*** SUMMARY ***
Total pot $1.90 | Rake $0 
Seat 1: frank1n100 folded before Flop
Seat 2: Dorex2007 folded before Flop (didn't bet)
Seat 3: G0oD.whZ* folded before Flop
Seat 4: 204Javi folded before Flop (didn't bet)
Seat 5: Wallin280 (button) folded before Flop (didn't bet)
Seat 6: gracieligpretto (small blind) folded before Flop
Seat 7: kampoker52 (big blind) collected ($1.90)
Seat 9: pppinclipppe folded before Flop (didn't bet)



PokerStars Hand #237958390014:  Hold'em No Limit ($0.05/$0.10 USD) - 2022/08/12 21:28:26 PT [2022/08/13 0:28:26 ET]
Table 'Alemannia III' 9-max Seat #6 is the button
Seat 1: frank1n100 ($9.46 in chips) 
Seat 2: Dorex2007 ($14.23 in chips) 
Seat 3: G0oD.whZ* ($14.26 in chips) 
Seat 4: 204Javi ($11.08 in chips) 
Seat 5: Wallin280 ($7.56 in chips) 
Seat 6: gracieligpretto ($10 in chips) 
Seat 7: kampoker52 ($15.05 in chips) 
Seat 9: pppinclipppe ($7.37 in chips) 
kampoker52: posts small blind $0.05
pppinclipppe: posts big blind $0.10
*** HOLE CARDS ***
Dealt to Dorex2007 [8d 6s]
frank1n100: raises $0.15 to $0.25
Dorex2007: folds 
G0oD.whZ*: folds 
204Javi: folds 
Wallin280: folds 
gracieligpretto: folds 
kampoker52: calls $0.20
pppinclipppe: calls $0.15
*** FLOP *** [8s Ks Jh]
kampoker52: checks 
pppinclipppe: checks 
frank1n100: checks 
*** TURN *** [8s Ks Jh] [7d]
kampoker52: checks 
pppinclipppe: checks 
frank1n100: checks 
*** RIVER *** [8s Ks Jh 7d] [7c]
kampoker52: checks 
pppinclipppe: bets $0.30
frank1n100: folds 
kampoker52: folds 
Uncalled bet ($0.30) returned to pppinclipppe
pppinclipppe collected $0.72 from pot
*** SUMMARY ***
Total pot $0.75 | Rake $0.03 
Board [8s Ks Jh 7d 7c]
Seat 1: frank1n100 folded on the River
Seat 2: Dorex2007 folded before Flop (didn't bet)
Seat 3: G0oD.whZ* folded before Flop (didn't bet)
Seat 4: 204Javi folded before Flop (didn't bet)
Seat 5: Wallin280 folded before Flop (didn't bet)
Seat 6: gracieligpretto (button) folded before Flop (didn't bet)
Seat 7: kampoker52 (small blind) folded on the River
Seat 9: pppinclipppe (big blind) collected ($0.72)



PokerStars Hand #237958400382:  Hold'em No Limit ($0.05/$0.10 USD) - 2022/08/12 21:29:33 PT [2022/08/13 0:29:33 ET]
Table 'Alemannia III' 9-max Seat #7 is the button
Seat 1: frank1n100 ($9.21 in chips) 
Seat 2: Dorex2007 ($14.23 in chips) 
Seat 3: G0oD.whZ* ($14.26 in chips) 
Seat 4: 204Javi ($11.08 in chips) 
Seat 5: Wallin280 ($7.56 in chips) 
Seat 6: gracieligpretto ($10 in chips) 
Seat 7: kampoker52 ($14.80 in chips) 
Seat 9: pppinclipppe ($7.84 in chips) 
pppinclipppe: posts small blind $0.05
frank1n100: posts big blind $0.10
*** HOLE CARDS ***
Dealt to Dorex2007 [4d Kh]
Dorex2007: folds 
G0oD.whZ*: folds 
204Javi: folds 
Wallin280: calls $0.10
gracieligpretto: folds 
kampoker52: calls $0.10
pppinclipppe: calls $0.05
frank1n100: checks 
*** FLOP *** [Js Kd Td]
pppinclipppe: checks 
frank1n100: checks 
Wallin280: checks 
kampoker52: bets $0.38
pppinclipppe: folds 
frank1n100: folds 
Wallin280: folds 
Uncalled bet ($0.38) returned to kampoker52
kampoker52 collected $0.38 from pot
*** SUMMARY ***
Total pot $0.40 | Rake $0.02 
Board [Js Kd Td]
Seat 1: frank1n100 (big blind) folded on the Flop
Seat 2: Dorex2007 folded before Flop (didn't bet)
Seat 3: G0oD.whZ* folded before Flop (didn't bet)
Seat 4: 204Javi folded before Flop (didn't bet)
Seat 5: Wallin280 folded on the Flop
Seat 6: gracieligpretto folded before Flop (didn't bet)
Seat 7: kampoker52 (button) collected ($0.38)
Seat 9: pppinclipppe (small blind) folded on the Flop



PokerStars Hand #237958406600:  Hold'em No Limit ($0.05/$0.10 USD) - 2022/08/12 21:30:20 PT [2022/08/13 0:30:20 ET]
Table 'Alemannia III' 9-max Seat #9 is the button
Seat 1: frank1n100 ($9.11 in chips) 
Seat 2: Dorex2007 ($14.23 in chips) 
Seat 3: G0oD.whZ* ($14.26 in chips) 
Seat 4: 204Javi ($11.08 in chips) 
Seat 5: Wallin280 ($7.46 in chips) 
Seat 6: gracieligpretto ($10 in chips) 
Seat 7: kampoker52 ($15.08 in chips) 
Seat 9: pppinclipppe ($7.74 in chips) 
frank1n100: posts small blind $0.05
Dorex2007: posts big blind $0.10
*** HOLE CARDS ***
Dealt to Dorex2007 [8c 2h]
G0oD.whZ*: folds 
204Javi: folds 
Wallin280: calls $0.10
gracieligpretto: folds 
kampoker52: folds 
pppinclipppe: folds 
frank1n100: folds 
Dorex2007: checks 
*** FLOP *** [6h Th 4c]
Dorex2007: checks 
Wallin280: bets $0.24
Dorex2007: folds 
Uncalled bet ($0.24) returned to Wallin280
Wallin280 collected $0.24 from pot
Wallin280: doesn't show hand 
*** SUMMARY ***
Total pot $0.25 | Rake $0.01 
Board [6h Th 4c]
Seat 1: frank1n100 (small blind) folded before Flop
Seat 2: Dorex2007 (big blind) folded on the Flop
Seat 3: G0oD.whZ* folded before Flop (didn't bet)
Seat 4: 204Javi folded before Flop (didn't bet)
Seat 5: Wallin280 collected ($0.24)
Seat 6: gracieligpretto folded before Flop (didn't bet)
Seat 7: kampoker52 folded before Flop (didn't bet)
Seat 9: pppinclipppe (button) folded before Flop (didn't bet)



PokerStars Hand #237958446230:  Hold'em No Limit ($0.05/$0.10 USD) - 2022/08/12 21:35:04 PT [2022/08/13 0:35:04 ET]
Table 'Alemannia III' 9-max Seat #7 is the button
Seat 1: frank1n100 ($9.06 in chips) 
Seat 2: Dorex2007 ($14.08 in chips) 
Seat 3: G0oD.whZ* ($14.11 in chips) 
Seat 5: Wallin280 ($7.72 in chips) 
Seat 6: gracieligpretto ($10 in chips) 
Seat 7: kampoker52 ($25.22 in chips) 
Seat 9: pppinclipppe ($8.23 in chips) 
pppinclipppe: posts small blind $0.05
frank1n100: posts big blind $0.10
Poydet: sits out 
*** HOLE CARDS ***
Dealt to Dorex2007 [Qd 9s]
Dorex2007 has timed out
Dorex2007: folds 
endeudado joins the table at seat #8 
G0oD.whZ*: folds 
Wallin280: calls $0.10
gracieligpretto: folds 
kampoker52: folds 
pppinclipppe: folds 
frank1n100: checks 
*** FLOP *** [Jc Tc Qc]
frank1n100: checks 
Wallin280: checks 
*** TURN *** [Jc Tc Qc] [9d]
frank1n100: checks 
Wallin280: checks 
*** RIVER *** [Jc Tc Qc 9d] [3h]
frank1n100: checks 
Wallin280: checks 
*** SHOW DOWN ***
frank1n100: shows [8c 9h] (a straight, Eight to Queen)
Wallin280: mucks hand 
frank1n100 collected $0.24 from pot
*** SUMMARY ***
Total pot $0.25 | Rake $0.01 
Board [Jc Tc Qc 9d 3h]
Seat 1: frank1n100 (big blind) showed [8c 9h] and won ($0.24) with a straight, Eight to Queen
Seat 2: Dorex2007 folded before Flop (didn't bet)
Seat 3: G0oD.whZ* folded before Flop (didn't bet)
Seat 5: Wallin280 mucked [3s 3c]
Seat 6: gracieligpretto folded before Flop (didn't bet)
Seat 7: kampoker52 (button) folded before Flop (didn't bet)
Seat 9: pppinclipppe (small blind) folded before Flop



PokerStars Hand #237958466939:  Hold'em No Limit ($0.05/$0.10 USD) - 2022/08/12 21:37:41 PT [2022/08/13 0:37:41 ET]
Table 'Alemannia III' 9-max Seat #3 is the button
Seat 1: frank1n100 ($9.15 in chips) 
Seat 2: Dorex2007 ($14.08 in chips) 
Seat 3: G0oD.whZ* ($13.96 in chips) 
Seat 4: Poydet ($10.50 in chips) 
Seat 5: Wallin280 ($7.42 in chips) 
Seat 6: gracieligpretto ($10 in chips) 
Seat 7: kampoker52 ($25.22 in chips) 
Seat 9: pppinclipppe ($8.01 in chips) 
Poydet: posts small blind $0.05
Wallin280: posts big blind $0.10
endeudado: sits out 
Dorex2007: posts small & big blinds $0.15
*** HOLE CARDS ***
Dealt to Dorex2007 [2h Kh]
gracieligpretto: folds 
kampoker52: raises $0.40 to $0.50
pppinclipppe: folds 
frank1n100: folds 
Dorex2007: folds 
G0oD.whZ*: folds 
Poydet: folds 
Wallin280: folds 
Uncalled bet ($0.40) returned to kampoker52
kampoker52 collected $0.40 from pot
*** SUMMARY ***
Total pot $0.40 | Rake $0 
Seat 1: frank1n100 folded before Flop (didn't bet)
Seat 2: Dorex2007 folded before Flop (didn't bet)
Seat 3: G0oD.whZ* (button) folded before Flop (didn't bet)
Seat 4: Poydet (small blind) folded before Flop
Seat 5: Wallin280 (big blind) folded before Flop
Seat 6: gracieligpretto folded before Flop (didn't bet)
Seat 7: kampoker52 collected ($0.40)
Seat 9: pppinclipppe folded before Flop (didn't bet)



PokerStars Hand #237958470988:  Hold'em No Limit ($0.05/$0.10 USD) - 2022/08/12 21:38:12 PT [2022/08/13 0:38:12 ET]
Table 'Alemannia III' 9-max Seat #4 is the button
Seat 1: frank1n100 ($9.15 in chips) 
Seat 2: Dorex2007 ($13.93 in chips) 
Seat 3: G0oD.whZ* ($13.96 in chips) 
Seat 4: Poydet ($10.45 in chips) 
Seat 5: Wallin280 ($7.32 in chips) 
Seat 6: gracieligpretto ($10 in chips) 
Seat 7: kampoker52 ($25.52 in chips) 
Seat 9: pppinclipppe ($8.01 in chips) 
Wallin280: posts small blind $0.05
gracieligpretto: posts big blind $0.10
endeudado: sits out 
*** HOLE CARDS ***
Dealt to Dorex2007 [9h 8d]
kampoker52: raises $0.20 to $0.30
pppinclipppe: folds 
frank1n100: folds 
Dorex2007: folds 
G0oD.whZ*: folds 
Poydet: calls $0.30
Wallin280: folds 
gracieligpretto: calls $0.20
*** FLOP *** [2h 9s 6h]
gracieligpretto: checks 
kampoker52: checks 
Poydet: checks 
*** TURN *** [2h 9s 6h] [Qh]
gracieligpretto: bets $0.70
kampoker52: folds 
Poydet: folds 
Uncalled bet ($0.70) returned to gracieligpretto
gracieligpretto collected $0.91 from pot
*** SUMMARY ***
Total pot $0.95 | Rake $0.04 
Board [2h 9s 6h Qh]
Seat 1: frank1n100 folded before Flop (didn't bet)
Seat 2: Dorex2007 folded before Flop (didn't bet)
Seat 3: G0oD.whZ* folded before Flop (didn't bet)
Seat 4: Poydet (button) folded on the Turn
Seat 5: Wallin280 (small blind) folded before Flop
Seat 6: gracieligpretto (big blind) collected ($0.91)
Seat 7: kampoker52 folded on the Turn
Seat 9: pppinclipppe folded before Flop (didn't bet)



PokerStars Hand #237958483061:  Hold'em No Limit ($0.05/$0.10 USD) - 2022/08/12 21:38:55 PT [2022/08/13 0:38:55 ET]
Table 'Alemannia III' 9-max Seat #5 is the button
Seat 1: frank1n100 ($9.15 in chips) 
Seat 2: Dorex2007 ($13.93 in chips) 
Seat 3: G0oD.whZ* ($13.96 in chips) 
Seat 4: Poydet ($10.15 in chips) 
Seat 5: Wallin280 ($7.27 in chips) 
Seat 6: gracieligpretto ($10.61 in chips) 
Seat 7: kampoker52 ($25.22 in chips) 
Seat 9: pppinclipppe ($8.01 in chips) 
gracieligpretto: posts small blind $0.05
kampoker52: posts big blind $0.10
endeudado: sits out 
*** HOLE CARDS ***
Dealt to Dorex2007 [6d Ah]
pppinclipppe: raises $0.10 to $0.20
frank1n100: folds 
Dorex2007: folds 
G0oD.whZ*: raises $0.50 to $0.70
Poydet: folds 
Wallin280: folds 
gracieligpretto: folds 
kampoker52: calls $0.60
pppinclipppe: folds 
*** FLOP *** [3s Ks Qs]
kampoker52: checks 
G0oD.whZ*: bets $0.53
kampoker52: calls $0.53
*** TURN *** [3s Ks Qs] [Ac]
kampoker52: checks 
G0oD.whZ*: bets $1.96
kampoker52: calls $1.96
*** RIVER *** [3s Ks Qs Ac] [2d]
kampoker52: bets $0.30
G0oD.whZ*: raises $4.72 to $5.02
kampoker52: folds 
Uncalled bet ($4.72) returned to G0oD.whZ*
G0oD.whZ* collected $6.90 from pot
G0oD.whZ*: doesn't show hand 
*** SUMMARY ***
Total pot $7.23 | Rake $0.33 
Board [3s Ks Qs Ac 2d]
Seat 1: frank1n100 folded before Flop (didn't bet)
Seat 2: Dorex2007 folded before Flop (didn't bet)
Seat 3: G0oD.whZ* collected ($6.90)
Seat 4: Poydet folded before Flop (didn't bet)
Seat 5: Wallin280 (button) folded before Flop (didn't bet)
Seat 6: gracieligpretto (small blind) folded before Flop
Seat 7: kampoker52 (big blind) folded on the River
Seat 9: pppinclipppe folded before Flop



PokerStars Hand #237958493740:  Hold'em No Limit ($0.05/$0.10 USD) - 2022/08/12 21:40:16 PT [2022/08/13 0:40:16 ET]
Table 'Alemannia III' 9-max Seat #6 is the button
Seat 1: frank1n100 ($9.15 in chips) 
Seat 2: Dorex2007 ($13.93 in chips) 
Seat 3: G0oD.whZ* ($17.37 in chips) 
Seat 4: Poydet ($10.15 in chips) 
Seat 5: Wallin280 ($7.27 in chips) 
Seat 6: gracieligpretto ($10.56 in chips) 
Seat 7: kampoker52 ($21.73 in chips) 
Seat 8: endeudado ($32.38 in chips) 
Seat 9: pppinclipppe ($7.81 in chips) 
kampoker52: posts small blind $0.05
endeudado: posts big blind $0.10
*** HOLE CARDS ***
Dealt to Dorex2007 [3c 7c]
pppinclipppe: folds 
frank1n100: folds 
Dorex2007: folds 
G0oD.whZ*: folds 
Poydet: folds 
Wallin280: folds 
gracieligpretto: folds 
kampoker52: raises $0.20 to $0.30
endeudado: folds 
Uncalled bet ($0.20) returned to kampoker52
kampoker52 collected $0.20 from pot
*** SUMMARY ***
Total pot $0.20 | Rake $0 
Seat 1: frank1n100 folded before Flop (didn't bet)
Seat 2: Dorex2007 folded before Flop (didn't bet)
Seat 3: G0oD.whZ* folded before Flop (didn't bet)
Seat 4: Poydet folded before Flop (didn't bet)
Seat 5: Wallin280 folded before Flop (didn't bet)
Seat 6: gracieligpretto (button) folded before Flop (didn't bet)
Seat 7: kampoker52 (small blind) collected ($0.20)
Seat 8: endeudado (big blind) folded before Flop
Seat 9: pppinclipppe folded before Flop (didn't bet)



PokerStars Hand #237958497452:  Hold'em No Limit ($0.05/$0.10 USD) - 2022/08/12 21:40:44 PT [2022/08/13 0:40:44 ET]
Table 'Alemannia III' 9-max Seat #7 is the button
Seat 1: frank1n100 ($9.15 in chips) 
Seat 2: Dorex2007 ($13.93 in chips) 
Seat 3: G0oD.whZ* ($17.37 in chips) 
Seat 4: Poydet ($10.15 in chips) 
Seat 5: Wallin280 ($7.27 in chips) 
Seat 6: gracieligpretto ($10.56 in chips) 
Seat 7: kampoker52 ($21.83 in chips) 
Seat 8: endeudado ($32.28 in chips) 
Seat 9: pppinclipppe ($7.81 in chips) 
endeudado: posts small blind $0.05
pppinclipppe: posts big blind $0.10
*** HOLE CARDS ***
Dealt to Dorex2007 [9d 9h]
frank1n100: folds 
Dorex2007: calls $0.10
G0oD.whZ*: raises $0.33 to $0.43
Poydet: folds 
Wallin280: folds 
gracieligpretto: folds 
kampoker52: calls $0.43
endeudado: folds 
pppinclipppe: folds 
Dorex2007: calls $0.33
*** FLOP *** [4d Ad 5h]
Dorex2007: checks 
G0oD.whZ*: bets $0.46
kampoker52: calls $0.46
Dorex2007: folds 
*** TURN *** [4d Ad 5h] [8h]
G0oD.whZ*: checks 
kampoker52: checks 
*** RIVER *** [4d Ad 5h 8h] [Jh]
G0oD.whZ*: bets $1.70
kampoker52: raises $5.65 to $7.35
G0oD.whZ*: calls $5.65
*** SHOW DOWN ***
kampoker52: shows [3h Kh] (a flush, King high)
G0oD.whZ*: mucks hand 
kampoker52 collected $16.29 from pot
*** SUMMARY ***
Total pot $17.06 | Rake $0.77 
Board [4d Ad 5h 8h Jh]
Seat 1: frank1n100 folded before Flop (didn't bet)
Seat 2: Dorex2007 folded on the Flop
Seat 3: G0oD.whZ* mucked [Ah As]
Seat 4: Poydet folded before Flop (didn't bet)
Seat 5: Wallin280 folded before Flop (didn't bet)
Seat 6: gracieligpretto folded before Flop (didn't bet)
Seat 7: kampoker52 (button) showed [3h Kh] and won ($16.29) with a flush, King high
Seat 8: endeudado (small blind) folded before Flop
Seat 9: pppinclipppe (big blind) folded before Flop



PokerStars Hand #237958505634:  Hold'em No Limit ($0.05/$0.10 USD) - 2022/08/12 21:41:33 PT [2022/08/13 0:41:33 ET]
Table 'Alemannia III' 9-max Seat #8 is the button
Seat 1: frank1n100 ($9.15 in chips) 
Seat 2: Dorex2007 ($13.50 in chips) 
Seat 3: G0oD.whZ* ($10 in chips) 
Seat 4: Poydet ($10.15 in chips) 
Seat 5: Wallin280 ($7.27 in chips) 
Seat 6: gracieligpretto ($10.56 in chips) 
Seat 7: kampoker52 ($29.88 in chips) 
Seat 8: endeudado ($32.23 in chips) 
Seat 9: pppinclipppe ($7.71 in chips) 
pppinclipppe: posts small blind $0.05
frank1n100: posts big blind $0.10
*** HOLE CARDS ***
Dealt to Dorex2007 [7d 6d]
Dorex2007: folds 
G0oD.whZ*: raises $0.20 to $0.30
Poydet: folds 
Wallin280: folds 
gracieligpretto: folds 
kampoker52: calls $0.30
endeudado: folds 
pppinclipppe: folds 
frank1n100: folds 
*** FLOP *** [3d Ts 9h]
G0oD.whZ*: bets $0.24
kampoker52: calls $0.24
*** TURN *** [3d Ts 9h] [4c]
G0oD.whZ*: bets $0.35
kampoker52: calls $0.35
*** RIVER *** [3d Ts 9h 4c] [6h]
G0oD.whZ*: bets $0.55
kampoker52: calls $0.55
*** SHOW DOWN ***
G0oD.whZ*: shows [5c 5d] (a pair of Fives)
kampoker52: mucks hand 
G0oD.whZ* collected $2.89 from pot
*** SUMMARY ***
Total pot $3.03 | Rake $0.14 
Board [3d Ts 9h 4c 6h]
Seat 1: frank1n100 (big blind) folded before Flop
Seat 2: Dorex2007 folded before Flop (didn't bet)
Seat 3: G0oD.whZ* showed [5c 5d] and won ($2.89) with a pair of Fives
Seat 4: Poydet folded before Flop (didn't bet)
Seat 5: Wallin280 folded before Flop (didn't bet)
Seat 6: gracieligpretto folded before Flop (didn't bet)
Seat 7: kampoker52 mucked [Kd Jd]
Seat 8: endeudado (button) folded before Flop (didn't bet)
Seat 9: pppinclipppe (small blind) folded before Flop



PokerStars Hand #237958512735:  Hold'em No Limit ($0.05/$0.10 USD) - 2022/08/12 21:42:28 PT [2022/08/13 0:42:28 ET]
Table 'Alemannia III' 9-max Seat #9 is the button
Seat 1: frank1n100 ($9.05 in chips) 
Seat 2: Dorex2007 ($13.50 in chips) 
Seat 3: G0oD.whZ* ($11.45 in chips) 
Seat 4: Poydet ($10.15 in chips) 
Seat 5: Wallin280 ($7.27 in chips) 
Seat 6: gracieligpretto ($10.56 in chips) 
Seat 7: kampoker52 ($28.44 in chips) 
Seat 8: endeudado ($32.23 in chips) 
Seat 9: pppinclipppe ($7.66 in chips) 
frank1n100: posts small blind $0.05
Dorex2007: posts big blind $0.10
*** HOLE CARDS ***
Dealt to Dorex2007 [8c 7d]
G0oD.whZ*: folds 
Poydet: folds 
Wallin280: folds 
gracieligpretto: raises $0.15 to $0.25
kampoker52: folds 
endeudado: folds 
pppinclipppe: folds 
frank1n100: folds 
Dorex2007: folds 
Uncalled bet ($0.15) returned to gracieligpretto
gracieligpretto collected $0.25 from pot
*** SUMMARY ***
Total pot $0.25 | Rake $0 
Seat 1: frank1n100 (small blind) folded before Flop
Seat 2: Dorex2007 (big blind) folded before Flop
Seat 3: G0oD.whZ* folded before Flop (didn't bet)
Seat 4: Poydet folded before Flop (didn't bet)
Seat 5: Wallin280 folded before Flop (didn't bet)
Seat 6: gracieligpretto collected ($0.25)
Seat 7: kampoker52 folded before Flop (didn't bet)
Seat 8: endeudado folded before Flop (didn't bet)
Seat 9: pppinclipppe (button) folded before Flop (didn't bet)



PokerStars Hand #237958924164:  Hold'em No Limit ($0.05/$0.10 USD) - 2022/08/12 22:34:52 PT [2022/08/13 1:34:52 ET]
Table 'Alemannia III' 9-max Seat #1 is the button
Seat 1: frank1n100 ($19.52 in chips) 
Seat 2: omnishakira ($14.67 in chips) 
Seat 4: Poydet ($17.45 in chips) 
Seat 5: Wallin280 ($7.15 in chips) 
Seat 6: mishuka10 ($10 in chips) 
Seat 7: Carmin212 ($7.60 in chips) 
Seat 8: endeudado ($31.22 in chips) 
Seat 9: Dorex2007 ($13.35 in chips) 
omnishakira: posts small blind $0.05
G0oD.whZ*: is sitting out 
Poydet: posts big blind $0.10
Dorex2007: posts big blind $0.10
*** HOLE CARDS ***
Dealt to Dorex2007 [5c 7c]
Wallin280: folds 
mishuka10: folds 
Carmin212: raises $0.20 to $0.30
endeudado: calls $0.30
Dorex2007: folds 
frank1n100: folds 
omnishakira: folds 
Poydet: folds 
*** FLOP *** [3h Ah 8s]
Carmin212: bets $0.30
endeudado: folds 
Uncalled bet ($0.30) returned to Carmin212
Carmin212 collected $0.81 from pot
Carmin212: doesn't show hand 
*** SUMMARY ***
Total pot $0.85 | Rake $0.04 
Board [3h Ah 8s]
Seat 1: frank1n100 (button) folded before Flop (didn't bet)
Seat 2: omnishakira (small blind) folded before Flop
Seat 4: Poydet (big blind) folded before Flop
Seat 5: Wallin280 folded before Flop (didn't bet)
Seat 6: mishuka10 folded before Flop (didn't bet)
Seat 7: Carmin212 collected ($0.81)
Seat 8: endeudado folded on the Flop
Seat 9: Dorex2007 folded before Flop (didn't bet)



PokerStars Hand #237958928936:  Hold'em No Limit ($0.05/$0.10 USD) - 2022/08/12 22:35:32 PT [2022/08/13 1:35:32 ET]
Table 'Alemannia III' 9-max Seat #2 is the button
Seat 1: frank1n100 ($19.52 in chips) 
Seat 2: omnishakira ($14.62 in chips) 
Seat 4: Poydet ($17.35 in chips) 
Seat 5: Wallin280 ($7.15 in chips) 
Seat 6: mishuka10 ($10 in chips) 
Seat 7: Carmin212 ($8.11 in chips) 
Seat 8: endeudado ($30.92 in chips) 
Seat 9: Dorex2007 ($13.25 in chips) 
Poydet: posts small blind $0.05
Wallin280: posts big blind $0.10
*** HOLE CARDS ***
Dealt to Dorex2007 [4c Qd]
mishuka10: folds 
Carmin212: folds 
mishuka10 leaves the table
endeudado: raises $0.20 to $0.30
Dorex2007: folds 
frank1n100: folds 
master160971 joins the table at seat #6 
omnishakira: folds 
Poydet: folds 
Wallin280: folds 
Uncalled bet ($0.20) returned to endeudado
endeudado collected $0.25 from pot
endeudado: doesn't show hand 
*** SUMMARY ***
Total pot $0.25 | Rake $0 
Seat 1: frank1n100 folded before Flop (didn't bet)
Seat 2: omnishakira (button) folded before Flop (didn't bet)
Seat 4: Poydet (small blind) folded before Flop
Seat 5: Wallin280 (big blind) folded before Flop
Seat 6: mishuka10 folded before Flop (didn't bet)
Seat 7: Carmin212 folded before Flop (didn't bet)
Seat 8: endeudado collected ($0.25)
Seat 9: Dorex2007 folded before Flop (didn't bet)



PokerStars Hand #237958931588:  Hold'em No Limit ($0.05/$0.10 USD) - 2022/08/12 22:35:55 PT [2022/08/13 1:35:55 ET]
Table 'Alemannia III' 9-max Seat #4 is the button
Seat 1: frank1n100 ($19.52 in chips) 
Seat 2: omnishakira ($14.62 in chips) 
Seat 4: Poydet ($17.30 in chips) 
Seat 5: Wallin280 ($7.05 in chips) 
Seat 6: master160971 ($8 in chips) 
Seat 7: Carmin212 ($8.11 in chips) 
Seat 8: endeudado ($31.07 in chips) 
Seat 9: Dorex2007 ($13.25 in chips) 
Wallin280: posts small blind $0.05
master160971 is connected 
master160971: posts big blind $0.10
G0oD.whZ*: sits out 
*** HOLE CARDS ***
Dealt to Dorex2007 [Ks 6s]
Carmin212: folds 
endeudado: folds 
Dorex2007: folds 
frank1n100: folds 
omnishakira: raises $0.12 to $0.22
Poydet: folds 
Wallin280: raises $0.54 to $0.76
master160971: folds 
omnishakira: calls $0.54
*** FLOP *** [9s 5s 6c]
Wallin280: bets $1.55
omnishakira: folds 
Uncalled bet ($1.55) returned to Wallin280
Wallin280 collected $1.55 from pot
Wallin280: doesn't show hand 
*** SUMMARY ***
Total pot $1.62 | Rake $0.07 
Board [9s 5s 6c]
Seat 1: frank1n100 folded before Flop (didn't bet)
Seat 2: omnishakira folded on the Flop
Seat 4: Poydet (button) folded before Flop (didn't bet)
Seat 5: Wallin280 (small blind) collected ($1.55)
Seat 6: master160971 (big blind) folded before Flop
Seat 7: Carmin212 folded before Flop (didn't bet)
Seat 8: endeudado folded before Flop (didn't bet)
Seat 9: Dorex2007 folded before Flop (didn't bet)



PokerStars Hand #237958936529:  Hold'em No Limit ($0.05/$0.10 USD) - 2022/08/12 22:36:37 PT [2022/08/13 1:36:37 ET]
Table 'Alemannia III' 9-max Seat #5 is the button
Seat 1: frank1n100 ($19.52 in chips) 
Seat 2: omnishakira ($13.86 in chips) 
Seat 4: Poydet ($17.30 in chips) 
Seat 5: Wallin280 ($7.84 in chips) 
Seat 6: master160971 ($7.90 in chips) 
Seat 7: Carmin212 ($8.11 in chips) 
Seat 8: endeudado ($31.07 in chips) 
Seat 9: Dorex2007 ($13.25 in chips) 
master160971: posts small blind $0.05
Carmin212: posts big blind $0.10
G0oD.whZ*: sits out 
*** HOLE CARDS ***
Dealt to Dorex2007 [2s Ks]
endeudado: folds 
Dorex2007 has timed out
Dorex2007: folds 
frank1n100: folds 
omnishakira: folds 
Poydet: raises $0.20 to $0.30
Wallin280: folds 
master160971: folds 
Carmin212: folds 
Uncalled bet ($0.20) returned to Poydet
Poydet collected $0.25 from pot
Poydet: doesn't show hand 
*** SUMMARY ***
Total pot $0.25 | Rake $0 
Seat 1: frank1n100 folded before Flop (didn't bet)
Seat 2: omnishakira folded before Flop (didn't bet)
Seat 4: Poydet collected ($0.25)
Seat 5: Wallin280 (button) folded before Flop (didn't bet)
Seat 6: master160971 (small blind) folded before Flop
Seat 7: Carmin212 (big blind) folded before Flop
Seat 8: endeudado folded before Flop (didn't bet)
Seat 9: Dorex2007 folded before Flop (didn't bet)



PokerStars Hand #237958950902:  Hold'em No Limit ($0.05/$0.10 USD) - 2022/08/12 22:38:41 PT [2022/08/13 1:38:41 ET]
Table 'Alemannia III' 9-max Seat #1 is the button
Seat 1: frank1n100 ($19.37 in chips) 
Seat 2: omnishakira ($13.76 in chips) 
Seat 3: G0oD.whZ* ($17.90 in chips) 
Seat 5: Wallin280 ($13.93 in chips) 
Seat 6: master160971 ($0.31 in chips) 
Seat 7: Carmin212 ($8.38 in chips) 
Seat 9: Dorex2007 ($13.25 in chips) 
omnishakira: posts small blind $0.05
G0oD.whZ*: posts big blind $0.10
Poydet: sits out 
Dorex2007: posts small & big blinds $0.15
*** HOLE CARDS ***
Dealt to Dorex2007 [Ad 6s]
Wallin280: folds 
master160971: folds 
Carmin212: raises $0.20 to $0.30
Dorex2007: folds 
frank1n100: folds 
omnishakira: calls $0.25
G0oD.whZ*: folds 
*** FLOP *** [Ah 5s 8s]
omnishakira: checks 
Carmin212: bets $0.40
omnishakira: folds 
Uncalled bet ($0.40) returned to Carmin212
Carmin212 collected $0.81 from pot
Carmin212: doesn't show hand 
*** SUMMARY ***
Total pot $0.85 | Rake $0.04 
Board [Ah 5s 8s]
Seat 1: frank1n100 (button) folded before Flop (didn't bet)
Seat 2: omnishakira (small blind) folded on the Flop
Seat 3: G0oD.whZ* (big blind) folded before Flop
Seat 5: Wallin280 folded before Flop (didn't bet)
Seat 6: master160971 folded before Flop (didn't bet)
Seat 7: Carmin212 collected ($0.81)
Seat 9: Dorex2007 folded before Flop (didn't bet)



PokerStars Hand #237958955548:  Hold'em No Limit ($0.05/$0.10 USD) - 2022/08/12 22:39:21 PT [2022/08/13 1:39:21 ET]
Table 'Alemannia III' 9-max Seat #2 is the button
Seat 1: frank1n100 ($19.37 in chips) 
Seat 2: omnishakira ($13.46 in chips) 
Seat 3: G0oD.whZ* ($17.80 in chips) 
Seat 5: Wallin280 ($13.93 in chips) 
Seat 6: master160971 ($8.41 in chips) 
Seat 7: Carmin212 ($8.89 in chips) 
Seat 9: Dorex2007 ($13.10 in chips) 
G0oD.whZ*: posts small blind $0.05
Wallin280: posts big blind $0.10
Poydet: sits out 
*** HOLE CARDS ***
Dealt to Dorex2007 [9h 2h]
master160971: folds 
Carmin212: raises $0.20 to $0.30
Dorex2007: folds 
frank1n100: folds 
omnishakira: folds 
G0oD.whZ*: folds 
Wallin280: calls $0.20
*** FLOP *** [9c Jh Ad]
Wallin280: checks 
Carmin212: bets $0.31
Wallin280: folds 
Uncalled bet ($0.31) returned to Carmin212
Carmin212 collected $0.62 from pot
Carmin212: doesn't show hand 
*** SUMMARY ***
Total pot $0.65 | Rake $0.03 
Board [9c Jh Ad]
Seat 1: frank1n100 folded before Flop (didn't bet)
Seat 2: omnishakira (button) folded before Flop (didn't bet)
Seat 3: G0oD.whZ* (small blind) folded before Flop
Seat 5: Wallin280 (big blind) folded on the Flop
Seat 6: master160971 folded before Flop (didn't bet)
Seat 7: Carmin212 collected ($0.62)
Seat 9: Dorex2007 folded before Flop (didn't bet)



PokerStars Hand #237958958550:  Hold'em No Limit ($0.05/$0.10 USD) - 2022/08/12 22:39:47 PT [2022/08/13 1:39:47 ET]
Table 'Alemannia III' 9-max Seat #3 is the button
Seat 1: frank1n100 ($19.37 in chips) 
Seat 2: omnishakira ($13.46 in chips) 
Seat 3: G0oD.whZ* ($17.75 in chips) 
Seat 5: Wallin280 ($13.63 in chips) 
Seat 6: master160971 ($8.41 in chips) 
Seat 7: Carmin212 ($9.21 in chips) 
Seat 9: Dorex2007 ($13.10 in chips) 
Wallin280: posts small blind $0.05
master160971: posts big blind $0.10
Poydet: sits out 
*** HOLE CARDS ***
Dealt to Dorex2007 [6h Ts]
Carmin212: raises $0.20 to $0.30
Dorex2007: folds 
frank1n100: folds 
omnishakira: folds 
G0oD.whZ*: folds 
Wallin280: folds 
master160971: calls $0.20
*** FLOP *** [9d Th 5d]
master160971: checks 
Carmin212: bets $0.31
master160971: folds 
Uncalled bet ($0.31) returned to Carmin212
Carmin212 collected $0.62 from pot
Carmin212: doesn't show hand 
*** SUMMARY ***
Total pot $0.65 | Rake $0.03 
Board [9d Th 5d]
Seat 1: frank1n100 folded before Flop (didn't bet)
Seat 2: omnishakira folded before Flop (didn't bet)
Seat 3: G0oD.whZ* (button) folded before Flop (didn't bet)
Seat 5: Wallin280 (small blind) folded before Flop
Seat 6: master160971 (big blind) folded on the Flop
Seat 7: Carmin212 collected ($0.62)
Seat 9: Dorex2007 folded before Flop (didn't bet)



PokerStars Hand #237958961092:  Hold'em No Limit ($0.05/$0.10 USD) - 2022/08/12 22:40:09 PT [2022/08/13 1:40:09 ET]
Table 'Alemannia III' 9-max Seat #5 is the button
Seat 1: frank1n100 ($19.37 in chips) 
Seat 2: omnishakira ($13.46 in chips) 
Seat 3: G0oD.whZ* ($17.75 in chips) 
Seat 5: Wallin280 ($13.58 in chips) 
Seat 6: master160971 ($8.11 in chips) 
Seat 7: Carmin212 ($9.53 in chips) 
Seat 9: Dorex2007 ($13.10 in chips) 
master160971: posts small blind $0.05
Carmin212: posts big blind $0.10
Poydet: sits out 
*** HOLE CARDS ***
Dealt to Dorex2007 [6c Kc]
Dorex2007: folds 
frank1n100: raises $0.15 to $0.25
omnishakira: folds 
G0oD.whZ*: folds 
Wallin280: raises $0.65 to $0.90
master160971: folds 
Carmin212: folds 
frank1n100: folds 
Uncalled bet ($0.65) returned to Wallin280
Wallin280 collected $0.65 from pot
Wallin280: doesn't show hand 
*** SUMMARY ***
Total pot $0.65 | Rake $0 
Seat 1: frank1n100 folded before Flop
Seat 2: omnishakira folded before Flop (didn't bet)
Seat 3: G0oD.whZ* folded before Flop (didn't bet)
Seat 5: Wallin280 (button) collected ($0.65)
Seat 6: master160971 (small blind) folded before Flop
Seat 7: Carmin212 (big blind) folded before Flop
Seat 9: Dorex2007 folded before Flop (didn't bet)



PokerStars Hand #237958964082:  Hold'em No Limit ($0.05/$0.10 USD) - 2022/08/12 22:40:35 PT [2022/08/13 1:40:35 ET]
Table 'Alemannia III' 9-max Seat #6 is the button
Seat 1: frank1n100 ($19.12 in chips) 
Seat 2: omnishakira ($13.46 in chips) 
Seat 3: G0oD.whZ* ($17.75 in chips) 
Seat 5: Wallin280 ($13.98 in chips) 
Seat 6: master160971 ($8.06 in chips) 
Seat 7: Carmin212 ($9.43 in chips) 
Seat 8: Poydet ($17.45 in chips) 
Seat 9: Dorex2007 ($13.10 in chips) 
Carmin212: posts small blind $0.05
Poydet: posts big blind $0.10
*** HOLE CARDS ***
Dealt to Dorex2007 [Kc 3s]
Dorex2007: folds 
Corkeye joins the table at seat #4 
frank1n100: folds 
omnishakira: folds 
G0oD.whZ*: folds 
Wallin280: calls $0.10
master160971: folds 
Carmin212: calls $0.05
Poydet: checks 
*** FLOP *** [8h As Ah]
Carmin212: checks 
Poydet: checks 
Wallin280: checks 
*** TURN *** [8h As Ah] [7c]
Carmin212: checks 
Poydet: checks 
Wallin280: bets $0.29
Carmin212: folds 
Poydet: folds 
Uncalled bet ($0.29) returned to Wallin280
Wallin280 collected $0.29 from pot
Wallin280: doesn't show hand 
*** SUMMARY ***
Total pot $0.30 | Rake $0.01 
Board [8h As Ah 7c]
Seat 1: frank1n100 folded before Flop (didn't bet)
Seat 2: omnishakira folded before Flop (didn't bet)
Seat 3: G0oD.whZ* folded before Flop (didn't bet)
Seat 5: Wallin280 collected ($0.29)
Seat 6: master160971 (button) folded before Flop (didn't bet)
Seat 7: Carmin212 (small blind) folded on the Turn
Seat 8: Poydet (big blind) folded on the Turn
Seat 9: Dorex2007 folded before Flop (didn't bet)



PokerStars Hand #237958971084:  Hold'em No Limit ($0.05/$0.10 USD) - 2022/08/12 22:41:34 PT [2022/08/13 1:41:34 ET]
Table 'Alemannia III' 9-max Seat #7 is the button
Seat 1: frank1n100 ($19.12 in chips) 
Seat 2: omnishakira ($13.46 in chips) 
Seat 3: G0oD.whZ* ($17.75 in chips) 
Seat 5: Wallin280 ($14.17 in chips) 
Seat 6: master160971 ($8.06 in chips) 
Seat 7: Carmin212 ($9.33 in chips) 
Seat 8: Poydet ($17.35 in chips) 
Seat 9: Dorex2007 ($13.10 in chips) 
Poydet: posts small blind $0.05
Dorex2007: posts big blind $0.10
Corkeye: sits out 
*** HOLE CARDS ***
Dealt to Dorex2007 [4h Td]
frank1n100: folds 
omnishakira: folds 
G0oD.whZ*: folds 
Wallin280: raises $0.25 to $0.35
master160971: folds 
Carmin212: calls $0.35
Poydet: folds 
Dorex2007: folds 
*** FLOP *** [Js 3c 2c]
Wallin280: bets $0.81
Carmin212: raises $0.81 to $1.62
Wallin280: calls $0.81
*** TURN *** [Js 3c 2c] [Qd]
Wallin280: bets $1.95
Carmin212: folds 
Uncalled bet ($1.95) returned to Wallin280
Wallin280 collected $3.91 from pot
Wallin280: doesn't show hand 
*** SUMMARY ***
Total pot $4.09 | Rake $0.18 
Board [Js 3c 2c Qd]
Seat 1: frank1n100 folded before Flop (didn't bet)
Seat 2: omnishakira folded before Flop (didn't bet)
Seat 3: G0oD.whZ* folded before Flop (didn't bet)
Seat 5: Wallin280 collected ($3.91)
Seat 6: master160971 folded before Flop (didn't bet)
Seat 7: Carmin212 (button) folded on the Turn
Seat 8: Poydet (small blind) folded before Flop
Seat 9: Dorex2007 (big blind) folded before Flop



PokerStars Hand #237958978252:  Hold'em No Limit ($0.05/$0.10 USD) - 2022/08/12 22:42:33 PT [2022/08/13 1:42:33 ET]
Table 'Alemannia III' 9-max Seat #8 is the button
Seat 1: frank1n100 ($19.12 in chips) 
Seat 2: omnishakira ($13.46 in chips) 
Seat 3: G0oD.whZ* ($17.75 in chips) 
Seat 5: Wallin280 ($16.11 in chips) 
Seat 6: master160971 ($8.06 in chips) 
Seat 7: Carmin212 ($7.36 in chips) 
Seat 8: Poydet ($17.30 in chips) 
Seat 9: Dorex2007 ($13 in chips) 
Dorex2007: posts small blind $0.05
frank1n100: posts big blind $0.10
Corkeye: sits out 
*** HOLE CARDS ***
Dealt to Dorex2007 [6d 6s]
omnishakira: folds 
G0oD.whZ*: folds 
Wallin280: calls $0.10
master160971: folds 
Carmin212: raises $0.20 to $0.30
Poydet: folds 
Dorex2007: calls $0.25
frank1n100: folds 
Wallin280: calls $0.20
*** FLOP *** [2h Jc 3d]
Dorex2007: checks 
Wallin280: checks 
Carmin212: checks 
*** TURN *** [2h Jc 3d] [As]
Dorex2007: checks 
Wallin280: checks 
Carmin212: bets $0.96
Dorex2007: folds 
Wallin280: folds 
Uncalled bet ($0.96) returned to Carmin212
Carmin212 collected $0.96 from pot
Carmin212: doesn't show hand 
*** SUMMARY ***
Total pot $1 | Rake $0.04 
Board [2h Jc 3d As]
Seat 1: frank1n100 (big blind) folded before Flop
Seat 2: omnishakira folded before Flop (didn't bet)
Seat 3: G0oD.whZ* folded before Flop (didn't bet)
Seat 5: Wallin280 folded on the Turn
Seat 6: master160971 folded before Flop (didn't bet)
Seat 7: Carmin212 collected ($0.96)
Seat 8: Poydet (button) folded before Flop (didn't bet)
Seat 9: Dorex2007 (small blind) folded on the Turn



PokerStars Hand #237958985027:  Hold'em No Limit ($0.05/$0.10 USD) - 2022/08/12 22:43:30 PT [2022/08/13 1:43:30 ET]
Table 'Alemannia III' 9-max Seat #9 is the button
Seat 1: frank1n100 ($19.02 in chips) 
Seat 2: omnishakira ($13.46 in chips) 
Seat 3: G0oD.whZ* ($17.75 in chips) 
Seat 5: Wallin280 ($15.81 in chips) 
Seat 6: master160971 ($8.06 in chips) 
Seat 7: Carmin212 ($8.02 in chips) 
Seat 8: Poydet ($17.30 in chips) 
Seat 9: Dorex2007 ($12.70 in chips) 
frank1n100: posts small blind $0.05
omnishakira: posts big blind $0.10
Corkeye: sits out 
*** HOLE CARDS ***
Dealt to Dorex2007 [Qs 9c]
G0oD.whZ*: folds 
Wallin280: raises $0.25 to $0.35
master160971: folds 
Carmin212: folds 
Poydet: folds 
Dorex2007: folds 
frank1n100: folds 
omnishakira: folds 
Uncalled bet ($0.25) returned to Wallin280
Wallin280 collected $0.25 from pot
Wallin280: doesn't show hand 
*** SUMMARY ***
Total pot $0.25 | Rake $0 
Seat 1: frank1n100 (small blind) folded before Flop
Seat 2: omnishakira (big blind) folded before Flop
Seat 3: G0oD.whZ* folded before Flop (didn't bet)
Seat 5: Wallin280 collected ($0.25)
Seat 6: master160971 folded before Flop (didn't bet)
Seat 7: Carmin212 folded before Flop (didn't bet)
Seat 8: Poydet folded before Flop (didn't bet)
Seat 9: Dorex2007 (button) folded before Flop (didn't bet)



PokerStars Hand #237958987141:  Hold'em No Limit ($0.05/$0.10 USD) - 2022/08/12 22:43:48 PT [2022/08/13 1:43:48 ET]
Table 'Alemannia III' 9-max Seat #1 is the button
Seat 1: frank1n100 ($18.97 in chips) 
Seat 2: omnishakira ($13.36 in chips) 
Seat 3: G0oD.whZ* ($17.75 in chips) 
Seat 5: Wallin280 ($15.96 in chips) 
Seat 6: master160971 ($8.06 in chips) 
Seat 7: Carmin212 ($8.02 in chips) 
Seat 8: Poydet ($17.30 in chips) 
Seat 9: Dorex2007 ($12.70 in chips) 
omnishakira: posts small blind $0.05
G0oD.whZ*: posts big blind $0.10
Corkeye: sits out 
*** HOLE CARDS ***
Dealt to Dorex2007 [2h As]
Wallin280: calls $0.10
master160971: folds 
Carmin212: folds 
Poydet: folds 
Dorex2007: folds 
frank1n100: folds 
omnishakira: folds 
G0oD.whZ*: checks 
*** FLOP *** [Kc 6h 2s]
G0oD.whZ*: bets $0.10
Wallin280: calls $0.10
*** TURN *** [Kc 6h 2s] [Kd]
G0oD.whZ*: bets $0.13
Wallin280: folds 
Uncalled bet ($0.13) returned to G0oD.whZ*
G0oD.whZ* collected $0.43 from pot
G0oD.whZ*: doesn't show hand 
*** SUMMARY ***
Total pot $0.45 | Rake $0.02 
Board [Kc 6h 2s Kd]
Seat 1: frank1n100 (button) folded before Flop (didn't bet)
Seat 2: omnishakira (small blind) folded before Flop
Seat 3: G0oD.whZ* (big blind) collected ($0.43)
Seat 5: Wallin280 folded on the Turn
Seat 6: master160971 folded before Flop (didn't bet)
Seat 7: Carmin212 folded before Flop (didn't bet)
Seat 8: Poydet folded before Flop (didn't bet)
Seat 9: Dorex2007 folded before Flop (didn't bet)



PokerStars Hand #237958991633:  Hold'em No Limit ($0.05/$0.10 USD) - 2022/08/12 22:44:26 PT [2022/08/13 1:44:26 ET]
Table 'Alemannia III' 9-max Seat #2 is the button
Seat 1: frank1n100 ($18.97 in chips) 
Seat 2: omnishakira ($13.31 in chips) 
Seat 3: G0oD.whZ* ($17.98 in chips) 
Seat 4: Corkeye ($10 in chips) 
Seat 5: Wallin280 ($15.76 in chips) 
Seat 6: master160971 ($8.06 in chips) 
Seat 7: Carmin212 ($8.02 in chips) 
Seat 8: Poydet ($17.30 in chips) 
Seat 9: Dorex2007 ($12.70 in chips) 
G0oD.whZ*: posts small blind $0.05
Corkeye: posts big blind $0.10
*** HOLE CARDS ***
Dealt to Dorex2007 [7s 2s]
Wallin280: raises $0.25 to $0.35
master160971: calls $0.35
Carmin212: folds 
Poydet: folds 
Dorex2007: folds 
frank1n100: folds 
omnishakira: folds 
G0oD.whZ*: folds 
Corkeye: calls $0.25
*** FLOP *** [4d 4s 5d]
Corkeye: checks 
Wallin280: checks 
master160971: bets $0.52
Corkeye: folds 
Wallin280: folds 
Uncalled bet ($0.52) returned to master160971
master160971 collected $1.05 from pot
master160971: doesn't show hand 
*** SUMMARY ***
Total pot $1.10 | Rake $0.05 
Board [4d 4s 5d]
Seat 1: frank1n100 folded before Flop (didn't bet)
Seat 2: omnishakira (button) folded before Flop (didn't bet)
Seat 3: G0oD.whZ* (small blind) folded before Flop
Seat 4: Corkeye (big blind) folded on the Flop
Seat 5: Wallin280 folded on the Flop
Seat 6: master160971 collected ($1.05)
Seat 7: Carmin212 folded before Flop (didn't bet)
Seat 8: Poydet folded before Flop (didn't bet)
Seat 9: Dorex2007 folded before Flop (didn't bet)



PokerStars Hand #237958996069:  Hold'em No Limit ($0.05/$0.10 USD) - 2022/08/12 22:45:04 PT [2022/08/13 1:45:04 ET]
Table 'Alemannia III' 9-max Seat #3 is the button
Seat 1: frank1n100 ($18.97 in chips) 
Seat 2: omnishakira ($13.31 in chips) 
Seat 3: G0oD.whZ* ($17.93 in chips) 
Seat 4: Corkeye ($10 in chips) 
Seat 5: Wallin280 ($15.41 in chips) 
Seat 6: master160971 ($8.76 in chips) 
Seat 7: Carmin212 ($8.02 in chips) 
Seat 8: Poydet ($17.30 in chips) 
Seat 9: Dorex2007 ($12.70 in chips) 
Corkeye: posts small blind $0.05
Wallin280: posts big blind $0.10
*** HOLE CARDS ***
Dealt to Dorex2007 [Kd Jh]
master160971: folds 
Carmin212: folds 
Poydet: folds 
Dorex2007: calls $0.10
frank1n100: folds 
omnishakira: raises $0.30 to $0.40
G0oD.whZ*: folds 
Corkeye: folds 
Wallin280: folds 
Dorex2007: folds 
Uncalled bet ($0.30) returned to omnishakira
omnishakira collected $0.35 from pot
omnishakira: doesn't show hand 
*** SUMMARY ***
Total pot $0.35 | Rake $0 
Seat 1: frank1n100 folded before Flop (didn't bet)
Seat 2: omnishakira collected ($0.35)
Seat 3: G0oD.whZ* (button) folded before Flop (didn't bet)
Seat 4: Corkeye (small blind) folded before Flop
Seat 5: Wallin280 (big blind) folded before Flop
Seat 6: master160971 folded before Flop (didn't bet)
Seat 7: Carmin212 folded before Flop (didn't bet)
Seat 8: Poydet folded before Flop (didn't bet)
Seat 9: Dorex2007 folded before Flop



PokerStars Hand #237959000211:  Hold'em No Limit ($0.05/$0.10 USD) - 2022/08/12 22:45:39 PT [2022/08/13 1:45:39 ET]
Table 'Alemannia III' 9-max Seat #4 is the button
Seat 1: frank1n100 ($18.97 in chips) 
Seat 2: omnishakira ($13.56 in chips) 
Seat 3: G0oD.whZ* ($17.93 in chips) 
Seat 4: Corkeye ($10 in chips) 
Seat 5: Wallin280 ($15.31 in chips) 
Seat 6: master160971 ($8.76 in chips) 
Seat 7: Carmin212 ($8.02 in chips) 
Seat 8: Poydet ($17.30 in chips) 
Seat 9: Dorex2007 ($12.60 in chips) 
Wallin280: posts small blind $0.05
master160971: posts big blind $0.10
*** HOLE CARDS ***
Dealt to Dorex2007 [8s 8c]
Carmin212: raises $0.20 to $0.30
Poydet: folds 
Dorex2007: folds 
frank1n100: folds 
omnishakira: folds 
G0oD.whZ*: calls $0.30
Corkeye: folds 
Wallin280: folds 
master160971: folds 
*** FLOP *** [Qs Ts Th]
Carmin212: checks 
G0oD.whZ*: bets $0.24
Carmin212: folds 
Uncalled bet ($0.24) returned to G0oD.whZ*
G0oD.whZ* collected $0.72 from pot
G0oD.whZ*: doesn't show hand 
*** SUMMARY ***
Total pot $0.75 | Rake $0.03 
Board [Qs Ts Th]
Seat 1: frank1n100 folded before Flop (didn't bet)
Seat 2: omnishakira folded before Flop (didn't bet)
Seat 3: G0oD.whZ* collected ($0.72)
Seat 4: Corkeye (button) folded before Flop (didn't bet)
Seat 5: Wallin280 (small blind) folded before Flop
Seat 6: master160971 (big blind) folded before Flop
Seat 7: Carmin212 folded on the Flop
Seat 8: Poydet folded before Flop (didn't bet)
Seat 9: Dorex2007 folded before Flop (didn't bet)



PokerStars Hand #237959007277:  Hold'em No Limit ($0.05/$0.10 USD) - 2022/08/12 22:46:40 PT [2022/08/13 1:46:40 ET]
Table 'Alemannia III' 9-max Seat #5 is the button
Seat 1: frank1n100 ($18.97 in chips) 
Seat 2: omnishakira ($13.56 in chips) 
Seat 3: G0oD.whZ* ($18.35 in chips) 
Seat 4: Corkeye ($10 in chips) 
Seat 5: Wallin280 ($15.26 in chips) 
Seat 6: master160971 ($8.66 in chips) 
Seat 7: Carmin212 ($7.72 in chips) 
Seat 8: Poydet ($17.30 in chips) 
Seat 9: Dorex2007 ($12.60 in chips) 
master160971: posts small blind $0.05
Carmin212: posts big blind $0.10
*** HOLE CARDS ***
Dealt to Dorex2007 [6s Qd]
Poydet: raises $0.20 to $0.30
Dorex2007: folds 
frank1n100: folds 
omnishakira: folds 
G0oD.whZ*: folds 
Corkeye: folds 
Wallin280: folds 
master160971: folds 
Carmin212: calls $0.20
*** FLOP *** [Ah Tc 7s]
Carmin212: checks 
Poydet: bets $0.20
Carmin212: folds 
Uncalled bet ($0.20) returned to Poydet
Poydet collected $0.62 from pot
Poydet: doesn't show hand 
*** SUMMARY ***
Total pot $0.65 | Rake $0.03 
Board [Ah Tc 7s]
Seat 1: frank1n100 folded before Flop (didn't bet)
Seat 2: omnishakira folded before Flop (didn't bet)
Seat 3: G0oD.whZ* folded before Flop (didn't bet)
Seat 4: Corkeye folded before Flop (didn't bet)
Seat 5: Wallin280 (button) folded before Flop (didn't bet)
Seat 6: master160971 (small blind) folded before Flop
Seat 7: Carmin212 (big blind) folded on the Flop
Seat 8: Poydet collected ($0.62)
Seat 9: Dorex2007 folded before Flop (didn't bet)



PokerStars Hand #237959011344:  Hold'em No Limit ($0.05/$0.10 USD) - 2022/08/12 22:47:15 PT [2022/08/13 1:47:15 ET]
Table 'Alemannia III' 9-max Seat #6 is the button
Seat 1: frank1n100 ($18.97 in chips) 
Seat 2: omnishakira ($13.56 in chips) 
Seat 3: G0oD.whZ* ($18.35 in chips) 
Seat 4: Corkeye ($10 in chips) 
Seat 5: Wallin280 ($15.26 in chips) 
Seat 6: master160971 ($8.61 in chips) 
Seat 7: Carmin212 ($7.42 in chips) 
Seat 8: Poydet ($17.62 in chips) 
Seat 9: Dorex2007 ($12.60 in chips) 
Carmin212: posts small blind $0.05
Poydet: posts big blind $0.10
*** HOLE CARDS ***
Dealt to Dorex2007 [Qc 5c]
Dorex2007: folds 
frank1n100: folds 
omnishakira: folds 
G0oD.whZ*: folds 
Corkeye: folds 
Wallin280: folds 
master160971: folds 
Carmin212: raises $0.20 to $0.30
Poydet: raises $0.60 to $0.90
Carmin212: calls $0.60
*** FLOP *** [7c 2d 9d]
Carmin212: bets $0.86
Poydet: raises $0.86 to $1.72
Carmin212: calls $0.86
*** TURN *** [7c 2d 9d] [Js]
Carmin212: bets $4.80 and is all-in
Poydet: calls $4.80
*** RIVER *** [7c 2d 9d Js] [4s]
*** SHOW DOWN ***
Carmin212: shows [2c Kc] (a pair of Deuces)
Poydet: shows [Ks Kd] (a pair of Kings)
Poydet collected $14.17 from pot
*** SUMMARY ***
Total pot $14.84 | Rake $0.67 
Board [7c 2d 9d Js 4s]
Seat 1: frank1n100 folded before Flop (didn't bet)
Seat 2: omnishakira folded before Flop (didn't bet)
Seat 3: G0oD.whZ* folded before Flop (didn't bet)
Seat 4: Corkeye folded before Flop (didn't bet)
Seat 5: Wallin280 folded before Flop (didn't bet)
Seat 6: master160971 (button) folded before Flop (didn't bet)
Seat 7: Carmin212 (small blind) showed [2c Kc] and lost with a pair of Deuces
Seat 8: Poydet (big blind) showed [Ks Kd] and won ($14.17) with a pair of Kings
Seat 9: Dorex2007 folded before Flop (didn't bet)



PokerStars Hand #237959016649:  Hold'em No Limit ($0.05/$0.10 USD) - 2022/08/12 22:48:01 PT [2022/08/13 1:48:01 ET]
Table 'Alemannia III' 9-max Seat #8 is the button
Seat 1: frank1n100 ($18.97 in chips) 
Seat 2: omnishakira ($13.56 in chips) 
Seat 3: G0oD.whZ* ($18.35 in chips) 
Seat 4: Corkeye ($10 in chips) 
Seat 5: Wallin280 ($15.26 in chips) 
Seat 6: master160971 ($8.61 in chips) 
Seat 8: Poydet ($24.37 in chips) 
Seat 9: Dorex2007 ($12.60 in chips) 
Dorex2007: posts small blind $0.05
frank1n100: posts big blind $0.10
*** HOLE CARDS ***
Dealt to Dorex2007 [Qd 8c]
omnishakira: folds 
G0oD.whZ*: folds 
Corkeye: folds 
Carmin212 leaves the table
Wallin280: folds 
master160971: raises $0.20 to $0.30
Poydet: folds 
Dorex2007: folds 
frank1n100: folds 
Uncalled bet ($0.20) returned to master160971
master160971 collected $0.25 from pot
master160971: doesn't show hand 
*** SUMMARY ***
Total pot $0.25 | Rake $0 
Seat 1: frank1n100 (big blind) folded before Flop
Seat 2: omnishakira folded before Flop (didn't bet)
Seat 3: G0oD.whZ* folded before Flop (didn't bet)
Seat 4: Corkeye folded before Flop (didn't bet)
Seat 5: Wallin280 folded before Flop (didn't bet)
Seat 6: master160971 collected ($0.25)
Seat 8: Poydet (button) folded before Flop (didn't bet)
Seat 9: Dorex2007 (small blind) folded before Flop



PokerStars Hand #237959019297:  Hold'em No Limit ($0.05/$0.10 USD) - 2022/08/12 22:48:24 PT [2022/08/13 1:48:24 ET]
Table 'Alemannia III' 9-max Seat #9 is the button
Seat 1: frank1n100 ($18.87 in chips) 
Seat 2: omnishakira ($13.56 in chips) 
Seat 3: G0oD.whZ* ($18.35 in chips) 
Seat 4: Corkeye ($10 in chips) 
Seat 5: Wallin280 ($15.26 in chips) 
Seat 6: master160971 ($8.76 in chips) 
Seat 8: Poydet ($24.37 in chips) 
Seat 9: Dorex2007 ($12.55 in chips) 
frank1n100: posts small blind $0.05
omnishakira: posts big blind $0.10
*** HOLE CARDS ***
Dealt to Dorex2007 [Kd Ts]
G0oD.whZ*: folds 
Corkeye: folds 
Wallin280: folds 
master160971: folds 
Poydet: folds 
Dorex2007: folds 
frank1n100: raises $0.15 to $0.25
omnishakira: folds 
Uncalled bet ($0.15) returned to frank1n100
frank1n100 collected $0.20 from pot
*** SUMMARY ***
Total pot $0.20 | Rake $0 
Seat 1: frank1n100 (small blind) collected ($0.20)
Seat 2: omnishakira (big blind) folded before Flop
Seat 3: G0oD.whZ* folded before Flop (didn't bet)
Seat 4: Corkeye folded before Flop (didn't bet)
Seat 5: Wallin280 folded before Flop (didn't bet)
Seat 6: master160971 folded before Flop (didn't bet)
Seat 8: Poydet folded before Flop (didn't bet)
Seat 9: Dorex2007 (button) folded before Flop (didn't bet)



PokerStars Hand #237959020787:  Hold'em No Limit ($0.05/$0.10 USD) - 2022/08/12 22:48:37 PT [2022/08/13 1:48:37 ET]
Table 'Alemannia III' 9-max Seat #1 is the button
Seat 1: frank1n100 ($18.97 in chips) 
Seat 2: omnishakira ($13.46 in chips) 
Seat 4: Corkeye ($10 in chips) 
Seat 5: Wallin280 ($15.26 in chips) 
Seat 6: master160971 ($8.76 in chips) 
Seat 8: Poydet ($24.37 in chips) 
Seat 9: Dorex2007 ($12.55 in chips) 
omnishakira: posts small blind $0.05
G0oD.whZ*: is sitting out 
Corkeye: posts big blind $0.10
*** HOLE CARDS ***
Dealt to Dorex2007 [3h Ts]
Wallin280: folds 
master160971: folds 
Poydet: folds 
G0oD.whZ* leaves the table
Dorex2007: folds 
frank1n100: raises $0.15 to $0.25
omnishakira: folds 
Corkeye: folds 
Uncalled bet ($0.15) returned to frank1n100
frank1n100 collected $0.25 from pot
*** SUMMARY ***
Total pot $0.25 | Rake $0 
Seat 1: frank1n100 (button) collected ($0.25)
Seat 2: omnishakira (small blind) folded before Flop
Seat 4: Corkeye (big blind) folded before Flop
Seat 5: Wallin280 folded before Flop (didn't bet)
Seat 6: master160971 folded before Flop (didn't bet)
Seat 8: Poydet folded before Flop (didn't bet)
Seat 9: Dorex2007 folded before Flop (didn't bet)



PokerStars Hand #237959022714:  Hold'em No Limit ($0.05/$0.10 USD) - 2022/08/12 22:48:54 PT [2022/08/13 1:48:54 ET]
Table 'Alemannia III' 9-max Seat #2 is the button
Seat 1: frank1n100 ($19.12 in chips) 
Seat 2: omnishakira ($13.41 in chips) 
Seat 4: Corkeye ($10 in chips) 
Seat 5: Wallin280 ($15.26 in chips) 
Seat 6: master160971 ($8.76 in chips) 
Seat 8: Poydet ($24.37 in chips) 
Seat 9: Dorex2007 ($12.55 in chips) 
Corkeye: posts small blind $0.05
Wallin280: posts big blind $0.10
*** HOLE CARDS ***
Dealt to Dorex2007 [9d Td]
master160971: folds 
Poydet: folds 
Dorex2007: calls $0.10
frank1n100: folds 
omnishakira: folds 
Corkeye: calls $0.05
Wallin280: checks 
*** FLOP *** [6s 8h As]
Corkeye: bets $0.10
Wallin280: calls $0.10
Dorex2007: calls $0.10
*** TURN *** [6s 8h As] [9c]
Corkeye: checks 
Wallin280: checks 
Dorex2007: checks 
*** RIVER *** [6s 8h As 9c] [8d]
Corkeye: checks 
Wallin280: checks 
Dorex2007: checks 
*** SHOW DOWN ***
Corkeye: shows [3h Ac] (two pair, Aces and Eights)
Wallin280: mucks hand 
Dorex2007: mucks hand 
Corkeye collected $0.57 from pot
*** SUMMARY ***
Total pot $0.60 | Rake $0.03 
Board [6s 8h As 9c 8d]
Seat 1: frank1n100 folded before Flop (didn't bet)
Seat 2: omnishakira (button) folded before Flop (didn't bet)
Seat 4: Corkeye (small blind) showed [3h Ac] and won ($0.57) with two pair, Aces and Eights
Seat 5: Wallin280 (big blind) mucked [5s 4c]
Seat 6: master160971 folded before Flop (didn't bet)
Seat 8: Poydet folded before Flop (didn't bet)
Seat 9: Dorex2007 mucked [9d Td]



PokerStars Hand #237959029101:  Hold'em No Limit ($0.05/$0.10 USD) - 2022/08/12 22:49:48 PT [2022/08/13 1:49:48 ET]
Table 'Alemannia III' 9-max Seat #4 is the button
Seat 1: frank1n100 ($19.12 in chips) 
Seat 2: omnishakira ($13.41 in chips) 
Seat 4: Corkeye ($10.37 in chips) 
Seat 5: Wallin280 ($15.06 in chips) 
Seat 6: master160971 ($8.76 in chips) 
Seat 8: Poydet ($24.37 in chips) 
Seat 9: Dorex2007 ($12.35 in chips) 
Wallin280: posts small blind $0.05
master160971: posts big blind $0.10
*** HOLE CARDS ***
Dealt to Dorex2007 [Qh 6d]
Poydet: folds 
Dorex2007: folds 
frank1n100: folds 
omnishakira: folds 
Corkeye: folds 
Wallin280: folds 
Uncalled bet ($0.05) returned to master160971
master160971 collected $0.10 from pot
*** SUMMARY ***
Total pot $0.10 | Rake $0 
Seat 1: frank1n100 folded before Flop (didn't bet)
Seat 2: omnishakira folded before Flop (didn't bet)
Seat 4: Corkeye (button) folded before Flop (didn't bet)
Seat 5: Wallin280 (small blind) folded before Flop
Seat 6: master160971 (big blind) collected ($0.10)
Seat 8: Poydet folded before Flop (didn't bet)
Seat 9: Dorex2007 folded before Flop (didn't bet)



PokerStars Hand #237959031020:  Hold'em No Limit ($0.05/$0.10 USD) - 2022/08/12 22:50:04 PT [2022/08/13 1:50:04 ET]
Table 'Alemannia III' 9-max Seat #5 is the button
Seat 1: frank1n100 ($19.12 in chips) 
Seat 2: omnishakira ($13.41 in chips) 
Seat 4: Corkeye ($10.37 in chips) 
Seat 5: Wallin280 ($15.01 in chips) 
Seat 6: master160971 ($8.81 in chips) 
Seat 8: Poydet ($24.37 in chips) 
Seat 9: Dorex2007 ($12.35 in chips) 
master160971: posts small blind $0.05
Poydet: posts big blind $0.10
*** HOLE CARDS ***
Dealt to Dorex2007 [Jh 5s]
Dorex2007: folds 
frank1n100: folds 
omnishakira: raises $0.12 to $0.22
Corkeye: folds 
Wallin280: folds 
master160971: folds 
Poydet: folds 
Uncalled bet ($0.12) returned to omnishakira
omnishakira collected $0.25 from pot
omnishakira: doesn't show hand 
*** SUMMARY ***
Total pot $0.25 | Rake $0 
Seat 1: frank1n100 folded before Flop (didn't bet)
Seat 2: omnishakira collected ($0.25)
Seat 4: Corkeye folded before Flop (didn't bet)
Seat 5: Wallin280 (button) folded before Flop (didn't bet)
Seat 6: master160971 (small blind) folded before Flop
Seat 8: Poydet (big blind) folded before Flop
Seat 9: Dorex2007 folded before Flop (didn't bet)



PokerStars Hand #237959032400:  Hold'em No Limit ($0.05/$0.10 USD) - 2022/08/12 22:50:16 PT [2022/08/13 1:50:16 ET]
Table 'Alemannia III' 9-max Seat #6 is the button
Seat 1: frank1n100 ($19.12 in chips) 
Seat 2: omnishakira ($13.56 in chips) 
Seat 4: Corkeye ($10.37 in chips) 
Seat 5: Wallin280 ($15.01 in chips) 
Seat 6: master160971 ($8.76 in chips) 
Seat 8: Poydet ($24.27 in chips) 
Seat 9: Dorex2007 ($12.35 in chips) 
Poydet: posts small blind $0.05
Dorex2007: posts big blind $0.10
*** HOLE CARDS ***
Dealt to Dorex2007 [6s Qd]
frank1n100: folds 
omnishakira: raises $0.12 to $0.22
Corkeye: folds 
Wallin280: folds 
master160971: raises $0.59 to $0.81
Poydet: folds 
Dorex2007: folds 
omnishakira: raises $1.31 to $2.12
master160971: calls $1.31
*** FLOP *** [Tc 4d Js]
omnishakira: checks 
master160971: checks 
*** TURN *** [Tc 4d Js] [Th]
omnishakira: bets $2.40
master160971: folds 
Uncalled bet ($2.40) returned to omnishakira
omnishakira collected $4.19 from pot
omnishakira: doesn't show hand 
*** SUMMARY ***
Total pot $4.39 | Rake $0.20 
Board [Tc 4d Js Th]
Seat 1: frank1n100 folded before Flop (didn't bet)
Seat 2: omnishakira collected ($4.19)
Seat 4: Corkeye folded before Flop (didn't bet)
Seat 5: Wallin280 folded before Flop (didn't bet)
Seat 6: master160971 (button) folded on the Turn
Seat 8: Poydet (small blind) folded before Flop
Seat 9: Dorex2007 (big blind) folded before Flop



PokerStars Hand #237959040113:  Hold'em No Limit ($0.05/$0.10 USD) - 2022/08/12 22:51:22 PT [2022/08/13 1:51:22 ET]
Table 'Alemannia III' 9-max Seat #8 is the button
Seat 1: frank1n100 ($19.12 in chips) 
Seat 2: omnishakira ($15.63 in chips) 
Seat 4: Corkeye ($10.37 in chips) 
Seat 5: Wallin280 ($15.01 in chips) 
Seat 6: master160971 ($6.64 in chips) 
Seat 8: Poydet ($24.22 in chips) 
Seat 9: Dorex2007 ($12.25 in chips) 
Dorex2007: posts small blind $0.05
frank1n100: posts big blind $0.10
*** HOLE CARDS ***
Dealt to Dorex2007 [8d Jc]
omnishakira: raises $0.12 to $0.22
Corkeye: folds 
Wallin280: calls $0.22
master160971: folds 
Poydet: folds 
Dorex2007: folds 
frank1n100: folds 
*** FLOP *** [Jh Js 5h]
omnishakira: bets $0.35
Wallin280: calls $0.35
*** TURN *** [Jh Js 5h] [Ah]
omnishakira: bets $0.80
Wallin280: calls $0.80
*** RIVER *** [Jh Js 5h Ah] [Ts]
omnishakira: bets $1.80
Wallin280: raises $11.84 to $13.64 and is all-in
omnishakira: calls $11.84
*** SHOW DOWN ***
Wallin280: shows [Td Th] (a full house, Tens full of Jacks)
omnishakira: shows [Jd Ad] (a full house, Jacks full of Aces)
omnishakira collected $28.81 from pot
*** SUMMARY ***
Total pot $30.17 | Rake $1.36 
Board [Jh Js 5h Ah Ts]
Seat 1: frank1n100 (big blind) folded before Flop
Seat 2: omnishakira showed [Jd Ad] and won ($28.81) with a full house, Jacks full of Aces
Seat 4: Corkeye folded before Flop (didn't bet)
Seat 5: Wallin280 showed [Td Th] and lost with a full house, Tens full of Jacks
Seat 6: master160971 folded before Flop (didn't bet)
Seat 8: Poydet (button) folded before Flop (didn't bet)
Seat 9: Dorex2007 (small blind) folded before Flop



PokerStars Hand #237959047137:  Hold'em No Limit ($0.05/$0.10 USD) - 2022/08/12 22:52:23 PT [2022/08/13 1:52:23 ET]
Table 'Alemannia III' 9-max Seat #9 is the button
Seat 1: frank1n100 ($19.02 in chips) 
Seat 2: omnishakira ($29.43 in chips) 
Seat 4: Corkeye ($10.37 in chips) 
Seat 6: master160971 ($6.64 in chips) 
Seat 8: Poydet ($24.22 in chips) 
Seat 9: Dorex2007 ($12.20 in chips) 
frank1n100: posts small blind $0.05
omnishakira: posts big blind $0.10
*** HOLE CARDS ***
Dealt to Dorex2007 [Tc Ks]
Corkeye: folds 
master160971: raises $0.10 to $0.20
Poydet: folds 
Dorex2007: calls $0.20
frank1n100: calls $0.15
omnishakira: folds 
*** FLOP *** [9c 5s 4h]
frank1n100: checks 
master160971: checks 
Dorex2007: checks 
*** TURN *** [9c 5s 4h] [7s]
frank1n100: checks 
master160971: bets $0.33
Dorex2007: folds 
frank1n100: folds 
Uncalled bet ($0.33) returned to master160971
master160971 collected $0.67 from pot
*** SUMMARY ***
Total pot $0.70 | Rake $0.03 
Board [9c 5s 4h 7s]
Seat 1: frank1n100 (small blind) folded on the Turn
Seat 2: omnishakira (big blind) folded before Flop
Seat 4: Corkeye folded before Flop (didn't bet)
Seat 6: master160971 collected ($0.67)
Seat 8: Poydet folded before Flop (didn't bet)
Seat 9: Dorex2007 (button) folded on the Turn



PokerStars Hand #237959051382:  Hold'em No Limit ($0.05/$0.10 USD) - 2022/08/12 22:52:59 PT [2022/08/13 1:52:59 ET]
Table 'Alemannia III' 9-max Seat #1 is the button
Seat 1: frank1n100 ($18.82 in chips) 
Seat 2: omnishakira ($29.33 in chips) 
Seat 4: Corkeye ($10.37 in chips) 
Seat 5: Wallin280 ($4 in chips) 
Seat 6: master160971 ($7.11 in chips) 
Seat 8: Poydet ($24.22 in chips) 
Seat 9: Dorex2007 ($12 in chips) 
omnishakira: posts small blind $0.05
Corkeye: posts big blind $0.10
*** HOLE CARDS ***
Dealt to Dorex2007 [Tc 6d]
Wallin280: folds 
master160971: folds 
Poydet: folds 
Dorex2007: folds 
frank1n100: folds 
omnishakira: folds 
Uncalled bet ($0.05) returned to Corkeye
Corkeye collected $0.10 from pot
Corkeye: doesn't show hand 
*** SUMMARY ***
Total pot $0.10 | Rake $0 
Seat 1: frank1n100 (button) folded before Flop (didn't bet)
Seat 2: omnishakira (small blind) folded before Flop
Seat 4: Corkeye (big blind) collected ($0.10)
Seat 5: Wallin280 folded before Flop (didn't bet)
Seat 6: master160971 folded before Flop (didn't bet)
Seat 8: Poydet folded before Flop (didn't bet)
Seat 9: Dorex2007 folded before Flop (didn't bet)



PokerStars Hand #237959053477:  Hold'em No Limit ($0.05/$0.10 USD) - 2022/08/12 22:53:17 PT [2022/08/13 1:53:17 ET]
Table 'Alemannia III' 9-max Seat #2 is the button
Seat 1: frank1n100 ($18.82 in chips) 
Seat 2: omnishakira ($29.28 in chips) 
Seat 4: Corkeye ($10.42 in chips) 
Seat 5: Wallin280 ($4 in chips) 
Seat 6: master160971 ($7.11 in chips) 
Seat 8: Poydet ($24.22 in chips) 
Seat 9: Dorex2007 ($12 in chips) 
Corkeye: posts small blind $0.05
Wallin280: posts big blind $0.10
*** HOLE CARDS ***
Dealt to Dorex2007 [Qh Qc]
master160971: folds 
Poydet: folds 
Dorex2007: raises $0.30 to $0.40
frank1n100: folds 
omnishakira: folds 
Corkeye: folds 
Wallin280: folds 
Uncalled bet ($0.30) returned to Dorex2007
Dorex2007 collected $0.25 from pot
Dorex2007: doesn't show hand 
*** SUMMARY ***
Total pot $0.25 | Rake $0 
Seat 1: frank1n100 folded before Flop (didn't bet)
Seat 2: omnishakira (button) folded before Flop (didn't bet)
Seat 4: Corkeye (small blind) folded before Flop
Seat 5: Wallin280 (big blind) folded before Flop
Seat 6: master160971 folded before Flop (didn't bet)
Seat 8: Poydet folded before Flop (didn't bet)
Seat 9: Dorex2007 collected ($0.25)



PokerStars Hand #237959057647:  Hold'em No Limit ($0.05/$0.10 USD) - 2022/08/12 22:53:53 PT [2022/08/13 1:53:53 ET]
Table 'Alemannia III' 9-max Seat #4 is the button
Seat 1: frank1n100 ($18.82 in chips) 
Seat 2: omnishakira ($29.28 in chips) 
Seat 4: Corkeye ($10.37 in chips) 
Seat 5: Wallin280 ($3.90 in chips) 
Seat 6: master160971 ($7.11 in chips) 
Seat 8: Poydet ($24.22 in chips) 
Seat 9: Dorex2007 ($12.15 in chips) 
Wallin280: posts small blind $0.05
master160971: posts big blind $0.10
*** HOLE CARDS ***
Dealt to Dorex2007 [Kd 9c]
Poydet has timed out
Poydet: folds 
Dorex2007: folds 
frank1n100: folds 
omnishakira: raises $0.12 to $0.22
Corkeye: folds 
Wallin280: calls $0.17
master160971: calls $0.12
*** FLOP *** [Qh 9h 2s]
Wallin280: checks 
master160971: checks 
omnishakira: bets $0.40
Wallin280: folds 
master160971: calls $0.40
*** TURN *** [Qh 9h 2s] [3c]
master160971: checks 
omnishakira: bets $0.90
master160971: calls $0.90
*** RIVER *** [Qh 9h 2s 3c] [7d]
master160971: checks 
omnishakira: checks 
*** SHOW DOWN ***
master160971: shows [Th Jc] (high card Queen)
omnishakira: shows [Qd Ts] (a pair of Queens)
omnishakira collected $3.11 from pot
*** SUMMARY ***
Total pot $3.26 | Rake $0.15 
Board [Qh 9h 2s 3c 7d]
Seat 1: frank1n100 folded before Flop (didn't bet)
Seat 2: omnishakira showed [Qd Ts] and won ($3.11) with a pair of Queens
Seat 4: Corkeye (button) folded before Flop (didn't bet)
Seat 5: Wallin280 (small blind) folded on the Flop
Seat 6: master160971 (big blind) showed [Th Jc] and lost with high card Queen
Seat 8: Poydet folded before Flop (didn't bet)
Seat 9: Dorex2007 folded before Flop (didn't bet)



PokerStars Hand #237959066973:  Hold'em No Limit ($0.05/$0.10 USD) - 2022/08/12 22:55:16 PT [2022/08/13 1:55:16 ET]
Table 'Alemannia III' 9-max Seat #5 is the button
Seat 1: frank1n100 ($18.82 in chips) 
Seat 2: omnishakira ($30.87 in chips) 
Seat 4: Corkeye ($10.37 in chips) 
Seat 5: Wallin280 ($3.68 in chips) 
Seat 6: master160971 ($5.59 in chips) 
Seat 9: Dorex2007 ($12.15 in chips) 
master160971: posts small blind $0.05
Poydet: is sitting out 
Poydet leaves the table
Dorex2007: posts big blind $0.10
*** HOLE CARDS ***
Dealt to Dorex2007 [7h 4h]
frank1n100: folds 
omnishakira: folds 
omnishakira leaves the table
Corkeye: folds 
Wallin280: folds 
master160971: raises $0.10 to $0.20
Dorex2007: folds 
Uncalled bet ($0.10) returned to master160971
master160971 collected $0.20 from pot
Wallin280 leaves the table
*** SUMMARY ***
Total pot $0.20 | Rake $0 
Seat 1: frank1n100 folded before Flop (didn't bet)
Seat 2: omnishakira folded before Flop (didn't bet)
Seat 4: Corkeye folded before Flop (didn't bet)
Seat 5: Wallin280 (button) folded before Flop (didn't bet)
Seat 6: master160971 (small blind) collected ($0.20)
Seat 9: Dorex2007 (big blind) folded before Flop



PokerStars Hand #237959069378:  Hold'em No Limit ($0.05/$0.10 USD) - 2022/08/12 22:55:39 PT [2022/08/13 1:55:39 ET]
Table 'Alemannia III' 9-max Seat #6 is the button
Seat 1: frank1n100 ($18.82 in chips) 
Seat 4: Corkeye ($10.37 in chips) 
Seat 6: master160971 ($5.69 in chips) 
Seat 9: Dorex2007 ($12.05 in chips) 
Dorex2007: posts small blind $0.05
frank1n100: posts big blind $0.10
*** HOLE CARDS ***
Dealt to Dorex2007 [Ac 6c]
Corkeye: folds 
master160971: folds 
Dorex2007: raises $0.10 to $0.20
frank1n100: folds 
Uncalled bet ($0.10) returned to Dorex2007
Dorex2007 collected $0.20 from pot
Dorex2007: doesn't show hand 
*** SUMMARY ***
Total pot $0.20 | Rake $0 
Seat 1: frank1n100 (big blind) folded before Flop
Seat 4: Corkeye folded before Flop (didn't bet)
Seat 6: master160971 (button) folded before Flop (didn't bet)
Seat 9: Dorex2007 (small blind) collected ($0.20)



PokerStars Hand #237959070479:  Hold'em No Limit ($0.05/$0.10 USD) - 2022/08/12 22:55:50 PT [2022/08/13 1:55:50 ET]
Table 'Alemannia III' 9-max Seat #9 is the button
Seat 1: frank1n100 ($18.72 in chips) 
Seat 4: Corkeye ($10.37 in chips) 
Seat 6: master160971 ($5.69 in chips) 
Seat 9: Dorex2007 ($12.15 in chips) 
frank1n100: posts small blind $0.05
Corkeye: posts big blind $0.10
*** HOLE CARDS ***
Dealt to Dorex2007 [Kh Qs]
master160971: folds 
Dorex2007: calls $0.10
frank1n100: folds 
Corkeye: checks 
*** FLOP *** [Kc 8s 5h]
Corkeye: checks 
Dorex2007: bets $0.16
Corkeye: folds 
Uncalled bet ($0.16) returned to Dorex2007
Dorex2007 collected $0.24 from pot
Dorex2007: doesn't show hand 
*** SUMMARY ***
Total pot $0.25 | Rake $0.01 
Board [Kc 8s 5h]
Seat 1: frank1n100 (small blind) folded before Flop
Seat 4: Corkeye (big blind) folded on the Flop
Seat 6: master160971 folded before Flop (didn't bet)
Seat 9: Dorex2007 (button) collected ($0.24)



