PokerStars Hand #234409819087:  Hold'em No Limit ($0.01/$0.02 USD) - 2022/02/26 15:19:49 PT [2022/02/26 18:19:49 ET]
Table 'Ingeborg' 9-max Seat #1 is the button
Seat 1: sergeyl01 ($0.97 in chips) 
Seat 2: Gust4v0_7 ($1.25 in chips) 
Seat 3: ThePeterPuck ($1.60 in chips) 
Seat 4: turnburgler ($1.96 in chips) 
Seat 5: zheka156 ($9.92 in chips) 
Seat 6: Tyche Tea ($2 in chips) 
Seat 8: cberto09 ($2.18 in chips) 
Seat 9: Dorex2007 ($2 in chips) 
Gust4v0_7: posts small blind $0.01
ThePeterPuck: posts big blind $0.02
Tyche Tea: posts big blind $0.02
realmadrid18win: sits out 
Dorex2007: posts big blind $0.02
*** HOLE CARDS ***
Dealt to Dorex2007 [Ad 3d]
turnburgler: folds 
zheka156: raises $0.08 to $0.10
Tyche Tea: folds 
cberto09: calls $0.10
Dorex2007: folds 
sergeyl01: folds 
Gust4v0_7: folds 
ThePeterPuck: folds 
*** FLOP *** [Th 6h 4h]
zheka156: checks 
cberto09: bets $0.08
zheka156: calls $0.08
*** TURN *** [Th 6h 4h] [7s]
zheka156: checks 
cberto09: bets $0.12
zheka156: folds 
Uncalled bet ($0.12) returned to cberto09
cberto09 collected $0.41 from pot
cberto09: doesn't show hand 
*** SUMMARY ***
Total pot $0.43 | Rake $0.02 
Board [Th 6h 4h 7s]
Seat 1: sergeyl01 (button) folded before Flop (didn't bet)
Seat 2: Gust4v0_7 (small blind) folded before Flop
Seat 3: ThePeterPuck (big blind) folded before Flop
Seat 4: turnburgler folded before Flop (didn't bet)
Seat 5: zheka156 folded on the Turn
Seat 6: Tyche Tea folded before Flop (didn't bet)
Seat 8: cberto09 collected ($0.41)
Seat 9: Dorex2007 folded before Flop (didn't bet)



PokerStars Hand #234409844067:  Hold'em No Limit ($0.01/$0.02 USD) - 2022/02/26 15:20:54 PT [2022/02/26 18:20:54 ET]
Table 'Ingeborg' 9-max Seat #2 is the button
Seat 1: sergeyl01 ($0.97 in chips) 
Seat 2: Gust4v0_7 ($1.24 in chips) 
Seat 3: ThePeterPuck ($1.58 in chips) 
Seat 4: turnburgler ($1.96 in chips) 
Seat 5: zheka156 ($9.74 in chips) 
Seat 6: Tyche Tea ($1.98 in chips) 
Seat 8: cberto09 ($2.41 in chips) 
Seat 9: Dorex2007 ($2 in chips) 
ThePeterPuck: posts small blind $0.01
turnburgler: posts big blind $0.02
realmadrid18win: sits out 
*** HOLE CARDS ***
Dealt to Dorex2007 [9s 5s]
zheka156: folds 
Tyche Tea: folds 
cberto09: folds 
Dorex2007: folds 
sergeyl01: folds 
Gust4v0_7: folds 
ThePeterPuck: folds 
Uncalled bet ($0.01) returned to turnburgler
turnburgler collected $0.02 from pot
turnburgler: doesn't show hand 
*** SUMMARY ***
Total pot $0.02 | Rake $0 
Seat 1: sergeyl01 folded before Flop (didn't bet)
Seat 2: Gust4v0_7 (button) folded before Flop (didn't bet)
Seat 3: ThePeterPuck (small blind) folded before Flop
Seat 4: turnburgler (big blind) collected ($0.02)
Seat 5: zheka156 folded before Flop (didn't bet)
Seat 6: Tyche Tea folded before Flop (didn't bet)
Seat 8: cberto09 folded before Flop (didn't bet)
Seat 9: Dorex2007 folded before Flop (didn't bet)



PokerStars Hand #234409852159:  Hold'em No Limit ($0.01/$0.02 USD) - 2022/02/26 15:21:15 PT [2022/02/26 18:21:15 ET]
Table 'Ingeborg' 9-max Seat #3 is the button
Seat 1: sergeyl01 ($0.97 in chips) 
Seat 2: Gust4v0_7 ($1.24 in chips) 
Seat 3: ThePeterPuck ($1.57 in chips) 
Seat 4: turnburgler ($1.97 in chips) 
Seat 5: zheka156 ($9.74 in chips) 
Seat 6: Tyche Tea ($1.98 in chips) 
Seat 8: cberto09 ($2.41 in chips) 
Seat 9: Dorex2007 ($2 in chips) 
turnburgler: posts small blind $0.01
zheka156: posts big blind $0.02
realmadrid18win: sits out 
*** HOLE CARDS ***
Dealt to Dorex2007 [Qd 8d]
Tyche Tea: folds 
cberto09: folds 
Dorex2007: folds 
sergeyl01: folds 
Gust4v0_7: calls $0.02
ThePeterPuck: folds 
turnburgler: raises $0.04 to $0.06
zheka156: folds 
Gust4v0_7: calls $0.04
*** FLOP *** [2s 8h 5s]
turnburgler: bets $0.05
Gust4v0_7: calls $0.05
*** TURN *** [2s 8h 5s] [Td]
turnburgler: bets $0.15
Gust4v0_7: folds 
Uncalled bet ($0.15) returned to turnburgler
turnburgler collected $0.23 from pot
turnburgler: doesn't show hand 
*** SUMMARY ***
Total pot $0.24 | Rake $0.01 
Board [2s 8h 5s Td]
Seat 1: sergeyl01 folded before Flop (didn't bet)
Seat 2: Gust4v0_7 folded on the Turn
Seat 3: ThePeterPuck (button) folded before Flop (didn't bet)
Seat 4: turnburgler (small blind) collected ($0.23)
Seat 5: zheka156 (big blind) folded before Flop
Seat 6: Tyche Tea folded before Flop (didn't bet)
Seat 8: cberto09 folded before Flop (didn't bet)
Seat 9: Dorex2007 folded before Flop (didn't bet)



PokerStars Hand #234409867336:  Hold'em No Limit ($0.01/$0.02 USD) - 2022/02/26 15:21:54 PT [2022/02/26 18:21:54 ET]
Table 'Ingeborg' 9-max Seat #4 is the button
Seat 1: sergeyl01 ($0.97 in chips) 
Seat 2: Gust4v0_7 ($1.13 in chips) 
Seat 3: ThePeterPuck ($1.57 in chips) 
Seat 4: turnburgler ($2.09 in chips) 
Seat 5: zheka156 ($9.72 in chips) 
Seat 6: Tyche Tea ($1.98 in chips) 
Seat 8: cberto09 ($2.41 in chips) 
Seat 9: Dorex2007 ($2 in chips) 
zheka156: posts small blind $0.01
Tyche Tea: posts big blind $0.02
realmadrid18win: sits out 
*** HOLE CARDS ***
Dealt to Dorex2007 [Js 5c]
cberto09: folds 
Dorex2007: folds 
sergeyl01: folds 
Gust4v0_7: calls $0.02
ThePeterPuck: folds 
turnburgler: raises $0.06 to $0.08
zheka156: folds 
Tyche Tea: folds 
Gust4v0_7: calls $0.06
*** FLOP *** [9c 6d 9h]
Gust4v0_7: checks 
turnburgler: checks 
*** TURN *** [9c 6d 9h] [4h]
Gust4v0_7: bets $0.09
turnburgler: raises $0.15 to $0.24
Gust4v0_7: folds 
Uncalled bet ($0.15) returned to turnburgler
turnburgler collected $0.36 from pot
turnburgler: doesn't show hand 
*** SUMMARY ***
Total pot $0.37 | Rake $0.01 
Board [9c 6d 9h 4h]
Seat 1: sergeyl01 folded before Flop (didn't bet)
Seat 2: Gust4v0_7 folded on the Turn
Seat 3: ThePeterPuck folded before Flop (didn't bet)
Seat 4: turnburgler (button) collected ($0.36)
Seat 5: zheka156 (small blind) folded before Flop
Seat 6: Tyche Tea (big blind) folded before Flop
Seat 8: cberto09 folded before Flop (didn't bet)
Seat 9: Dorex2007 folded before Flop (didn't bet)



PokerStars Hand #234409886731:  Hold'em No Limit ($0.01/$0.02 USD) - 2022/02/26 15:22:45 PT [2022/02/26 18:22:45 ET]
Table 'Ingeborg' 9-max Seat #5 is the button
Seat 1: sergeyl01 ($0.97 in chips) 
Seat 2: Gust4v0_7 ($0.96 in chips) 
Seat 3: ThePeterPuck ($1.57 in chips) 
Seat 4: turnburgler ($2.28 in chips) 
Seat 5: zheka156 ($9.71 in chips) 
Seat 6: Tyche Tea ($1.96 in chips) 
Seat 7: realmadrid18win ($0.80 in chips) 
Seat 8: cberto09 ($2.41 in chips) 
Seat 9: Dorex2007 ($2 in chips) 
Tyche Tea: posts small blind $0.01
realmadrid18win: posts big blind $0.02
*** HOLE CARDS ***
Dealt to Dorex2007 [Qh 2d]
cberto09: folds 
Dorex2007: folds 
sergeyl01: folds 
Gust4v0_7: calls $0.02
ThePeterPuck: calls $0.02
turnburgler: folds 
zheka156: folds 
Tyche Tea: calls $0.01
realmadrid18win: checks 
*** FLOP *** [5c 4s 4c]
Tyche Tea: checks 
realmadrid18win: checks 
Gust4v0_7: checks 
ThePeterPuck: checks 
*** TURN *** [5c 4s 4c] [Jd]
Tyche Tea: checks 
realmadrid18win: checks 
Gust4v0_7: checks 
ThePeterPuck: checks 
*** RIVER *** [5c 4s 4c Jd] [5s]
Tyche Tea: checks 
realmadrid18win: checks 
Gust4v0_7: bets $0.04
ThePeterPuck: calls $0.04
Tyche Tea: folds 
realmadrid18win: folds 
*** SHOW DOWN ***
Gust4v0_7: shows [Kd Ah] (two pair, Fives and Fours)
ThePeterPuck: shows [Kc Ks] (two pair, Kings and Fives)
ThePeterPuck collected $0.15 from pot
*** SUMMARY ***
Total pot $0.16 | Rake $0.01 
Board [5c 4s 4c Jd 5s]
Seat 1: sergeyl01 folded before Flop (didn't bet)
Seat 2: Gust4v0_7 showed [Kd Ah] and lost with two pair, Fives and Fours
Seat 3: ThePeterPuck showed [Kc Ks] and won ($0.15) with two pair, Kings and Fives
Seat 4: turnburgler folded before Flop (didn't bet)
Seat 5: zheka156 (button) folded before Flop (didn't bet)
Seat 6: Tyche Tea (small blind) folded on the River
Seat 7: realmadrid18win (big blind) folded on the River
Seat 8: cberto09 folded before Flop (didn't bet)
Seat 9: Dorex2007 folded before Flop (didn't bet)



PokerStars Hand #234409916560:  Hold'em No Limit ($0.01/$0.02 USD) - 2022/02/26 15:23:51 PT [2022/02/26 18:23:51 ET]
Table 'Ingeborg' 9-max Seat #6 is the button
Seat 1: sergeyl01 ($0.97 in chips) 
Seat 2: Gust4v0_7 ($0.90 in chips) 
Seat 3: ThePeterPuck ($1.66 in chips) 
Seat 4: turnburgler ($2.28 in chips) 
Seat 5: zheka156 ($9.71 in chips) 
Seat 6: Tyche Tea ($1.94 in chips) 
Seat 7: realmadrid18win ($0.78 in chips) 
Seat 8: cberto09 ($2.41 in chips) 
Seat 9: Dorex2007 ($2 in chips) 
realmadrid18win: posts small blind $0.01
cberto09: posts big blind $0.02
*** HOLE CARDS ***
Dealt to Dorex2007 [4d Qh]
Dorex2007: folds 
sergeyl01: folds 
Gust4v0_7: folds 
ThePeterPuck: calls $0.02
turnburgler: folds 
zheka156: folds 
Tyche Tea: folds 
realmadrid18win: folds 
cberto09: checks 
*** FLOP *** [7d 8d 3s]
cberto09: checks 
ThePeterPuck: checks 
*** TURN *** [7d 8d 3s] [4c]
cberto09: checks 
ThePeterPuck: checks 
*** RIVER *** [7d 8d 3s 4c] [As]
cberto09: checks 
ThePeterPuck: bets $0.02
cberto09: folds 
Uncalled bet ($0.02) returned to ThePeterPuck
ThePeterPuck collected $0.05 from pot
ThePeterPuck: doesn't show hand 
*** SUMMARY ***
Total pot $0.05 | Rake $0 
Board [7d 8d 3s 4c As]
Seat 1: sergeyl01 folded before Flop (didn't bet)
Seat 2: Gust4v0_7 folded before Flop (didn't bet)
Seat 3: ThePeterPuck collected ($0.05)
Seat 4: turnburgler folded before Flop (didn't bet)
Seat 5: zheka156 folded before Flop (didn't bet)
Seat 6: Tyche Tea (button) folded before Flop (didn't bet)
Seat 7: realmadrid18win (small blind) folded before Flop
Seat 8: cberto09 (big blind) folded on the River
Seat 9: Dorex2007 folded before Flop (didn't bet)



PokerStars Hand #234409938245:  Hold'em No Limit ($0.01/$0.02 USD) - 2022/02/26 15:24:48 PT [2022/02/26 18:24:48 ET]
Table 'Ingeborg' 9-max Seat #7 is the button
Seat 1: sergeyl01 ($0.97 in chips) 
Seat 2: Gust4v0_7 ($0.90 in chips) 
Seat 3: ThePeterPuck ($1.69 in chips) 
Seat 4: turnburgler ($2.28 in chips) 
Seat 5: zheka156 ($9.71 in chips) 
Seat 6: Tyche Tea ($1.94 in chips) 
Seat 7: realmadrid18win ($0.77 in chips) 
Seat 8: cberto09 ($2.39 in chips) 
Seat 9: Dorex2007 ($2 in chips) 
cberto09: posts small blind $0.01
Dorex2007: posts big blind $0.02
*** HOLE CARDS ***
Dealt to Dorex2007 [Qd Ad]
sergeyl01: folds 
Gust4v0_7: folds 
ThePeterPuck: folds 
turnburgler: calls $0.02
zheka156: folds 
Tyche Tea: folds 
realmadrid18win: calls $0.02
cberto09: calls $0.01
Dorex2007: raises $0.12 to $0.14
turnburgler: folds 
realmadrid18win: folds 
cberto09: folds 
Uncalled bet ($0.12) returned to Dorex2007
Dorex2007 collected $0.08 from pot
Dorex2007: doesn't show hand 
*** SUMMARY ***
Total pot $0.08 | Rake $0 
Seat 1: sergeyl01 folded before Flop (didn't bet)
Seat 2: Gust4v0_7 folded before Flop (didn't bet)
Seat 3: ThePeterPuck folded before Flop (didn't bet)
Seat 4: turnburgler folded before Flop
Seat 5: zheka156 folded before Flop (didn't bet)
Seat 6: Tyche Tea folded before Flop (didn't bet)
Seat 7: realmadrid18win (button) folded before Flop
Seat 8: cberto09 (small blind) folded before Flop
Seat 9: Dorex2007 (big blind) collected ($0.08)



PokerStars Hand #234409963088:  Hold'em No Limit ($0.01/$0.02 USD) - 2022/02/26 15:25:32 PT [2022/02/26 18:25:32 ET]
Table 'Ingeborg' 9-max Seat #8 is the button
Seat 1: sergeyl01 ($0.97 in chips) 
Seat 2: Gust4v0_7 ($0.90 in chips) 
Seat 3: ThePeterPuck ($1.69 in chips) 
Seat 4: turnburgler ($2.26 in chips) 
Seat 5: zheka156 ($9.71 in chips) 
Seat 6: Tyche Tea ($1.94 in chips) 
Seat 7: realmadrid18win ($0.75 in chips) 
Seat 8: cberto09 ($2.37 in chips) 
Seat 9: Dorex2007 ($2.06 in chips) 
Dorex2007: posts small blind $0.01
sergeyl01: posts big blind $0.02
*** HOLE CARDS ***
Dealt to Dorex2007 [7d 3d]
Gust4v0_7: folds 
ThePeterPuck: folds 
turnburgler: raises $0.02 to $0.04
zheka156: raises $0.08 to $0.12
Tyche Tea: folds 
realmadrid18win: folds 
cberto09: folds 
Dorex2007: folds 
sergeyl01: folds 
turnburgler: calls $0.08
*** FLOP *** [Qs 8c 5d]
turnburgler: bets $0.13
zheka156: calls $0.13
*** TURN *** [Qs 8c 5d] [8h]
turnburgler: bets $0.37
zheka156: folds 
Uncalled bet ($0.37) returned to turnburgler
turnburgler collected $0.51 from pot
turnburgler: doesn't show hand 
*** SUMMARY ***
Total pot $0.53 | Rake $0.02 
Board [Qs 8c 5d 8h]
Seat 1: sergeyl01 (big blind) folded before Flop
Seat 2: Gust4v0_7 folded before Flop (didn't bet)
Seat 3: ThePeterPuck folded before Flop (didn't bet)
Seat 4: turnburgler collected ($0.51)
Seat 5: zheka156 folded on the Turn
Seat 6: Tyche Tea folded before Flop (didn't bet)
Seat 7: realmadrid18win folded before Flop (didn't bet)
Seat 8: cberto09 (button) folded before Flop (didn't bet)
Seat 9: Dorex2007 (small blind) folded before Flop



PokerStars Hand #234409983180:  Hold'em No Limit ($0.01/$0.02 USD) - 2022/02/26 15:26:24 PT [2022/02/26 18:26:24 ET]
Table 'Ingeborg' 9-max Seat #9 is the button
Seat 1: sergeyl01 ($0.95 in chips) 
Seat 2: Gust4v0_7 ($0.90 in chips) 
Seat 3: ThePeterPuck ($1.69 in chips) 
Seat 4: turnburgler ($2.52 in chips) 
Seat 5: zheka156 ($9.46 in chips) 
Seat 6: Tyche Tea ($1.94 in chips) 
Seat 7: realmadrid18win ($0.75 in chips) 
Seat 8: cberto09 ($2.37 in chips) 
Seat 9: Dorex2007 ($2.05 in chips) 
sergeyl01: posts small blind $0.01
Gust4v0_7: posts big blind $0.02
*** HOLE CARDS ***
Dealt to Dorex2007 [4h 9c]
ThePeterPuck: folds 
turnburgler: folds 
zheka156: folds 
Tyche Tea: folds 
realmadrid18win: folds 
cberto09: folds 
Dorex2007: folds 
sergeyl01: folds 
Uncalled bet ($0.01) returned to Gust4v0_7
Gust4v0_7 collected $0.02 from pot
Gust4v0_7: doesn't show hand 
*** SUMMARY ***
Total pot $0.02 | Rake $0 
Seat 1: sergeyl01 (small blind) folded before Flop
Seat 2: Gust4v0_7 (big blind) collected ($0.02)
Seat 3: ThePeterPuck folded before Flop (didn't bet)
Seat 4: turnburgler folded before Flop (didn't bet)
Seat 5: zheka156 folded before Flop (didn't bet)
Seat 6: Tyche Tea folded before Flop (didn't bet)
Seat 7: realmadrid18win folded before Flop (didn't bet)
Seat 8: cberto09 folded before Flop (didn't bet)
Seat 9: Dorex2007 (button) folded before Flop (didn't bet)



PokerStars Hand #234409989794:  Hold'em No Limit ($0.01/$0.02 USD) - 2022/02/26 15:26:41 PT [2022/02/26 18:26:41 ET]
Table 'Ingeborg' 9-max Seat #1 is the button
Seat 1: sergeyl01 ($0.94 in chips) 
Seat 2: Gust4v0_7 ($0.91 in chips) 
Seat 3: ThePeterPuck ($1.69 in chips) 
Seat 4: turnburgler ($2.52 in chips) 
Seat 5: zheka156 ($9.46 in chips) 
Seat 6: Tyche Tea ($1.94 in chips) 
Seat 7: realmadrid18win ($0.75 in chips) 
Seat 8: cberto09 ($2.37 in chips) 
Seat 9: Dorex2007 ($2.05 in chips) 
Gust4v0_7: posts small blind $0.01
ThePeterPuck: posts big blind $0.02
*** HOLE CARDS ***
Dealt to Dorex2007 [4h 8s]
turnburgler: folds 
zheka156: folds 
Tyche Tea: folds 
realmadrid18win: folds 
cberto09: folds 
Dorex2007: folds 
sergeyl01: raises $0.02 to $0.04
Gust4v0_7: folds 
ThePeterPuck: folds 
Uncalled bet ($0.02) returned to sergeyl01
sergeyl01 collected $0.05 from pot
*** SUMMARY ***
Total pot $0.05 | Rake $0 
Seat 1: sergeyl01 (button) collected ($0.05)
Seat 2: Gust4v0_7 (small blind) folded before Flop
Seat 3: ThePeterPuck (big blind) folded before Flop
Seat 4: turnburgler folded before Flop (didn't bet)
Seat 5: zheka156 folded before Flop (didn't bet)
Seat 6: Tyche Tea folded before Flop (didn't bet)
Seat 7: realmadrid18win folded before Flop (didn't bet)
Seat 8: cberto09 folded before Flop (didn't bet)
Seat 9: Dorex2007 folded before Flop (didn't bet)



PokerStars Hand #234409998241:  Hold'em No Limit ($0.01/$0.02 USD) - 2022/02/26 15:27:04 PT [2022/02/26 18:27:04 ET]
Table 'Ingeborg' 9-max Seat #2 is the button
Seat 1: sergeyl01 ($0.97 in chips) 
Seat 2: Gust4v0_7 ($0.90 in chips) 
Seat 3: ThePeterPuck ($1.67 in chips) 
Seat 4: turnburgler ($2.52 in chips) 
Seat 5: zheka156 ($9.46 in chips) 
Seat 6: Tyche Tea ($1.94 in chips) 
Seat 7: realmadrid18win ($0.75 in chips) 
Seat 8: cberto09 ($2.37 in chips) 
Seat 9: Dorex2007 ($2.05 in chips) 
ThePeterPuck: posts small blind $0.01
turnburgler: posts big blind $0.02
*** HOLE CARDS ***
Dealt to Dorex2007 [6h Kc]
zheka156: raises $0.04 to $0.06
Tyche Tea: folds 
realmadrid18win: folds 
cberto09: folds 
Dorex2007: folds 
sergeyl01: folds 
Gust4v0_7: calls $0.06
ThePeterPuck: folds 
turnburgler: calls $0.04
*** FLOP *** [3d 6c 2c]
turnburgler: bets $0.12
zheka156: calls $0.12
Gust4v0_7: folds 
*** TURN *** [3d 6c 2c] [4s]
turnburgler: bets $0.41
zheka156: raises $0.98 to $1.39
turnburgler: folds 
Uncalled bet ($0.98) returned to zheka156
zheka156 collected $1.21 from pot
*** SUMMARY ***
Total pot $1.25 | Rake $0.04 
Board [3d 6c 2c 4s]
Seat 1: sergeyl01 folded before Flop (didn't bet)
Seat 2: Gust4v0_7 (button) folded on the Flop
Seat 3: ThePeterPuck (small blind) folded before Flop
Seat 4: turnburgler (big blind) folded on the Turn
Seat 5: zheka156 collected ($1.21)
Seat 6: Tyche Tea folded before Flop (didn't bet)
Seat 7: realmadrid18win folded before Flop (didn't bet)
Seat 8: cberto09 folded before Flop (didn't bet)
Seat 9: Dorex2007 folded before Flop (didn't bet)



PokerStars Hand #234410022247:  Hold'em No Limit ($0.01/$0.02 USD) - 2022/02/26 15:28:07 PT [2022/02/26 18:28:07 ET]
Table 'Ingeborg' 9-max Seat #3 is the button
Seat 1: sergeyl01 ($0.97 in chips) 
Seat 2: Gust4v0_7 ($0.84 in chips) 
Seat 3: ThePeterPuck ($1.66 in chips) 
Seat 4: turnburgler ($1.93 in chips) 
Seat 5: zheka156 ($10.08 in chips) 
Seat 6: Tyche Tea ($1.94 in chips) 
Seat 7: realmadrid18win ($0.75 in chips) 
Seat 8: cberto09 ($2.37 in chips) 
Seat 9: Dorex2007 ($2.05 in chips) 
turnburgler: posts small blind $0.01
zheka156: posts big blind $0.02
*** HOLE CARDS ***
Dealt to Dorex2007 [8h 9s]
Tyche Tea: folds 
realmadrid18win: folds 
cberto09: folds 
Dorex2007: folds 
sergeyl01: calls $0.02
Gust4v0_7: calls $0.02
ThePeterPuck: folds 
turnburgler: folds 
zheka156: checks 
*** FLOP *** [5s 3h Jd]
zheka156: checks 
sergeyl01: bets $0.02
Gust4v0_7: folds 
zheka156: calls $0.02
*** TURN *** [5s 3h Jd] [Ad]
zheka156: checks 
sergeyl01: checks 
*** RIVER *** [5s 3h Jd Ad] [Jh]
zheka156: checks 
sergeyl01: checks 
*** SHOW DOWN ***
zheka156: shows [8c 4h] (a pair of Jacks)
sergeyl01: shows [7c 7s] (two pair, Jacks and Sevens)
sergeyl01 collected $0.11 from pot
*** SUMMARY ***
Total pot $0.11 | Rake $0 
Board [5s 3h Jd Ad Jh]
Seat 1: sergeyl01 showed [7c 7s] and won ($0.11) with two pair, Jacks and Sevens
Seat 2: Gust4v0_7 folded on the Flop
Seat 3: ThePeterPuck (button) folded before Flop (didn't bet)
Seat 4: turnburgler (small blind) folded before Flop
Seat 5: zheka156 (big blind) showed [8c 4h] and lost with a pair of Jacks
Seat 6: Tyche Tea folded before Flop (didn't bet)
Seat 7: realmadrid18win folded before Flop (didn't bet)
Seat 8: cberto09 folded before Flop (didn't bet)
Seat 9: Dorex2007 folded before Flop (didn't bet)



PokerStars Hand #234410035688:  Hold'em No Limit ($0.01/$0.02 USD) - 2022/02/26 15:28:43 PT [2022/02/26 18:28:43 ET]
Table 'Ingeborg' 9-max Seat #4 is the button
Seat 1: sergeyl01 ($1.04 in chips) 
Seat 2: Gust4v0_7 ($0.82 in chips) 
Seat 3: ThePeterPuck ($1.66 in chips) 
Seat 4: turnburgler ($2 in chips) 
Seat 5: zheka156 ($10.04 in chips) 
Seat 6: Tyche Tea ($1.94 in chips) 
Seat 7: realmadrid18win ($0.75 in chips) 
Seat 8: cberto09 ($2.37 in chips) 
Seat 9: Dorex2007 ($2.05 in chips) 
zheka156: posts small blind $0.01
Tyche Tea: posts big blind $0.02
*** HOLE CARDS ***
Dealt to Dorex2007 [3d Td]
realmadrid18win: folds 
cberto09: folds 
Dorex2007: folds 
sergeyl01: folds 
Gust4v0_7: calls $0.02
ThePeterPuck: folds 
turnburgler: calls $0.02
zheka156: folds 
Tyche Tea: checks 
*** FLOP *** [Ts Qh Kh]
Tyche Tea: checks 
Gust4v0_7: bets $0.04
turnburgler: folds 
Tyche Tea: folds 
Uncalled bet ($0.04) returned to Gust4v0_7
Gust4v0_7 collected $0.07 from pot
Gust4v0_7: doesn't show hand 
*** SUMMARY ***
Total pot $0.07 | Rake $0 
Board [Ts Qh Kh]
Seat 1: sergeyl01 folded before Flop (didn't bet)
Seat 2: Gust4v0_7 collected ($0.07)
Seat 3: ThePeterPuck folded before Flop (didn't bet)
Seat 4: turnburgler (button) folded on the Flop
Seat 5: zheka156 (small blind) folded before Flop
Seat 6: Tyche Tea (big blind) folded on the Flop
Seat 7: realmadrid18win folded before Flop (didn't bet)
Seat 8: cberto09 folded before Flop (didn't bet)
Seat 9: Dorex2007 folded before Flop (didn't bet)



PokerStars Hand #234410048458:  Hold'em No Limit ($0.01/$0.02 USD) - 2022/02/26 15:29:17 PT [2022/02/26 18:29:17 ET]
Table 'Ingeborg' 9-max Seat #5 is the button
Seat 1: sergeyl01 ($1.04 in chips) 
Seat 2: Gust4v0_7 ($0.87 in chips) 
Seat 3: ThePeterPuck ($1.66 in chips) 
Seat 4: turnburgler ($1.98 in chips) 
Seat 5: zheka156 ($10.03 in chips) 
Seat 6: Tyche Tea ($1.92 in chips) 
Seat 7: realmadrid18win ($0.75 in chips) 
Seat 8: cberto09 ($2.37 in chips) 
Seat 9: Dorex2007 ($2.05 in chips) 
Tyche Tea: posts small blind $0.01
realmadrid18win: posts big blind $0.02
*** HOLE CARDS ***
Dealt to Dorex2007 [9s 3d]
cberto09: raises $0.04 to $0.06
Dorex2007: folds 
sergeyl01: folds 
Gust4v0_7: folds 
ThePeterPuck: folds 
turnburgler: folds 
zheka156: calls $0.06
Tyche Tea: folds 
realmadrid18win: folds 
*** FLOP *** [Ks 2h 3c]
cberto09: checks 
zheka156: checks 
*** TURN *** [Ks 2h 3c] [Jc]
cberto09: checks 
zheka156: bets $0.08
cberto09: calls $0.08
*** RIVER *** [Ks 2h 3c Jc] [Th]
cberto09: checks 
zheka156: checks 
*** SHOW DOWN ***
cberto09: shows [6c 5c] (high card King)
zheka156: shows [9c 7c] (high card King - Jack+Ten+Nine kicker)
zheka156 collected $0.30 from pot
*** SUMMARY ***
Total pot $0.31 | Rake $0.01 
Board [Ks 2h 3c Jc Th]
Seat 1: sergeyl01 folded before Flop (didn't bet)
Seat 2: Gust4v0_7 folded before Flop (didn't bet)
Seat 3: ThePeterPuck folded before Flop (didn't bet)
Seat 4: turnburgler folded before Flop (didn't bet)
Seat 5: zheka156 (button) showed [9c 7c] and won ($0.30) with high card King
Seat 6: Tyche Tea (small blind) folded before Flop
Seat 7: realmadrid18win (big blind) folded before Flop
Seat 8: cberto09 showed [6c 5c] and lost with high card King
Seat 9: Dorex2007 folded before Flop (didn't bet)



PokerStars Hand #234410066545:  Hold'em No Limit ($0.01/$0.02 USD) - 2022/02/26 15:30:06 PT [2022/02/26 18:30:06 ET]
Table 'Ingeborg' 9-max Seat #6 is the button
Seat 1: sergeyl01 ($1.04 in chips) 
Seat 2: Gust4v0_7 ($0.87 in chips) 
Seat 3: ThePeterPuck ($1.66 in chips) 
Seat 4: turnburgler ($1.98 in chips) 
Seat 5: zheka156 ($10.19 in chips) 
Seat 6: Tyche Tea ($1.91 in chips) 
Seat 7: realmadrid18win ($0.73 in chips) 
Seat 8: cberto09 ($2.23 in chips) 
Seat 9: Dorex2007 ($2.05 in chips) 
realmadrid18win: posts small blind $0.01
cberto09: posts big blind $0.02
*** HOLE CARDS ***
Dealt to Dorex2007 [4s Js]
Dorex2007: folds 
sergeyl01: folds 
Gust4v0_7: folds 
ThePeterPuck: folds 
turnburgler: calls $0.02
zheka156: raises $0.06 to $0.08
Tyche Tea: calls $0.08
realmadrid18win: folds 
cberto09: folds 
turnburgler: calls $0.06
*** FLOP *** [Jh Ad Kh]
turnburgler: checks 
zheka156: checks 
Tyche Tea: checks 
*** TURN *** [Jh Ad Kh] [5d]
turnburgler: checks 
zheka156: bets $0.14
Tyche Tea: folds 
turnburgler: folds 
Uncalled bet ($0.14) returned to zheka156
zheka156 collected $0.26 from pot
*** SUMMARY ***
Total pot $0.27 | Rake $0.01 
Board [Jh Ad Kh 5d]
Seat 1: sergeyl01 folded before Flop (didn't bet)
Seat 2: Gust4v0_7 folded before Flop (didn't bet)
Seat 3: ThePeterPuck folded before Flop (didn't bet)
Seat 4: turnburgler folded on the Turn
Seat 5: zheka156 collected ($0.26)
Seat 6: Tyche Tea (button) folded on the Turn
Seat 7: realmadrid18win (small blind) folded before Flop
Seat 8: cberto09 (big blind) folded before Flop
Seat 9: Dorex2007 folded before Flop (didn't bet)



PokerStars Hand #234410086859:  Hold'em No Limit ($0.01/$0.02 USD) - 2022/02/26 15:30:59 PT [2022/02/26 18:30:59 ET]
Table 'Ingeborg' 9-max Seat #7 is the button
Seat 1: sergeyl01 ($1.04 in chips) 
Seat 2: Gust4v0_7 ($0.87 in chips) 
Seat 3: ThePeterPuck ($1.66 in chips) 
Seat 4: turnburgler ($1.90 in chips) 
Seat 5: zheka156 ($10.37 in chips) 
Seat 6: Tyche Tea ($1.83 in chips) 
Seat 7: realmadrid18win ($0.72 in chips) 
Seat 8: cberto09 ($2.21 in chips) 
Seat 9: Dorex2007 ($2.05 in chips) 
cberto09: posts small blind $0.01
Dorex2007: posts big blind $0.02
*** HOLE CARDS ***
Dealt to Dorex2007 [8c Qc]
sergeyl01: raises $0.02 to $0.04
Gust4v0_7: folds 
ThePeterPuck: folds 
turnburgler: folds 
zheka156: raises $0.08 to $0.12
Tyche Tea: folds 
realmadrid18win: folds 
cberto09: folds 
Dorex2007: folds 
sergeyl01: folds 
Uncalled bet ($0.08) returned to zheka156
zheka156 collected $0.11 from pot
*** SUMMARY ***
Total pot $0.11 | Rake $0 
Seat 1: sergeyl01 folded before Flop
Seat 2: Gust4v0_7 folded before Flop (didn't bet)
Seat 3: ThePeterPuck folded before Flop (didn't bet)
Seat 4: turnburgler folded before Flop (didn't bet)
Seat 5: zheka156 collected ($0.11)
Seat 6: Tyche Tea folded before Flop (didn't bet)
Seat 7: realmadrid18win (button) folded before Flop (didn't bet)
Seat 8: cberto09 (small blind) folded before Flop
Seat 9: Dorex2007 (big blind) folded before Flop



PokerStars Hand #234410095364:  Hold'em No Limit ($0.01/$0.02 USD) - 2022/02/26 15:31:21 PT [2022/02/26 18:31:21 ET]
Table 'Ingeborg' 9-max Seat #8 is the button
Seat 1: sergeyl01 ($1 in chips) 
Seat 2: Gust4v0_7 ($0.87 in chips) 
Seat 3: ThePeterPuck ($1.66 in chips) 
Seat 4: turnburgler ($1.90 in chips) 
Seat 5: zheka156 ($10.44 in chips) 
Seat 6: Tyche Tea ($1.83 in chips) 
Seat 7: realmadrid18win ($0.72 in chips) 
Seat 8: cberto09 ($2.20 in chips) 
Seat 9: Dorex2007 ($2.03 in chips) 
Dorex2007: posts small blind $0.01
sergeyl01: posts big blind $0.02
*** HOLE CARDS ***
Dealt to Dorex2007 [5c 7s]
Gust4v0_7: folds 
ThePeterPuck: folds 
turnburgler: folds 
zheka156: folds 
Tyche Tea: folds 
realmadrid18win: folds 
cberto09: folds 
Dorex2007: folds 
Uncalled bet ($0.01) returned to sergeyl01
sergeyl01 collected $0.02 from pot
*** SUMMARY ***
Total pot $0.02 | Rake $0 
Seat 1: sergeyl01 (big blind) collected ($0.02)
Seat 2: Gust4v0_7 folded before Flop (didn't bet)
Seat 3: ThePeterPuck folded before Flop (didn't bet)
Seat 4: turnburgler folded before Flop (didn't bet)
Seat 5: zheka156 folded before Flop (didn't bet)
Seat 6: Tyche Tea folded before Flop (didn't bet)
Seat 7: realmadrid18win folded before Flop (didn't bet)
Seat 8: cberto09 (button) folded before Flop (didn't bet)
Seat 9: Dorex2007 (small blind) folded before Flop



PokerStars Hand #234410106141:  Hold'em No Limit ($0.01/$0.02 USD) - 2022/02/26 15:31:49 PT [2022/02/26 18:31:49 ET]
Table 'Ingeborg' 9-max Seat #9 is the button
Seat 1: sergeyl01 ($1.01 in chips) 
Seat 2: Gust4v0_7 ($0.87 in chips) 
Seat 3: ThePeterPuck ($1.66 in chips) 
Seat 4: turnburgler ($1.90 in chips) 
Seat 5: zheka156 ($10.44 in chips) 
Seat 6: Tyche Tea ($1.83 in chips) 
Seat 7: realmadrid18win ($0.72 in chips) 
Seat 8: cberto09 ($2.20 in chips) 
Seat 9: Dorex2007 ($2.02 in chips) 
sergeyl01: posts small blind $0.01
Gust4v0_7: posts big blind $0.02
*** HOLE CARDS ***
Dealt to Dorex2007 [8s 3d]
ThePeterPuck: folds 
turnburgler: raises $0.05 to $0.07
zheka156: folds 
Tyche Tea: calls $0.07
realmadrid18win: folds 
cberto09: folds 
Dorex2007: folds 
sergeyl01: folds 
Gust4v0_7: folds 
*** FLOP *** [Ks 3c Th]
turnburgler: bets $0.08
Tyche Tea: folds 
Uncalled bet ($0.08) returned to turnburgler
turnburgler collected $0.16 from pot
turnburgler: doesn't show hand 
*** SUMMARY ***
Total pot $0.17 | Rake $0.01 
Board [Ks 3c Th]
Seat 1: sergeyl01 (small blind) folded before Flop
Seat 2: Gust4v0_7 (big blind) folded before Flop
Seat 3: ThePeterPuck folded before Flop (didn't bet)
Seat 4: turnburgler collected ($0.16)
Seat 5: zheka156 folded before Flop (didn't bet)
Seat 6: Tyche Tea folded on the Flop
Seat 7: realmadrid18win folded before Flop (didn't bet)
Seat 8: cberto09 folded before Flop (didn't bet)
Seat 9: Dorex2007 (button) folded before Flop (didn't bet)



PokerStars Hand #234410118658:  Hold'em No Limit ($0.01/$0.02 USD) - 2022/02/26 15:32:22 PT [2022/02/26 18:32:22 ET]
Table 'Ingeborg' 9-max Seat #1 is the button
Seat 1: sergeyl01 ($1 in chips) 
Seat 2: Gust4v0_7 ($0.85 in chips) 
Seat 3: ThePeterPuck ($1.66 in chips) 
Seat 4: turnburgler ($1.99 in chips) 
Seat 5: zheka156 ($10.44 in chips) 
Seat 6: Tyche Tea ($1.76 in chips) 
Seat 7: realmadrid18win ($0.72 in chips) 
Seat 8: cberto09 ($2.20 in chips) 
Seat 9: Dorex2007 ($2.02 in chips) 
Gust4v0_7: posts small blind $0.01
ThePeterPuck: posts big blind $0.02
*** HOLE CARDS ***
Dealt to Dorex2007 [Jh 6s]
turnburgler: folds 
zheka156: calls $0.02
Tyche Tea: folds 
realmadrid18win: folds 
cberto09: folds 
Dorex2007: folds 
sergeyl01: raises $0.02 to $0.04
Gust4v0_7: folds 
ThePeterPuck: folds 
zheka156: calls $0.02
*** FLOP *** [7s 9d 5c]
zheka156: checks 
sergeyl01: checks 
*** TURN *** [7s 9d 5c] [Ts]
zheka156: bets $0.06
sergeyl01: folds 
Uncalled bet ($0.06) returned to zheka156
zheka156 collected $0.11 from pot
*** SUMMARY ***
Total pot $0.11 | Rake $0 
Board [7s 9d 5c Ts]
Seat 1: sergeyl01 (button) folded on the Turn
Seat 2: Gust4v0_7 (small blind) folded before Flop
Seat 3: ThePeterPuck (big blind) folded before Flop
Seat 4: turnburgler folded before Flop (didn't bet)
Seat 5: zheka156 collected ($0.11)
Seat 6: Tyche Tea folded before Flop (didn't bet)
Seat 7: realmadrid18win folded before Flop (didn't bet)
Seat 8: cberto09 folded before Flop (didn't bet)
Seat 9: Dorex2007 folded before Flop (didn't bet)



PokerStars Hand #234410136254:  Hold'em No Limit ($0.01/$0.02 USD) - 2022/02/26 15:33:08 PT [2022/02/26 18:33:08 ET]
Table 'Ingeborg' 9-max Seat #2 is the button
Seat 1: sergeyl01 ($0.96 in chips) 
Seat 2: Gust4v0_7 ($0.84 in chips) 
Seat 3: ThePeterPuck ($1.64 in chips) 
Seat 4: turnburgler ($1.99 in chips) 
Seat 5: zheka156 ($10.51 in chips) 
Seat 6: Tyche Tea ($1.76 in chips) 
Seat 7: realmadrid18win ($0.72 in chips) 
Seat 8: cberto09 ($2.20 in chips) 
Seat 9: Dorex2007 ($2.02 in chips) 
ThePeterPuck: posts small blind $0.01
turnburgler: posts big blind $0.02
*** HOLE CARDS ***
Dealt to Dorex2007 [Qc 7d]
zheka156: folds 
Tyche Tea: raises $0.02 to $0.04
realmadrid18win: folds 
cberto09: calls $0.04
Dorex2007: folds 
sergeyl01: folds 
Gust4v0_7: folds 
ThePeterPuck: folds 
turnburgler: calls $0.02
*** FLOP *** [6s 9d Kc]
turnburgler: checks 
Tyche Tea: bets $0.07
cberto09: calls $0.07
turnburgler: folds 
*** TURN *** [6s 9d Kc] [9h]
Tyche Tea: bets $0.26
cberto09: calls $0.26
*** RIVER *** [6s 9d Kc 9h] [Th]
Tyche Tea: bets $0.76
cberto09: calls $0.76
*** SHOW DOWN ***
Tyche Tea: shows [9s As] (three of a kind, Nines)
cberto09: mucks hand 
Tyche Tea collected $2.23 from pot
*** SUMMARY ***
Total pot $2.31 | Rake $0.08 
Board [6s 9d Kc 9h Th]
Seat 1: sergeyl01 folded before Flop (didn't bet)
Seat 2: Gust4v0_7 (button) folded before Flop (didn't bet)
Seat 3: ThePeterPuck (small blind) folded before Flop
Seat 4: turnburgler (big blind) folded on the Flop
Seat 5: zheka156 folded before Flop (didn't bet)
Seat 6: Tyche Tea showed [9s As] and won ($2.23) with three of a kind, Nines
Seat 7: realmadrid18win folded before Flop (didn't bet)
Seat 8: cberto09 mucked [Qd Ks]
Seat 9: Dorex2007 folded before Flop (didn't bet)



PokerStars Hand #234410158712:  Hold'em No Limit ($0.01/$0.02 USD) - 2022/02/26 15:34:08 PT [2022/02/26 18:34:08 ET]
Table 'Ingeborg' 9-max Seat #3 is the button
Seat 1: sergeyl01 ($0.96 in chips) 
Seat 2: Gust4v0_7 ($0.84 in chips) 
Seat 3: ThePeterPuck ($1.63 in chips) 
Seat 4: turnburgler ($1.95 in chips) 
Seat 5: zheka156 ($10.51 in chips) 
Seat 6: Tyche Tea ($2.86 in chips) 
Seat 7: realmadrid18win ($0.72 in chips) 
Seat 8: cberto09 ($2 in chips) 
Seat 9: Dorex2007 ($2.02 in chips) 
turnburgler: posts small blind $0.01
zheka156: posts big blind $0.02
*** HOLE CARDS ***
Dealt to Dorex2007 [2h 8d]
Tyche Tea: raises $0.02 to $0.04
realmadrid18win: folds 
cberto09: folds 
Dorex2007: folds 
sergeyl01: folds 
Gust4v0_7: folds 
ThePeterPuck: folds 
turnburgler: calls $0.03
zheka156: folds 
*** FLOP *** [Kd 8c 9c]
turnburgler: checks 
Tyche Tea: bets $0.06
turnburgler: calls $0.06
*** TURN *** [Kd 8c 9c] [6c]
turnburgler: bets $0.11
Tyche Tea: calls $0.11
*** RIVER *** [Kd 8c 9c 6c] [3h]
turnburgler: bets $0.42
Tyche Tea: folds 
Uncalled bet ($0.42) returned to turnburgler
turnburgler collected $0.42 from pot
turnburgler: doesn't show hand 
*** SUMMARY ***
Total pot $0.44 | Rake $0.02 
Board [Kd 8c 9c 6c 3h]
Seat 1: sergeyl01 folded before Flop (didn't bet)
Seat 2: Gust4v0_7 folded before Flop (didn't bet)
Seat 3: ThePeterPuck (button) folded before Flop (didn't bet)
Seat 4: turnburgler (small blind) collected ($0.42)
Seat 5: zheka156 (big blind) folded before Flop
Seat 6: Tyche Tea folded on the River
Seat 7: realmadrid18win folded before Flop (didn't bet)
Seat 8: cberto09 folded before Flop (didn't bet)
Seat 9: Dorex2007 folded before Flop (didn't bet)



PokerStars Hand #234410179788:  Hold'em No Limit ($0.01/$0.02 USD) - 2022/02/26 15:35:04 PT [2022/02/26 18:35:04 ET]
Table 'Ingeborg' 9-max Seat #4 is the button
Seat 1: sergeyl01 ($0.96 in chips) 
Seat 2: Gust4v0_7 ($0.84 in chips) 
Seat 3: ThePeterPuck ($1.63 in chips) 
Seat 4: turnburgler ($2.16 in chips) 
Seat 5: zheka156 ($10.49 in chips) 
Seat 6: Tyche Tea ($2.65 in chips) 
Seat 7: realmadrid18win ($0.72 in chips) 
Seat 8: cberto09 ($2 in chips) 
Seat 9: Dorex2007 ($2.02 in chips) 
zheka156: posts small blind $0.01
Tyche Tea: posts big blind $0.02
*** HOLE CARDS ***
Dealt to Dorex2007 [7d 3c]
realmadrid18win: folds 
cberto09: folds 
Dorex2007: folds 
sergeyl01: calls $0.02
Gust4v0_7: folds 
ThePeterPuck: folds 
turnburgler: folds 
zheka156: folds 
Tyche Tea: checks 
*** FLOP *** [Jc Td 3s]
Tyche Tea: checks 
sergeyl01: bets $0.02
Tyche Tea: folds 
Uncalled bet ($0.02) returned to sergeyl01
sergeyl01 collected $0.05 from pot
*** SUMMARY ***
Total pot $0.05 | Rake $0 
Board [Jc Td 3s]
Seat 1: sergeyl01 collected ($0.05)
Seat 2: Gust4v0_7 folded before Flop (didn't bet)
Seat 3: ThePeterPuck folded before Flop (didn't bet)
Seat 4: turnburgler (button) folded before Flop (didn't bet)
Seat 5: zheka156 (small blind) folded before Flop
Seat 6: Tyche Tea (big blind) folded on the Flop
Seat 7: realmadrid18win folded before Flop (didn't bet)
Seat 8: cberto09 folded before Flop (didn't bet)
Seat 9: Dorex2007 folded before Flop (didn't bet)



PokerStars Hand #234410189632:  Hold'em No Limit ($0.01/$0.02 USD) - 2022/02/26 15:35:30 PT [2022/02/26 18:35:30 ET]
Table 'Ingeborg' 9-max Seat #5 is the button
Seat 1: sergeyl01 ($0.99 in chips) 
Seat 2: Gust4v0_7 ($0.84 in chips) 
Seat 3: ThePeterPuck ($1.63 in chips) 
Seat 4: turnburgler ($2.16 in chips) 
Seat 5: zheka156 ($10.48 in chips) 
Seat 6: Tyche Tea ($2.63 in chips) 
Seat 7: realmadrid18win ($0.72 in chips) 
Seat 8: cberto09 ($2 in chips) 
Seat 9: Dorex2007 ($2.02 in chips) 
Tyche Tea: posts small blind $0.01
realmadrid18win: posts big blind $0.02
*** HOLE CARDS ***
Dealt to Dorex2007 [Td 4c]
cberto09: folds 
Dorex2007: folds 
sergeyl01: folds 
Gust4v0_7: calls $0.02
ThePeterPuck: folds 
turnburgler: calls $0.02
zheka156: folds 
Tyche Tea: calls $0.01
realmadrid18win: checks 
*** FLOP *** [Ac Kh 6c]
Tyche Tea: checks 
realmadrid18win: checks 
Gust4v0_7: checks 
turnburgler: checks 
*** TURN *** [Ac Kh 6c] [9c]
Tyche Tea: checks 
realmadrid18win: checks 
Gust4v0_7: bets $0.08
turnburgler: folds 
Tyche Tea: calls $0.08
realmadrid18win: folds 
*** RIVER *** [Ac Kh 6c 9c] [3d]
Tyche Tea: checks 
Gust4v0_7: bets $0.23
Tyche Tea: folds 
Uncalled bet ($0.23) returned to Gust4v0_7
Gust4v0_7 collected $0.23 from pot
Gust4v0_7: doesn't show hand 
*** SUMMARY ***
Total pot $0.24 | Rake $0.01 
Board [Ac Kh 6c 9c 3d]
Seat 1: sergeyl01 folded before Flop (didn't bet)
Seat 2: Gust4v0_7 collected ($0.23)
Seat 3: ThePeterPuck folded before Flop (didn't bet)
Seat 4: turnburgler folded on the Turn
Seat 5: zheka156 (button) folded before Flop (didn't bet)
Seat 6: Tyche Tea (small blind) folded on the River
Seat 7: realmadrid18win (big blind) folded on the Turn
Seat 8: cberto09 folded before Flop (didn't bet)
Seat 9: Dorex2007 folded before Flop (didn't bet)



PokerStars Hand #234410224047:  Hold'em No Limit ($0.01/$0.02 USD) - 2022/02/26 15:37:01 PT [2022/02/26 18:37:01 ET]
Table 'Ingeborg' 9-max Seat #6 is the button
Seat 1: sergeyl01 ($0.99 in chips) 
Seat 2: Gust4v0_7 ($0.97 in chips) 
Seat 3: ThePeterPuck ($1.63 in chips) 
Seat 4: turnburgler ($2.14 in chips) 
Seat 5: zheka156 ($10.48 in chips) 
Seat 6: Tyche Tea ($2.53 in chips) 
Seat 7: realmadrid18win ($0.70 in chips) 
Seat 8: cberto09 ($2 in chips) 
Seat 9: Dorex2007 ($2.02 in chips) 
realmadrid18win: posts small blind $0.01
cberto09: posts big blind $0.02
*** HOLE CARDS ***
Dealt to Dorex2007 [6d Th]
Dorex2007: folds 
sergeyl01: folds 
Gust4v0_7: calls $0.02
ThePeterPuck: calls $0.02
turnburgler: folds 
zheka156: folds 
Tyche Tea: folds 
realmadrid18win: calls $0.01
cberto09: raises $0.08 to $0.10
Gust4v0_7: calls $0.08
ThePeterPuck: folds 
realmadrid18win: folds 
*** FLOP *** [Qc 9d 7s]
cberto09: bets $0.07
Gust4v0_7: calls $0.07
*** TURN *** [Qc 9d 7s] [8c]
cberto09: checks 
Gust4v0_7: bets $0.24
cberto09: folds 
Uncalled bet ($0.24) returned to Gust4v0_7
Gust4v0_7 collected $0.37 from pot
Gust4v0_7: doesn't show hand 
*** SUMMARY ***
Total pot $0.38 | Rake $0.01 
Board [Qc 9d 7s 8c]
Seat 1: sergeyl01 folded before Flop (didn't bet)
Seat 2: Gust4v0_7 collected ($0.37)
Seat 3: ThePeterPuck folded before Flop
Seat 4: turnburgler folded before Flop (didn't bet)
Seat 5: zheka156 folded before Flop (didn't bet)
Seat 6: Tyche Tea (button) folded before Flop (didn't bet)
Seat 7: realmadrid18win (small blind) folded before Flop
Seat 8: cberto09 (big blind) folded on the Turn
Seat 9: Dorex2007 folded before Flop (didn't bet)



PokerStars Hand #234410255617:  Hold'em No Limit ($0.01/$0.02 USD) - 2022/02/26 15:38:24 PT [2022/02/26 18:38:24 ET]
Table 'Ingeborg' 9-max Seat #7 is the button
Seat 1: sergeyl01 ($0.99 in chips) 
Seat 2: Gust4v0_7 ($1.17 in chips) 
Seat 3: ThePeterPuck ($1.61 in chips) 
Seat 4: turnburgler ($2.14 in chips) 
Seat 5: zheka156 ($10.48 in chips) 
Seat 6: Tyche Tea ($2.53 in chips) 
Seat 7: realmadrid18win ($0.68 in chips) 
Seat 8: cberto09 ($2 in chips) 
Seat 9: Dorex2007 ($2.02 in chips) 
cberto09: posts small blind $0.01
Dorex2007: posts big blind $0.02
*** HOLE CARDS ***
Dealt to Dorex2007 [Jh 3h]
sergeyl01: calls $0.02
Gust4v0_7: folds 
ThePeterPuck: folds 
turnburgler: folds 
zheka156: folds 
Tyche Tea: calls $0.02
realmadrid18win: folds 
cberto09: calls $0.01
Dorex2007: checks 
*** FLOP *** [6s Kc 8s]
cberto09: checks 
Dorex2007: checks 
sergeyl01: bets $0.02
Tyche Tea: folds 
cberto09: folds 
Dorex2007: folds 
Uncalled bet ($0.02) returned to sergeyl01
sergeyl01 collected $0.08 from pot
*** SUMMARY ***
Total pot $0.08 | Rake $0 
Board [6s Kc 8s]
Seat 1: sergeyl01 collected ($0.08)
Seat 2: Gust4v0_7 folded before Flop (didn't bet)
Seat 3: ThePeterPuck folded before Flop (didn't bet)
Seat 4: turnburgler folded before Flop (didn't bet)
Seat 5: zheka156 folded before Flop (didn't bet)
Seat 6: Tyche Tea folded on the Flop
Seat 7: realmadrid18win (button) folded before Flop (didn't bet)
Seat 8: cberto09 (small blind) folded on the Flop
Seat 9: Dorex2007 (big blind) folded on the Flop



PokerStars Hand #234410279623:  Hold'em No Limit ($0.01/$0.02 USD) - 2022/02/26 15:39:03 PT [2022/02/26 18:39:03 ET]
Table 'Ingeborg' 9-max Seat #8 is the button
Seat 1: sergeyl01 ($1.05 in chips) 
Seat 2: Gust4v0_7 ($1.17 in chips) 
Seat 3: ThePeterPuck ($1.61 in chips) 
Seat 4: turnburgler ($2.14 in chips) 
Seat 5: zheka156 ($10.48 in chips) 
Seat 6: Tyche Tea ($2.51 in chips) 
Seat 7: realmadrid18win ($0.68 in chips) 
Seat 8: cberto09 ($2 in chips) 
Seat 9: Dorex2007 ($2 in chips) 
Dorex2007: posts small blind $0.01
sergeyl01: posts big blind $0.02
*** HOLE CARDS ***
Dealt to Dorex2007 [Ad 8h]
Gust4v0_7: folds 
ThePeterPuck: folds 
turnburgler: folds 
zheka156: folds 
Tyche Tea: folds 
zheka156 leaves the table
realmadrid18win: folds 
cberto09: raises $0.04 to $0.06
Elpharae joins the table at seat #5 
Dorex2007: folds 
sergeyl01: folds 
Uncalled bet ($0.04) returned to cberto09
cberto09 collected $0.05 from pot
cberto09: doesn't show hand 
*** SUMMARY ***
Total pot $0.05 | Rake $0 
Seat 1: sergeyl01 (big blind) folded before Flop
Seat 2: Gust4v0_7 folded before Flop (didn't bet)
Seat 3: ThePeterPuck folded before Flop (didn't bet)
Seat 4: turnburgler folded before Flop (didn't bet)
Seat 5: zheka156 folded before Flop (didn't bet)
Seat 6: Tyche Tea folded before Flop (didn't bet)
Seat 7: realmadrid18win folded before Flop (didn't bet)
Seat 8: cberto09 (button) collected ($0.05)
Seat 9: Dorex2007 (small blind) folded before Flop



PokerStars Hand #234410289815:  Hold'em No Limit ($0.01/$0.02 USD) - 2022/02/26 15:39:31 PT [2022/02/26 18:39:31 ET]
Table 'Ingeborg' 9-max Seat #9 is the button
Seat 1: sergeyl01 ($1.03 in chips) 
Seat 2: Gust4v0_7 ($1.17 in chips) 
Seat 3: ThePeterPuck ($1.61 in chips) 
Seat 4: turnburgler ($2.14 in chips) 
Seat 6: Tyche Tea ($2.51 in chips) 
Seat 7: realmadrid18win ($0.68 in chips) 
Seat 8: cberto09 ($2.03 in chips) 
Seat 9: Dorex2007 ($2 in chips) 
sergeyl01: posts small blind $0.01
Gust4v0_7: posts big blind $0.02
Elpharae: sits out 
*** HOLE CARDS ***
Dealt to Dorex2007 [Kh 8c]
ThePeterPuck: folds 
turnburgler: calls $0.02
Tyche Tea: folds 
realmadrid18win: folds 
cberto09: raises $0.07 to $0.09
Dorex2007: folds 
sergeyl01: calls $0.08
Gust4v0_7: folds 
turnburgler: calls $0.07
*** FLOP *** [3d Ad 7d]
sergeyl01: checks 
turnburgler: checks 
cberto09: bets $0.08
sergeyl01: folds 
turnburgler: folds 
Uncalled bet ($0.08) returned to cberto09
cberto09 collected $0.28 from pot
cberto09: doesn't show hand 
*** SUMMARY ***
Total pot $0.29 | Rake $0.01 
Board [3d Ad 7d]
Seat 1: sergeyl01 (small blind) folded on the Flop
Seat 2: Gust4v0_7 (big blind) folded before Flop
Seat 3: ThePeterPuck folded before Flop (didn't bet)
Seat 4: turnburgler folded on the Flop
Seat 6: Tyche Tea folded before Flop (didn't bet)
Seat 7: realmadrid18win folded before Flop (didn't bet)
Seat 8: cberto09 collected ($0.28)
Seat 9: Dorex2007 (button) folded before Flop (didn't bet)



PokerStars Hand #234410315955:  Hold'em No Limit ($0.01/$0.02 USD) - 2022/02/26 15:40:41 PT [2022/02/26 18:40:41 ET]
Table 'Ingeborg' 9-max Seat #1 is the button
Seat 1: sergeyl01 ($0.94 in chips) 
Seat 2: Gust4v0_7 ($1.15 in chips) 
Seat 3: ThePeterPuck ($1.61 in chips) 
Seat 4: turnburgler ($2.05 in chips) 
Seat 6: Tyche Tea ($2.51 in chips) 
Seat 7: realmadrid18win ($0.68 in chips) 
Seat 8: cberto09 ($2.22 in chips) 
Seat 9: Dorex2007 ($2 in chips) 
Gust4v0_7: posts small blind $0.01
ThePeterPuck: posts big blind $0.02
Elpharae: sits out 
*** HOLE CARDS ***
Dealt to Dorex2007 [Qd Jh]
turnburgler: folds 
Tyche Tea: raises $0.03 to $0.05
turnburgler leaves the table
xy3z joins the table at seat #4 
realmadrid18win: folds 
cberto09: folds 
Dorex2007: folds 
sergeyl01: folds 
Gust4v0_7: folds 
ThePeterPuck: folds 
Uncalled bet ($0.03) returned to Tyche Tea
Tyche Tea collected $0.05 from pot
Tyche Tea: doesn't show hand 
*** SUMMARY ***
Total pot $0.05 | Rake $0 
Seat 1: sergeyl01 (button) folded before Flop (didn't bet)
Seat 2: Gust4v0_7 (small blind) folded before Flop
Seat 3: ThePeterPuck (big blind) folded before Flop
Seat 4: turnburgler folded before Flop (didn't bet)
Seat 6: Tyche Tea collected ($0.05)
Seat 7: realmadrid18win folded before Flop (didn't bet)
Seat 8: cberto09 folded before Flop (didn't bet)
Seat 9: Dorex2007 folded before Flop (didn't bet)



PokerStars Hand #234410380484:  Hold'em No Limit ($0.01/$0.02 USD) - 2022/02/26 15:43:34 PT [2022/02/26 18:43:34 ET]
Table 'Ingeborg' 9-max Seat #6 is the button
Seat 1: sergeyl01 ($0.94 in chips) 
Seat 2: Gust4v0_7 ($1.30 in chips) 
Seat 3: ThePeterPuck ($1.54 in chips) 
Seat 4: xy3z ($0.86 in chips) 
Seat 5: Elpharae ($2 in chips) 
Seat 6: Tyche Tea ($2.46 in chips) 
Seat 7: realmadrid18win ($0.66 in chips) 
Seat 9: Dorex2007 ($2 in chips) 
realmadrid18win: posts small blind $0.01
cberto09: is sitting out 
Dorex2007: posts big blind $0.02
*** HOLE CARDS ***
Dealt to Dorex2007 [Qh As]
sergeyl01: folds 
Gust4v0_7: folds 
ThePeterPuck: raises $0.02 to $0.04
xy3z: calls $0.04
Elpharae: folds 
Tyche Tea: folds 
realmadrid18win: folds 
Dorex2007: calls $0.02
*** FLOP *** [Ac 7d 9d]
Dorex2007: checks 
ThePeterPuck: checks 
xy3z: bets $0.04
Dorex2007: calls $0.04
ThePeterPuck: calls $0.04
*** TURN *** [Ac 7d 9d] [8c]
Dorex2007: bets $0.12
ThePeterPuck: folds 
xy3z: calls $0.12
*** RIVER *** [Ac 7d 9d 8c] [9h]
Dorex2007: bets $0.31
xy3z: folds 
Uncalled bet ($0.31) returned to Dorex2007
Dorex2007 collected $0.47 from pot
Dorex2007: doesn't show hand 
*** SUMMARY ***
Total pot $0.49 | Rake $0.02 
Board [Ac 7d 9d 8c 9h]
Seat 1: sergeyl01 folded before Flop (didn't bet)
Seat 2: Gust4v0_7 folded before Flop (didn't bet)
Seat 3: ThePeterPuck folded on the Turn
Seat 4: xy3z folded on the River
Seat 5: Elpharae folded before Flop (didn't bet)
Seat 6: Tyche Tea (button) folded before Flop (didn't bet)
Seat 7: realmadrid18win (small blind) folded before Flop
Seat 9: Dorex2007 (big blind) collected ($0.47)



PokerStars Hand #234410404773:  Hold'em No Limit ($0.01/$0.02 USD) - 2022/02/26 15:44:40 PT [2022/02/26 18:44:40 ET]
Table 'Ingeborg' 9-max Seat #7 is the button
Seat 1: sergeyl01 ($0.94 in chips) 
Seat 2: Gust4v0_7 ($1.30 in chips) 
Seat 3: ThePeterPuck ($1.46 in chips) 
Seat 4: xy3z ($0.66 in chips) 
Seat 5: Elpharae ($2 in chips) 
Seat 6: Tyche Tea ($2.46 in chips) 
Seat 7: realmadrid18win ($0.65 in chips) 
Seat 9: Dorex2007 ($2.27 in chips) 
Dorex2007: posts small blind $0.01
sergeyl01: posts big blind $0.02
*** HOLE CARDS ***
Dealt to Dorex2007 [4s 3d]
Gust4v0_7: folds 
ThePeterPuck: folds 
xy3z: raises $0.04 to $0.06
Elpharae: folds 
Tyche Tea: folds 
realmadrid18win: folds 
Dorex2007: folds 
sergeyl01: folds 
Uncalled bet ($0.04) returned to xy3z
xy3z collected $0.05 from pot
xy3z: doesn't show hand 
*** SUMMARY ***
Total pot $0.05 | Rake $0 
Seat 1: sergeyl01 (big blind) folded before Flop
Seat 2: Gust4v0_7 folded before Flop (didn't bet)
Seat 3: ThePeterPuck folded before Flop (didn't bet)
Seat 4: xy3z collected ($0.05)
Seat 5: Elpharae folded before Flop (didn't bet)
Seat 6: Tyche Tea folded before Flop (didn't bet)
Seat 7: realmadrid18win (button) folded before Flop (didn't bet)
Seat 9: Dorex2007 (small blind) folded before Flop



PokerStars Hand #234410410831:  Hold'em No Limit ($0.01/$0.02 USD) - 2022/02/26 15:44:56 PT [2022/02/26 18:44:56 ET]
Table 'Ingeborg' 9-max Seat #9 is the button
Seat 1: sergeyl01 ($0.92 in chips) 
Seat 2: Gust4v0_7 ($1.30 in chips) 
Seat 3: ThePeterPuck ($1.46 in chips) 
Seat 4: xy3z ($0.69 in chips) 
Seat 5: Elpharae ($2 in chips) 
Seat 6: Tyche Tea ($2.46 in chips) 
Seat 7: realmadrid18win ($0.65 in chips) 
Seat 9: Dorex2007 ($2.26 in chips) 
sergeyl01: posts small blind $0.01
Gust4v0_7: posts big blind $0.02
*** HOLE CARDS ***
Dealt to Dorex2007 [2d Jd]
ThePeterPuck: folds 
xy3z: folds 
Elpharae: raises $0.05 to $0.07
Tyche Tea: folds 
realmadrid18win: folds 
Dorex2007: folds 
sergeyl01: folds 
Gust4v0_7: calls $0.05
*** FLOP *** [3d Ah Qh]
Gust4v0_7: checks 
Elpharae: bets $0.07
Gust4v0_7: calls $0.07
*** TURN *** [3d Ah Qh] [7c]
Gust4v0_7: checks 
Elpharae: bets $0.19
Gust4v0_7: folds 
Uncalled bet ($0.19) returned to Elpharae
Elpharae collected $0.28 from pot
Elpharae: doesn't show hand 
*** SUMMARY ***
Total pot $0.29 | Rake $0.01 
Board [3d Ah Qh 7c]
Seat 1: sergeyl01 (small blind) folded before Flop
Seat 2: Gust4v0_7 (big blind) folded on the Turn
Seat 3: ThePeterPuck folded before Flop (didn't bet)
Seat 4: xy3z folded before Flop (didn't bet)
Seat 5: Elpharae collected ($0.28)
Seat 6: Tyche Tea folded before Flop (didn't bet)
Seat 7: realmadrid18win folded before Flop (didn't bet)
Seat 9: Dorex2007 (button) folded before Flop (didn't bet)



PokerStars Hand #234410432726:  Hold'em No Limit ($0.01/$0.02 USD) - 2022/02/26 15:45:56 PT [2022/02/26 18:45:56 ET]
Table 'Ingeborg' 9-max Seat #1 is the button
Seat 1: sergeyl01 ($0.91 in chips) 
Seat 2: Gust4v0_7 ($1.16 in chips) 
Seat 3: ThePeterPuck ($1.46 in chips) 
Seat 4: xy3z ($0.69 in chips) 
Seat 5: Elpharae ($2.14 in chips) 
Seat 6: Tyche Tea ($2.46 in chips) 
Seat 7: realmadrid18win ($0.65 in chips) 
Seat 9: Dorex2007 ($2.26 in chips) 
Gust4v0_7: posts small blind $0.01
ThePeterPuck: posts big blind $0.02
*** HOLE CARDS ***
Dealt to Dorex2007 [6c 4c]
xy3z: folds 
Elpharae: folds 
Tyche Tea: raises $0.03 to $0.05
realmadrid18win: folds 
Dorex2007: folds 
sergeyl01: folds 
Gust4v0_7: calls $0.04
ThePeterPuck: folds 
*** FLOP *** [5s 3c Jc]
Gust4v0_7: checks 
Tyche Tea: bets $0.08
Gust4v0_7: raises $0.08 to $0.16
Tyche Tea: raises $0.44 to $0.60
Gust4v0_7: raises $0.51 to $1.11 and is all-in
Tyche Tea: calls $0.51
*** TURN *** [5s 3c Jc] [4s]
*** RIVER *** [5s 3c Jc 4s] [7c]
*** SHOW DOWN ***
Gust4v0_7: shows [3h 3d] (three of a kind, Threes)
Tyche Tea: shows [Qd Qc] (a pair of Queens)
Gust4v0_7 collected $2.26 from pot
*** SUMMARY ***
Total pot $2.34 | Rake $0.08 
Board [5s 3c Jc 4s 7c]
Seat 1: sergeyl01 (button) folded before Flop (didn't bet)
Seat 2: Gust4v0_7 (small blind) showed [3h 3d] and won ($2.26) with three of a kind, Threes
Seat 3: ThePeterPuck (big blind) folded before Flop
Seat 4: xy3z folded before Flop (didn't bet)
Seat 5: Elpharae folded before Flop (didn't bet)
Seat 6: Tyche Tea showed [Qd Qc] and lost with a pair of Queens
Seat 7: realmadrid18win folded before Flop (didn't bet)
Seat 9: Dorex2007 folded before Flop (didn't bet)



PokerStars Hand #234410453928:  Hold'em No Limit ($0.01/$0.02 USD) - 2022/02/26 15:46:53 PT [2022/02/26 18:46:53 ET]
Table 'Ingeborg' 9-max Seat #2 is the button
Seat 1: sergeyl01 ($0.91 in chips) 
Seat 2: Gust4v0_7 ($2.26 in chips) 
Seat 3: ThePeterPuck ($1.44 in chips) 
Seat 4: xy3z ($0.69 in chips) 
Seat 5: Elpharae ($2.14 in chips) 
Seat 6: Tyche Tea ($1.30 in chips) 
Seat 7: realmadrid18win ($0.65 in chips) 
Seat 9: Dorex2007 ($2.26 in chips) 
ThePeterPuck: posts small blind $0.01
xy3z: posts big blind $0.02
*** HOLE CARDS ***
Dealt to Dorex2007 [Ad Ts]
Elpharae: folds 
Tyche Tea: folds 
realmadrid18win: folds 
Dorex2007: raises $0.02 to $0.04
sergeyl01: folds 
Gust4v0_7: calls $0.04
ThePeterPuck: folds 
xy3z: calls $0.02
*** FLOP *** [5d 3c Jc]
xy3z: checks 
Dorex2007: checks 
Gust4v0_7: checks 
*** TURN *** [5d 3c Jc] [5h]
xy3z: bets $0.06
Dorex2007: folds 
Gust4v0_7: folds 
Uncalled bet ($0.06) returned to xy3z
xy3z collected $0.13 from pot
xy3z: doesn't show hand 
*** SUMMARY ***
Total pot $0.13 | Rake $0 
Board [5d 3c Jc 5h]
Seat 1: sergeyl01 folded before Flop (didn't bet)
Seat 2: Gust4v0_7 (button) folded on the Turn
Seat 3: ThePeterPuck (small blind) folded before Flop
Seat 4: xy3z (big blind) collected ($0.13)
Seat 5: Elpharae folded before Flop (didn't bet)
Seat 6: Tyche Tea folded before Flop (didn't bet)
Seat 7: realmadrid18win folded before Flop (didn't bet)
Seat 9: Dorex2007 folded on the Turn



PokerStars Hand #234410478631:  Hold'em No Limit ($0.01/$0.02 USD) - 2022/02/26 15:48:00 PT [2022/02/26 18:48:00 ET]
Table 'Ingeborg' 9-max Seat #3 is the button
Seat 1: sergeyl01 ($0.91 in chips) 
Seat 2: Gust4v0_7 ($2.22 in chips) 
Seat 3: ThePeterPuck ($1.43 in chips) 
Seat 4: xy3z ($0.78 in chips) 
Seat 5: Elpharae ($2.14 in chips) 
Seat 6: Tyche Tea ($2 in chips) 
Seat 7: realmadrid18win ($0.65 in chips) 
Seat 9: Dorex2007 ($2.22 in chips) 
xy3z: posts small blind $0.01
Elpharae: posts big blind $0.02
*** HOLE CARDS ***
Dealt to Dorex2007 [7s 9c]
Tyche Tea: folds 
realmadrid18win: folds 
Dorex2007: folds 
sergeyl01: folds 
Gust4v0_7: calls $0.02
ThePeterPuck: folds 
xy3z: calls $0.01
Elpharae: checks 
*** FLOP *** [3c 4c 2c]
xy3z: checks 
Elpharae: bets $0.04
Gust4v0_7: calls $0.04
xy3z: folds 
*** TURN *** [3c 4c 2c] [6h]
Elpharae: bets $0.11
Gust4v0_7: folds 
Uncalled bet ($0.11) returned to Elpharae
Elpharae collected $0.14 from pot
Elpharae: doesn't show hand 
*** SUMMARY ***
Total pot $0.14 | Rake $0 
Board [3c 4c 2c 6h]
Seat 1: sergeyl01 folded before Flop (didn't bet)
Seat 2: Gust4v0_7 folded on the Turn
Seat 3: ThePeterPuck (button) folded before Flop (didn't bet)
Seat 4: xy3z (small blind) folded on the Flop
Seat 5: Elpharae (big blind) collected ($0.14)
Seat 6: Tyche Tea folded before Flop (didn't bet)
Seat 7: realmadrid18win folded before Flop (didn't bet)
Seat 9: Dorex2007 folded before Flop (didn't bet)



PokerStars Hand #234410499185:  Hold'em No Limit ($0.01/$0.02 USD) - 2022/02/26 15:48:56 PT [2022/02/26 18:48:56 ET]
Table 'Ingeborg' 9-max Seat #4 is the button
Seat 1: sergeyl01 ($0.91 in chips) 
Seat 2: Gust4v0_7 ($2.16 in chips) 
Seat 3: ThePeterPuck ($1.43 in chips) 
Seat 4: xy3z ($0.76 in chips) 
Seat 5: Elpharae ($2.22 in chips) 
Seat 6: Tyche Tea ($2 in chips) 
Seat 7: realmadrid18win ($0.65 in chips) 
Seat 9: Dorex2007 ($2.22 in chips) 
Elpharae: posts small blind $0.01
Tyche Tea: posts big blind $0.02
*** HOLE CARDS ***
Dealt to Dorex2007 [Jh 5s]
realmadrid18win: raises $0.04 to $0.06
Dorex2007: folds 
sergeyl01: folds 
Gust4v0_7: calls $0.06
ThePeterPuck: folds 
xy3z: folds 
Elpharae: folds 
Tyche Tea: calls $0.04
*** FLOP *** [Jd 6c Js]
Tyche Tea: checks 
realmadrid18win: checks 
Gust4v0_7: checks 
*** TURN *** [Jd 6c Js] [6d]
Tyche Tea: bets $0.09
realmadrid18win: folds 
Gust4v0_7: calls $0.09
*** RIVER *** [Jd 6c Js 6d] [4h]
Tyche Tea: checks 
Gust4v0_7: checks 
*** SHOW DOWN ***
Tyche Tea: shows [Th Td] (two pair, Jacks and Tens)
Gust4v0_7: mucks hand 
Tyche Tea collected $0.36 from pot
*** SUMMARY ***
Total pot $0.37 | Rake $0.01 
Board [Jd 6c Js 6d 4h]
Seat 1: sergeyl01 folded before Flop (didn't bet)
Seat 2: Gust4v0_7 mucked [Ad Qd]
Seat 3: ThePeterPuck folded before Flop (didn't bet)
Seat 4: xy3z (button) folded before Flop (didn't bet)
Seat 5: Elpharae (small blind) folded before Flop
Seat 6: Tyche Tea (big blind) showed [Th Td] and won ($0.36) with two pair, Jacks and Tens
Seat 7: realmadrid18win folded on the Turn
Seat 9: Dorex2007 folded before Flop (didn't bet)



PokerStars Hand #234410516991:  Hold'em No Limit ($0.01/$0.02 USD) - 2022/02/26 15:49:45 PT [2022/02/26 18:49:45 ET]
Table 'Ingeborg' 9-max Seat #5 is the button
Seat 1: sergeyl01 ($0.91 in chips) 
Seat 2: Gust4v0_7 ($2.01 in chips) 
Seat 3: ThePeterPuck ($1.43 in chips) 
Seat 4: xy3z ($0.76 in chips) 
Seat 5: Elpharae ($2.21 in chips) 
Seat 6: Tyche Tea ($2.21 in chips) 
Seat 7: realmadrid18win ($0.59 in chips) 
Seat 9: Dorex2007 ($2.22 in chips) 
Tyche Tea: posts small blind $0.01
realmadrid18win: posts big blind $0.02
*** HOLE CARDS ***
Dealt to Dorex2007 [4d Kh]
Dorex2007: folds 
sergeyl01: folds 
Gust4v0_7: folds 
ThePeterPuck: folds 
xy3z: raises $0.04 to $0.06
Elpharae: folds 
Tyche Tea: folds 
realmadrid18win: calls $0.04
*** FLOP *** [2s 7s 2h]
realmadrid18win: checks 
xy3z: bets $0.06
realmadrid18win: calls $0.06
*** TURN *** [2s 7s 2h] [Ad]
realmadrid18win: checks 
xy3z: checks 
*** RIVER *** [2s 7s 2h Ad] [Qc]
realmadrid18win: checks 
xy3z: bets $0.12
realmadrid18win: calls $0.12
*** SHOW DOWN ***
xy3z: shows [Qs Ts] (two pair, Queens and Deuces)
realmadrid18win: mucks hand 
xy3z collected $0.47 from pot
*** SUMMARY ***
Total pot $0.49 | Rake $0.02 
Board [2s 7s 2h Ad Qc]
Seat 1: sergeyl01 folded before Flop (didn't bet)
Seat 2: Gust4v0_7 folded before Flop (didn't bet)
Seat 3: ThePeterPuck folded before Flop (didn't bet)
Seat 4: xy3z showed [Qs Ts] and won ($0.47) with two pair, Queens and Deuces
Seat 5: Elpharae (button) folded before Flop (didn't bet)
Seat 6: Tyche Tea (small blind) folded before Flop
Seat 7: realmadrid18win (big blind) mucked [Jc Jd]
Seat 9: Dorex2007 folded before Flop (didn't bet)



PokerStars Hand #234410533880:  Hold'em No Limit ($0.01/$0.02 USD) - 2022/02/26 15:50:31 PT [2022/02/26 18:50:31 ET]
Table 'Ingeborg' 9-max Seat #6 is the button
Seat 1: sergeyl01 ($0.91 in chips) 
Seat 2: Gust4v0_7 ($2.01 in chips) 
Seat 3: ThePeterPuck ($1.43 in chips) 
Seat 4: xy3z ($0.99 in chips) 
Seat 5: Elpharae ($2.21 in chips) 
Seat 6: Tyche Tea ($2.20 in chips) 
Seat 7: realmadrid18win ($0.35 in chips) 
Seat 9: Dorex2007 ($2.22 in chips) 
realmadrid18win: posts small blind $0.01
Dorex2007: posts big blind $0.02
*** HOLE CARDS ***
Dealt to Dorex2007 [3s 4c]
sergeyl01: folds 
Gust4v0_7: raises $0.04 to $0.06
ThePeterPuck: folds 
xy3z: calls $0.06
Elpharae: folds 
Tyche Tea: raises $0.21 to $0.27
realmadrid18win: folds 
Dorex2007: folds 
Gust4v0_7: calls $0.21
xy3z: calls $0.21
*** FLOP *** [4d 2d Ac]
Gust4v0_7: checks 
xy3z: checks 
Tyche Tea: bets $0.81
Gust4v0_7: folds 
xy3z: calls $0.72 and is all-in
Uncalled bet ($0.09) returned to Tyche Tea
*** TURN *** [4d 2d Ac] [8c]
*** RIVER *** [4d 2d Ac 8c] [8s]
*** SHOW DOWN ***
xy3z: shows [Th Ts] (two pair, Tens and Eights)
Tyche Tea: shows [As Ah] (a full house, Aces full of Eights)
Tyche Tea collected $2.20 from pot
*** SUMMARY ***
Total pot $2.28 | Rake $0.08 
Board [4d 2d Ac 8c 8s]
Seat 1: sergeyl01 folded before Flop (didn't bet)
Seat 2: Gust4v0_7 folded on the Flop
Seat 3: ThePeterPuck folded before Flop (didn't bet)
Seat 4: xy3z showed [Th Ts] and lost with two pair, Tens and Eights
Seat 5: Elpharae folded before Flop (didn't bet)
Seat 6: Tyche Tea (button) showed [As Ah] and won ($2.20) with a full house, Aces full of Eights
Seat 7: realmadrid18win (small blind) folded before Flop
Seat 9: Dorex2007 (big blind) folded before Flop



PokerStars Hand #234410555526:  Hold'em No Limit ($0.01/$0.02 USD) - 2022/02/26 15:51:30 PT [2022/02/26 18:51:30 ET]
Table 'Ingeborg' 9-max Seat #7 is the button
Seat 1: sergeyl01 ($0.91 in chips) 
Seat 2: Gust4v0_7 ($1.74 in chips) 
Seat 3: ThePeterPuck ($1.43 in chips) 
Seat 5: Elpharae ($2.21 in chips) 
Seat 6: Tyche Tea ($3.41 in chips) 
Seat 7: realmadrid18win ($0.34 in chips) 
Seat 9: Dorex2007 ($2.20 in chips) 
Dorex2007: posts small blind $0.01
sergeyl01: posts big blind $0.02
*** HOLE CARDS ***
Dealt to Dorex2007 [7h Jh]
Gust4v0_7: folds 
ThePeterPuck: folds 
Elpharae: folds 
xy3z leaves the table
Tyche Tea: folds 
realmadrid18win: folds 
Dorex2007: folds 
Uncalled bet ($0.01) returned to sergeyl01
sergeyl01 collected $0.02 from pot
*** SUMMARY ***
Total pot $0.02 | Rake $0 
Seat 1: sergeyl01 (big blind) collected ($0.02)
Seat 2: Gust4v0_7 folded before Flop (didn't bet)
Seat 3: ThePeterPuck folded before Flop (didn't bet)
Seat 5: Elpharae folded before Flop (didn't bet)
Seat 6: Tyche Tea folded before Flop (didn't bet)
Seat 7: realmadrid18win (button) folded before Flop (didn't bet)
Seat 9: Dorex2007 (small blind) folded before Flop



PokerStars Hand #234410559878:  Hold'em No Limit ($0.01/$0.02 USD) - 2022/02/26 15:51:42 PT [2022/02/26 18:51:42 ET]
Table 'Ingeborg' 9-max Seat #9 is the button
Seat 1: sergeyl01 ($0.92 in chips) 
Seat 2: Gust4v0_7 ($1.74 in chips) 
Seat 3: ThePeterPuck ($1.43 in chips) 
Seat 5: Elpharae ($2.21 in chips) 
Seat 6: Tyche Tea ($3.41 in chips) 
Seat 7: realmadrid18win ($0.34 in chips) 
Seat 9: Dorex2007 ($2.19 in chips) 
sergeyl01: posts small blind $0.01
Gust4v0_7: posts big blind $0.02
cberto09: sits out 
*** HOLE CARDS ***
Dealt to Dorex2007 [6c Js]
ThePeterPuck: folds 
Elpharae: folds 
Tyche Tea: folds 
realmadrid18win: folds 
Dorex2007: folds 
sergeyl01: calls $0.01
Gust4v0_7: checks 
*** FLOP *** [Jc 9d Th]
sergeyl01: bets $0.02
Gust4v0_7: folds 
Uncalled bet ($0.02) returned to sergeyl01
sergeyl01 collected $0.04 from pot
*** SUMMARY ***
Total pot $0.04 | Rake $0 
Board [Jc 9d Th]
Seat 1: sergeyl01 (small blind) collected ($0.04)
Seat 2: Gust4v0_7 (big blind) folded on the Flop
Seat 3: ThePeterPuck folded before Flop (didn't bet)
Seat 5: Elpharae folded before Flop (didn't bet)
Seat 6: Tyche Tea folded before Flop (didn't bet)
Seat 7: realmadrid18win folded before Flop (didn't bet)
Seat 9: Dorex2007 (button) folded before Flop (didn't bet)



PokerStars Hand #234410568178:  Hold'em No Limit ($0.01/$0.02 USD) - 2022/02/26 15:52:05 PT [2022/02/26 18:52:05 ET]
Table 'Ingeborg' 9-max Seat #1 is the button
Seat 1: sergeyl01 ($0.94 in chips) 
Seat 2: Gust4v0_7 ($1.72 in chips) 
Seat 3: ThePeterPuck ($1.43 in chips) 
Seat 5: Elpharae ($2.21 in chips) 
Seat 6: Tyche Tea ($3.41 in chips) 
Seat 7: realmadrid18win ($0.34 in chips) 
Seat 9: Dorex2007 ($2.19 in chips) 
Gust4v0_7: posts small blind $0.01
ThePeterPuck: posts big blind $0.02
cberto09: sits out 
*** HOLE CARDS ***
Dealt to Dorex2007 [5c 8h]
Elpharae: folds 
Tyche Tea: folds 
realmadrid18win: folds 
Dorex2007: folds 
sergeyl01: folds 
Gust4v0_7: folds 
Uncalled bet ($0.01) returned to ThePeterPuck
ThePeterPuck collected $0.02 from pot
ThePeterPuck: doesn't show hand 
*** SUMMARY ***
Total pot $0.02 | Rake $0 
Seat 1: sergeyl01 (button) folded before Flop (didn't bet)
Seat 2: Gust4v0_7 (small blind) folded before Flop
Seat 3: ThePeterPuck (big blind) collected ($0.02)
Seat 5: Elpharae folded before Flop (didn't bet)
Seat 6: Tyche Tea folded before Flop (didn't bet)
Seat 7: realmadrid18win folded before Flop (didn't bet)
Seat 9: Dorex2007 folded before Flop (didn't bet)



PokerStars Hand #234410573767:  Hold'em No Limit ($0.01/$0.02 USD) - 2022/02/26 15:52:20 PT [2022/02/26 18:52:20 ET]
Table 'Ingeborg' 9-max Seat #2 is the button
Seat 1: sergeyl01 ($0.94 in chips) 
Seat 2: Gust4v0_7 ($1.71 in chips) 
Seat 3: ThePeterPuck ($1.44 in chips) 
Seat 5: Elpharae ($2.21 in chips) 
Seat 6: Tyche Tea ($3.41 in chips) 
Seat 7: realmadrid18win ($0.34 in chips) 
Seat 9: Dorex2007 ($2.19 in chips) 
ThePeterPuck: posts small blind $0.01
Elpharae: posts big blind $0.02
cberto09: sits out 
*** HOLE CARDS ***
Dealt to Dorex2007 [9h 2s]
Tyche Tea: folds 
realmadrid18win: folds 
Dorex2007: folds 
GJNUNN joins the table at seat #4 
sergeyl01: raises $0.02 to $0.04
Gust4v0_7: calls $0.04
ThePeterPuck: folds 
Elpharae: folds 
*** FLOP *** [3c Js Td]
sergeyl01: bets $0.02
Gust4v0_7: raises $0.06 to $0.08
sergeyl01: folds 
Uncalled bet ($0.06) returned to Gust4v0_7
Gust4v0_7 collected $0.14 from pot
Gust4v0_7: doesn't show hand 
*** SUMMARY ***
Total pot $0.15 | Rake $0.01 
Board [3c Js Td]
Seat 1: sergeyl01 folded on the Flop
Seat 2: Gust4v0_7 (button) collected ($0.14)
Seat 3: ThePeterPuck (small blind) folded before Flop
Seat 5: Elpharae (big blind) folded before Flop
Seat 6: Tyche Tea folded before Flop (didn't bet)
Seat 7: realmadrid18win folded before Flop (didn't bet)
Seat 9: Dorex2007 folded before Flop (didn't bet)



PokerStars Hand #234410600424:  Hold'em No Limit ($0.01/$0.02 USD) - 2022/02/26 15:53:00 PT [2022/02/26 18:53:00 ET]
Table 'Ingeborg' 9-max Seat #3 is the button
Seat 1: sergeyl01 ($0.88 in chips) 
Seat 2: Gust4v0_7 ($1.79 in chips) 
Seat 3: ThePeterPuck ($1.43 in chips) 
Seat 5: Elpharae ($2.19 in chips) 
Seat 6: Tyche Tea ($3.41 in chips) 
Seat 7: realmadrid18win ($0.34 in chips) 
Seat 9: Dorex2007 ($2.19 in chips) 
Elpharae: posts small blind $0.01
Tyche Tea: posts big blind $0.02
cberto09: sits out 
*** HOLE CARDS ***
Dealt to Dorex2007 [3c 4h]
realmadrid18win: folds 
Dorex2007: folds 
sergeyl01: folds 
Gust4v0_7: calls $0.02
ThePeterPuck: folds 
Elpharae: folds 
Tyche Tea: checks 
*** FLOP *** [8d Td 4s]
Tyche Tea: checks 
Gust4v0_7: checks 
*** TURN *** [8d Td 4s] [2c]
Tyche Tea: checks 
Gust4v0_7: checks 
*** RIVER *** [8d Td 4s 2c] [8s]
Tyche Tea: bets $0.03
Gust4v0_7: folds 
Uncalled bet ($0.03) returned to Tyche Tea
Tyche Tea collected $0.05 from pot
Tyche Tea: doesn't show hand 
*** SUMMARY ***
Total pot $0.05 | Rake $0 
Board [8d Td 4s 2c 8s]
Seat 1: sergeyl01 folded before Flop (didn't bet)
Seat 2: Gust4v0_7 folded on the River
Seat 3: ThePeterPuck (button) folded before Flop (didn't bet)
Seat 5: Elpharae (small blind) folded before Flop
Seat 6: Tyche Tea (big blind) collected ($0.05)
Seat 7: realmadrid18win folded before Flop (didn't bet)
Seat 9: Dorex2007 folded before Flop (didn't bet)



PokerStars Hand #234410616818:  Hold'em No Limit ($0.01/$0.02 USD) - 2022/02/26 15:53:46 PT [2022/02/26 18:53:46 ET]
Table 'Ingeborg' 9-max Seat #5 is the button
Seat 1: sergeyl01 ($0.88 in chips) 
Seat 2: Gust4v0_7 ($1.77 in chips) 
Seat 3: ThePeterPuck ($1.43 in chips) 
Seat 5: Elpharae ($2.18 in chips) 
Seat 6: Tyche Tea ($3.44 in chips) 
Seat 7: realmadrid18win ($0.34 in chips) 
Seat 9: Dorex2007 ($2.19 in chips) 
Tyche Tea: posts small blind $0.01
realmadrid18win: posts big blind $0.02
cberto09: sits out 
GJNUNN: sits out 
*** HOLE CARDS ***
Dealt to Dorex2007 [6c Tc]
Dorex2007: folds 
sergeyl01: folds 
Gust4v0_7 has timed out
Gust4v0_7: folds 
ThePeterPuck: calls $0.02
Elpharae: folds 
Tyche Tea: calls $0.01
realmadrid18win: checks 
*** FLOP *** [8h 9d 2s]
Tyche Tea: bets $0.03
realmadrid18win: folds 
ThePeterPuck: folds 
Uncalled bet ($0.03) returned to Tyche Tea
Tyche Tea collected $0.06 from pot
Tyche Tea: doesn't show hand 
*** SUMMARY ***
Total pot $0.06 | Rake $0 
Board [8h 9d 2s]
Seat 1: sergeyl01 folded before Flop (didn't bet)
Seat 2: Gust4v0_7 folded before Flop (didn't bet)
Seat 3: ThePeterPuck folded on the Flop
Seat 5: Elpharae (button) folded before Flop (didn't bet)
Seat 6: Tyche Tea (small blind) collected ($0.06)
Seat 7: realmadrid18win (big blind) folded on the Flop
Seat 9: Dorex2007 folded before Flop (didn't bet)



PokerStars Hand #234410629424:  Hold'em No Limit ($0.01/$0.02 USD) - 2022/02/26 15:54:21 PT [2022/02/26 18:54:21 ET]
Table 'Ingeborg' 9-max Seat #6 is the button
Seat 1: sergeyl01 ($0.88 in chips) 
Seat 2: Gust4v0_7 ($1.77 in chips) 
Seat 3: ThePeterPuck ($1.41 in chips) 
Seat 5: Elpharae ($2.18 in chips) 
Seat 6: Tyche Tea ($3.48 in chips) 
Seat 7: realmadrid18win ($0.32 in chips) 
Seat 8: cberto09 ($2.20 in chips) 
Seat 9: Dorex2007 ($2.19 in chips) 
realmadrid18win: posts small blind $0.01
cberto09: posts big blind $0.02
GJNUNN: sits out 
*** HOLE CARDS ***
Dealt to Dorex2007 [Jd 9d]
Dorex2007: folds 
sergeyl01: folds 
Gust4v0_7: folds 
ThePeterPuck: calls $0.02
Elpharae: folds 
Tyche Tea: folds 
realmadrid18win: calls $0.01
cberto09: checks 
*** FLOP *** [2c 8d Td]
realmadrid18win: checks 
cberto09: checks 
ThePeterPuck: checks 
*** TURN *** [2c 8d Td] [8s]
realmadrid18win: bets $0.05
cberto09: calls $0.05
ThePeterPuck: folds 
*** RIVER *** [2c 8d Td 8s] [6h]
realmadrid18win: checks 
cberto09: bets $0.11
realmadrid18win: folds 
Uncalled bet ($0.11) returned to cberto09
cberto09 collected $0.15 from pot
cberto09: doesn't show hand 
*** SUMMARY ***
Total pot $0.16 | Rake $0.01 
Board [2c 8d Td 8s 6h]
Seat 1: sergeyl01 folded before Flop (didn't bet)
Seat 2: Gust4v0_7 folded before Flop (didn't bet)
Seat 3: ThePeterPuck folded on the Turn
Seat 5: Elpharae folded before Flop (didn't bet)
Seat 6: Tyche Tea (button) folded before Flop (didn't bet)
Seat 7: realmadrid18win (small blind) folded on the River
Seat 8: cberto09 (big blind) collected ($0.15)
Seat 9: Dorex2007 folded before Flop (didn't bet)



PokerStars Hand #234410652371:  Hold'em No Limit ($0.01/$0.02 USD) - 2022/02/26 15:55:29 PT [2022/02/26 18:55:29 ET]
Table 'Ingeborg' 9-max Seat #7 is the button
Seat 1: sergeyl01 ($0.88 in chips) 
Seat 2: Gust4v0_7 ($1.77 in chips) 
Seat 3: ThePeterPuck ($1.39 in chips) 
Seat 5: Elpharae ($2.18 in chips) 
Seat 6: Tyche Tea ($3.48 in chips) 
Seat 7: realmadrid18win ($0.25 in chips) 
Seat 8: cberto09 ($2.28 in chips) 
Seat 9: Dorex2007 ($2.19 in chips) 
cberto09: posts small blind $0.01
Dorex2007: posts big blind $0.02
GJNUNN: sits out 
*** HOLE CARDS ***
Dealt to Dorex2007 [Qs 6c]
sergeyl01: folds 
Gust4v0_7: folds 
ThePeterPuck: calls $0.02
Elpharae: folds 
Tyche Tea: folds 
realmadrid18win: folds 
cberto09: calls $0.01
Dorex2007: checks 
*** FLOP *** [9s Qh 6s]
cberto09: checks 
Dorex2007: bets $0.04
ThePeterPuck: calls $0.04
cberto09: folds 
*** TURN *** [9s Qh 6s] [Js]
Dorex2007: checks 
ThePeterPuck: checks 
*** RIVER *** [9s Qh 6s Js] [5d]
Dorex2007: bets $0.07
ThePeterPuck: folds 
Uncalled bet ($0.07) returned to Dorex2007
Dorex2007 collected $0.14 from pot
Dorex2007: doesn't show hand 
*** SUMMARY ***
Total pot $0.14 | Rake $0 
Board [9s Qh 6s Js 5d]
Seat 1: sergeyl01 folded before Flop (didn't bet)
Seat 2: Gust4v0_7 folded before Flop (didn't bet)
Seat 3: ThePeterPuck folded on the River
Seat 5: Elpharae folded before Flop (didn't bet)
Seat 6: Tyche Tea folded before Flop (didn't bet)
Seat 7: realmadrid18win (button) folded before Flop (didn't bet)
Seat 8: cberto09 (small blind) folded on the Flop
Seat 9: Dorex2007 (big blind) collected ($0.14)



PokerStars Hand #234410672590:  Hold'em No Limit ($0.01/$0.02 USD) - 2022/02/26 15:56:40 PT [2022/02/26 18:56:40 ET]
Table 'Ingeborg' 9-max Seat #8 is the button
Seat 1: sergeyl01 ($0.88 in chips) 
Seat 2: Gust4v0_7 ($1.77 in chips) 
Seat 3: ThePeterPuck ($1.33 in chips) 
Seat 5: Elpharae ($2.18 in chips) 
Seat 6: Tyche Tea ($3.48 in chips) 
Seat 7: realmadrid18win ($0.25 in chips) 
Seat 8: cberto09 ($2.26 in chips) 
Seat 9: Dorex2007 ($2.27 in chips) 
Dorex2007: posts small blind $0.01
sergeyl01: posts big blind $0.02
GJNUNN: sits out 
*** HOLE CARDS ***
Dealt to Dorex2007 [9s 3h]
Gust4v0_7: calls $0.02
ThePeterPuck: folds 
Elpharae: folds 
Tyche Tea: folds 
realmadrid18win: folds 
cberto09: folds 
Dorex2007: folds 
ThePeterPuck leaves the table
sergeyl01: checks 
*** FLOP *** [3d 8s 4d]
bloody55hawk joins the table at seat #3 
sergeyl01: bets $0.02
Gust4v0_7: folds 
Uncalled bet ($0.02) returned to sergeyl01
sergeyl01 collected $0.05 from pot
*** SUMMARY ***
Total pot $0.05 | Rake $0 
Board [3d 8s 4d]
Seat 1: sergeyl01 (big blind) collected ($0.05)
Seat 2: Gust4v0_7 folded on the Flop
Seat 3: ThePeterPuck folded before Flop (didn't bet)
Seat 5: Elpharae folded before Flop (didn't bet)
Seat 6: Tyche Tea folded before Flop (didn't bet)
Seat 7: realmadrid18win folded before Flop (didn't bet)
Seat 8: cberto09 (button) folded before Flop (didn't bet)
Seat 9: Dorex2007 (small blind) folded before Flop



PokerStars Hand #234410680834:  Hold'em No Limit ($0.01/$0.02 USD) - 2022/02/26 15:57:09 PT [2022/02/26 18:57:09 ET]
Table 'Ingeborg' 9-max Seat #9 is the button
Seat 1: sergeyl01 ($0.91 in chips) 
Seat 2: Gust4v0_7 ($1.75 in chips) 
Seat 5: Elpharae ($2.18 in chips) 
Seat 6: Tyche Tea ($3.48 in chips) 
Seat 7: realmadrid18win ($0.25 in chips) 
Seat 8: cberto09 ($2.26 in chips) 
Seat 9: Dorex2007 ($2.26 in chips) 
sergeyl01: posts small blind $0.01
Gust4v0_7: posts big blind $0.02
bloody55hawk: sits out 
GJNUNN: sits out 
*** HOLE CARDS ***
Dealt to Dorex2007 [Ad Kh]
Elpharae: raises $0.05 to $0.07
Tyche Tea: folds 
realmadrid18win: folds 
cberto09: raises $0.05 to $0.12
Dorex2007: folds 
sergeyl01: folds 
Gust4v0_7: folds 
Elpharae: calls $0.05
*** FLOP *** [Kd Jh 6h]
Elpharae: checks 
cberto09: bets $0.08
Elpharae: folds 
Uncalled bet ($0.08) returned to cberto09
cberto09 collected $0.26 from pot
cberto09: doesn't show hand 
*** SUMMARY ***
Total pot $0.27 | Rake $0.01 
Board [Kd Jh 6h]
Seat 1: sergeyl01 (small blind) folded before Flop
Seat 2: Gust4v0_7 (big blind) folded before Flop
Seat 5: Elpharae folded on the Flop
Seat 6: Tyche Tea folded before Flop (didn't bet)
Seat 7: realmadrid18win folded before Flop (didn't bet)
Seat 8: cberto09 collected ($0.26)
Seat 9: Dorex2007 (button) folded before Flop (didn't bet)



PokerStars Hand #234410698002:  Hold'em No Limit ($0.01/$0.02 USD) - 2022/02/26 15:58:10 PT [2022/02/26 18:58:10 ET]
Table 'Ingeborg' 9-max Seat #1 is the button
Seat 1: sergeyl01 ($0.90 in chips) 
Seat 2: Gust4v0_7 ($1.73 in chips) 
Seat 3: bloody55hawk ($0.80 in chips) 
Seat 5: Elpharae ($2.06 in chips) 
Seat 6: Tyche Tea ($3.48 in chips) 
Seat 7: realmadrid18win ($0.25 in chips) 
Seat 8: cberto09 ($2.40 in chips) 
Seat 9: Dorex2007 ($2.26 in chips) 
Gust4v0_7: posts small blind $0.01
bloody55hawk: posts big blind $0.02
GJNUNN: sits out 
*** HOLE CARDS ***
Dealt to Dorex2007 [8d 5h]
Elpharae: folds 
Tyche Tea: folds 
realmadrid18win: folds 
cberto09: folds 
Dorex2007: folds 
sergeyl01: folds 
Gust4v0_7: calls $0.01
bloody55hawk: checks 
*** FLOP *** [7h Kh 9d]
Gust4v0_7: bets $0.02
bloody55hawk: folds 
Uncalled bet ($0.02) returned to Gust4v0_7
Gust4v0_7 collected $0.04 from pot
Gust4v0_7: doesn't show hand 
*** SUMMARY ***
Total pot $0.04 | Rake $0 
Board [7h Kh 9d]
Seat 1: sergeyl01 (button) folded before Flop (didn't bet)
Seat 2: Gust4v0_7 (small blind) collected ($0.04)
Seat 3: bloody55hawk (big blind) folded on the Flop
Seat 5: Elpharae folded before Flop (didn't bet)
Seat 6: Tyche Tea folded before Flop (didn't bet)
Seat 7: realmadrid18win folded before Flop (didn't bet)
Seat 8: cberto09 folded before Flop (didn't bet)
Seat 9: Dorex2007 folded before Flop (didn't bet)



PokerStars Hand #234410705630:  Hold'em No Limit ($0.01/$0.02 USD) - 2022/02/26 15:58:36 PT [2022/02/26 18:58:36 ET]
Table 'Ingeborg' 9-max Seat #2 is the button
Seat 1: sergeyl01 ($0.90 in chips) 
Seat 2: Gust4v0_7 ($1.75 in chips) 
Seat 3: bloody55hawk ($0.80 in chips) 
Seat 4: GJNUNN ($2 in chips) 
Seat 5: Elpharae ($2.06 in chips) 
Seat 6: Tyche Tea ($3.48 in chips) 
Seat 7: realmadrid18win ($0.25 in chips) 
Seat 8: cberto09 ($2.40 in chips) 
Seat 9: Dorex2007 ($2.26 in chips) 
bloody55hawk: posts small blind $0.01
GJNUNN: posts big blind $0.02
*** HOLE CARDS ***
Dealt to Dorex2007 [Kh 3d]
Elpharae: folds 
Tyche Tea: folds 
realmadrid18win: raises $0.04 to $0.06
cberto09: folds 
Dorex2007: folds 
sergeyl01: folds 
Gust4v0_7: folds 
bloody55hawk: folds 
GJNUNN: folds 
Uncalled bet ($0.04) returned to realmadrid18win
realmadrid18win collected $0.05 from pot
*** SUMMARY ***
Total pot $0.05 | Rake $0 
Seat 1: sergeyl01 folded before Flop (didn't bet)
Seat 2: Gust4v0_7 (button) folded before Flop (didn't bet)
Seat 3: bloody55hawk (small blind) folded before Flop
Seat 4: GJNUNN (big blind) folded before Flop
Seat 5: Elpharae folded before Flop (didn't bet)
Seat 6: Tyche Tea folded before Flop (didn't bet)
Seat 7: realmadrid18win collected ($0.05)
Seat 8: cberto09 folded before Flop (didn't bet)
Seat 9: Dorex2007 folded before Flop (didn't bet)



PokerStars Hand #234410713385:  Hold'em No Limit ($0.01/$0.02 USD) - 2022/02/26 15:59:04 PT [2022/02/26 18:59:04 ET]
Table 'Ingeborg' 9-max Seat #3 is the button
Seat 1: sergeyl01 ($0.90 in chips) 
Seat 2: Gust4v0_7 ($1.75 in chips) 
Seat 3: bloody55hawk ($0.80 in chips) 
Seat 4: GJNUNN ($2 in chips) 
Seat 5: Elpharae ($2.06 in chips) 
Seat 6: Tyche Tea ($3.48 in chips) 
Seat 7: realmadrid18win ($0.28 in chips) 
Seat 8: cberto09 ($2.40 in chips) 
Seat 9: Dorex2007 ($2.26 in chips) 
GJNUNN: posts small blind $0.01
Elpharae: posts big blind $0.02
*** HOLE CARDS ***
Dealt to Dorex2007 [6s 8s]
Tyche Tea: folds 
realmadrid18win: folds 
cberto09: folds 
Dorex2007: folds 
sergeyl01: folds 
Gust4v0_7: calls $0.02
bloody55hawk: raises $0.04 to $0.06
GJNUNN: folds 
Elpharae: folds 
Gust4v0_7: calls $0.04
*** FLOP *** [5h Qc 6d]
Gust4v0_7: checks 
bloody55hawk: bets $0.08
Gust4v0_7: raises $0.08 to $0.16
bloody55hawk: folds 
Uncalled bet ($0.08) returned to Gust4v0_7
Gust4v0_7 collected $0.30 from pot
Gust4v0_7: doesn't show hand 
*** SUMMARY ***
Total pot $0.31 | Rake $0.01 
Board [5h Qc 6d]
Seat 1: sergeyl01 folded before Flop (didn't bet)
Seat 2: Gust4v0_7 collected ($0.30)
Seat 3: bloody55hawk (button) folded on the Flop
Seat 4: GJNUNN (small blind) folded before Flop
Seat 5: Elpharae (big blind) folded before Flop
Seat 6: Tyche Tea folded before Flop (didn't bet)
Seat 7: realmadrid18win folded before Flop (didn't bet)
Seat 8: cberto09 folded before Flop (didn't bet)
Seat 9: Dorex2007 folded before Flop (didn't bet)



PokerStars Hand #234410726286:  Hold'em No Limit ($0.01/$0.02 USD) - 2022/02/26 15:59:49 PT [2022/02/26 18:59:49 ET]
Table 'Ingeborg' 9-max Seat #4 is the button
Seat 1: sergeyl01 ($0.90 in chips) 
Seat 2: Gust4v0_7 ($1.91 in chips) 
Seat 3: bloody55hawk ($0.80 in chips) 
Seat 4: GJNUNN ($2 in chips) 
Seat 5: Elpharae ($2.04 in chips) 
Seat 6: Tyche Tea ($3.48 in chips) 
Seat 7: realmadrid18win ($0.28 in chips) 
Seat 8: cberto09 ($2.40 in chips) 
Seat 9: Dorex2007 ($2.26 in chips) 
Elpharae: posts small blind $0.01
Tyche Tea: posts big blind $0.02
*** HOLE CARDS ***
Dealt to Dorex2007 [Kh Kd]
realmadrid18win: folds 
cberto09: folds 
Dorex2007: raises $0.04 to $0.06
sergeyl01: folds 
sergeyl01 leaves the table
Gust4v0_7: folds 
bloody55hawk: folds 
GJNUNN: folds 
Elpharae: folds 
Tyche Tea: folds 
Uncalled bet ($0.04) returned to Dorex2007
Dorex2007 collected $0.05 from pot
Dorex2007: doesn't show hand 
*** SUMMARY ***
Total pot $0.05 | Rake $0 
Seat 1: sergeyl01 folded before Flop (didn't bet)
Seat 2: Gust4v0_7 folded before Flop (didn't bet)
Seat 3: bloody55hawk folded before Flop (didn't bet)
Seat 4: GJNUNN (button) folded before Flop (didn't bet)
Seat 5: Elpharae (small blind) folded before Flop
Seat 6: Tyche Tea (big blind) folded before Flop
Seat 7: realmadrid18win folded before Flop (didn't bet)
Seat 8: cberto09 folded before Flop (didn't bet)
Seat 9: Dorex2007 collected ($0.05)



PokerStars Hand #234410735871:  Hold'em No Limit ($0.01/$0.02 USD) - 2022/02/26 16:00:22 PT [2022/02/26 19:00:22 ET]
Table 'Ingeborg' 9-max Seat #5 is the button
Seat 2: Gust4v0_7 ($1.91 in chips) 
Seat 3: bloody55hawk ($0.80 in chips) 
Seat 4: GJNUNN ($2 in chips) 
Seat 5: Elpharae ($2.03 in chips) 
Seat 6: Tyche Tea ($3.46 in chips) 
Seat 7: realmadrid18win ($0.28 in chips) 
Seat 8: cberto09 ($2.40 in chips) 
Seat 9: Dorex2007 ($2.29 in chips) 
Tyche Tea: posts small blind $0.01
realmadrid18win: posts big blind $0.02
*** HOLE CARDS ***
Dealt to Dorex2007 [6d Qh]
cberto09: folds 
Dorex2007: folds 
Gust4v0_7: folds 
bloody55hawk: folds 
GJNUNN: folds 
Elpharae: folds 
Tyche Tea: raises $3.44 to $3.46 and is all-in
LeandroAku joins the table at seat #1 
realmadrid18win: folds 
Uncalled bet ($3.44) returned to Tyche Tea
Tyche Tea collected $0.04 from pot
Tyche Tea: doesn't show hand 
*** SUMMARY ***
Total pot $0.04 | Rake $0 
Seat 2: Gust4v0_7 folded before Flop (didn't bet)
Seat 3: bloody55hawk folded before Flop (didn't bet)
Seat 4: GJNUNN folded before Flop (didn't bet)
Seat 5: Elpharae (button) folded before Flop (didn't bet)
Seat 6: Tyche Tea (small blind) collected ($0.04)
Seat 7: realmadrid18win (big blind) folded before Flop
Seat 8: cberto09 folded before Flop (didn't bet)
Seat 9: Dorex2007 folded before Flop (didn't bet)



PokerStars Hand #234410746620:  Hold'em No Limit ($0.01/$0.02 USD) - 2022/02/26 16:00:57 PT [2022/02/26 19:00:57 ET]
Table 'Ingeborg' 9-max Seat #6 is the button
Seat 2: Gust4v0_7 ($1.91 in chips) 
Seat 3: bloody55hawk ($0.80 in chips) 
Seat 4: GJNUNN ($2 in chips) 
Seat 5: Elpharae ($2.03 in chips) 
Seat 6: Tyche Tea ($3.48 in chips) 
Seat 7: realmadrid18win ($0.26 in chips) 
Seat 8: cberto09 ($2.40 in chips) 
Seat 9: Dorex2007 ($2.29 in chips) 
realmadrid18win: posts small blind $0.01
cberto09: posts big blind $0.02
LeandroAku: sits out 
*** HOLE CARDS ***
Dealt to Dorex2007 [8h 6h]
Dorex2007: folds 
Gust4v0_7: folds 
bloody55hawk: folds 
GJNUNN: raises $0.04 to $0.06
Elpharae: folds 
Tyche Tea: folds 
realmadrid18win: folds 
realmadrid18win said, "relax"
cberto09: folds 
Uncalled bet ($0.04) returned to GJNUNN
realmadrid18win said, "budweiser"
GJNUNN collected $0.05 from pot
GJNUNN: doesn't show hand 
*** SUMMARY ***
Total pot $0.05 | Rake $0 
Seat 2: Gust4v0_7 folded before Flop (didn't bet)
Seat 3: bloody55hawk folded before Flop (didn't bet)
Seat 4: GJNUNN collected ($0.05)
Seat 5: Elpharae folded before Flop (didn't bet)
Seat 6: Tyche Tea (button) folded before Flop (didn't bet)
Seat 7: realmadrid18win (small blind) folded before Flop
Seat 8: cberto09 (big blind) folded before Flop
Seat 9: Dorex2007 folded before Flop (didn't bet)



PokerStars Hand #234410756103:  Hold'em No Limit ($0.01/$0.02 USD) - 2022/02/26 16:01:26 PT [2022/02/26 19:01:26 ET]
Table 'Ingeborg' 9-max Seat #7 is the button
Seat 2: Gust4v0_7 ($1.91 in chips) 
Seat 3: bloody55hawk ($0.80 in chips) 
Seat 4: GJNUNN ($2.03 in chips) 
Seat 5: Elpharae ($2.03 in chips) 
Seat 6: Tyche Tea ($3.48 in chips) 
Seat 7: realmadrid18win ($0.25 in chips) 
Seat 8: cberto09 ($2.38 in chips) 
Seat 9: Dorex2007 ($2.29 in chips) 
cberto09: posts small blind $0.01
Dorex2007: posts big blind $0.02
LeandroAku has timed out
LeandroAku: is sitting out 
*** HOLE CARDS ***
Dealt to Dorex2007 [3s Td]
Gust4v0_7: raises $0.04 to $0.06
bloody55hawk: folds 
GJNUNN: folds 
Elpharae: folds 
Tyche Tea: folds 
realmadrid18win: folds 
cberto09: folds 
Dorex2007: folds 
Uncalled bet ($0.04) returned to Gust4v0_7
Gust4v0_7 collected $0.05 from pot
Gust4v0_7: doesn't show hand 
*** SUMMARY ***
Total pot $0.05 | Rake $0 
Seat 2: Gust4v0_7 collected ($0.05)
Seat 3: bloody55hawk folded before Flop (didn't bet)
Seat 4: GJNUNN folded before Flop (didn't bet)
Seat 5: Elpharae folded before Flop (didn't bet)
Seat 6: Tyche Tea folded before Flop (didn't bet)
Seat 7: realmadrid18win (button) folded before Flop (didn't bet)
Seat 8: cberto09 (small blind) folded before Flop
Seat 9: Dorex2007 (big blind) folded before Flop



PokerStars Hand #234410771497:  Hold'em No Limit ($0.01/$0.02 USD) - 2022/02/26 16:02:10 PT [2022/02/26 19:02:10 ET]
Table 'Ingeborg' 9-max Seat #8 is the button
Seat 2: Gust4v0_7 ($1.94 in chips) 
Seat 3: bloody55hawk ($0.80 in chips) 
Seat 4: GJNUNN ($2.03 in chips) 
Seat 5: Elpharae ($2.03 in chips) 
Seat 6: Tyche Tea ($3.48 in chips) 
Seat 7: realmadrid18win ($0.25 in chips) 
Seat 8: cberto09 ($2.37 in chips) 
Seat 9: Dorex2007 ($2.27 in chips) 
Dorex2007: posts small blind $0.01
LeandroAku has timed out
LeandroAku: is sitting out 
Gust4v0_7: posts big blind $0.02
*** HOLE CARDS ***
Dealt to Dorex2007 [Jh 3s]
bloody55hawk: folds 
GJNUNN: folds 
Elpharae: folds 
Tyche Tea: folds 
realmadrid18win: folds 
cberto09: folds 
Dorex2007: folds 
Uncalled bet ($0.01) returned to Gust4v0_7
Gust4v0_7 collected $0.02 from pot
Gust4v0_7: doesn't show hand 
*** SUMMARY ***
Total pot $0.02 | Rake $0 
Seat 2: Gust4v0_7 (big blind) collected ($0.02)
Seat 3: bloody55hawk folded before Flop (didn't bet)
Seat 4: GJNUNN folded before Flop (didn't bet)
Seat 5: Elpharae folded before Flop (didn't bet)
Seat 6: Tyche Tea folded before Flop (didn't bet)
Seat 7: realmadrid18win folded before Flop (didn't bet)
Seat 8: cberto09 (button) folded before Flop (didn't bet)
Seat 9: Dorex2007 (small blind) folded before Flop



PokerStars Hand #234410781978:  Hold'em No Limit ($0.01/$0.02 USD) - 2022/02/26 16:02:41 PT [2022/02/26 19:02:41 ET]
Table 'Ingeborg' 9-max Seat #9 is the button
Seat 2: Gust4v0_7 ($1.95 in chips) 
Seat 3: bloody55hawk ($0.80 in chips) 
Seat 4: GJNUNN ($2.03 in chips) 
Seat 5: Elpharae ($2.03 in chips) 
Seat 6: Tyche Tea ($3.48 in chips) 
Seat 7: realmadrid18win ($0.25 in chips) 
Seat 8: cberto09 ($2.37 in chips) 
Seat 9: Dorex2007 ($2.26 in chips) 
Gust4v0_7: posts small blind $0.01
bloody55hawk: posts big blind $0.02
*** HOLE CARDS ***
Dealt to Dorex2007 [5d 6h]
GJNUNN: folds 
Elpharae: folds 
Tyche Tea: raises $0.03 to $0.05
realmadrid18win: folds 
cberto09: calls $0.05
Dorex2007: folds 
Gust4v0_7: folds 
bloody55hawk: folds 
*** FLOP *** [6d Td 2d]
Tyche Tea: bets $0.12
cberto09: folds 
Uncalled bet ($0.12) returned to Tyche Tea
Tyche Tea collected $0.13 from pot
Tyche Tea: doesn't show hand 
*** SUMMARY ***
Total pot $0.13 | Rake $0 
Board [6d Td 2d]
Seat 2: Gust4v0_7 (small blind) folded before Flop
Seat 3: bloody55hawk (big blind) folded before Flop
Seat 4: GJNUNN folded before Flop (didn't bet)
Seat 5: Elpharae folded before Flop (didn't bet)
Seat 6: Tyche Tea collected ($0.13)
Seat 7: realmadrid18win folded before Flop (didn't bet)
Seat 8: cberto09 folded on the Flop
Seat 9: Dorex2007 (button) folded before Flop (didn't bet)



PokerStars Hand #234410791447:  Hold'em No Limit ($0.01/$0.02 USD) - 2022/02/26 16:03:09 PT [2022/02/26 19:03:09 ET]
Table 'Ingeborg' 9-max Seat #2 is the button
Seat 2: Gust4v0_7 ($1.94 in chips) 
Seat 3: bloody55hawk ($0.80 in chips) 
Seat 4: GJNUNN ($2.03 in chips) 
Seat 5: Elpharae ($2.03 in chips) 
Seat 6: Tyche Tea ($3.56 in chips) 
Seat 7: realmadrid18win ($0.25 in chips) 
Seat 8: cberto09 ($2.32 in chips) 
Seat 9: Dorex2007 ($2.26 in chips) 
bloody55hawk: posts small blind $0.01
GJNUNN: posts big blind $0.02
LeandroAku: sits out 
*** HOLE CARDS ***
Dealt to Dorex2007 [5s As]
Elpharae: folds 
Tyche Tea: folds 
realmadrid18win: folds 
cberto09: folds 
Dorex2007: raises $0.04 to $0.06
Gust4v0_7: calls $0.06
bloody55hawk: folds 
GJNUNN: folds 
*** FLOP *** [3c Jh 8s]
Dorex2007: checks 
Gust4v0_7: checks 
*** TURN *** [3c Jh 8s] [6s]
Dorex2007: bets $0.09
Gust4v0_7: folds 
Uncalled bet ($0.09) returned to Dorex2007
Dorex2007 collected $0.14 from pot
Dorex2007: doesn't show hand 
*** SUMMARY ***
Total pot $0.15 | Rake $0.01 
Board [3c Jh 8s 6s]
Seat 2: Gust4v0_7 (button) folded on the Turn
Seat 3: bloody55hawk (small blind) folded before Flop
Seat 4: GJNUNN (big blind) folded before Flop
Seat 5: Elpharae folded before Flop (didn't bet)
Seat 6: Tyche Tea folded before Flop (didn't bet)
Seat 7: realmadrid18win folded before Flop (didn't bet)
Seat 8: cberto09 folded before Flop (didn't bet)
Seat 9: Dorex2007 collected ($0.14)



PokerStars Hand #234410811814:  Hold'em No Limit ($0.01/$0.02 USD) - 2022/02/26 16:03:46 PT [2022/02/26 19:03:46 ET]
Table 'Ingeborg' 9-max Seat #3 is the button
Seat 2: Gust4v0_7 ($1.88 in chips) 
Seat 3: bloody55hawk ($0.80 in chips) 
Seat 4: GJNUNN ($2.01 in chips) 
Seat 5: Elpharae ($2.03 in chips) 
Seat 6: Tyche Tea ($3.56 in chips) 
Seat 7: realmadrid18win ($0.25 in chips) 
Seat 8: cberto09 ($2.32 in chips) 
Seat 9: Dorex2007 ($2.34 in chips) 
GJNUNN: posts small blind $0.01
Elpharae: posts big blind $0.02
LeandroAku has timed out
LeandroAku: is sitting out 
*** HOLE CARDS ***
Dealt to Dorex2007 [4h 9c]
Tyche Tea: folds 
realmadrid18win: folds 
cberto09: folds 
Dorex2007: folds 
LeandroAku leaves the table
Gust4v0_7: folds 
bloody55hawk: folds 
GJNUNN: calls $0.01
Elpharae: checks 
*** FLOP *** [2s Kc 9d]
GJNUNN: checks 
Elpharae: checks 
*** TURN *** [2s Kc 9d] [Js]
GJNUNN: checks 
Elpharae: bets $0.03
GJNUNN: calls $0.03
*** RIVER *** [2s Kc 9d Js] [5h]
GJNUNN: checks 
Elpharae: checks 
*** SHOW DOWN ***
GJNUNN: shows [Ac 7d] (high card Ace)
Elpharae: shows [Jh 6d] (a pair of Jacks)
Elpharae collected $0.10 from pot
*** SUMMARY ***
Total pot $0.10 | Rake $0 
Board [2s Kc 9d Js 5h]
Seat 2: Gust4v0_7 folded before Flop (didn't bet)
Seat 3: bloody55hawk (button) folded before Flop (didn't bet)
Seat 4: GJNUNN (small blind) showed [Ac 7d] and lost with high card Ace
Seat 5: Elpharae (big blind) showed [Jh 6d] and won ($0.10) with a pair of Jacks
Seat 6: Tyche Tea folded before Flop (didn't bet)
Seat 7: realmadrid18win folded before Flop (didn't bet)
Seat 8: cberto09 folded before Flop (didn't bet)
Seat 9: Dorex2007 folded before Flop (didn't bet)



PokerStars Hand #234410837039:  Hold'em No Limit ($0.01/$0.02 USD) - 2022/02/26 16:04:59 PT [2022/02/26 19:04:59 ET]
Table 'Ingeborg' 9-max Seat #4 is the button
Seat 2: Gust4v0_7 ($1.88 in chips) 
Seat 3: bloody55hawk ($0.80 in chips) 
Seat 4: GJNUNN ($2 in chips) 
Seat 5: Elpharae ($2.08 in chips) 
Seat 6: Tyche Tea ($3.56 in chips) 
Seat 7: realmadrid18win ($0.25 in chips) 
Seat 8: cberto09 ($2.32 in chips) 
Seat 9: Dorex2007 ($2.34 in chips) 
Elpharae: posts small blind $0.01
Tyche Tea: posts big blind $0.02
*** HOLE CARDS ***
Dealt to Dorex2007 [6s 3c]
realmadrid18win: folds 
HoochNZL joins the table at seat #1 
cberto09: folds 
Dorex2007: folds 
Gust4v0_7: folds 
bloody55hawk: folds 
GJNUNN: calls $0.02
Elpharae: calls $0.01
Tyche Tea: raises $0.09 to $0.11
GJNUNN: calls $0.09
Elpharae: calls $0.09
*** FLOP *** [Th 9c As]
Elpharae: checks 
Tyche Tea: bets $0.16
GJNUNN: folds 
Elpharae: folds 
Uncalled bet ($0.16) returned to Tyche Tea
Tyche Tea collected $0.32 from pot
Tyche Tea: doesn't show hand 
*** SUMMARY ***
Total pot $0.33 | Rake $0.01 
Board [Th 9c As]
Seat 2: Gust4v0_7 folded before Flop (didn't bet)
Seat 3: bloody55hawk folded before Flop (didn't bet)
Seat 4: GJNUNN (button) folded on the Flop
Seat 5: Elpharae (small blind) folded on the Flop
Seat 6: Tyche Tea (big blind) collected ($0.32)
Seat 7: realmadrid18win folded before Flop (didn't bet)
Seat 8: cberto09 folded before Flop (didn't bet)
Seat 9: Dorex2007 folded before Flop (didn't bet)



PokerStars Hand #234410860061:  Hold'em No Limit ($0.01/$0.02 USD) - 2022/02/26 16:06:05 PT [2022/02/26 19:06:05 ET]
Table 'Ingeborg' 9-max Seat #5 is the button
Seat 1: HoochNZL ($1.60 in chips) 
Seat 2: Gust4v0_7 ($1.88 in chips) 
Seat 3: bloody55hawk ($0.80 in chips) 
Seat 4: GJNUNN ($2 in chips) 
Seat 5: Elpharae ($2 in chips) 
Seat 6: Tyche Tea ($3.77 in chips) 
Seat 7: realmadrid18win ($0.25 in chips) 
Seat 8: cberto09 ($2.32 in chips) 
Seat 9: Dorex2007 ($2.34 in chips) 
Tyche Tea: posts small blind $0.01
realmadrid18win: posts big blind $0.02
HoochNZL: posts big blind $0.02
*** HOLE CARDS ***
Dealt to Dorex2007 [3h 2c]
cberto09: folds 
Dorex2007: folds 
HoochNZL: checks 
Gust4v0_7: calls $0.02
bloody55hawk: folds 
GJNUNN: folds 
Elpharae: folds 
Tyche Tea: calls $0.01
realmadrid18win: checks 
*** FLOP *** [6s 4c Ks]
Tyche Tea: checks 
realmadrid18win: checks 
HoochNZL: checks 
Gust4v0_7: checks 
*** TURN *** [6s 4c Ks] [Qd]
Tyche Tea: checks 
realmadrid18win: checks 
HoochNZL: checks 
Gust4v0_7: checks 
*** RIVER *** [6s 4c Ks Qd] [9h]
Tyche Tea: checks 
realmadrid18win: checks 
HoochNZL: checks 
Gust4v0_7: bets $0.08
Tyche Tea: folds 
realmadrid18win: folds 
HoochNZL: calls $0.08
*** SHOW DOWN ***
Gust4v0_7: shows [9c Th] (a pair of Nines)
HoochNZL: mucks hand 
Gust4v0_7 collected $0.23 from pot
*** SUMMARY ***
Total pot $0.24 | Rake $0.01 
Board [6s 4c Ks Qd 9h]
Seat 1: HoochNZL mucked [8s 8c]
Seat 2: Gust4v0_7 showed [9c Th] and won ($0.23) with a pair of Nines
Seat 3: bloody55hawk folded before Flop (didn't bet)
Seat 4: GJNUNN folded before Flop (didn't bet)
Seat 5: Elpharae (button) folded before Flop (didn't bet)
Seat 6: Tyche Tea (small blind) folded on the River
Seat 7: realmadrid18win (big blind) folded on the River
Seat 8: cberto09 folded before Flop (didn't bet)
Seat 9: Dorex2007 folded before Flop (didn't bet)



PokerStars Hand #234410881163:  Hold'em No Limit ($0.01/$0.02 USD) - 2022/02/26 16:07:01 PT [2022/02/26 19:07:01 ET]
Table 'Ingeborg' 9-max Seat #6 is the button
Seat 1: HoochNZL ($1.50 in chips) 
Seat 2: Gust4v0_7 ($2.01 in chips) 
Seat 3: bloody55hawk ($0.80 in chips) 
Seat 4: GJNUNN ($2 in chips) 
Seat 5: Elpharae ($2 in chips) 
Seat 6: Tyche Tea ($3.75 in chips) 
Seat 7: realmadrid18win ($0.23 in chips) 
Seat 8: cberto09 ($2.32 in chips) 
Seat 9: Dorex2007 ($2.34 in chips) 
realmadrid18win: posts small blind $0.01
cberto09: posts big blind $0.02
*** HOLE CARDS ***
Dealt to Dorex2007 [Jd 8h]
Dorex2007: folds 
HoochNZL: folds 
Gust4v0_7: folds 
bloody55hawk: raises $0.78 to $0.80 and is all-in
GJNUNN: folds 
Elpharae: folds 
Tyche Tea: folds 
realmadrid18win: folds 
cberto09: folds 
Uncalled bet ($0.78) returned to bloody55hawk
bloody55hawk collected $0.05 from pot
bloody55hawk: doesn't show hand 
*** SUMMARY ***
Total pot $0.05 | Rake $0 
Seat 1: HoochNZL folded before Flop (didn't bet)
Seat 2: Gust4v0_7 folded before Flop (didn't bet)
Seat 3: bloody55hawk collected ($0.05)
Seat 4: GJNUNN folded before Flop (didn't bet)
Seat 5: Elpharae folded before Flop (didn't bet)
Seat 6: Tyche Tea (button) folded before Flop (didn't bet)
Seat 7: realmadrid18win (small blind) folded before Flop
Seat 8: cberto09 (big blind) folded before Flop
Seat 9: Dorex2007 folded before Flop (didn't bet)



PokerStars Hand #234410889328:  Hold'em No Limit ($0.01/$0.02 USD) - 2022/02/26 16:07:25 PT [2022/02/26 19:07:25 ET]
Table 'Ingeborg' 9-max Seat #7 is the button
Seat 1: HoochNZL ($1.50 in chips) 
Seat 2: Gust4v0_7 ($2.01 in chips) 
Seat 3: bloody55hawk ($0.83 in chips) 
Seat 4: GJNUNN ($2 in chips) 
Seat 5: Elpharae ($2 in chips) 
Seat 6: Tyche Tea ($3.75 in chips) 
Seat 7: realmadrid18win ($0.22 in chips) 
Seat 8: cberto09 ($2.30 in chips) 
Seat 9: Dorex2007 ($2.34 in chips) 
cberto09: posts small blind $0.01
Dorex2007: posts big blind $0.02
*** HOLE CARDS ***
Dealt to Dorex2007 [3s 4d]
HoochNZL: folds 
Gust4v0_7: calls $0.02
bloody55hawk: folds 
GJNUNN: folds 
Elpharae: folds 
Tyche Tea: folds 
realmadrid18win: folds 
HoochNZL leaves the table
cberto09: folds 
Dorex2007: checks 
*** FLOP *** [8h Tc Ah]
Dorex2007: checks 
Gust4v0_7: checks 
*** TURN *** [8h Tc Ah] [Th]
Dorex2007: checks 
Gust4v0_7: bets $0.05
Dorex2007: folds 
Uncalled bet ($0.05) returned to Gust4v0_7
Gust4v0_7 collected $0.05 from pot
Gust4v0_7: doesn't show hand 
*** SUMMARY ***
Total pot $0.05 | Rake $0 
Board [8h Tc Ah Th]
Seat 1: HoochNZL folded before Flop (didn't bet)
Seat 2: Gust4v0_7 collected ($0.05)
Seat 3: bloody55hawk folded before Flop (didn't bet)
Seat 4: GJNUNN folded before Flop (didn't bet)
Seat 5: Elpharae folded before Flop (didn't bet)
Seat 6: Tyche Tea folded before Flop (didn't bet)
Seat 7: realmadrid18win (button) folded before Flop (didn't bet)
Seat 8: cberto09 (small blind) folded before Flop
Seat 9: Dorex2007 (big blind) folded on the Turn



PokerStars Hand #234410900021:  Hold'em No Limit ($0.01/$0.02 USD) - 2022/02/26 16:07:56 PT [2022/02/26 19:07:56 ET]
Table 'Ingeborg' 9-max Seat #8 is the button
Seat 2: Gust4v0_7 ($2.04 in chips) 
Seat 3: bloody55hawk ($0.83 in chips) 
Seat 4: GJNUNN ($2 in chips) 
Seat 5: Elpharae ($2 in chips) 
Seat 6: Tyche Tea ($3.75 in chips) 
Seat 7: realmadrid18win ($0.22 in chips) 
Seat 8: cberto09 ($2.29 in chips) 
Seat 9: Dorex2007 ($2.32 in chips) 
Dorex2007: posts small blind $0.01
Gust4v0_7: posts big blind $0.02
*** HOLE CARDS ***
Dealt to Dorex2007 [9s Qh]
bloody55hawk: folds 
GJNUNN: folds 
Elpharae: folds 
Tyche Tea: raises $0.03 to $0.05
realmadrid18win: folds 
cberto09: calls $0.05
Dorex2007: folds 
Gust4v0_7: folds 
*** FLOP *** [5c Ts 8s]
Tyche Tea: bets $0.08
cberto09: calls $0.08
*** TURN *** [5c Ts 8s] [Td]
Tyche Tea: checks 
cberto09: bets $0.08
Tyche Tea: calls $0.08
*** RIVER *** [5c Ts 8s Td] [2d]
Tyche Tea: checks 
cberto09: checks 
*** SHOW DOWN ***
Tyche Tea: shows [6d Ad] (a pair of Tens)
cberto09: mucks hand 
Tyche Tea collected $0.43 from pot
*** SUMMARY ***
Total pot $0.45 | Rake $0.02 
Board [5c Ts 8s Td 2d]
Seat 2: Gust4v0_7 (big blind) folded before Flop
Seat 3: bloody55hawk folded before Flop (didn't bet)
Seat 4: GJNUNN folded before Flop (didn't bet)
Seat 5: Elpharae folded before Flop (didn't bet)
Seat 6: Tyche Tea showed [6d Ad] and won ($0.43) with a pair of Tens
Seat 7: realmadrid18win folded before Flop (didn't bet)
Seat 8: cberto09 (button) mucked [Qs Kh]
Seat 9: Dorex2007 (small blind) folded before Flop



PokerStars Hand #234410919857:  Hold'em No Limit ($0.01/$0.02 USD) - 2022/02/26 16:08:54 PT [2022/02/26 19:08:54 ET]
Table 'Ingeborg' 9-max Seat #9 is the button
Seat 2: Gust4v0_7 ($2.02 in chips) 
Seat 3: bloody55hawk ($0.83 in chips) 
Seat 4: GJNUNN ($2 in chips) 
Seat 5: Elpharae ($2 in chips) 
Seat 6: Tyche Tea ($3.97 in chips) 
Seat 7: realmadrid18win ($0.22 in chips) 
Seat 8: cberto09 ($2.08 in chips) 
Seat 9: Dorex2007 ($2.31 in chips) 
Gust4v0_7: posts small blind $0.01
bloody55hawk: posts big blind $0.02
*** HOLE CARDS ***
Dealt to Dorex2007 [7d Ah]
GJNUNN: folds 
Elpharae: folds 
Tyche Tea: folds 
realmadrid18win: folds 
cberto09: folds 
Dorex2007: folds 
Gust4v0_7: calls $0.01
bloody55hawk: raises $0.04 to $0.06
Gust4v0_7: calls $0.04
*** FLOP *** [3s 8c 7c]
Gust4v0_7: checks 
bloody55hawk: bets $0.06
Gust4v0_7: folds 
Uncalled bet ($0.06) returned to bloody55hawk
bloody55hawk collected $0.12 from pot
bloody55hawk: doesn't show hand 
*** SUMMARY ***
Total pot $0.12 | Rake $0 
Board [3s 8c 7c]
Seat 2: Gust4v0_7 (small blind) folded on the Flop
Seat 3: bloody55hawk (big blind) collected ($0.12)
Seat 4: GJNUNN folded before Flop (didn't bet)
Seat 5: Elpharae folded before Flop (didn't bet)
Seat 6: Tyche Tea folded before Flop (didn't bet)
Seat 7: realmadrid18win folded before Flop (didn't bet)
Seat 8: cberto09 folded before Flop (didn't bet)
Seat 9: Dorex2007 (button) folded before Flop (didn't bet)



PokerStars Hand #234410930842:  Hold'em No Limit ($0.01/$0.02 USD) - 2022/02/26 16:09:25 PT [2022/02/26 19:09:25 ET]
Table 'Ingeborg' 9-max Seat #2 is the button
Seat 2: Gust4v0_7 ($1.96 in chips) 
Seat 3: bloody55hawk ($0.89 in chips) 
Seat 4: GJNUNN ($2 in chips) 
Seat 5: Elpharae ($2 in chips) 
Seat 6: Tyche Tea ($3.97 in chips) 
Seat 7: realmadrid18win ($0.22 in chips) 
Seat 8: cberto09 ($2.08 in chips) 
Seat 9: Dorex2007 ($2.31 in chips) 
bloody55hawk: posts small blind $0.01
GJNUNN: posts big blind $0.02
*** HOLE CARDS ***
Dealt to Dorex2007 [4s Jc]
Elpharae: folds 
Tyche Tea: folds 
realmadrid18win: calls $0.02
cberto09: folds 
Dorex2007: folds 
Gust4v0_7: folds 
bloody55hawk: raises $0.87 to $0.89 and is all-in
GJNUNN: folds 
realmadrid18win: folds 
Uncalled bet ($0.87) returned to bloody55hawk
bloody55hawk collected $0.06 from pot
bloody55hawk: doesn't show hand 
*** SUMMARY ***
Total pot $0.06 | Rake $0 
Seat 2: Gust4v0_7 (button) folded before Flop (didn't bet)
Seat 3: bloody55hawk (small blind) collected ($0.06)
Seat 4: GJNUNN (big blind) folded before Flop
Seat 5: Elpharae folded before Flop (didn't bet)
Seat 6: Tyche Tea folded before Flop (didn't bet)
Seat 7: realmadrid18win folded before Flop
Seat 8: cberto09 folded before Flop (didn't bet)
Seat 9: Dorex2007 folded before Flop (didn't bet)



PokerStars Hand #234410941220:  Hold'em No Limit ($0.01/$0.02 USD) - 2022/02/26 16:09:55 PT [2022/02/26 19:09:55 ET]
Table 'Ingeborg' 9-max Seat #3 is the button
Seat 2: Gust4v0_7 ($1.96 in chips) 
Seat 3: bloody55hawk ($0.93 in chips) 
Seat 4: GJNUNN ($2 in chips) 
Seat 5: Elpharae ($2 in chips) 
Seat 6: Tyche Tea ($3.97 in chips) 
Seat 7: realmadrid18win ($0.20 in chips) 
Seat 8: cberto09 ($2.08 in chips) 
Seat 9: Dorex2007 ($2.31 in chips) 
GJNUNN: posts small blind $0.01
Elpharae: posts big blind $0.02
*** HOLE CARDS ***
Dealt to Dorex2007 [Kd Js]
Tyche Tea: folds 
realmadrid18win: folds 
cberto09: folds 
Dorex2007: folds 
Gust4v0_7: folds 
bloody55hawk: folds 
GJNUNN: raises $0.04 to $0.06
Elpharae: folds 
Uncalled bet ($0.04) returned to GJNUNN
GJNUNN collected $0.04 from pot
GJNUNN: doesn't show hand 
*** SUMMARY ***
Total pot $0.04 | Rake $0 
Seat 2: Gust4v0_7 folded before Flop (didn't bet)
Seat 3: bloody55hawk (button) folded before Flop (didn't bet)
Seat 4: GJNUNN (small blind) collected ($0.04)
Seat 5: Elpharae (big blind) folded before Flop
Seat 6: Tyche Tea folded before Flop (didn't bet)
Seat 7: realmadrid18win folded before Flop (didn't bet)
Seat 8: cberto09 folded before Flop (didn't bet)
Seat 9: Dorex2007 folded before Flop (didn't bet)



PokerStars Hand #234410950346:  Hold'em No Limit ($0.01/$0.02 USD) - 2022/02/26 16:10:22 PT [2022/02/26 19:10:22 ET]
Table 'Ingeborg' 9-max Seat #4 is the button
Seat 2: Gust4v0_7 ($1.96 in chips) 
Seat 3: bloody55hawk ($0.93 in chips) 
Seat 4: GJNUNN ($2.02 in chips) 
Seat 5: Elpharae ($2 in chips) 
Seat 6: Tyche Tea ($3.97 in chips) 
Seat 7: realmadrid18win ($0.20 in chips) 
Seat 8: cberto09 ($2.08 in chips) 
Seat 9: Dorex2007 ($2.31 in chips) 
Elpharae: posts small blind $0.01
Tyche Tea: posts big blind $0.02
*** HOLE CARDS ***
Dealt to Dorex2007 [5h 3h]
realmadrid18win: folds 
cberto09 has timed out
cberto09: folds 
Dorex2007: folds 
Gust4v0_7: folds 
bloody55hawk: raises $0.91 to $0.93 and is all-in
GJNUNN: folds 
Elpharae: folds 
Tyche Tea: folds 
Uncalled bet ($0.91) returned to bloody55hawk
bloody55hawk collected $0.05 from pot
bloody55hawk: doesn't show hand 
*** SUMMARY ***
Total pot $0.05 | Rake $0 
Seat 2: Gust4v0_7 folded before Flop (didn't bet)
Seat 3: bloody55hawk collected ($0.05)
Seat 4: GJNUNN (button) folded before Flop (didn't bet)
Seat 5: Elpharae (small blind) folded before Flop
Seat 6: Tyche Tea (big blind) folded before Flop
Seat 7: realmadrid18win folded before Flop (didn't bet)
Seat 8: cberto09 folded before Flop (didn't bet)
Seat 9: Dorex2007 folded before Flop (didn't bet)



PokerStars Hand #234410960441:  Hold'em No Limit ($0.01/$0.02 USD) - 2022/02/26 16:10:51 PT [2022/02/26 19:10:51 ET]
Table 'Ingeborg' 9-max Seat #5 is the button
Seat 2: Gust4v0_7 ($1.96 in chips) 
Seat 3: bloody55hawk ($0.96 in chips) 
Seat 4: GJNUNN ($2.02 in chips) 
Seat 5: Elpharae ($2 in chips) 
Seat 6: Tyche Tea ($3.95 in chips) 
Seat 7: realmadrid18win ($0.20 in chips) 
Seat 8: cberto09 ($2.08 in chips) 
Seat 9: Dorex2007 ($2.31 in chips) 
Tyche Tea: posts small blind $0.01
realmadrid18win: posts big blind $0.02
*** HOLE CARDS ***
Dealt to Dorex2007 [4c Js]
cberto09: folds 
Dorex2007: folds 
Gust4v0_7: folds 
bloody55hawk: folds 
GJNUNN: raises $0.04 to $0.06
Elpharae: folds 
Tyche Tea: folds 
realmadrid18win: folds 
Uncalled bet ($0.04) returned to GJNUNN
GJNUNN collected $0.05 from pot
GJNUNN: doesn't show hand 
*** SUMMARY ***
Total pot $0.05 | Rake $0 
Seat 2: Gust4v0_7 folded before Flop (didn't bet)
Seat 3: bloody55hawk folded before Flop (didn't bet)
Seat 4: GJNUNN collected ($0.05)
Seat 5: Elpharae (button) folded before Flop (didn't bet)
Seat 6: Tyche Tea (small blind) folded before Flop
Seat 7: realmadrid18win (big blind) folded before Flop
Seat 8: cberto09 folded before Flop (didn't bet)
Seat 9: Dorex2007 folded before Flop (didn't bet)



PokerStars Hand #234410965741:  Hold'em No Limit ($0.01/$0.02 USD) - 2022/02/26 16:11:06 PT [2022/02/26 19:11:06 ET]
Table 'Ingeborg' 9-max Seat #6 is the button
Seat 2: Gust4v0_7 ($1.96 in chips) 
Seat 3: bloody55hawk ($0.96 in chips) 
Seat 4: GJNUNN ($2.05 in chips) 
Seat 5: Elpharae ($2 in chips) 
Seat 6: Tyche Tea ($3.94 in chips) 
Seat 7: realmadrid18win ($0.18 in chips) 
Seat 8: cberto09 ($2.08 in chips) 
Seat 9: Dorex2007 ($2.31 in chips) 
realmadrid18win: posts small blind $0.01
cberto09: posts big blind $0.02
*** HOLE CARDS ***
Dealt to Dorex2007 [Ks 9d]
Dorex2007: folds 
Gust4v0_7: folds 
bloody55hawk: folds 
GJNUNN: folds 
Elpharae: folds 
Tyche Tea: raises $0.03 to $0.05
realmadrid18win: folds 
cberto09: folds 
Uncalled bet ($0.03) returned to Tyche Tea
Tyche Tea collected $0.05 from pot
Tyche Tea: doesn't show hand 
*** SUMMARY ***
Total pot $0.05 | Rake $0 
Seat 2: Gust4v0_7 folded before Flop (didn't bet)
Seat 3: bloody55hawk folded before Flop (didn't bet)
Seat 4: GJNUNN folded before Flop (didn't bet)
Seat 5: Elpharae folded before Flop (didn't bet)
Seat 6: Tyche Tea (button) collected ($0.05)
Seat 7: realmadrid18win (small blind) folded before Flop
Seat 8: cberto09 (big blind) folded before Flop
Seat 9: Dorex2007 folded before Flop (didn't bet)



PokerStars Hand #234410974357:  Hold'em No Limit ($0.01/$0.02 USD) - 2022/02/26 16:11:31 PT [2022/02/26 19:11:31 ET]
Table 'Ingeborg' 9-max Seat #7 is the button
Seat 2: Gust4v0_7 ($1.96 in chips) 
Seat 3: bloody55hawk ($0.96 in chips) 
Seat 4: GJNUNN ($2.05 in chips) 
Seat 5: Elpharae ($2 in chips) 
Seat 6: Tyche Tea ($3.97 in chips) 
Seat 7: realmadrid18win ($0.17 in chips) 
Seat 8: cberto09 ($2.06 in chips) 
Seat 9: Dorex2007 ($2.31 in chips) 
cberto09: posts small blind $0.01
Dorex2007: posts big blind $0.02
*** HOLE CARDS ***
Dealt to Dorex2007 [Tc Kd]
Gust4v0_7: folds 
bloody55hawk: folds 
GJNUNN: folds 
Elpharae: folds 
Tyche Tea: folds 
realmadrid18win: folds 
cberto09: folds 
Uncalled bet ($0.01) returned to Dorex2007
Dorex2007 collected $0.02 from pot
Dorex2007: doesn't show hand 
*** SUMMARY ***
Total pot $0.02 | Rake $0 
Seat 2: Gust4v0_7 folded before Flop (didn't bet)
Seat 3: bloody55hawk folded before Flop (didn't bet)
Seat 4: GJNUNN folded before Flop (didn't bet)
Seat 5: Elpharae folded before Flop (didn't bet)
Seat 6: Tyche Tea folded before Flop (didn't bet)
Seat 7: realmadrid18win (button) folded before Flop (didn't bet)
Seat 8: cberto09 (small blind) folded before Flop
Seat 9: Dorex2007 (big blind) collected ($0.02)



PokerStars Hand #234410987021:  Hold'em No Limit ($0.01/$0.02 USD) - 2022/02/26 16:11:54 PT [2022/02/26 19:11:54 ET]
Table 'Ingeborg' 9-max Seat #8 is the button
Seat 2: Gust4v0_7 ($1.96 in chips) 
Seat 3: bloody55hawk ($0.96 in chips) 
Seat 4: GJNUNN ($2.05 in chips) 
Seat 5: Elpharae ($2 in chips) 
Seat 6: Tyche Tea ($3.97 in chips) 
Seat 7: realmadrid18win ($0.17 in chips) 
Seat 8: cberto09 ($2.05 in chips) 
Seat 9: Dorex2007 ($2.32 in chips) 
Dorex2007: posts small blind $0.01
Gust4v0_7: posts big blind $0.02
*** HOLE CARDS ***
Dealt to Dorex2007 [Tc 5d]
bloody55hawk: folds 
GJNUNN: folds 
Elpharae: folds 
Tyche Tea: folds 
realmadrid18win: raises $0.15 to $0.17 and is all-in
cberto09: folds 
Dorex2007: folds 
Gust4v0_7: folds 
Uncalled bet ($0.15) returned to realmadrid18win
realmadrid18win collected $0.05 from pot
*** SUMMARY ***
Total pot $0.05 | Rake $0 
Seat 2: Gust4v0_7 (big blind) folded before Flop
Seat 3: bloody55hawk folded before Flop (didn't bet)
Seat 4: GJNUNN folded before Flop (didn't bet)
Seat 5: Elpharae folded before Flop (didn't bet)
Seat 6: Tyche Tea folded before Flop (didn't bet)
Seat 7: realmadrid18win collected ($0.05)
Seat 8: cberto09 (button) folded before Flop (didn't bet)
Seat 9: Dorex2007 (small blind) folded before Flop



PokerStars Hand #234410996481:  Hold'em No Limit ($0.01/$0.02 USD) - 2022/02/26 16:12:22 PT [2022/02/26 19:12:22 ET]
Table 'Ingeborg' 9-max Seat #9 is the button
Seat 2: Gust4v0_7 ($1.94 in chips) 
Seat 3: bloody55hawk ($0.96 in chips) 
Seat 4: GJNUNN ($2.05 in chips) 
Seat 5: Elpharae ($2 in chips) 
Seat 6: Tyche Tea ($3.97 in chips) 
Seat 7: realmadrid18win ($0.20 in chips) 
Seat 8: cberto09 ($2.05 in chips) 
Seat 9: Dorex2007 ($2.31 in chips) 
Gust4v0_7: posts small blind $0.01
bloody55hawk: posts big blind $0.02
*** HOLE CARDS ***
Dealt to Dorex2007 [9s Ah]
GJNUNN: folds 
Elpharae: folds 
Tyche Tea: raises $0.03 to $0.05
realmadrid18win: folds 
cberto09: calls $0.05
Dorex2007: folds 
Gust4v0_7: folds 
bloody55hawk: calls $0.03
*** FLOP *** [8c Ac Tc]
bloody55hawk: checks 
Tyche Tea: checks 
cberto09: bets $0.05
bloody55hawk: raises $0.86 to $0.91 and is all-in
Tyche Tea: folds 
cberto09: calls $0.86
*** TURN *** [8c Ac Tc] [Jd]
*** RIVER *** [8c Ac Tc Jd] [4c]
*** SHOW DOWN ***
bloody55hawk: shows [Qc 9c] (a flush, Ace high)
cberto09: shows [Jc Kc] (a flush, Ace high - King higher)
cberto09 collected $1.91 from pot
*** SUMMARY ***
Total pot $1.98 | Rake $0.07 
Board [8c Ac Tc Jd 4c]
Seat 2: Gust4v0_7 (small blind) folded before Flop
Seat 3: bloody55hawk (big blind) showed [Qc 9c] and lost with a flush, Ace high
Seat 4: GJNUNN folded before Flop (didn't bet)
Seat 5: Elpharae folded before Flop (didn't bet)
Seat 6: Tyche Tea folded on the Flop
Seat 7: realmadrid18win folded before Flop (didn't bet)
Seat 8: cberto09 showed [Jc Kc] and won ($1.91) with a flush, Ace high
Seat 9: Dorex2007 (button) folded before Flop (didn't bet)



PokerStars Hand #234411015119:  Hold'em No Limit ($0.01/$0.02 USD) - 2022/02/26 16:13:17 PT [2022/02/26 19:13:17 ET]
Table 'Ingeborg' 9-max Seat #2 is the button
Seat 2: Gust4v0_7 ($1.93 in chips) 
Seat 3: bloody55hawk ($0.80 in chips) 
Seat 4: GJNUNN ($2.05 in chips) 
Seat 5: Elpharae ($2 in chips) 
Seat 6: Tyche Tea ($3.92 in chips) 
Seat 7: realmadrid18win ($0.20 in chips) 
Seat 8: cberto09 ($3 in chips) 
Seat 9: Dorex2007 ($2.31 in chips) 
bloody55hawk: posts small blind $0.01
GJNUNN: posts big blind $0.02
*** HOLE CARDS ***
Dealt to Dorex2007 [Tc 7s]
Elpharae: folds 
Tyche Tea: folds 
realmadrid18win: folds 
cberto09: folds 
Dorex2007: folds 
Gust4v0_7: folds 
bloody55hawk: folds 
Uncalled bet ($0.01) returned to GJNUNN
GJNUNN collected $0.02 from pot
GJNUNN: doesn't show hand 
*** SUMMARY ***
Total pot $0.02 | Rake $0 
Seat 2: Gust4v0_7 (button) folded before Flop (didn't bet)
Seat 3: bloody55hawk (small blind) folded before Flop
Seat 4: GJNUNN (big blind) collected ($0.02)
Seat 5: Elpharae folded before Flop (didn't bet)
Seat 6: Tyche Tea folded before Flop (didn't bet)
Seat 7: realmadrid18win folded before Flop (didn't bet)
Seat 8: cberto09 folded before Flop (didn't bet)
Seat 9: Dorex2007 folded before Flop (didn't bet)



PokerStars Hand #234411022697:  Hold'em No Limit ($0.01/$0.02 USD) - 2022/02/26 16:13:39 PT [2022/02/26 19:13:39 ET]
Table 'Ingeborg' 9-max Seat #3 is the button
Seat 2: Gust4v0_7 ($1.93 in chips) 
Seat 3: bloody55hawk ($0.80 in chips) 
Seat 4: GJNUNN ($2.06 in chips) 
Seat 5: Elpharae ($2 in chips) 
Seat 6: Tyche Tea ($3.92 in chips) 
Seat 7: realmadrid18win ($0.20 in chips) 
Seat 8: cberto09 ($3 in chips) 
Seat 9: Dorex2007 ($2.31 in chips) 
GJNUNN: posts small blind $0.01
Elpharae: posts big blind $0.02
*** HOLE CARDS ***
Dealt to Dorex2007 [2s Th]
Tyche Tea: folds 
realmadrid18win: folds 
cberto09: raises $0.04 to $0.06
Dorex2007: folds 
Gust4v0_7: folds 
bloody55hawk: calls $0.06
GJNUNN: folds 
Elpharae: folds 
*** FLOP *** [4d As 7s]
cberto09: bets $0.04
bloody55hawk: raises $0.06 to $0.10
cberto09: calls $0.06
*** TURN *** [4d As 7s] [Qs]
cberto09: checks 
bloody55hawk: checks 
*** RIVER *** [4d As 7s Qs] [3s]
cberto09: checks 
bloody55hawk: bets $0.18
cberto09: calls $0.18
*** SHOW DOWN ***
bloody55hawk: shows [6s 6c] (a flush, Ace high)
cberto09: mucks hand 
bloody55hawk collected $0.69 from pot
*** SUMMARY ***
Total pot $0.71 | Rake $0.02 
Board [4d As 7s Qs 3s]
Seat 2: Gust4v0_7 folded before Flop (didn't bet)
Seat 3: bloody55hawk (button) showed [6s 6c] and won ($0.69) with a flush, Ace high
Seat 4: GJNUNN (small blind) folded before Flop
Seat 5: Elpharae (big blind) folded before Flop
Seat 6: Tyche Tea folded before Flop (didn't bet)
Seat 7: realmadrid18win folded before Flop (didn't bet)
Seat 8: cberto09 mucked [7c 7d]
Seat 9: Dorex2007 folded before Flop (didn't bet)



PokerStars Hand #234411045878:  Hold'em No Limit ($0.01/$0.02 USD) - 2022/02/26 16:14:48 PT [2022/02/26 19:14:48 ET]
Table 'Ingeborg' 9-max Seat #4 is the button
Seat 2: Gust4v0_7 ($1.93 in chips) 
Seat 3: bloody55hawk ($1.15 in chips) 
Seat 4: GJNUNN ($2.05 in chips) 
Seat 5: Elpharae ($2 in chips) 
Seat 6: Tyche Tea ($3.92 in chips) 
Seat 7: realmadrid18win ($0.20 in chips) 
Seat 8: cberto09 ($2.66 in chips) 
Seat 9: Dorex2007 ($2.31 in chips) 
Elpharae: posts small blind $0.01
Tyche Tea: posts big blind $0.02
*** HOLE CARDS ***
Dealt to Dorex2007 [Ks 9s]
realmadrid18win: folds 
cberto09: folds 
Dorex2007: folds 
Gust4v0_7: folds 
bloody55hawk: folds 
GJNUNN: calls $0.02
Elpharae: raises $0.08 to $0.10
Tyche Tea: folds 
GJNUNN: folds 
Uncalled bet ($0.08) returned to Elpharae
Elpharae collected $0.06 from pot
Elpharae: doesn't show hand 
*** SUMMARY ***
Total pot $0.06 | Rake $0 
Seat 2: Gust4v0_7 folded before Flop (didn't bet)
Seat 3: bloody55hawk folded before Flop (didn't bet)
Seat 4: GJNUNN (button) folded before Flop
Seat 5: Elpharae (small blind) collected ($0.06)
Seat 6: Tyche Tea (big blind) folded before Flop
Seat 7: realmadrid18win folded before Flop (didn't bet)
Seat 8: cberto09 folded before Flop (didn't bet)
Seat 9: Dorex2007 folded before Flop (didn't bet)



PokerStars Hand #234411057869:  Hold'em No Limit ($0.01/$0.02 USD) - 2022/02/26 16:15:23 PT [2022/02/26 19:15:23 ET]
Table 'Ingeborg' 9-max Seat #5 is the button
Seat 2: Gust4v0_7 ($1.93 in chips) 
Seat 3: bloody55hawk ($1.15 in chips) 
Seat 4: GJNUNN ($2.03 in chips) 
Seat 5: Elpharae ($2.04 in chips) 
Seat 6: Tyche Tea ($3.90 in chips) 
Seat 7: realmadrid18win ($0.20 in chips) 
Seat 8: cberto09 ($2.66 in chips) 
Seat 9: Dorex2007 ($2.31 in chips) 
Tyche Tea: posts small blind $0.01
realmadrid18win: posts big blind $0.02
*** HOLE CARDS ***
Dealt to Dorex2007 [Qc 7c]
cberto09: folds 
Dorex2007: folds 
Gust4v0_7: calls $0.02
bloody55hawk: folds 
GJNUNN: raises $0.06 to $0.08
Elpharae: calls $0.08
Tyche Tea: folds 
realmadrid18win: folds 
Gust4v0_7: folds 
*** FLOP *** [4d 6h 9d]
GJNUNN: bets $0.10
Elpharae: folds 
Uncalled bet ($0.10) returned to GJNUNN
GJNUNN collected $0.20 from pot
GJNUNN: doesn't show hand 
*** SUMMARY ***
Total pot $0.21 | Rake $0.01 
Board [4d 6h 9d]
Seat 2: Gust4v0_7 folded before Flop
Seat 3: bloody55hawk folded before Flop (didn't bet)
Seat 4: GJNUNN collected ($0.20)
Seat 5: Elpharae (button) folded on the Flop
Seat 6: Tyche Tea (small blind) folded before Flop
Seat 7: realmadrid18win (big blind) folded before Flop
Seat 8: cberto09 folded before Flop (didn't bet)
Seat 9: Dorex2007 folded before Flop (didn't bet)



PokerStars Hand #234411072346:  Hold'em No Limit ($0.01/$0.02 USD) - 2022/02/26 16:16:07 PT [2022/02/26 19:16:07 ET]
Table 'Ingeborg' 9-max Seat #6 is the button
Seat 2: Gust4v0_7 ($1.91 in chips) 
Seat 3: bloody55hawk ($1.15 in chips) 
Seat 4: GJNUNN ($2.15 in chips) 
Seat 5: Elpharae ($2 in chips) 
Seat 6: Tyche Tea ($3.89 in chips) 
Seat 7: realmadrid18win ($0.18 in chips) 
Seat 8: cberto09 ($2.66 in chips) 
Seat 9: Dorex2007 ($2.31 in chips) 
realmadrid18win: posts small blind $0.01
cberto09: posts big blind $0.02
*** HOLE CARDS ***
Dealt to Dorex2007 [Ad 8d]
Dorex2007: folds 
Gust4v0_7: calls $0.02
bloody55hawk: folds 
GJNUNN: calls $0.02
Elpharae: folds 
Tyche Tea: folds 
realmadrid18win: calls $0.01
cberto09: checks 
*** FLOP *** [2c 9s 4d]
realmadrid18win: checks 
cberto09: checks 
Gust4v0_7: bets $0.04
GJNUNN: folds 
realmadrid18win: folds 
cberto09: folds 
Uncalled bet ($0.04) returned to Gust4v0_7
Gust4v0_7 collected $0.08 from pot
Gust4v0_7: doesn't show hand 
*** SUMMARY ***
Total pot $0.08 | Rake $0 
Board [2c 9s 4d]
Seat 2: Gust4v0_7 collected ($0.08)
Seat 3: bloody55hawk folded before Flop (didn't bet)
Seat 4: GJNUNN folded on the Flop
Seat 5: Elpharae folded before Flop (didn't bet)
Seat 6: Tyche Tea (button) folded before Flop (didn't bet)
Seat 7: realmadrid18win (small blind) folded on the Flop
Seat 8: cberto09 (big blind) folded on the Flop
Seat 9: Dorex2007 folded before Flop (didn't bet)



PokerStars Hand #234411092008:  Hold'em No Limit ($0.01/$0.02 USD) - 2022/02/26 16:17:06 PT [2022/02/26 19:17:06 ET]
Table 'Ingeborg' 9-max Seat #7 is the button
Seat 2: Gust4v0_7 ($1.97 in chips) 
Seat 3: bloody55hawk ($1.15 in chips) 
Seat 4: GJNUNN ($2.13 in chips) 
Seat 5: Elpharae ($2 in chips) 
Seat 6: Tyche Tea ($3.89 in chips) 
Seat 7: realmadrid18win ($0.16 in chips) 
Seat 8: cberto09 ($2.64 in chips) 
Seat 9: Dorex2007 ($2.31 in chips) 
cberto09: posts small blind $0.01
Dorex2007: posts big blind $0.02
*** HOLE CARDS ***
Dealt to Dorex2007 [9h 4s]
89Hitman8860 joins the table at seat #1 
Gust4v0_7: calls $0.02
bloody55hawk: raises $1.13 to $1.15 and is all-in
GJNUNN: folds 
Elpharae: folds 
Tyche Tea: folds 
realmadrid18win: folds 
cberto09: folds 
Dorex2007: folds 
Gust4v0_7: folds 
Uncalled bet ($1.13) returned to bloody55hawk
bloody55hawk collected $0.07 from pot
bloody55hawk: doesn't show hand 
*** SUMMARY ***
Total pot $0.07 | Rake $0 
Seat 2: Gust4v0_7 folded before Flop
Seat 3: bloody55hawk collected ($0.07)
Seat 4: GJNUNN folded before Flop (didn't bet)
Seat 5: Elpharae folded before Flop (didn't bet)
Seat 6: Tyche Tea folded before Flop (didn't bet)
Seat 7: realmadrid18win (button) folded before Flop (didn't bet)
Seat 8: cberto09 (small blind) folded before Flop
Seat 9: Dorex2007 (big blind) folded before Flop



PokerStars Hand #234411102180:  Hold'em No Limit ($0.01/$0.02 USD) - 2022/02/26 16:17:37 PT [2022/02/26 19:17:37 ET]
Table 'Ingeborg' 9-max Seat #8 is the button
Seat 1: 89Hitman8860 ($0.80 in chips) 
Seat 2: Gust4v0_7 ($1.95 in chips) 
Seat 3: bloody55hawk ($1.20 in chips) 
Seat 4: GJNUNN ($2.13 in chips) 
Seat 5: Elpharae ($2 in chips) 
Seat 6: Tyche Tea ($3.89 in chips) 
Seat 7: realmadrid18win ($0.16 in chips) 
Seat 8: cberto09 ($2.63 in chips) 
Seat 9: Dorex2007 ($2.29 in chips) 
Dorex2007: posts small blind $0.01
89Hitman8860: posts big blind $0.02
*** HOLE CARDS ***
Dealt to Dorex2007 [4s Td]
Gust4v0_7: folds 
bloody55hawk: folds 
GJNUNN: folds 
Elpharae: folds 
Tyche Tea: folds 
realmadrid18win: raises $0.14 to $0.16 and is all-in
cberto09: folds 
Dorex2007: folds 
89Hitman8860: folds 
Uncalled bet ($0.14) returned to realmadrid18win
realmadrid18win collected $0.05 from pot
*** SUMMARY ***
Total pot $0.05 | Rake $0 
Seat 1: 89Hitman8860 (big blind) folded before Flop
Seat 2: Gust4v0_7 folded before Flop (didn't bet)
Seat 3: bloody55hawk folded before Flop (didn't bet)
Seat 4: GJNUNN folded before Flop (didn't bet)
Seat 5: Elpharae folded before Flop (didn't bet)
Seat 6: Tyche Tea folded before Flop (didn't bet)
Seat 7: realmadrid18win collected ($0.05)
Seat 8: cberto09 (button) folded before Flop (didn't bet)
Seat 9: Dorex2007 (small blind) folded before Flop



PokerStars Hand #234411108883:  Hold'em No Limit ($0.01/$0.02 USD) - 2022/02/26 16:17:57 PT [2022/02/26 19:17:57 ET]
Table 'Ingeborg' 9-max Seat #9 is the button
Seat 1: 89Hitman8860 ($0.78 in chips) 
Seat 2: Gust4v0_7 ($1.95 in chips) 
Seat 3: bloody55hawk ($1.20 in chips) 
Seat 4: GJNUNN ($2.13 in chips) 
Seat 5: Elpharae ($2 in chips) 
Seat 6: Tyche Tea ($3.89 in chips) 
Seat 7: realmadrid18win ($0.19 in chips) 
Seat 8: cberto09 ($2.63 in chips) 
Seat 9: Dorex2007 ($2.28 in chips) 
89Hitman8860: posts small blind $0.01
Gust4v0_7: posts big blind $0.02
*** HOLE CARDS ***
Dealt to Dorex2007 [4s Ts]
bloody55hawk: folds 
GJNUNN: folds 
Elpharae: folds 
Tyche Tea: folds 
realmadrid18win: folds 
cberto09: folds 
Dorex2007: folds 
89Hitman8860: calls $0.01
Gust4v0_7: checks 
*** FLOP *** [9d Jc Ad]
89Hitman8860: bets $0.02
Gust4v0_7: calls $0.02
*** TURN *** [9d Jc Ad] [9h]
89Hitman8860: bets $0.02
Gust4v0_7: calls $0.02
*** RIVER *** [9d Jc Ad 9h] [4h]
89Hitman8860: bets $0.02
Gust4v0_7: calls $0.02
*** SHOW DOWN ***
89Hitman8860: shows [Js 6d] (two pair, Jacks and Nines)
Gust4v0_7: shows [8s Jd] (two pair, Jacks and Nines)
89Hitman8860 collected $0.08 from pot
Gust4v0_7 collected $0.07 from pot
*** SUMMARY ***
Total pot $0.16 | Rake $0.01 
Board [9d Jc Ad 9h 4h]
Seat 1: 89Hitman8860 (small blind) showed [Js 6d] and won ($0.08) with two pair, Jacks and Nines
Seat 2: Gust4v0_7 (big blind) showed [8s Jd] and won ($0.07) with two pair, Jacks and Nines
Seat 3: bloody55hawk folded before Flop (didn't bet)
Seat 4: GJNUNN folded before Flop (didn't bet)
Seat 5: Elpharae folded before Flop (didn't bet)
Seat 6: Tyche Tea folded before Flop (didn't bet)
Seat 7: realmadrid18win folded before Flop (didn't bet)
Seat 8: cberto09 folded before Flop (didn't bet)
Seat 9: Dorex2007 (button) folded before Flop (didn't bet)



PokerStars Hand #234411200328:  Hold'em No Limit ($0.01/$0.02 USD) - 2022/02/26 16:22:20 PT [2022/02/26 19:22:20 ET]
Table 'Ingeborg' 9-max Seat #1 is the button
Seat 1: 89Hitman8860 ($0.81 in chips) 
Seat 2: Ruslan Kir27 ($1.56 in chips) 
Seat 3: denis komsa ($0.80 in chips) 
Seat 4: GJNUNN ($2.19 in chips) 
Seat 5: Elpharae ($2 in chips) 
Seat 6: Tyche Tea ($3.92 in chips) 
Seat 8: cberto09 ($2.60 in chips) 
Seat 9: Dorex2007 ($2.28 in chips) 
Ruslan Kir27: posts small blind $0.01
denis komsa: posts big blind $0.02
Dorex2007: posts small & big blinds $0.03
*** HOLE CARDS ***
Dealt to Dorex2007 [Kd Qd]
GJNUNN: folds 
Elpharae: folds 
Tyche Tea: folds 
cberto09: folds 
Dorex2007: raises $0.04 to $0.06
89Hitman8860: calls $0.06
Ruslan Kir27: folds 
denis komsa: calls $0.04
*** FLOP *** [9s Jc 5d]
denis komsa: checks 
Dorex2007: checks 
89Hitman8860: bets $0.06
denis komsa: folds 
Dorex2007: folds 
Uncalled bet ($0.06) returned to 89Hitman8860
89Hitman8860 collected $0.19 from pot
89Hitman8860: doesn't show hand 
*** SUMMARY ***
Total pot $0.20 | Rake $0.01 
Board [9s Jc 5d]
Seat 1: 89Hitman8860 (button) collected ($0.19)
Seat 2: Ruslan Kir27 (small blind) folded before Flop
Seat 3: denis komsa (big blind) folded on the Flop
Seat 4: GJNUNN folded before Flop (didn't bet)
Seat 5: Elpharae folded before Flop (didn't bet)
Seat 6: Tyche Tea folded before Flop (didn't bet)
Seat 8: cberto09 folded before Flop (didn't bet)
Seat 9: Dorex2007 folded on the Flop



PokerStars Hand #234411213907:  Hold'em No Limit ($0.01/$0.02 USD) - 2022/02/26 16:23:01 PT [2022/02/26 19:23:01 ET]
Table 'Ingeborg' 9-max Seat #2 is the button
Seat 1: 89Hitman8860 ($0.94 in chips) 
Seat 2: Ruslan Kir27 ($1.55 in chips) 
Seat 3: denis komsa ($0.74 in chips) 
Seat 4: GJNUNN ($2.19 in chips) 
Seat 5: Elpharae ($2 in chips) 
Seat 6: Tyche Tea ($3.92 in chips) 
Seat 8: cberto09 ($2.60 in chips) 
Seat 9: Dorex2007 ($2.21 in chips) 
denis komsa: posts small blind $0.01
GJNUNN: posts big blind $0.02
*** HOLE CARDS ***
Dealt to Dorex2007 [Kc 8h]
Elpharae: folds 
Tyche Tea: raises $0.02 to $0.04
cberto09: folds 
Dorex2007: folds 
89Hitman8860: calls $0.04
Ruslan Kir27: calls $0.04
denis komsa: folds 
GJNUNN: calls $0.02
*** FLOP *** [3s Ad 8c]
GJNUNN: checks 
Tyche Tea: bets $0.08
89Hitman8860: folds 
Ruslan Kir27: folds 
GJNUNN: folds 
Uncalled bet ($0.08) returned to Tyche Tea
Tyche Tea collected $0.16 from pot
Tyche Tea: doesn't show hand 
*** SUMMARY ***
Total pot $0.17 | Rake $0.01 
Board [3s Ad 8c]
Seat 1: 89Hitman8860 folded on the Flop
Seat 2: Ruslan Kir27 (button) folded on the Flop
Seat 3: denis komsa (small blind) folded before Flop
Seat 4: GJNUNN (big blind) folded on the Flop
Seat 5: Elpharae folded before Flop (didn't bet)
Seat 6: Tyche Tea collected ($0.16)
Seat 8: cberto09 folded before Flop (didn't bet)
Seat 9: Dorex2007 folded before Flop (didn't bet)



PokerStars Hand #234411229935:  Hold'em No Limit ($0.01/$0.02 USD) - 2022/02/26 16:23:51 PT [2022/02/26 19:23:51 ET]
Table 'Ingeborg' 9-max Seat #3 is the button
Seat 1: 89Hitman8860 ($0.90 in chips) 
Seat 2: Ruslan Kir27 ($1.51 in chips) 
Seat 3: denis komsa ($0.73 in chips) 
Seat 4: GJNUNN ($2.15 in chips) 
Seat 5: Elpharae ($2 in chips) 
Seat 6: Tyche Tea ($4.04 in chips) 
Seat 8: cberto09 ($2.60 in chips) 
Seat 9: Dorex2007 ($2.21 in chips) 
GJNUNN: posts small blind $0.01
Elpharae: posts big blind $0.02
*** HOLE CARDS ***
Dealt to Dorex2007 [2d 3c]
Tyche Tea: folds 
cberto09: folds 
Dorex2007: folds 
89Hitman8860: raises $0.02 to $0.04
Ruslan Kir27: calls $0.04
denis komsa: folds 
GJNUNN: folds 
Elpharae: folds 
*** FLOP *** [2h 8h 6h]
89Hitman8860: bets $0.04
Ruslan Kir27: raises $0.04 to $0.08
89Hitman8860: calls $0.04
*** TURN *** [2h 8h 6h] [Kh]
89Hitman8860: checks 
Ruslan Kir27: checks 
*** RIVER *** [2h 8h 6h Kh] [Qc]
89Hitman8860: bets $0.04
Ruslan Kir27: calls $0.04
*** SHOW DOWN ***
89Hitman8860: shows [Ac Td] (high card Ace)
Ruslan Kir27: shows [7c 7h] (a flush, King high)
Ruslan Kir27 collected $0.34 from pot
*** SUMMARY ***
Total pot $0.35 | Rake $0.01 
Board [2h 8h 6h Kh Qc]
Seat 1: 89Hitman8860 showed [Ac Td] and lost with high card Ace
Seat 2: Ruslan Kir27 showed [7c 7h] and won ($0.34) with a flush, King high
Seat 3: denis komsa (button) folded before Flop (didn't bet)
Seat 4: GJNUNN (small blind) folded before Flop
Seat 5: Elpharae (big blind) folded before Flop
Seat 6: Tyche Tea folded before Flop (didn't bet)
Seat 8: cberto09 folded before Flop (didn't bet)
Seat 9: Dorex2007 folded before Flop (didn't bet)



PokerStars Hand #234411249436:  Hold'em No Limit ($0.01/$0.02 USD) - 2022/02/26 16:24:51 PT [2022/02/26 19:24:51 ET]
Table 'Ingeborg' 9-max Seat #4 is the button
Seat 1: 89Hitman8860 ($0.74 in chips) 
Seat 2: Ruslan Kir27 ($1.69 in chips) 
Seat 3: denis komsa ($0.73 in chips) 
Seat 4: GJNUNN ($2.14 in chips) 
Seat 6: Tyche Tea ($4.04 in chips) 
Seat 8: cberto09 ($2.60 in chips) 
Seat 9: Dorex2007 ($2.21 in chips) 
Tyche Tea: posts small blind $0.01
cberto09: posts big blind $0.02
*** HOLE CARDS ***
Dealt to Dorex2007 [6s 7c]
Dorex2007: folds 
89Hitman8860: calls $0.02
Ruslan Kir27: calls $0.02
denis komsa: folds 
GJNUNN: calls $0.02
Tyche Tea: folds 
cberto09: checks 
*** FLOP *** [7h Js 6h]
cberto09: checks 
89Hitman8860: bets $0.02
Ruslan Kir27: calls $0.02
GJNUNN: calls $0.02
cberto09: folds 
*** TURN *** [7h Js 6h] [Ts]
89Hitman8860: bets $0.14
Ruslan Kir27: folds 
GJNUNN: folds 
Uncalled bet ($0.14) returned to 89Hitman8860
89Hitman8860 collected $0.14 from pot
89Hitman8860: doesn't show hand 
*** SUMMARY ***
Total pot $0.15 | Rake $0.01 
Board [7h Js 6h Ts]
Seat 1: 89Hitman8860 collected ($0.14)
Seat 2: Ruslan Kir27 folded on the Turn
Seat 3: denis komsa folded before Flop (didn't bet)
Seat 4: GJNUNN (button) folded on the Turn
Seat 6: Tyche Tea (small blind) folded before Flop
Seat 8: cberto09 (big blind) folded on the Flop
Seat 9: Dorex2007 folded before Flop (didn't bet)



