PokerStars Hand #236652850818:  Hold'em No Limit ($0.01/$0.02 USD) - 2022/06/08 15:47:06 PT [2022/06/08 18:47:06 ET]
Table 'Neoptolemus III' 9-max Seat #7 is the button
Seat 2: Patrycjusz1125 ($0.62 in chips) 
Seat 4: Br0wnCheese ($2 in chips) 
Seat 5: Blaulillie ($1.30 in chips) 
Seat 6: Dorex2007 ($2 in chips) 
Seat 7: mr_expert1 ($2.02 in chips) 
Seat 8: G0DF4TH3Rx ($1.35 in chips) 
Seat 9: PedroNina ($1.46 in chips) 
G0DF4TH3Rx: posts small blind $0.01
PedroNina: posts big blind $0.02
Dorex2007: posts big blind $0.02
*** HOLE CARDS ***
Dealt to Dorex2007 [7h 3c]
Patrycjusz1125: folds 
Br0wnCheese: folds 
Blaulillie: raises $0.04 to $0.06
b1oviv19931 joins the table at seat #1 
Dorex2007: folds 
mr_expert1: folds 
G0DF4TH3Rx: folds 
PedroNina: calls $0.04
*** FLOP *** [Qc 9s 3s]
PedroNina: checks 
Blaulillie: bets $0.14
PedroNina: calls $0.14
*** TURN *** [Qc 9s 3s] [5h]
PedroNina: checks 
Blaulillie: checks 
*** RIVER *** [Qc 9s 3s 5h] [9d]
PedroNina: bets $0.08
Blaulillie: folds 
Uncalled bet ($0.08) returned to PedroNina
PedroNina collected $0.41 from pot
PedroNina: doesn't show hand 
*** SUMMARY ***
Total pot $0.43 | Rake $0.02 
Board [Qc 9s 3s 5h 9d]
Seat 2: Patrycjusz1125 folded before Flop (didn't bet)
Seat 4: Br0wnCheese folded before Flop (didn't bet)
Seat 5: Blaulillie folded on the River
Seat 6: Dorex2007 folded before Flop (didn't bet)
Seat 7: mr_expert1 (button) folded before Flop (didn't bet)
Seat 8: G0DF4TH3Rx (small blind) folded before Flop
Seat 9: PedroNina (big blind) collected ($0.41)



PokerStars Hand #236652869171:  Hold'em No Limit ($0.01/$0.02 USD) - 2022/06/08 15:48:05 PT [2022/06/08 18:48:05 ET]
Table 'Neoptolemus III' 9-max Seat #8 is the button
Seat 1: b1oviv19931 ($1.60 in chips) 
Seat 2: Patrycjusz1125 ($0.62 in chips) 
Seat 3: Ateu66 ($0.80 in chips) 
Seat 4: Br0wnCheese ($2 in chips) 
Seat 5: Blaulillie ($1.10 in chips) 
Seat 6: Dorex2007 ($2 in chips) 
Seat 7: mr_expert1 ($2.02 in chips) 
Seat 8: G0DF4TH3Rx ($1.34 in chips) 
Seat 9: PedroNina ($1.67 in chips) 
PedroNina: posts small blind $0.01
b1oviv19931: posts big blind $0.02
*** HOLE CARDS ***
Dealt to Dorex2007 [Tc 8c]
Patrycjusz1125: folds 
Ateu66 has timed out
Ateu66: folds 
Br0wnCheese: folds 
Blaulillie: folds 
Dorex2007: folds 
mr_expert1: folds 
G0DF4TH3Rx: raises $0.02 to $0.04
PedroNina: calls $0.03
b1oviv19931: calls $0.02
*** FLOP *** [7h 7s Qc]
PedroNina: checks 
b1oviv19931: bets $0.06
G0DF4TH3Rx: folds 
PedroNina: folds 
Uncalled bet ($0.06) returned to b1oviv19931
b1oviv19931 collected $0.12 from pot
b1oviv19931: doesn't show hand 
*** SUMMARY ***
Total pot $0.12 | Rake $0 
Board [7h 7s Qc]
Seat 1: b1oviv19931 (big blind) collected ($0.12)
Seat 2: Patrycjusz1125 folded before Flop (didn't bet)
Seat 3: Ateu66 folded before Flop (didn't bet)
Seat 4: Br0wnCheese folded before Flop (didn't bet)
Seat 5: Blaulillie folded before Flop (didn't bet)
Seat 6: Dorex2007 folded before Flop (didn't bet)
Seat 7: mr_expert1 folded before Flop (didn't bet)
Seat 8: G0DF4TH3Rx (button) folded on the Flop
Seat 9: PedroNina (small blind) folded on the Flop



PokerStars Hand #236652889398:  Hold'em No Limit ($0.01/$0.02 USD) - 2022/06/08 15:49:12 PT [2022/06/08 18:49:12 ET]
Table 'Neoptolemus III' 9-max Seat #9 is the button
Seat 1: b1oviv19931 ($1.68 in chips) 
Seat 2: Patrycjusz1125 ($0.62 in chips) 
Seat 3: Ateu66 ($0.80 in chips) 
Seat 4: Br0wnCheese ($2 in chips) 
Seat 5: Blaulillie ($1.10 in chips) 
Seat 6: Dorex2007 ($2 in chips) 
Seat 7: mr_expert1 ($2.02 in chips) 
Seat 8: G0DF4TH3Rx ($1.30 in chips) 
Seat 9: PedroNina ($1.63 in chips) 
b1oviv19931: posts small blind $0.01
Patrycjusz1125: posts big blind $0.02
*** HOLE CARDS ***
Dealt to Dorex2007 [3h 4c]
Ateu66: folds 
Br0wnCheese: folds 
Blaulillie: folds 
Dorex2007: folds 
mr_expert1: folds 
G0DF4TH3Rx: folds 
PedroNina: folds 
b1oviv19931: calls $0.01
Patrycjusz1125: checks 
*** FLOP *** [6c Ac As]
b1oviv19931: checks 
Patrycjusz1125: checks 
*** TURN *** [6c Ac As] [Kd]
b1oviv19931: bets $0.06
Patrycjusz1125: folds 
Uncalled bet ($0.06) returned to b1oviv19931
b1oviv19931 collected $0.04 from pot
b1oviv19931: doesn't show hand 
*** SUMMARY ***
Total pot $0.04 | Rake $0 
Board [6c Ac As Kd]
Seat 1: b1oviv19931 (small blind) collected ($0.04)
Seat 2: Patrycjusz1125 (big blind) folded on the Turn
Seat 3: Ateu66 folded before Flop (didn't bet)
Seat 4: Br0wnCheese folded before Flop (didn't bet)
Seat 5: Blaulillie folded before Flop (didn't bet)
Seat 6: Dorex2007 folded before Flop (didn't bet)
Seat 7: mr_expert1 folded before Flop (didn't bet)
Seat 8: G0DF4TH3Rx folded before Flop (didn't bet)
Seat 9: PedroNina (button) folded before Flop (didn't bet)



PokerStars Hand #236652902954:  Hold'em No Limit ($0.01/$0.02 USD) - 2022/06/08 15:49:55 PT [2022/06/08 18:49:55 ET]
Table 'Neoptolemus III' 9-max Seat #1 is the button
Seat 1: b1oviv19931 ($1.70 in chips) 
Seat 2: Patrycjusz1125 ($0.60 in chips) 
Seat 3: Ateu66 ($0.80 in chips) 
Seat 4: Br0wnCheese ($2 in chips) 
Seat 5: Blaulillie ($1.10 in chips) 
Seat 6: Dorex2007 ($2 in chips) 
Seat 7: mr_expert1 ($2.02 in chips) 
Seat 8: G0DF4TH3Rx ($1.30 in chips) 
Seat 9: PedroNina ($1.63 in chips) 
Patrycjusz1125: posts small blind $0.01
Ateu66: posts big blind $0.02
*** HOLE CARDS ***
Dealt to Dorex2007 [7d 5c]
Br0wnCheese: folds 
Blaulillie has timed out
Blaulillie: folds 
Dorex2007: folds 
mr_expert1: folds 
G0DF4TH3Rx: folds 
PedroNina: folds 
b1oviv19931: raises $0.04 to $0.06
Patrycjusz1125: folds 
Ateu66: calls $0.04
*** FLOP *** [2h Th 2s]
Ateu66: bets $0.07
b1oviv19931: folds 
Uncalled bet ($0.07) returned to Ateu66
Ateu66 collected $0.13 from pot
Ateu66: doesn't show hand 
*** SUMMARY ***
Total pot $0.13 | Rake $0 
Board [2h Th 2s]
Seat 1: b1oviv19931 (button) folded on the Flop
Seat 2: Patrycjusz1125 (small blind) folded before Flop
Seat 3: Ateu66 (big blind) collected ($0.13)
Seat 4: Br0wnCheese folded before Flop (didn't bet)
Seat 5: Blaulillie folded before Flop (didn't bet)
Seat 6: Dorex2007 folded before Flop (didn't bet)
Seat 7: mr_expert1 folded before Flop (didn't bet)
Seat 8: G0DF4TH3Rx folded before Flop (didn't bet)
Seat 9: PedroNina folded before Flop (didn't bet)



PokerStars Hand #236652914938:  Hold'em No Limit ($0.01/$0.02 USD) - 2022/06/08 15:50:35 PT [2022/06/08 18:50:35 ET]
Table 'Neoptolemus III' 9-max Seat #2 is the button
Seat 1: b1oviv19931 ($1.64 in chips) 
Seat 2: Patrycjusz1125 ($0.59 in chips) 
Seat 3: Ateu66 ($0.87 in chips) 
Seat 4: Br0wnCheese ($2 in chips) 
Seat 5: Blaulillie ($1.10 in chips) 
Seat 6: Dorex2007 ($2 in chips) 
Seat 7: mr_expert1 ($2.02 in chips) 
Seat 8: G0DF4TH3Rx ($1.30 in chips) 
Seat 9: PedroNina ($1.63 in chips) 
Ateu66: posts small blind $0.01
Br0wnCheese: posts big blind $0.02
*** HOLE CARDS ***
Dealt to Dorex2007 [7d 8d]
Blaulillie: folds 
Dorex2007: folds 
mr_expert1: raises $0.05 to $0.07
G0DF4TH3Rx: folds 
PedroNina: folds 
b1oviv19931: folds 
Patrycjusz1125: folds 
Ateu66: folds 
Br0wnCheese: folds 
Uncalled bet ($0.05) returned to mr_expert1
mr_expert1 collected $0.05 from pot
mr_expert1: doesn't show hand 
*** SUMMARY ***
Total pot $0.05 | Rake $0 
Seat 1: b1oviv19931 folded before Flop (didn't bet)
Seat 2: Patrycjusz1125 (button) folded before Flop (didn't bet)
Seat 3: Ateu66 (small blind) folded before Flop
Seat 4: Br0wnCheese (big blind) folded before Flop
Seat 5: Blaulillie folded before Flop (didn't bet)
Seat 6: Dorex2007 folded before Flop (didn't bet)
Seat 7: mr_expert1 collected ($0.05)
Seat 8: G0DF4TH3Rx folded before Flop (didn't bet)
Seat 9: PedroNina folded before Flop (didn't bet)



PokerStars Hand #236652925194:  Hold'em No Limit ($0.01/$0.02 USD) - 2022/06/08 15:51:09 PT [2022/06/08 18:51:09 ET]
Table 'Neoptolemus III' 9-max Seat #3 is the button
Seat 1: b1oviv19931 ($1.64 in chips) 
Seat 2: Patrycjusz1125 ($0.59 in chips) 
Seat 3: Ateu66 ($0.86 in chips) 
Seat 4: Br0wnCheese ($2 in chips) 
Seat 5: Blaulillie ($1.10 in chips) 
Seat 6: Dorex2007 ($2 in chips) 
Seat 7: mr_expert1 ($2.05 in chips) 
Seat 8: G0DF4TH3Rx ($1.30 in chips) 
Seat 9: PedroNina ($1.63 in chips) 
Br0wnCheese: posts small blind $0.01
Blaulillie: posts big blind $0.02
*** HOLE CARDS ***
Dealt to Dorex2007 [6d 6h]
Dorex2007: calls $0.02
mr_expert1: raises $0.02 to $0.04
G0DF4TH3Rx: folds 
PedroNina: folds 
b1oviv19931: folds 
Patrycjusz1125: calls $0.04
Ateu66: folds 
Br0wnCheese: calls $0.03
Blaulillie: calls $0.02
Dorex2007: calls $0.02
*** FLOP *** [Qc 8d Kd]
Br0wnCheese: bets $0.06
Blaulillie: folds 
Dorex2007: folds 
mr_expert1: folds 
Patrycjusz1125: folds 
Uncalled bet ($0.06) returned to Br0wnCheese
Br0wnCheese collected $0.19 from pot
Br0wnCheese: doesn't show hand 
*** SUMMARY ***
Total pot $0.20 | Rake $0.01 
Board [Qc 8d Kd]
Seat 1: b1oviv19931 folded before Flop (didn't bet)
Seat 2: Patrycjusz1125 folded on the Flop
Seat 3: Ateu66 (button) folded before Flop (didn't bet)
Seat 4: Br0wnCheese (small blind) collected ($0.19)
Seat 5: Blaulillie (big blind) folded on the Flop
Seat 6: Dorex2007 folded on the Flop
Seat 7: mr_expert1 folded on the Flop
Seat 8: G0DF4TH3Rx folded before Flop (didn't bet)
Seat 9: PedroNina folded before Flop (didn't bet)



PokerStars Hand #236652939602:  Hold'em No Limit ($0.01/$0.02 USD) - 2022/06/08 15:51:56 PT [2022/06/08 18:51:56 ET]
Table 'Neoptolemus III' 9-max Seat #4 is the button
Seat 1: b1oviv19931 ($1.64 in chips) 
Seat 2: Patrycjusz1125 ($0.55 in chips) 
Seat 3: Ateu66 ($0.86 in chips) 
Seat 4: Br0wnCheese ($2.15 in chips) 
Seat 5: Blaulillie ($1.06 in chips) 
Seat 6: Dorex2007 ($2 in chips) 
Seat 7: mr_expert1 ($2.01 in chips) 
Seat 8: G0DF4TH3Rx ($1.30 in chips) 
Seat 9: PedroNina ($1.63 in chips) 
Blaulillie: posts small blind $0.01
Dorex2007: posts big blind $0.02
*** HOLE CARDS ***
Dealt to Dorex2007 [4d 6c]
mr_expert1: calls $0.02
G0DF4TH3Rx: folds 
PedroNina: calls $0.02
b1oviv19931: folds 
Patrycjusz1125: raises $0.02 to $0.04
Ateu66 has timed out
Ateu66: folds 
Br0wnCheese: folds 
Blaulillie: folds 
Dorex2007: folds 
mr_expert1: calls $0.02
PedroNina: calls $0.02
*** FLOP *** [5c 3c 8h]
mr_expert1: checks 
PedroNina: checks 
Patrycjusz1125: checks 
*** TURN *** [5c 3c 8h] [2d]
mr_expert1: checks 
PedroNina: checks 
Patrycjusz1125: checks 
*** RIVER *** [5c 3c 8h 2d] [Ad]
mr_expert1: checks 
PedroNina: checks 
Patrycjusz1125: checks 
*** SHOW DOWN ***
mr_expert1: shows [6s 7s] (high card Ace)
PedroNina: shows [9c Kc] (high card Ace - King kicker)
Patrycjusz1125: shows [Ah Qh] (a pair of Aces)
Patrycjusz1125 collected $0.14 from pot
*** SUMMARY ***
Total pot $0.15 | Rake $0.01 
Board [5c 3c 8h 2d Ad]
Seat 1: b1oviv19931 folded before Flop (didn't bet)
Seat 2: Patrycjusz1125 showed [Ah Qh] and won ($0.14) with a pair of Aces
Seat 3: Ateu66 folded before Flop (didn't bet)
Seat 4: Br0wnCheese (button) folded before Flop (didn't bet)
Seat 5: Blaulillie (small blind) folded before Flop
Seat 6: Dorex2007 (big blind) folded before Flop
Seat 7: mr_expert1 showed [6s 7s] and lost with high card Ace
Seat 8: G0DF4TH3Rx folded before Flop (didn't bet)
Seat 9: PedroNina showed [9c Kc] and lost with high card Ace



PokerStars Hand #236652956796:  Hold'em No Limit ($0.01/$0.02 USD) - 2022/06/08 15:52:53 PT [2022/06/08 18:52:53 ET]
Table 'Neoptolemus III' 9-max Seat #5 is the button
Seat 1: b1oviv19931 ($1.64 in chips) 
Seat 2: Patrycjusz1125 ($0.65 in chips) 
Seat 3: Ateu66 ($0.86 in chips) 
Seat 4: Br0wnCheese ($2.15 in chips) 
Seat 5: Blaulillie ($1.05 in chips) 
Seat 6: Dorex2007 ($2 in chips) 
Seat 7: mr_expert1 ($1.97 in chips) 
Seat 8: G0DF4TH3Rx ($1.30 in chips) 
Seat 9: PedroNina ($1.59 in chips) 
Dorex2007: posts small blind $0.01
mr_expert1: posts big blind $0.02
*** HOLE CARDS ***
Dealt to Dorex2007 [5d 7d]
G0DF4TH3Rx: folds 
PedroNina: raises $0.08 to $0.10
b1oviv19931: folds 
Patrycjusz1125: folds 
Ateu66 has timed out
Ateu66: folds 
Br0wnCheese: folds 
Blaulillie: folds 
Dorex2007: folds 
mr_expert1: folds 
Uncalled bet ($0.08) returned to PedroNina
PedroNina collected $0.05 from pot
PedroNina: doesn't show hand 
*** SUMMARY ***
Total pot $0.05 | Rake $0 
Seat 1: b1oviv19931 folded before Flop (didn't bet)
Seat 2: Patrycjusz1125 folded before Flop (didn't bet)
Seat 3: Ateu66 folded before Flop (didn't bet)
Seat 4: Br0wnCheese folded before Flop (didn't bet)
Seat 5: Blaulillie (button) folded before Flop (didn't bet)
Seat 6: Dorex2007 (small blind) folded before Flop
Seat 7: mr_expert1 (big blind) folded before Flop
Seat 8: G0DF4TH3Rx folded before Flop (didn't bet)
Seat 9: PedroNina collected ($0.05)



PokerStars Hand #236652965094:  Hold'em No Limit ($0.01/$0.02 USD) - 2022/06/08 15:53:21 PT [2022/06/08 18:53:21 ET]
Table 'Neoptolemus III' 9-max Seat #6 is the button
Seat 1: b1oviv19931 ($1.64 in chips) 
Seat 2: Patrycjusz1125 ($0.65 in chips) 
Seat 4: Br0wnCheese ($2.15 in chips) 
Seat 5: Blaulillie ($1.05 in chips) 
Seat 6: Dorex2007 ($2 in chips) 
Seat 7: mr_expert1 ($1.95 in chips) 
Seat 8: G0DF4TH3Rx ($1.30 in chips) 
Seat 9: PedroNina ($1.62 in chips) 
mr_expert1: posts small blind $0.01
G0DF4TH3Rx: posts big blind $0.02
*** HOLE CARDS ***
Dealt to Dorex2007 [8c 3d]
PedroNina: folds 
b1oviv19931: folds 
Patrycjusz1125: folds 
Br0wnCheese: raises $0.03 to $0.05
Blaulillie: folds 
Dorex2007: folds 
mr_expert1: folds 
G0DF4TH3Rx: folds 
Uncalled bet ($0.03) returned to Br0wnCheese
Br0wnCheese collected $0.05 from pot
Br0wnCheese: doesn't show hand 
*** SUMMARY ***
Total pot $0.05 | Rake $0 
Seat 1: b1oviv19931 folded before Flop (didn't bet)
Seat 2: Patrycjusz1125 folded before Flop (didn't bet)
Seat 4: Br0wnCheese collected ($0.05)
Seat 5: Blaulillie folded before Flop (didn't bet)
Seat 6: Dorex2007 (button) folded before Flop (didn't bet)
Seat 7: mr_expert1 (small blind) folded before Flop
Seat 8: G0DF4TH3Rx (big blind) folded before Flop
Seat 9: PedroNina folded before Flop (didn't bet)



PokerStars Hand #236652968440:  Hold'em No Limit ($0.01/$0.02 USD) - 2022/06/08 15:53:32 PT [2022/06/08 18:53:32 ET]
Table 'Neoptolemus III' 9-max Seat #7 is the button
Seat 1: b1oviv19931 ($1.64 in chips) 
Seat 2: Patrycjusz1125 ($0.65 in chips) 
Seat 3: Ateu66 ($0.86 in chips) 
Seat 4: Br0wnCheese ($2.18 in chips) 
Seat 5: Blaulillie ($1.05 in chips) 
Seat 6: Dorex2007 ($2 in chips) 
Seat 7: mr_expert1 ($1.94 in chips) 
Seat 8: G0DF4TH3Rx ($1.28 in chips) 
Seat 9: PedroNina ($1.62 in chips) 
G0DF4TH3Rx: posts small blind $0.01
PedroNina: posts big blind $0.02
*** HOLE CARDS ***
Dealt to Dorex2007 [6h 3s]
b1oviv19931: raises $0.02 to $0.04
Patrycjusz1125: folds 
Ateu66: folds 
Br0wnCheese: folds 
Blaulillie: calls $0.04
Dorex2007: folds 
mr_expert1: folds 
G0DF4TH3Rx: folds 
PedroNina: folds 
*** FLOP *** [5h Jd 5s]
b1oviv19931: bets $0.11
Blaulillie: folds 
Uncalled bet ($0.11) returned to b1oviv19931
b1oviv19931 collected $0.11 from pot
b1oviv19931: doesn't show hand 
*** SUMMARY ***
Total pot $0.11 | Rake $0 
Board [5h Jd 5s]
Seat 1: b1oviv19931 collected ($0.11)
Seat 2: Patrycjusz1125 folded before Flop (didn't bet)
Seat 3: Ateu66 folded before Flop (didn't bet)
Seat 4: Br0wnCheese folded before Flop (didn't bet)
Seat 5: Blaulillie folded on the Flop
Seat 6: Dorex2007 folded before Flop (didn't bet)
Seat 7: mr_expert1 (button) folded before Flop (didn't bet)
Seat 8: G0DF4TH3Rx (small blind) folded before Flop
Seat 9: PedroNina (big blind) folded before Flop



PokerStars Hand #236652979119:  Hold'em No Limit ($0.01/$0.02 USD) - 2022/06/08 15:54:07 PT [2022/06/08 18:54:07 ET]
Table 'Neoptolemus III' 9-max Seat #8 is the button
Seat 1: b1oviv19931 ($1.71 in chips) 
Seat 2: Patrycjusz1125 ($0.65 in chips) 
Seat 3: Ateu66 ($0.86 in chips) 
Seat 4: Br0wnCheese ($2.18 in chips) 
Seat 5: Blaulillie ($1.01 in chips) 
Seat 6: Dorex2007 ($2 in chips) 
Seat 7: mr_expert1 ($1.94 in chips) 
Seat 8: G0DF4TH3Rx ($1.27 in chips) 
Seat 9: PedroNina ($1.60 in chips) 
PedroNina: posts small blind $0.01
b1oviv19931: posts big blind $0.02
*** HOLE CARDS ***
Dealt to Dorex2007 [8d 4c]
Patrycjusz1125: folds 
Ateu66: raises $0.06 to $0.08
Br0wnCheese: folds 
Blaulillie: folds 
Dorex2007: folds 
mr_expert1: folds 
G0DF4TH3Rx: folds 
PedroNina: folds 
b1oviv19931: folds 
Uncalled bet ($0.06) returned to Ateu66
Ateu66 collected $0.05 from pot
Ateu66: doesn't show hand 
*** SUMMARY ***
Total pot $0.05 | Rake $0 
Seat 1: b1oviv19931 (big blind) folded before Flop
Seat 2: Patrycjusz1125 folded before Flop (didn't bet)
Seat 3: Ateu66 collected ($0.05)
Seat 4: Br0wnCheese folded before Flop (didn't bet)
Seat 5: Blaulillie folded before Flop (didn't bet)
Seat 6: Dorex2007 folded before Flop (didn't bet)
Seat 7: mr_expert1 folded before Flop (didn't bet)
Seat 8: G0DF4TH3Rx (button) folded before Flop (didn't bet)
Seat 9: PedroNina (small blind) folded before Flop



PokerStars Hand #236652986793:  Hold'em No Limit ($0.01/$0.02 USD) - 2022/06/08 15:54:33 PT [2022/06/08 18:54:33 ET]
Table 'Neoptolemus III' 9-max Seat #9 is the button
Seat 1: b1oviv19931 ($1.69 in chips) 
Seat 2: Patrycjusz1125 ($0.65 in chips) 
Seat 3: Ateu66 ($0.89 in chips) 
Seat 4: Br0wnCheese ($2.18 in chips) 
Seat 5: Blaulillie ($1.01 in chips) 
Seat 6: Dorex2007 ($2 in chips) 
Seat 7: mr_expert1 ($1.94 in chips) 
Seat 8: G0DF4TH3Rx ($1.27 in chips) 
Seat 9: PedroNina ($1.59 in chips) 
b1oviv19931: posts small blind $0.01
Patrycjusz1125: posts big blind $0.02
*** HOLE CARDS ***
Dealt to Dorex2007 [9h Ks]
Ateu66 has timed out
Ateu66: folds 
Br0wnCheese: raises $0.03 to $0.05
Blaulillie: folds 
Dorex2007: folds 
mr_expert1: folds 
G0DF4TH3Rx: folds 
PedroNina: calls $0.05
b1oviv19931: folds 
Patrycjusz1125: calls $0.03
*** FLOP *** [Ac Qd Jd]
Patrycjusz1125: checks 
Br0wnCheese: bets $0.20
PedroNina: raises $0.20 to $0.40
Patrycjusz1125: folds 
Br0wnCheese: calls $0.20
*** TURN *** [Ac Qd Jd] [6d]
Br0wnCheese: checks 
PedroNina: checks 
*** RIVER *** [Ac Qd Jd 6d] [4s]
Br0wnCheese: checks 
PedroNina: bets $1.14 and is all-in
Br0wnCheese: folds 
Uncalled bet ($1.14) returned to PedroNina
PedroNina collected $0.93 from pot
PedroNina: doesn't show hand 
*** SUMMARY ***
Total pot $0.96 | Rake $0.03 
Board [Ac Qd Jd 6d 4s]
Seat 1: b1oviv19931 (small blind) folded before Flop
Seat 2: Patrycjusz1125 (big blind) folded on the Flop
Seat 3: Ateu66 folded before Flop (didn't bet)
Seat 4: Br0wnCheese folded on the River
Seat 5: Blaulillie folded before Flop (didn't bet)
Seat 6: Dorex2007 folded before Flop (didn't bet)
Seat 7: mr_expert1 folded before Flop (didn't bet)
Seat 8: G0DF4TH3Rx folded before Flop (didn't bet)
Seat 9: PedroNina (button) collected ($0.93)



PokerStars Hand #236653007604:  Hold'em No Limit ($0.01/$0.02 USD) - 2022/06/08 15:55:52 PT [2022/06/08 18:55:52 ET]
Table 'Neoptolemus III' 9-max Seat #1 is the button
Seat 1: b1oviv19931 ($1.68 in chips) 
Seat 2: Patrycjusz1125 ($0.60 in chips) 
Seat 3: Ateu66 ($0.89 in chips) 
Seat 4: Br0wnCheese ($2 in chips) 
Seat 5: Blaulillie ($1.01 in chips) 
Seat 6: Dorex2007 ($2 in chips) 
Seat 7: mr_expert1 ($1.94 in chips) 
Seat 8: G0DF4TH3Rx ($1.27 in chips) 
Seat 9: PedroNina ($2.07 in chips) 
Patrycjusz1125: posts small blind $0.01
Ateu66: posts big blind $0.02
*** HOLE CARDS ***
Dealt to Dorex2007 [2s 7c]
Br0wnCheese: folds 
Blaulillie: folds 
Dorex2007: folds 
mr_expert1: folds 
G0DF4TH3Rx: folds 
PedroNina: folds 
b1oviv19931: raises $0.04 to $0.06
Patrycjusz1125: calls $0.05
Ateu66: calls $0.04
*** FLOP *** [Js 2d 6c]
Patrycjusz1125: checks 
Ateu66: checks 
b1oviv19931: bets $0.17
Patrycjusz1125: folds 
Ateu66: folds 
Uncalled bet ($0.17) returned to b1oviv19931
b1oviv19931 collected $0.17 from pot
b1oviv19931: doesn't show hand 
*** SUMMARY ***
Total pot $0.18 | Rake $0.01 
Board [Js 2d 6c]
Seat 1: b1oviv19931 (button) collected ($0.17)
Seat 2: Patrycjusz1125 (small blind) folded on the Flop
Seat 3: Ateu66 (big blind) folded on the Flop
Seat 4: Br0wnCheese folded before Flop (didn't bet)
Seat 5: Blaulillie folded before Flop (didn't bet)
Seat 6: Dorex2007 folded before Flop (didn't bet)
Seat 7: mr_expert1 folded before Flop (didn't bet)
Seat 8: G0DF4TH3Rx folded before Flop (didn't bet)
Seat 9: PedroNina folded before Flop (didn't bet)



PokerStars Hand #236653022552:  Hold'em No Limit ($0.01/$0.02 USD) - 2022/06/08 15:56:54 PT [2022/06/08 18:56:54 ET]
Table 'Neoptolemus III' 9-max Seat #2 is the button
Seat 1: b1oviv19931 ($1.79 in chips) 
Seat 2: Patrycjusz1125 ($0.54 in chips) 
Seat 3: Ateu66 ($0.83 in chips) 
Seat 4: Br0wnCheese ($2 in chips) 
Seat 5: Blaulillie ($1.01 in chips) 
Seat 6: Dorex2007 ($2 in chips) 
Seat 7: mr_expert1 ($1.94 in chips) 
Seat 8: G0DF4TH3Rx ($1.27 in chips) 
Seat 9: PedroNina ($2.07 in chips) 
Ateu66: posts small blind $0.01
Br0wnCheese: posts big blind $0.02
*** HOLE CARDS ***
Dealt to Dorex2007 [8d Tc]
Blaulillie has timed out
Blaulillie: folds 
Dorex2007: folds 
mr_expert1: raises $0.04 to $0.06
G0DF4TH3Rx: folds 
PedroNina: folds 
b1oviv19931: folds 
Patrycjusz1125: folds 
Ateu66: folds 
Br0wnCheese: folds 
Uncalled bet ($0.04) returned to mr_expert1
mr_expert1 collected $0.05 from pot
mr_expert1: doesn't show hand 
*** SUMMARY ***
Total pot $0.05 | Rake $0 
Seat 1: b1oviv19931 folded before Flop (didn't bet)
Seat 2: Patrycjusz1125 (button) folded before Flop (didn't bet)
Seat 3: Ateu66 (small blind) folded before Flop
Seat 4: Br0wnCheese (big blind) folded before Flop
Seat 5: Blaulillie folded before Flop (didn't bet)
Seat 6: Dorex2007 folded before Flop (didn't bet)
Seat 7: mr_expert1 collected ($0.05)
Seat 8: G0DF4TH3Rx folded before Flop (didn't bet)
Seat 9: PedroNina folded before Flop (didn't bet)



PokerStars Hand #236653031816:  Hold'em No Limit ($0.01/$0.02 USD) - 2022/06/08 15:57:32 PT [2022/06/08 18:57:32 ET]
Table 'Neoptolemus III' 9-max Seat #3 is the button
Seat 1: b1oviv19931 ($1.79 in chips) 
Seat 2: Patrycjusz1125 ($0.54 in chips) 
Seat 3: Ateu66 ($0.82 in chips) 
Seat 4: Br0wnCheese ($2 in chips) 
Seat 5: Blaulillie ($1.01 in chips) 
Seat 6: Dorex2007 ($2 in chips) 
Seat 7: mr_expert1 ($1.97 in chips) 
Seat 8: G0DF4TH3Rx ($1.27 in chips) 
Seat 9: PedroNina ($2.07 in chips) 
Br0wnCheese: posts small blind $0.01
Blaulillie: posts big blind $0.02
*** HOLE CARDS ***
Dealt to Dorex2007 [9c Kc]
Dorex2007: folds 
mr_expert1: folds 
G0DF4TH3Rx: folds 
PedroNina: folds 
b1oviv19931: folds 
Patrycjusz1125: calls $0.02
Ateu66: calls $0.02
Br0wnCheese: folds 
Blaulillie: checks 
*** FLOP *** [Js 6s 4d]
Blaulillie: checks 
Patrycjusz1125: checks 
Ateu66: bets $0.10
Blaulillie: folds 
Patrycjusz1125: folds 
Uncalled bet ($0.10) returned to Ateu66
Ateu66 collected $0.07 from pot
Ateu66: doesn't show hand 
*** SUMMARY ***
Total pot $0.07 | Rake $0 
Board [Js 6s 4d]
Seat 1: b1oviv19931 folded before Flop (didn't bet)
Seat 2: Patrycjusz1125 folded on the Flop
Seat 3: Ateu66 (button) collected ($0.07)
Seat 4: Br0wnCheese (small blind) folded before Flop
Seat 5: Blaulillie (big blind) folded on the Flop
Seat 6: Dorex2007 folded before Flop (didn't bet)
Seat 7: mr_expert1 folded before Flop (didn't bet)
Seat 8: G0DF4TH3Rx folded before Flop (didn't bet)
Seat 9: PedroNina folded before Flop (didn't bet)



PokerStars Hand #236653042227:  Hold'em No Limit ($0.01/$0.02 USD) - 2022/06/08 15:58:15 PT [2022/06/08 18:58:15 ET]
Table 'Neoptolemus III' 9-max Seat #4 is the button
Seat 1: b1oviv19931 ($1.79 in chips) 
Seat 2: Patrycjusz1125 ($0.52 in chips) 
Seat 3: Ateu66 ($0.87 in chips) 
Seat 4: Br0wnCheese ($2 in chips) 
Seat 5: Blaulillie ($0.99 in chips) 
Seat 6: Dorex2007 ($2 in chips) 
Seat 7: mr_expert1 ($1.97 in chips) 
Seat 8: G0DF4TH3Rx ($1.27 in chips) 
Seat 9: PedroNina ($2.07 in chips) 
Blaulillie: posts small blind $0.01
Dorex2007: posts big blind $0.02
*** HOLE CARDS ***
Dealt to Dorex2007 [Qc Tc]
mr_expert1: folds 
G0DF4TH3Rx: folds 
PedroNina: folds 
b1oviv19931: folds 
Patrycjusz1125: folds 
Ateu66 has timed out
Ateu66: folds 
Br0wnCheese: raises $0.03 to $0.05
Blaulillie: folds 
Dorex2007: folds 
Uncalled bet ($0.03) returned to Br0wnCheese
Br0wnCheese collected $0.05 from pot
Br0wnCheese: doesn't show hand 
*** SUMMARY ***
Total pot $0.05 | Rake $0 
Seat 1: b1oviv19931 folded before Flop (didn't bet)
Seat 2: Patrycjusz1125 folded before Flop (didn't bet)
Seat 3: Ateu66 folded before Flop (didn't bet)
Seat 4: Br0wnCheese (button) collected ($0.05)
Seat 5: Blaulillie (small blind) folded before Flop
Seat 6: Dorex2007 (big blind) folded before Flop
Seat 7: mr_expert1 folded before Flop (didn't bet)
Seat 8: G0DF4TH3Rx folded before Flop (didn't bet)
Seat 9: PedroNina folded before Flop (didn't bet)



PokerStars Hand #236653083157:  Hold'em No Limit ($0.01/$0.02 USD) - 2022/06/08 16:00:24 PT [2022/06/08 19:00:24 ET]
Table 'Neoptolemus III' 9-max Seat #8 is the button
Seat 1: b1oviv19931 ($1.79 in chips) 
Seat 2: Patrycjusz1125 ($0.52 in chips) 
Seat 3: Ateu66 ($0.85 in chips) 
Seat 4: Br0wnCheese ($2.03 in chips) 
Seat 5: Blaulillie ($0.98 in chips) 
Seat 6: Dorex2007 ($2 in chips) 
Seat 8: G0DF4TH3Rx ($1.20 in chips) 
Seat 9: PedroNina ($2.17 in chips) 
PedroNina: posts small blind $0.01
b1oviv19931: posts big blind $0.02
Dorex2007: posts small blind $0.01
pokereule754: sits out 
*** HOLE CARDS ***
Dealt to Dorex2007 [5d 7h]
Patrycjusz1125: folds 
Ateu66: calls $0.02
Br0wnCheese: folds 
Blaulillie: folds 
Dorex2007: folds 
G0DF4TH3Rx: folds 
PedroNina: calls $0.01
b1oviv19931: checks 
*** FLOP *** [Kh As 6h]
PedroNina: bets $0.06
b1oviv19931: folds 
Ateu66 has timed out
Ateu66: folds 
Uncalled bet ($0.06) returned to PedroNina
PedroNina collected $0.07 from pot
PedroNina: doesn't show hand 
*** SUMMARY ***
Total pot $0.07 | Rake $0 
Board [Kh As 6h]
Seat 1: b1oviv19931 (big blind) folded on the Flop
Seat 2: Patrycjusz1125 folded before Flop (didn't bet)
Seat 3: Ateu66 folded on the Flop
Seat 4: Br0wnCheese folded before Flop (didn't bet)
Seat 5: Blaulillie folded before Flop (didn't bet)
Seat 6: Dorex2007 folded before Flop (didn't bet)
Seat 8: G0DF4TH3Rx (button) folded before Flop (didn't bet)
Seat 9: PedroNina (small blind) collected ($0.07)



PokerStars Hand #236653101968:  Hold'em No Limit ($0.01/$0.02 USD) - 2022/06/08 16:01:33 PT [2022/06/08 19:01:33 ET]
Table 'Neoptolemus III' 9-max Seat #9 is the button
Seat 1: b1oviv19931 ($1.77 in chips) 
Seat 2: Patrycjusz1125 ($0.52 in chips) 
Seat 4: Br0wnCheese ($2.03 in chips) 
Seat 5: Blaulillie ($0.98 in chips) 
Seat 6: Dorex2007 ($2 in chips) 
Seat 7: pokereule754 ($2 in chips) 
Seat 8: G0DF4TH3Rx ($1.20 in chips) 
Seat 9: PedroNina ($2.22 in chips) 
b1oviv19931: posts small blind $0.01
Patrycjusz1125: posts big blind $0.02
pokereule754: posts big blind $0.02
*** HOLE CARDS ***
Dealt to Dorex2007 [8d 3d]
Br0wnCheese: folds 
Blaulillie: raises $0.04 to $0.06
Dorex2007: folds 
pokereule754: folds 
G0DF4TH3Rx: folds 
PedroNina: folds 
b1oviv19931: folds 
Patrycjusz1125: folds 
Uncalled bet ($0.04) returned to Blaulillie
Blaulillie collected $0.07 from pot
Blaulillie: doesn't show hand 
*** SUMMARY ***
Total pot $0.07 | Rake $0 
Seat 1: b1oviv19931 (small blind) folded before Flop
Seat 2: Patrycjusz1125 (big blind) folded before Flop
Seat 4: Br0wnCheese folded before Flop (didn't bet)
Seat 5: Blaulillie collected ($0.07)
Seat 6: Dorex2007 folded before Flop (didn't bet)
Seat 7: pokereule754 folded before Flop (didn't bet)
Seat 8: G0DF4TH3Rx folded before Flop (didn't bet)
Seat 9: PedroNina (button) folded before Flop (didn't bet)



PokerStars Hand #236653107371:  Hold'em No Limit ($0.01/$0.02 USD) - 2022/06/08 16:01:51 PT [2022/06/08 19:01:51 ET]
Table 'Neoptolemus III' 9-max Seat #1 is the button
Seat 1: b1oviv19931 ($1.76 in chips) 
Seat 2: Patrycjusz1125 ($0.50 in chips) 
Seat 4: Br0wnCheese ($2.03 in chips) 
Seat 5: Blaulillie ($1.03 in chips) 
Seat 6: Dorex2007 ($2 in chips) 
Seat 7: pokereule754 ($2 in chips) 
Seat 8: G0DF4TH3Rx ($1.20 in chips) 
Seat 9: PedroNina ($2.22 in chips) 
Patrycjusz1125: posts small blind $0.01
Br0wnCheese: posts big blind $0.02
*** HOLE CARDS ***
Dealt to Dorex2007 [5h 2h]
Blaulillie: raises $1.01 to $1.03 and is all-in
Dorex2007: folds 
pokereule754: folds 
G0DF4TH3Rx: folds 
PedroNina: folds 
b1oviv19931: folds 
Patrycjusz1125: folds 
Br0wnCheese: folds 
Uncalled bet ($1.01) returned to Blaulillie
Blaulillie collected $0.05 from pot
Blaulillie: doesn't show hand 
*** SUMMARY ***
Total pot $0.05 | Rake $0 
Seat 1: b1oviv19931 (button) folded before Flop (didn't bet)
Seat 2: Patrycjusz1125 (small blind) folded before Flop
Seat 4: Br0wnCheese (big blind) folded before Flop
Seat 5: Blaulillie collected ($0.05)
Seat 6: Dorex2007 folded before Flop (didn't bet)
Seat 7: pokereule754 folded before Flop (didn't bet)
Seat 8: G0DF4TH3Rx folded before Flop (didn't bet)
Seat 9: PedroNina folded before Flop (didn't bet)



PokerStars Hand #236653114908:  Hold'em No Limit ($0.01/$0.02 USD) - 2022/06/08 16:02:11 PT [2022/06/08 19:02:11 ET]
Table 'Neoptolemus III' 9-max Seat #2 is the button
Seat 1: b1oviv19931 ($1.76 in chips) 
Seat 2: Patrycjusz1125 ($0.49 in chips) 
Seat 4: Br0wnCheese ($2.01 in chips) 
Seat 5: Blaulillie ($1.06 in chips) 
Seat 6: Dorex2007 ($2 in chips) 
Seat 7: pokereule754 ($2 in chips) 
Seat 8: G0DF4TH3Rx ($1.20 in chips) 
Seat 9: PedroNina ($2.22 in chips) 
Br0wnCheese: posts small blind $0.01
Blaulillie: posts big blind $0.02
*** HOLE CARDS ***
Dealt to Dorex2007 [3c 4s]
Dorex2007: folds 
pokereule754: folds 
G0DF4TH3Rx: raises $0.04 to $0.06
PedroNina: folds 
b1oviv19931: folds 
Patrycjusz1125: folds 
Br0wnCheese: folds 
Blaulillie: folds 
Uncalled bet ($0.04) returned to G0DF4TH3Rx
G0DF4TH3Rx collected $0.05 from pot
G0DF4TH3Rx: doesn't show hand 
*** SUMMARY ***
Total pot $0.05 | Rake $0 
Seat 1: b1oviv19931 folded before Flop (didn't bet)
Seat 2: Patrycjusz1125 (button) folded before Flop (didn't bet)
Seat 4: Br0wnCheese (small blind) folded before Flop
Seat 5: Blaulillie (big blind) folded before Flop
Seat 6: Dorex2007 folded before Flop (didn't bet)
Seat 7: pokereule754 folded before Flop (didn't bet)
Seat 8: G0DF4TH3Rx collected ($0.05)
Seat 9: PedroNina folded before Flop (didn't bet)



PokerStars Hand #236653120220:  Hold'em No Limit ($0.01/$0.02 USD) - 2022/06/08 16:02:29 PT [2022/06/08 19:02:29 ET]
Table 'Neoptolemus III' 9-max Seat #4 is the button
Seat 1: b1oviv19931 ($1.76 in chips) 
Seat 2: Patrycjusz1125 ($0.49 in chips) 
Seat 4: Br0wnCheese ($2 in chips) 
Seat 5: Blaulillie ($1.04 in chips) 
Seat 6: Dorex2007 ($2 in chips) 
Seat 7: pokereule754 ($2 in chips) 
Seat 8: G0DF4TH3Rx ($1.23 in chips) 
Seat 9: PedroNina ($2.22 in chips) 
Blaulillie: posts small blind $0.01
Dorex2007: posts big blind $0.02
Ateu66: sits out 
*** HOLE CARDS ***
Dealt to Dorex2007 [Th Jc]
pokereule754: folds 
G0DF4TH3Rx: folds 
PedroNina: folds 
b1oviv19931: folds 
Patrycjusz1125: folds 
Br0wnCheese: folds 
Blaulillie: folds 
Uncalled bet ($0.01) returned to Dorex2007
Dorex2007 collected $0.02 from pot
Dorex2007: doesn't show hand 
*** SUMMARY ***
Total pot $0.02 | Rake $0 
Seat 1: b1oviv19931 folded before Flop (didn't bet)
Seat 2: Patrycjusz1125 folded before Flop (didn't bet)
Seat 4: Br0wnCheese (button) folded before Flop (didn't bet)
Seat 5: Blaulillie (small blind) folded before Flop
Seat 6: Dorex2007 (big blind) collected ($0.02)
Seat 7: pokereule754 folded before Flop (didn't bet)
Seat 8: G0DF4TH3Rx folded before Flop (didn't bet)
Seat 9: PedroNina folded before Flop (didn't bet)



PokerStars Hand #236653126026:  Hold'em No Limit ($0.01/$0.02 USD) - 2022/06/08 16:02:49 PT [2022/06/08 19:02:49 ET]
Table 'Neoptolemus III' 9-max Seat #5 is the button
Seat 1: b1oviv19931 ($1.76 in chips) 
Seat 2: Patrycjusz1125 ($0.49 in chips) 
Seat 4: Br0wnCheese ($2 in chips) 
Seat 5: Blaulillie ($1.03 in chips) 
Seat 6: Dorex2007 ($2.01 in chips) 
Seat 7: pokereule754 ($2 in chips) 
Seat 8: G0DF4TH3Rx ($1.23 in chips) 
Seat 9: PedroNina ($2.22 in chips) 
Dorex2007: posts small blind $0.01
pokereule754: posts big blind $0.02
Ateu66: sits out 
*** HOLE CARDS ***
Dealt to Dorex2007 [Kh 5c]
G0DF4TH3Rx: folds 
PedroNina: folds 
b1oviv19931: folds 
Patrycjusz1125: calls $0.02
Br0wnCheese: folds 
Blaulillie: folds 
Dorex2007: folds 
pokereule754: checks 
*** FLOP *** [Th 6s Kc]
pokereule754: checks 
Patrycjusz1125: checks 
*** TURN *** [Th 6s Kc] [5s]
pokereule754: checks 
Patrycjusz1125: checks 
*** RIVER *** [Th 6s Kc 5s] [Ts]
pokereule754: checks 
Patrycjusz1125: checks 
*** SHOW DOWN ***
pokereule754: shows [7d 3d] (a pair of Tens)
Patrycjusz1125: shows [4s 4h] (two pair, Tens and Fours)
Patrycjusz1125 collected $0.05 from pot
*** SUMMARY ***
Total pot $0.05 | Rake $0 
Board [Th 6s Kc 5s Ts]
Seat 1: b1oviv19931 folded before Flop (didn't bet)
Seat 2: Patrycjusz1125 showed [4s 4h] and won ($0.05) with two pair, Tens and Fours
Seat 4: Br0wnCheese folded before Flop (didn't bet)
Seat 5: Blaulillie (button) folded before Flop (didn't bet)
Seat 6: Dorex2007 (small blind) folded before Flop
Seat 7: pokereule754 (big blind) showed [7d 3d] and lost with a pair of Tens
Seat 8: G0DF4TH3Rx folded before Flop (didn't bet)
Seat 9: PedroNina folded before Flop (didn't bet)



PokerStars Hand #236653135561:  Hold'em No Limit ($0.01/$0.02 USD) - 2022/06/08 16:03:22 PT [2022/06/08 19:03:22 ET]
Table 'Neoptolemus III' 9-max Seat #6 is the button
Seat 1: b1oviv19931 ($1.76 in chips) 
Seat 2: Patrycjusz1125 ($0.52 in chips) 
Seat 4: Br0wnCheese ($2 in chips) 
Seat 5: Blaulillie ($1.03 in chips) 
Seat 6: Dorex2007 ($2 in chips) 
Seat 7: pokereule754 ($2 in chips) 
Seat 8: G0DF4TH3Rx ($1.23 in chips) 
Seat 9: PedroNina ($2.22 in chips) 
pokereule754: posts small blind $0.01
G0DF4TH3Rx: posts big blind $0.02
Ateu66: sits out 
*** HOLE CARDS ***
Dealt to Dorex2007 [Ks 6c]
PedroNina: folds 
b1oviv19931: folds 
Patrycjusz1125: folds 
Br0wnCheese: raises $0.03 to $0.05
Blaulillie: folds 
Dorex2007: folds 
pokereule754: folds 
G0DF4TH3Rx: folds 
Uncalled bet ($0.03) returned to Br0wnCheese
Br0wnCheese collected $0.05 from pot
Br0wnCheese: doesn't show hand 
*** SUMMARY ***
Total pot $0.05 | Rake $0 
Seat 1: b1oviv19931 folded before Flop (didn't bet)
Seat 2: Patrycjusz1125 folded before Flop (didn't bet)
Seat 4: Br0wnCheese collected ($0.05)
Seat 5: Blaulillie folded before Flop (didn't bet)
Seat 6: Dorex2007 (button) folded before Flop (didn't bet)
Seat 7: pokereule754 (small blind) folded before Flop
Seat 8: G0DF4TH3Rx (big blind) folded before Flop
Seat 9: PedroNina folded before Flop (didn't bet)



PokerStars Hand #236653139786:  Hold'em No Limit ($0.01/$0.02 USD) - 2022/06/08 16:03:36 PT [2022/06/08 19:03:36 ET]
Table 'Neoptolemus III' 9-max Seat #7 is the button
Seat 1: b1oviv19931 ($1.76 in chips) 
Seat 2: Patrycjusz1125 ($0.52 in chips) 
Seat 4: Br0wnCheese ($2.03 in chips) 
Seat 5: Blaulillie ($1.03 in chips) 
Seat 6: Dorex2007 ($2 in chips) 
Seat 7: pokereule754 ($2 in chips) 
Seat 8: G0DF4TH3Rx ($1.21 in chips) 
Seat 9: PedroNina ($2.22 in chips) 
G0DF4TH3Rx: posts small blind $0.01
PedroNina: posts big blind $0.02
Ateu66: sits out 
*** HOLE CARDS ***
Dealt to Dorex2007 [Js 9c]
b1oviv19931: folds 
Patrycjusz1125: raises $0.02 to $0.04
Br0wnCheese: folds 
Blaulillie: folds 
Dorex2007: folds 
pokereule754: folds 
G0DF4TH3Rx: folds 
PedroNina: folds 
Uncalled bet ($0.02) returned to Patrycjusz1125
Patrycjusz1125 collected $0.05 from pot
Patrycjusz1125: doesn't show hand 
*** SUMMARY ***
Total pot $0.05 | Rake $0 
Seat 1: b1oviv19931 folded before Flop (didn't bet)
Seat 2: Patrycjusz1125 collected ($0.05)
Seat 4: Br0wnCheese folded before Flop (didn't bet)
Seat 5: Blaulillie folded before Flop (didn't bet)
Seat 6: Dorex2007 folded before Flop (didn't bet)
Seat 7: pokereule754 (button) folded before Flop (didn't bet)
Seat 8: G0DF4TH3Rx (small blind) folded before Flop
Seat 9: PedroNina (big blind) folded before Flop



PokerStars Hand #236653145927:  Hold'em No Limit ($0.01/$0.02 USD) - 2022/06/08 16:03:58 PT [2022/06/08 19:03:58 ET]
Table 'Neoptolemus III' 9-max Seat #8 is the button
Seat 1: b1oviv19931 ($1.76 in chips) 
Seat 2: Patrycjusz1125 ($0.55 in chips) 
Seat 4: Br0wnCheese ($2.03 in chips) 
Seat 5: Blaulillie ($1.03 in chips) 
Seat 6: Dorex2007 ($2 in chips) 
Seat 7: pokereule754 ($2 in chips) 
Seat 8: G0DF4TH3Rx ($1.20 in chips) 
Seat 9: PedroNina ($2.20 in chips) 
PedroNina: posts small blind $0.01
b1oviv19931: posts big blind $0.02
Ateu66: sits out 
*** HOLE CARDS ***
Dealt to Dorex2007 [4c Jd]
Patrycjusz1125: folds 
Br0wnCheese: folds 
Blaulillie: folds 
Dorex2007: folds 
pokereule754: folds 
G0DF4TH3Rx: folds 
PedroNina: calls $0.01
b1oviv19931: checks 
*** FLOP *** [Qs 8c Td]
PedroNina: checks 
b1oviv19931: bets $0.04
PedroNina: folds 
Uncalled bet ($0.04) returned to b1oviv19931
b1oviv19931 collected $0.04 from pot
b1oviv19931: doesn't show hand 
*** SUMMARY ***
Total pot $0.04 | Rake $0 
Board [Qs 8c Td]
Seat 1: b1oviv19931 (big blind) collected ($0.04)
Seat 2: Patrycjusz1125 folded before Flop (didn't bet)
Seat 4: Br0wnCheese folded before Flop (didn't bet)
Seat 5: Blaulillie folded before Flop (didn't bet)
Seat 6: Dorex2007 folded before Flop (didn't bet)
Seat 7: pokereule754 folded before Flop (didn't bet)
Seat 8: G0DF4TH3Rx (button) folded before Flop (didn't bet)
Seat 9: PedroNina (small blind) folded on the Flop



PokerStars Hand #236653157623:  Hold'em No Limit ($0.01/$0.02 USD) - 2022/06/08 16:04:38 PT [2022/06/08 19:04:38 ET]
Table 'Neoptolemus III' 9-max Seat #9 is the button
Seat 1: b1oviv19931 ($1.78 in chips) 
Seat 2: Patrycjusz1125 ($0.55 in chips) 
Seat 4: Br0wnCheese ($2.03 in chips) 
Seat 5: Blaulillie ($1.03 in chips) 
Seat 6: Dorex2007 ($2 in chips) 
Seat 7: pokereule754 ($2 in chips) 
Seat 8: G0DF4TH3Rx ($1.20 in chips) 
Seat 9: PedroNina ($2.18 in chips) 
b1oviv19931: posts small blind $0.01
Patrycjusz1125: posts big blind $0.02
Ateu66: sits out 
*** HOLE CARDS ***
Dealt to Dorex2007 [5h 9h]
Br0wnCheese: folds 
Blaulillie: folds 
Dorex2007: folds 
pokereule754: folds 
G0DF4TH3Rx: folds 
PedroNina: folds 
b1oviv19931: raises $0.04 to $0.06
Patrycjusz1125: calls $0.04
*** FLOP *** [4d 9d 3s]
b1oviv19931: bets $0.12
Patrycjusz1125: folds 
Uncalled bet ($0.12) returned to b1oviv19931
b1oviv19931 collected $0.12 from pot
b1oviv19931: doesn't show hand 
*** SUMMARY ***
Total pot $0.12 | Rake $0 
Board [4d 9d 3s]
Seat 1: b1oviv19931 (small blind) collected ($0.12)
Seat 2: Patrycjusz1125 (big blind) folded on the Flop
Seat 4: Br0wnCheese folded before Flop (didn't bet)
Seat 5: Blaulillie folded before Flop (didn't bet)
Seat 6: Dorex2007 folded before Flop (didn't bet)
Seat 7: pokereule754 folded before Flop (didn't bet)
Seat 8: G0DF4TH3Rx folded before Flop (didn't bet)
Seat 9: PedroNina (button) folded before Flop (didn't bet)



PokerStars Hand #236653167983:  Hold'em No Limit ($0.01/$0.02 USD) - 2022/06/08 16:05:14 PT [2022/06/08 19:05:14 ET]
Table 'Neoptolemus III' 9-max Seat #1 is the button
Seat 1: b1oviv19931 ($1.84 in chips) 
Seat 2: Patrycjusz1125 ($0.49 in chips) 
Seat 3: Ateu66 ($0.83 in chips) 
Seat 4: Br0wnCheese ($2.03 in chips) 
Seat 5: Blaulillie ($1.03 in chips) 
Seat 6: Dorex2007 ($2 in chips) 
Seat 7: pokereule754 ($2 in chips) 
Seat 8: G0DF4TH3Rx ($1.20 in chips) 
Seat 9: PedroNina ($2.18 in chips) 
Patrycjusz1125: posts small blind $0.01
Ateu66: posts big blind $0.02
*** HOLE CARDS ***
Dealt to Dorex2007 [Tc 3h]
Br0wnCheese: folds 
Blaulillie: folds 
Dorex2007: folds 
pokereule754: folds 
G0DF4TH3Rx: folds 
PedroNina: calls $0.02
b1oviv19931: folds 
Patrycjusz1125: calls $0.01
Ateu66 has timed out
Ateu66: checks 
*** FLOP *** [7s Th Jc]
Patrycjusz1125: checks 
Ateu66 has timed out
Ateu66: checks 
PedroNina: bets $0.08
Patrycjusz1125: folds 
Ateu66 has timed out
Ateu66: folds 
Uncalled bet ($0.08) returned to PedroNina
PedroNina collected $0.06 from pot
PedroNina: doesn't show hand 
*** SUMMARY ***
Total pot $0.06 | Rake $0 
Board [7s Th Jc]
Seat 1: b1oviv19931 (button) folded before Flop (didn't bet)
Seat 2: Patrycjusz1125 (small blind) folded on the Flop
Seat 3: Ateu66 (big blind) folded on the Flop
Seat 4: Br0wnCheese folded before Flop (didn't bet)
Seat 5: Blaulillie folded before Flop (didn't bet)
Seat 6: Dorex2007 folded before Flop (didn't bet)
Seat 7: pokereule754 folded before Flop (didn't bet)
Seat 8: G0DF4TH3Rx folded before Flop (didn't bet)
Seat 9: PedroNina collected ($0.06)



PokerStars Hand #236653196778:  Hold'em No Limit ($0.01/$0.02 USD) - 2022/06/08 16:06:54 PT [2022/06/08 19:06:54 ET]
Table 'Neoptolemus III' 9-max Seat #2 is the button
Seat 1: b1oviv19931 ($1.84 in chips) 
Seat 2: Patrycjusz1125 ($0.47 in chips) 
Seat 4: Br0wnCheese ($2.03 in chips) 
Seat 5: Blaulillie ($1.03 in chips) 
Seat 6: Dorex2007 ($2 in chips) 
Seat 7: pokereule754 ($2 in chips) 
Seat 8: G0DF4TH3Rx ($1.20 in chips) 
Seat 9: PedroNina ($2.22 in chips) 
Br0wnCheese: posts small blind $0.01
Blaulillie: posts big blind $0.02
*** HOLE CARDS ***
Dealt to Dorex2007 [6d 2s]
Dorex2007: folds 
pokereule754: folds 
G0DF4TH3Rx: calls $0.02
PedroNina: calls $0.02
b1oviv19931: folds 
Patrycjusz1125: calls $0.02
Br0wnCheese: folds 
Blaulillie: checks 
*** FLOP *** [4s 2c 7c]
Blaulillie: checks 
G0DF4TH3Rx: checks 
PedroNina: checks 
Patrycjusz1125: checks 
*** TURN *** [4s 2c 7c] [5s]
Blaulillie: checks 
G0DF4TH3Rx: checks 
PedroNina: checks 
Patrycjusz1125: checks 
*** RIVER *** [4s 2c 7c 5s] [Ac]
Blaulillie: checks 
G0DF4TH3Rx: bets $0.08
PedroNina: calls $0.08
Patrycjusz1125: folds 
Blaulillie: folds 
*** SHOW DOWN ***
G0DF4TH3Rx: shows [3h 3s] (a straight, Ace to Five)
PedroNina: mucks hand 
G0DF4TH3Rx collected $0.24 from pot
*** SUMMARY ***
Total pot $0.25 | Rake $0.01 
Board [4s 2c 7c 5s Ac]
Seat 1: b1oviv19931 folded before Flop (didn't bet)
Seat 2: Patrycjusz1125 (button) folded on the River
Seat 4: Br0wnCheese (small blind) folded before Flop
Seat 5: Blaulillie (big blind) folded on the River
Seat 6: Dorex2007 folded before Flop (didn't bet)
Seat 7: pokereule754 folded before Flop (didn't bet)
Seat 8: G0DF4TH3Rx showed [3h 3s] and won ($0.24) with a straight, Ace to Five
Seat 9: PedroNina mucked [9c As]



PokerStars Hand #236653222115:  Hold'em No Limit ($0.01/$0.02 USD) - 2022/06/08 16:08:20 PT [2022/06/08 19:08:20 ET]
Table 'Neoptolemus III' 9-max Seat #4 is the button
Seat 1: b1oviv19931 ($1.84 in chips) 
Seat 2: Patrycjusz1125 ($0.45 in chips) 
Seat 4: Br0wnCheese ($2.02 in chips) 
Seat 5: Blaulillie ($1.01 in chips) 
Seat 6: Dorex2007 ($2 in chips) 
Seat 7: pokereule754 ($2 in chips) 
Seat 8: G0DF4TH3Rx ($1.34 in chips) 
Seat 9: PedroNina ($2.12 in chips) 
Blaulillie: posts small blind $0.01
Dorex2007: posts big blind $0.02
*** HOLE CARDS ***
Dealt to Dorex2007 [6c As]
pokereule754: folds 
G0DF4TH3Rx: raises $0.02 to $0.04
PedroNina: folds 
b1oviv19931: folds 
Patrycjusz1125: folds 
Br0wnCheese: folds 
Blaulillie: folds 
Dorex2007: calls $0.02
*** FLOP *** [Qd 3c 9d]
Dorex2007: checks 
G0DF4TH3Rx: checks 
*** TURN *** [Qd 3c 9d] [Jc]
Dorex2007: checks 
G0DF4TH3Rx: checks 
*** RIVER *** [Qd 3c 9d Jc] [Ad]
Dorex2007: checks 
G0DF4TH3Rx: bets $0.05
Dorex2007: calls $0.05
*** SHOW DOWN ***
G0DF4TH3Rx: shows [Ah 9h] (two pair, Aces and Nines)
Dorex2007: mucks hand 
G0DF4TH3Rx collected $0.18 from pot
*** SUMMARY ***
Total pot $0.19 | Rake $0.01 
Board [Qd 3c 9d Jc Ad]
Seat 1: b1oviv19931 folded before Flop (didn't bet)
Seat 2: Patrycjusz1125 folded before Flop (didn't bet)
Seat 4: Br0wnCheese (button) folded before Flop (didn't bet)
Seat 5: Blaulillie (small blind) folded before Flop
Seat 6: Dorex2007 (big blind) mucked [6c As]
Seat 7: pokereule754 folded before Flop (didn't bet)
Seat 8: G0DF4TH3Rx showed [Ah 9h] and won ($0.18) with two pair, Aces and Nines
Seat 9: PedroNina folded before Flop (didn't bet)



PokerStars Hand #236653240574:  Hold'em No Limit ($0.01/$0.02 USD) - 2022/06/08 16:09:25 PT [2022/06/08 19:09:25 ET]
Table 'Neoptolemus III' 9-max Seat #5 is the button
Seat 1: b1oviv19931 ($1.84 in chips) 
Seat 2: Patrycjusz1125 ($0.45 in chips) 
Seat 4: Br0wnCheese ($2.02 in chips) 
Seat 5: Blaulillie ($1 in chips) 
Seat 6: Dorex2007 ($2 in chips) 
Seat 7: pokereule754 ($2 in chips) 
Seat 8: G0DF4TH3Rx ($1.43 in chips) 
Seat 9: PedroNina ($2.12 in chips) 
Dorex2007: posts small blind $0.01
pokereule754: posts big blind $0.02
*** HOLE CARDS ***
Dealt to Dorex2007 [Js 3d]
G0DF4TH3Rx: folds 
PedroNina: raises $0.02 to $0.04
b1oviv19931: folds 
Patrycjusz1125: folds 
Br0wnCheese: folds 
Blaulillie: folds 
Dorex2007: folds 
pokereule754: folds 
Uncalled bet ($0.02) returned to PedroNina
PedroNina collected $0.05 from pot
PedroNina: doesn't show hand 
*** SUMMARY ***
Total pot $0.05 | Rake $0 
Seat 1: b1oviv19931 folded before Flop (didn't bet)
Seat 2: Patrycjusz1125 folded before Flop (didn't bet)
Seat 4: Br0wnCheese folded before Flop (didn't bet)
Seat 5: Blaulillie (button) folded before Flop (didn't bet)
Seat 6: Dorex2007 (small blind) folded before Flop
Seat 7: pokereule754 (big blind) folded before Flop
Seat 8: G0DF4TH3Rx folded before Flop (didn't bet)
Seat 9: PedroNina collected ($0.05)



PokerStars Hand #236653252982:  Hold'em No Limit ($0.01/$0.02 USD) - 2022/06/08 16:09:36 PT [2022/06/08 19:09:36 ET]
Table 'Neoptolemus III' 9-max Seat #6 is the button
Seat 1: b1oviv19931 ($1.84 in chips) 
Seat 2: Patrycjusz1125 ($0.45 in chips) 
Seat 4: Br0wnCheese ($2.02 in chips) 
Seat 5: Blaulillie ($1 in chips) 
Seat 6: Dorex2007 ($2 in chips) 
Seat 7: pokereule754 ($2 in chips) 
Seat 8: G0DF4TH3Rx ($1.43 in chips) 
Seat 9: PedroNina ($2.15 in chips) 
pokereule754: posts small blind $0.01
G0DF4TH3Rx: posts big blind $0.02
*** HOLE CARDS ***
Dealt to Dorex2007 [3h 9s]
PedroNina: folds 
b1oviv19931: raises $0.04 to $0.06
Patrycjusz1125: folds 
Br0wnCheese: folds 
Blaulillie: folds 
Dorex2007: folds 
pokereule754: folds 
G0DF4TH3Rx: folds 
Uncalled bet ($0.04) returned to b1oviv19931
b1oviv19931 collected $0.05 from pot
b1oviv19931: doesn't show hand 
*** SUMMARY ***
Total pot $0.05 | Rake $0 
Seat 1: b1oviv19931 collected ($0.05)
Seat 2: Patrycjusz1125 folded before Flop (didn't bet)
Seat 4: Br0wnCheese folded before Flop (didn't bet)
Seat 5: Blaulillie folded before Flop (didn't bet)
Seat 6: Dorex2007 (button) folded before Flop (didn't bet)
Seat 7: pokereule754 (small blind) folded before Flop
Seat 8: G0DF4TH3Rx (big blind) folded before Flop
Seat 9: PedroNina folded before Flop (didn't bet)



PokerStars Hand #236653257476:  Hold'em No Limit ($0.01/$0.02 USD) - 2022/06/08 16:09:52 PT [2022/06/08 19:09:52 ET]
Table 'Neoptolemus III' 9-max Seat #7 is the button
Seat 1: b1oviv19931 ($1.87 in chips) 
Seat 2: Patrycjusz1125 ($0.45 in chips) 
Seat 4: Br0wnCheese ($2.02 in chips) 
Seat 5: Blaulillie ($1 in chips) 
Seat 6: Dorex2007 ($2 in chips) 
Seat 7: pokereule754 ($2 in chips) 
Seat 8: G0DF4TH3Rx ($1.41 in chips) 
Seat 9: PedroNina ($2.15 in chips) 
G0DF4TH3Rx: posts small blind $0.01
PedroNina: posts big blind $0.02
*** HOLE CARDS ***
Dealt to Dorex2007 [5h Qc]
b1oviv19931: folds 
Patrycjusz1125: calls $0.02
Br0wnCheese: folds 
Blaulillie: folds 
Dorex2007: folds 
pokereule754: calls $0.02
G0DF4TH3Rx: folds 
PedroNina: raises $0.02 to $0.04
Patrycjusz1125: calls $0.02
pokereule754: calls $0.02
*** FLOP *** [Qh 4c 4d]
PedroNina: checks 
Patrycjusz1125: checks 
pokereule754: checks 
*** TURN *** [Qh 4c 4d] [6d]
PedroNina: bets $0.06
Patrycjusz1125: calls $0.06
pokereule754: folds 
*** RIVER *** [Qh 4c 4d 6d] [3c]
PedroNina: checks 
Patrycjusz1125: checks 
*** SHOW DOWN ***
PedroNina: shows [2c 2h] (two pair, Fours and Deuces)
Patrycjusz1125: mucks hand 
PedroNina collected $0.24 from pot
*** SUMMARY ***
Total pot $0.25 | Rake $0.01 
Board [Qh 4c 4d 6d 3c]
Seat 1: b1oviv19931 folded before Flop (didn't bet)
Seat 2: Patrycjusz1125 mucked [8d 7h]
Seat 4: Br0wnCheese folded before Flop (didn't bet)
Seat 5: Blaulillie folded before Flop (didn't bet)
Seat 6: Dorex2007 folded before Flop (didn't bet)
Seat 7: pokereule754 (button) folded on the Turn
Seat 8: G0DF4TH3Rx (small blind) folded before Flop
Seat 9: PedroNina (big blind) showed [2c 2h] and won ($0.24) with two pair, Fours and Deuces



PokerStars Hand #236653270948:  Hold'em No Limit ($0.01/$0.02 USD) - 2022/06/08 16:10:40 PT [2022/06/08 19:10:40 ET]
Table 'Neoptolemus III' 9-max Seat #8 is the button
Seat 1: b1oviv19931 ($1.87 in chips) 
Seat 2: Patrycjusz1125 ($0.35 in chips) 
Seat 4: Br0wnCheese ($2.02 in chips) 
Seat 5: Blaulillie ($1 in chips) 
Seat 6: Dorex2007 ($2 in chips) 
Seat 7: pokereule754 ($2 in chips) 
Seat 8: G0DF4TH3Rx ($1.40 in chips) 
Seat 9: PedroNina ($2.29 in chips) 
PedroNina: posts small blind $0.01
b1oviv19931: posts big blind $0.02
*** HOLE CARDS ***
Dealt to Dorex2007 [Jd Jh]
Patrycjusz1125: folds 
Br0wnCheese: folds 
Blaulillie: folds 
Dorex2007: raises $0.04 to $0.06
pokereule754: folds 
G0DF4TH3Rx: folds 
PedroNina: folds 
b1oviv19931: folds 
Uncalled bet ($0.04) returned to Dorex2007
Dorex2007 collected $0.05 from pot
Dorex2007: doesn't show hand 
*** SUMMARY ***
Total pot $0.05 | Rake $0 
Seat 1: b1oviv19931 (big blind) folded before Flop
Seat 2: Patrycjusz1125 folded before Flop (didn't bet)
Seat 4: Br0wnCheese folded before Flop (didn't bet)
Seat 5: Blaulillie folded before Flop (didn't bet)
Seat 6: Dorex2007 collected ($0.05)
Seat 7: pokereule754 folded before Flop (didn't bet)
Seat 8: G0DF4TH3Rx (button) folded before Flop (didn't bet)
Seat 9: PedroNina (small blind) folded before Flop



PokerStars Hand #236653275242:  Hold'em No Limit ($0.01/$0.02 USD) - 2022/06/08 16:10:55 PT [2022/06/08 19:10:55 ET]
Table 'Neoptolemus III' 9-max Seat #9 is the button
Seat 1: b1oviv19931 ($1.85 in chips) 
Seat 2: Patrycjusz1125 ($0.35 in chips) 
Seat 4: Br0wnCheese ($2.02 in chips) 
Seat 5: Blaulillie ($1 in chips) 
Seat 6: Dorex2007 ($2.03 in chips) 
Seat 7: pokereule754 ($2 in chips) 
Seat 8: G0DF4TH3Rx ($1.40 in chips) 
Seat 9: PedroNina ($2.28 in chips) 
b1oviv19931: posts small blind $0.01
Patrycjusz1125: posts big blind $0.02
*** HOLE CARDS ***
Dealt to Dorex2007 [5s Ac]
Br0wnCheese: folds 
Blaulillie has timed out
Blaulillie: folds 
Dorex2007: folds 
pokereule754: folds 
G0DF4TH3Rx: folds 
PedroNina: calls $0.02
b1oviv19931: calls $0.01
Patrycjusz1125: checks 
*** FLOP *** [2d 6d Js]
b1oviv19931: checks 
Patrycjusz1125: checks 
PedroNina: checks 
*** TURN *** [2d 6d Js] [9s]
b1oviv19931: bets $0.08
Patrycjusz1125: folds 
PedroNina: folds 
Uncalled bet ($0.08) returned to b1oviv19931
b1oviv19931 collected $0.06 from pot
b1oviv19931: doesn't show hand 
*** SUMMARY ***
Total pot $0.06 | Rake $0 
Board [2d 6d Js 9s]
Seat 1: b1oviv19931 (small blind) collected ($0.06)
Seat 2: Patrycjusz1125 (big blind) folded on the Turn
Seat 4: Br0wnCheese folded before Flop (didn't bet)
Seat 5: Blaulillie folded before Flop (didn't bet)
Seat 6: Dorex2007 folded before Flop (didn't bet)
Seat 7: pokereule754 folded before Flop (didn't bet)
Seat 8: G0DF4TH3Rx folded before Flop (didn't bet)
Seat 9: PedroNina (button) folded on the Turn



PokerStars Hand #236653293296:  Hold'em No Limit ($0.01/$0.02 USD) - 2022/06/08 16:11:58 PT [2022/06/08 19:11:58 ET]
Table 'Neoptolemus III' 9-max Seat #1 is the button
Seat 1: b1oviv19931 ($1.89 in chips) 
Seat 2: Patrycjusz1125 ($0.33 in chips) 
Seat 4: Br0wnCheese ($2.02 in chips) 
Seat 5: Blaulillie ($1 in chips) 
Seat 6: Dorex2007 ($2.03 in chips) 
Seat 7: pokereule754 ($2 in chips) 
Seat 8: G0DF4TH3Rx ($1.40 in chips) 
Seat 9: PedroNina ($2.26 in chips) 
Patrycjusz1125: posts small blind $0.01
Br0wnCheese: posts big blind $0.02
*** HOLE CARDS ***
Dealt to Dorex2007 [Js Qc]
Blaulillie has timed out
Blaulillie: folds 
Dorex2007: raises $0.02 to $0.04
pokereule754: folds 
G0DF4TH3Rx: raises $0.04 to $0.08
PedroNina: folds 
b1oviv19931: folds 
Patrycjusz1125: folds 
Br0wnCheese: folds 
Dorex2007: calls $0.04
*** FLOP *** [9d 9c Tc]
Dorex2007: bets $0.09
G0DF4TH3Rx: raises $0.18 to $0.27
Dorex2007: calls $0.18
*** TURN *** [9d 9c Tc] [Ad]
Dorex2007: bets $0.47
G0DF4TH3Rx: raises $0.58 to $1.05 and is all-in
Dorex2007: calls $0.58
*** RIVER *** [9d 9c Tc Ad] [4c]
*** SHOW DOWN ***
Dorex2007: shows [Js Qc] (a pair of Nines)
G0DF4TH3Rx: shows [Kd Kh] (two pair, Kings and Nines)
G0DF4TH3Rx collected $2.73 from pot
*** SUMMARY ***
Total pot $2.83 | Rake $0.10 
Board [9d 9c Tc Ad 4c]
Seat 1: b1oviv19931 (button) folded before Flop (didn't bet)
Seat 2: Patrycjusz1125 (small blind) folded before Flop
Seat 4: Br0wnCheese (big blind) folded before Flop
Seat 5: Blaulillie folded before Flop (didn't bet)
Seat 6: Dorex2007 showed [Js Qc] and lost with a pair of Nines
Seat 7: pokereule754 folded before Flop (didn't bet)
Seat 8: G0DF4TH3Rx showed [Kd Kh] and won ($2.73) with two pair, Kings and Nines
Seat 9: PedroNina folded before Flop (didn't bet)



PokerStars Hand #236653308026:  Hold'em No Limit ($0.01/$0.02 USD) - 2022/06/08 16:12:50 PT [2022/06/08 19:12:50 ET]
Table 'Neoptolemus III' 9-max Seat #2 is the button
Seat 1: b1oviv19931 ($1.89 in chips) 
Seat 2: Patrycjusz1125 ($0.32 in chips) 
Seat 4: Br0wnCheese ($2 in chips) 
Seat 5: Blaulillie ($1 in chips) 
Seat 6: Dorex2007 ($2 in chips) 
Seat 7: pokereule754 ($2 in chips) 
Seat 8: G0DF4TH3Rx ($2.73 in chips) 
Seat 9: PedroNina ($2.26 in chips) 
Br0wnCheese: posts small blind $0.01
Blaulillie: posts big blind $0.02
*** HOLE CARDS ***
Dealt to Dorex2007 [As 7s]
Dorex2007: folds 
pokereule754: folds 
G0DF4TH3Rx: folds 
PedroNina: calls $0.02
b1oviv19931: folds 
Patrycjusz1125: folds 
Br0wnCheese: folds 
Blaulillie: checks 
*** FLOP *** [8s Qs Ad]
Blaulillie: bets $0.05
PedroNina: folds 
Uncalled bet ($0.05) returned to Blaulillie
Blaulillie collected $0.05 from pot
Blaulillie: doesn't show hand 
*** SUMMARY ***
Total pot $0.05 | Rake $0 
Board [8s Qs Ad]
Seat 1: b1oviv19931 folded before Flop (didn't bet)
Seat 2: Patrycjusz1125 (button) folded before Flop (didn't bet)
Seat 4: Br0wnCheese (small blind) folded before Flop
Seat 5: Blaulillie (big blind) collected ($0.05)
Seat 6: Dorex2007 folded before Flop (didn't bet)
Seat 7: pokereule754 folded before Flop (didn't bet)
Seat 8: G0DF4TH3Rx folded before Flop (didn't bet)
Seat 9: PedroNina folded on the Flop



PokerStars Hand #236653313909:  Hold'em No Limit ($0.01/$0.02 USD) - 2022/06/08 16:13:10 PT [2022/06/08 19:13:10 ET]
Table 'Neoptolemus III' 9-max Seat #4 is the button
Seat 1: b1oviv19931 ($1.89 in chips) 
Seat 2: Patrycjusz1125 ($0.32 in chips) 
Seat 4: Br0wnCheese ($2 in chips) 
Seat 5: Blaulillie ($1.03 in chips) 
Seat 6: Dorex2007 ($2 in chips) 
Seat 7: pokereule754 ($2 in chips) 
Seat 8: G0DF4TH3Rx ($2.73 in chips) 
Seat 9: PedroNina ($2.24 in chips) 
Blaulillie: posts small blind $0.01
Dorex2007: posts big blind $0.02
*** HOLE CARDS ***
Dealt to Dorex2007 [6h 4h]
pokereule754: folds 
G0DF4TH3Rx: folds 
PedroNina: calls $0.02
b1oviv19931: folds 
Patrycjusz1125: folds 
Br0wnCheese: folds 
Blaulillie: calls $0.01
Dorex2007: checks 
*** FLOP *** [Jh 9h Jc]
Blaulillie: checks 
Dorex2007: checks 
PedroNina: bets $0.08
Blaulillie: raises $0.22 to $0.30
Dorex2007: folds 
PedroNina: calls $0.22
*** TURN *** [Jh 9h Jc] [9d]
Blaulillie: checks 
PedroNina: bets $0.30
Blaulillie: calls $0.30
*** RIVER *** [Jh 9h Jc 9d] [Ts]
Blaulillie: bets $0.41 and is all-in
PedroNina: calls $0.41
*** SHOW DOWN ***
Blaulillie: shows [Kc Jd] (a full house, Jacks full of Nines)
PedroNina: shows [Js Ac] (a full house, Jacks full of Nines)
Blaulillie collected $1 from pot
PedroNina collected $1 from pot
*** SUMMARY ***
Total pot $2.08 | Rake $0.08 
Board [Jh 9h Jc 9d Ts]
Seat 1: b1oviv19931 folded before Flop (didn't bet)
Seat 2: Patrycjusz1125 folded before Flop (didn't bet)
Seat 4: Br0wnCheese (button) folded before Flop (didn't bet)
Seat 5: Blaulillie (small blind) showed [Kc Jd] and won ($1) with a full house, Jacks full of Nines
Seat 6: Dorex2007 (big blind) folded on the Flop
Seat 7: pokereule754 folded before Flop (didn't bet)
Seat 8: G0DF4TH3Rx folded before Flop (didn't bet)
Seat 9: PedroNina showed [Js Ac] and won ($1) with a full house, Jacks full of Nines



PokerStars Hand #236653335608:  Hold'em No Limit ($0.01/$0.02 USD) - 2022/06/08 16:14:28 PT [2022/06/08 19:14:28 ET]
Table 'Neoptolemus III' 9-max Seat #5 is the button
Seat 1: b1oviv19931 ($1.89 in chips) 
Seat 2: Patrycjusz1125 ($0.32 in chips) 
Seat 4: Br0wnCheese ($2 in chips) 
Seat 5: Blaulillie ($1 in chips) 
Seat 6: Dorex2007 ($2 in chips) 
Seat 7: pokereule754 ($2 in chips) 
Seat 8: G0DF4TH3Rx ($2.73 in chips) 
Seat 9: PedroNina ($2.21 in chips) 
Dorex2007: posts small blind $0.01
pokereule754: posts big blind $0.02
*** HOLE CARDS ***
Dealt to Dorex2007 [Jh 2d]
G0DF4TH3Rx: folds 
PedroNina: raises $0.04 to $0.06
b1oviv19931: folds 
Patrycjusz1125: folds 
Br0wnCheese: folds 
Blaulillie: folds 
Dorex2007: folds 
pokereule754: folds 
Uncalled bet ($0.04) returned to PedroNina
PedroNina collected $0.05 from pot
PedroNina: doesn't show hand 
*** SUMMARY ***
Total pot $0.05 | Rake $0 
Seat 1: b1oviv19931 folded before Flop (didn't bet)
Seat 2: Patrycjusz1125 folded before Flop (didn't bet)
Seat 4: Br0wnCheese folded before Flop (didn't bet)
Seat 5: Blaulillie (button) folded before Flop (didn't bet)
Seat 6: Dorex2007 (small blind) folded before Flop
Seat 7: pokereule754 (big blind) folded before Flop
Seat 8: G0DF4TH3Rx folded before Flop (didn't bet)
Seat 9: PedroNina collected ($0.05)



PokerStars Hand #236653339613:  Hold'em No Limit ($0.01/$0.02 USD) - 2022/06/08 16:14:42 PT [2022/06/08 19:14:42 ET]
Table 'Neoptolemus III' 9-max Seat #6 is the button
Seat 1: b1oviv19931 ($1.89 in chips) 
Seat 2: Patrycjusz1125 ($0.32 in chips) 
Seat 4: Br0wnCheese ($2 in chips) 
Seat 5: Blaulillie ($1 in chips) 
Seat 6: Dorex2007 ($2 in chips) 
Seat 7: pokereule754 ($2 in chips) 
Seat 8: G0DF4TH3Rx ($2.73 in chips) 
Seat 9: PedroNina ($2.24 in chips) 
pokereule754: posts small blind $0.01
G0DF4TH3Rx: posts big blind $0.02
*** HOLE CARDS ***
Dealt to Dorex2007 [9d 4d]
PedroNina: raises $0.12 to $0.14
b1oviv19931: folds 
Patrycjusz1125: folds 
Br0wnCheese: folds 
Blaulillie: calls $0.14
Dorex2007: folds 
pokereule754: folds 
G0DF4TH3Rx: folds 
*** FLOP *** [Kd 5h 8h]
PedroNina: checks 
Blaulillie: bets $0.30
PedroNina: calls $0.30
*** TURN *** [Kd 5h 8h] [3s]
PedroNina: checks 
Blaulillie: checks 
*** RIVER *** [Kd 5h 8h 3s] [Qh]
PedroNina: bets $0.26
Blaulillie: raises $0.26 to $0.52
PedroNina: calls $0.26
*** SHOW DOWN ***
Blaulillie: shows [Ad Qc] (a pair of Queens)
PedroNina: shows [Ac Ah] (a pair of Aces)
PedroNina collected $1.88 from pot
*** SUMMARY ***
Total pot $1.95 | Rake $0.07 
Board [Kd 5h 8h 3s Qh]
Seat 1: b1oviv19931 folded before Flop (didn't bet)
Seat 2: Patrycjusz1125 folded before Flop (didn't bet)
Seat 4: Br0wnCheese folded before Flop (didn't bet)
Seat 5: Blaulillie showed [Ad Qc] and lost with a pair of Queens
Seat 6: Dorex2007 (button) folded before Flop (didn't bet)
Seat 7: pokereule754 (small blind) folded before Flop
Seat 8: G0DF4TH3Rx (big blind) folded before Flop
Seat 9: PedroNina showed [Ac Ah] and won ($1.88) with a pair of Aces



PokerStars Hand #236653351714:  Hold'em No Limit ($0.01/$0.02 USD) - 2022/06/08 16:15:25 PT [2022/06/08 19:15:25 ET]
Table 'Neoptolemus III' 9-max Seat #7 is the button
Seat 1: b1oviv19931 ($1.89 in chips) 
Seat 2: Patrycjusz1125 ($0.32 in chips) 
Seat 4: Br0wnCheese ($2 in chips) 
Seat 5: Blaulillie ($0.04 in chips) 
Seat 6: Dorex2007 ($2 in chips) 
Seat 7: pokereule754 ($2 in chips) 
Seat 8: G0DF4TH3Rx ($2.71 in chips) 
Seat 9: PedroNina ($3.16 in chips) 
G0DF4TH3Rx: posts small blind $0.01
PedroNina: posts big blind $0.02
*** HOLE CARDS ***
Dealt to Dorex2007 [8s 8h]
b1oviv19931: folds 
Patrycjusz1125: folds 
Br0wnCheese: folds 
Blaulillie: folds 
Blaulillie leaves the table
Dorex2007: raises $0.04 to $0.06
pokereule754: folds 
G0DF4TH3Rx: folds 
PedroNina: folds 
Uncalled bet ($0.04) returned to Dorex2007
Dorex2007 collected $0.05 from pot
Dorex2007: doesn't show hand 
*** SUMMARY ***
Total pot $0.05 | Rake $0 
Seat 1: b1oviv19931 folded before Flop (didn't bet)
Seat 2: Patrycjusz1125 folded before Flop (didn't bet)
Seat 4: Br0wnCheese folded before Flop (didn't bet)
Seat 5: Blaulillie folded before Flop (didn't bet)
Seat 6: Dorex2007 collected ($0.05)
Seat 7: pokereule754 (button) folded before Flop (didn't bet)
Seat 8: G0DF4TH3Rx (small blind) folded before Flop
Seat 9: PedroNina (big blind) folded before Flop



PokerStars Hand #236653357088:  Hold'em No Limit ($0.01/$0.02 USD) - 2022/06/08 16:15:44 PT [2022/06/08 19:15:44 ET]
Table 'Neoptolemus III' 9-max Seat #8 is the button
Seat 1: b1oviv19931 ($1.89 in chips) 
Seat 2: Patrycjusz1125 ($0.32 in chips) 
Seat 4: Br0wnCheese ($2 in chips) 
Seat 6: Dorex2007 ($2.03 in chips) 
Seat 7: pokereule754 ($2 in chips) 
Seat 8: G0DF4TH3Rx ($2.70 in chips) 
Seat 9: PedroNina ($3.14 in chips) 
PedroNina: posts small blind $0.01
b1oviv19931: posts big blind $0.02
*** HOLE CARDS ***
Dealt to Dorex2007 [9d Ts]
Patrycjusz1125: folds 
Br0wnCheese: folds 
Dorex2007: folds 
pokereule754: calls $0.02
G0DF4TH3Rx: folds 
PedroNina: calls $0.01
b1oviv19931: checks 
*** FLOP *** [2d 8c 6c]
PedroNina: checks 
Tales7 joins the table at seat #5 
b1oviv19931: bets $0.06
pokereule754: folds 
PedroNina: folds 
Uncalled bet ($0.06) returned to b1oviv19931
b1oviv19931 collected $0.06 from pot
b1oviv19931: doesn't show hand 
*** SUMMARY ***
Total pot $0.06 | Rake $0 
Board [2d 8c 6c]
Seat 1: b1oviv19931 (big blind) collected ($0.06)
Seat 2: Patrycjusz1125 folded before Flop (didn't bet)
Seat 4: Br0wnCheese folded before Flop (didn't bet)
Seat 6: Dorex2007 folded before Flop (didn't bet)
Seat 7: pokereule754 folded on the Flop
Seat 8: G0DF4TH3Rx (button) folded before Flop (didn't bet)
Seat 9: PedroNina (small blind) folded on the Flop



PokerStars Hand #236653369598:  Hold'em No Limit ($0.01/$0.02 USD) - 2022/06/08 16:16:30 PT [2022/06/08 19:16:30 ET]
Table 'Neoptolemus III' 9-max Seat #9 is the button
Seat 1: b1oviv19931 ($1.93 in chips) 
Seat 2: Patrycjusz1125 ($0.32 in chips) 
Seat 4: Br0wnCheese ($2 in chips) 
Seat 5: Tales7 ($0.80 in chips) 
Seat 6: Dorex2007 ($2.03 in chips) 
Seat 7: pokereule754 ($2 in chips) 
Seat 8: G0DF4TH3Rx ($2.70 in chips) 
Seat 9: PedroNina ($3.12 in chips) 
b1oviv19931: posts small blind $0.01
Patrycjusz1125: posts big blind $0.02
Tales7: posts big blind $0.02
*** HOLE CARDS ***
Dealt to Dorex2007 [4c Qc]
Br0wnCheese: folds 
Tales7: raises $0.06 to $0.08
Dorex2007: folds 
pokereule754: raises $1.92 to $2 and is all-in
G0DF4TH3Rx: folds 
PedroNina: folds 
b1oviv19931: folds 
Patrycjusz1125: folds 
Tales7: calls $0.72 and is all-in
Uncalled bet ($1.20) returned to pokereule754
Tales7 has timed out
*** FLOP *** [Qd 9d 5s]
*** TURN *** [Qd 9d 5s] [7h]
*** RIVER *** [Qd 9d 5s 7h] [Kd]
*** SHOW DOWN ***
Tales7: shows [Qh Ac] (a pair of Queens)
pokereule754: shows [Ah Ad] (a pair of Aces)
pokereule754 cashed out the hand for $1.45 | Cash Out Fee $0.01
*** SUMMARY ***
Total pot $1.63 | Rake $0.06 
Board [Qd 9d 5s 7h Kd]
Seat 1: b1oviv19931 (small blind) folded before Flop
Seat 2: Patrycjusz1125 (big blind) folded before Flop
Seat 4: Br0wnCheese folded before Flop (didn't bet)
Seat 5: Tales7 showed [Qh Ac] and lost with a pair of Queens
Seat 6: Dorex2007 folded before Flop (didn't bet)
Seat 7: pokereule754 showed [Ah Ad] and won ($1.57) with a pair of Aces (pot not awarded as player cashed out)
Seat 8: G0DF4TH3Rx folded before Flop (didn't bet)
Seat 9: PedroNina (button) folded before Flop (didn't bet)



PokerStars Hand #236653382738:  Hold'em No Limit ($0.01/$0.02 USD) - 2022/06/08 16:17:17 PT [2022/06/08 19:17:17 ET]
Table 'Neoptolemus III' 9-max Seat #1 is the button
Seat 1: b1oviv19931 ($1.92 in chips) 
Seat 2: Patrycjusz1125 ($0.30 in chips) 
Seat 4: Br0wnCheese ($2 in chips) 
Seat 6: Dorex2007 ($2.03 in chips) 
Seat 7: pokereule754 ($2.65 in chips) 
Seat 8: G0DF4TH3Rx ($2.70 in chips) 
Patrycjusz1125: posts small blind $0.01
Br0wnCheese: posts big blind $0.02
*** HOLE CARDS ***
Dealt to Dorex2007 [7c Kd]
Dorex2007: folds 
pokereule754: folds 
G0DF4TH3Rx: folds 
b1oviv19931: folds 
Patrycjusz1125: folds 
Uncalled bet ($0.01) returned to Br0wnCheese
Br0wnCheese collected $0.02 from pot
Br0wnCheese: doesn't show hand 
*** SUMMARY ***
Total pot $0.02 | Rake $0 
Seat 1: b1oviv19931 (button) folded before Flop (didn't bet)
Seat 2: Patrycjusz1125 (small blind) folded before Flop
Seat 4: Br0wnCheese (big blind) collected ($0.02)
Seat 6: Dorex2007 folded before Flop (didn't bet)
Seat 7: pokereule754 folded before Flop (didn't bet)
Seat 8: G0DF4TH3Rx folded before Flop (didn't bet)



PokerStars Hand #236653385771:  Hold'em No Limit ($0.01/$0.02 USD) - 2022/06/08 16:17:28 PT [2022/06/08 19:17:28 ET]
Table 'Neoptolemus III' 9-max Seat #2 is the button
Seat 1: b1oviv19931 ($1.92 in chips) 
Seat 2: Patrycjusz1125 ($0.29 in chips) 
Seat 4: Br0wnCheese ($2.01 in chips) 
Seat 6: Dorex2007 ($2.03 in chips) 
Seat 7: pokereule754 ($2.65 in chips) 
Seat 8: G0DF4TH3Rx ($2.70 in chips) 
Br0wnCheese: posts small blind $0.01
Dorex2007: posts big blind $0.02
*** HOLE CARDS ***
Dealt to Dorex2007 [7c Ac]
pokereule754: folds 
PedroNina leaves the table
G0DF4TH3Rx: folds 
b1oviv19931: raises $0.04 to $0.06
Patrycjusz1125: folds 
Br0wnCheese: calls $0.05
Dorex2007: calls $0.04
*** FLOP *** [Qh 7d Qd]
Br0wnCheese: checks 
Dorex2007: bets $0.17
b1oviv19931: calls $0.17
Br0wnCheese: folds 
*** TURN *** [Qh 7d Qd] [Ad]
Dorex2007: bets $0.50
b1oviv19931: raises $1.19 to $1.69 and is all-in
Dorex2007: calls $1.19
Tales7 leaves the table
*** RIVER *** [Qh 7d Qd Ad] [5d]
*** SHOW DOWN ***
Dorex2007: shows [7c Ac] (two pair, Aces and Queens)
b1oviv19931: shows [8d Jd] (a flush, Ace high)
b1oviv19931 collected $3.76 from pot
Dorex2007 cashed out the hand for $0.51 | Cash Out Fee $0.01
*** SUMMARY ***
Total pot $3.90 | Rake $0.14 
Board [Qh 7d Qd Ad 5d]
Seat 1: b1oviv19931 showed [8d Jd] and won ($3.76) with a flush, Ace high
Seat 2: Patrycjusz1125 (button) folded before Flop (didn't bet)
Seat 4: Br0wnCheese (small blind) folded on the Flop
Seat 6: Dorex2007 (big blind) showed [7c Ac] and lost with two pair, Aces and Queens (cashed out).
Seat 7: pokereule754 folded before Flop (didn't bet)
Seat 8: G0DF4TH3Rx folded before Flop (didn't bet)



PokerStars Hand #236653401118:  Hold'em No Limit ($0.01/$0.02 USD) - 2022/06/08 16:18:24 PT [2022/06/08 19:18:24 ET]
Table 'Neoptolemus III' 9-max Seat #4 is the button
Seat 1: b1oviv19931 ($3.76 in chips) 
Seat 2: Patrycjusz1125 ($0.29 in chips) 
Seat 4: Br0wnCheese ($2 in chips) 
Seat 6: Dorex2007 ($2 in chips) 
Seat 7: pokereule754 ($2.65 in chips) 
Seat 8: G0DF4TH3Rx ($2.70 in chips) 
Dorex2007: posts small blind $0.01
pokereule754: posts big blind $0.02
*** HOLE CARDS ***
Dealt to Dorex2007 [Ah Qc]
G0DF4TH3Rx: calls $0.02
b1oviv19931: folds 
Patrycjusz1125: folds 
Br0wnCheese: folds 
Dorex2007: raises $0.04 to $0.06
pokereule754: folds 
G0DF4TH3Rx: calls $0.04
*** FLOP *** [Jh 9d Qd]
Dorex2007: bets $0.14
G0DF4TH3Rx: calls $0.14
*** TURN *** [Jh 9d Qd] [7d]
Dorex2007: bets $0.21
G0DF4TH3Rx: calls $0.21
*** RIVER *** [Jh 9d Qd 7d] [3d]
Dorex2007: bets $0.41
G0DF4TH3Rx: folds 
Uncalled bet ($0.41) returned to Dorex2007
Dorex2007 collected $0.81 from pot
Dorex2007: doesn't show hand 
*** SUMMARY ***
Total pot $0.84 | Rake $0.03 
Board [Jh 9d Qd 7d 3d]
Seat 1: b1oviv19931 folded before Flop (didn't bet)
Seat 2: Patrycjusz1125 folded before Flop (didn't bet)
Seat 4: Br0wnCheese (button) folded before Flop (didn't bet)
Seat 6: Dorex2007 (small blind) collected ($0.81)
Seat 7: pokereule754 (big blind) folded before Flop
Seat 8: G0DF4TH3Rx folded on the River



PokerStars Hand #236653423304:  Hold'em No Limit ($0.01/$0.02 USD) - 2022/06/08 16:19:44 PT [2022/06/08 19:19:44 ET]
Table 'Neoptolemus III' 9-max Seat #6 is the button
Seat 1: b1oviv19931 ($3.76 in chips) 
Seat 2: Patrycjusz1125 ($0.29 in chips) 
Seat 4: Br0wnCheese ($2 in chips) 
Seat 6: Dorex2007 ($2.40 in chips) 
Seat 7: pokereule754 ($2.63 in chips) 
Seat 8: G0DF4TH3Rx ($2.29 in chips) 
pokereule754: posts small blind $0.01
G0DF4TH3Rx: posts big blind $0.02
*** HOLE CARDS ***
Dealt to Dorex2007 [5h 5d]
b1oviv19931: folds 
Patrycjusz1125: calls $0.02
Br0wnCheese: folds 
Dorex2007: calls $0.02
pokereule754: folds 
G0DF4TH3Rx: checks 
*** FLOP *** [Kh 4c 6c]
G0DF4TH3Rx: checks 
Patrycjusz1125: bets $0.27 and is all-in
Dorex2007: folds 
G0DF4TH3Rx: calls $0.27
*** TURN *** [Kh 4c 6c] [Ts]
*** RIVER *** [Kh 4c 6c Ts] [Qs]
*** SHOW DOWN ***
G0DF4TH3Rx: shows [7d 4d] (a pair of Fours)
Patrycjusz1125: shows [8s Ks] (a pair of Kings)
Patrycjusz1125 cashed out the hand for $0.47
G0DF4TH3Rx cashed out the hand for $0.12
*** SUMMARY ***
Total pot $0.61 | Rake $0.02 
Board [Kh 4c 6c Ts Qs]
Seat 1: b1oviv19931 folded before Flop (didn't bet)
Seat 2: Patrycjusz1125 showed [8s Ks] and won ($0.59) with a pair of Kings (pot not awarded as player cashed out)
Seat 4: Br0wnCheese folded before Flop (didn't bet)
Seat 6: Dorex2007 (button) folded on the Flop
Seat 7: pokereule754 (small blind) folded before Flop
Seat 8: G0DF4TH3Rx (big blind) showed [7d 4d] and lost with a pair of Fours (cashed out).



PokerStars Hand #236653431289:  Hold'em No Limit ($0.01/$0.02 USD) - 2022/06/08 16:20:14 PT [2022/06/08 19:20:14 ET]
Table 'Neoptolemus III' 9-max Seat #7 is the button
Seat 1: b1oviv19931 ($3.76 in chips) 
Seat 2: Patrycjusz1125 ($0.47 in chips) 
Seat 4: Br0wnCheese ($2 in chips) 
Seat 6: Dorex2007 ($2.38 in chips) 
Seat 7: pokereule754 ($2.62 in chips) 
Seat 8: G0DF4TH3Rx ($2.12 in chips) 
G0DF4TH3Rx: posts small blind $0.01
b1oviv19931: posts big blind $0.02
*** HOLE CARDS ***
Dealt to Dorex2007 [Qh Kc]
Patrycjusz1125: folds 
Br0wnCheese: folds 
Dorex2007: raises $0.04 to $0.06
pokereule754: folds 
G0DF4TH3Rx: folds 
b1oviv19931: folds 
Uncalled bet ($0.04) returned to Dorex2007
Dorex2007 collected $0.05 from pot
Dorex2007: doesn't show hand 
*** SUMMARY ***
Total pot $0.05 | Rake $0 
Seat 1: b1oviv19931 (big blind) folded before Flop
Seat 2: Patrycjusz1125 folded before Flop (didn't bet)
Seat 4: Br0wnCheese folded before Flop (didn't bet)
Seat 6: Dorex2007 collected ($0.05)
Seat 7: pokereule754 (button) folded before Flop (didn't bet)
Seat 8: G0DF4TH3Rx (small blind) folded before Flop



PokerStars Hand #236653435606:  Hold'em No Limit ($0.01/$0.02 USD) - 2022/06/08 16:20:30 PT [2022/06/08 19:20:30 ET]
Table 'Neoptolemus III' 9-max Seat #8 is the button
Seat 1: b1oviv19931 ($3.74 in chips) 
Seat 2: Patrycjusz1125 ($0.47 in chips) 
Seat 4: Br0wnCheese ($2 in chips) 
Seat 6: Dorex2007 ($2.41 in chips) 
Seat 7: pokereule754 ($2.62 in chips) 
Seat 8: G0DF4TH3Rx ($2.11 in chips) 
b1oviv19931: posts small blind $0.01
Patrycjusz1125: posts big blind $0.02
*** HOLE CARDS ***
Dealt to Dorex2007 [8s Qc]
Br0wnCheese: folds 
Dorex2007: folds 
pokereule754: calls $0.02
G0DF4TH3Rx: calls $0.02
b1oviv19931: folds 
Patrycjusz1125: checks 
*** FLOP *** [9h Kc 5h]
Patrycjusz1125: checks 
pokereule754: checks 
G0DF4TH3Rx: checks 
*** TURN *** [9h Kc 5h] [5d]
Patrycjusz1125: checks 
pokereule754: checks 
G0DF4TH3Rx: bets $0.02
Patrycjusz1125: folds 
pokereule754: folds 
Uncalled bet ($0.02) returned to G0DF4TH3Rx
G0DF4TH3Rx collected $0.07 from pot
G0DF4TH3Rx: doesn't show hand 
*** SUMMARY ***
Total pot $0.07 | Rake $0 
Board [9h Kc 5h 5d]
Seat 1: b1oviv19931 (small blind) folded before Flop
Seat 2: Patrycjusz1125 (big blind) folded on the Turn
Seat 4: Br0wnCheese folded before Flop (didn't bet)
Seat 6: Dorex2007 folded before Flop (didn't bet)
Seat 7: pokereule754 folded on the Turn
Seat 8: G0DF4TH3Rx (button) collected ($0.07)



PokerStars Hand #236653441649:  Hold'em No Limit ($0.01/$0.02 USD) - 2022/06/08 16:20:52 PT [2022/06/08 19:20:52 ET]
Table 'Neoptolemus III' 9-max Seat #1 is the button
Seat 1: b1oviv19931 ($3.73 in chips) 
Seat 2: Patrycjusz1125 ($0.45 in chips) 
Seat 4: Br0wnCheese ($2 in chips) 
Seat 6: Dorex2007 ($2.41 in chips) 
Seat 7: pokereule754 ($2.60 in chips) 
Seat 8: G0DF4TH3Rx ($2.16 in chips) 
Patrycjusz1125: posts small blind $0.01
Br0wnCheese: posts big blind $0.02
*** HOLE CARDS ***
Dealt to Dorex2007 [4c 7c]
Dorex2007: folds 
pokereule754: folds 
G0DF4TH3Rx: folds 
b1oviv19931: raises $0.04 to $0.06
Patrycjusz1125: folds 
Br0wnCheese: raises $0.17 to $0.23
bryanstar25 joins the table at seat #5 
b1oviv19931: folds 
Uncalled bet ($0.17) returned to Br0wnCheese
Br0wnCheese collected $0.13 from pot
Ateu66 leaves the table
Br0wnCheese: doesn't show hand 
*** SUMMARY ***
Total pot $0.13 | Rake $0 
Seat 1: b1oviv19931 (button) folded before Flop
Seat 2: Patrycjusz1125 (small blind) folded before Flop
Seat 4: Br0wnCheese (big blind) collected ($0.13)
Seat 6: Dorex2007 folded before Flop (didn't bet)
Seat 7: pokereule754 folded before Flop (didn't bet)
Seat 8: G0DF4TH3Rx folded before Flop (didn't bet)



PokerStars Hand #236653448848:  Hold'em No Limit ($0.01/$0.02 USD) - 2022/06/08 16:21:19 PT [2022/06/08 19:21:19 ET]
Table 'Neoptolemus III' 9-max Seat #2 is the button
Seat 1: b1oviv19931 ($3.67 in chips) 
Seat 2: Patrycjusz1125 ($0.44 in chips) 
Seat 4: Br0wnCheese ($2.07 in chips) 
Seat 5: bryanstar25 ($2 in chips) 
Seat 6: Dorex2007 ($2.41 in chips) 
Seat 7: pokereule754 ($2.60 in chips) 
Seat 8: G0DF4TH3Rx ($2.16 in chips) 
Br0wnCheese: posts small blind $0.01
bryanstar25: posts big blind $0.02
*** HOLE CARDS ***
Dealt to Dorex2007 [Ac 8c]
Dorex2007: calls $0.02
pokereule754: folds 
G0DF4TH3Rx: calls $0.02
b1oviv19931: calls $0.02
Patrycjusz1125: folds 
Br0wnCheese: folds 
bryanstar25 has timed out
bryanstar25: checks 
*** FLOP *** [8h 3s 7h]
bryanstar25: bets $0.03
Dorex2007: raises $0.10 to $0.13
G0DF4TH3Rx: folds 
b1oviv19931: calls $0.13
bryanstar25: calls $0.10
*** TURN *** [8h 3s 7h] [2c]
G0DF4TH3Rx leaves the table
bryanstar25: bets $0.39
Br0wnCheese leaves the table
Dorex2007: raises $1.87 to $2.26 and is all-in
pokereule754 leaves the table
b1oviv19931: folds 
bryanstar25: calls $1.46 and is all-in
Uncalled bet ($0.41) returned to Dorex2007
*** RIVER *** [8h 3s 7h 2c] [3c]
*** SHOW DOWN ***
bryanstar25: shows [7s 3d] (a full house, Threes full of Sevens)
Dorex2007: shows [Ac 8c] (two pair, Eights and Threes)
bryanstar25 collected $4.03 from pot
Dorex2007 cashed out the hand for $0.72 | Cash Out Fee $0.01
*** SUMMARY ***
Total pot $4.18 | Rake $0.15 
Board [8h 3s 7h 2c 3c]
Seat 1: b1oviv19931 folded on the Turn
Seat 2: Patrycjusz1125 (button) folded before Flop (didn't bet)
Seat 4: Br0wnCheese (small blind) folded before Flop
Seat 5: bryanstar25 (big blind) showed [7s 3d] and won ($4.03) with a full house, Threes full of Sevens
Seat 6: Dorex2007 showed [Ac 8c] and lost with two pair, Eights and Threes (cashed out).
Seat 7: pokereule754 folded before Flop (didn't bet)
Seat 8: G0DF4TH3Rx folded on the Flop



PokerStars Hand #236653471807:  Hold'em No Limit ($0.01/$0.02 USD) - 2022/06/08 16:22:44 PT [2022/06/08 19:22:44 ET]
Table 'Neoptolemus III' 9-max Seat #5 is the button
Seat 1: b1oviv19931 ($3.52 in chips) 
Seat 2: Patrycjusz1125 ($0.44 in chips) 
Seat 5: bryanstar25 ($4.03 in chips) 
Seat 6: Dorex2007 ($2 in chips) 
Dorex2007: posts small blind $0.01
b1oviv19931: posts big blind $0.02
*** HOLE CARDS ***
Dealt to Dorex2007 [3c 6s]
Patrycjusz1125: folds 
bryanstar25: folds 
Dorex2007: folds 
Uncalled bet ($0.01) returned to b1oviv19931
b1oviv19931 collected $0.02 from pot
b1oviv19931: doesn't show hand 
*** SUMMARY ***
Total pot $0.02 | Rake $0 
Seat 1: b1oviv19931 (big blind) collected ($0.02)
Seat 2: Patrycjusz1125 folded before Flop (didn't bet)
Seat 5: bryanstar25 (button) folded before Flop (didn't bet)
Seat 6: Dorex2007 (small blind) folded before Flop



