PokerStars Hand #237468815126:  Hold'em No Limit ($0.02/$0.05 USD) - 2022/07/19 19:44:09 PT [2022/07/19 22:44:09 ET]
Table 'Chara IV' 9-max Seat #6 is the button
Seat 1: ThiagoKbelo ($11.87 in chips) 
Seat 2: boliman21 ($1.94 in chips) 
Seat 3: Dorex2007 ($5 in chips) 
Seat 4: Maria1995587 ($6.37 in chips) 
Seat 5: renansuguino1 ($7.87 in chips) 
Seat 6: khz71 ($5.07 in chips) 
Seat 7: Chapeee ($9.99 in chips) 
Seat 8: Faquill0 ($7.96 in chips) 
Seat 9: t6666860 ($7.68 in chips) 
Chapeee: posts small blind $0.02
Faquill0: posts big blind $0.05
Dorex2007: posts big blind $0.05
*** HOLE CARDS ***
Dealt to Dorex2007 [6h Js]
t6666860: calls $0.05
ThiagoKbelo: folds 
boliman21: folds 
Dorex2007: checks 
Maria1995587: folds 
renansuguino1: folds 
khz71: calls $0.05
Chapeee: folds 
Faquill0: checks 
*** FLOP *** [Qc Tc 9h]
Faquill0: checks 
t6666860: bets $0.10
Dorex2007: calls $0.10
khz71: calls $0.10
Faquill0: folds 
*** TURN *** [Qc Tc 9h] [4h]
t6666860: bets $0.15
Dorex2007: folds 
khz71: folds 
Uncalled bet ($0.15) returned to t6666860
t6666860 collected $0.50 from pot
*** SUMMARY ***
Total pot $0.52 | Rake $0.02 
Board [Qc Tc 9h 4h]
Seat 1: ThiagoKbelo folded before Flop (didn't bet)
Seat 2: boliman21 folded before Flop (didn't bet)
Seat 3: Dorex2007 folded on the Turn
Seat 4: Maria1995587 folded before Flop (didn't bet)
Seat 5: renansuguino1 folded before Flop (didn't bet)
Seat 6: khz71 (button) folded on the Turn
Seat 7: Chapeee (small blind) folded before Flop
Seat 8: Faquill0 (big blind) folded on the Flop
Seat 9: t6666860 collected ($0.50)



PokerStars Hand #237468823872:  Hold'em No Limit ($0.02/$0.05 USD) - 2022/07/19 19:45:01 PT [2022/07/19 22:45:01 ET]
Table 'Chara IV' 9-max Seat #7 is the button
Seat 1: ThiagoKbelo ($11.87 in chips) 
Seat 2: boliman21 ($1.94 in chips) 
Seat 3: Dorex2007 ($5 in chips) 
Seat 4: Maria1995587 ($6.37 in chips) 
Seat 5: renansuguino1 ($7.87 in chips) 
Seat 6: khz71 ($5 in chips) 
Seat 7: Chapeee ($9.97 in chips) 
Seat 8: Faquill0 ($7.91 in chips) 
Seat 9: t6666860 ($8.03 in chips) 
Faquill0: posts small blind $0.02
t6666860: posts big blind $0.05
*** HOLE CARDS ***
Dealt to Dorex2007 [Ah Jd]
ThiagoKbelo: folds 
boliman21: folds 
Dorex2007: raises $0.10 to $0.15
Maria1995587: folds 
renansuguino1: calls $0.15
khz71: raises $0.25 to $0.40
Chapeee: folds 
Faquill0: folds 
t6666860: folds 
Dorex2007: folds 
renansuguino1: calls $0.25
*** FLOP *** [5d 8h 9s]
t6666860 leaves the table
renansuguino1: checks 
khz71: bets $0.49
renansuguino1: calls $0.49
*** TURN *** [5d 8h 9s] [7s]
renansuguino1: checks 
khz71: checks 
*** RIVER *** [5d 8h 9s 7s] [7d]
renansuguino1: bets $1.10
khz71: folds 
Uncalled bet ($1.10) returned to renansuguino1
renansuguino1 collected $1.92 from pot
*** SUMMARY ***
Total pot $2 | Rake $0.08 
Board [5d 8h 9s 7s 7d]
Seat 1: ThiagoKbelo folded before Flop (didn't bet)
Seat 2: boliman21 folded before Flop (didn't bet)
Seat 3: Dorex2007 folded before Flop
Seat 4: Maria1995587 folded before Flop (didn't bet)
Seat 5: renansuguino1 collected ($1.92)
Seat 6: khz71 folded on the River
Seat 7: Chapeee (button) folded before Flop (didn't bet)
Seat 8: Faquill0 (small blind) folded before Flop
Seat 9: t6666860 (big blind) folded before Flop



PokerStars Hand #237468836606:  Hold'em No Limit ($0.02/$0.05 USD) - 2022/07/19 19:46:15 PT [2022/07/19 22:46:15 ET]
Table 'Chara IV' 9-max Seat #8 is the button
Seat 1: ThiagoKbelo ($11.87 in chips) 
Seat 2: boliman21 ($1.94 in chips) 
Seat 3: Dorex2007 ($5 in chips) 
Seat 4: Maria1995587 ($6.37 in chips) 
Seat 5: renansuguino1 ($8.90 in chips) 
Seat 6: khz71 ($5 in chips) 
Seat 7: Chapeee ($9.97 in chips) 
Seat 8: Faquill0 ($7.89 in chips) 
ThiagoKbelo: posts small blind $0.02
boliman21: posts big blind $0.05
*** HOLE CARDS ***
Dealt to Dorex2007 [7s 9s]
Dorex2007: folds 
Maria1995587: calls $0.05
renansuguino1: folds 
khz71: folds 
Chapeee: folds 
DaMang420 joins the table at seat #9 
Faquill0: raises $0.07 to $0.12
ThiagoKbelo: folds 
boliman21: folds 
Maria1995587: calls $0.07
*** FLOP *** [Kd 3c 9h]
Maria1995587: checks 
Faquill0: bets $0.10
Maria1995587: calls $0.10
*** TURN *** [Kd 3c 9h] [7h]
Maria1995587: checks 
Faquill0: checks 
*** RIVER *** [Kd 3c 9h 7h] [8d]
Maria1995587: bets $0.49
Faquill0: folds 
Uncalled bet ($0.49) returned to Maria1995587
Maria1995587 collected $0.49 from pot
*** SUMMARY ***
Total pot $0.51 | Rake $0.02 
Board [Kd 3c 9h 7h 8d]
Seat 1: ThiagoKbelo (small blind) folded before Flop
Seat 2: boliman21 (big blind) folded before Flop
Seat 3: Dorex2007 folded before Flop (didn't bet)
Seat 4: Maria1995587 collected ($0.49)
Seat 5: renansuguino1 folded before Flop (didn't bet)
Seat 6: khz71 folded before Flop (didn't bet)
Seat 7: Chapeee folded before Flop (didn't bet)
Seat 8: Faquill0 (button) folded on the River



PokerStars Hand #237468843614:  Hold'em No Limit ($0.02/$0.05 USD) - 2022/07/19 19:46:49 PT [2022/07/19 22:46:49 ET]
Table 'Chara IV' 9-max Seat #1 is the button
Seat 1: ThiagoKbelo ($11.85 in chips) 
Seat 2: boliman21 ($1.89 in chips) 
Seat 3: Dorex2007 ($5 in chips) 
Seat 4: Maria1995587 ($6.64 in chips) 
Seat 5: renansuguino1 ($8.90 in chips) 
Seat 6: khz71 ($5 in chips) 
Seat 7: Chapeee ($9.97 in chips) 
Seat 8: Faquill0 ($7.67 in chips) 
Seat 9: DaMang420 ($3.50 in chips) 
boliman21: posts small blind $0.02
Dorex2007: posts big blind $0.05
DaMang420: posts big blind $0.05
*** HOLE CARDS ***
Dealt to Dorex2007 [Kd 5h]
Maria1995587: folds 
renansuguino1: folds 
khz71: raises $0.09 to $0.14
Chapeee: folds 
Faquill0: folds 
DaMang420: calls $0.09
ThiagoKbelo: folds 
boliman21: calls $0.12
Dorex2007: folds 
*** FLOP *** [Qc 7s Qs]
boliman21: checks 
khz71: checks 
DaMang420: checks 
*** TURN *** [Qc 7s Qs] [Ad]
boliman21: checks 
khz71: bets $0.23
DaMang420: folds 
boliman21: calls $0.23
*** RIVER *** [Qc 7s Qs Ad] [Qd]
boliman21: checks 
khz71: bets $0.59
boliman21: folds 
Uncalled bet ($0.59) returned to khz71
khz71 collected $0.89 from pot
*** SUMMARY ***
Total pot $0.93 | Rake $0.04 
Board [Qc 7s Qs Ad Qd]
Seat 1: ThiagoKbelo (button) folded before Flop (didn't bet)
Seat 2: boliman21 (small blind) folded on the River
Seat 3: Dorex2007 (big blind) folded before Flop
Seat 4: Maria1995587 folded before Flop (didn't bet)
Seat 5: renansuguino1 folded before Flop (didn't bet)
Seat 6: khz71 collected ($0.89)
Seat 7: Chapeee folded before Flop (didn't bet)
Seat 8: Faquill0 folded before Flop (didn't bet)
Seat 9: DaMang420 folded on the Turn



PokerStars Hand #237468855439:  Hold'em No Limit ($0.02/$0.05 USD) - 2022/07/19 19:48:01 PT [2022/07/19 22:48:01 ET]
Table 'Chara IV' 9-max Seat #2 is the button
Seat 1: ThiagoKbelo ($11.85 in chips) 
Seat 2: boliman21 ($1.52 in chips) 
Seat 3: Dorex2007 ($5 in chips) 
Seat 4: Maria1995587 ($6.64 in chips) 
Seat 5: renansuguino1 ($8.90 in chips) 
Seat 6: khz71 ($5.52 in chips) 
Seat 7: Chapeee ($9.97 in chips) 
Seat 8: Faquill0 ($7.67 in chips) 
Seat 9: DaMang420 ($3.36 in chips) 
Dorex2007: posts small blind $0.02
Maria1995587: posts big blind $0.05
*** HOLE CARDS ***
Dealt to Dorex2007 [6c Kh]
renansuguino1: folds 
khz71: folds 
Chapeee: folds 
Faquill0: folds 
DaMang420: calls $0.05
ThiagoKbelo: folds 
boliman21: raises $0.17 to $0.22
Dorex2007: folds 
Maria1995587: folds 
DaMang420: folds 
Uncalled bet ($0.17) returned to boliman21
boliman21 collected $0.17 from pot
*** SUMMARY ***
Total pot $0.17 | Rake $0 
Seat 1: ThiagoKbelo folded before Flop (didn't bet)
Seat 2: boliman21 (button) collected ($0.17)
Seat 3: Dorex2007 (small blind) folded before Flop
Seat 4: Maria1995587 (big blind) folded before Flop
Seat 5: renansuguino1 folded before Flop (didn't bet)
Seat 6: khz71 folded before Flop (didn't bet)
Seat 7: Chapeee folded before Flop (didn't bet)
Seat 8: Faquill0 folded before Flop (didn't bet)
Seat 9: DaMang420 folded before Flop



PokerStars Hand #237468859526:  Hold'em No Limit ($0.02/$0.05 USD) - 2022/07/19 19:48:26 PT [2022/07/19 22:48:26 ET]
Table 'Chara IV' 9-max Seat #3 is the button
Seat 1: ThiagoKbelo ($11.85 in chips) 
Seat 2: boliman21 ($1.64 in chips) 
Seat 3: Dorex2007 ($5 in chips) 
Seat 4: Maria1995587 ($6.59 in chips) 
Seat 5: renansuguino1 ($8.90 in chips) 
Seat 6: khz71 ($5.52 in chips) 
Seat 7: Chapeee ($9.97 in chips) 
Seat 8: Faquill0 ($7.67 in chips) 
Seat 9: DaMang420 ($3.31 in chips) 
Maria1995587: posts small blind $0.02
renansuguino1: posts big blind $0.05
*** HOLE CARDS ***
Dealt to Dorex2007 [8h 6d]
khz71: folds 
Chapeee: folds 
Faquill0: folds 
DaMang420: folds 
ThiagoKbelo: folds 
boliman21: folds 
Dorex2007: folds 
Maria1995587: folds 
Uncalled bet ($0.03) returned to renansuguino1
renansuguino1 collected $0.04 from pot
*** SUMMARY ***
Total pot $0.04 | Rake $0 
Seat 1: ThiagoKbelo folded before Flop (didn't bet)
Seat 2: boliman21 folded before Flop (didn't bet)
Seat 3: Dorex2007 (button) folded before Flop (didn't bet)
Seat 4: Maria1995587 (small blind) folded before Flop
Seat 5: renansuguino1 (big blind) collected ($0.04)
Seat 6: khz71 folded before Flop (didn't bet)
Seat 7: Chapeee folded before Flop (didn't bet)
Seat 8: Faquill0 folded before Flop (didn't bet)
Seat 9: DaMang420 folded before Flop (didn't bet)



PokerStars Hand #237468862695:  Hold'em No Limit ($0.02/$0.05 USD) - 2022/07/19 19:48:45 PT [2022/07/19 22:48:45 ET]
Table 'Chara IV' 9-max Seat #4 is the button
Seat 1: ThiagoKbelo ($11.85 in chips) 
Seat 2: boliman21 ($1.64 in chips) 
Seat 3: Dorex2007 ($5 in chips) 
Seat 4: Maria1995587 ($6.57 in chips) 
Seat 5: renansuguino1 ($8.92 in chips) 
Seat 6: khz71 ($5.52 in chips) 
Seat 7: Chapeee ($9.97 in chips) 
Seat 8: Faquill0 ($7.67 in chips) 
Seat 9: DaMang420 ($3.31 in chips) 
renansuguino1: posts small blind $0.02
khz71: posts big blind $0.05
*** HOLE CARDS ***
Dealt to Dorex2007 [Qh 6c]
Chapeee: raises $0.10 to $0.15
Faquill0: folds 
DaMang420: calls $0.15
ThiagoKbelo: folds 
boliman21: folds 
Dorex2007: folds 
Maria1995587: folds 
renansuguino1: folds 
khz71: folds 
*** FLOP *** [9h 4c 7d]
Chapeee: bets $0.18
DaMang420: raises $2.98 to $3.16 and is all-in
Chapeee: folds 
Uncalled bet ($2.98) returned to DaMang420
DaMang420 collected $0.70 from pot
*** SUMMARY ***
Total pot $0.73 | Rake $0.03 
Board [9h 4c 7d]
Seat 1: ThiagoKbelo folded before Flop (didn't bet)
Seat 2: boliman21 folded before Flop (didn't bet)
Seat 3: Dorex2007 folded before Flop (didn't bet)
Seat 4: Maria1995587 (button) folded before Flop (didn't bet)
Seat 5: renansuguino1 (small blind) folded before Flop
Seat 6: khz71 (big blind) folded before Flop
Seat 7: Chapeee folded on the Flop
Seat 8: Faquill0 folded before Flop (didn't bet)
Seat 9: DaMang420 collected ($0.70)



PokerStars Hand #237468876278:  Hold'em No Limit ($0.02/$0.05 USD) - 2022/07/19 19:49:42 PT [2022/07/19 22:49:42 ET]
Table 'Chara IV' 9-max Seat #5 is the button
Seat 1: ThiagoKbelo ($11.85 in chips) 
Seat 2: boliman21 ($1.64 in chips) 
Seat 3: Dorex2007 ($5 in chips) 
Seat 4: Maria1995587 ($6.57 in chips) 
Seat 5: renansuguino1 ($8.90 in chips) 
Seat 6: khz71 ($5.47 in chips) 
Seat 7: Chapeee ($9.64 in chips) 
Seat 8: Faquill0 ($7.67 in chips) 
Seat 9: DaMang420 ($3.68 in chips) 
khz71: posts small blind $0.02
Chapeee: posts big blind $0.05
*** HOLE CARDS ***
Dealt to Dorex2007 [3h Qc]
Faquill0: folds 
DaMang420: folds 
ThiagoKbelo: folds 
boliman21: folds 
Dorex2007: folds 
Maria1995587: raises $0.10 to $0.15
renansuguino1: folds 
khz71: folds 
Chapeee: folds 
Uncalled bet ($0.10) returned to Maria1995587
Maria1995587 collected $0.12 from pot
*** SUMMARY ***
Total pot $0.12 | Rake $0 
Seat 1: ThiagoKbelo folded before Flop (didn't bet)
Seat 2: boliman21 folded before Flop (didn't bet)
Seat 3: Dorex2007 folded before Flop (didn't bet)
Seat 4: Maria1995587 collected ($0.12)
Seat 5: renansuguino1 (button) folded before Flop (didn't bet)
Seat 6: khz71 (small blind) folded before Flop
Seat 7: Chapeee (big blind) folded before Flop
Seat 8: Faquill0 folded before Flop (didn't bet)
Seat 9: DaMang420 folded before Flop (didn't bet)



PokerStars Hand #237468879261:  Hold'em No Limit ($0.02/$0.05 USD) - 2022/07/19 19:50:00 PT [2022/07/19 22:50:00 ET]
Table 'Chara IV' 9-max Seat #6 is the button
Seat 1: ThiagoKbelo ($11.85 in chips) 
Seat 2: boliman21 ($1.64 in chips) 
Seat 3: Dorex2007 ($5 in chips) 
Seat 4: Maria1995587 ($6.64 in chips) 
Seat 5: renansuguino1 ($8.90 in chips) 
Seat 6: khz71 ($5.45 in chips) 
Seat 7: Chapeee ($9.59 in chips) 
Seat 8: Faquill0 ($7.67 in chips) 
Seat 9: DaMang420 ($3.68 in chips) 
Chapeee: posts small blind $0.02
Faquill0: posts big blind $0.05
*** HOLE CARDS ***
Dealt to Dorex2007 [5s Kd]
DaMang420: folds 
ThiagoKbelo: folds 
boliman21: folds 
Dorex2007: folds 
Maria1995587: calls $0.05
renansuguino1: folds 
khz71: raises $0.07 to $0.12
Chapeee: raises $0.43 to $0.55
Faquill0: folds 
Maria1995587: folds 
khz71: folds 
Uncalled bet ($0.43) returned to Chapeee
Chapeee collected $0.34 from pot
*** SUMMARY ***
Total pot $0.34 | Rake $0 
Seat 1: ThiagoKbelo folded before Flop (didn't bet)
Seat 2: boliman21 folded before Flop (didn't bet)
Seat 3: Dorex2007 folded before Flop (didn't bet)
Seat 4: Maria1995587 folded before Flop
Seat 5: renansuguino1 folded before Flop (didn't bet)
Seat 6: khz71 (button) folded before Flop
Seat 7: Chapeee (small blind) collected ($0.34)
Seat 8: Faquill0 (big blind) folded before Flop
Seat 9: DaMang420 folded before Flop (didn't bet)



PokerStars Hand #237468885070:  Hold'em No Limit ($0.02/$0.05 USD) - 2022/07/19 19:50:34 PT [2022/07/19 22:50:34 ET]
Table 'Chara IV' 9-max Seat #7 is the button
Seat 1: ThiagoKbelo ($11.85 in chips) 
Seat 2: boliman21 ($1.64 in chips) 
Seat 3: Dorex2007 ($5 in chips) 
Seat 4: Maria1995587 ($6.59 in chips) 
Seat 5: renansuguino1 ($8.90 in chips) 
Seat 6: khz71 ($5.33 in chips) 
Seat 7: Chapeee ($9.81 in chips) 
Seat 8: Faquill0 ($7.62 in chips) 
Seat 9: DaMang420 ($3.68 in chips) 
Faquill0: posts small blind $0.02
DaMang420: posts big blind $0.05
*** HOLE CARDS ***
Dealt to Dorex2007 [8s 6c]
ThiagoKbelo: raises $0.10 to $0.15
boliman21: raises $0.37 to $0.52
Dorex2007: folds 
Maria1995587: folds 
renansuguino1: folds 
khz71: folds 
Chapeee: folds 
Faquill0: folds 
DaMang420: folds 
ThiagoKbelo: raises $1.48 to $2
boliman21: calls $1.12 and is all-in
Uncalled bet ($0.36) returned to ThiagoKbelo
*** FLOP *** [5d 7s Td]
*** TURN *** [5d 7s Td] [Qs]
*** RIVER *** [5d 7s Td Qs] [4h]
*** SHOW DOWN ***
ThiagoKbelo: shows [Kc Ks] (a pair of Kings)
boliman21: shows [As Ah] (a pair of Aces)
boliman21 collected $3.21 from pot
*** SUMMARY ***
Total pot $3.35 | Rake $0.14 
Board [5d 7s Td Qs 4h]
Seat 1: ThiagoKbelo showed [Kc Ks] and lost with a pair of Kings
Seat 2: boliman21 showed [As Ah] and won ($3.21) with a pair of Aces
Seat 3: Dorex2007 folded before Flop (didn't bet)
Seat 4: Maria1995587 folded before Flop (didn't bet)
Seat 5: renansuguino1 folded before Flop (didn't bet)
Seat 6: khz71 folded before Flop (didn't bet)
Seat 7: Chapeee (button) folded before Flop (didn't bet)
Seat 8: Faquill0 (small blind) folded before Flop
Seat 9: DaMang420 (big blind) folded before Flop



PokerStars Hand #237468890894:  Hold'em No Limit ($0.02/$0.05 USD) - 2022/07/19 19:51:09 PT [2022/07/19 22:51:09 ET]
Table 'Chara IV' 9-max Seat #8 is the button
Seat 1: ThiagoKbelo ($10.21 in chips) 
Seat 2: boliman21 ($3.21 in chips) 
Seat 3: Dorex2007 ($5 in chips) 
Seat 4: Maria1995587 ($6.59 in chips) 
Seat 5: renansuguino1 ($8.90 in chips) 
Seat 6: khz71 ($5.33 in chips) 
Seat 7: Chapeee ($9.81 in chips) 
Seat 8: Faquill0 ($7.60 in chips) 
Seat 9: DaMang420 ($3.63 in chips) 
DaMang420: posts small blind $0.02
ThiagoKbelo: posts big blind $0.05
*** HOLE CARDS ***
Dealt to Dorex2007 [Qd Tc]
boliman21: folds 
Dorex2007: folds 
Maria1995587: folds 
renansuguino1: folds 
khz71: folds 
Chapeee: folds 
Faquill0: folds 
DaMang420: folds 
Uncalled bet ($0.03) returned to ThiagoKbelo
ThiagoKbelo collected $0.04 from pot
*** SUMMARY ***
Total pot $0.04 | Rake $0 
Seat 1: ThiagoKbelo (big blind) collected ($0.04)
Seat 2: boliman21 folded before Flop (didn't bet)
Seat 3: Dorex2007 folded before Flop (didn't bet)
Seat 4: Maria1995587 folded before Flop (didn't bet)
Seat 5: renansuguino1 folded before Flop (didn't bet)
Seat 6: khz71 folded before Flop (didn't bet)
Seat 7: Chapeee folded before Flop (didn't bet)
Seat 8: Faquill0 (button) folded before Flop (didn't bet)
Seat 9: DaMang420 (small blind) folded before Flop



PokerStars Hand #237468894971:  Hold'em No Limit ($0.02/$0.05 USD) - 2022/07/19 19:51:33 PT [2022/07/19 22:51:33 ET]
Table 'Chara IV' 9-max Seat #9 is the button
Seat 1: ThiagoKbelo ($10.23 in chips) 
Seat 2: boliman21 ($3.21 in chips) 
Seat 3: Dorex2007 ($5 in chips) 
Seat 4: Maria1995587 ($6.59 in chips) 
Seat 5: renansuguino1 ($8.90 in chips) 
Seat 6: khz71 ($5.33 in chips) 
Seat 7: Chapeee ($9.81 in chips) 
Seat 8: Faquill0 ($7.60 in chips) 
Seat 9: DaMang420 ($3.61 in chips) 
ThiagoKbelo: posts small blind $0.02
boliman21: posts big blind $0.05
*** HOLE CARDS ***
Dealt to Dorex2007 [Ts 5c]
Dorex2007: folds 
Maria1995587: folds 
renansuguino1: folds 
khz71: folds 
Chapeee: folds 
Faquill0: raises $0.07 to $0.12
DaMang420: folds 
ThiagoKbelo: folds 
boliman21: calls $0.07
*** FLOP *** [3d 8c Jd]
boliman21: checks 
Faquill0: bets $0.12
boliman21: calls $0.12
*** TURN *** [3d 8c Jd] [7s]
boliman21: checks 
Faquill0: bets $0.36
boliman21: raises $1.20 to $1.56
Faquill0: folds 
Uncalled bet ($1.20) returned to boliman21
boliman21 collected $1.17 from pot
*** SUMMARY ***
Total pot $1.22 | Rake $0.05 
Board [3d 8c Jd 7s]
Seat 1: ThiagoKbelo (small blind) folded before Flop
Seat 2: boliman21 (big blind) collected ($1.17)
Seat 3: Dorex2007 folded before Flop (didn't bet)
Seat 4: Maria1995587 folded before Flop (didn't bet)
Seat 5: renansuguino1 folded before Flop (didn't bet)
Seat 6: khz71 folded before Flop (didn't bet)
Seat 7: Chapeee folded before Flop (didn't bet)
Seat 8: Faquill0 folded on the Turn
Seat 9: DaMang420 (button) folded before Flop (didn't bet)



PokerStars Hand #237468911129:  Hold'em No Limit ($0.02/$0.05 USD) - 2022/07/19 19:52:14 PT [2022/07/19 22:52:14 ET]
Table 'Chara IV' 9-max Seat #1 is the button
Seat 1: ThiagoKbelo ($10.21 in chips) 
Seat 2: boliman21 ($3.78 in chips) 
Seat 3: Dorex2007 ($5 in chips) 
Seat 4: Maria1995587 ($6.59 in chips) 
Seat 5: renansuguino1 ($8.90 in chips) 
Seat 6: khz71 ($5.33 in chips) 
Seat 7: Chapeee ($9.81 in chips) 
Seat 8: Faquill0 ($7 in chips) 
Seat 9: DaMang420 ($3.61 in chips) 
boliman21: posts small blind $0.02
Dorex2007: posts big blind $0.05
*** HOLE CARDS ***
Dealt to Dorex2007 [4s 7s]
Maria1995587: calls $0.05
renansuguino1: folds 
khz71: folds 
Chapeee: folds 
Faquill0: raises $0.07 to $0.12
DaMang420: folds 
ThiagoKbelo: folds 
boliman21: folds 
Dorex2007: folds 
Maria1995587: calls $0.07
*** FLOP *** [8h 7c Js]
Maria1995587: checks 
Faquill0: bets $0.15
Maria1995587: folds 
Uncalled bet ($0.15) returned to Faquill0
Faquill0 collected $0.30 from pot
*** SUMMARY ***
Total pot $0.31 | Rake $0.01 
Board [8h 7c Js]
Seat 1: ThiagoKbelo (button) folded before Flop (didn't bet)
Seat 2: boliman21 (small blind) folded before Flop
Seat 3: Dorex2007 (big blind) folded before Flop
Seat 4: Maria1995587 folded on the Flop
Seat 5: renansuguino1 folded before Flop (didn't bet)
Seat 6: khz71 folded before Flop (didn't bet)
Seat 7: Chapeee folded before Flop (didn't bet)
Seat 8: Faquill0 collected ($0.30)
Seat 9: DaMang420 folded before Flop (didn't bet)



PokerStars Hand #237468916116:  Hold'em No Limit ($0.02/$0.05 USD) - 2022/07/19 19:52:45 PT [2022/07/19 22:52:45 ET]
Table 'Chara IV' 9-max Seat #2 is the button
Seat 1: ThiagoKbelo ($10.21 in chips) 
Seat 2: boliman21 ($3.76 in chips) 
Seat 3: Dorex2007 ($5 in chips) 
Seat 4: Maria1995587 ($6.47 in chips) 
Seat 5: renansuguino1 ($8.90 in chips) 
Seat 6: khz71 ($5.33 in chips) 
Seat 7: Chapeee ($9.81 in chips) 
Seat 8: Faquill0 ($7.18 in chips) 
Seat 9: DaMang420 ($3.61 in chips) 
Dorex2007: posts small blind $0.02
Maria1995587: posts big blind $0.05
*** HOLE CARDS ***
Dealt to Dorex2007 [6d Ad]
renansuguino1: raises $0.10 to $0.15
khz71: folds 
Chapeee: folds 
Faquill0: folds 
DaMang420: folds 
ThiagoKbelo: folds 
boliman21: folds 
Dorex2007: folds 
Maria1995587: folds 
Uncalled bet ($0.10) returned to renansuguino1
renansuguino1 collected $0.12 from pot
*** SUMMARY ***
Total pot $0.12 | Rake $0 
Seat 1: ThiagoKbelo folded before Flop (didn't bet)
Seat 2: boliman21 (button) folded before Flop (didn't bet)
Seat 3: Dorex2007 (small blind) folded before Flop
Seat 4: Maria1995587 (big blind) folded before Flop
Seat 5: renansuguino1 collected ($0.12)
Seat 6: khz71 folded before Flop (didn't bet)
Seat 7: Chapeee folded before Flop (didn't bet)
Seat 8: Faquill0 folded before Flop (didn't bet)
Seat 9: DaMang420 folded before Flop (didn't bet)



PokerStars Hand #237468918858:  Hold'em No Limit ($0.02/$0.05 USD) - 2022/07/19 19:53:01 PT [2022/07/19 22:53:01 ET]
Table 'Chara IV' 9-max Seat #3 is the button
Seat 1: ThiagoKbelo ($10.21 in chips) 
Seat 2: boliman21 ($3.76 in chips) 
Seat 3: Dorex2007 ($5 in chips) 
Seat 4: Maria1995587 ($6.42 in chips) 
Seat 5: renansuguino1 ($8.97 in chips) 
Seat 6: khz71 ($5.33 in chips) 
Seat 7: Chapeee ($9.81 in chips) 
Seat 8: Faquill0 ($7.18 in chips) 
Seat 9: DaMang420 ($3.61 in chips) 
Maria1995587: posts small blind $0.02
renansuguino1: posts big blind $0.05
*** HOLE CARDS ***
Dealt to Dorex2007 [Ts 4c]
khz71: folds 
Chapeee: folds 
Faquill0: folds 
DaMang420: folds 
ThiagoKbelo: folds 
boliman21: raises $0.10 to $0.15
Dorex2007: folds 
Maria1995587: folds 
renansuguino1: folds 
Uncalled bet ($0.10) returned to boliman21
boliman21 collected $0.12 from pot
*** SUMMARY ***
Total pot $0.12 | Rake $0 
Seat 1: ThiagoKbelo folded before Flop (didn't bet)
Seat 2: boliman21 collected ($0.12)
Seat 3: Dorex2007 (button) folded before Flop (didn't bet)
Seat 4: Maria1995587 (small blind) folded before Flop
Seat 5: renansuguino1 (big blind) folded before Flop
Seat 6: khz71 folded before Flop (didn't bet)
Seat 7: Chapeee folded before Flop (didn't bet)
Seat 8: Faquill0 folded before Flop (didn't bet)
Seat 9: DaMang420 folded before Flop (didn't bet)



PokerStars Hand #237468922236:  Hold'em No Limit ($0.02/$0.05 USD) - 2022/07/19 19:53:22 PT [2022/07/19 22:53:22 ET]
Table 'Chara IV' 9-max Seat #4 is the button
Seat 1: ThiagoKbelo ($10.21 in chips) 
Seat 2: boliman21 ($3.83 in chips) 
Seat 3: Dorex2007 ($5 in chips) 
Seat 4: Maria1995587 ($6.40 in chips) 
Seat 5: renansuguino1 ($8.92 in chips) 
Seat 6: khz71 ($5.33 in chips) 
Seat 7: Chapeee ($9.81 in chips) 
Seat 8: Faquill0 ($7.18 in chips) 
Seat 9: DaMang420 ($3.61 in chips) 
renansuguino1: posts small blind $0.02
khz71: posts big blind $0.05
*** HOLE CARDS ***
Dealt to Dorex2007 [3c 4d]
Chapeee: folds 
Faquill0: folds 
DaMang420: calls $0.05
ThiagoKbelo: folds 
boliman21: raises $0.17 to $0.22
Dorex2007: folds 
Maria1995587: folds 
renansuguino1: raises $0.54 to $0.76
khz71: folds 
DaMang420: folds 
boliman21: folds 
Uncalled bet ($0.54) returned to renansuguino1
renansuguino1 collected $0.54 from pot
*** SUMMARY ***
Total pot $0.54 | Rake $0 
Seat 1: ThiagoKbelo folded before Flop (didn't bet)
Seat 2: boliman21 folded before Flop
Seat 3: Dorex2007 folded before Flop (didn't bet)
Seat 4: Maria1995587 (button) folded before Flop (didn't bet)
Seat 5: renansuguino1 (small blind) collected ($0.54)
Seat 6: khz71 (big blind) folded before Flop
Seat 7: Chapeee folded before Flop (didn't bet)
Seat 8: Faquill0 folded before Flop (didn't bet)
Seat 9: DaMang420 folded before Flop



PokerStars Hand #237468927679:  Hold'em No Limit ($0.02/$0.05 USD) - 2022/07/19 19:53:56 PT [2022/07/19 22:53:56 ET]
Table 'Chara IV' 9-max Seat #5 is the button
Seat 1: ThiagoKbelo ($10.21 in chips) 
Seat 2: boliman21 ($3.61 in chips) 
Seat 3: Dorex2007 ($5 in chips) 
Seat 4: Maria1995587 ($6.40 in chips) 
Seat 5: renansuguino1 ($9.24 in chips) 
Seat 6: khz71 ($5.28 in chips) 
Seat 7: Chapeee ($9.81 in chips) 
Seat 8: Faquill0 ($7.18 in chips) 
Seat 9: DaMang420 ($3.56 in chips) 
khz71: posts small blind $0.02
Chapeee: posts big blind $0.05
*** HOLE CARDS ***
Dealt to Dorex2007 [6s 7h]
Faquill0: raises $0.07 to $0.12
DaMang420: folds 
ThiagoKbelo: folds 
boliman21: folds 
Dorex2007: folds 
Maria1995587: folds 
renansuguino1: folds 
khz71: folds 
Chapeee: folds 
Uncalled bet ($0.07) returned to Faquill0
Faquill0 collected $0.12 from pot
*** SUMMARY ***
Total pot $0.12 | Rake $0 
Seat 1: ThiagoKbelo folded before Flop (didn't bet)
Seat 2: boliman21 folded before Flop (didn't bet)
Seat 3: Dorex2007 folded before Flop (didn't bet)
Seat 4: Maria1995587 folded before Flop (didn't bet)
Seat 5: renansuguino1 (button) folded before Flop (didn't bet)
Seat 6: khz71 (small blind) folded before Flop
Seat 7: Chapeee (big blind) folded before Flop
Seat 8: Faquill0 collected ($0.12)
Seat 9: DaMang420 folded before Flop (didn't bet)



PokerStars Hand #237468930385:  Hold'em No Limit ($0.02/$0.05 USD) - 2022/07/19 19:54:13 PT [2022/07/19 22:54:13 ET]
Table 'Chara IV' 9-max Seat #6 is the button
Seat 1: ThiagoKbelo ($10.21 in chips) 
Seat 2: boliman21 ($3.61 in chips) 
Seat 3: Dorex2007 ($5 in chips) 
Seat 4: Maria1995587 ($6.40 in chips) 
Seat 5: renansuguino1 ($9.24 in chips) 
Seat 6: khz71 ($5.26 in chips) 
Seat 7: Chapeee ($9.76 in chips) 
Seat 8: Faquill0 ($7.25 in chips) 
Seat 9: DaMang420 ($3.56 in chips) 
Chapeee: posts small blind $0.02
Faquill0: posts big blind $0.05
*** HOLE CARDS ***
Dealt to Dorex2007 [Kh 9h]
DaMang420: raises $0.05 to $0.10
ThiagoKbelo: folds 
boliman21: folds 
Dorex2007: folds 
Maria1995587: calls $0.10
renansuguino1: folds 
khz71: calls $0.10
Chapeee: calls $0.08
Faquill0: folds 
*** FLOP *** [7c Kd 6s]
Chapeee: checks 
DaMang420: checks 
Maria1995587: checks 
khz71: checks 
*** TURN *** [7c Kd 6s] [4s]
Chapeee: bets $0.31
DaMang420: raises $0.31 to $0.62
Maria1995587: calls $0.62
khz71: folds 
Chapeee: folds 
*** RIVER *** [7c Kd 6s 4s] [4d]
DaMang420: bets $1.05
Maria1995587: raises $1.05 to $2.10
DaMang420: raises $0.74 to $2.84 and is all-in
Maria1995587: calls $0.74
*** SHOW DOWN ***
DaMang420: shows [6h 6d] (a full house, Sixes full of Fours)
Maria1995587: shows [7d 7h] (a full house, Sevens full of Fours)
Maria1995587 collected $7.36 from pot
*** SUMMARY ***
Total pot $7.68 | Rake $0.32 
Board [7c Kd 6s 4s 4d]
Seat 1: ThiagoKbelo folded before Flop (didn't bet)
Seat 2: boliman21 folded before Flop (didn't bet)
Seat 3: Dorex2007 folded before Flop (didn't bet)
Seat 4: Maria1995587 showed [7d 7h] and won ($7.36) with a full house, Sevens full of Fours
Seat 5: renansuguino1 folded before Flop (didn't bet)
Seat 6: khz71 (button) folded on the Turn
Seat 7: Chapeee (small blind) folded on the Turn
Seat 8: Faquill0 (big blind) folded before Flop
Seat 9: DaMang420 showed [6h 6d] and lost with a full house, Sixes full of Fours



PokerStars Hand #237468942525:  Hold'em No Limit ($0.02/$0.05 USD) - 2022/07/19 19:55:31 PT [2022/07/19 22:55:31 ET]
Table 'Chara IV' 9-max Seat #7 is the button
Seat 1: ThiagoKbelo ($10.21 in chips) 
Seat 2: boliman21 ($3.61 in chips) 
Seat 3: Dorex2007 ($5 in chips) 
Seat 4: Maria1995587 ($10.20 in chips) 
Seat 5: renansuguino1 ($9.24 in chips) 
Seat 6: khz71 ($5.16 in chips) 
Seat 7: Chapeee ($9.35 in chips) 
Seat 8: Faquill0 ($7.20 in chips) 
Faquill0: posts small blind $0.02
ThiagoKbelo: posts big blind $0.05
*** HOLE CARDS ***
Dealt to Dorex2007 [Qh 9s]
boliman21: folds 
Dorex2007: folds 
Maria1995587: folds 
renansuguino1: folds 
khz71: folds 
Chapeee: folds 
Faquill0: folds 
Uncalled bet ($0.03) returned to ThiagoKbelo
ThiagoKbelo collected $0.04 from pot
*** SUMMARY ***
Total pot $0.04 | Rake $0 
Seat 1: ThiagoKbelo (big blind) collected ($0.04)
Seat 2: boliman21 folded before Flop (didn't bet)
Seat 3: Dorex2007 folded before Flop (didn't bet)
Seat 4: Maria1995587 folded before Flop (didn't bet)
Seat 5: renansuguino1 folded before Flop (didn't bet)
Seat 6: khz71 folded before Flop (didn't bet)
Seat 7: Chapeee (button) folded before Flop (didn't bet)
Seat 8: Faquill0 (small blind) folded before Flop



PokerStars Hand #237468945326:  Hold'em No Limit ($0.02/$0.05 USD) - 2022/07/19 19:55:52 PT [2022/07/19 22:55:52 ET]
Table 'Chara IV' 9-max Seat #8 is the button
Seat 1: ThiagoKbelo ($10.23 in chips) 
Seat 2: boliman21 ($3.61 in chips) 
Seat 3: Dorex2007 ($5 in chips) 
Seat 4: Maria1995587 ($10.20 in chips) 
Seat 5: renansuguino1 ($9.24 in chips) 
Seat 6: khz71 ($5.16 in chips) 
Seat 7: Chapeee ($9.35 in chips) 
Seat 8: Faquill0 ($7.18 in chips) 
ThiagoKbelo: posts small blind $0.02
boliman21: posts big blind $0.05
*** HOLE CARDS ***
Dealt to Dorex2007 [Ks 9d]
Dorex2007: folds 
Maria1995587: folds 
renansuguino1: folds 
khz71: folds 
Chapeee: raises $0.07 to $0.12
Faquill0: folds 
ThiagoKbelo: folds 
boliman21: folds 
Uncalled bet ($0.07) returned to Chapeee
Chapeee collected $0.12 from pot
*** SUMMARY ***
Total pot $0.12 | Rake $0 
Seat 1: ThiagoKbelo (small blind) folded before Flop
Seat 2: boliman21 (big blind) folded before Flop
Seat 3: Dorex2007 folded before Flop (didn't bet)
Seat 4: Maria1995587 folded before Flop (didn't bet)
Seat 5: renansuguino1 folded before Flop (didn't bet)
Seat 6: khz71 folded before Flop (didn't bet)
Seat 7: Chapeee collected ($0.12)
Seat 8: Faquill0 (button) folded before Flop (didn't bet)



PokerStars Hand #237468949570:  Hold'em No Limit ($0.02/$0.05 USD) - 2022/07/19 19:56:23 PT [2022/07/19 22:56:23 ET]
Table 'Chara IV' 9-max Seat #1 is the button
Seat 1: ThiagoKbelo ($10.21 in chips) 
Seat 2: boliman21 ($3.56 in chips) 
Seat 3: Dorex2007 ($5 in chips) 
Seat 4: Maria1995587 ($10.20 in chips) 
Seat 5: renansuguino1 ($9.24 in chips) 
Seat 6: khz71 ($5.16 in chips) 
Seat 7: Chapeee ($9.42 in chips) 
Seat 8: Faquill0 ($7.18 in chips) 
Seat 9: DaMang420 ($3.48 in chips) 
boliman21: posts small blind $0.02
Dorex2007: posts big blind $0.05
DaMang420: posts small & big blinds $0.07
*** HOLE CARDS ***
Dealt to Dorex2007 [Tc 6d]
Maria1995587: raises $0.10 to $0.15
renansuguino1: calls $0.15
khz71: folds 
Chapeee: calls $0.15
Faquill0: calls $0.15
DaMang420: folds 
ThiagoKbelo: folds 
boliman21: folds 
Dorex2007: folds 
*** FLOP *** [Qs Kh 6s]
Maria1995587: checks 
renansuguino1: checks 
Chapeee: checks 
Faquill0: bets $0.35
Maria1995587: calls $0.35
renansuguino1: folds 
Chapeee: folds 
*** TURN *** [Qs Kh 6s] [3c]
Maria1995587: checks 
Faquill0: checks 
*** RIVER *** [Qs Kh 6s 3c] [2d]
Maria1995587: checks 
Faquill0: checks 
*** SHOW DOWN ***
Maria1995587: shows [Qh Ad] (a pair of Queens)
Faquill0: mucks hand 
Maria1995587 collected $1.38 from pot
*** SUMMARY ***
Total pot $1.44 | Rake $0.06 
Board [Qs Kh 6s 3c 2d]
Seat 1: ThiagoKbelo (button) folded before Flop (didn't bet)
Seat 2: boliman21 (small blind) folded before Flop
Seat 3: Dorex2007 (big blind) folded before Flop
Seat 4: Maria1995587 showed [Qh Ad] and won ($1.38) with a pair of Queens
Seat 5: renansuguino1 folded on the Flop
Seat 6: khz71 folded before Flop (didn't bet)
Seat 7: Chapeee folded on the Flop
Seat 8: Faquill0 mucked [Jd Th]
Seat 9: DaMang420 folded before Flop (didn't bet)



PokerStars Hand #237468957116:  Hold'em No Limit ($0.02/$0.05 USD) - 2022/07/19 19:57:18 PT [2022/07/19 22:57:18 ET]
Table 'Chara IV' 9-max Seat #2 is the button
Seat 1: ThiagoKbelo ($10.21 in chips) 
Seat 2: boliman21 ($3.54 in chips) 
Seat 3: Dorex2007 ($5 in chips) 
Seat 4: Maria1995587 ($11.08 in chips) 
Seat 5: renansuguino1 ($9.09 in chips) 
Seat 6: khz71 ($5.16 in chips) 
Seat 7: Chapeee ($9.27 in chips) 
Seat 8: Faquill0 ($6.68 in chips) 
Seat 9: DaMang420 ($3.41 in chips) 
Dorex2007: posts small blind $0.02
Maria1995587: posts big blind $0.05
*** HOLE CARDS ***
Dealt to Dorex2007 [6h 2d]
renansuguino1: folds 
khz71: folds 
Chapeee: raises $0.10 to $0.15
Faquill0: folds 
DaMang420: folds 
ThiagoKbelo: folds 
boliman21: folds 
Dorex2007: folds 
Maria1995587: folds 
Uncalled bet ($0.10) returned to Chapeee
Chapeee collected $0.12 from pot
*** SUMMARY ***
Total pot $0.12 | Rake $0 
Seat 1: ThiagoKbelo folded before Flop (didn't bet)
Seat 2: boliman21 (button) folded before Flop (didn't bet)
Seat 3: Dorex2007 (small blind) folded before Flop
Seat 4: Maria1995587 (big blind) folded before Flop
Seat 5: renansuguino1 folded before Flop (didn't bet)
Seat 6: khz71 folded before Flop (didn't bet)
Seat 7: Chapeee collected ($0.12)
Seat 8: Faquill0 folded before Flop (didn't bet)
Seat 9: DaMang420 folded before Flop (didn't bet)



PokerStars Hand #237468960783:  Hold'em No Limit ($0.02/$0.05 USD) - 2022/07/19 19:57:44 PT [2022/07/19 22:57:44 ET]
Table 'Chara IV' 9-max Seat #3 is the button
Seat 1: ThiagoKbelo ($10.21 in chips) 
Seat 2: boliman21 ($3.54 in chips) 
Seat 3: Dorex2007 ($5 in chips) 
Seat 4: Maria1995587 ($11.03 in chips) 
Seat 5: renansuguino1 ($9.09 in chips) 
Seat 6: khz71 ($5.16 in chips) 
Seat 7: Chapeee ($9.34 in chips) 
Seat 8: Faquill0 ($6.68 in chips) 
Seat 9: DaMang420 ($3.41 in chips) 
Maria1995587: posts small blind $0.02
renansuguino1: posts big blind $0.05
*** HOLE CARDS ***
Dealt to Dorex2007 [7c Ac]
khz71: folds 
Chapeee: folds 
Faquill0: raises $0.07 to $0.12
DaMang420: folds 
ThiagoKbelo: folds 
boliman21: folds 
Dorex2007: calls $0.12
Maria1995587: folds 
renansuguino1: calls $0.07
*** FLOP *** [Th Jh Js]
renansuguino1: checks 
Faquill0: checks 
Dorex2007: checks 
*** TURN *** [Th Jh Js] [Tc]
renansuguino1: checks 
Faquill0: checks 
Dorex2007: bets $0.10
renansuguino1: folds 
Faquill0: folds 
Uncalled bet ($0.10) returned to Dorex2007
Dorex2007 collected $0.36 from pot
*** SUMMARY ***
Total pot $0.38 | Rake $0.02 
Board [Th Jh Js Tc]
Seat 1: ThiagoKbelo folded before Flop (didn't bet)
Seat 2: boliman21 folded before Flop (didn't bet)
Seat 3: Dorex2007 (button) collected ($0.36)
Seat 4: Maria1995587 (small blind) folded before Flop
Seat 5: renansuguino1 (big blind) folded on the Turn
Seat 6: khz71 folded before Flop (didn't bet)
Seat 7: Chapeee folded before Flop (didn't bet)
Seat 8: Faquill0 folded on the Turn
Seat 9: DaMang420 folded before Flop (didn't bet)



PokerStars Hand #237468975571:  Hold'em No Limit ($0.02/$0.05 USD) - 2022/07/19 19:59:10 PT [2022/07/19 22:59:10 ET]
Table 'Chara IV' 9-max Seat #4 is the button
Seat 1: ThiagoKbelo ($10.21 in chips) 
Seat 2: boliman21 ($3.54 in chips) 
Seat 3: Dorex2007 ($5.24 in chips) 
Seat 4: Maria1995587 ($11.01 in chips) 
Seat 5: renansuguino1 ($8.97 in chips) 
Seat 6: khz71 ($5.16 in chips) 
Seat 7: Chapeee ($9.34 in chips) 
Seat 8: Faquill0 ($6.56 in chips) 
Seat 9: DaMang420 ($3.41 in chips) 
renansuguino1: posts small blind $0.02
khz71: posts big blind $0.05
*** HOLE CARDS ***
Dealt to Dorex2007 [3c 4h]
Chapeee: folds 
Faquill0: raises $0.07 to $0.12
DaMang420: folds 
ThiagoKbelo: folds 
boliman21: folds 
Dorex2007: folds 
Maria1995587: calls $0.12
renansuguino1: folds 
khz71: folds 
*** FLOP *** [8d Ah As]
Faquill0: bets $0.15
Maria1995587: calls $0.15
*** TURN *** [8d Ah As] [Qd]
Faquill0: checks 
Maria1995587: bets $0.29
Faquill0: folds 
Uncalled bet ($0.29) returned to Maria1995587
Maria1995587 collected $0.58 from pot
*** SUMMARY ***
Total pot $0.61 | Rake $0.03 
Board [8d Ah As Qd]
Seat 1: ThiagoKbelo folded before Flop (didn't bet)
Seat 2: boliman21 folded before Flop (didn't bet)
Seat 3: Dorex2007 folded before Flop (didn't bet)
Seat 4: Maria1995587 (button) collected ($0.58)
Seat 5: renansuguino1 (small blind) folded before Flop
Seat 6: khz71 (big blind) folded before Flop
Seat 7: Chapeee folded before Flop (didn't bet)
Seat 8: Faquill0 folded on the Turn
Seat 9: DaMang420 folded before Flop (didn't bet)



PokerStars Hand #237468982294:  Hold'em No Limit ($0.02/$0.05 USD) - 2022/07/19 19:59:59 PT [2022/07/19 22:59:59 ET]
Table 'Chara IV' 9-max Seat #5 is the button
Seat 1: ThiagoKbelo ($10.21 in chips) 
Seat 2: boliman21 ($3.54 in chips) 
Seat 3: Dorex2007 ($5.24 in chips) 
Seat 4: Maria1995587 ($11.32 in chips) 
Seat 5: renansuguino1 ($8.95 in chips) 
Seat 6: khz71 ($5.11 in chips) 
Seat 7: Chapeee ($9.34 in chips) 
Seat 8: Faquill0 ($6.29 in chips) 
Seat 9: DaMang420 ($3.41 in chips) 
khz71: posts small blind $0.02
Chapeee: posts big blind $0.05
*** HOLE CARDS ***
Dealt to Dorex2007 [Ac Kc]
Faquill0: folds 
DaMang420: folds 
ThiagoKbelo: folds 
boliman21: folds 
Dorex2007: raises $0.10 to $0.15
Maria1995587: folds 
renansuguino1: folds 
khz71: folds 
Chapeee: folds 
Uncalled bet ($0.10) returned to Dorex2007
Dorex2007 collected $0.12 from pot
*** SUMMARY ***
Total pot $0.12 | Rake $0 
Seat 1: ThiagoKbelo folded before Flop (didn't bet)
Seat 2: boliman21 folded before Flop (didn't bet)
Seat 3: Dorex2007 collected ($0.12)
Seat 4: Maria1995587 folded before Flop (didn't bet)
Seat 5: renansuguino1 (button) folded before Flop (didn't bet)
Seat 6: khz71 (small blind) folded before Flop
Seat 7: Chapeee (big blind) folded before Flop
Seat 8: Faquill0 folded before Flop (didn't bet)
Seat 9: DaMang420 folded before Flop (didn't bet)



PokerStars Hand #237468985478:  Hold'em No Limit ($0.02/$0.05 USD) - 2022/07/19 20:00:21 PT [2022/07/19 23:00:21 ET]
Table 'Chara IV' 9-max Seat #6 is the button
Seat 1: ThiagoKbelo ($10.21 in chips) 
Seat 2: boliman21 ($3.54 in chips) 
Seat 3: Dorex2007 ($5.31 in chips) 
Seat 4: Maria1995587 ($11.32 in chips) 
Seat 5: renansuguino1 ($8.95 in chips) 
Seat 6: khz71 ($5.09 in chips) 
Seat 7: Chapeee ($9.29 in chips) 
Seat 8: Faquill0 ($6.29 in chips) 
Seat 9: DaMang420 ($3.41 in chips) 
Chapeee: posts small blind $0.02
Faquill0: posts big blind $0.05
*** HOLE CARDS ***
Dealt to Dorex2007 [5d 5s]
DaMang420: folds 
ThiagoKbelo: raises $0.10 to $0.15
boliman21: folds 
Dorex2007: calls $0.15
Maria1995587: folds 
renansuguino1: folds 
khz71: folds 
Chapeee: folds 
Faquill0: calls $0.10
*** FLOP *** [6h 6c Kc]
Faquill0: checks 
ThiagoKbelo: bets $0.20
Dorex2007: folds 
Faquill0: folds 
Uncalled bet ($0.20) returned to ThiagoKbelo
ThiagoKbelo collected $0.45 from pot
*** SUMMARY ***
Total pot $0.47 | Rake $0.02 
Board [6h 6c Kc]
Seat 1: ThiagoKbelo collected ($0.45)
Seat 2: boliman21 folded before Flop (didn't bet)
Seat 3: Dorex2007 folded on the Flop
Seat 4: Maria1995587 folded before Flop (didn't bet)
Seat 5: renansuguino1 folded before Flop (didn't bet)
Seat 6: khz71 (button) folded before Flop (didn't bet)
Seat 7: Chapeee (small blind) folded before Flop
Seat 8: Faquill0 (big blind) folded on the Flop
Seat 9: DaMang420 folded before Flop (didn't bet)



PokerStars Hand #237468991411:  Hold'em No Limit ($0.02/$0.05 USD) - 2022/07/19 20:01:01 PT [2022/07/19 23:01:01 ET]
Table 'Chara IV' 9-max Seat #7 is the button
Seat 1: ThiagoKbelo ($10.51 in chips) 
Seat 2: boliman21 ($3.54 in chips) 
Seat 3: Dorex2007 ($5.16 in chips) 
Seat 4: Maria1995587 ($11.32 in chips) 
Seat 5: renansuguino1 ($8.95 in chips) 
Seat 6: khz71 ($5.09 in chips) 
Seat 7: Chapeee ($9.27 in chips) 
Seat 8: Faquill0 ($6.14 in chips) 
Seat 9: DaMang420 ($3.41 in chips) 
Faquill0: posts small blind $0.02
DaMang420: posts big blind $0.05
*** HOLE CARDS ***
Dealt to Dorex2007 [9s 6s]
ThiagoKbelo: raises $0.10 to $0.15
boliman21: folds 
Dorex2007: folds 
Maria1995587: folds 
renansuguino1: folds 
khz71: folds 
Chapeee: folds 
Faquill0: folds 
DaMang420: calls $0.10
*** FLOP *** [Js 2c Qs]
DaMang420: checks 
ThiagoKbelo: bets $0.15
DaMang420: calls $0.15
*** TURN *** [Js 2c Qs] [Kd]
DaMang420: checks 
ThiagoKbelo: bets $0.28
DaMang420: calls $0.28
*** RIVER *** [Js 2c Qs Kd] [Kh]
DaMang420: checks 
ThiagoKbelo: bets $0.59
DaMang420: raises $2.24 to $2.83 and is all-in
ThiagoKbelo: folds 
Uncalled bet ($2.24) returned to DaMang420
DaMang420 collected $2.26 from pot
*** SUMMARY ***
Total pot $2.36 | Rake $0.10 
Board [Js 2c Qs Kd Kh]
Seat 1: ThiagoKbelo folded on the River
Seat 2: boliman21 folded before Flop (didn't bet)
Seat 3: Dorex2007 folded before Flop (didn't bet)
Seat 4: Maria1995587 folded before Flop (didn't bet)
Seat 5: renansuguino1 folded before Flop (didn't bet)
Seat 6: khz71 folded before Flop (didn't bet)
Seat 7: Chapeee (button) folded before Flop (didn't bet)
Seat 8: Faquill0 (small blind) folded before Flop
Seat 9: DaMang420 (big blind) collected ($2.26)



PokerStars Hand #237469000825:  Hold'em No Limit ($0.02/$0.05 USD) - 2022/07/19 20:02:00 PT [2022/07/19 23:02:00 ET]
Table 'Chara IV' 9-max Seat #8 is the button
Seat 1: ThiagoKbelo ($9.34 in chips) 
Seat 2: boliman21 ($3.54 in chips) 
Seat 3: Dorex2007 ($5.16 in chips) 
Seat 4: Maria1995587 ($11.32 in chips) 
Seat 5: renansuguino1 ($8.95 in chips) 
Seat 6: khz71 ($5.09 in chips) 
Seat 7: Chapeee ($9.27 in chips) 
Seat 8: Faquill0 ($6.12 in chips) 
Seat 9: DaMang420 ($4.50 in chips) 
DaMang420: posts small blind $0.02
ThiagoKbelo: posts big blind $0.05
*** HOLE CARDS ***
Dealt to Dorex2007 [8h 4d]
boliman21: raises $0.10 to $0.15
Dorex2007: folds 
Maria1995587: folds 
renansuguino1: folds 
khz71: calls $0.15
Chapeee: raises $0.55 to $0.70
Faquill0: folds 
DaMang420: folds 
ThiagoKbelo: folds 
boliman21: calls $0.55
khz71: folds 
*** FLOP *** [Kd 6h 3h]
boliman21: checks 
Chapeee: bets $0.70
boliman21: calls $0.70
*** TURN *** [Kd 6h 3h] [5c]
boliman21: checks 
Chapeee: bets $2.45
boliman21: folds 
Uncalled bet ($2.45) returned to Chapeee
Chapeee collected $2.89 from pot
*** SUMMARY ***
Total pot $3.02 | Rake $0.13 
Board [Kd 6h 3h 5c]
Seat 1: ThiagoKbelo (big blind) folded before Flop
Seat 2: boliman21 folded on the Turn
Seat 3: Dorex2007 folded before Flop (didn't bet)
Seat 4: Maria1995587 folded before Flop (didn't bet)
Seat 5: renansuguino1 folded before Flop (didn't bet)
Seat 6: khz71 folded before Flop
Seat 7: Chapeee collected ($2.89)
Seat 8: Faquill0 (button) folded before Flop (didn't bet)
Seat 9: DaMang420 (small blind) folded before Flop



PokerStars Hand #237469011250:  Hold'em No Limit ($0.02/$0.05 USD) - 2022/07/19 20:03:07 PT [2022/07/19 23:03:07 ET]
Table 'Chara IV' 9-max Seat #9 is the button
Seat 1: ThiagoKbelo ($9.29 in chips) 
Seat 2: boliman21 ($2.14 in chips) 
Seat 3: Dorex2007 ($5.16 in chips) 
Seat 4: Maria1995587 ($11.32 in chips) 
Seat 5: renansuguino1 ($8.95 in chips) 
Seat 6: khz71 ($5 in chips) 
Seat 7: Chapeee ($10.76 in chips) 
Seat 8: Faquill0 ($6.12 in chips) 
Seat 9: DaMang420 ($4.48 in chips) 
ThiagoKbelo: posts small blind $0.02
boliman21: posts big blind $0.05
*** HOLE CARDS ***
Dealt to Dorex2007 [6c 3d]
Dorex2007: folds 
Maria1995587: calls $0.05
renansuguino1: folds 
khz71: folds 
Chapeee: folds 
Faquill0: folds 
DaMang420: raises $0.10 to $0.15
ThiagoKbelo: folds 
boliman21: calls $0.10
Maria1995587: calls $0.10
*** FLOP *** [Kh 5c 4d]
boliman21: checks 
Maria1995587: checks 
DaMang420: bets $0.30
boliman21: calls $0.30
Maria1995587: folds 
*** TURN *** [Kh 5c 4d] [9h]
boliman21: checks 
DaMang420: checks 
*** RIVER *** [Kh 5c 4d 9h] [Th]
boliman21: checks 
DaMang420: checks 
*** SHOW DOWN ***
boliman21: shows [Ah 3s] (high card Ace)
DaMang420: shows [Ts Js] (a pair of Tens)
DaMang420 collected $1.03 from pot
*** SUMMARY ***
Total pot $1.07 | Rake $0.04 
Board [Kh 5c 4d 9h Th]
Seat 1: ThiagoKbelo (small blind) folded before Flop
Seat 2: boliman21 (big blind) showed [Ah 3s] and lost with high card Ace
Seat 3: Dorex2007 folded before Flop (didn't bet)
Seat 4: Maria1995587 folded on the Flop
Seat 5: renansuguino1 folded before Flop (didn't bet)
Seat 6: khz71 folded before Flop (didn't bet)
Seat 7: Chapeee folded before Flop (didn't bet)
Seat 8: Faquill0 folded before Flop (didn't bet)
Seat 9: DaMang420 (button) showed [Ts Js] and won ($1.03) with a pair of Tens



PokerStars Hand #237469020754:  Hold'em No Limit ($0.02/$0.05 USD) - 2022/07/19 20:04:07 PT [2022/07/19 23:04:07 ET]
Table 'Chara IV' 9-max Seat #1 is the button
Seat 1: ThiagoKbelo ($9.27 in chips) 
Seat 2: boliman21 ($1.69 in chips) 
Seat 3: Dorex2007 ($5.16 in chips) 
Seat 4: Maria1995587 ($11.17 in chips) 
Seat 5: renansuguino1 ($8.95 in chips) 
Seat 6: khz71 ($5 in chips) 
Seat 7: Chapeee ($10.76 in chips) 
Seat 8: Faquill0 ($6.12 in chips) 
Seat 9: DaMang420 ($5.06 in chips) 
boliman21: posts small blind $0.02
Dorex2007: posts big blind $0.05
*** HOLE CARDS ***
Dealt to Dorex2007 [9c 4h]
Maria1995587: calls $0.05
renansuguino1: folds 
khz71: calls $0.05
Chapeee: folds 
Faquill0: folds 
DaMang420: raises $0.10 to $0.15
ThiagoKbelo: calls $0.15
boliman21: folds 
Dorex2007: folds 
Maria1995587: calls $0.10
khz71: calls $0.10
*** FLOP *** [2s 4s Qc]
Maria1995587: checks 
khz71: checks 
DaMang420: bets $0.15
ThiagoKbelo: folds 
Maria1995587: calls $0.15
khz71: folds 
*** TURN *** [2s 4s Qc] [Tc]
Maria1995587: checks 
DaMang420: bets $0.45
Maria1995587: folds 
Uncalled bet ($0.45) returned to DaMang420
DaMang420 collected $0.93 from pot
*** SUMMARY ***
Total pot $0.97 | Rake $0.04 
Board [2s 4s Qc Tc]
Seat 1: ThiagoKbelo (button) folded on the Flop
Seat 2: boliman21 (small blind) folded before Flop
Seat 3: Dorex2007 (big blind) folded before Flop
Seat 4: Maria1995587 folded on the Turn
Seat 5: renansuguino1 folded before Flop (didn't bet)
Seat 6: khz71 folded on the Flop
Seat 7: Chapeee folded before Flop (didn't bet)
Seat 8: Faquill0 folded before Flop (didn't bet)
Seat 9: DaMang420 collected ($0.93)



PokerStars Hand #237469029872:  Hold'em No Limit ($0.02/$0.05 USD) - 2022/07/19 20:05:05 PT [2022/07/19 23:05:05 ET]
Table 'Chara IV' 9-max Seat #2 is the button
Seat 1: ThiagoKbelo ($9.12 in chips) 
Seat 2: boliman21 ($1.67 in chips) 
Seat 3: Dorex2007 ($5.11 in chips) 
Seat 4: Maria1995587 ($10.87 in chips) 
Seat 5: renansuguino1 ($8.95 in chips) 
Seat 6: khz71 ($5 in chips) 
Seat 7: Chapeee ($10.76 in chips) 
Seat 8: Faquill0 ($6.12 in chips) 
Seat 9: DaMang420 ($5.69 in chips) 
Dorex2007: posts small blind $0.02
Maria1995587: posts big blind $0.05
*** HOLE CARDS ***
Dealt to Dorex2007 [Ks 7s]
renansuguino1 has timed out
renansuguino1: folds 
khz71: raises $0.09 to $0.14
Chapeee: folds 
Faquill0: folds 
DaMang420: calls $0.14
ThiagoKbelo: folds 
boliman21: folds 
Dorex2007: folds 
Maria1995587: folds 
*** FLOP *** [6h 4c 8d]
khz71: bets $0.26
DaMang420: folds 
Uncalled bet ($0.26) returned to khz71
khz71 collected $0.34 from pot
*** SUMMARY ***
Total pot $0.35 | Rake $0.01 
Board [6h 4c 8d]
Seat 1: ThiagoKbelo folded before Flop (didn't bet)
Seat 2: boliman21 (button) folded before Flop (didn't bet)
Seat 3: Dorex2007 (small blind) folded before Flop
Seat 4: Maria1995587 (big blind) folded before Flop
Seat 5: renansuguino1 folded before Flop (didn't bet)
Seat 6: khz71 collected ($0.34)
Seat 7: Chapeee folded before Flop (didn't bet)
Seat 8: Faquill0 folded before Flop (didn't bet)
Seat 9: DaMang420 folded on the Flop



PokerStars Hand #237469041668:  Hold'em No Limit ($0.02/$0.05 USD) - 2022/07/19 20:05:35 PT [2022/07/19 23:05:35 ET]
Table 'Chara IV' 9-max Seat #3 is the button
Seat 1: ThiagoKbelo ($9.12 in chips) 
Seat 2: boliman21 ($1.67 in chips) 
Seat 3: Dorex2007 ($5.09 in chips) 
Seat 4: Maria1995587 ($10.82 in chips) 
Seat 5: renansuguino1 ($8.95 in chips) 
Seat 6: khz71 ($5.20 in chips) 
Seat 7: Chapeee ($10.76 in chips) 
Seat 8: Faquill0 ($6.12 in chips) 
Seat 9: DaMang420 ($5.55 in chips) 
Maria1995587: posts small blind $0.02
renansuguino1: posts big blind $0.05
*** HOLE CARDS ***
Dealt to Dorex2007 [Kd 4c]
khz71: folds 
Chapeee: folds 
Faquill0: folds 
DaMang420: folds 
ThiagoKbelo: raises $0.10 to $0.15
boliman21: folds 
Dorex2007: folds 
Maria1995587: calls $0.13
renansuguino1: folds 
*** FLOP *** [Ts 3d 6h]
Maria1995587: checks 
ThiagoKbelo: bets $0.14
Maria1995587: folds 
Uncalled bet ($0.14) returned to ThiagoKbelo
ThiagoKbelo collected $0.34 from pot
*** SUMMARY ***
Total pot $0.35 | Rake $0.01 
Board [Ts 3d 6h]
Seat 1: ThiagoKbelo collected ($0.34)
Seat 2: boliman21 folded before Flop (didn't bet)
Seat 3: Dorex2007 (button) folded before Flop (didn't bet)
Seat 4: Maria1995587 (small blind) folded on the Flop
Seat 5: renansuguino1 (big blind) folded before Flop
Seat 6: khz71 folded before Flop (didn't bet)
Seat 7: Chapeee folded before Flop (didn't bet)
Seat 8: Faquill0 folded before Flop (didn't bet)
Seat 9: DaMang420 folded before Flop (didn't bet)



PokerStars Hand #237469046629:  Hold'em No Limit ($0.02/$0.05 USD) - 2022/07/19 20:06:07 PT [2022/07/19 23:06:07 ET]
Table 'Chara IV' 9-max Seat #4 is the button
Seat 1: ThiagoKbelo ($9.31 in chips) 
Seat 2: boliman21 ($1.67 in chips) 
Seat 3: Dorex2007 ($5.09 in chips) 
Seat 4: Maria1995587 ($10.67 in chips) 
Seat 5: renansuguino1 ($8.90 in chips) 
Seat 6: khz71 ($5.20 in chips) 
Seat 7: Chapeee ($10.76 in chips) 
Seat 8: Faquill0 ($6.12 in chips) 
Seat 9: DaMang420 ($5.55 in chips) 
renansuguino1: posts small blind $0.02
khz71: posts big blind $0.05
*** HOLE CARDS ***
Dealt to Dorex2007 [Jc 8d]
Chapeee: folds 
Faquill0: folds 
DaMang420: folds 
ThiagoKbelo: folds 
boliman21: folds 
Dorex2007: folds 
Maria1995587: folds 
renansuguino1: raises $0.10 to $0.15
khz71: folds 
Uncalled bet ($0.10) returned to renansuguino1
renansuguino1 collected $0.10 from pot
*** SUMMARY ***
Total pot $0.10 | Rake $0 
Seat 1: ThiagoKbelo folded before Flop (didn't bet)
Seat 2: boliman21 folded before Flop (didn't bet)
Seat 3: Dorex2007 folded before Flop (didn't bet)
Seat 4: Maria1995587 (button) folded before Flop (didn't bet)
Seat 5: renansuguino1 (small blind) collected ($0.10)
Seat 6: khz71 (big blind) folded before Flop
Seat 7: Chapeee folded before Flop (didn't bet)
Seat 8: Faquill0 folded before Flop (didn't bet)
Seat 9: DaMang420 folded before Flop (didn't bet)



PokerStars Hand #237469050830:  Hold'em No Limit ($0.02/$0.05 USD) - 2022/07/19 20:06:33 PT [2022/07/19 23:06:33 ET]
Table 'Chara IV' 9-max Seat #5 is the button
Seat 1: ThiagoKbelo ($9.31 in chips) 
Seat 2: boliman21 ($1.67 in chips) 
Seat 3: Dorex2007 ($5.09 in chips) 
Seat 4: Maria1995587 ($10.67 in chips) 
Seat 5: renansuguino1 ($8.95 in chips) 
Seat 6: khz71 ($5.15 in chips) 
Seat 7: Chapeee ($10.76 in chips) 
Seat 8: Faquill0 ($6.12 in chips) 
Seat 9: DaMang420 ($5.55 in chips) 
khz71: posts small blind $0.02
Chapeee: posts big blind $0.05
*** HOLE CARDS ***
Dealt to Dorex2007 [6c Th]
Faquill0: folds 
DaMang420: raises $0.10 to $0.15
ThiagoKbelo: folds 
boliman21: folds 
Dorex2007: folds 
Maria1995587: folds 
renansuguino1: folds 
khz71: folds 
Chapeee: folds 
Uncalled bet ($0.10) returned to DaMang420
DaMang420 collected $0.12 from pot
*** SUMMARY ***
Total pot $0.12 | Rake $0 
Seat 1: ThiagoKbelo folded before Flop (didn't bet)
Seat 2: boliman21 folded before Flop (didn't bet)
Seat 3: Dorex2007 folded before Flop (didn't bet)
Seat 4: Maria1995587 folded before Flop (didn't bet)
Seat 5: renansuguino1 (button) folded before Flop (didn't bet)
Seat 6: khz71 (small blind) folded before Flop
Seat 7: Chapeee (big blind) folded before Flop
Seat 8: Faquill0 folded before Flop (didn't bet)
Seat 9: DaMang420 collected ($0.12)



PokerStars Hand #237469055703:  Hold'em No Limit ($0.02/$0.05 USD) - 2022/07/19 20:07:05 PT [2022/07/19 23:07:05 ET]
Table 'Chara IV' 9-max Seat #6 is the button
Seat 1: ThiagoKbelo ($9.31 in chips) 
Seat 2: boliman21 ($1.67 in chips) 
Seat 3: Dorex2007 ($5.09 in chips) 
Seat 4: Maria1995587 ($10.67 in chips) 
Seat 5: renansuguino1 ($8.95 in chips) 
Seat 6: khz71 ($5.13 in chips) 
Seat 7: Chapeee ($10.71 in chips) 
Seat 8: Faquill0 ($6.12 in chips) 
Seat 9: DaMang420 ($5.62 in chips) 
Chapeee: posts small blind $0.02
Faquill0: posts big blind $0.05
*** HOLE CARDS ***
Dealt to Dorex2007 [7c 9d]
DaMang420: raises $0.10 to $0.15
ThiagoKbelo: folds 
boliman21: folds 
Dorex2007: folds 
Maria1995587: folds 
renansuguino1: folds 
khz71: folds 
Chapeee: folds 
Faquill0: folds 
Uncalled bet ($0.10) returned to DaMang420
DaMang420 collected $0.12 from pot
*** SUMMARY ***
Total pot $0.12 | Rake $0 
Seat 1: ThiagoKbelo folded before Flop (didn't bet)
Seat 2: boliman21 folded before Flop (didn't bet)
Seat 3: Dorex2007 folded before Flop (didn't bet)
Seat 4: Maria1995587 folded before Flop (didn't bet)
Seat 5: renansuguino1 folded before Flop (didn't bet)
Seat 6: khz71 (button) folded before Flop (didn't bet)
Seat 7: Chapeee (small blind) folded before Flop
Seat 8: Faquill0 (big blind) folded before Flop
Seat 9: DaMang420 collected ($0.12)



PokerStars Hand #237469059529:  Hold'em No Limit ($0.02/$0.05 USD) - 2022/07/19 20:07:29 PT [2022/07/19 23:07:29 ET]
Table 'Chara IV' 9-max Seat #7 is the button
Seat 1: ThiagoKbelo ($9.31 in chips) 
Seat 2: boliman21 ($1.67 in chips) 
Seat 3: Dorex2007 ($5.09 in chips) 
Seat 4: Maria1995587 ($10.67 in chips) 
Seat 5: renansuguino1 ($8.95 in chips) 
Seat 6: khz71 ($5.13 in chips) 
Seat 7: Chapeee ($10.69 in chips) 
Seat 8: Faquill0 ($6.07 in chips) 
Seat 9: DaMang420 ($5.69 in chips) 
Faquill0: posts small blind $0.02
DaMang420: posts big blind $0.05
*** HOLE CARDS ***
Dealt to Dorex2007 [9s 9d]
ThiagoKbelo: folds 
boliman21: folds 
Dorex2007: raises $0.10 to $0.15
Maria1995587: folds 
renansuguino1: calls $0.15
khz71: folds 
Chapeee: folds 
Faquill0: folds 
DaMang420: calls $0.10
*** FLOP *** [7h 7s Jc]
DaMang420: checks 
Dorex2007: bets $0.22
renansuguino1: calls $0.22
DaMang420: folds 
*** TURN *** [7h 7s Jc] [Qc]
Dorex2007: checks 
renansuguino1: bets $0.45
Dorex2007: folds 
Uncalled bet ($0.45) returned to renansuguino1
renansuguino1 collected $0.87 from pot
*** SUMMARY ***
Total pot $0.91 | Rake $0.04 
Board [7h 7s Jc Qc]
Seat 1: ThiagoKbelo folded before Flop (didn't bet)
Seat 2: boliman21 folded before Flop (didn't bet)
Seat 3: Dorex2007 folded on the Turn
Seat 4: Maria1995587 folded before Flop (didn't bet)
Seat 5: renansuguino1 collected ($0.87)
Seat 6: khz71 folded before Flop (didn't bet)
Seat 7: Chapeee (button) folded before Flop (didn't bet)
Seat 8: Faquill0 (small blind) folded before Flop
Seat 9: DaMang420 (big blind) folded on the Flop



PokerStars Hand #237469067464:  Hold'em No Limit ($0.02/$0.05 USD) - 2022/07/19 20:08:20 PT [2022/07/19 23:08:20 ET]
Table 'Chara IV' 9-max Seat #8 is the button
Seat 1: ThiagoKbelo ($9.31 in chips) 
Seat 2: boliman21 ($1.67 in chips) 
Seat 3: Dorex2007 ($5 in chips) 
Seat 4: Maria1995587 ($10.67 in chips) 
Seat 5: renansuguino1 ($9.45 in chips) 
Seat 6: khz71 ($5.13 in chips) 
Seat 7: Chapeee ($10.69 in chips) 
Seat 8: Faquill0 ($6.05 in chips) 
Seat 9: DaMang420 ($5.54 in chips) 
DaMang420: posts small blind $0.02
ThiagoKbelo: posts big blind $0.05
*** HOLE CARDS ***
Dealt to Dorex2007 [3c 8s]
boliman21: folds 
Dorex2007: folds 
Maria1995587: calls $0.05
renansuguino1: folds 
khz71: folds 
Chapeee: folds 
Faquill0: folds 
DaMang420: raises $0.12 to $0.17
ThiagoKbelo: folds 
Maria1995587: folds 
Uncalled bet ($0.12) returned to DaMang420
DaMang420 collected $0.15 from pot
*** SUMMARY ***
Total pot $0.15 | Rake $0 
Seat 1: ThiagoKbelo (big blind) folded before Flop
Seat 2: boliman21 folded before Flop (didn't bet)
Seat 3: Dorex2007 folded before Flop (didn't bet)
Seat 4: Maria1995587 folded before Flop
Seat 5: renansuguino1 folded before Flop (didn't bet)
Seat 6: khz71 folded before Flop (didn't bet)
Seat 7: Chapeee folded before Flop (didn't bet)
Seat 8: Faquill0 (button) folded before Flop (didn't bet)
Seat 9: DaMang420 (small blind) collected ($0.15)



PokerStars Hand #237469072292:  Hold'em No Limit ($0.02/$0.05 USD) - 2022/07/19 20:08:51 PT [2022/07/19 23:08:51 ET]
Table 'Chara IV' 9-max Seat #9 is the button
Seat 1: ThiagoKbelo ($9.26 in chips) 
Seat 2: boliman21 ($1.67 in chips) 
Seat 3: Dorex2007 ($5 in chips) 
Seat 4: Maria1995587 ($10.62 in chips) 
Seat 5: renansuguino1 ($9.45 in chips) 
Seat 6: khz71 ($5.13 in chips) 
Seat 7: Chapeee ($10.69 in chips) 
Seat 8: Faquill0 ($6.05 in chips) 
Seat 9: DaMang420 ($5.64 in chips) 
ThiagoKbelo: posts small blind $0.02
boliman21: posts big blind $0.05
*** HOLE CARDS ***
Dealt to Dorex2007 [8c 6s]
Dorex2007: folds 
Maria1995587: folds 
renansuguino1: folds 
khz71: folds 
Chapeee: folds 
Faquill0: folds 
DaMang420: raises $0.05 to $0.10
ThiagoKbelo: folds 
boliman21: calls $0.05
*** FLOP *** [Kh Jc 5c]
boliman21: checks 
DaMang420: checks 
*** TURN *** [Kh Jc 5c] [Kc]
boliman21: bets $0.15
DaMang420: calls $0.15
*** RIVER *** [Kh Jc 5c Kc] [4s]
boliman21: bets $0.35
DaMang420: folds 
Uncalled bet ($0.35) returned to boliman21
boliman21 collected $0.50 from pot
*** SUMMARY ***
Total pot $0.52 | Rake $0.02 
Board [Kh Jc 5c Kc 4s]
Seat 1: ThiagoKbelo (small blind) folded before Flop
Seat 2: boliman21 (big blind) collected ($0.50)
Seat 3: Dorex2007 folded before Flop (didn't bet)
Seat 4: Maria1995587 folded before Flop (didn't bet)
Seat 5: renansuguino1 folded before Flop (didn't bet)
Seat 6: khz71 folded before Flop (didn't bet)
Seat 7: Chapeee folded before Flop (didn't bet)
Seat 8: Faquill0 folded before Flop (didn't bet)
Seat 9: DaMang420 (button) folded on the River



PokerStars Hand #237469080287:  Hold'em No Limit ($0.02/$0.05 USD) - 2022/07/19 20:09:43 PT [2022/07/19 23:09:43 ET]
Table 'Chara IV' 9-max Seat #1 is the button
Seat 1: ThiagoKbelo ($9.24 in chips) 
Seat 2: boliman21 ($1.92 in chips) 
Seat 3: Dorex2007 ($5 in chips) 
Seat 4: Maria1995587 ($10.62 in chips) 
Seat 5: renansuguino1 ($9.45 in chips) 
Seat 6: khz71 ($5.13 in chips) 
Seat 7: Chapeee ($10.69 in chips) 
Seat 8: Faquill0 ($6.05 in chips) 
Seat 9: DaMang420 ($5.39 in chips) 
boliman21: posts small blind $0.02
Dorex2007: posts big blind $0.05
*** HOLE CARDS ***
Dealt to Dorex2007 [2s Jd]
Maria1995587: calls $0.05
renansuguino1: folds 
khz71: folds 
Chapeee: raises $0.07 to $0.12
Faquill0: folds 
DaMang420: folds 
ThiagoKbelo: calls $0.12
boliman21: calls $0.10
Dorex2007: folds 
Maria1995587: calls $0.07
*** FLOP *** [3h 4c Jc]
boliman21: checks 
Maria1995587: checks 
Chapeee: bets $0.30
ThiagoKbelo: folds 
boliman21: folds 
Maria1995587: folds 
Uncalled bet ($0.30) returned to Chapeee
Chapeee collected $0.51 from pot
*** SUMMARY ***
Total pot $0.53 | Rake $0.02 
Board [3h 4c Jc]
Seat 1: ThiagoKbelo (button) folded on the Flop
Seat 2: boliman21 (small blind) folded on the Flop
Seat 3: Dorex2007 (big blind) folded before Flop
Seat 4: Maria1995587 folded on the Flop
Seat 5: renansuguino1 folded before Flop (didn't bet)
Seat 6: khz71 folded before Flop (didn't bet)
Seat 7: Chapeee collected ($0.51)
Seat 8: Faquill0 folded before Flop (didn't bet)
Seat 9: DaMang420 folded before Flop (didn't bet)



PokerStars Hand #237469085932:  Hold'em No Limit ($0.02/$0.05 USD) - 2022/07/19 20:10:20 PT [2022/07/19 23:10:20 ET]
Table 'Chara IV' 9-max Seat #2 is the button
Seat 1: ThiagoKbelo ($9.12 in chips) 
Seat 2: boliman21 ($1.80 in chips) 
Seat 3: Dorex2007 ($5 in chips) 
Seat 4: Maria1995587 ($10.50 in chips) 
Seat 5: renansuguino1 ($9.45 in chips) 
Seat 6: khz71 ($5.13 in chips) 
Seat 7: Chapeee ($11.08 in chips) 
Seat 8: Faquill0 ($6.05 in chips) 
Seat 9: DaMang420 ($5.39 in chips) 
Dorex2007: posts small blind $0.02
Maria1995587: posts big blind $0.05
*** HOLE CARDS ***
Dealt to Dorex2007 [Qs Td]
renansuguino1: folds 
khz71: folds 
Chapeee: folds 
Faquill0: raises $0.07 to $0.12
DaMang420: calls $0.12
ThiagoKbelo: folds 
boliman21: folds 
Dorex2007: folds 
Maria1995587: calls $0.07
*** FLOP *** [4d 7d 2c]
Maria1995587: checks 
Faquill0: checks 
DaMang420: checks 
*** TURN *** [4d 7d 2c] [Ad]
Maria1995587: checks 
Faquill0: bets $0.15
DaMang420: folds 
Maria1995587: folds 
Uncalled bet ($0.15) returned to Faquill0
Faquill0 collected $0.36 from pot
*** SUMMARY ***
Total pot $0.38 | Rake $0.02 
Board [4d 7d 2c Ad]
Seat 1: ThiagoKbelo folded before Flop (didn't bet)
Seat 2: boliman21 (button) folded before Flop (didn't bet)
Seat 3: Dorex2007 (small blind) folded before Flop
Seat 4: Maria1995587 (big blind) folded on the Turn
Seat 5: renansuguino1 folded before Flop (didn't bet)
Seat 6: khz71 folded before Flop (didn't bet)
Seat 7: Chapeee folded before Flop (didn't bet)
Seat 8: Faquill0 collected ($0.36)
Seat 9: DaMang420 folded on the Turn



PokerStars Hand #237469092590:  Hold'em No Limit ($0.02/$0.05 USD) - 2022/07/19 20:11:04 PT [2022/07/19 23:11:04 ET]
Table 'Chara IV' 9-max Seat #3 is the button
Seat 1: ThiagoKbelo ($9.12 in chips) 
Seat 2: boliman21 ($1.80 in chips) 
Seat 3: Dorex2007 ($5 in chips) 
Seat 4: Maria1995587 ($10.38 in chips) 
Seat 5: renansuguino1 ($9.45 in chips) 
Seat 6: khz71 ($5.13 in chips) 
Seat 7: Chapeee ($11.08 in chips) 
Seat 8: Faquill0 ($6.29 in chips) 
Seat 9: DaMang420 ($5.27 in chips) 
Maria1995587: posts small blind $0.02
renansuguino1: posts big blind $0.05
*** HOLE CARDS ***
Dealt to Dorex2007 [Ah 5h]
khz71: folds 
Chapeee: folds 
Faquill0: folds 
khz71 leaves the table
DaMang420: folds 
ThiagoKbelo: folds 
boliman21: folds 
KidBananan joins the table at seat #6 
Dorex2007: calls $0.05
Maria1995587: raises $0.10 to $0.15
renansuguino1: calls $0.10
Dorex2007: folds 
*** FLOP *** [3h 5s 2c]
Maria1995587: checks 
renansuguino1: checks 
*** TURN *** [3h 5s 2c] [4c]
Maria1995587: checks 
renansuguino1: checks 
*** RIVER *** [3h 5s 2c 4c] [3c]
Maria1995587: bets $0.17
renansuguino1: folds 
Uncalled bet ($0.17) returned to Maria1995587
Maria1995587 collected $0.34 from pot
*** SUMMARY ***
Total pot $0.35 | Rake $0.01 
Board [3h 5s 2c 4c 3c]
Seat 1: ThiagoKbelo folded before Flop (didn't bet)
Seat 2: boliman21 folded before Flop (didn't bet)
Seat 3: Dorex2007 (button) folded before Flop
Seat 4: Maria1995587 (small blind) collected ($0.34)
Seat 5: renansuguino1 (big blind) folded on the River
Seat 6: khz71 folded before Flop (didn't bet)
Seat 7: Chapeee folded before Flop (didn't bet)
Seat 8: Faquill0 folded before Flop (didn't bet)
Seat 9: DaMang420 folded before Flop (didn't bet)



PokerStars Hand #237469102286:  Hold'em No Limit ($0.02/$0.05 USD) - 2022/07/19 20:12:07 PT [2022/07/19 23:12:07 ET]
Table 'Chara IV' 9-max Seat #4 is the button
Seat 1: ThiagoKbelo ($9.12 in chips) 
Seat 2: boliman21 ($1.80 in chips) 
Seat 3: Dorex2007 ($5 in chips) 
Seat 4: Maria1995587 ($10.57 in chips) 
Seat 5: renansuguino1 ($9.30 in chips) 
Seat 6: KidBananan ($5 in chips) 
Seat 7: Chapeee ($11.08 in chips) 
Seat 8: Faquill0 ($6.29 in chips) 
Seat 9: DaMang420 ($5.27 in chips) 
renansuguino1: posts small blind $0.02
KidBananan: posts big blind $0.05
*** HOLE CARDS ***
Dealt to Dorex2007 [Js 9s]
Chapeee: folds 
Faquill0: folds 
DaMang420: folds 
ThiagoKbelo: folds 
boliman21: folds 
Dorex2007: calls $0.05
Maria1995587: calls $0.05
renansuguino1: folds 
KidBananan: checks 
*** FLOP *** [Kd Qh 6d]
KidBananan: checks 
Dorex2007: checks 
Maria1995587: checks 
*** TURN *** [Kd Qh 6d] [5c]
KidBananan: bets $0.11
Dorex2007: folds 
Maria1995587: folds 
Uncalled bet ($0.11) returned to KidBananan
KidBananan collected $0.16 from pot
*** SUMMARY ***
Total pot $0.17 | Rake $0.01 
Board [Kd Qh 6d 5c]
Seat 1: ThiagoKbelo folded before Flop (didn't bet)
Seat 2: boliman21 folded before Flop (didn't bet)
Seat 3: Dorex2007 folded on the Turn
Seat 4: Maria1995587 (button) folded on the Turn
Seat 5: renansuguino1 (small blind) folded before Flop
Seat 6: KidBananan (big blind) collected ($0.16)
Seat 7: Chapeee folded before Flop (didn't bet)
Seat 8: Faquill0 folded before Flop (didn't bet)
Seat 9: DaMang420 folded before Flop (didn't bet)



PokerStars Hand #237469108592:  Hold'em No Limit ($0.02/$0.05 USD) - 2022/07/19 20:12:48 PT [2022/07/19 23:12:48 ET]
Table 'Chara IV' 9-max Seat #5 is the button
Seat 1: ThiagoKbelo ($9.12 in chips) 
Seat 2: boliman21 ($1.80 in chips) 
Seat 3: Dorex2007 ($5 in chips) 
Seat 4: Maria1995587 ($10.52 in chips) 
Seat 5: renansuguino1 ($9.28 in chips) 
Seat 6: KidBananan ($5.11 in chips) 
Seat 9: DaMang420 ($5.27 in chips) 
KidBananan: posts small blind $0.02
Chapeee: is sitting out 
Faquill0: is sitting out 
Chapeee leaves the table
DaMang420: posts big blind $0.05
*** HOLE CARDS ***
Dealt to Dorex2007 [Ks 6h]
Faquill0 leaves the table
ThiagoKbelo: folds 
boliman21: raises $0.10 to $0.15
Dorex2007: folds 
Maria1995587: folds 
renansuguino1: folds 
KidBananan: folds 
DaMang420: folds 
Uncalled bet ($0.10) returned to boliman21
boliman21 collected $0.12 from pot
*** SUMMARY ***
Total pot $0.12 | Rake $0 
Seat 1: ThiagoKbelo folded before Flop (didn't bet)
Seat 2: boliman21 collected ($0.12)
Seat 3: Dorex2007 folded before Flop (didn't bet)
Seat 4: Maria1995587 folded before Flop (didn't bet)
Seat 5: renansuguino1 (button) folded before Flop (didn't bet)
Seat 6: KidBananan (small blind) folded before Flop
Seat 9: DaMang420 (big blind) folded before Flop



PokerStars Hand #237469112561:  Hold'em No Limit ($0.02/$0.05 USD) - 2022/07/19 20:13:13 PT [2022/07/19 23:13:13 ET]
Table 'Chara IV' 9-max Seat #6 is the button
Seat 1: ThiagoKbelo ($9.12 in chips) 
Seat 2: boliman21 ($1.87 in chips) 
Seat 3: Dorex2007 ($5 in chips) 
Seat 4: Maria1995587 ($10.52 in chips) 
Seat 5: renansuguino1 ($9.28 in chips) 
Seat 6: KidBananan ($5.09 in chips) 
Seat 9: DaMang420 ($5.22 in chips) 
DaMang420: posts small blind $0.02
ThiagoKbelo: posts big blind $0.05
*** HOLE CARDS ***
Dealt to Dorex2007 [4c 5c]
boliman21: folds 
Dorex2007 has timed out
Dorex2007: folds 
Maria1995587: folds 
renansuguino1: folds 
KidBananan: folds 
DaMang420: folds 
Uncalled bet ($0.03) returned to ThiagoKbelo
ThiagoKbelo collected $0.04 from pot
*** SUMMARY ***
Total pot $0.04 | Rake $0 
Seat 1: ThiagoKbelo (big blind) collected ($0.04)
Seat 2: boliman21 folded before Flop (didn't bet)
Seat 3: Dorex2007 folded before Flop (didn't bet)
Seat 4: Maria1995587 folded before Flop (didn't bet)
Seat 5: renansuguino1 folded before Flop (didn't bet)
Seat 6: KidBananan (button) folded before Flop (didn't bet)
Seat 9: DaMang420 (small blind) folded before Flop



PokerStars Hand #237469121255:  Hold'em No Limit ($0.02/$0.05 USD) - 2022/07/19 20:14:09 PT [2022/07/19 23:14:09 ET]
Table 'Chara IV' 9-max Seat #1 is the button
Seat 1: ThiagoKbelo ($9.12 in chips) 
Seat 2: boliman21 ($2.04 in chips) 
Seat 3: Dorex2007 ($5 in chips) 
Seat 4: Maria1995587 ($10.47 in chips) 
Seat 5: renansuguino1 ($9.23 in chips) 
Seat 6: KidBananan ($5.09 in chips) 
Seat 9: DaMang420 ($5.15 in chips) 
boliman21: posts small blind $0.02
Dorex2007: posts big blind $0.05
*** HOLE CARDS ***
Dealt to Dorex2007 [5s 7h]
Maria1995587: calls $0.05
renansuguino1: raises $0.20 to $0.25
KidBananan: folds 
DaMang420: folds 
ThiagoKbelo: folds 
boliman21: folds 
Dorex2007: folds 
Maria1995587: calls $0.20
*** FLOP *** [6c Ks Jd]
Maria1995587: checks 
renansuguino1: bets $0.27
Maria1995587: folds 
Uncalled bet ($0.27) returned to renansuguino1
renansuguino1 collected $0.55 from pot
*** SUMMARY ***
Total pot $0.57 | Rake $0.02 
Board [6c Ks Jd]
Seat 1: ThiagoKbelo (button) folded before Flop (didn't bet)
Seat 2: boliman21 (small blind) folded before Flop
Seat 3: Dorex2007 (big blind) folded before Flop
Seat 4: Maria1995587 folded on the Flop
Seat 5: renansuguino1 collected ($0.55)
Seat 6: KidBananan folded before Flop (didn't bet)
Seat 9: DaMang420 folded before Flop (didn't bet)



PokerStars Hand #237469126988:  Hold'em No Limit ($0.02/$0.05 USD) - 2022/07/19 20:14:47 PT [2022/07/19 23:14:47 ET]
Table 'Chara IV' 9-max Seat #2 is the button
Seat 1: ThiagoKbelo ($9.12 in chips) 
Seat 2: boliman21 ($2.02 in chips) 
Seat 3: Dorex2007 ($5 in chips) 
Seat 4: Maria1995587 ($10.22 in chips) 
Seat 5: renansuguino1 ($9.53 in chips) 
Seat 6: KidBananan ($5.09 in chips) 
Seat 9: DaMang420 ($5.15 in chips) 
Dorex2007: posts small blind $0.02
Maria1995587: posts big blind $0.05
*** HOLE CARDS ***
Dealt to Dorex2007 [2h 2d]
SrPedroCarmona joins the table at seat #7 
renansuguino1: folds 
KidBananan: folds 
DaMang420: folds 
ThiagoKbelo: folds 
boliman21: raises $0.10 to $0.15
Dorex2007: calls $0.13
Maria1995587: folds 
*** FLOP *** [6h Ah 2c]
Dorex2007: bets $0.23
boliman21: calls $0.23
*** TURN *** [6h Ah 2c] [Jc]
mafiaalan10 joins the table at seat #8 
Dorex2007: bets $0.52
boliman21: raises $1.12 to $1.64 and is all-in
Dorex2007: calls $1.12
*** RIVER *** [6h Ah 2c Jc] [4s]
*** SHOW DOWN ***
Dorex2007: shows [2h 2d] (three of a kind, Deuces)
boliman21: shows [Ts Ad] (a pair of Aces)
Dorex2007 collected $3.92 from pot
*** SUMMARY ***
Total pot $4.09 | Rake $0.17 
Board [6h Ah 2c Jc 4s]
Seat 1: ThiagoKbelo folded before Flop (didn't bet)
Seat 2: boliman21 (button) showed [Ts Ad] and lost with a pair of Aces
Seat 3: Dorex2007 (small blind) showed [2h 2d] and won ($3.92) with three of a kind, Deuces
Seat 4: Maria1995587 (big blind) folded before Flop
Seat 5: renansuguino1 folded before Flop (didn't bet)
Seat 6: KidBananan folded before Flop (didn't bet)
Seat 9: DaMang420 folded before Flop (didn't bet)



PokerStars Hand #237469133817:  Hold'em No Limit ($0.02/$0.05 USD) - 2022/07/19 20:15:31 PT [2022/07/19 23:15:31 ET]
Table 'Chara IV' 9-max Seat #3 is the button
Seat 1: ThiagoKbelo ($9.12 in chips) 
Seat 3: Dorex2007 ($6.90 in chips) 
Seat 4: Maria1995587 ($10.17 in chips) 
Seat 5: renansuguino1 ($9.53 in chips) 
Seat 6: KidBananan ($5.09 in chips) 
Seat 8: mafiaalan10 ($3.20 in chips) 
Seat 9: DaMang420 ($5.15 in chips) 
Maria1995587: posts small blind $0.02
renansuguino1: posts big blind $0.05
boliman21 leaves the table
SrPedroCarmona: sits out 
mafiaalan10: posts big blind $0.05
*** HOLE CARDS ***
Dealt to Dorex2007 [9d 9h]
KidBananan: folds 
mafiaalan10: checks 
DaMang420: folds 
ThiagoKbelo: folds 
Dorex2007: calls $0.05
Maria1995587: calls $0.03
renansuguino1: checks 
*** FLOP *** [2d 7s 9c]
rodsferraz joins the table at seat #2 
Maria1995587: checks 
renansuguino1: checks 
mafiaalan10: checks 
Dorex2007: bets $0.13
Maria1995587: folds 
renansuguino1: folds 
mafiaalan10: folds 
Uncalled bet ($0.13) returned to Dorex2007
Dorex2007 collected $0.19 from pot
*** SUMMARY ***
Total pot $0.20 | Rake $0.01 
Board [2d 7s 9c]
Seat 1: ThiagoKbelo folded before Flop (didn't bet)
Seat 3: Dorex2007 (button) collected ($0.19)
Seat 4: Maria1995587 (small blind) folded on the Flop
Seat 5: renansuguino1 (big blind) folded on the Flop
Seat 6: KidBananan folded before Flop (didn't bet)
Seat 8: mafiaalan10 folded on the Flop (didn't bet)
Seat 9: DaMang420 folded before Flop (didn't bet)



PokerStars Hand #237469140251:  Hold'em No Limit ($0.02/$0.05 USD) - 2022/07/19 20:16:13 PT [2022/07/19 23:16:13 ET]
Table 'Chara IV' 9-max Seat #4 is the button
Seat 1: ThiagoKbelo ($9.12 in chips) 
Seat 2: rodsferraz ($4 in chips) 
Seat 3: Dorex2007 ($7.04 in chips) 
Seat 4: Maria1995587 ($10.12 in chips) 
Seat 5: renansuguino1 ($9.48 in chips) 
Seat 6: KidBananan ($5.09 in chips) 
Seat 7: SrPedroCarmona ($4 in chips) 
Seat 8: mafiaalan10 ($3.15 in chips) 
Seat 9: DaMang420 ($5.15 in chips) 
renansuguino1: posts small blind $0.02
KidBananan: posts big blind $0.05
SrPedroCarmona: posts big blind $0.05
rodsferraz: posts big blind $0.05
*** HOLE CARDS ***
Dealt to Dorex2007 [5h Js]
SrPedroCarmona: checks 
mafiaalan10: folds 
DaMang420: calls $0.05
ThiagoKbelo: folds 
rodsferraz: checks 
Dorex2007: folds 
Maria1995587: folds 
renansuguino1: calls $0.03
KidBananan: checks 
*** FLOP *** [9d 9c Ah]
renansuguino1: checks 
KidBananan: checks 
SrPedroCarmona: checks 
DaMang420: checks 
rodsferraz: bets $0.12
renansuguino1: folds 
KidBananan: folds 
SrPedroCarmona: folds 
DaMang420: folds 
Uncalled bet ($0.12) returned to rodsferraz
rodsferraz collected $0.24 from pot
*** SUMMARY ***
Total pot $0.25 | Rake $0.01 
Board [9d 9c Ah]
Seat 1: ThiagoKbelo folded before Flop (didn't bet)
Seat 2: rodsferraz collected ($0.24)
Seat 3: Dorex2007 folded before Flop (didn't bet)
Seat 4: Maria1995587 (button) folded before Flop (didn't bet)
Seat 5: renansuguino1 (small blind) folded on the Flop
Seat 6: KidBananan (big blind) folded on the Flop
Seat 7: SrPedroCarmona folded on the Flop (didn't bet)
Seat 8: mafiaalan10 folded before Flop (didn't bet)
Seat 9: DaMang420 folded on the Flop



PokerStars Hand #237469147678:  Hold'em No Limit ($0.02/$0.05 USD) - 2022/07/19 20:17:01 PT [2022/07/19 23:17:01 ET]
Table 'Chara IV' 9-max Seat #5 is the button
Seat 1: ThiagoKbelo ($9.12 in chips) 
Seat 2: rodsferraz ($4.19 in chips) 
Seat 3: Dorex2007 ($7.04 in chips) 
Seat 4: Maria1995587 ($10.12 in chips) 
Seat 5: renansuguino1 ($9.43 in chips) 
Seat 6: KidBananan ($5.04 in chips) 
Seat 7: SrPedroCarmona ($3.95 in chips) 
Seat 8: mafiaalan10 ($3.15 in chips) 
Seat 9: DaMang420 ($5.10 in chips) 
KidBananan: posts small blind $0.02
SrPedroCarmona: posts big blind $0.05
*** HOLE CARDS ***
Dealt to Dorex2007 [2d 5d]
mafiaalan10: calls $0.05
DaMang420: folds 
ThiagoKbelo: folds 
rodsferraz: calls $0.05
Dorex2007: folds 
Maria1995587: folds 
renansuguino1: folds 
KidBananan: folds 
SrPedroCarmona: checks 
*** FLOP *** [4h Th 2c]
SrPedroCarmona: checks 
mafiaalan10: bets $0.15
rodsferraz: calls $0.15
SrPedroCarmona: folds 
*** TURN *** [4h Th 2c] [9s]
mafiaalan10: bets $0.15
rodsferraz: calls $0.15
*** RIVER *** [4h Th 2c 9s] [Td]
mafiaalan10: bets $0.25
rodsferraz: calls $0.25
*** SHOW DOWN ***
mafiaalan10: shows [8h 6h] (a pair of Tens)
rodsferraz: shows [Ac 4c] (two pair, Tens and Fours)
rodsferraz collected $1.22 from pot
*** SUMMARY ***
Total pot $1.27 | Rake $0.05 
Board [4h Th 2c 9s Td]
Seat 1: ThiagoKbelo folded before Flop (didn't bet)
Seat 2: rodsferraz showed [Ac 4c] and won ($1.22) with two pair, Tens and Fours
Seat 3: Dorex2007 folded before Flop (didn't bet)
Seat 4: Maria1995587 folded before Flop (didn't bet)
Seat 5: renansuguino1 (button) folded before Flop (didn't bet)
Seat 6: KidBananan (small blind) folded before Flop
Seat 7: SrPedroCarmona (big blind) folded on the Flop
Seat 8: mafiaalan10 showed [8h 6h] and lost with a pair of Tens
Seat 9: DaMang420 folded before Flop (didn't bet)



PokerStars Hand #237469156696:  Hold'em No Limit ($0.02/$0.05 USD) - 2022/07/19 20:18:00 PT [2022/07/19 23:18:00 ET]
Table 'Chara IV' 9-max Seat #6 is the button
Seat 1: ThiagoKbelo ($9.12 in chips) 
Seat 2: rodsferraz ($4.81 in chips) 
Seat 3: Dorex2007 ($7.04 in chips) 
Seat 4: Maria1995587 ($10.12 in chips) 
Seat 5: renansuguino1 ($9.43 in chips) 
Seat 6: KidBananan ($5.02 in chips) 
Seat 7: SrPedroCarmona ($3.90 in chips) 
Seat 8: mafiaalan10 ($2.55 in chips) 
Seat 9: DaMang420 ($5.10 in chips) 
SrPedroCarmona: posts small blind $0.02
mafiaalan10: posts big blind $0.05
*** HOLE CARDS ***
Dealt to Dorex2007 [Qh 5d]
DaMang420: folds 
ThiagoKbelo: folds 
rodsferraz: folds 
Dorex2007: folds 
Maria1995587: raises $0.10 to $0.15
renansuguino1: folds 
KidBananan: folds 
SrPedroCarmona: calls $0.13
mafiaalan10: calls $0.10
*** FLOP *** [2c 9s As]
SrPedroCarmona: checks 
mafiaalan10: bets $0.10
Maria1995587: calls $0.10
SrPedroCarmona: folds 
*** TURN *** [2c 9s As] [9h]
mafiaalan10: checks 
Maria1995587: checks 
*** RIVER *** [2c 9s As 9h] [Qs]
mafiaalan10: bets $0.35
Maria1995587: folds 
Uncalled bet ($0.35) returned to mafiaalan10
mafiaalan10 collected $0.62 from pot
*** SUMMARY ***
Total pot $0.65 | Rake $0.03 
Board [2c 9s As 9h Qs]
Seat 1: ThiagoKbelo folded before Flop (didn't bet)
Seat 2: rodsferraz folded before Flop (didn't bet)
Seat 3: Dorex2007 folded before Flop (didn't bet)
Seat 4: Maria1995587 folded on the River
Seat 5: renansuguino1 folded before Flop (didn't bet)
Seat 6: KidBananan (button) folded before Flop (didn't bet)
Seat 7: SrPedroCarmona (small blind) folded on the Flop
Seat 8: mafiaalan10 (big blind) collected ($0.62)
Seat 9: DaMang420 folded before Flop (didn't bet)



PokerStars Hand #237469164845:  Hold'em No Limit ($0.02/$0.05 USD) - 2022/07/19 20:18:53 PT [2022/07/19 23:18:53 ET]
Table 'Chara IV' 9-max Seat #7 is the button
Seat 1: ThiagoKbelo ($9.12 in chips) 
Seat 2: rodsferraz ($4.81 in chips) 
Seat 3: Dorex2007 ($7.04 in chips) 
Seat 4: Maria1995587 ($9.87 in chips) 
Seat 5: renansuguino1 ($9.43 in chips) 
Seat 6: KidBananan ($5.02 in chips) 
Seat 7: SrPedroCarmona ($3.75 in chips) 
Seat 8: mafiaalan10 ($2.92 in chips) 
Seat 9: DaMang420 ($5.10 in chips) 
mafiaalan10: posts small blind $0.02
DaMang420: posts big blind $0.05
*** HOLE CARDS ***
Dealt to Dorex2007 [2d 6d]
ThiagoKbelo: folds 
rodsferraz: calls $0.05
Dorex2007: folds 
Maria1995587: calls $0.05
renansuguino1: folds 
KidBananan: folds 
SrPedroCarmona: folds 
mafiaalan10: raises $0.10 to $0.15
DaMang420: folds 
rodsferraz: calls $0.10
Maria1995587: calls $0.10
*** FLOP *** [Jc Qs 3h]
mafiaalan10: checks 
rodsferraz: checks 
Maria1995587: checks 
*** TURN *** [Jc Qs 3h] [3d]
mafiaalan10: checks 
rodsferraz: bets $0.24
Maria1995587: folds 
mafiaalan10: calls $0.24
*** RIVER *** [Jc Qs 3h 3d] [7h]
mafiaalan10: checks 
rodsferraz: checks 
*** SHOW DOWN ***
mafiaalan10: shows [As Ts] (a pair of Threes)
rodsferraz: shows [4d Jd] (two pair, Jacks and Threes)
rodsferraz collected $0.94 from pot
*** SUMMARY ***
Total pot $0.98 | Rake $0.04 
Board [Jc Qs 3h 3d 7h]
Seat 1: ThiagoKbelo folded before Flop (didn't bet)
Seat 2: rodsferraz showed [4d Jd] and won ($0.94) with two pair, Jacks and Threes
Seat 3: Dorex2007 folded before Flop (didn't bet)
Seat 4: Maria1995587 folded on the Turn
Seat 5: renansuguino1 folded before Flop (didn't bet)
Seat 6: KidBananan folded before Flop (didn't bet)
Seat 7: SrPedroCarmona (button) folded before Flop (didn't bet)
Seat 8: mafiaalan10 (small blind) showed [As Ts] and lost with a pair of Threes
Seat 9: DaMang420 (big blind) folded before Flop



PokerStars Hand #237469174990:  Hold'em No Limit ($0.02/$0.05 USD) - 2022/07/19 20:19:59 PT [2022/07/19 23:19:59 ET]
Table 'Chara IV' 9-max Seat #8 is the button
Seat 1: ThiagoKbelo ($9.12 in chips) 
Seat 2: rodsferraz ($5.36 in chips) 
Seat 3: Dorex2007 ($7.04 in chips) 
Seat 4: Maria1995587 ($9.72 in chips) 
Seat 5: renansuguino1 ($9.43 in chips) 
Seat 6: KidBananan ($5.02 in chips) 
Seat 7: SrPedroCarmona ($3.75 in chips) 
Seat 8: mafiaalan10 ($2.53 in chips) 
Seat 9: DaMang420 ($5.05 in chips) 
DaMang420: posts small blind $0.02
ThiagoKbelo: posts big blind $0.05
*** HOLE CARDS ***
Dealt to Dorex2007 [6s 4d]
rodsferraz: calls $0.05
Dorex2007: folds 
Maria1995587: raises $0.10 to $0.15
renansuguino1: folds 
KidBananan: folds 
SrPedroCarmona: calls $0.15
mafiaalan10: folds 
DaMang420: folds 
ThiagoKbelo: calls $0.10
rodsferraz: calls $0.10
*** FLOP *** [5h 2h 4c]
ThiagoKbelo: checks 
rodsferraz: bets $0.29
Maria1995587: folds 
SrPedroCarmona: calls $0.29
ThiagoKbelo: calls $0.29
*** TURN *** [5h 2h 4c] [9s]
ThiagoKbelo: checks 
rodsferraz: checks 
SrPedroCarmona: checks 
*** RIVER *** [5h 2h 4c 9s] [3s]
ThiagoKbelo: checks 
rodsferraz: bets $0.55
SrPedroCarmona: folds 
ThiagoKbelo: folds 
Uncalled bet ($0.55) returned to rodsferraz
rodsferraz collected $1.43 from pot
*** SUMMARY ***
Total pot $1.49 | Rake $0.06 
Board [5h 2h 4c 9s 3s]
Seat 1: ThiagoKbelo (big blind) folded on the River
Seat 2: rodsferraz collected ($1.43)
Seat 3: Dorex2007 folded before Flop (didn't bet)
Seat 4: Maria1995587 folded on the Flop
Seat 5: renansuguino1 folded before Flop (didn't bet)
Seat 6: KidBananan folded before Flop (didn't bet)
Seat 7: SrPedroCarmona folded on the River
Seat 8: mafiaalan10 (button) folded before Flop (didn't bet)
Seat 9: DaMang420 (small blind) folded before Flop



PokerStars Hand #237469190027:  Hold'em No Limit ($0.02/$0.05 USD) - 2022/07/19 20:21:38 PT [2022/07/19 23:21:38 ET]
Table 'Chara IV' 9-max Seat #9 is the button
Seat 1: ThiagoKbelo ($8.68 in chips) 
Seat 2: rodsferraz ($6.35 in chips) 
Seat 3: Dorex2007 ($7.04 in chips) 
Seat 4: Maria1995587 ($9.57 in chips) 
Seat 5: renansuguino1 ($9.43 in chips) 
Seat 6: KidBananan ($5.02 in chips) 
Seat 7: SrPedroCarmona ($3.31 in chips) 
Seat 8: mafiaalan10 ($2.53 in chips) 
Seat 9: DaMang420 ($5.03 in chips) 
ThiagoKbelo: posts small blind $0.02
rodsferraz: posts big blind $0.05
*** HOLE CARDS ***
Dealt to Dorex2007 [Kh 2h]
Dorex2007: folds 
Maria1995587: calls $0.05
renansuguino1: folds 
KidBananan: folds 
SrPedroCarmona: calls $0.05
mafiaalan10: calls $0.05
DaMang420: folds 
ThiagoKbelo: calls $0.03
rodsferraz: checks 
*** FLOP *** [Ac Qc Td]
ThiagoKbelo: checks 
rodsferraz: checks 
Maria1995587: bets $0.20
SrPedroCarmona: calls $0.20
mafiaalan10: calls $0.20
ThiagoKbelo: calls $0.20
rodsferraz: calls $0.20
*** TURN *** [Ac Qc Td] [Ts]
ThiagoKbelo: checks 
rodsferraz: checks 
Maria1995587: checks 
SrPedroCarmona: checks 
mafiaalan10: checks 
*** RIVER *** [Ac Qc Td Ts] [4d]
ThiagoKbelo: bets $0.69
rodsferraz: folds 
Maria1995587: folds 
SrPedroCarmona: calls $0.69
mafiaalan10: folds 
*** SHOW DOWN ***
ThiagoKbelo: shows [Qs Th] (a full house, Tens full of Queens)
SrPedroCarmona: mucks hand 
ThiagoKbelo collected $2.52 from pot
*** SUMMARY ***
Total pot $2.63 | Rake $0.11 
Board [Ac Qc Td Ts 4d]
Seat 1: ThiagoKbelo (small blind) showed [Qs Th] and won ($2.52) with a full house, Tens full of Queens
Seat 2: rodsferraz (big blind) folded on the River
Seat 3: Dorex2007 folded before Flop (didn't bet)
Seat 4: Maria1995587 folded on the River
Seat 5: renansuguino1 folded before Flop (didn't bet)
Seat 6: KidBananan folded before Flop (didn't bet)
Seat 7: SrPedroCarmona mucked [Tc 9s]
Seat 8: mafiaalan10 folded on the River
Seat 9: DaMang420 (button) folded before Flop (didn't bet)



PokerStars Hand #237469216598:  Hold'em No Limit ($0.02/$0.05 USD) - 2022/07/19 20:23:47 PT [2022/07/19 23:23:47 ET]
Table 'Chara IV' 9-max Seat #1 is the button
Seat 1: ThiagoKbelo ($10.26 in chips) 
Seat 2: rodsferraz ($6.10 in chips) 
Seat 3: Dorex2007 ($7.04 in chips) 
Seat 4: Maria1995587 ($9.32 in chips) 
Seat 5: renansuguino1 ($9.43 in chips) 
Seat 6: KidBananan ($5.02 in chips) 
Seat 7: SrPedroCarmona ($2.37 in chips) 
Seat 8: mafiaalan10 ($2.28 in chips) 
Seat 9: DaMang420 ($5.03 in chips) 
rodsferraz: posts small blind $0.02
Dorex2007: posts big blind $0.05
*** HOLE CARDS ***
Dealt to Dorex2007 [9c Js]
Maria1995587: calls $0.05
renansuguino1: folds 
KidBananan: folds 
SrPedroCarmona: calls $0.05
mafiaalan10: folds 
DaMang420: calls $0.05
ThiagoKbelo: folds 
rodsferraz: calls $0.03
Dorex2007: checks 
*** FLOP *** [7d Ad 7h]
rodsferraz: checks 
Dorex2007: checks 
Maria1995587: checks 
SrPedroCarmona: checks 
DaMang420: checks 
*** TURN *** [7d Ad 7h] [Kc]
rodsferraz: checks 
Dorex2007: checks 
Maria1995587: checks 
SrPedroCarmona: checks 
DaMang420: checks 
*** RIVER *** [7d Ad 7h Kc] [2c]
rodsferraz: checks 
Dorex2007: checks 
Maria1995587: checks 
SrPedroCarmona: checks 
DaMang420: bets $0.15
rodsferraz: folds 
Dorex2007: folds 
Maria1995587: folds 
SrPedroCarmona: calls $0.15
*** SHOW DOWN ***
DaMang420: shows [6s Ks] (two pair, Kings and Sevens)
SrPedroCarmona: mucks hand 
DaMang420 collected $0.53 from pot
*** SUMMARY ***
Total pot $0.55 | Rake $0.02 
Board [7d Ad 7h Kc 2c]
Seat 1: ThiagoKbelo (button) folded before Flop (didn't bet)
Seat 2: rodsferraz (small blind) folded on the River
Seat 3: Dorex2007 (big blind) folded on the River
Seat 4: Maria1995587 folded on the River
Seat 5: renansuguino1 folded before Flop (didn't bet)
Seat 6: KidBananan folded before Flop (didn't bet)
Seat 7: SrPedroCarmona mucked [Qc Qs]
Seat 8: mafiaalan10 folded before Flop (didn't bet)
Seat 9: DaMang420 showed [6s Ks] and won ($0.53) with two pair, Kings and Sevens



PokerStars Hand #237469227818:  Hold'em No Limit ($0.02/$0.05 USD) - 2022/07/19 20:25:02 PT [2022/07/19 23:25:02 ET]
Table 'Chara IV' 9-max Seat #2 is the button
Seat 1: ThiagoKbelo ($10.26 in chips) 
Seat 2: rodsferraz ($6.05 in chips) 
Seat 3: Dorex2007 ($6.99 in chips) 
Seat 4: Maria1995587 ($9.27 in chips) 
Seat 5: renansuguino1 ($9.43 in chips) 
Seat 6: KidBananan ($5.02 in chips) 
Seat 7: SrPedroCarmona ($2.17 in chips) 
Seat 8: mafiaalan10 ($2.28 in chips) 
Seat 9: DaMang420 ($5.36 in chips) 
Dorex2007: posts small blind $0.02
Maria1995587: posts big blind $0.05
*** HOLE CARDS ***
Dealt to Dorex2007 [4d 4c]
renansuguino1: folds 
KidBananan: folds 
SrPedroCarmona: calls $0.05
mafiaalan10: folds 
DaMang420: calls $0.05
ThiagoKbelo: folds 
rodsferraz: folds 
Dorex2007: calls $0.03
Maria1995587: raises $0.10 to $0.15
SrPedroCarmona: calls $0.10
DaMang420: calls $0.10
Dorex2007: calls $0.10
*** FLOP *** [Kd Ah Ad]
Dorex2007: checks 
Maria1995587: checks 
SrPedroCarmona: checks 
DaMang420: checks 
*** TURN *** [Kd Ah Ad] [Kc]
Dorex2007: checks 
Maria1995587: checks 
SrPedroCarmona: checks 
DaMang420: checks 
*** RIVER *** [Kd Ah Ad Kc] [Js]
Dorex2007: checks 
Maria1995587: bets $0.58
SrPedroCarmona: calls $0.58
DaMang420: folds 
Dorex2007: folds 
*** SHOW DOWN ***
Maria1995587: shows [As 6c] (a full house, Aces full of Kings)
SrPedroCarmona: mucks hand 
Maria1995587 collected $1.69 from pot
*** SUMMARY ***
Total pot $1.76 | Rake $0.07 
Board [Kd Ah Ad Kc Js]
Seat 1: ThiagoKbelo folded before Flop (didn't bet)
Seat 2: rodsferraz (button) folded before Flop (didn't bet)
Seat 3: Dorex2007 (small blind) folded on the River
Seat 4: Maria1995587 (big blind) showed [As 6c] and won ($1.69) with a full house, Aces full of Kings
Seat 5: renansuguino1 folded before Flop (didn't bet)
Seat 6: KidBananan folded before Flop (didn't bet)
Seat 7: SrPedroCarmona mucked [7d Jd]
Seat 8: mafiaalan10 folded before Flop (didn't bet)
Seat 9: DaMang420 folded on the River



PokerStars Hand #237469237947:  Hold'em No Limit ($0.02/$0.05 USD) - 2022/07/19 20:26:10 PT [2022/07/19 23:26:10 ET]
Table 'Chara IV' 9-max Seat #3 is the button
Seat 1: ThiagoKbelo ($10.26 in chips) 
Seat 2: rodsferraz ($6.05 in chips) 
Seat 3: Dorex2007 ($6.84 in chips) 
Seat 4: Maria1995587 ($10.23 in chips) 
Seat 5: renansuguino1 ($9.43 in chips) 
Seat 6: KidBananan ($5.02 in chips) 
Seat 7: SrPedroCarmona ($1.44 in chips) 
Seat 8: mafiaalan10 ($2.28 in chips) 
Seat 9: DaMang420 ($5.21 in chips) 
Maria1995587: posts small blind $0.02
renansuguino1: posts big blind $0.05
*** HOLE CARDS ***
Dealt to Dorex2007 [7h 6h]
KidBananan: raises $0.10 to $0.15
SrPedroCarmona: calls $0.15
mafiaalan10: folds 
DaMang420: calls $0.15
ThiagoKbelo: folds 
rodsferraz: folds 
Dorex2007: folds 
Maria1995587: folds 
renansuguino1: calls $0.10
*** FLOP *** [As 5s 6c]
renansuguino1: checks 
KidBananan: checks 
SrPedroCarmona: checks 
DaMang420: checks 
*** TURN *** [As 5s 6c] [8h]
renansuguino1: checks 
KidBananan: checks 
SrPedroCarmona: checks 
DaMang420: checks 
*** RIVER *** [As 5s 6c 8h] [Ad]
renansuguino1: checks 
KidBananan: checks 
SrPedroCarmona: bets $0.10
DaMang420: raises $0.10 to $0.20
renansuguino1: folds 
KidBananan: calls $0.20
SrPedroCarmona: calls $0.10
*** SHOW DOWN ***
DaMang420: shows [Ac Jc] (three of a kind, Aces)
KidBananan: mucks hand 
SrPedroCarmona: shows [9d 7c] (a straight, Five to Nine)
SrPedroCarmona collected $1.17 from pot
*** SUMMARY ***
Total pot $1.22 | Rake $0.05 
Board [As 5s 6c 8h Ad]
Seat 1: ThiagoKbelo folded before Flop (didn't bet)
Seat 2: rodsferraz folded before Flop (didn't bet)
Seat 3: Dorex2007 (button) folded before Flop (didn't bet)
Seat 4: Maria1995587 (small blind) folded before Flop
Seat 5: renansuguino1 (big blind) folded on the River
Seat 6: KidBananan mucked [Ks Kc]
Seat 7: SrPedroCarmona showed [9d 7c] and won ($1.17) with a straight, Five to Nine
Seat 8: mafiaalan10 folded before Flop (didn't bet)
Seat 9: DaMang420 showed [Ac Jc] and lost with three of a kind, Aces



PokerStars Hand #237469244741:  Hold'em No Limit ($0.02/$0.05 USD) - 2022/07/19 20:26:55 PT [2022/07/19 23:26:55 ET]
Table 'Chara IV' 9-max Seat #4 is the button
Seat 1: ThiagoKbelo ($10.26 in chips) 
Seat 2: rodsferraz ($6.05 in chips) 
Seat 3: Dorex2007 ($6.84 in chips) 
Seat 4: Maria1995587 ($10.21 in chips) 
Seat 5: renansuguino1 ($9.28 in chips) 
Seat 6: KidBananan ($5 in chips) 
Seat 7: SrPedroCarmona ($2.26 in chips) 
Seat 8: mafiaalan10 ($2.28 in chips) 
Seat 9: DaMang420 ($4.86 in chips) 
renansuguino1: posts small blind $0.02
KidBananan: posts big blind $0.05
*** HOLE CARDS ***
Dealt to Dorex2007 [Ac Kd]
SrPedroCarmona: calls $0.05
mafiaalan10: raises $0.05 to $0.10
DaMang420: folds 
ThiagoKbelo: calls $0.10
rodsferraz: calls $0.10
Dorex2007: calls $0.10
Maria1995587: folds 
renansuguino1: folds 
KidBananan: folds 
SrPedroCarmona: calls $0.05
*** FLOP *** [7c 2c Ks]
SrPedroCarmona: checks 
mafiaalan10: checks 
ThiagoKbelo: checks 
rodsferraz: bets $0.20
DaMang420 leaves the table
Dorex2007: raises $0.95 to $1.15
SrPedroCarmona: folds 
mafiaalan10: folds 
ThiagoKbelo: folds 
rodsferraz: folds 
Uncalled bet ($0.95) returned to Dorex2007
Dorex2007 collected $0.93 from pot
*** SUMMARY ***
Total pot $0.97 | Rake $0.04 
Board [7c 2c Ks]
Seat 1: ThiagoKbelo folded on the Flop
Seat 2: rodsferraz folded on the Flop
Seat 3: Dorex2007 collected ($0.93)
Seat 4: Maria1995587 (button) folded before Flop (didn't bet)
Seat 5: renansuguino1 (small blind) folded before Flop
Seat 6: KidBananan (big blind) folded before Flop
Seat 7: SrPedroCarmona folded on the Flop
Seat 8: mafiaalan10 folded on the Flop
Seat 9: DaMang420 folded before Flop (didn't bet)



PokerStars Hand #237469256146:  Hold'em No Limit ($0.02/$0.05 USD) - 2022/07/19 20:28:11 PT [2022/07/19 23:28:11 ET]
Table 'Chara IV' 9-max Seat #5 is the button
Seat 1: ThiagoKbelo ($10.16 in chips) 
Seat 2: rodsferraz ($5.75 in chips) 
Seat 3: Dorex2007 ($7.47 in chips) 
Seat 4: Maria1995587 ($10.21 in chips) 
Seat 5: renansuguino1 ($9.26 in chips) 
Seat 6: KidBananan ($5 in chips) 
Seat 7: SrPedroCarmona ($2.16 in chips) 
Seat 8: mafiaalan10 ($2.18 in chips) 
KidBananan: posts small blind $0.02
SrPedroCarmona: posts big blind $0.05
*** HOLE CARDS ***
Dealt to Dorex2007 [2c Qd]
mafiaalan10: raises $0.05 to $0.10
ThiagoKbelo: folds 
rodsferraz: folds 
Dorex2007: folds 
Maria1995587: calls $0.10
renansuguino1: folds 
KidBananan: folds 
SrPedroCarmona: calls $0.05
*** FLOP *** [2h Td Jc]
SrPedroCarmona: checks 
mafiaalan10: checks 
Maria1995587: bets $0.25
SrPedroCarmona: folds 
mafiaalan10: calls $0.25
*** TURN *** [2h Td Jc] [Kh]
mafiaalan10: checks 
Maria1995587: checks 
*** RIVER *** [2h Td Jc Kh] [9d]
mafiaalan10: bets $0.15
Maria1995587: folds 
Uncalled bet ($0.15) returned to mafiaalan10
mafiaalan10 collected $0.79 from pot
*** SUMMARY ***
Total pot $0.82 | Rake $0.03 
Board [2h Td Jc Kh 9d]
Seat 1: ThiagoKbelo folded before Flop (didn't bet)
Seat 2: rodsferraz folded before Flop (didn't bet)
Seat 3: Dorex2007 folded before Flop (didn't bet)
Seat 4: Maria1995587 folded on the River
Seat 5: renansuguino1 (button) folded before Flop (didn't bet)
Seat 6: KidBananan (small blind) folded before Flop
Seat 7: SrPedroCarmona (big blind) folded on the Flop
Seat 8: mafiaalan10 collected ($0.79)



PokerStars Hand #237469265002:  Hold'em No Limit ($0.02/$0.05 USD) - 2022/07/19 20:29:12 PT [2022/07/19 23:29:12 ET]
Table 'Chara IV' 9-max Seat #6 is the button
Seat 1: ThiagoKbelo ($10.16 in chips) 
Seat 2: rodsferraz ($5.75 in chips) 
Seat 3: Dorex2007 ($7.47 in chips) 
Seat 4: Maria1995587 ($9.86 in chips) 
Seat 5: renansuguino1 ($9.26 in chips) 
Seat 6: KidBananan ($5 in chips) 
Seat 7: SrPedroCarmona ($2.06 in chips) 
Seat 8: mafiaalan10 ($2.62 in chips) 
SrPedroCarmona: posts small blind $0.02
mafiaalan10: posts big blind $0.05
*** HOLE CARDS ***
Dealt to Dorex2007 [2c Ks]
ThiagoKbelo: raises $0.10 to $0.15
rodsferraz: folds 
Dorex2007: folds 
Maria1995587: calls $0.15
renansuguino1: calls $0.15
KidBananan: folds 
SrPedroCarmona: folds 
mafiaalan10: calls $0.10
*** FLOP *** [9h 4d 9s]
SrPedroCarmona leaves the table
mafiaalan10: checks 
ThiagoKbelo: bets $0.21
Maria1995587: folds 
renansuguino1: folds 
mafiaalan10: folds 
Uncalled bet ($0.21) returned to ThiagoKbelo
ThiagoKbelo collected $0.59 from pot
*** SUMMARY ***
Total pot $0.62 | Rake $0.03 
Board [9h 4d 9s]
Seat 1: ThiagoKbelo collected ($0.59)
Seat 2: rodsferraz folded before Flop (didn't bet)
Seat 3: Dorex2007 folded before Flop (didn't bet)
Seat 4: Maria1995587 folded on the Flop
Seat 5: renansuguino1 folded on the Flop
Seat 6: KidBananan (button) folded before Flop (didn't bet)
Seat 7: SrPedroCarmona (small blind) folded before Flop
Seat 8: mafiaalan10 (big blind) folded on the Flop



PokerStars Hand #237469271502:  Hold'em No Limit ($0.02/$0.05 USD) - 2022/07/19 20:29:56 PT [2022/07/19 23:29:56 ET]
Table 'Chara IV' 9-max Seat #8 is the button
Seat 1: ThiagoKbelo ($10.60 in chips) 
Seat 2: rodsferraz ($5.75 in chips) 
Seat 3: Dorex2007 ($7.47 in chips) 
Seat 4: Maria1995587 ($9.71 in chips) 
Seat 5: renansuguino1 ($9.11 in chips) 
Seat 6: KidBananan ($5 in chips) 
Seat 8: mafiaalan10 ($2.47 in chips) 
ThiagoKbelo: posts small blind $0.02
rodsferraz: posts big blind $0.05
*** HOLE CARDS ***
Dealt to Dorex2007 [8c 2s]
Dorex2007: folds 
Maria1995587: folds 
renansuguino1: folds 
KidBananan: folds 
mafiaalan10: folds 
ThiagoKbelo: folds 
Uncalled bet ($0.03) returned to rodsferraz
rodsferraz collected $0.04 from pot
*** SUMMARY ***
Total pot $0.04 | Rake $0 
Seat 1: ThiagoKbelo (small blind) folded before Flop
Seat 2: rodsferraz (big blind) collected ($0.04)
Seat 3: Dorex2007 folded before Flop (didn't bet)
Seat 4: Maria1995587 folded before Flop (didn't bet)
Seat 5: renansuguino1 folded before Flop (didn't bet)
Seat 6: KidBananan folded before Flop (didn't bet)
Seat 8: mafiaalan10 (button) folded before Flop (didn't bet)



PokerStars Hand #237469272963:  Hold'em No Limit ($0.02/$0.05 USD) - 2022/07/19 20:30:06 PT [2022/07/19 23:30:06 ET]
Table 'Chara IV' 9-max Seat #1 is the button
Seat 1: ThiagoKbelo ($10.58 in chips) 
Seat 2: rodsferraz ($5.77 in chips) 
Seat 3: Dorex2007 ($7.47 in chips) 
Seat 4: Maria1995587 ($9.71 in chips) 
Seat 5: renansuguino1 ($9.11 in chips) 
Seat 6: KidBananan ($5 in chips) 
Seat 8: mafiaalan10 ($2.47 in chips) 
rodsferraz: posts small blind $0.02
Dorex2007: posts big blind $0.05
*** HOLE CARDS ***
Dealt to Dorex2007 [6c 8c]
Maria1995587: folds 
renansuguino1: folds 
KidBananan: folds 
mafiaalan10: raises $0.05 to $0.10
ThiagoKbelo: calls $0.10
rodsferraz: calls $0.08
Dorex2007: calls $0.05
*** FLOP *** [Qh 8h Jc]
rodsferraz: bets $0.19
Dorex2007: folds 
mafiaalan10: calls $0.19
ThiagoKbelo: calls $0.19
*** TURN *** [Qh 8h Jc] [4c]
rodsferraz: bets $0.45
mafiaalan10: folds 
ThiagoKbelo: folds 
Uncalled bet ($0.45) returned to rodsferraz
rodsferraz collected $0.93 from pot
*** SUMMARY ***
Total pot $0.97 | Rake $0.04 
Board [Qh 8h Jc 4c]
Seat 1: ThiagoKbelo (button) folded on the Turn
Seat 2: rodsferraz (small blind) collected ($0.93)
Seat 3: Dorex2007 (big blind) folded on the Flop
Seat 4: Maria1995587 folded before Flop (didn't bet)
Seat 5: renansuguino1 folded before Flop (didn't bet)
Seat 6: KidBananan folded before Flop (didn't bet)
Seat 8: mafiaalan10 folded on the Turn



PokerStars Hand #237469284223:  Hold'em No Limit ($0.02/$0.05 USD) - 2022/07/19 20:31:22 PT [2022/07/19 23:31:22 ET]
Table 'Chara IV' 9-max Seat #2 is the button
Seat 1: ThiagoKbelo ($10.29 in chips) 
Seat 2: rodsferraz ($6.41 in chips) 
Seat 3: Dorex2007 ($7.37 in chips) 
Seat 4: Maria1995587 ($9.71 in chips) 
Seat 5: renansuguino1 ($9.11 in chips) 
Seat 6: KidBananan ($5 in chips) 
Seat 8: mafiaalan10 ($2.18 in chips) 
Dorex2007: posts small blind $0.02
Maria1995587: posts big blind $0.05
*** HOLE CARDS ***
Dealt to Dorex2007 [8c Jd]
renansuguino1: folds 
KidBananan: folds 
mafiaalan10: raises $0.05 to $0.10
ThiagoKbelo: raises $0.40 to $0.50
rodsferraz: folds 
Dorex2007: folds 
Maria1995587: folds 
mafiaalan10: folds 
Uncalled bet ($0.40) returned to ThiagoKbelo
ThiagoKbelo collected $0.27 from pot
*** SUMMARY ***
Total pot $0.27 | Rake $0 
Seat 1: ThiagoKbelo collected ($0.27)
Seat 2: rodsferraz (button) folded before Flop (didn't bet)
Seat 3: Dorex2007 (small blind) folded before Flop
Seat 4: Maria1995587 (big blind) folded before Flop
Seat 5: renansuguino1 folded before Flop (didn't bet)
Seat 6: KidBananan folded before Flop (didn't bet)
Seat 8: mafiaalan10 folded before Flop



PokerStars Hand #237469287990:  Hold'em No Limit ($0.02/$0.05 USD) - 2022/07/19 20:31:48 PT [2022/07/19 23:31:48 ET]
Table 'Chara IV' 9-max Seat #3 is the button
Seat 1: ThiagoKbelo ($10.46 in chips) 
Seat 2: rodsferraz ($6.41 in chips) 
Seat 3: Dorex2007 ($7.35 in chips) 
Seat 4: Maria1995587 ($9.66 in chips) 
Seat 5: renansuguino1 ($9.11 in chips) 
Seat 6: KidBananan ($5 in chips) 
Seat 8: mafiaalan10 ($2.08 in chips) 
Maria1995587: posts small blind $0.02
renansuguino1: posts big blind $0.05
*** HOLE CARDS ***
Dealt to Dorex2007 [Ac 4d]
KidBananan: folds 
mafiaalan10: calls $0.05
ThiagoKbelo: folds 
rodsferraz: folds 
Dorex2007: folds 
Maria1995587: raises $0.10 to $0.15
renansuguino1: folds 
mafiaalan10: calls $0.10
*** FLOP *** [Qs 2s 5d]
Maria1995587: checks 
mafiaalan10: checks 
*** TURN *** [Qs 2s 5d] [4s]
Maria1995587: checks 
mafiaalan10: checks 
*** RIVER *** [Qs 2s 5d 4s] [8h]
Maria1995587: checks 
mafiaalan10: bets $0.45
Maria1995587: folds 
Uncalled bet ($0.45) returned to mafiaalan10
mafiaalan10 collected $0.34 from pot
*** SUMMARY ***
Total pot $0.35 | Rake $0.01 
Board [Qs 2s 5d 4s 8h]
Seat 1: ThiagoKbelo folded before Flop (didn't bet)
Seat 2: rodsferraz folded before Flop (didn't bet)
Seat 3: Dorex2007 (button) folded before Flop (didn't bet)
Seat 4: Maria1995587 (small blind) folded on the River
Seat 5: renansuguino1 (big blind) folded before Flop
Seat 6: KidBananan folded before Flop (didn't bet)
Seat 8: mafiaalan10 collected ($0.34)



PokerStars Hand #237469295155:  Hold'em No Limit ($0.02/$0.05 USD) - 2022/07/19 20:32:36 PT [2022/07/19 23:32:36 ET]
Table 'Chara IV' 9-max Seat #4 is the button
Seat 1: ThiagoKbelo ($10.46 in chips) 
Seat 2: rodsferraz ($6.41 in chips) 
Seat 3: Dorex2007 ($7.35 in chips) 
Seat 4: Maria1995587 ($9.51 in chips) 
Seat 5: renansuguino1 ($9.06 in chips) 
Seat 6: KidBananan ($5 in chips) 
Seat 8: mafiaalan10 ($2.27 in chips) 
renansuguino1: posts small blind $0.02
KidBananan: posts big blind $0.05
*** HOLE CARDS ***
Dealt to Dorex2007 [Ah 9d]
mafiaalan10: raises $0.05 to $0.10
ThiagoKbelo: folds 
rodsferraz: raises $0.15 to $0.25
Dorex2007: folds 
Maria1995587: calls $0.25
renansuguino1: folds 
KidBananan: folds 
mafiaalan10: calls $0.15
*** FLOP *** [Kc 2d 9h]
mafiaalan10: checks 
rodsferraz: bets $0.30
Justinmar161 joins the table at seat #7 
Maria1995587: folds 
mafiaalan10: calls $0.30
*** TURN *** [Kc 2d 9h] [Jh]
mafiaalan10: checks 
rodsferraz: checks 
*** RIVER *** [Kc 2d 9h Jh] [5h]
mafiaalan10: checks 
rodsferraz: checks 
*** SHOW DOWN ***
mafiaalan10: shows [8s 8c] (a pair of Eights)
rodsferraz: shows [Ts Tc] (a pair of Tens)
rodsferraz collected $1.36 from pot
*** SUMMARY ***
Total pot $1.42 | Rake $0.06 
Board [Kc 2d 9h Jh 5h]
Seat 1: ThiagoKbelo folded before Flop (didn't bet)
Seat 2: rodsferraz showed [Ts Tc] and won ($1.36) with a pair of Tens
Seat 3: Dorex2007 folded before Flop (didn't bet)
Seat 4: Maria1995587 (button) folded on the Flop
Seat 5: renansuguino1 (small blind) folded before Flop
Seat 6: KidBananan (big blind) folded before Flop
Seat 8: mafiaalan10 showed [8s 8c] and lost with a pair of Eights



PokerStars Hand #237469303229:  Hold'em No Limit ($0.02/$0.05 USD) - 2022/07/19 20:33:31 PT [2022/07/19 23:33:31 ET]
Table 'Chara IV' 9-max Seat #5 is the button
Seat 1: ThiagoKbelo ($10.46 in chips) 
Seat 2: rodsferraz ($7.22 in chips) 
Seat 3: Dorex2007 ($7.35 in chips) 
Seat 4: Maria1995587 ($9.26 in chips) 
Seat 5: renansuguino1 ($9.04 in chips) 
Seat 6: KidBananan ($5 in chips) 
Seat 7: Justinmar161 ($4 in chips) 
Seat 8: mafiaalan10 ($1.72 in chips) 
KidBananan: posts small blind $0.02
Justinmar161: posts big blind $0.05
*** HOLE CARDS ***
Dealt to Dorex2007 [3c 6d]
mafiaalan10: folds 
ThiagoKbelo: folds 
rodsferraz: calls $0.05
Dorex2007: folds 
Maria1995587: raises $0.10 to $0.15
renansuguino1: raises $0.30 to $0.45
KidBananan: folds 
Justinmar161: folds 
rodsferraz: folds 
Maria1995587: folds 
Uncalled bet ($0.30) returned to renansuguino1
renansuguino1 collected $0.42 from pot
*** SUMMARY ***
Total pot $0.42 | Rake $0 
Seat 1: ThiagoKbelo folded before Flop (didn't bet)
Seat 2: rodsferraz folded before Flop
Seat 3: Dorex2007 folded before Flop (didn't bet)
Seat 4: Maria1995587 folded before Flop
Seat 5: renansuguino1 (button) collected ($0.42)
Seat 6: KidBananan (small blind) folded before Flop
Seat 7: Justinmar161 (big blind) folded before Flop
Seat 8: mafiaalan10 folded before Flop (didn't bet)



PokerStars Hand #237469307822:  Hold'em No Limit ($0.02/$0.05 USD) - 2022/07/19 20:34:03 PT [2022/07/19 23:34:03 ET]
Table 'Chara IV' 9-max Seat #6 is the button
Seat 1: ThiagoKbelo ($10.46 in chips) 
Seat 2: rodsferraz ($7.17 in chips) 
Seat 3: Dorex2007 ($7.35 in chips) 
Seat 4: Maria1995587 ($9.11 in chips) 
Seat 5: renansuguino1 ($9.31 in chips) 
Seat 6: KidBananan ($5 in chips) 
Seat 7: Justinmar161 ($3.95 in chips) 
Seat 8: mafiaalan10 ($1.72 in chips) 
Justinmar161: posts small blind $0.02
mafiaalan10: posts big blind $0.05
*** HOLE CARDS ***
Dealt to Dorex2007 [8s 8c]
ThiagoKbelo: raises $0.10 to $0.15
rodsferraz: folds 
Dorex2007: calls $0.15
Maria1995587: raises $0.30 to $0.45
renansuguino1: folds 
KidBananan: folds 
Justinmar161: folds 
mafiaalan10: folds 
ThiagoKbelo: calls $0.30
Dorex2007: folds 
*** FLOP *** [6d 7c Ac]
ThiagoKbelo: checks 
Maria1995587: bets $0.53
ThiagoKbelo: calls $0.53
*** TURN *** [6d 7c Ac] [9c]
ThiagoKbelo: checks 
Maria1995587: checks 
*** RIVER *** [6d 7c Ac 9c] [Ad]
ThiagoKbelo: checks 
Maria1995587: checks 
*** SHOW DOWN ***
ThiagoKbelo: shows [4h Ah] (three of a kind, Aces)
Maria1995587: mucks hand 
ThiagoKbelo collected $2.09 from pot
*** SUMMARY ***
Total pot $2.18 | Rake $0.09 
Board [6d 7c Ac 9c Ad]
Seat 1: ThiagoKbelo showed [4h Ah] and won ($2.09) with three of a kind, Aces
Seat 2: rodsferraz folded before Flop (didn't bet)
Seat 3: Dorex2007 folded before Flop
Seat 4: Maria1995587 mucked [Qh Qd]
Seat 5: renansuguino1 folded before Flop (didn't bet)
Seat 6: KidBananan (button) folded before Flop (didn't bet)
Seat 7: Justinmar161 (small blind) folded before Flop
Seat 8: mafiaalan10 (big blind) folded before Flop



PokerStars Hand #237469320797:  Hold'em No Limit ($0.02/$0.05 USD) - 2022/07/19 20:35:31 PT [2022/07/19 23:35:31 ET]
Table 'Chara IV' 9-max Seat #7 is the button
Seat 1: ThiagoKbelo ($11.57 in chips) 
Seat 2: rodsferraz ($7.17 in chips) 
Seat 3: Dorex2007 ($7.20 in chips) 
Seat 4: Maria1995587 ($8.13 in chips) 
Seat 5: renansuguino1 ($9.31 in chips) 
Seat 6: KidBananan ($5 in chips) 
Seat 7: Justinmar161 ($3.93 in chips) 
Seat 8: mafiaalan10 ($1.67 in chips) 
mafiaalan10: posts small blind $0.02
ThiagoKbelo: posts big blind $0.05
*** HOLE CARDS ***
Dealt to Dorex2007 [Ts 6c]
rodsferraz: folds 
Dorex2007: folds 
Maria1995587: folds 
renansuguino1: raises $0.10 to $0.15
KidBananan: folds 
Justinmar161: folds 
mafiaalan10: calls $0.13
ThiagoKbelo: folds 
*** FLOP *** [4d 6d 6s]
mafiaalan10: checks 
renansuguino1: bets $0.25
mafiaalan10: folds 
Uncalled bet ($0.25) returned to renansuguino1
renansuguino1 collected $0.34 from pot
*** SUMMARY ***
Total pot $0.35 | Rake $0.01 
Board [4d 6d 6s]
Seat 1: ThiagoKbelo (big blind) folded before Flop
Seat 2: rodsferraz folded before Flop (didn't bet)
Seat 3: Dorex2007 folded before Flop (didn't bet)
Seat 4: Maria1995587 folded before Flop (didn't bet)
Seat 5: renansuguino1 collected ($0.34)
Seat 6: KidBananan folded before Flop (didn't bet)
Seat 7: Justinmar161 (button) folded before Flop (didn't bet)
Seat 8: mafiaalan10 (small blind) folded on the Flop



PokerStars Hand #237469324645:  Hold'em No Limit ($0.02/$0.05 USD) - 2022/07/19 20:35:58 PT [2022/07/19 23:35:58 ET]
Table 'Chara IV' 9-max Seat #8 is the button
Seat 1: ThiagoKbelo ($11.52 in chips) 
Seat 2: rodsferraz ($7.17 in chips) 
Seat 3: Dorex2007 ($7.20 in chips) 
Seat 4: Maria1995587 ($8.13 in chips) 
Seat 5: renansuguino1 ($9.50 in chips) 
Seat 6: KidBananan ($5 in chips) 
Seat 7: Justinmar161 ($3.93 in chips) 
Seat 8: mafiaalan10 ($1.52 in chips) 
ThiagoKbelo: posts small blind $0.02
rodsferraz: posts big blind $0.05
*** HOLE CARDS ***
Dealt to Dorex2007 [Ts As]
Dorex2007: calls $0.05
Maria1995587: calls $0.05
renansuguino1: folds 
KidBananan: folds 
Justinmar161: folds 
mafiaalan10: folds 
ThiagoKbelo: calls $0.03
rodsferraz: raises $0.10 to $0.15
Dorex2007: calls $0.10
Maria1995587: calls $0.10
ThiagoKbelo: calls $0.10
*** FLOP *** [5d Qs Ac]
ThiagoKbelo: checks 
rodsferraz: bets $0.25
Dorex2007: calls $0.25
Maria1995587: folds 
Maria1995587 leaves the table
ThiagoKbelo: folds 
*** TURN *** [5d Qs Ac] [4h]
rodsferraz: bets $0.52
Dorex2007: calls $0.52
*** RIVER *** [5d Qs Ac 4h] [2d]
rodsferraz: bets $1.02
Dorex2007: folds 
Uncalled bet ($1.02) returned to rodsferraz
rodsferraz collected $2.05 from pot
*** SUMMARY ***
Total pot $2.14 | Rake $0.09 
Board [5d Qs Ac 4h 2d]
Seat 1: ThiagoKbelo (small blind) folded on the Flop
Seat 2: rodsferraz (big blind) collected ($2.05)
Seat 3: Dorex2007 folded on the River
Seat 4: Maria1995587 folded on the Flop
Seat 5: renansuguino1 folded before Flop (didn't bet)
Seat 6: KidBananan folded before Flop (didn't bet)
Seat 7: Justinmar161 folded before Flop (didn't bet)
Seat 8: mafiaalan10 (button) folded before Flop (didn't bet)



PokerStars Hand #237469336560:  Hold'em No Limit ($0.02/$0.05 USD) - 2022/07/19 20:37:19 PT [2022/07/19 23:37:19 ET]
Table 'Chara IV' 9-max Seat #1 is the button
Seat 1: ThiagoKbelo ($11.37 in chips) 
Seat 2: rodsferraz ($8.30 in chips) 
Seat 3: Dorex2007 ($6.28 in chips) 
Seat 5: renansuguino1 ($9.50 in chips) 
Seat 6: KidBananan ($5 in chips) 
Seat 7: Justinmar161 ($3.93 in chips) 
Seat 8: mafiaalan10 ($1.52 in chips) 
rodsferraz: posts small blind $0.02
Dorex2007: posts big blind $0.05
*** HOLE CARDS ***
Dealt to Dorex2007 [7s 2c]
renansuguino1: folds 
KidBananan: folds 
Justinmar161: folds 
mafiaalan10: folds 
VilpPS joins the table at seat #9 
ThiagoKbelo: folds 
rodsferraz: calls $0.03
Dorex2007: checks 
*** FLOP *** [7c 6d 8s]
rodsferraz: checks 
Dorex2007: checks 
*** TURN *** [7c 6d 8s] [Tc]
rodsferraz: bets $0.05
Dorex2007: calls $0.05
*** RIVER *** [7c 6d 8s Tc] [Ad]
rodsferraz: checks 
Dorex2007: checks 
*** SHOW DOWN ***
rodsferraz: shows [4s Jh] (high card Ace)
Dorex2007: shows [7s 2c] (a pair of Sevens)
Dorex2007 collected $0.19 from pot
*** SUMMARY ***
Total pot $0.20 | Rake $0.01 
Board [7c 6d 8s Tc Ad]
Seat 1: ThiagoKbelo (button) folded before Flop (didn't bet)
Seat 2: rodsferraz (small blind) showed [4s Jh] and lost with high card Ace
Seat 3: Dorex2007 (big blind) showed [7s 2c] and won ($0.19) with a pair of Sevens
Seat 5: renansuguino1 folded before Flop (didn't bet)
Seat 6: KidBananan folded before Flop (didn't bet)
Seat 7: Justinmar161 folded before Flop (didn't bet)
Seat 8: mafiaalan10 folded before Flop (didn't bet)



PokerStars Hand #237469342321:  Hold'em No Limit ($0.02/$0.05 USD) - 2022/07/19 20:37:52 PT [2022/07/19 23:37:52 ET]
Table 'Chara IV' 9-max Seat #2 is the button
Seat 1: ThiagoKbelo ($11.37 in chips) 
Seat 2: rodsferraz ($8.20 in chips) 
Seat 3: Dorex2007 ($6.37 in chips) 
Seat 5: renansuguino1 ($9.50 in chips) 
Seat 6: KidBananan ($5 in chips) 
Seat 7: Justinmar161 ($3.93 in chips) 
Seat 8: mafiaalan10 ($1.52 in chips) 
Dorex2007: posts small blind $0.02
renansuguino1: posts big blind $0.05
VilpPS: sits out 
*** HOLE CARDS ***
Dealt to Dorex2007 [4h Qh]
KidBananan: folds 
Justinmar161: folds 
mafiaalan10: folds 
ThiagoKbelo: folds 
rodsferraz has timed out
rodsferraz: folds 
Dorex2007: folds 
Uncalled bet ($0.03) returned to renansuguino1
renansuguino1 collected $0.04 from pot
*** SUMMARY ***
Total pot $0.04 | Rake $0 
Seat 1: ThiagoKbelo folded before Flop (didn't bet)
Seat 2: rodsferraz (button) folded before Flop (didn't bet)
Seat 3: Dorex2007 (small blind) folded before Flop
Seat 5: renansuguino1 (big blind) collected ($0.04)
Seat 6: KidBananan folded before Flop (didn't bet)
Seat 7: Justinmar161 folded before Flop (didn't bet)
Seat 8: mafiaalan10 folded before Flop (didn't bet)



PokerStars Hand #237469353991:  Hold'em No Limit ($0.02/$0.05 USD) - 2022/07/19 20:38:25 PT [2022/07/19 23:38:25 ET]
Table 'Chara IV' 9-max Seat #3 is the button
Seat 1: ThiagoKbelo ($11.37 in chips) 
Seat 2: rodsferraz ($8.20 in chips) 
Seat 3: Dorex2007 ($6.35 in chips) 
Seat 5: renansuguino1 ($9.52 in chips) 
Seat 6: KidBananan ($5 in chips) 
Seat 7: Justinmar161 ($3.93 in chips) 
Seat 8: mafiaalan10 ($1.52 in chips) 
renansuguino1: posts small blind $0.02
KidBananan: posts big blind $0.05
VilpPS: sits out 
*** HOLE CARDS ***
Dealt to Dorex2007 [8d 6s]
Justinmar161: folds 
mafiaalan10: folds 
ThiagoKbelo: folds 
rodsferraz: folds 
Dorex2007: folds 
renansuguino1: folds 
Uncalled bet ($0.03) returned to KidBananan
KidBananan collected $0.04 from pot
*** SUMMARY ***
Total pot $0.04 | Rake $0 
Seat 1: ThiagoKbelo folded before Flop (didn't bet)
Seat 2: rodsferraz folded before Flop (didn't bet)
Seat 3: Dorex2007 (button) folded before Flop (didn't bet)
Seat 5: renansuguino1 (small blind) folded before Flop
Seat 6: KidBananan (big blind) collected ($0.04)
Seat 7: Justinmar161 folded before Flop (didn't bet)
Seat 8: mafiaalan10 folded before Flop (didn't bet)



PokerStars Hand #237469356514:  Hold'em No Limit ($0.02/$0.05 USD) - 2022/07/19 20:38:42 PT [2022/07/19 23:38:42 ET]
Table 'Chara IV' 9-max Seat #5 is the button
Seat 1: ThiagoKbelo ($11.37 in chips) 
Seat 2: rodsferraz ($8.20 in chips) 
Seat 3: Dorex2007 ($6.35 in chips) 
Seat 5: renansuguino1 ($9.50 in chips) 
Seat 6: KidBananan ($5.02 in chips) 
Seat 7: Justinmar161 ($3.93 in chips) 
Seat 8: mafiaalan10 ($1.52 in chips) 
KidBananan: posts small blind $0.02
Justinmar161: posts big blind $0.05
VilpPS: sits out 
*** HOLE CARDS ***
Dealt to Dorex2007 [5d Ts]
mafiaalan10: folds 
ThiagoKbelo: folds 
rodsferraz: calls $0.05
Dorex2007: folds 
renansuguino1: folds 
KidBananan: calls $0.03
Justinmar161: checks 
*** FLOP *** [7d 9c Kh]
KidBananan: checks 
Justinmar161: checks 
rodsferraz: bets $0.05
KidBananan: folds 
Justinmar161: calls $0.05
*** TURN *** [7d 9c Kh] [4d]
Justinmar161: checks 
rodsferraz: bets $0.15
Justinmar161: calls $0.15
*** RIVER *** [7d 9c Kh 4d] [9s]
Justinmar161: checks 
rc10111967 joins the table at seat #4 
rodsferraz: checks 
*** SHOW DOWN ***
Justinmar161: shows [Jh Qh] (a pair of Nines)
rodsferraz: mucks hand 
Justinmar161 collected $0.53 from pot
*** SUMMARY ***
Total pot $0.55 | Rake $0.02 
Board [7d 9c Kh 4d 9s]
Seat 1: ThiagoKbelo folded before Flop (didn't bet)
Seat 2: rodsferraz mucked [8s Qd]
Seat 3: Dorex2007 folded before Flop (didn't bet)
Seat 5: renansuguino1 (button) folded before Flop (didn't bet)
Seat 6: KidBananan (small blind) folded on the Flop
Seat 7: Justinmar161 (big blind) showed [Jh Qh] and won ($0.53) with a pair of Nines
Seat 8: mafiaalan10 folded before Flop (didn't bet)



PokerStars Hand #237469366830:  Hold'em No Limit ($0.02/$0.05 USD) - 2022/07/19 20:39:52 PT [2022/07/19 23:39:52 ET]
Table 'Chara IV' 9-max Seat #6 is the button
Seat 1: ThiagoKbelo ($11.37 in chips) 
Seat 2: rodsferraz ($7.95 in chips) 
Seat 3: Dorex2007 ($6.35 in chips) 
Seat 4: rc10111967 ($2 in chips) 
Seat 5: renansuguino1 ($9.50 in chips) 
Seat 6: KidBananan ($5 in chips) 
Seat 7: Justinmar161 ($4.21 in chips) 
Seat 8: mafiaalan10 ($1.52 in chips) 
Justinmar161: posts small blind $0.02
mafiaalan10: posts big blind $0.05
VilpPS: sits out 
rc10111967: posts big blind $0.05
*** HOLE CARDS ***
Dealt to Dorex2007 [3s Tc]
ThiagoKbelo: folds 
rodsferraz: folds 
Dorex2007: folds 
rc10111967: raises $0.05 to $0.10
renansuguino1: folds 
KidBananan: folds 
Justinmar161: folds 
mafiaalan10: raises $0.10 to $0.20
rc10111967: calls $0.10
*** FLOP *** [Qh 7d Jd]
mafiaalan10: checks 
rc10111967: bets $0.40
mafiaalan10: calls $0.40
*** TURN *** [Qh 7d Jd] [Kh]
mafiaalan10: bets $0.92 and is all-in
rc10111967: folds 
Uncalled bet ($0.92) returned to mafiaalan10
mafiaalan10 collected $1.17 from pot
*** SUMMARY ***
Total pot $1.22 | Rake $0.05 
Board [Qh 7d Jd Kh]
Seat 1: ThiagoKbelo folded before Flop (didn't bet)
Seat 2: rodsferraz folded before Flop (didn't bet)
Seat 3: Dorex2007 folded before Flop (didn't bet)
Seat 4: rc10111967 folded on the Turn
Seat 5: renansuguino1 folded before Flop (didn't bet)
Seat 6: KidBananan (button) folded before Flop (didn't bet)
Seat 7: Justinmar161 (small blind) folded before Flop
Seat 8: mafiaalan10 (big blind) collected ($1.17)



PokerStars Hand #237469373487:  Hold'em No Limit ($0.02/$0.05 USD) - 2022/07/19 20:40:38 PT [2022/07/19 23:40:38 ET]
Table 'Chara IV' 9-max Seat #7 is the button
Seat 1: ThiagoKbelo ($11.37 in chips) 
Seat 2: rodsferraz ($7.95 in chips) 
Seat 3: Dorex2007 ($6.35 in chips) 
Seat 4: rc10111967 ($1.40 in chips) 
Seat 5: renansuguino1 ($9.50 in chips) 
Seat 6: KidBananan ($5 in chips) 
Seat 7: Justinmar161 ($4.19 in chips) 
Seat 8: mafiaalan10 ($2.09 in chips) 
Seat 9: VilpPS ($5 in chips) 
mafiaalan10: posts small blind $0.02
VilpPS: posts big blind $0.05
*** HOLE CARDS ***
Dealt to Dorex2007 [5h Kc]
ThiagoKbelo has timed out
ThiagoKbelo: folds 
rodsferraz: folds 
Dorex2007: folds 
rc10111967: calls $0.05
renansuguino1: folds 
KidBananan: folds 
Justinmar161: folds 
mafiaalan10: raises $0.05 to $0.10
VilpPS: folds 
rc10111967: calls $0.05
*** FLOP *** [7c 8c Ac]
mafiaalan10: bets $0.05
rc10111967: raises $0.70 to $0.75
mafiaalan10: folds 
Uncalled bet ($0.70) returned to rc10111967
rc10111967 collected $0.34 from pot
*** SUMMARY ***
Total pot $0.35 | Rake $0.01 
Board [7c 8c Ac]
Seat 1: ThiagoKbelo folded before Flop (didn't bet)
Seat 2: rodsferraz folded before Flop (didn't bet)
Seat 3: Dorex2007 folded before Flop (didn't bet)
Seat 4: rc10111967 collected ($0.34)
Seat 5: renansuguino1 folded before Flop (didn't bet)
Seat 6: KidBananan folded before Flop (didn't bet)
Seat 7: Justinmar161 (button) folded before Flop (didn't bet)
Seat 8: mafiaalan10 (small blind) folded on the Flop
Seat 9: VilpPS (big blind) folded before Flop



PokerStars Hand #237469382722:  Hold'em No Limit ($0.02/$0.05 USD) - 2022/07/19 20:41:15 PT [2022/07/19 23:41:15 ET]
Table 'Chara IV' 9-max Seat #8 is the button
Seat 1: ThiagoKbelo ($11.37 in chips) 
Seat 2: rodsferraz ($7.95 in chips) 
Seat 3: Dorex2007 ($6.35 in chips) 
Seat 4: rc10111967 ($1.59 in chips) 
Seat 5: renansuguino1 ($9.50 in chips) 
Seat 6: KidBananan ($5 in chips) 
Seat 7: Justinmar161 ($4.19 in chips) 
Seat 8: mafiaalan10 ($1.94 in chips) 
Seat 9: VilpPS ($5 in chips) 
VilpPS: posts small blind $0.02
ThiagoKbelo: posts big blind $0.05
*** HOLE CARDS ***
Dealt to Dorex2007 [5h 6d]
rodsferraz: folds 
Dorex2007: folds 
rc10111967: calls $0.05
renansuguino1: folds 
KidBananan: folds 
Justinmar161: folds 
mafiaalan10: folds 
VilpPS: folds 
ThiagoKbelo: checks 
*** FLOP *** [Tc Td Ac]
ThiagoKbelo: checks 
rc10111967: bets $0.12
ThiagoKbelo: folds 
Uncalled bet ($0.12) returned to rc10111967
rc10111967 collected $0.12 from pot
*** SUMMARY ***
Total pot $0.12 | Rake $0 
Board [Tc Td Ac]
Seat 1: ThiagoKbelo (big blind) folded on the Flop
Seat 2: rodsferraz folded before Flop (didn't bet)
Seat 3: Dorex2007 folded before Flop (didn't bet)
Seat 4: rc10111967 collected ($0.12)
Seat 5: renansuguino1 folded before Flop (didn't bet)
Seat 6: KidBananan folded before Flop (didn't bet)
Seat 7: Justinmar161 folded before Flop (didn't bet)
Seat 8: mafiaalan10 (button) folded before Flop (didn't bet)
Seat 9: VilpPS (small blind) folded before Flop



PokerStars Hand #237469387914:  Hold'em No Limit ($0.02/$0.05 USD) - 2022/07/19 20:41:52 PT [2022/07/19 23:41:52 ET]
Table 'Chara IV' 9-max Seat #9 is the button
Seat 1: ThiagoKbelo ($11.32 in chips) 
Seat 2: rodsferraz ($7.95 in chips) 
Seat 3: Dorex2007 ($6.35 in chips) 
Seat 4: rc10111967 ($1.66 in chips) 
Seat 5: renansuguino1 ($9.50 in chips) 
Seat 6: KidBananan ($5 in chips) 
Seat 7: Justinmar161 ($4.19 in chips) 
Seat 8: mafiaalan10 ($1.94 in chips) 
Seat 9: VilpPS ($5 in chips) 
ThiagoKbelo: posts small blind $0.02
rodsferraz: posts big blind $0.05
*** HOLE CARDS ***
Dealt to Dorex2007 [2d Tc]
Dorex2007: folds 
rc10111967: folds 
renansuguino1: folds 
KidBananan: raises $0.10 to $0.15
Justinmar161: folds 
mafiaalan10: folds 
VilpPS: calls $0.15
ThiagoKbelo: folds 
rodsferraz: folds 
*** FLOP *** [8h Jh 7s]
KidBananan: bets $0.23
VilpPS: calls $0.23
*** TURN *** [8h Jh 7s] [Ac]
KidBananan: bets $0.70
VilpPS: folds 
Uncalled bet ($0.70) returned to KidBananan
KidBananan collected $0.80 from pot
*** SUMMARY ***
Total pot $0.83 | Rake $0.03 
Board [8h Jh 7s Ac]
Seat 1: ThiagoKbelo (small blind) folded before Flop
Seat 2: rodsferraz (big blind) folded before Flop
Seat 3: Dorex2007 folded before Flop (didn't bet)
Seat 4: rc10111967 folded before Flop (didn't bet)
Seat 5: renansuguino1 folded before Flop (didn't bet)
Seat 6: KidBananan collected ($0.80)
Seat 7: Justinmar161 folded before Flop (didn't bet)
Seat 8: mafiaalan10 folded before Flop (didn't bet)
Seat 9: VilpPS (button) folded on the Turn



PokerStars Hand #237469393157:  Hold'em No Limit ($0.02/$0.05 USD) - 2022/07/19 20:42:29 PT [2022/07/19 23:42:29 ET]
Table 'Chara IV' 9-max Seat #1 is the button
Seat 1: ThiagoKbelo ($11.30 in chips) 
Seat 2: rodsferraz ($7.90 in chips) 
Seat 3: Dorex2007 ($6.35 in chips) 
Seat 4: rc10111967 ($1.66 in chips) 
Seat 5: renansuguino1 ($9.50 in chips) 
Seat 6: KidBananan ($5.42 in chips) 
Seat 7: Justinmar161 ($4.19 in chips) 
Seat 8: mafiaalan10 ($1.94 in chips) 
Seat 9: VilpPS ($5 in chips) 
rodsferraz: posts small blind $0.02
Dorex2007: posts big blind $0.05
*** HOLE CARDS ***
Dealt to Dorex2007 [Td 3s]
rc10111967: calls $0.05
renansuguino1: folds 
KidBananan: folds 
Justinmar161: folds 
mafiaalan10: raises $0.10 to $0.15
VilpPS: raises $0.35 to $0.50
ThiagoKbelo: folds 
rodsferraz: folds 
Dorex2007: folds 
rc10111967: folds 
mafiaalan10: calls $0.35
*** FLOP *** [Qd 9h As]
mafiaalan10: bets $0.85
VilpPS: calls $0.85
*** TURN *** [Qd 9h As] [2h]
mafiaalan10: bets $0.59 and is all-in
VilpPS: calls $0.59
*** RIVER *** [Qd 9h As 2h] [Qc]
*** SHOW DOWN ***
mafiaalan10: shows [9s Ts] (two pair, Queens and Nines)
VilpPS: shows [Ad Jd] (two pair, Aces and Queens)
VilpPS collected $3.83 from pot
*** SUMMARY ***
Total pot $4 | Rake $0.17 
Board [Qd 9h As 2h Qc]
Seat 1: ThiagoKbelo (button) folded before Flop (didn't bet)
Seat 2: rodsferraz (small blind) folded before Flop
Seat 3: Dorex2007 (big blind) folded before Flop
Seat 4: rc10111967 folded before Flop
Seat 5: renansuguino1 folded before Flop (didn't bet)
Seat 6: KidBananan folded before Flop (didn't bet)
Seat 7: Justinmar161 folded before Flop (didn't bet)
Seat 8: mafiaalan10 showed [9s Ts] and lost with two pair, Queens and Nines
Seat 9: VilpPS showed [Ad Jd] and won ($3.83) with two pair, Aces and Queens



PokerStars Hand #237469401090:  Hold'em No Limit ($0.02/$0.05 USD) - 2022/07/19 20:43:24 PT [2022/07/19 23:43:24 ET]
Table 'Chara IV' 9-max Seat #2 is the button
Seat 1: ThiagoKbelo ($11.30 in chips) 
Seat 2: rodsferraz ($7.88 in chips) 
Seat 3: Dorex2007 ($6.30 in chips) 
Seat 4: rc10111967 ($1.61 in chips) 
Seat 5: renansuguino1 ($9.50 in chips) 
Seat 6: KidBananan ($5.42 in chips) 
Seat 7: Justinmar161 ($4.19 in chips) 
Seat 9: VilpPS ($6.89 in chips) 
Dorex2007: posts small blind $0.02
rc10111967: posts big blind $0.05
*** HOLE CARDS ***
Dealt to Dorex2007 [2h Ts]
renansuguino1: folds 
renansuguino1 leaves the table
mafiaalan10 leaves the table
KidBananan: folds 
Justinmar161: folds 
VilpPS: folds 
ThiagoKbelo: folds 
geniuss joins the table at seat #5 
rodsferraz: folds 
Dorex2007: folds 
Uncalled bet ($0.03) returned to rc10111967
rc10111967 collected $0.04 from pot
*** SUMMARY ***
Total pot $0.04 | Rake $0 
Seat 1: ThiagoKbelo folded before Flop (didn't bet)
Seat 2: rodsferraz (button) folded before Flop (didn't bet)
Seat 3: Dorex2007 (small blind) folded before Flop
Seat 4: rc10111967 (big blind) collected ($0.04)
Seat 5: renansuguino1 folded before Flop (didn't bet)
Seat 6: KidBananan folded before Flop (didn't bet)
Seat 7: Justinmar161 folded before Flop (didn't bet)
Seat 9: VilpPS folded before Flop (didn't bet)



PokerStars Hand #237469404359:  Hold'em No Limit ($0.02/$0.05 USD) - 2022/07/19 20:43:47 PT [2022/07/19 23:43:47 ET]
Table 'Chara IV' 9-max Seat #3 is the button
Seat 1: ThiagoKbelo ($11.30 in chips) 
Seat 2: rodsferraz ($7.88 in chips) 
Seat 3: Dorex2007 ($6.28 in chips) 
Seat 4: rc10111967 ($1.63 in chips) 
Seat 5: geniuss ($5 in chips) 
Seat 6: KidBananan ($5.42 in chips) 
Seat 7: Justinmar161 ($4.19 in chips) 
Seat 9: VilpPS ($6.89 in chips) 
rc10111967: posts small blind $0.02
geniuss: posts big blind $0.05
*** HOLE CARDS ***
Dealt to Dorex2007 [Jh Kh]
KidBananan: folds 
Justinmar161: folds 
VilpPS: raises $0.08 to $0.13
ThiagoKbelo: folds 
rodsferraz: calls $0.13
Dorex2007: calls $0.13
rc10111967: calls $0.11
geniuss: folds 
*** FLOP *** [3d 9d Js]
rc10111967: bets $0.27
VilpPS: calls $0.27
rodsferraz: calls $0.27
Dorex2007: folds 
*** TURN *** [3d 9d Js] [As]
rc10111967: checks 
VilpPS: checks 
rodsferraz: bets $0.40
rc10111967: calls $0.40
VilpPS: folds 
*** RIVER *** [3d 9d Js As] [3c]
rc10111967: checks 
rodsferraz: checks 
*** SHOW DOWN ***
rc10111967: shows [Jc 6c] (two pair, Jacks and Threes)
rodsferraz: mucks hand 
rc10111967 collected $2.09 from pot
*** SUMMARY ***
Total pot $2.18 | Rake $0.09 
Board [3d 9d Js As 3c]
Seat 1: ThiagoKbelo folded before Flop (didn't bet)
Seat 2: rodsferraz mucked [Ts 9h]
Seat 3: Dorex2007 (button) folded on the Flop
Seat 4: rc10111967 (small blind) showed [Jc 6c] and won ($2.09) with two pair, Jacks and Threes
Seat 5: geniuss (big blind) folded before Flop
Seat 6: KidBananan folded before Flop (didn't bet)
Seat 7: Justinmar161 folded before Flop (didn't bet)
Seat 9: VilpPS folded on the Turn



PokerStars Hand #237469425857:  Hold'em No Limit ($0.02/$0.05 USD) - 2022/07/19 20:45:22 PT [2022/07/19 23:45:22 ET]
Table 'Chara IV' 9-max Seat #4 is the button
Seat 1: ThiagoKbelo ($11.30 in chips) 
Seat 2: rodsferraz ($7.08 in chips) 
Seat 3: Dorex2007 ($6.15 in chips) 
Seat 4: rc10111967 ($2.92 in chips) 
Seat 5: geniuss ($5 in chips) 
Seat 6: KidBananan ($5.42 in chips) 
Seat 7: Justinmar161 ($4.19 in chips) 
Seat 9: VilpPS ($6.49 in chips) 
geniuss: posts small blind $0.02
KidBananan: posts big blind $0.05
*** HOLE CARDS ***
Dealt to Dorex2007 [Jh 6c]
Justinmar161: folds 
VilpPS: folds 
ThiagoKbelo: raises $0.10 to $0.15
rodsferraz: folds 
Dorex2007: folds 
rc10111967: folds 
rc10111967 leaves the table
geniuss: folds 
KidBananan: calls $0.10
*** FLOP *** [7c Jc 3c]
KidBananan: checks 
ThiagoKbelo: bets $0.16
KidBananan: folds 
Uncalled bet ($0.16) returned to ThiagoKbelo
ThiagoKbelo collected $0.31 from pot
*** SUMMARY ***
Total pot $0.32 | Rake $0.01 
Board [7c Jc 3c]
Seat 1: ThiagoKbelo collected ($0.31)
Seat 2: rodsferraz folded before Flop (didn't bet)
Seat 3: Dorex2007 folded before Flop (didn't bet)
Seat 4: rc10111967 (button) folded before Flop (didn't bet)
Seat 5: geniuss (small blind) folded before Flop
Seat 6: KidBananan (big blind) folded on the Flop
Seat 7: Justinmar161 folded before Flop (didn't bet)
Seat 9: VilpPS folded before Flop (didn't bet)



PokerStars Hand #237469429995:  Hold'em No Limit ($0.02/$0.05 USD) - 2022/07/19 20:45:52 PT [2022/07/19 23:45:52 ET]
Table 'Chara IV' 9-max Seat #5 is the button
Seat 1: ThiagoKbelo ($11.46 in chips) 
Seat 2: rodsferraz ($7.08 in chips) 
Seat 3: Dorex2007 ($6.15 in chips) 
Seat 5: geniuss ($5 in chips) 
Seat 6: KidBananan ($5.27 in chips) 
Seat 7: Justinmar161 ($4.19 in chips) 
Seat 9: VilpPS ($6.49 in chips) 
KidBananan: posts small blind $0.02
Justinmar161: posts big blind $0.05
*** HOLE CARDS ***
Dealt to Dorex2007 [4c 6s]
VilpPS: raises $0.08 to $0.13
ThiagoKbelo: folds 
rodsferraz: folds 
Dorex2007: folds 
geniuss: folds 
KidBananan: folds 
Justinmar161: calls $0.08
*** FLOP *** [9s 9h 3c]
Justinmar161: checks 
VilpPS: checks 
*** TURN *** [9s 9h 3c] [8h]
Justinmar161: checks 
VilpPS: checks 
*** RIVER *** [9s 9h 3c 8h] [3h]
Justinmar161: checks 
VilpPS: bets $0.13
Justinmar161: calls $0.13
*** SHOW DOWN ***
VilpPS: shows [5h 4h] (a flush, Nine high)
Justinmar161: mucks hand 
VilpPS collected $0.52 from pot
*** SUMMARY ***
Total pot $0.54 | Rake $0.02 
Board [9s 9h 3c 8h 3h]
Seat 1: ThiagoKbelo folded before Flop (didn't bet)
Seat 2: rodsferraz folded before Flop (didn't bet)
Seat 3: Dorex2007 folded before Flop (didn't bet)
Seat 5: geniuss (button) folded before Flop (didn't bet)
Seat 6: KidBananan (small blind) folded before Flop
Seat 7: Justinmar161 (big blind) mucked [8c Td]
Seat 9: VilpPS showed [5h 4h] and won ($0.52) with a flush, Nine high



PokerStars Hand #237469436401:  Hold'em No Limit ($0.02/$0.05 USD) - 2022/07/19 20:46:39 PT [2022/07/19 23:46:39 ET]
Table 'Chara IV' 9-max Seat #6 is the button
Seat 1: ThiagoKbelo ($11.46 in chips) 
Seat 2: rodsferraz ($7.08 in chips) 
Seat 3: Dorex2007 ($6.15 in chips) 
Seat 5: geniuss ($5 in chips) 
Seat 6: KidBananan ($5.25 in chips) 
Seat 7: Justinmar161 ($3.93 in chips) 
Seat 9: VilpPS ($6.75 in chips) 
Justinmar161: posts small blind $0.02
VilpPS: posts big blind $0.05
*** HOLE CARDS ***
Dealt to Dorex2007 [2c 6c]
ThiagoKbelo: folds 
rodsferraz: calls $0.05
Dorex2007: folds 
geniuss: folds 
KidBananan: folds 
Justinmar161: folds 
VilpPS: checks 
*** FLOP *** [Jc 8c 3h]
VilpPS: checks 
rodsferraz: bets $0.05
VilpPS: folds 
Uncalled bet ($0.05) returned to rodsferraz
rodsferraz collected $0.12 from pot
*** SUMMARY ***
Total pot $0.12 | Rake $0 
Board [Jc 8c 3h]
Seat 1: ThiagoKbelo folded before Flop (didn't bet)
Seat 2: rodsferraz collected ($0.12)
Seat 3: Dorex2007 folded before Flop (didn't bet)
Seat 5: geniuss folded before Flop (didn't bet)
Seat 6: KidBananan (button) folded before Flop (didn't bet)
Seat 7: Justinmar161 (small blind) folded before Flop
Seat 9: VilpPS (big blind) folded on the Flop



PokerStars Hand #237469438981:  Hold'em No Limit ($0.02/$0.05 USD) - 2022/07/19 20:46:58 PT [2022/07/19 23:46:58 ET]
Table 'Chara IV' 9-max Seat #7 is the button
Seat 1: ThiagoKbelo ($11.46 in chips) 
Seat 2: rodsferraz ($7.15 in chips) 
Seat 3: Dorex2007 ($6.15 in chips) 
Seat 5: geniuss ($5 in chips) 
Seat 6: KidBananan ($5.25 in chips) 
Seat 7: Justinmar161 ($3.91 in chips) 
Seat 9: VilpPS ($6.70 in chips) 
VilpPS: posts small blind $0.02
ThiagoKbelo: posts big blind $0.05
*** HOLE CARDS ***
Dealt to Dorex2007 [8s 6d]
rodsferraz: folds 
Dorex2007: folds 
geniuss: folds 
KidBananan: folds 
Justinmar161: raises $0.10 to $0.15
VilpPS: folds 
ThiagoKbelo: folds 
Uncalled bet ($0.10) returned to Justinmar161
VilpPS leaves the table
Justinmar161 collected $0.12 from pot
*** SUMMARY ***
Total pot $0.12 | Rake $0 
Seat 1: ThiagoKbelo (big blind) folded before Flop
Seat 2: rodsferraz folded before Flop (didn't bet)
Seat 3: Dorex2007 folded before Flop (didn't bet)
Seat 5: geniuss folded before Flop (didn't bet)
Seat 6: KidBananan folded before Flop (didn't bet)
Seat 7: Justinmar161 (button) collected ($0.12)
Seat 9: VilpPS (small blind) folded before Flop



PokerStars Hand #237469441039:  Hold'em No Limit ($0.02/$0.05 USD) - 2022/07/19 20:47:13 PT [2022/07/19 23:47:13 ET]
Table 'Chara IV' 9-max Seat #1 is the button
Seat 1: ThiagoKbelo ($11.41 in chips) 
Seat 2: rodsferraz ($7.15 in chips) 
Seat 3: Dorex2007 ($6.15 in chips) 
Seat 5: geniuss ($5 in chips) 
Seat 6: KidBananan ($5.25 in chips) 
Seat 7: Justinmar161 ($3.98 in chips) 
rodsferraz: posts small blind $0.02
Dorex2007: posts big blind $0.05
*** HOLE CARDS ***
Dealt to Dorex2007 [8h Ts]
geniuss: folds 
KidBananan: folds 
Justinmar161: folds 
ThiagoKbelo: folds 
rodsferraz: raises $0.05 to $0.10
Dorex2007: folds 
Uncalled bet ($0.05) returned to rodsferraz
rodsferraz collected $0.10 from pot
*** SUMMARY ***
Total pot $0.10 | Rake $0 
Seat 1: ThiagoKbelo (button) folded before Flop (didn't bet)
Seat 2: rodsferraz (small blind) collected ($0.10)
Seat 3: Dorex2007 (big blind) folded before Flop
Seat 5: geniuss folded before Flop (didn't bet)
Seat 6: KidBananan folded before Flop (didn't bet)
Seat 7: Justinmar161 folded before Flop (didn't bet)



PokerStars Hand #237469442738:  Hold'em No Limit ($0.02/$0.05 USD) - 2022/07/19 20:47:25 PT [2022/07/19 23:47:25 ET]
Table 'Chara IV' 9-max Seat #2 is the button
Seat 1: ThiagoKbelo ($11.41 in chips) 
Seat 2: rodsferraz ($7.20 in chips) 
Seat 3: Dorex2007 ($6.10 in chips) 
Seat 5: geniuss ($5 in chips) 
Seat 6: KidBananan ($5.25 in chips) 
Seat 7: Justinmar161 ($3.98 in chips) 
Dorex2007: posts small blind $0.02
geniuss: posts big blind $0.05
*** HOLE CARDS ***
Dealt to Dorex2007 [5d Qd]
KidBananan: raises $0.10 to $0.15
Justinmar161: folds 
ThiagoKbelo: folds 
rodsferraz: calls $0.15
Dorex2007: folds 
geniuss: folds 
*** FLOP *** [Qs 7c Js]
KidBananan: bets $0.23
rodsferraz: calls $0.23
*** TURN *** [Qs 7c Js] [Ts]
KidBananan: checks 
rodsferraz: checks 
*** RIVER *** [Qs 7c Js Ts] [Ah]
austin287 joins the table at seat #8 
KidBananan: checks 
rodsferraz: checks 
*** SHOW DOWN ***
KidBananan: shows [Kd Ks] (a straight, Ten to Ace)
rodsferraz: mucks hand 
KidBananan collected $0.80 from pot
*** SUMMARY ***
Total pot $0.83 | Rake $0.03 
Board [Qs 7c Js Ts Ah]
Seat 1: ThiagoKbelo folded before Flop (didn't bet)
Seat 2: rodsferraz (button) mucked [6c Jc]
Seat 3: Dorex2007 (small blind) folded before Flop
Seat 5: geniuss (big blind) folded before Flop
Seat 6: KidBananan showed [Kd Ks] and won ($0.80) with a straight, Ten to Ace
Seat 7: Justinmar161 folded before Flop (didn't bet)



PokerStars Hand #237469447941:  Hold'em No Limit ($0.02/$0.05 USD) - 2022/07/19 20:48:03 PT [2022/07/19 23:48:03 ET]
Table 'Chara IV' 9-max Seat #3 is the button
Seat 1: ThiagoKbelo ($11.41 in chips) 
Seat 2: rodsferraz ($6.82 in chips) 
Seat 3: Dorex2007 ($6.08 in chips) 
Seat 5: geniuss ($5 in chips) 
Seat 7: Justinmar161 ($3.98 in chips) 
geniuss: posts small blind $0.02
KidBananan: is sitting out 
Justinmar161: posts big blind $0.05
austin287: sits out 
*** HOLE CARDS ***
Dealt to Dorex2007 [Jd Jh]
ThiagoKbelo: folds 
rodsferraz: calls $0.05
KidBananan leaves the table
Dorex2007: raises $0.15 to $0.20
geniuss: folds 
Justinmar161: folds 
rodsferraz: calls $0.15
*** FLOP *** [Kd As 3c]
rodsferraz: checks 
Dorex2007: bets $0.22
rodsferraz: folds 
Uncalled bet ($0.22) returned to Dorex2007
Dorex2007 collected $0.45 from pot
*** SUMMARY ***
Total pot $0.47 | Rake $0.02 
Board [Kd As 3c]
Seat 1: ThiagoKbelo folded before Flop (didn't bet)
Seat 2: rodsferraz folded on the Flop
Seat 3: Dorex2007 (button) collected ($0.45)
Seat 5: geniuss (small blind) folded before Flop
Seat 7: Justinmar161 (big blind) folded before Flop



PokerStars Hand #237469452272:  Hold'em No Limit ($0.02/$0.05 USD) - 2022/07/19 20:48:34 PT [2022/07/19 23:48:34 ET]
Table 'Chara IV' 9-max Seat #5 is the button
Seat 1: ThiagoKbelo ($11.41 in chips) 
Seat 2: rodsferraz ($6.62 in chips) 
Seat 3: Dorex2007 ($6.33 in chips) 
Seat 5: geniuss ($5 in chips) 
Seat 7: Justinmar161 ($3.93 in chips) 
Seat 8: austin287 ($5 in chips) 
Justinmar161: posts small blind $0.02
austin287: posts big blind $0.05
*** HOLE CARDS ***
Dealt to Dorex2007 [9c 4c]
ThiagoKbelo: raises $0.10 to $0.15
rodsferraz: calls $0.15
Dorex2007: folds 
geniuss: folds 
Justinmar161: folds 
austin287: folds 
*** FLOP *** [7s 8c 4d]
ThiagoKbelo: bets $0.13
rodsferraz: raises $0.13 to $0.26
ThiagoKbelo: calls $0.13
*** TURN *** [7s 8c 4d] [3s]
ThiagoKbelo: checks 
rodsferraz: bets $0.42
ThiagoKbelo: folds 
Uncalled bet ($0.42) returned to rodsferraz
rodsferraz collected $0.85 from pot
*** SUMMARY ***
Total pot $0.89 | Rake $0.04 
Board [7s 8c 4d 3s]
Seat 1: ThiagoKbelo folded on the Turn
Seat 2: rodsferraz collected ($0.85)
Seat 3: Dorex2007 folded before Flop (didn't bet)
Seat 5: geniuss (button) folded before Flop (didn't bet)
Seat 7: Justinmar161 (small blind) folded before Flop
Seat 8: austin287 (big blind) folded before Flop



PokerStars Hand #237469457985:  Hold'em No Limit ($0.02/$0.05 USD) - 2022/07/19 20:49:16 PT [2022/07/19 23:49:16 ET]
Table 'Chara IV' 9-max Seat #7 is the button
Seat 1: ThiagoKbelo ($11 in chips) 
Seat 2: rodsferraz ($7.06 in chips) 
Seat 3: Dorex2007 ($6.33 in chips) 
Seat 5: geniuss ($5 in chips) 
Seat 7: Justinmar161 ($3.91 in chips) 
Seat 8: austin287 ($4.95 in chips) 
austin287: posts small blind $0.02
ThiagoKbelo: posts big blind $0.05
*** HOLE CARDS ***
Dealt to Dorex2007 [Ac 3h]
rodsferraz: folds 
Dorex2007: folds 
geniuss has timed out
geniuss: folds 
Justinmar161: folds 
austin287: folds 
Uncalled bet ($0.03) returned to ThiagoKbelo
ThiagoKbelo collected $0.04 from pot
*** SUMMARY ***
Total pot $0.04 | Rake $0 
Seat 1: ThiagoKbelo (big blind) collected ($0.04)
Seat 2: rodsferraz folded before Flop (didn't bet)
Seat 3: Dorex2007 folded before Flop (didn't bet)
Seat 5: geniuss folded before Flop (didn't bet)
Seat 7: Justinmar161 (button) folded before Flop (didn't bet)
Seat 8: austin287 (small blind) folded before Flop



PokerStars Hand #237469463415:  Hold'em No Limit ($0.02/$0.05 USD) - 2022/07/19 20:49:55 PT [2022/07/19 23:49:55 ET]
Table 'Chara IV' 9-max Seat #8 is the button
Seat 1: ThiagoKbelo ($11.02 in chips) 
Seat 3: Dorex2007 ($6.33 in chips) 
Seat 7: Justinmar161 ($3.91 in chips) 
Seat 8: austin287 ($4.93 in chips) 
ThiagoKbelo: posts small blind $0.02
Dorex2007: posts big blind $0.05
*** HOLE CARDS ***
Dealt to Dorex2007 [3d 9d]
Justinmar161: folds 
austin287: raises $0.10 to $0.15
ThiagoKbelo: raises $0.30 to $0.45
Dorex2007: folds 
austin287: folds 
Uncalled bet ($0.30) returned to ThiagoKbelo
ThiagoKbelo collected $0.35 from pot
*** SUMMARY ***
Total pot $0.35 | Rake $0 
Seat 1: ThiagoKbelo (small blind) collected ($0.35)
Seat 3: Dorex2007 (big blind) folded before Flop
Seat 7: Justinmar161 folded before Flop (didn't bet)
Seat 8: austin287 (button) folded before Flop



PokerStars Hand #237469465318:  Hold'em No Limit ($0.02/$0.05 USD) - 2022/07/19 20:50:09 PT [2022/07/19 23:50:09 ET]
Table 'Chara IV' 9-max Seat #1 is the button
Seat 1: ThiagoKbelo ($11.22 in chips) 
Seat 3: Dorex2007 ($6.28 in chips) 
Seat 7: Justinmar161 ($3.91 in chips) 
Seat 8: austin287 ($4.78 in chips) 
Dorex2007: posts small blind $0.02
Justinmar161: posts big blind $0.05
*** HOLE CARDS ***
Dealt to Dorex2007 [Qh Ac]
austin287: folds 
ThiagoKbelo: folds 
Dorex2007: raises $0.05 to $0.10
Justinmar161: raises $0.30 to $0.40
Dorex2007: calls $0.30
*** FLOP *** [Kh 9h 6h]
Dorex2007: bets $0.77
austin287 leaves the table
Justinmar161: raises $1.23 to $2
Dorex2007: calls $1.23
*** TURN *** [Kh 9h 6h] [7c]
Dorex2007: checks 
Justinmar161: bets $1.51 and is all-in
Dorex2007: folds 
Uncalled bet ($1.51) returned to Justinmar161
Justinmar161 collected $4.55 from pot
*** SUMMARY ***
Total pot $4.80 | Rake $0.25 
Board [Kh 9h 6h 7c]
Seat 1: ThiagoKbelo (button) folded before Flop (didn't bet)
Seat 3: Dorex2007 (small blind) folded on the Turn
Seat 7: Justinmar161 (big blind) collected ($4.55)
Seat 8: austin287 folded before Flop (didn't bet)



