PokerStars Hand #237070327518:  Hold'em No Limit ($0.01/$0.02 USD) - 2022/06/29 20:40:01 PT [2022/06/29 23:40:01 ET]
Table 'Peacock' 9-max Seat #6 is the button
Seat 2: perffect16 ($4.04 in chips) 
Seat 3: HAEMHuk2009 ($2 in chips) 
Seat 4: mohaka 22 ($15.54 in chips) 
Seat 6: Montagnais ($2.60 in chips) 
Seat 7: gambitl1 ($1.64 in chips) 
Seat 8: Dr.RoccoPereira ($4.30 in chips) 
Seat 9: Dorex2007 ($2 in chips) 
gambitl1: posts small blind $0.01
Dr.RoccoPereira: posts big blind $0.02
Dorex2007: posts big blind $0.02
*** HOLE CARDS ***
Dealt to Dorex2007 [2s 6s]
Dorex2007: checks 
perffect16: folds 
HAEMHuk2009: raises $0.07 to $0.09
mohaka 22: calls $0.09
Montagnais: folds 
gambitl1: calls $0.08
Dr.RoccoPereira: folds 
Dorex2007: folds 
*** FLOP *** [7s 8c Kc]
gambitl1: checks 
HAEMHuk2009: bets $0.23
mohaka 22: folds 
gambitl1: folds 
Uncalled bet ($0.23) returned to HAEMHuk2009
HAEMHuk2009 collected $0.30 from pot
*** SUMMARY ***
Total pot $0.31 | Rake $0.01 
Board [7s 8c Kc]
Seat 2: perffect16 folded before Flop (didn't bet)
Seat 3: HAEMHuk2009 collected ($0.30)
Seat 4: mohaka 22 folded on the Flop
Seat 6: Montagnais (button) folded before Flop (didn't bet)
Seat 7: gambitl1 (small blind) folded on the Flop
Seat 8: Dr.RoccoPereira (big blind) folded before Flop
Seat 9: Dorex2007 folded before Flop (didn't bet)



PokerStars Hand #237070334486:  Hold'em No Limit ($0.01/$0.02 USD) - 2022/06/29 20:40:50 PT [2022/06/29 23:40:50 ET]
Table 'Peacock' 9-max Seat #7 is the button
Seat 2: perffect16 ($4.04 in chips) 
Seat 3: HAEMHuk2009 ($2.21 in chips) 
Seat 4: mohaka 22 ($15.45 in chips) 
Seat 6: Montagnais ($2.60 in chips) 
Seat 7: gambitl1 ($1.55 in chips) 
Seat 8: Dr.RoccoPereira ($4.28 in chips) 
Seat 9: Dorex2007 ($2 in chips) 
Dr.RoccoPereira: posts small blind $0.01
Dorex2007: posts big blind $0.02
*** HOLE CARDS ***
Dealt to Dorex2007 [6c 5d]
perffect16: raises $0.04 to $0.06
HAEMHuk2009: folds 
mohaka 22: calls $0.06
Almanza63 joins the table at seat #1 
Montagnais: raises $2.54 to $2.60 and is all-in
gambitl1: folds 
gambitl1 leaves the table
Dr.RoccoPereira: folds 
Dorex2007: folds 
perffect16: folds 
mohaka 22: folds 
Uncalled bet ($2.54) returned to Montagnais
Montagnais collected $0.21 from pot
*** SUMMARY ***
Total pot $0.21 | Rake $0 
Seat 2: perffect16 folded before Flop
Seat 3: HAEMHuk2009 folded before Flop (didn't bet)
Seat 4: mohaka 22 folded before Flop
Seat 6: Montagnais collected ($0.21)
Seat 7: gambitl1 (button) folded before Flop (didn't bet)
Seat 8: Dr.RoccoPereira (small blind) folded before Flop
Seat 9: Dorex2007 (big blind) folded before Flop



PokerStars Hand #237070339618:  Hold'em No Limit ($0.01/$0.02 USD) - 2022/06/29 20:41:26 PT [2022/06/29 23:41:26 ET]
Table 'Peacock' 9-max Seat #8 is the button
Seat 1: Almanza63 ($2 in chips) 
Seat 2: perffect16 ($3.98 in chips) 
Seat 3: HAEMHuk2009 ($2.21 in chips) 
Seat 4: mohaka 22 ($15.39 in chips) 
Seat 6: Montagnais ($2.75 in chips) 
Seat 8: Dr.RoccoPereira ($4.27 in chips) 
Seat 9: Dorex2007 ($2 in chips) 
Dorex2007: posts small blind $0.01
Almanza63: posts big blind $0.02
*** HOLE CARDS ***
Dealt to Dorex2007 [4h 5s]
perffect16: folds 
HAEMHuk2009: folds 
mohaka 22: calls $0.02
Montagnais: folds 
Dr.RoccoPereira: calls $0.02
Dorex2007: folds 
Almanza63: checks 
*** FLOP *** [8c 2h Td]
Almanza63: checks 
mohaka 22: bets $0.04
Dr.RoccoPereira: calls $0.04
Almanza63: folds 
*** TURN *** [8c 2h Td] [9c]
mohaka 22: checks 
Dr.RoccoPereira: checks 
*** RIVER *** [8c 2h Td 9c] [9h]
mohaka 22: bets $0.07
Dr.RoccoPereira: calls $0.07
*** SHOW DOWN ***
mohaka 22: shows [Ad Kd] (a pair of Nines)
Dr.RoccoPereira: mucks hand 
mohaka 22 collected $0.28 from pot
*** SUMMARY ***
Total pot $0.29 | Rake $0.01 
Board [8c 2h Td 9c 9h]
Seat 1: Almanza63 (big blind) folded on the Flop
Seat 2: perffect16 folded before Flop (didn't bet)
Seat 3: HAEMHuk2009 folded before Flop (didn't bet)
Seat 4: mohaka 22 showed [Ad Kd] and won ($0.28) with a pair of Nines
Seat 6: Montagnais folded before Flop (didn't bet)
Seat 8: Dr.RoccoPereira (button) mucked [Ac 6h]
Seat 9: Dorex2007 (small blind) folded before Flop



PokerStars Hand #237070347967:  Hold'em No Limit ($0.01/$0.02 USD) - 2022/06/29 20:42:25 PT [2022/06/29 23:42:25 ET]
Table 'Peacock' 9-max Seat #9 is the button
Seat 1: Almanza63 ($1.98 in chips) 
Seat 2: perffect16 ($3.98 in chips) 
Seat 3: HAEMHuk2009 ($2.21 in chips) 
Seat 4: mohaka 22 ($15.54 in chips) 
Seat 6: Montagnais ($2.75 in chips) 
Seat 8: Dr.RoccoPereira ($4.14 in chips) 
Seat 9: Dorex2007 ($2 in chips) 
Almanza63: posts small blind $0.01
perffect16: posts big blind $0.02
*** HOLE CARDS ***
Dealt to Dorex2007 [4s 9c]
Bdawgg17 joins the table at seat #7 
HAEMHuk2009: folds 
mohaka 22: folds 
Montagnais: folds 
Dr.RoccoPereira: folds 
Dorex2007: folds 
Almanza63: raises $0.07 to $0.09
perffect16: folds 
Uncalled bet ($0.07) returned to Almanza63
Almanza63 collected $0.04 from pot
*** SUMMARY ***
Total pot $0.04 | Rake $0 
Seat 1: Almanza63 (small blind) collected ($0.04)
Seat 2: perffect16 (big blind) folded before Flop
Seat 3: HAEMHuk2009 folded before Flop (didn't bet)
Seat 4: mohaka 22 folded before Flop (didn't bet)
Seat 6: Montagnais folded before Flop (didn't bet)
Seat 8: Dr.RoccoPereira folded before Flop (didn't bet)
Seat 9: Dorex2007 (button) folded before Flop (didn't bet)



PokerStars Hand #237070350752:  Hold'em No Limit ($0.01/$0.02 USD) - 2022/06/29 20:42:44 PT [2022/06/29 23:42:44 ET]
Table 'Peacock' 9-max Seat #1 is the button
Seat 1: Almanza63 ($2 in chips) 
Seat 2: perffect16 ($3.96 in chips) 
Seat 4: mohaka 22 ($15.54 in chips) 
Seat 6: Montagnais ($2.75 in chips) 
Seat 8: Dr.RoccoPereira ($4.14 in chips) 
Seat 9: Dorex2007 ($2 in chips) 
perffect16: posts small blind $0.01
HAEMHuk2009: is sitting out 
mohaka 22: posts big blind $0.02
Bdawgg17: sits out 
*** HOLE CARDS ***
Dealt to Dorex2007 [Ad Ks]
HAEMHuk2009 leaves the table
Montagnais: folds 
Dr.RoccoPereira: folds 
fuealejandro joins the table at seat #3 
Dorex2007: raises $0.04 to $0.06
Almanza63: calls $0.06
perffect16: folds 
mohaka 22: folds 
*** FLOP *** [3c 6c 3d]
Dorex2007: checks 
Almanza63: bets $0.09
Dorex2007: folds 
Uncalled bet ($0.09) returned to Almanza63
Almanza63 collected $0.14 from pot
*** SUMMARY ***
Total pot $0.15 | Rake $0.01 
Board [3c 6c 3d]
Seat 1: Almanza63 (button) collected ($0.14)
Seat 2: perffect16 (small blind) folded before Flop
Seat 4: mohaka 22 (big blind) folded before Flop
Seat 6: Montagnais folded before Flop (didn't bet)
Seat 8: Dr.RoccoPereira folded before Flop (didn't bet)
Seat 9: Dorex2007 folded on the Flop



PokerStars Hand #237070357975:  Hold'em No Limit ($0.01/$0.02 USD) - 2022/06/29 20:43:36 PT [2022/06/29 23:43:36 ET]
Table 'Peacock' 9-max Seat #2 is the button
Seat 1: Almanza63 ($2.08 in chips) 
Seat 2: perffect16 ($3.95 in chips) 
Seat 4: mohaka 22 ($15.52 in chips) 
Seat 6: Montagnais ($2.75 in chips) 
Seat 8: Dr.RoccoPereira ($4.14 in chips) 
Seat 9: Dorex2007 ($2 in chips) 
mohaka 22: posts small blind $0.01
Montagnais: posts big blind $0.02
Bdawgg17: sits out 
*** HOLE CARDS ***
Dealt to Dorex2007 [Ad 2d]
Dr.RoccoPereira: calls $0.02
Dorex2007: calls $0.02
Almanza63: folds 
perffect16: calls $0.02
mohaka 22: calls $0.01
Montagnais: checks 
*** FLOP *** [9s Td Ah]
mohaka 22: checks 
Montagnais: checks 
Dr.RoccoPereira: bets $0.02
Dorex2007: calls $0.02
perffect16: folds 
mohaka 22: calls $0.02
Montagnais: folds 
*** TURN *** [9s Td Ah] [Ac]
mohaka 22: checks 
Dr.RoccoPereira: bets $0.02
Dorex2007: calls $0.02
mohaka 22: folds 
*** RIVER *** [9s Td Ah Ac] [5c]
Dr.RoccoPereira: bets $1.20
Dorex2007: folds 
Uncalled bet ($1.20) returned to Dr.RoccoPereira
Dr.RoccoPereira collected $0.19 from pot
*** SUMMARY ***
Total pot $0.20 | Rake $0.01 
Board [9s Td Ah Ac 5c]
Seat 1: Almanza63 folded before Flop (didn't bet)
Seat 2: perffect16 (button) folded on the Flop
Seat 4: mohaka 22 (small blind) folded on the Turn
Seat 6: Montagnais (big blind) folded on the Flop
Seat 8: Dr.RoccoPereira collected ($0.19)
Seat 9: Dorex2007 folded on the River



PokerStars Hand #237070368659:  Hold'em No Limit ($0.01/$0.02 USD) - 2022/06/29 20:44:52 PT [2022/06/29 23:44:52 ET]
Table 'Peacock' 9-max Seat #4 is the button
Seat 1: Almanza63 ($2.08 in chips) 
Seat 2: perffect16 ($3.93 in chips) 
Seat 3: fuealejandro ($2 in chips) 
Seat 4: mohaka 22 ($15.48 in chips) 
Seat 6: Montagnais ($2.73 in chips) 
Seat 7: Bdawgg17 ($1 in chips) 
Seat 8: Dr.RoccoPereira ($4.27 in chips) 
Seat 9: Dorex2007 ($2 in chips) 
Montagnais: posts small blind $0.01
Bdawgg17: posts big blind $0.02
fuealejandro: posts big blind $0.02
*** HOLE CARDS ***
Dealt to Dorex2007 [Ks 5s]
Dr.RoccoPereira: calls $0.02
Dorex2007: calls $0.02
Almanza63: folds 
perffect16: folds 
fuealejandro: checks 
mohaka 22: calls $0.02
Montagnais: calls $0.01
Bdawgg17: checks 
*** FLOP *** [5d Ac 6s]
Montagnais: checks 
Bdawgg17: checks 
Dr.RoccoPereira: checks 
Dorex2007: checks 
fuealejandro: checks 
mohaka 22: checks 
*** TURN *** [5d Ac 6s] [2h]
Montagnais: checks 
Bdawgg17: bets $0.06
Dr.RoccoPereira: calls $0.06
Dorex2007: folds 
dobedoobiedo leaves the table
fuealejandro: folds 
mohaka 22: calls $0.06
Montagnais: calls $0.06
*** RIVER *** [5d Ac 6s 2h] [8s]
Montagnais: checks 
Bdawgg17: checks 
Dr.RoccoPereira: bets $0.02
mohaka 22: raises $0.39 to $0.41
Montagnais: folds 
Bdawgg17: folds 
Dr.RoccoPereira: calls $0.39
*** SHOW DOWN ***
mohaka 22: shows [Ad As] (three of a kind, Aces)
Dr.RoccoPereira: mucks hand 
mohaka 22 collected $1.14 from pot
*** SUMMARY ***
Total pot $1.18 | Rake $0.04 
Board [5d Ac 6s 2h 8s]
Seat 1: Almanza63 folded before Flop (didn't bet)
Seat 2: perffect16 folded before Flop (didn't bet)
Seat 3: fuealejandro folded on the Turn (didn't bet)
Seat 4: mohaka 22 (button) showed [Ad As] and won ($1.14) with three of a kind, Aces
Seat 6: Montagnais (small blind) folded on the River
Seat 7: Bdawgg17 (big blind) folded on the River
Seat 8: Dr.RoccoPereira mucked [2c 4c]
Seat 9: Dorex2007 folded on the Turn



PokerStars Hand #237070383075:  Hold'em No Limit ($0.01/$0.02 USD) - 2022/06/29 20:46:36 PT [2022/06/29 23:46:36 ET]
Table 'Peacock' 9-max Seat #6 is the button
Seat 1: Almanza63 ($2.08 in chips) 
Seat 2: perffect16 ($3.93 in chips) 
Seat 3: fuealejandro ($1.98 in chips) 
Seat 4: mohaka 22 ($16.13 in chips) 
Seat 6: Montagnais ($2.65 in chips) 
Seat 7: Bdawgg17 ($0.92 in chips) 
Seat 8: Dr.RoccoPereira ($3.78 in chips) 
Seat 9: Dorex2007 ($2 in chips) 
Bdawgg17: posts small blind $0.01
Dr.RoccoPereira: posts big blind $0.02
*** HOLE CARDS ***
Dealt to Dorex2007 [Ad Qd]
Dorex2007: raises $0.04 to $0.06
Almanza63: folds 
perffect16: folds 
fuealejandro: folds 
mohaka 22: folds 
Montagnais: calls $0.06
Bdawgg17: calls $0.05
Dr.RoccoPereira: folds 
*** FLOP *** [5h 9d 7d]
Bdawgg17: checks 
Dorex2007: bets $0.13
Montagnais: calls $0.13
Bdawgg17: folds 
*** TURN *** [5h 9d 7d] [Ts]
Dorex2007: checks 
Montagnais: checks 
*** RIVER *** [5h 9d 7d Ts] [2d]
Dorex2007: bets $0.44
Montagnais: folds 
Uncalled bet ($0.44) returned to Dorex2007
Dorex2007 collected $0.44 from pot
*** SUMMARY ***
Total pot $0.46 | Rake $0.02 
Board [5h 9d 7d Ts 2d]
Seat 1: Almanza63 folded before Flop (didn't bet)
Seat 2: perffect16 folded before Flop (didn't bet)
Seat 3: fuealejandro folded before Flop (didn't bet)
Seat 4: mohaka 22 folded before Flop (didn't bet)
Seat 6: Montagnais (button) folded on the River
Seat 7: Bdawgg17 (small blind) folded on the Flop
Seat 8: Dr.RoccoPereira (big blind) folded before Flop
Seat 9: Dorex2007 collected ($0.44)



PokerStars Hand #237070399610:  Hold'em No Limit ($0.01/$0.02 USD) - 2022/06/29 20:47:46 PT [2022/06/29 23:47:46 ET]
Table 'Peacock' 9-max Seat #7 is the button
Seat 1: Almanza63 ($2.08 in chips) 
Seat 2: perffect16 ($3.93 in chips) 
Seat 3: fuealejandro ($1.98 in chips) 
Seat 4: mohaka 22 ($16.13 in chips) 
Seat 6: Montagnais ($2.46 in chips) 
Seat 7: Bdawgg17 ($0.86 in chips) 
Seat 8: Dr.RoccoPereira ($3.76 in chips) 
Seat 9: Dorex2007 ($2.25 in chips) 
Dr.RoccoPereira: posts small blind $0.01
Dorex2007: posts big blind $0.02
*** HOLE CARDS ***
Dealt to Dorex2007 [9h 5s]
lbathayde joins the table at seat #5 
Almanza63: raises $0.05 to $0.07
perffect16: folds 
fuealejandro: folds 
mohaka 22: calls $0.07
Montagnais: calls $0.07
Bdawgg17: folds 
Dr.RoccoPereira: folds 
Dorex2007: folds 
*** FLOP *** [7s 2s Ks]
Almanza63: checks 
mohaka 22: bets $0.11
Montagnais: folds 
Almanza63: folds 
Uncalled bet ($0.11) returned to mohaka 22
mohaka 22 collected $0.23 from pot
*** SUMMARY ***
Total pot $0.24 | Rake $0.01 
Board [7s 2s Ks]
Seat 1: Almanza63 folded on the Flop
Seat 2: perffect16 folded before Flop (didn't bet)
Seat 3: fuealejandro folded before Flop (didn't bet)
Seat 4: mohaka 22 collected ($0.23)
Seat 6: Montagnais folded on the Flop
Seat 7: Bdawgg17 (button) folded before Flop (didn't bet)
Seat 8: Dr.RoccoPereira (small blind) folded before Flop
Seat 9: Dorex2007 (big blind) folded before Flop



PokerStars Hand #237070405781:  Hold'em No Limit ($0.01/$0.02 USD) - 2022/06/29 20:48:31 PT [2022/06/29 23:48:31 ET]
Table 'Peacock' 9-max Seat #8 is the button
Seat 1: Almanza63 ($2.01 in chips) 
Seat 2: perffect16 ($3.93 in chips) 
Seat 3: fuealejandro ($1.98 in chips) 
Seat 4: mohaka 22 ($16.29 in chips) 
Seat 6: Montagnais ($2.39 in chips) 
Seat 7: Bdawgg17 ($0.86 in chips) 
Seat 8: Dr.RoccoPereira ($3.75 in chips) 
Seat 9: Dorex2007 ($2.23 in chips) 
Dorex2007: posts small blind $0.01
Almanza63: posts big blind $0.02
lbathayde: sits out 
*** HOLE CARDS ***
Dealt to Dorex2007 [3d 9h]
perffect16: folds 
fuealejandro: folds 
mohaka 22: raises $0.10 to $0.12
Montagnais: calls $0.12
Bdawgg17: folds 
Dr.RoccoPereira: folds 
Dorex2007: folds 
Almanza63: folds 
*** FLOP *** [3c 8h 2c]
mohaka 22: checks 
Montagnais: bets $2.27 and is all-in
mohaka 22: calls $2.27
*** TURN *** [3c 8h 2c] [3h]
*** RIVER *** [3c 8h 2c 3h] [Kc]
*** SHOW DOWN ***
mohaka 22: shows [Jd Jc] (two pair, Jacks and Threes)
Montagnais: shows [Ad 5s] (a pair of Threes)
mohaka 22 cashed out the hand for $3.36 | Cash Out Fee $0.03
*** SUMMARY ***
Total pot $4.81 | Rake $0.17 
Board [3c 8h 2c 3h Kc]
Seat 1: Almanza63 (big blind) folded before Flop
Seat 2: perffect16 folded before Flop (didn't bet)
Seat 3: fuealejandro folded before Flop (didn't bet)
Seat 4: mohaka 22 showed [Jd Jc] and won ($4.64) with two pair, Jacks and Threes (pot not awarded as player cashed out)
Seat 6: Montagnais showed [Ad 5s] and lost with a pair of Threes
Seat 7: Bdawgg17 folded before Flop (didn't bet)
Seat 8: Dr.RoccoPereira (button) folded before Flop (didn't bet)
Seat 9: Dorex2007 (small blind) folded before Flop



PokerStars Hand #237070412541:  Hold'em No Limit ($0.01/$0.02 USD) - 2022/06/29 20:49:20 PT [2022/06/29 23:49:20 ET]
Table 'Peacock' 9-max Seat #9 is the button
Seat 1: Almanza63 ($1.99 in chips) 
Seat 2: perffect16 ($3.93 in chips) 
Seat 3: fuealejandro ($1.98 in chips) 
Seat 4: mohaka 22 ($17.26 in chips) 
Seat 7: Bdawgg17 ($0.86 in chips) 
Seat 8: Dr.RoccoPereira ($3.75 in chips) 
Seat 9: Dorex2007 ($2.22 in chips) 
Almanza63: posts small blind $0.01
perffect16: posts big blind $0.02
lbathayde: sits out 
*** HOLE CARDS ***
Dealt to Dorex2007 [8c Jd]
fuealejandro has timed out
fuealejandro: folds 
mohaka 22: calls $0.02
Bdawgg17: calls $0.02
Dr.RoccoPereira: calls $0.02
Dorex2007: folds 
Almanza63: calls $0.01
perffect16: checks 
*** FLOP *** [As 6s 4s]
Almanza63: checks 
perffect16: checks 
mohaka 22: checks 
Bdawgg17: bets $0.04
Dr.RoccoPereira: folds 
Almanza63: folds 
perffect16: folds 
mohaka 22: folds 
Uncalled bet ($0.04) returned to Bdawgg17
Bdawgg17 collected $0.10 from pot
*** SUMMARY ***
Total pot $0.10 | Rake $0 
Board [As 6s 4s]
Seat 1: Almanza63 (small blind) folded on the Flop
Seat 2: perffect16 (big blind) folded on the Flop
Seat 3: fuealejandro folded before Flop (didn't bet)
Seat 4: mohaka 22 folded on the Flop
Seat 7: Bdawgg17 collected ($0.10)
Seat 8: Dr.RoccoPereira folded on the Flop
Seat 9: Dorex2007 (button) folded before Flop (didn't bet)



PokerStars Hand #237070420326:  Hold'em No Limit ($0.01/$0.02 USD) - 2022/06/29 20:50:18 PT [2022/06/29 23:50:18 ET]
Table 'Peacock' 9-max Seat #1 is the button
Seat 1: Almanza63 ($1.97 in chips) 
Seat 2: perffect16 ($3.91 in chips) 
Seat 3: fuealejandro ($1.98 in chips) 
Seat 4: mohaka 22 ($17.24 in chips) 
Seat 6: Montagnais ($2 in chips) 
Seat 7: Bdawgg17 ($0.94 in chips) 
Seat 8: Dr.RoccoPereira ($3.73 in chips) 
Seat 9: Dorex2007 ($2.22 in chips) 
perffect16: posts small blind $0.01
fuealejandro: posts big blind $0.02
lbathayde: sits out 
*** HOLE CARDS ***
Dealt to Dorex2007 [8h Ah]
mohaka 22: folds 
Montagnais: folds 
Bdawgg17: folds 
Dr.RoccoPereira: folds 
Dorex2007: calls $0.02
Almanza63: folds 
perffect16: calls $0.01
fuealejandro: checks 
*** FLOP *** [Jd 5c 5h]
perffect16: checks 
fuealejandro: checks 
Dorex2007: checks 
*** TURN *** [Jd 5c 5h] [7h]
perffect16: checks 
fuealejandro: checks 
Dorex2007: checks 
*** RIVER *** [Jd 5c 5h 7h] [2s]
perffect16: checks 
fuealejandro: checks 
Dorex2007: checks 
*** SHOW DOWN ***
perffect16: shows [3d 6c] (a pair of Fives)
fuealejandro: shows [Ks 6s] (a pair of Fives - King kicker)
Dorex2007: shows [8h Ah] (a pair of Fives - Ace kicker)
Dorex2007 collected $0.06 from pot
*** SUMMARY ***
Total pot $0.06 | Rake $0 
Board [Jd 5c 5h 7h 2s]
Seat 1: Almanza63 (button) folded before Flop (didn't bet)
Seat 2: perffect16 (small blind) showed [3d 6c] and lost with a pair of Fives
Seat 3: fuealejandro (big blind) showed [Ks 6s] and lost with a pair of Fives
Seat 4: mohaka 22 folded before Flop (didn't bet)
Seat 6: Montagnais folded before Flop (didn't bet)
Seat 7: Bdawgg17 folded before Flop (didn't bet)
Seat 8: Dr.RoccoPereira folded before Flop (didn't bet)
Seat 9: Dorex2007 showed [8h Ah] and won ($0.06) with a pair of Fives



PokerStars Hand #237070427263:  Hold'em No Limit ($0.01/$0.02 USD) - 2022/06/29 20:51:09 PT [2022/06/29 23:51:09 ET]
Table 'Peacock' 9-max Seat #2 is the button
Seat 1: Almanza63 ($1.97 in chips) 
Seat 2: perffect16 ($3.89 in chips) 
Seat 3: fuealejandro ($1.96 in chips) 
Seat 5: lbathayde ($1.40 in chips) 
Seat 6: Montagnais ($2 in chips) 
Seat 7: Bdawgg17 ($0.94 in chips) 
Seat 8: Dr.RoccoPereira ($3.73 in chips) 
Seat 9: Dorex2007 ($2.26 in chips) 
fuealejandro: posts small blind $0.01
mohaka 22: is sitting out 
lbathayde: posts big blind $0.02
*** HOLE CARDS ***
Dealt to Dorex2007 [7c Js]
Montagnais: calls $0.02
Bdawgg17: folds 
mohaka 22 leaves the table
Dr.RoccoPereira: folds 
Dorex2007: folds 
Almanza63: raises $0.02 to $0.04
perffect16: folds 
fuealejandro: folds 
lbathayde: calls $0.02
Montagnais: calls $0.02
*** FLOP *** [9c Th Qd]
lbathayde: checks 
Montagnais: bets $1.96 and is all-in
Almanza63: folds 
lbathayde: folds 
Uncalled bet ($1.96) returned to Montagnais
Montagnais collected $0.13 from pot
*** SUMMARY ***
Total pot $0.13 | Rake $0 
Board [9c Th Qd]
Seat 1: Almanza63 folded on the Flop
Seat 2: perffect16 (button) folded before Flop (didn't bet)
Seat 3: fuealejandro (small blind) folded before Flop
Seat 5: lbathayde (big blind) folded on the Flop
Seat 6: Montagnais collected ($0.13)
Seat 7: Bdawgg17 folded before Flop (didn't bet)
Seat 8: Dr.RoccoPereira folded before Flop (didn't bet)
Seat 9: Dorex2007 folded before Flop (didn't bet)



PokerStars Hand #237070432727:  Hold'em No Limit ($0.01/$0.02 USD) - 2022/06/29 20:51:50 PT [2022/06/29 23:51:50 ET]
Table 'Peacock' 9-max Seat #3 is the button
Seat 1: Almanza63 ($1.93 in chips) 
Seat 2: perffect16 ($3.89 in chips) 
Seat 3: fuealejandro ($1.95 in chips) 
Seat 5: lbathayde ($1.40 in chips) 
Seat 6: Montagnais ($2.09 in chips) 
Seat 7: Bdawgg17 ($0.94 in chips) 
Seat 8: Dr.RoccoPereira ($3.73 in chips) 
Seat 9: Dorex2007 ($2.26 in chips) 
lbathayde: posts small blind $0.01
Montagnais: posts big blind $0.02
*** HOLE CARDS ***
Dealt to Dorex2007 [As Ad]
Bdawgg17: folds 
Dr.RoccoPereira: calls $0.02
Dorex2007: raises $0.08 to $0.10
Almanza63: folds 
perffect16: folds 
fuealejandro has timed out
fuealejandro: folds 
lbathayde: folds 
Montagnais: folds 
Dr.RoccoPereira: calls $0.08
*** FLOP *** [Kh 5c 8c]
Dr.RoccoPereira: checks 
Dorex2007: bets $0.22
Dr.RoccoPereira: folds 
Uncalled bet ($0.22) returned to Dorex2007
Dorex2007 collected $0.22 from pot
*** SUMMARY ***
Total pot $0.23 | Rake $0.01 
Board [Kh 5c 8c]
Seat 1: Almanza63 folded before Flop (didn't bet)
Seat 2: perffect16 folded before Flop (didn't bet)
Seat 3: fuealejandro (button) folded before Flop (didn't bet)
Seat 5: lbathayde (small blind) folded before Flop
Seat 6: Montagnais (big blind) folded before Flop
Seat 7: Bdawgg17 folded before Flop (didn't bet)
Seat 8: Dr.RoccoPereira folded on the Flop
Seat 9: Dorex2007 collected ($0.22)



PokerStars Hand #237070441753:  Hold'em No Limit ($0.01/$0.02 USD) - 2022/06/29 20:52:57 PT [2022/06/29 23:52:57 ET]
Table 'Peacock' 9-max Seat #5 is the button
Seat 1: Almanza63 ($1.93 in chips) 
Seat 2: perffect16 ($3.89 in chips) 
Seat 3: fuealejandro ($1.95 in chips) 
Seat 5: lbathayde ($1.40 in chips) 
Seat 6: Montagnais ($2.07 in chips) 
Seat 7: Bdawgg17 ($0.94 in chips) 
Seat 8: Dr.RoccoPereira ($3.63 in chips) 
Seat 9: Dorex2007 ($2.38 in chips) 
Montagnais: posts small blind $0.01
Bdawgg17: posts big blind $0.02
*** HOLE CARDS ***
Dealt to Dorex2007 [4s Ts]
Dr.RoccoPereira: calls $0.02
Dorex2007: folds 
Almanza63: folds 
perffect16: raises $0.04 to $0.06
fuealejandro: folds 
lbathayde: raises $0.17 to $0.23
Montagnais: folds 
Bdawgg17: folds 
Dr.RoccoPereira: folds 
perffect16: folds 
Uncalled bet ($0.17) returned to lbathayde
lbathayde collected $0.17 from pot
*** SUMMARY ***
Total pot $0.17 | Rake $0 
Seat 1: Almanza63 folded before Flop (didn't bet)
Seat 2: perffect16 folded before Flop
Seat 3: fuealejandro folded before Flop (didn't bet)
Seat 5: lbathayde (button) collected ($0.17)
Seat 6: Montagnais (small blind) folded before Flop
Seat 7: Bdawgg17 (big blind) folded before Flop
Seat 8: Dr.RoccoPereira folded before Flop
Seat 9: Dorex2007 folded before Flop (didn't bet)



PokerStars Hand #237070447122:  Hold'em No Limit ($0.01/$0.02 USD) - 2022/06/29 20:53:38 PT [2022/06/29 23:53:38 ET]
Table 'Peacock' 9-max Seat #6 is the button
Seat 1: Almanza63 ($1.93 in chips) 
Seat 2: perffect16 ($3.83 in chips) 
Seat 3: fuealejandro ($1.95 in chips) 
Seat 5: lbathayde ($1.51 in chips) 
Seat 6: Montagnais ($2.06 in chips) 
Seat 7: Bdawgg17 ($0.92 in chips) 
Seat 8: Dr.RoccoPereira ($3.61 in chips) 
Seat 9: Dorex2007 ($2.38 in chips) 
Bdawgg17: posts small blind $0.01
Dr.RoccoPereira: posts big blind $0.02
*** HOLE CARDS ***
Dealt to Dorex2007 [6h 4h]
Dorex2007: folds 
Almanza63: raises $0.04 to $0.06
perffect16: folds 
fuealejandro: raises $0.06 to $0.12
lbathayde: folds 
Montagnais: folds 
Bdawgg17: folds 
Dr.RoccoPereira: folds 
Almanza63: calls $0.06
*** FLOP *** [Ks Ac 3d]
Almanza63: checks 
fuealejandro: bets $0.18
FelipeScr1pt joins the table at seat #4 
Almanza63: calls $0.18
*** TURN *** [Ks Ac 3d] [6d]
Almanza63: checks 
fuealejandro: bets $0.50
Almanza63: folds 
Uncalled bet ($0.50) returned to fuealejandro
fuealejandro collected $0.61 from pot
*** SUMMARY ***
Total pot $0.63 | Rake $0.02 
Board [Ks Ac 3d 6d]
Seat 1: Almanza63 folded on the Turn
Seat 2: perffect16 folded before Flop (didn't bet)
Seat 3: fuealejandro collected ($0.61)
Seat 5: lbathayde folded before Flop (didn't bet)
Seat 6: Montagnais (button) folded before Flop (didn't bet)
Seat 7: Bdawgg17 (small blind) folded before Flop
Seat 8: Dr.RoccoPereira (big blind) folded before Flop
Seat 9: Dorex2007 folded before Flop (didn't bet)



PokerStars Hand #237070457579:  Hold'em No Limit ($0.01/$0.02 USD) - 2022/06/29 20:54:57 PT [2022/06/29 23:54:57 ET]
Table 'Peacock' 9-max Seat #8 is the button
Seat 1: Almanza63 ($1.63 in chips) 
Seat 2: perffect16 ($3.83 in chips) 
Seat 3: fuealejandro ($2.26 in chips) 
Seat 5: lbathayde ($1.51 in chips) 
Seat 6: Montagnais ($2.06 in chips) 
Seat 8: Dr.RoccoPereira ($3.59 in chips) 
Seat 9: Dorex2007 ($2.38 in chips) 
Dorex2007: posts small blind $0.01
Almanza63: posts big blind $0.02
FelipeScr1pt: sits out 
*** HOLE CARDS ***
Dealt to Dorex2007 [2c 7s]
perffect16: calls $0.02
fuealejandro: folds 
lbathayde: raises $0.09 to $0.11
Montagnais: folds 
Dr.RoccoPereira: calls $0.11
Dorex2007: folds 
Almanza63: folds 
perffect16: folds 
*** FLOP *** [Qh Jh 8d]
lbathayde: bets $0.13
Dr.RoccoPereira: calls $0.13
*** TURN *** [Qh Jh 8d] [5h]
lbathayde: checks 
Dr.RoccoPereira: bets $0.02
lbathayde: calls $0.02
*** RIVER *** [Qh Jh 8d 5h] [9c]
lbathayde: checks 
Dr.RoccoPereira: checks 
*** SHOW DOWN ***
lbathayde: shows [Js As] (a pair of Jacks)
Dr.RoccoPereira: mucks hand 
lbathayde collected $0.55 from pot
*** SUMMARY ***
Total pot $0.57 | Rake $0.02 
Board [Qh Jh 8d 5h 9c]
Seat 1: Almanza63 (big blind) folded before Flop
Seat 2: perffect16 folded before Flop
Seat 3: fuealejandro folded before Flop (didn't bet)
Seat 5: lbathayde showed [Js As] and won ($0.55) with a pair of Jacks
Seat 6: Montagnais folded before Flop (didn't bet)
Seat 8: Dr.RoccoPereira (button) mucked [8c 7c]
Seat 9: Dorex2007 (small blind) folded before Flop



PokerStars Hand #237070464938:  Hold'em No Limit ($0.01/$0.02 USD) - 2022/06/29 20:55:58 PT [2022/06/29 23:55:58 ET]
Table 'Peacock' 9-max Seat #9 is the button
Seat 1: Almanza63 ($1.61 in chips) 
Seat 2: perffect16 ($3.81 in chips) 
Seat 3: fuealejandro ($2.26 in chips) 
Seat 4: FelipeScr1pt ($2 in chips) 
Seat 5: lbathayde ($1.80 in chips) 
Seat 6: Montagnais ($2.06 in chips) 
Seat 8: Dr.RoccoPereira ($3.33 in chips) 
Seat 9: Dorex2007 ($2.37 in chips) 
Almanza63: posts small blind $0.01
perffect16: posts big blind $0.02
FelipeScr1pt: posts big blind $0.02
*** HOLE CARDS ***
Dealt to Dorex2007 [5s Qs]
fuealejandro: raises $0.06 to $0.08
FelipeScr1pt: folds 
lbathayde: folds 
Montagnais: folds 
Dr.RoccoPereira: folds 
Dorex2007: folds 
Almanza63: folds 
perffect16: folds 
Uncalled bet ($0.06) returned to fuealejandro
fuealejandro collected $0.07 from pot
*** SUMMARY ***
Total pot $0.07 | Rake $0 
Seat 1: Almanza63 (small blind) folded before Flop
Seat 2: perffect16 (big blind) folded before Flop
Seat 3: fuealejandro collected ($0.07)
Seat 4: FelipeScr1pt folded before Flop (didn't bet)
Seat 5: lbathayde folded before Flop (didn't bet)
Seat 6: Montagnais folded before Flop (didn't bet)
Seat 8: Dr.RoccoPereira folded before Flop (didn't bet)
Seat 9: Dorex2007 (button) folded before Flop (didn't bet)



PokerStars Hand #237070467993:  Hold'em No Limit ($0.01/$0.02 USD) - 2022/06/29 20:56:26 PT [2022/06/29 23:56:26 ET]
Table 'Peacock' 9-max Seat #1 is the button
Seat 1: Almanza63 ($1.60 in chips) 
Seat 2: perffect16 ($3.79 in chips) 
Seat 3: fuealejandro ($2.31 in chips) 
Seat 4: FelipeScr1pt ($1.98 in chips) 
Seat 5: lbathayde ($1.80 in chips) 
Seat 6: Montagnais ($2.06 in chips) 
Seat 8: Dr.RoccoPereira ($3.33 in chips) 
Seat 9: Dorex2007 ($2.37 in chips) 
perffect16: posts small blind $0.01
fuealejandro: posts big blind $0.02
*** HOLE CARDS ***
Dealt to Dorex2007 [2c 6c]
FelipeScr1pt: calls $0.02
lbathayde: folds 
Montagnais: folds 
Dr.RoccoPereira: calls $0.02
Dorex2007: folds 
Almanza63: calls $0.02
perffect16: folds 
fuealejandro: raises $0.06 to $0.08
FelipeScr1pt: folds 
Dr.RoccoPereira: calls $0.06
Almanza63: folds 
*** FLOP *** [3d Qd 5h]
fuealejandro: bets $0.07
Dr.RoccoPereira: calls $0.07
*** TURN *** [3d Qd 5h] [Jc]
fuealejandro: bets $0.17
Dr.RoccoPereira: folds 
Uncalled bet ($0.17) returned to fuealejandro
fuealejandro collected $0.34 from pot
*** SUMMARY ***
Total pot $0.35 | Rake $0.01 
Board [3d Qd 5h Jc]
Seat 1: Almanza63 (button) folded before Flop
Seat 2: perffect16 (small blind) folded before Flop
Seat 3: fuealejandro (big blind) collected ($0.34)
Seat 4: FelipeScr1pt folded before Flop
Seat 5: lbathayde folded before Flop (didn't bet)
Seat 6: Montagnais folded before Flop (didn't bet)
Seat 8: Dr.RoccoPereira folded on the Turn
Seat 9: Dorex2007 folded before Flop (didn't bet)



PokerStars Hand #237070482214:  Hold'em No Limit ($0.01/$0.02 USD) - 2022/06/29 20:57:44 PT [2022/06/29 23:57:44 ET]
Table 'Peacock' 9-max Seat #2 is the button
Seat 1: Almanza63 ($2 in chips) 
Seat 2: perffect16 ($3.78 in chips) 
Seat 3: fuealejandro ($2.50 in chips) 
Seat 4: FelipeScr1pt ($1.96 in chips) 
Seat 5: lbathayde ($1.80 in chips) 
Seat 6: Montagnais ($2.06 in chips) 
Seat 8: Dr.RoccoPereira ($3.18 in chips) 
Seat 9: Dorex2007 ($2.37 in chips) 
fuealejandro: posts small blind $0.01
FelipeScr1pt: posts big blind $0.02
*** HOLE CARDS ***
Dealt to Dorex2007 [3c 7c]
lbathayde: folds 
Montagnais: raises $2.04 to $2.06 and is all-in
Dr.RoccoPereira: folds 
Dorex2007: folds 
Almanza63: folds 
perffect16: folds 
fuealejandro: folds 
FelipeScr1pt: folds 
Uncalled bet ($2.04) returned to Montagnais
Montagnais collected $0.05 from pot
*** SUMMARY ***
Total pot $0.05 | Rake $0 
Seat 1: Almanza63 folded before Flop (didn't bet)
Seat 2: perffect16 (button) folded before Flop (didn't bet)
Seat 3: fuealejandro (small blind) folded before Flop
Seat 4: FelipeScr1pt (big blind) folded before Flop
Seat 5: lbathayde folded before Flop (didn't bet)
Seat 6: Montagnais collected ($0.05)
Seat 8: Dr.RoccoPereira folded before Flop (didn't bet)
Seat 9: Dorex2007 folded before Flop (didn't bet)



PokerStars Hand #237070484526:  Hold'em No Limit ($0.01/$0.02 USD) - 2022/06/29 20:58:04 PT [2022/06/29 23:58:04 ET]
Table 'Peacock' 9-max Seat #3 is the button
Seat 1: Almanza63 ($2 in chips) 
Seat 2: perffect16 ($3.78 in chips) 
Seat 3: fuealejandro ($2.49 in chips) 
Seat 4: FelipeScr1pt ($1.94 in chips) 
Seat 5: lbathayde ($1.80 in chips) 
Seat 6: Montagnais ($2.09 in chips) 
Seat 7: Bdawgg17 ($0.91 in chips) 
Seat 8: Dr.RoccoPereira ($3.18 in chips) 
Seat 9: Dorex2007 ($2.37 in chips) 
FelipeScr1pt: posts small blind $0.01
lbathayde: posts big blind $0.02
*** HOLE CARDS ***
Dealt to Dorex2007 [Kc 8c]
Montagnais: calls $0.02
Bdawgg17: folds 
Dr.RoccoPereira: folds 
Dorex2007: folds 
Almanza63: folds 
perffect16: calls $0.02
fuealejandro: folds 
FelipeScr1pt: folds 
lbathayde: checks 
*** FLOP *** [7h 3h 3c]
lbathayde: checks 
Montagnais: bets $0.07
perffect16: folds 
lbathayde: raises $0.07 to $0.14
Montagnais: raises $1.93 to $2.07 and is all-in
lbathayde: calls $1.64 and is all-in
Uncalled bet ($0.29) returned to Montagnais
*** TURN *** [7h 3h 3c] [4h]
*** RIVER *** [7h 3h 3c 4h] [Jh]
*** SHOW DOWN ***
lbathayde: shows [4c 3s] (a full house, Threes full of Fours)
Montagnais: shows [3d Jd] (a full house, Threes full of Jacks)
Montagnais collected $3.50 from pot
*** SUMMARY ***
Total pot $3.63 | Rake $0.13 
Board [7h 3h 3c 4h Jh]
Seat 1: Almanza63 folded before Flop (didn't bet)
Seat 2: perffect16 folded on the Flop
Seat 3: fuealejandro (button) folded before Flop (didn't bet)
Seat 4: FelipeScr1pt (small blind) folded before Flop
Seat 5: lbathayde (big blind) showed [4c 3s] and lost with a full house, Threes full of Fours
Seat 6: Montagnais showed [3d Jd] and won ($3.50) with a full house, Threes full of Jacks
Seat 7: Bdawgg17 folded before Flop (didn't bet)
Seat 8: Dr.RoccoPereira folded before Flop (didn't bet)
Seat 9: Dorex2007 folded before Flop (didn't bet)



PokerStars Hand #237070491071:  Hold'em No Limit ($0.01/$0.02 USD) - 2022/06/29 20:59:03 PT [2022/06/29 23:59:03 ET]
Table 'Peacock' 9-max Seat #4 is the button
Seat 1: Almanza63 ($2 in chips) 
Seat 2: perffect16 ($3.76 in chips) 
Seat 3: fuealejandro ($2.49 in chips) 
Seat 4: FelipeScr1pt ($1.93 in chips) 
Seat 5: lbathayde ($1.40 in chips) 
Seat 6: Montagnais ($3.79 in chips) 
Seat 7: Bdawgg17 ($0.91 in chips) 
Seat 8: Dr.RoccoPereira ($3.18 in chips) 
Seat 9: Dorex2007 ($2.37 in chips) 
lbathayde: posts small blind $0.01
Montagnais: posts big blind $0.02
*** HOLE CARDS ***
Dealt to Dorex2007 [9h Js]
Bdawgg17: folds 
Dr.RoccoPereira: folds 
Dorex2007: folds 
Almanza63: folds 
perffect16: folds 
fuealejandro: raises $0.03 to $0.05
FelipeScr1pt: raises $0.03 to $0.08
lbathayde: folds 
Montagnais: calls $0.06
fuealejandro: calls $0.03
*** FLOP *** [4s 8d Kh]
Montagnais: checks 
fuealejandro: checks 
FelipeScr1pt: bets $0.12
Montagnais: calls $0.12
fuealejandro: calls $0.12
*** TURN *** [4s 8d Kh] [9d]
Montagnais: checks 
fuealejandro: checks 
FelipeScr1pt: bets $0.28
Montagnais: folds 
fuealejandro: calls $0.28
*** RIVER *** [4s 8d Kh 9d] [2h]
fuealejandro: checks 
FelipeScr1pt: bets $0.50
fuealejandro: calls $0.50
*** SHOW DOWN ***
FelipeScr1pt: shows [Qc Ks] (a pair of Kings)
fuealejandro: mucks hand 
FelipeScr1pt collected $2.09 from pot
*** SUMMARY ***
Total pot $2.17 | Rake $0.08 
Board [4s 8d Kh 9d 2h]
Seat 1: Almanza63 folded before Flop (didn't bet)
Seat 2: perffect16 folded before Flop (didn't bet)
Seat 3: fuealejandro mucked [Kd Th]
Seat 4: FelipeScr1pt (button) showed [Qc Ks] and won ($2.09) with a pair of Kings
Seat 5: lbathayde (small blind) folded before Flop
Seat 6: Montagnais (big blind) folded on the Turn
Seat 7: Bdawgg17 folded before Flop (didn't bet)
Seat 8: Dr.RoccoPereira folded before Flop (didn't bet)
Seat 9: Dorex2007 folded before Flop (didn't bet)



