PokerStars Hand #237032205117:  Hold'em No Limit ($0.01/$0.02 USD) - 2022/06/27 20:31:48 PT [2022/06/27 23:31:48 ET]
Table 'Lioba' 9-max Seat #3 is the button
Seat 1: Dorex2007 ($2 in chips) 
Seat 2: EdipoLioncio ($3.68 in chips) 
Seat 3: TolikG55 ($2.84 in chips) 
Seat 4: Pedro Cec604 ($0.95 in chips) 
Seat 5: dgblapark ($3.49 in chips) 
Seat 6: VoidSmasher ($1.65 in chips) 
Seat 7: bigmars1 ($1.89 in chips) 
Seat 8: Tobiz89 ($2.91 in chips) 
Seat 9: dlolo30 ($1.53 in chips) 
Pedro Cec604: posts small blind $0.01
dgblapark: posts big blind $0.02
Dorex2007: posts big blind $0.02
*** HOLE CARDS ***
Dealt to Dorex2007 [2s Qh]
VoidSmasher: folds 
bigmars1: calls $0.02
Tobiz89: folds 
dlolo30: calls $0.02
Dorex2007: checks 
EdipoLioncio: folds 
TolikG55: folds 
Pedro Cec604: calls $0.01
dgblapark: checks 
*** FLOP *** [5c As 7c]
Pedro Cec604: checks 
dgblapark: checks 
bigmars1: checks 
dlolo30: checks 
Dorex2007: checks 
*** TURN *** [5c As 7c] [9s]
Pedro Cec604: bets $0.02
dgblapark: folds 
bigmars1: calls $0.02
dlolo30: folds 
Dorex2007: folds 
*** RIVER *** [5c As 7c 9s] [8d]
Pedro Cec604: bets $0.04
bigmars1: calls $0.04
*** SHOW DOWN ***
Pedro Cec604: shows [9c Jh] (a pair of Nines)
bigmars1: mucks hand 
Pedro Cec604 collected $0.21 from pot
*** SUMMARY ***
Total pot $0.22 | Rake $0.01 
Board [5c As 7c 9s 8d]
Seat 1: Dorex2007 folded on the Turn (didn't bet)
Seat 2: EdipoLioncio folded before Flop (didn't bet)
Seat 3: TolikG55 (button) folded before Flop (didn't bet)
Seat 4: Pedro Cec604 (small blind) showed [9c Jh] and won ($0.21) with a pair of Nines
Seat 5: dgblapark (big blind) folded on the Turn
Seat 6: VoidSmasher folded before Flop (didn't bet)
Seat 7: bigmars1 mucked [8h Th]
Seat 8: Tobiz89 folded before Flop (didn't bet)
Seat 9: dlolo30 folded on the Turn



PokerStars Hand #237032215837:  Hold'em No Limit ($0.01/$0.02 USD) - 2022/06/27 20:32:58 PT [2022/06/27 23:32:58 ET]
Table 'Lioba' 9-max Seat #4 is the button
Seat 1: Dorex2007 ($2 in chips) 
Seat 2: EdipoLioncio ($3.68 in chips) 
Seat 3: TolikG55 ($2.84 in chips) 
Seat 4: Pedro Cec604 ($1.08 in chips) 
Seat 5: dgblapark ($3.47 in chips) 
Seat 6: VoidSmasher ($1.65 in chips) 
Seat 7: bigmars1 ($1.81 in chips) 
Seat 8: Tobiz89 ($2.91 in chips) 
Seat 9: dlolo30 ($1.51 in chips) 
dgblapark: posts small blind $0.01
VoidSmasher: posts big blind $0.02
*** HOLE CARDS ***
Dealt to Dorex2007 [Js 6h]
bigmars1: calls $0.02
Tobiz89: folds 
dlolo30: raises $0.08 to $0.10
Dorex2007: folds 
EdipoLioncio: folds 
TolikG55: calls $0.10
Pedro Cec604: folds 
dgblapark: calls $0.09
VoidSmasher: folds 
bigmars1: calls $0.08
*** FLOP *** [3d Qd 5s]
dgblapark: checks 
bigmars1: checks 
dlolo30: bets $0.28
TolikG55: folds 
dgblapark: folds 
bigmars1: folds 
Uncalled bet ($0.28) returned to dlolo30
dlolo30 collected $0.41 from pot
*** SUMMARY ***
Total pot $0.42 | Rake $0.01 
Board [3d Qd 5s]
Seat 1: Dorex2007 folded before Flop (didn't bet)
Seat 2: EdipoLioncio folded before Flop (didn't bet)
Seat 3: TolikG55 folded on the Flop
Seat 4: Pedro Cec604 (button) folded before Flop (didn't bet)
Seat 5: dgblapark (small blind) folded on the Flop
Seat 6: VoidSmasher (big blind) folded before Flop
Seat 7: bigmars1 folded on the Flop
Seat 8: Tobiz89 folded before Flop (didn't bet)
Seat 9: dlolo30 collected ($0.41)



PokerStars Hand #237032234029:  Hold'em No Limit ($0.01/$0.02 USD) - 2022/06/27 20:34:01 PT [2022/06/27 23:34:01 ET]
Table 'Lioba' 9-max Seat #5 is the button
Seat 1: Dorex2007 ($2 in chips) 
Seat 2: EdipoLioncio ($3.68 in chips) 
Seat 3: TolikG55 ($2.74 in chips) 
Seat 4: Pedro Cec604 ($1.08 in chips) 
Seat 5: dgblapark ($3.37 in chips) 
Seat 6: VoidSmasher ($1.63 in chips) 
Seat 7: bigmars1 ($1.71 in chips) 
Seat 8: Tobiz89 ($2.91 in chips) 
Seat 9: dlolo30 ($1.82 in chips) 
VoidSmasher: posts small blind $0.01
bigmars1: posts big blind $0.02
*** HOLE CARDS ***
Dealt to Dorex2007 [As 7s]
Tobiz89: folds 
dlolo30: folds 
Dorex2007: calls $0.02
EdipoLioncio: folds 
TolikG55: folds 
Pedro Cec604: calls $0.02
dgblapark: folds 
VoidSmasher: calls $0.01
bigmars1: checks 
*** FLOP *** [Qc 5s 5c]
VoidSmasher: bets $0.02
bigmars1: calls $0.02
Dorex2007: calls $0.02
Pedro Cec604: folds 
*** TURN *** [Qc 5s 5c] [2c]
VoidSmasher: checks 
bigmars1: checks 
Dorex2007: checks 
*** RIVER *** [Qc 5s 5c 2c] [4h]
VoidSmasher: bets $0.02
bigmars1: calls $0.02
Dorex2007: folds 
*** SHOW DOWN ***
VoidSmasher: shows [8h 8s] (two pair, Eights and Fives)
bigmars1: mucks hand 
VoidSmasher collected $0.17 from pot
*** SUMMARY ***
Total pot $0.18 | Rake $0.01 
Board [Qc 5s 5c 2c 4h]
Seat 1: Dorex2007 folded on the River
Seat 2: EdipoLioncio folded before Flop (didn't bet)
Seat 3: TolikG55 folded before Flop (didn't bet)
Seat 4: Pedro Cec604 folded on the Flop
Seat 5: dgblapark (button) folded before Flop (didn't bet)
Seat 6: VoidSmasher (small blind) showed [8h 8s] and won ($0.17) with two pair, Eights and Fives
Seat 7: bigmars1 (big blind) mucked [9d 4s]
Seat 8: Tobiz89 folded before Flop (didn't bet)
Seat 9: dlolo30 folded before Flop (didn't bet)



PokerStars Hand #237032243729:  Hold'em No Limit ($0.01/$0.02 USD) - 2022/06/27 20:35:07 PT [2022/06/27 23:35:07 ET]
Table 'Lioba' 9-max Seat #6 is the button
Seat 1: Dorex2007 ($2 in chips) 
Seat 2: EdipoLioncio ($3.68 in chips) 
Seat 3: TolikG55 ($2.74 in chips) 
Seat 4: Pedro Cec604 ($1.06 in chips) 
Seat 5: dgblapark ($3.37 in chips) 
Seat 6: VoidSmasher ($1.74 in chips) 
Seat 7: bigmars1 ($1.65 in chips) 
Seat 8: Tobiz89 ($2.91 in chips) 
Seat 9: dlolo30 ($1.82 in chips) 
bigmars1: posts small blind $0.01
Tobiz89: posts big blind $0.02
*** HOLE CARDS ***
Dealt to Dorex2007 [7d Js]
dlolo30: folds 
Dorex2007: folds 
EdipoLioncio has timed out
EdipoLioncio: folds 
TolikG55: folds 
Pedro Cec604: folds 
dgblapark: folds 
VoidSmasher: folds 
bigmars1: folds 
Uncalled bet ($0.01) returned to Tobiz89
Tobiz89 collected $0.02 from pot
*** SUMMARY ***
Total pot $0.02 | Rake $0 
Seat 1: Dorex2007 folded before Flop (didn't bet)
Seat 2: EdipoLioncio folded before Flop (didn't bet)
Seat 3: TolikG55 folded before Flop (didn't bet)
Seat 4: Pedro Cec604 folded before Flop (didn't bet)
Seat 5: dgblapark folded before Flop (didn't bet)
Seat 6: VoidSmasher (button) folded before Flop (didn't bet)
Seat 7: bigmars1 (small blind) folded before Flop
Seat 8: Tobiz89 (big blind) collected ($0.02)
Seat 9: dlolo30 folded before Flop (didn't bet)



PokerStars Hand #237032248359:  Hold'em No Limit ($0.01/$0.02 USD) - 2022/06/27 20:35:37 PT [2022/06/27 23:35:37 ET]
Table 'Lioba' 9-max Seat #7 is the button
Seat 1: Dorex2007 ($2 in chips) 
Seat 2: EdipoLioncio ($3.68 in chips) 
Seat 3: TolikG55 ($2.74 in chips) 
Seat 4: Pedro Cec604 ($1.06 in chips) 
Seat 5: dgblapark ($3.37 in chips) 
Seat 6: VoidSmasher ($1.74 in chips) 
Seat 7: bigmars1 ($1.64 in chips) 
Seat 8: Tobiz89 ($2.92 in chips) 
Seat 9: dlolo30 ($1.82 in chips) 
Tobiz89: posts small blind $0.01
dlolo30: posts big blind $0.02
*** HOLE CARDS ***
Dealt to Dorex2007 [Ad 3s]
Dorex2007: folds 
EdipoLioncio: folds 
TolikG55: raises $0.02 to $0.04
Pedro Cec604: folds 
dgblapark: folds 
VoidSmasher: calls $0.04
bigmars1: calls $0.04
Tobiz89: calls $0.03
dlolo30: calls $0.02
*** FLOP *** [2c As Ks]
Tobiz89: checks 
dlolo30: checks 
TolikG55: bets $0.06
VoidSmasher: calls $0.06
bigmars1: calls $0.06
Tobiz89: folds 
dlolo30: calls $0.06
*** TURN *** [2c As Ks] [Jc]
dlolo30: checks 
TolikG55: checks 
VoidSmasher: checks 
bigmars1: bets $0.02
dlolo30: calls $0.02
TolikG55: calls $0.02
VoidSmasher: calls $0.02
*** RIVER *** [2c As Ks Jc] [Jd]
dlolo30: checks 
TolikG55: bets $0.02
VoidSmasher: calls $0.02
bigmars1: calls $0.02
dlolo30: folds 
*** SHOW DOWN ***
TolikG55: shows [4s Ac] (two pair, Aces and Jacks)
VoidSmasher: shows [Jh Th] (three of a kind, Jacks)
bigmars1: mucks hand 
VoidSmasher collected $0.56 from pot
*** SUMMARY ***
Total pot $0.58 | Rake $0.02 
Board [2c As Ks Jc Jd]
Seat 1: Dorex2007 folded before Flop (didn't bet)
Seat 2: EdipoLioncio folded before Flop (didn't bet)
Seat 3: TolikG55 showed [4s Ac] and lost with two pair, Aces and Jacks
Seat 4: Pedro Cec604 folded before Flop (didn't bet)
Seat 5: dgblapark folded before Flop (didn't bet)
Seat 6: VoidSmasher showed [Jh Th] and won ($0.56) with three of a kind, Jacks
Seat 7: bigmars1 (button) mucked [Tc Kc]
Seat 8: Tobiz89 (small blind) folded on the Flop
Seat 9: dlolo30 (big blind) folded on the River



PokerStars Hand #237032264684:  Hold'em No Limit ($0.01/$0.02 USD) - 2022/06/27 20:37:26 PT [2022/06/27 23:37:26 ET]
Table 'Lioba' 9-max Seat #8 is the button
Seat 1: Dorex2007 ($2 in chips) 
Seat 2: EdipoLioncio ($3.68 in chips) 
Seat 3: TolikG55 ($2.60 in chips) 
Seat 4: Pedro Cec604 ($1.06 in chips) 
Seat 5: dgblapark ($3.37 in chips) 
Seat 6: VoidSmasher ($2.16 in chips) 
Seat 7: bigmars1 ($1.50 in chips) 
Seat 8: Tobiz89 ($2.88 in chips) 
Seat 9: dlolo30 ($1.70 in chips) 
dlolo30: posts small blind $0.01
Dorex2007: posts big blind $0.02
*** HOLE CARDS ***
Dealt to Dorex2007 [7d 8s]
EdipoLioncio: raises $0.02 to $0.04
TolikG55: folds 
Pedro Cec604: folds 
dgblapark: folds 
VoidSmasher: folds 
bigmars1: calls $0.04
Tobiz89: folds 
dlolo30: folds 
Dorex2007: folds 
*** FLOP *** [Jd 3s Ah]
EdipoLioncio: bets $0.04
bigmars1: calls $0.04
*** TURN *** [Jd 3s Ah] [9d]
EdipoLioncio: bets $0.04
bigmars1: calls $0.04
*** RIVER *** [Jd 3s Ah 9d] [5d]
EdipoLioncio: bets $0.08
bigmars1: calls $0.08
*** SHOW DOWN ***
EdipoLioncio: shows [Ad Tc] (a pair of Aces)
bigmars1: mucks hand 
EdipoLioncio collected $0.41 from pot
*** SUMMARY ***
Total pot $0.43 | Rake $0.02 
Board [Jd 3s Ah 9d 5d]
Seat 1: Dorex2007 (big blind) folded before Flop
Seat 2: EdipoLioncio showed [Ad Tc] and won ($0.41) with a pair of Aces
Seat 3: TolikG55 folded before Flop (didn't bet)
Seat 4: Pedro Cec604 folded before Flop (didn't bet)
Seat 5: dgblapark folded before Flop (didn't bet)
Seat 6: VoidSmasher folded before Flop (didn't bet)
Seat 7: bigmars1 mucked [Js Qh]
Seat 8: Tobiz89 (button) folded before Flop (didn't bet)
Seat 9: dlolo30 (small blind) folded before Flop



PokerStars Hand #237032271254:  Hold'em No Limit ($0.01/$0.02 USD) - 2022/06/27 20:38:10 PT [2022/06/27 23:38:10 ET]
Table 'Lioba' 9-max Seat #9 is the button
Seat 1: Dorex2007 ($2 in chips) 
Seat 2: EdipoLioncio ($3.89 in chips) 
Seat 3: TolikG55 ($2.60 in chips) 
Seat 4: Pedro Cec604 ($1.06 in chips) 
Seat 5: dgblapark ($3.37 in chips) 
Seat 6: VoidSmasher ($2.16 in chips) 
Seat 7: bigmars1 ($1.30 in chips) 
Seat 8: Tobiz89 ($2.88 in chips) 
Seat 9: dlolo30 ($1.69 in chips) 
Dorex2007: posts small blind $0.01
EdipoLioncio: posts big blind $0.02
*** HOLE CARDS ***
Dealt to Dorex2007 [3s 2s]
TolikG55: folds 
Pedro Cec604: calls $0.02
dgblapark: calls $0.02
VoidSmasher: folds 
bigmars1: folds 
Tobiz89: folds 
dlolo30: folds 
Dorex2007: calls $0.01
EdipoLioncio: checks 
*** FLOP *** [3d Js 7c]
Dorex2007: checks 
EdipoLioncio: checks 
Pedro Cec604: checks 
dgblapark: bets $0.04
Dorex2007: folds 
EdipoLioncio: folds 
Pedro Cec604: folds 
Uncalled bet ($0.04) returned to dgblapark
dgblapark collected $0.08 from pot
*** SUMMARY ***
Total pot $0.08 | Rake $0 
Board [3d Js 7c]
Seat 1: Dorex2007 (small blind) folded on the Flop
Seat 2: EdipoLioncio (big blind) folded on the Flop
Seat 3: TolikG55 folded before Flop (didn't bet)
Seat 4: Pedro Cec604 folded on the Flop
Seat 5: dgblapark collected ($0.08)
Seat 6: VoidSmasher folded before Flop (didn't bet)
Seat 7: bigmars1 folded before Flop (didn't bet)
Seat 8: Tobiz89 folded before Flop (didn't bet)
Seat 9: dlolo30 (button) folded before Flop (didn't bet)



PokerStars Hand #237032280860:  Hold'em No Limit ($0.01/$0.02 USD) - 2022/06/27 20:39:15 PT [2022/06/27 23:39:15 ET]
Table 'Lioba' 9-max Seat #1 is the button
Seat 1: Dorex2007 ($2 in chips) 
Seat 2: EdipoLioncio ($3.87 in chips) 
Seat 3: TolikG55 ($2.60 in chips) 
Seat 4: Pedro Cec604 ($1.04 in chips) 
Seat 5: dgblapark ($3.43 in chips) 
Seat 6: VoidSmasher ($2.16 in chips) 
Seat 7: bigmars1 ($1.30 in chips) 
Seat 8: Tobiz89 ($2.88 in chips) 
Seat 9: dlolo30 ($1.69 in chips) 
EdipoLioncio: posts small blind $0.01
TolikG55: posts big blind $0.02
*** HOLE CARDS ***
Dealt to Dorex2007 [7s Qc]
Pedro Cec604: calls $0.02
dgblapark: calls $0.02
VoidSmasher: calls $0.02
bigmars1: calls $0.02
Tobiz89: folds 
dlolo30: folds 
Dorex2007: folds 
EdipoLioncio: folds 
TolikG55: checks 
*** FLOP *** [9s 4s 8h]
TolikG55: checks 
Pedro Cec604: checks 
dgblapark: checks 
VoidSmasher: checks 
bigmars1: checks 
*** TURN *** [9s 4s 8h] [Kc]
TolikG55: checks 
Pedro Cec604: checks 
dgblapark: bets $0.04
VoidSmasher: calls $0.04
bigmars1: folds 
TolikG55: folds 
Pedro Cec604: calls $0.04
*** RIVER *** [9s 4s 8h Kc] [3s]
Pedro Cec604: checks 
dgblapark: bets $0.04
VoidSmasher: folds 
Pedro Cec604: calls $0.04
*** SHOW DOWN ***
dgblapark: shows [Ac Ks] (a pair of Kings)
Pedro Cec604: shows [Ts 6s] (a flush, Ten high)
Pedro Cec604 collected $0.30 from pot
*** SUMMARY ***
Total pot $0.31 | Rake $0.01 
Board [9s 4s 8h Kc 3s]
Seat 1: Dorex2007 (button) folded before Flop (didn't bet)
Seat 2: EdipoLioncio (small blind) folded before Flop
Seat 3: TolikG55 (big blind) folded on the Turn
Seat 4: Pedro Cec604 showed [Ts 6s] and won ($0.30) with a flush, Ten high
Seat 5: dgblapark showed [Ac Ks] and lost with a pair of Kings
Seat 6: VoidSmasher folded on the River
Seat 7: bigmars1 folded on the Turn
Seat 8: Tobiz89 folded before Flop (didn't bet)
Seat 9: dlolo30 folded before Flop (didn't bet)



PokerStars Hand #237032292859:  Hold'em No Limit ($0.01/$0.02 USD) - 2022/06/27 20:40:35 PT [2022/06/27 23:40:35 ET]
Table 'Lioba' 9-max Seat #2 is the button
Seat 1: Dorex2007 ($2 in chips) 
Seat 2: EdipoLioncio ($3.86 in chips) 
Seat 3: TolikG55 ($2.58 in chips) 
Seat 4: Pedro Cec604 ($1.24 in chips) 
Seat 5: dgblapark ($3.33 in chips) 
Seat 6: VoidSmasher ($2.10 in chips) 
Seat 7: bigmars1 ($1.28 in chips) 
Seat 8: Tobiz89 ($2.88 in chips) 
Seat 9: dlolo30 ($1.69 in chips) 
TolikG55: posts small blind $0.01
Pedro Cec604: posts big blind $0.02
*** HOLE CARDS ***
Dealt to Dorex2007 [Qc 5h]
dgblapark: folds 
VoidSmasher: calls $0.02
bigmars1: calls $0.02
Tobiz89: folds 
dlolo30: calls $0.02
Dorex2007: folds 
EdipoLioncio: folds 
TolikG55: calls $0.01
Pedro Cec604: checks 
*** FLOP *** [3d Js Jd]
TolikG55: checks 
Pedro Cec604: checks 
VoidSmasher: checks 
bigmars1: checks 
dlolo30: checks 
*** TURN *** [3d Js Jd] [Kh]
TolikG55: checks 
Pedro Cec604: checks 
VoidSmasher: bets $0.02
bigmars1: calls $0.02
dlolo30: folds 
TolikG55: calls $0.02
Pedro Cec604: raises $0.04 to $0.06
VoidSmasher: calls $0.04
bigmars1: calls $0.04
TolikG55: calls $0.04
*** RIVER *** [3d Js Jd Kh] [4h]
TolikG55: checks 
Pedro Cec604: checks 
VoidSmasher: checks 
bigmars1: bets $0.14
TolikG55: folds 
Pedro Cec604: raises $0.37 to $0.51
VoidSmasher: folds 
bigmars1: calls $0.37
*** SHOW DOWN ***
Pedro Cec604: shows [3h Jc] (a full house, Jacks full of Threes)
bigmars1: mucks hand 
Pedro Cec604 collected $1.31 from pot
*** SUMMARY ***
Total pot $1.36 | Rake $0.05 
Board [3d Js Jd Kh 4h]
Seat 1: Dorex2007 folded before Flop (didn't bet)
Seat 2: EdipoLioncio (button) folded before Flop (didn't bet)
Seat 3: TolikG55 (small blind) folded on the River
Seat 4: Pedro Cec604 (big blind) showed [3h Jc] and won ($1.31) with a full house, Jacks full of Threes
Seat 5: dgblapark folded before Flop (didn't bet)
Seat 6: VoidSmasher folded on the River
Seat 7: bigmars1 mucked [Kc 6h]
Seat 8: Tobiz89 folded before Flop (didn't bet)
Seat 9: dlolo30 folded on the Turn



PokerStars Hand #237032313274:  Hold'em No Limit ($0.01/$0.02 USD) - 2022/06/27 20:42:22 PT [2022/06/27 23:42:22 ET]
Table 'Lioba' 9-max Seat #3 is the button
Seat 1: Dorex2007 ($2 in chips) 
Seat 2: EdipoLioncio ($3.86 in chips) 
Seat 3: TolikG55 ($2.50 in chips) 
Seat 4: Pedro Cec604 ($1.96 in chips) 
Seat 5: dgblapark ($3.33 in chips) 
Seat 6: VoidSmasher ($2.02 in chips) 
Seat 7: bigmars1 ($0.69 in chips) 
Seat 8: Tobiz89 ($2.88 in chips) 
Seat 9: dlolo30 ($1.67 in chips) 
Pedro Cec604: posts small blind $0.01
dgblapark: posts big blind $0.02
*** HOLE CARDS ***
Dealt to Dorex2007 [5c Td]
VoidSmasher: calls $0.02
bigmars1: calls $0.02
Tobiz89: folds 
dlolo30: folds 
Dorex2007: folds 
EdipoLioncio: folds 
TolikG55: calls $0.02
Pedro Cec604: calls $0.01
dgblapark: checks 
*** FLOP *** [2s Ts 9d]
Pedro Cec604: checks 
dgblapark: checks 
VoidSmasher: checks 
bigmars1: checks 
TolikG55: checks 
*** TURN *** [2s Ts 9d] [Qd]
Pedro Cec604: bets $0.02
dgblapark: folds 
VoidSmasher: calls $0.02
bigmars1: calls $0.02
TolikG55: folds 
*** RIVER *** [2s Ts 9d Qd] [Qh]
Pedro Cec604: bets $0.07
VoidSmasher: folds 
bigmars1: folds 
Uncalled bet ($0.07) returned to Pedro Cec604
Pedro Cec604 collected $0.15 from pot
*** SUMMARY ***
Total pot $0.16 | Rake $0.01 
Board [2s Ts 9d Qd Qh]
Seat 1: Dorex2007 folded before Flop (didn't bet)
Seat 2: EdipoLioncio folded before Flop (didn't bet)
Seat 3: TolikG55 (button) folded on the Turn
Seat 4: Pedro Cec604 (small blind) collected ($0.15)
Seat 5: dgblapark (big blind) folded on the Turn
Seat 6: VoidSmasher folded on the River
Seat 7: bigmars1 folded on the River
Seat 8: Tobiz89 folded before Flop (didn't bet)
Seat 9: dlolo30 folded before Flop (didn't bet)



PokerStars Hand #237032320689:  Hold'em No Limit ($0.01/$0.02 USD) - 2022/06/27 20:43:12 PT [2022/06/27 23:43:12 ET]
Table 'Lioba' 9-max Seat #4 is the button
Seat 1: Dorex2007 ($2 in chips) 
Seat 2: EdipoLioncio ($3.86 in chips) 
Seat 3: TolikG55 ($2.48 in chips) 
Seat 4: Pedro Cec604 ($2.07 in chips) 
Seat 5: dgblapark ($3.31 in chips) 
Seat 6: VoidSmasher ($1.98 in chips) 
Seat 7: bigmars1 ($0.65 in chips) 
Seat 8: Tobiz89 ($2.88 in chips) 
Seat 9: dlolo30 ($1.67 in chips) 
dgblapark: posts small blind $0.01
VoidSmasher: posts big blind $0.02
*** HOLE CARDS ***
Dealt to Dorex2007 [4h Ah]
bigmars1: calls $0.02
Tobiz89: folds 
dlolo30 has timed out
dlolo30: folds 
Dorex2007: calls $0.02
EdipoLioncio: folds 
TolikG55: folds 
Pedro Cec604: calls $0.02
dgblapark: folds 
VoidSmasher: checks 
*** FLOP *** [5s Js Ts]
VoidSmasher: checks 
bigmars1: bets $0.02
Dorex2007: folds 
Pedro Cec604: calls $0.02
VoidSmasher: folds 
*** TURN *** [5s Js Ts] [Jd]
bigmars1: checks 
Pedro Cec604: checks 
*** RIVER *** [5s Js Ts Jd] [3d]
bigmars1: checks 
Pedro Cec604: bets $0.13
bigmars1: folds 
Uncalled bet ($0.13) returned to Pedro Cec604
Pedro Cec604 collected $0.13 from pot
*** SUMMARY ***
Total pot $0.13 | Rake $0 
Board [5s Js Ts Jd 3d]
Seat 1: Dorex2007 folded on the Flop
Seat 2: EdipoLioncio folded before Flop (didn't bet)
Seat 3: TolikG55 folded before Flop (didn't bet)
Seat 4: Pedro Cec604 (button) collected ($0.13)
Seat 5: dgblapark (small blind) folded before Flop
Seat 6: VoidSmasher (big blind) folded on the Flop
Seat 7: bigmars1 folded on the River
Seat 8: Tobiz89 folded before Flop (didn't bet)
Seat 9: dlolo30 folded before Flop (didn't bet)



PokerStars Hand #237032330394:  Hold'em No Limit ($0.01/$0.02 USD) - 2022/06/27 20:44:19 PT [2022/06/27 23:44:19 ET]
Table 'Lioba' 9-max Seat #5 is the button
Seat 1: Dorex2007 ($2 in chips) 
Seat 2: EdipoLioncio ($3.86 in chips) 
Seat 3: TolikG55 ($2.48 in chips) 
Seat 4: Pedro Cec604 ($2.16 in chips) 
Seat 5: dgblapark ($3.30 in chips) 
Seat 6: VoidSmasher ($1.96 in chips) 
Seat 7: bigmars1 ($0.61 in chips) 
Seat 8: Tobiz89 ($2.88 in chips) 
VoidSmasher: posts small blind $0.01
bigmars1: posts big blind $0.02
*** HOLE CARDS ***
Dealt to Dorex2007 [8d 2c]
Tobiz89: folds 
Dorex2007: folds 
EdipoLioncio: folds 
TolikG55: folds 
Pedro Cec604: folds 
dgblapark: folds 
VoidSmasher: folds 
Uncalled bet ($0.01) returned to bigmars1
bigmars1 collected $0.02 from pot
*** SUMMARY ***
Total pot $0.02 | Rake $0 
Seat 1: Dorex2007 folded before Flop (didn't bet)
Seat 2: EdipoLioncio folded before Flop (didn't bet)
Seat 3: TolikG55 folded before Flop (didn't bet)
Seat 4: Pedro Cec604 folded before Flop (didn't bet)
Seat 5: dgblapark (button) folded before Flop (didn't bet)
Seat 6: VoidSmasher (small blind) folded before Flop
Seat 7: bigmars1 (big blind) collected ($0.02)
Seat 8: Tobiz89 folded before Flop (didn't bet)



PokerStars Hand #237032331979:  Hold'em No Limit ($0.01/$0.02 USD) - 2022/06/27 20:44:29 PT [2022/06/27 23:44:29 ET]
Table 'Lioba' 9-max Seat #6 is the button
Seat 1: Dorex2007 ($2 in chips) 
Seat 2: EdipoLioncio ($3.86 in chips) 
Seat 3: TolikG55 ($2.48 in chips) 
Seat 4: Pedro Cec604 ($2.16 in chips) 
Seat 5: dgblapark ($3.30 in chips) 
Seat 6: VoidSmasher ($1.95 in chips) 
Seat 7: bigmars1 ($0.62 in chips) 
Seat 8: Tobiz89 ($2.88 in chips) 
bigmars1: posts small blind $0.01
Tobiz89: posts big blind $0.02
*** HOLE CARDS ***
Dealt to Dorex2007 [Ac Ad]
Dorex2007: raises $0.06 to $0.08
EdipoLioncio: folds 
TolikG55: folds 
Pedro Cec604: folds 
dgblapark: folds 
VoidSmasher: folds 
bigmars1: folds 
Tobiz89: folds 
Uncalled bet ($0.06) returned to Dorex2007
Dorex2007 collected $0.05 from pot
*** SUMMARY ***
Total pot $0.05 | Rake $0 
Seat 1: Dorex2007 collected ($0.05)
Seat 2: EdipoLioncio folded before Flop (didn't bet)
Seat 3: TolikG55 folded before Flop (didn't bet)
Seat 4: Pedro Cec604 folded before Flop (didn't bet)
Seat 5: dgblapark folded before Flop (didn't bet)
Seat 6: VoidSmasher (button) folded before Flop (didn't bet)
Seat 7: bigmars1 (small blind) folded before Flop
Seat 8: Tobiz89 (big blind) folded before Flop



PokerStars Hand #237032335406:  Hold'em No Limit ($0.01/$0.02 USD) - 2022/06/27 20:44:53 PT [2022/06/27 23:44:53 ET]
Table 'Lioba' 9-max Seat #7 is the button
Seat 1: Dorex2007 ($2.03 in chips) 
Seat 2: EdipoLioncio ($3.86 in chips) 
Seat 3: TolikG55 ($2.48 in chips) 
Seat 4: Pedro Cec604 ($2.16 in chips) 
Seat 5: dgblapark ($3.30 in chips) 
Seat 6: VoidSmasher ($1.95 in chips) 
Seat 7: bigmars1 ($0.61 in chips) 
Seat 8: Tobiz89 ($2.86 in chips) 
Tobiz89: posts small blind $0.01
Dorex2007: posts big blind $0.02
*** HOLE CARDS ***
Dealt to Dorex2007 [5d 3c]
EdipoLioncio: folds 
TolikG55: calls $0.02
Pedro Cec604: calls $0.02
dgblapark: folds 
VoidSmasher: folds 
bigmars1: folds 
Tobiz89: calls $0.01
Dorex2007: checks 
*** FLOP *** [As 3h Td]
Tobiz89: checks 
Dorex2007: checks 
TolikG55: bets $0.02
Pedro Cec604: calls $0.02
Tobiz89: folds 
Dorex2007: calls $0.02
*** TURN *** [As 3h Td] [4c]
Dorex2007: checks 
TolikG55: bets $0.04
Pedro Cec604: calls $0.04
Dorex2007: folds 
*** RIVER *** [As 3h Td 4c] [Ac]
TolikG55: bets $0.08
dlolo30 leaves the table
Pedro Cec604: calls $0.08
*** SHOW DOWN ***
TolikG55: shows [Ah 5c] (three of a kind, Aces)
Pedro Cec604: mucks hand 
TolikG55 collected $0.37 from pot
*** SUMMARY ***
Total pot $0.38 | Rake $0.01 
Board [As 3h Td 4c Ac]
Seat 1: Dorex2007 (big blind) folded on the Turn
Seat 2: EdipoLioncio folded before Flop (didn't bet)
Seat 3: TolikG55 showed [Ah 5c] and won ($0.37) with three of a kind, Aces
Seat 4: Pedro Cec604 mucked [Qs Tc]
Seat 5: dgblapark folded before Flop (didn't bet)
Seat 6: VoidSmasher folded before Flop (didn't bet)
Seat 7: bigmars1 (button) folded before Flop (didn't bet)
Seat 8: Tobiz89 (small blind) folded on the Flop



PokerStars Hand #237032349672:  Hold'em No Limit ($0.01/$0.02 USD) - 2022/06/27 20:46:12 PT [2022/06/27 23:46:12 ET]
Table 'Lioba' 9-max Seat #8 is the button
Seat 1: Dorex2007 ($2 in chips) 
Seat 2: EdipoLioncio ($3.86 in chips) 
Seat 3: TolikG55 ($2.69 in chips) 
Seat 4: Pedro Cec604 ($2 in chips) 
Seat 5: dgblapark ($3.30 in chips) 
Seat 6: VoidSmasher ($1.95 in chips) 
Seat 7: bigmars1 ($0.61 in chips) 
Seat 8: Tobiz89 ($2.84 in chips) 
Dorex2007: posts small blind $0.01
EdipoLioncio: posts big blind $0.02
*** HOLE CARDS ***
Dealt to Dorex2007 [7c Qc]
TolikG55: calls $0.02
Pedro Cec604: calls $0.02
dgblapark: calls $0.02
VoidSmasher: folds 
bigmars1: calls $0.02
Tobiz89: folds 
Dorex2007: calls $0.01
EdipoLioncio: checks 
*** FLOP *** [7s 2d Kh]
Dorex2007: checks 
EdipoLioncio: checks 
TolikG55: checks 
Pedro Cec604: bets $0.04
dgblapark: calls $0.04
bigmars1: folds 
Dorex2007: folds 
EdipoLioncio: folds 
TolikG55: folds 
*** TURN *** [7s 2d Kh] [Qh]
Pedro Cec604: bets $0.04
dgblapark: calls $0.04
*** RIVER *** [7s 2d Kh Qh] [2c]
Pedro Cec604: bets $0.08
dgblapark: calls $0.08
*** SHOW DOWN ***
Pedro Cec604: shows [Tc Kd] (two pair, Kings and Deuces)
dgblapark: shows [Kc As] (two pair, Kings and Deuces - Ace kicker)
dgblapark collected $0.42 from pot
*** SUMMARY ***
Total pot $0.44 | Rake $0.02 
Board [7s 2d Kh Qh 2c]
Seat 1: Dorex2007 (small blind) folded on the Flop
Seat 2: EdipoLioncio (big blind) folded on the Flop
Seat 3: TolikG55 folded on the Flop
Seat 4: Pedro Cec604 showed [Tc Kd] and lost with two pair, Kings and Deuces
Seat 5: dgblapark showed [Kc As] and won ($0.42) with two pair, Kings and Deuces
Seat 6: VoidSmasher folded before Flop (didn't bet)
Seat 7: bigmars1 folded on the Flop
Seat 8: Tobiz89 (button) folded before Flop (didn't bet)



PokerStars Hand #237032359175:  Hold'em No Limit ($0.01/$0.02 USD) - 2022/06/27 20:47:18 PT [2022/06/27 23:47:18 ET]
Table 'Lioba' 9-max Seat #1 is the button
Seat 1: Dorex2007 ($2 in chips) 
Seat 2: EdipoLioncio ($3.84 in chips) 
Seat 3: TolikG55 ($2.67 in chips) 
Seat 4: Pedro Cec604 ($1.82 in chips) 
Seat 5: dgblapark ($3.54 in chips) 
Seat 6: VoidSmasher ($1.95 in chips) 
Seat 7: bigmars1 ($0.59 in chips) 
Seat 8: Tobiz89 ($2.84 in chips) 
EdipoLioncio: posts small blind $0.01
TolikG55: posts big blind $0.02
*** HOLE CARDS ***
Dealt to Dorex2007 [Qc Kd]
aquaman82 joins the table at seat #9 
Pedro Cec604: folds 
dgblapark: folds 
VoidSmasher: calls $0.02
bigmars1: folds 
Tobiz89: folds 
Dorex2007: raises $0.04 to $0.06
EdipoLioncio: folds 
TolikG55: calls $0.04
VoidSmasher: calls $0.04
*** FLOP *** [3h Jh Jd]
TolikG55: checks 
VoidSmasher: checks 
Dorex2007: bets $0.12
TolikG55: folds 
VoidSmasher: folds 
Uncalled bet ($0.12) returned to Dorex2007
Dorex2007 collected $0.18 from pot
*** SUMMARY ***
Total pot $0.19 | Rake $0.01 
Board [3h Jh Jd]
Seat 1: Dorex2007 (button) collected ($0.18)
Seat 2: EdipoLioncio (small blind) folded before Flop
Seat 3: TolikG55 (big blind) folded on the Flop
Seat 4: Pedro Cec604 folded before Flop (didn't bet)
Seat 5: dgblapark folded before Flop (didn't bet)
Seat 6: VoidSmasher folded on the Flop
Seat 7: bigmars1 folded before Flop (didn't bet)
Seat 8: Tobiz89 folded before Flop (didn't bet)



PokerStars Hand #237032365766:  Hold'em No Limit ($0.01/$0.02 USD) - 2022/06/27 20:48:03 PT [2022/06/27 23:48:03 ET]
Table 'Lioba' 9-max Seat #2 is the button
Seat 1: Dorex2007 ($2.12 in chips) 
Seat 2: EdipoLioncio ($3.83 in chips) 
Seat 3: TolikG55 ($2.61 in chips) 
Seat 4: Pedro Cec604 ($1.82 in chips) 
Seat 5: dgblapark ($3.54 in chips) 
Seat 6: VoidSmasher ($1.89 in chips) 
Seat 7: bigmars1 ($0.59 in chips) 
Seat 8: Tobiz89 ($2.84 in chips) 
TolikG55: posts small blind $0.01
Pedro Cec604: posts big blind $0.02
aquaman82: sits out 
*** HOLE CARDS ***
Dealt to Dorex2007 [7c 9s]
dgblapark: folds 
VoidSmasher: calls $0.02
bigmars1: folds 
Tobiz89: folds 
Dorex2007: folds 
EdipoLioncio: raises $0.02 to $0.04
TolikG55: folds 
Pedro Cec604: calls $0.02
VoidSmasher: calls $0.02
*** FLOP *** [7s 2d Kd]
Pedro Cec604: checks 
VoidSmasher: bets $0.13
EdipoLioncio: folds 
Pedro Cec604: folds 
Uncalled bet ($0.13) returned to VoidSmasher
VoidSmasher collected $0.13 from pot
*** SUMMARY ***
Total pot $0.13 | Rake $0 
Board [7s 2d Kd]
Seat 1: Dorex2007 folded before Flop (didn't bet)
Seat 2: EdipoLioncio (button) folded on the Flop
Seat 3: TolikG55 (small blind) folded before Flop
Seat 4: Pedro Cec604 (big blind) folded on the Flop
Seat 5: dgblapark folded before Flop (didn't bet)
Seat 6: VoidSmasher collected ($0.13)
Seat 7: bigmars1 folded before Flop (didn't bet)
Seat 8: Tobiz89 folded before Flop (didn't bet)



PokerStars Hand #237032371227:  Hold'em No Limit ($0.01/$0.02 USD) - 2022/06/27 20:48:41 PT [2022/06/27 23:48:41 ET]
Table 'Lioba' 9-max Seat #3 is the button
Seat 1: Dorex2007 ($2.12 in chips) 
Seat 2: EdipoLioncio ($3.79 in chips) 
Seat 3: TolikG55 ($2.60 in chips) 
Seat 4: Pedro Cec604 ($1.78 in chips) 
Seat 5: dgblapark ($3.54 in chips) 
Seat 6: VoidSmasher ($1.98 in chips) 
Seat 7: bigmars1 ($0.59 in chips) 
Seat 8: Tobiz89 ($2.84 in chips) 
Pedro Cec604: posts small blind $0.01
dgblapark: posts big blind $0.02
aquaman82: sits out 
*** HOLE CARDS ***
Dealt to Dorex2007 [8c Jc]
VoidSmasher: folds 
bigmars1: calls $0.02
Tobiz89: folds 
Dorex2007: calls $0.02
EdipoLioncio: raises $0.06 to $0.08
TolikG55: calls $0.08
Pedro Cec604: folds 
dgblapark: calls $0.06
bigmars1: calls $0.06
Dorex2007: calls $0.06
*** FLOP *** [3c 9s 2h]
dgblapark: checks 
bigmars1: checks 
Dorex2007: bets $0.20
VoidSmasher is disconnected 
EdipoLioncio: calls $0.20
TolikG55: folds 
dgblapark: folds 
bigmars1: folds 
*** TURN *** [3c 9s 2h] [3s]
Dorex2007: checks 
EdipoLioncio: checks 
*** RIVER *** [3c 9s 2h 3s] [5h]
Dorex2007: bets $0.28
EdipoLioncio: folds 
Uncalled bet ($0.28) returned to Dorex2007
Dorex2007 collected $0.78 from pot
*** SUMMARY ***
Total pot $0.81 | Rake $0.03 
Board [3c 9s 2h 3s 5h]
Seat 1: Dorex2007 collected ($0.78)
Seat 2: EdipoLioncio folded on the River
Seat 3: TolikG55 (button) folded on the Flop
Seat 4: Pedro Cec604 (small blind) folded before Flop
Seat 5: dgblapark (big blind) folded on the Flop
Seat 6: VoidSmasher folded before Flop (didn't bet)
Seat 7: bigmars1 folded on the Flop
Seat 8: Tobiz89 folded before Flop (didn't bet)



PokerStars Hand #237032385924:  Hold'em No Limit ($0.01/$0.02 USD) - 2022/06/27 20:50:24 PT [2022/06/27 23:50:24 ET]
Table 'Lioba' 9-max Seat #4 is the button
Seat 1: Dorex2007 ($2.62 in chips) 
Seat 2: EdipoLioncio ($3.51 in chips) 
Seat 3: TolikG55 ($2.52 in chips) 
Seat 4: Pedro Cec604 ($1.77 in chips) 
Seat 5: dgblapark ($3.46 in chips) 
Seat 7: bigmars1 ($0.51 in chips) 
Seat 8: Tobiz89 ($2.84 in chips) 
dgblapark: posts small blind $0.01
VoidSmasher has timed out while disconnected
VoidSmasher: is sitting out 
bigmars1: posts big blind $0.02
aquaman82: sits out 
*** HOLE CARDS ***
Dealt to Dorex2007 [2s 7c]
Tobiz89: folds 
Dorex2007: folds 
EdipoLioncio: folds 
TolikG55: calls $0.02
Pedro Cec604: folds 
dgblapark: calls $0.01
bigmars1: checks 
*** FLOP *** [8h 2c Td]
dgblapark: checks 
bigmars1: checks 
TolikG55: bets $0.02
dgblapark: folds 
bigmars1: folds 
Uncalled bet ($0.02) returned to TolikG55
TolikG55 collected $0.06 from pot
*** SUMMARY ***
Total pot $0.06 | Rake $0 
Board [8h 2c Td]
Seat 1: Dorex2007 folded before Flop (didn't bet)
Seat 2: EdipoLioncio folded before Flop (didn't bet)
Seat 3: TolikG55 collected ($0.06)
Seat 4: Pedro Cec604 (button) folded before Flop (didn't bet)
Seat 5: dgblapark (small blind) folded on the Flop
Seat 7: bigmars1 (big blind) folded on the Flop
Seat 8: Tobiz89 folded before Flop (didn't bet)



PokerStars Hand #237032390431:  Hold'em No Limit ($0.01/$0.02 USD) - 2022/06/27 20:50:54 PT [2022/06/27 23:50:54 ET]
Table 'Lioba' 9-max Seat #5 is the button
Seat 1: Dorex2007 ($2.62 in chips) 
Seat 2: EdipoLioncio ($3.51 in chips) 
Seat 3: TolikG55 ($2.56 in chips) 
Seat 4: Pedro Cec604 ($1.77 in chips) 
Seat 5: dgblapark ($3.44 in chips) 
Seat 8: Tobiz89 ($2.84 in chips) 
Seat 9: aquaman82 ($0.80 in chips) 
Tobiz89: posts small blind $0.01
aquaman82: posts big blind $0.02
*** HOLE CARDS ***
Dealt to Dorex2007 [Qh Ah]
Dorex2007: raises $0.04 to $0.06
EdipoLioncio: folds 
TolikG55: folds 
Pedro Cec604: folds 
dgblapark: folds 
Tobiz89: folds 
aquaman82: calls $0.04
*** FLOP *** [2c 5d 4c]
aquaman82: checks 
dgblapark leaves the table
Dorex2007: checks 
*** TURN *** [2c 5d 4c] [8h]
aquaman82: bets $0.08
MLE02 joins the table at seat #5 
Dorex2007: folds 
Uncalled bet ($0.08) returned to aquaman82
aquaman82 collected $0.13 from pot
*** SUMMARY ***
Total pot $0.13 | Rake $0 
Board [2c 5d 4c 8h]
Seat 1: Dorex2007 folded on the Turn
Seat 2: EdipoLioncio folded before Flop (didn't bet)
Seat 3: TolikG55 folded before Flop (didn't bet)
Seat 4: Pedro Cec604 folded before Flop (didn't bet)
Seat 5: dgblapark (button) folded before Flop (didn't bet)
Seat 8: Tobiz89 (small blind) folded before Flop
Seat 9: aquaman82 (big blind) collected ($0.13)



PokerStars Hand #237032396482:  Hold'em No Limit ($0.01/$0.02 USD) - 2022/06/27 20:51:36 PT [2022/06/27 23:51:36 ET]
Table 'Lioba' 9-max Seat #8 is the button
Seat 1: Dorex2007 ($2.56 in chips) 
Seat 2: EdipoLioncio ($3.51 in chips) 
Seat 3: TolikG55 ($2.56 in chips) 
Seat 4: Pedro Cec604 ($1.77 in chips) 
Seat 8: Tobiz89 ($2.83 in chips) 
Seat 9: aquaman82 ($0.87 in chips) 
aquaman82: posts small blind $0.01
Dorex2007: posts big blind $0.02
MLE02: sits out 
*** HOLE CARDS ***
Dealt to Dorex2007 [Qc Ah]
EdipoLioncio: folds 
TolikG55: folds 
Pedro Cec604: folds 
Tobiz89: raises $0.03 to $0.05
aquaman82: folds 
Dorex2007: calls $0.03
*** FLOP *** [9d 7s Ts]
Dorex2007: checks 
Tobiz89: bets $0.08
Dorex2007: folds 
Uncalled bet ($0.08) returned to Tobiz89
Tobiz89 collected $0.11 from pot
*** SUMMARY ***
Total pot $0.11 | Rake $0 
Board [9d 7s Ts]
Seat 1: Dorex2007 (big blind) folded on the Flop
Seat 2: EdipoLioncio folded before Flop (didn't bet)
Seat 3: TolikG55 folded before Flop (didn't bet)
Seat 4: Pedro Cec604 folded before Flop (didn't bet)
Seat 8: Tobiz89 (button) collected ($0.11)
Seat 9: aquaman82 (small blind) folded before Flop



PokerStars Hand #237032403795:  Hold'em No Limit ($0.01/$0.02 USD) - 2022/06/27 20:52:27 PT [2022/06/27 23:52:27 ET]
Table 'Lioba' 9-max Seat #9 is the button
Seat 1: Dorex2007 ($2.51 in chips) 
Seat 2: EdipoLioncio ($3.51 in chips) 
Seat 3: TolikG55 ($2.56 in chips) 
Seat 4: Pedro Cec604 ($1.77 in chips) 
Seat 5: MLE02 ($0.80 in chips) 
Seat 8: Tobiz89 ($2.89 in chips) 
Seat 9: aquaman82 ($0.86 in chips) 
Dorex2007: posts small blind $0.01
EdipoLioncio: posts big blind $0.02
MLE02: posts big blind $0.02
*** HOLE CARDS ***
Dealt to Dorex2007 [4h 6d]
TolikG55: folds 
Pedro Cec604: calls $0.02
MLE02: checks 
Tobiz89: folds 
aquaman82: raises $0.14 to $0.16
Dorex2007: folds 
EdipoLioncio: folds 
Pedro Cec604: folds 
MLE02: folds 
Uncalled bet ($0.14) returned to aquaman82
aquaman82 collected $0.09 from pot
*** SUMMARY ***
Total pot $0.09 | Rake $0 
Seat 1: Dorex2007 (small blind) folded before Flop
Seat 2: EdipoLioncio (big blind) folded before Flop
Seat 3: TolikG55 folded before Flop (didn't bet)
Seat 4: Pedro Cec604 folded before Flop
Seat 5: MLE02 folded before Flop (didn't bet)
Seat 8: Tobiz89 folded before Flop (didn't bet)
Seat 9: aquaman82 (button) collected ($0.09)



PokerStars Hand #237032407307:  Hold'em No Limit ($0.01/$0.02 USD) - 2022/06/27 20:52:52 PT [2022/06/27 23:52:52 ET]
Table 'Lioba' 9-max Seat #1 is the button
Seat 1: Dorex2007 ($2.50 in chips) 
Seat 2: EdipoLioncio ($3.49 in chips) 
Seat 3: TolikG55 ($2.56 in chips) 
Seat 4: Pedro Cec604 ($1.75 in chips) 
Seat 5: MLE02 ($0.78 in chips) 
Seat 7: bigmars1 ($0.49 in chips) 
Seat 8: Tobiz89 ($2.89 in chips) 
Seat 9: aquaman82 ($0.93 in chips) 
EdipoLioncio: posts small blind $0.01
TolikG55: posts big blind $0.02
bigmars1: posts small blind $0.01
*** HOLE CARDS ***
Dealt to Dorex2007 [Js 6d]
Pedro Cec604: folds 
MLE02: raises $0.02 to $0.04
bigmars1: folds 
Tobiz89: folds 
aquaman82: calls $0.04
Dorex2007: folds 
EdipoLioncio: folds 
TolikG55: calls $0.02
*** FLOP *** [5d 9c As]
TolikG55: checks 
MLE02: bets $0.04
aquaman82: folds 
TolikG55: folds 
Uncalled bet ($0.04) returned to MLE02
MLE02 collected $0.14 from pot
*** SUMMARY ***
Total pot $0.14 | Rake $0 
Board [5d 9c As]
Seat 1: Dorex2007 (button) folded before Flop (didn't bet)
Seat 2: EdipoLioncio (small blind) folded before Flop
Seat 3: TolikG55 (big blind) folded on the Flop
Seat 4: Pedro Cec604 folded before Flop (didn't bet)
Seat 5: MLE02 collected ($0.14)
Seat 7: bigmars1 folded before Flop (didn't bet)
Seat 8: Tobiz89 folded before Flop (didn't bet)
Seat 9: aquaman82 folded on the Flop



PokerStars Hand #237032411076:  Hold'em No Limit ($0.01/$0.02 USD) - 2022/06/27 20:53:18 PT [2022/06/27 23:53:18 ET]
Table 'Lioba' 9-max Seat #2 is the button
Seat 1: Dorex2007 ($2.50 in chips) 
Seat 2: EdipoLioncio ($3.48 in chips) 
Seat 3: TolikG55 ($2.52 in chips) 
Seat 4: Pedro Cec604 ($1.75 in chips) 
Seat 5: MLE02 ($0.88 in chips) 
Seat 7: bigmars1 ($0.48 in chips) 
Seat 8: Tobiz89 ($2.89 in chips) 
Seat 9: aquaman82 ($0.89 in chips) 
TolikG55: posts small blind $0.01
Pedro Cec604: posts big blind $0.02
*** HOLE CARDS ***
Dealt to Dorex2007 [As 3h]
MLE02: calls $0.02
bigmars1: folds 
Tobiz89: folds 
aquaman82: folds 
Dorex2007: folds 
EdipoLioncio: folds 
TolikG55: calls $0.01
Pedro Cec604: checks 
*** FLOP *** [Qc Qd Jc]
TolikG55: checks 
Pedro Cec604: bets $0.02
MLE02: calls $0.02
TolikG55: folds 
*** TURN *** [Qc Qd Jc] [7d]
Pedro Cec604: bets $0.04
MLE02: calls $0.04
*** RIVER *** [Qc Qd Jc 7d] [Ad]
Pedro Cec604: checks 
MLE02: bets $0.17
Pedro Cec604: folds 
Uncalled bet ($0.17) returned to MLE02
MLE02 collected $0.17 from pot
*** SUMMARY ***
Total pot $0.18 | Rake $0.01 
Board [Qc Qd Jc 7d Ad]
Seat 1: Dorex2007 folded before Flop (didn't bet)
Seat 2: EdipoLioncio (button) folded before Flop (didn't bet)
Seat 3: TolikG55 (small blind) folded on the Flop
Seat 4: Pedro Cec604 (big blind) folded on the River
Seat 5: MLE02 collected ($0.17)
Seat 7: bigmars1 folded before Flop (didn't bet)
Seat 8: Tobiz89 folded before Flop (didn't bet)
Seat 9: aquaman82 folded before Flop (didn't bet)



PokerStars Hand #237032418118:  Hold'em No Limit ($0.01/$0.02 USD) - 2022/06/27 20:54:09 PT [2022/06/27 23:54:09 ET]
Table 'Lioba' 9-max Seat #3 is the button
Seat 1: Dorex2007 ($2.50 in chips) 
Seat 2: EdipoLioncio ($3.48 in chips) 
Seat 3: TolikG55 ($2.50 in chips) 
Seat 4: Pedro Cec604 ($1.67 in chips) 
Seat 5: MLE02 ($0.97 in chips) 
Seat 8: Tobiz89 ($2.89 in chips) 
Seat 9: aquaman82 ($0.89 in chips) 
Pedro Cec604: posts small blind $0.01
MLE02: posts big blind $0.02
*** HOLE CARDS ***
Dealt to Dorex2007 [6s 4s]
Tobiz89: folds 
aquaman82: calls $0.02
Dorex2007: folds 
EdipoLioncio: calls $0.02
TolikG55: raises $0.04 to $0.06
Pedro Cec604: calls $0.05
MLE02: folds 
aquaman82: calls $0.04
EdipoLioncio: calls $0.04
*** FLOP *** [8s 6h 3h]
Pedro Cec604: checks 
MLE02 leaves the table
aquaman82: checks 
EdipoLioncio: checks 
TolikG55: bets $0.10
Pedro Cec604: folds 
aquaman82 has timed out
aquaman82: folds 
EdipoLioncio: folds 
Uncalled bet ($0.10) returned to TolikG55
TolikG55 collected $0.25 from pot
*** SUMMARY ***
Total pot $0.26 | Rake $0.01 
Board [8s 6h 3h]
Seat 1: Dorex2007 folded before Flop (didn't bet)
Seat 2: EdipoLioncio folded on the Flop
Seat 3: TolikG55 (button) collected ($0.25)
Seat 4: Pedro Cec604 (small blind) folded on the Flop
Seat 5: MLE02 (big blind) folded before Flop
Seat 8: Tobiz89 folded before Flop (didn't bet)
Seat 9: aquaman82 folded on the Flop



PokerStars Hand #237032431386:  Hold'em No Limit ($0.01/$0.02 USD) - 2022/06/27 20:55:51 PT [2022/06/27 23:55:51 ET]
Table 'Lioba' 9-max Seat #4 is the button
Seat 1: Dorex2007 ($2.50 in chips) 
Seat 2: EdipoLioncio ($3.42 in chips) 
Seat 3: TolikG55 ($2.69 in chips) 
Seat 4: Pedro Cec604 ($1.61 in chips) 
Seat 8: Tobiz89 ($2.89 in chips) 
Tobiz89: posts small blind $0.01
Dorex2007: posts big blind $0.02
*** HOLE CARDS ***
Dealt to Dorex2007 [Kc 9d]
EdipoLioncio: folds 
TolikG55: folds 
Pedro Cec604: calls $0.02
Tobiz89: folds 
Dorex2007: checks 
*** FLOP *** [Qs Kd 8c]
Dorex2007: bets $0.05
Pedro Cec604: folds 
Uncalled bet ($0.05) returned to Dorex2007
Dorex2007 collected $0.05 from pot
*** SUMMARY ***
Total pot $0.05 | Rake $0 
Board [Qs Kd 8c]
Seat 1: Dorex2007 (big blind) collected ($0.05)
Seat 2: EdipoLioncio folded before Flop (didn't bet)
Seat 3: TolikG55 folded before Flop (didn't bet)
Seat 4: Pedro Cec604 (button) folded on the Flop
Seat 8: Tobiz89 (small blind) folded before Flop



PokerStars Hand #237032434440:  Hold'em No Limit ($0.01/$0.02 USD) - 2022/06/27 20:56:16 PT [2022/06/27 23:56:16 ET]
Table 'Lioba' 9-max Seat #8 is the button
Seat 1: Dorex2007 ($2.53 in chips) 
Seat 2: EdipoLioncio ($3.42 in chips) 
Seat 3: TolikG55 ($2.69 in chips) 
Seat 4: Pedro Cec604 ($1.59 in chips) 
Seat 8: Tobiz89 ($2.88 in chips) 
Dorex2007: posts small blind $0.01
EdipoLioncio: posts big blind $0.02
*** HOLE CARDS ***
Dealt to Dorex2007 [8s 4h]
TolikG55: folds 
Pedro Cec604: calls $0.02
Tobiz89: folds 
Dorex2007: folds 
EdipoLioncio: raises $0.04 to $0.06
Pedro Cec604: calls $0.04
*** FLOP *** [Ts 3c Tc]
bigmars1 leaves the table
EdipoLioncio: bets $0.06
Pedro Cec604: calls $0.06
*** TURN *** [Ts 3c Tc] [2s]
EdipoLioncio: bets $0.06
Pedro Cec604: raises $0.08 to $0.14
EdipoLioncio: folds 
Uncalled bet ($0.08) returned to Pedro Cec604
Pedro Cec604 collected $0.36 from pot
*** SUMMARY ***
Total pot $0.37 | Rake $0.01 
Board [Ts 3c Tc 2s]
Seat 1: Dorex2007 (small blind) folded before Flop
Seat 2: EdipoLioncio (big blind) folded on the Turn
Seat 3: TolikG55 folded before Flop (didn't bet)
Seat 4: Pedro Cec604 collected ($0.36)
Seat 8: Tobiz89 (button) folded before Flop (didn't bet)



PokerStars Hand #237032441747:  Hold'em No Limit ($0.01/$0.02 USD) - 2022/06/27 20:57:18 PT [2022/06/27 23:57:18 ET]
Table 'Lioba' 9-max Seat #1 is the button
Seat 1: Dorex2007 ($2.52 in chips) 
Seat 2: EdipoLioncio ($3.24 in chips) 
Seat 3: TolikG55 ($2.69 in chips) 
Seat 4: Pedro Cec604 ($1.77 in chips) 
Seat 8: Tobiz89 ($2.88 in chips) 
EdipoLioncio: posts small blind $0.01
TolikG55: posts big blind $0.02
aquaman82: sits out 
*** HOLE CARDS ***
Dealt to Dorex2007 [8c Td]
Pedro Cec604: folds 
Tobiz89: folds 
Dorex2007: folds 
EdipoLioncio: folds 
Uncalled bet ($0.01) returned to TolikG55
TolikG55 collected $0.02 from pot
*** SUMMARY ***
Total pot $0.02 | Rake $0 
Seat 1: Dorex2007 (button) folded before Flop (didn't bet)
Seat 2: EdipoLioncio (small blind) folded before Flop
Seat 3: TolikG55 (big blind) collected ($0.02)
Seat 4: Pedro Cec604 folded before Flop (didn't bet)
Seat 8: Tobiz89 folded before Flop (didn't bet)



PokerStars Hand #237032442937:  Hold'em No Limit ($0.01/$0.02 USD) - 2022/06/27 20:57:28 PT [2022/06/27 23:57:28 ET]
Table 'Lioba' 9-max Seat #2 is the button
Seat 1: Dorex2007 ($2.52 in chips) 
Seat 2: EdipoLioncio ($3.23 in chips) 
Seat 3: TolikG55 ($2.70 in chips) 
Seat 4: Pedro Cec604 ($1.77 in chips) 
Seat 8: Tobiz89 ($2.88 in chips) 
TolikG55: posts small blind $0.01
Pedro Cec604: posts big blind $0.02
aquaman82: sits out 
*** HOLE CARDS ***
Dealt to Dorex2007 [Td 6s]
Tobiz89: folds 
Dorex2007: folds 
EdipoLioncio: folds 
TolikG55: raises $0.02 to $0.04
Pedro Cec604: folds 
Uncalled bet ($0.02) returned to TolikG55
TolikG55 collected $0.04 from pot
*** SUMMARY ***
Total pot $0.04 | Rake $0 
Seat 1: Dorex2007 folded before Flop (didn't bet)
Seat 2: EdipoLioncio (button) folded before Flop (didn't bet)
Seat 3: TolikG55 (small blind) collected ($0.04)
Seat 4: Pedro Cec604 (big blind) folded before Flop
Seat 8: Tobiz89 folded before Flop (didn't bet)



PokerStars Hand #237032445450:  Hold'em No Limit ($0.01/$0.02 USD) - 2022/06/27 20:57:50 PT [2022/06/27 23:57:50 ET]
Table 'Lioba' 9-max Seat #3 is the button
Seat 1: Dorex2007 ($2.52 in chips) 
Seat 2: EdipoLioncio ($3.23 in chips) 
Seat 3: TolikG55 ($2.72 in chips) 
Seat 4: Pedro Cec604 ($1.75 in chips) 
Seat 8: Tobiz89 ($2.88 in chips) 
Pedro Cec604: posts small blind $0.01
Tobiz89: posts big blind $0.02
aquaman82: sits out 
*** HOLE CARDS ***
Dealt to Dorex2007 [8h 7h]
Dorex2007: calls $0.02
EdipoLioncio: raises $0.06 to $0.08
TolikG55: folds 
Pedro Cec604: folds 
Tobiz89: folds 
Dorex2007: calls $0.06
*** FLOP *** [Ac Kd 4s]
Dorex2007: bets $0.09
EdipoLioncio: calls $0.09
*** TURN *** [Ac Kd 4s] [5d]
Nakuru24 joins the table at seat #5 
Dorex2007: bets $0.10
EdipoLioncio: calls $0.10
*** RIVER *** [Ac Kd 4s 5d] [9h]
Dorex2007: checks 
Canguru19 joins the table at seat #7 
EdipoLioncio: bets $0.27
Dorex2007: folds 
Uncalled bet ($0.27) returned to EdipoLioncio
EdipoLioncio collected $0.55 from pot
*** SUMMARY ***
Total pot $0.57 | Rake $0.02 
Board [Ac Kd 4s 5d 9h]
Seat 1: Dorex2007 folded on the River
Seat 2: EdipoLioncio collected ($0.55)
Seat 3: TolikG55 (button) folded before Flop (didn't bet)
Seat 4: Pedro Cec604 (small blind) folded before Flop
Seat 8: Tobiz89 (big blind) folded before Flop



PokerStars Hand #237032453095:  Hold'em No Limit ($0.01/$0.02 USD) - 2022/06/27 20:58:54 PT [2022/06/27 23:58:54 ET]
Table 'Lioba' 9-max Seat #4 is the button
Seat 1: Dorex2007 ($2.25 in chips) 
Seat 2: EdipoLioncio ($3.51 in chips) 
Seat 3: TolikG55 ($2.72 in chips) 
Seat 4: Pedro Cec604 ($1.74 in chips) 
Seat 8: Tobiz89 ($2.86 in chips) 
Seat 9: aquaman82 ($0.83 in chips) 
Tobiz89: posts small blind $0.01
aquaman82: posts big blind $0.02
*** HOLE CARDS ***
Dealt to Dorex2007 [Jh Js]
Dorex2007: raises $0.08 to $0.10
EdipoLioncio: folds 
TolikG55: folds 
Pedro Cec604: calls $0.10
Tobiz89: folds 
VoidSmasher leaves the table
aquaman82 has timed out
aquaman82: folds 
*** FLOP *** [5s 4s 3c]
Dorex2007: bets $2.15 and is all-in
Pedro Cec604: folds 
Uncalled bet ($2.15) returned to Dorex2007
Dorex2007 collected $0.22 from pot
*** SUMMARY ***
Total pot $0.23 | Rake $0.01 
Board [5s 4s 3c]
Seat 1: Dorex2007 collected ($0.22)
Seat 2: EdipoLioncio folded before Flop (didn't bet)
Seat 3: TolikG55 folded before Flop (didn't bet)
Seat 4: Pedro Cec604 (button) folded on the Flop
Seat 8: Tobiz89 (small blind) folded before Flop
Seat 9: aquaman82 (big blind) folded before Flop



