PokerStars Hand #236910684394:  Hold'em No Limit ($0.01/$0.02 USD) - 2022/06/21 22:08:03 PT [2022/06/22 1:08:03 ET]
Table 'Shaula II' 9-max Seat #4 is the button
Seat 1: toon684 ($1.06 in chips) 
Seat 2: CAAACH ($1.36 in chips) 
Seat 3: Dorex2007 ($2 in chips) 
Seat 4: Anatoliy Abram ($2.08 in chips) 
Seat 5: JvBleys ($2.53 in chips) 
Seat 6: leopoker1 ($4.12 in chips) 
Seat 7: PeeStiffy ($1.63 in chips) 
Seat 8: Jpix-13- ($1.91 in chips) 
Seat 9: Pillik76 ($2.93 in chips) 
JvBleys: posts small blind $0.01
leopoker1: posts big blind $0.02
Dorex2007: posts big blind $0.02
*** HOLE CARDS ***
Dealt to Dorex2007 [Jd Js]
PeeStiffy: folds 
Jpix-13-: calls $0.02
Pillik76: folds 
toon684: folds 
CAAACH: raises $0.06 to $0.08
Dorex2007: calls $0.06
Anatoliy Abram: folds 
JvBleys: folds 
leopoker1: folds 
Jpix-13-: folds 
*** FLOP *** [3s 6s Ks]
CAAACH: bets $0.12
Dorex2007: folds 
Uncalled bet ($0.12) returned to CAAACH
CAAACH collected $0.20 from pot
CAAACH: doesn't show hand 
*** SUMMARY ***
Total pot $0.21 | Rake $0.01 
Board [3s 6s Ks]
Seat 1: toon684 folded before Flop (didn't bet)
Seat 2: CAAACH collected ($0.20)
Seat 3: Dorex2007 folded on the Flop
Seat 4: Anatoliy Abram (button) folded before Flop (didn't bet)
Seat 5: JvBleys (small blind) folded before Flop
Seat 6: leopoker1 (big blind) folded before Flop
Seat 7: PeeStiffy folded before Flop (didn't bet)
Seat 8: Jpix-13- folded before Flop
Seat 9: Pillik76 folded before Flop (didn't bet)



PokerStars Hand #236910689891:  Hold'em No Limit ($0.01/$0.02 USD) - 2022/06/21 22:08:52 PT [2022/06/22 1:08:52 ET]
Table 'Shaula II' 9-max Seat #5 is the button
Seat 1: toon684 ($1.06 in chips) 
Seat 2: CAAACH ($1.48 in chips) 
Seat 3: Dorex2007 ($2 in chips) 
Seat 4: Anatoliy Abram ($2.08 in chips) 
Seat 5: JvBleys ($2.52 in chips) 
Seat 6: leopoker1 ($4.10 in chips) 
Seat 7: PeeStiffy ($1.63 in chips) 
Seat 8: Jpix-13- ($1.89 in chips) 
Seat 9: Pillik76 ($2.93 in chips) 
leopoker1: posts small blind $0.01
PeeStiffy: posts big blind $0.02
*** HOLE CARDS ***
Dealt to Dorex2007 [6c Qc]
Jpix-13-: folds 
Pillik76: folds 
toon684: calls $0.02
CAAACH: folds 
Dorex2007: folds 
Anatoliy Abram: calls $0.02
JvBleys: folds 
leopoker1: calls $0.01
PeeStiffy: checks 
*** FLOP *** [6h 5h Kh]
leopoker1: checks 
PeeStiffy: checks 
toon684: checks 
Anatoliy Abram: checks 
*** TURN *** [6h 5h Kh] [Th]
leopoker1: checks 
PeeStiffy: checks 
toon684: checks 
Anatoliy Abram: checks 
*** RIVER *** [6h 5h Kh Th] [Qs]
leopoker1: checks 
PeeStiffy: checks 
toon684: checks 
Anatoliy Abram: checks 
*** SHOW DOWN ***
leopoker1: shows [Jc 7c] (high card King)
PeeStiffy: shows [Ts 8d] (a pair of Tens)
toon684: mucks hand 
Anatoliy Abram: mucks hand 
PeeStiffy collected $0.08 from pot
*** SUMMARY ***
Total pot $0.08 | Rake $0 
Board [6h 5h Kh Th Qs]
Seat 1: toon684 mucked [Js 3s]
Seat 2: CAAACH folded before Flop (didn't bet)
Seat 3: Dorex2007 folded before Flop (didn't bet)
Seat 4: Anatoliy Abram mucked [Ac 8s]
Seat 5: JvBleys (button) folded before Flop (didn't bet)
Seat 6: leopoker1 (small blind) showed [Jc 7c] and lost with high card King
Seat 7: PeeStiffy (big blind) showed [Ts 8d] and won ($0.08) with a pair of Tens
Seat 8: Jpix-13- folded before Flop (didn't bet)
Seat 9: Pillik76 folded before Flop (didn't bet)



PokerStars Hand #236910705146:  Hold'em No Limit ($0.01/$0.02 USD) - 2022/06/21 22:09:50 PT [2022/06/22 1:09:50 ET]
Table 'Shaula II' 9-max Seat #6 is the button
Seat 1: toon684 ($1.04 in chips) 
Seat 2: CAAACH ($1.48 in chips) 
Seat 3: Dorex2007 ($2 in chips) 
Seat 4: Anatoliy Abram ($2.06 in chips) 
Seat 5: JvBleys ($2.52 in chips) 
Seat 6: leopoker1 ($4.08 in chips) 
Seat 7: PeeStiffy ($1.69 in chips) 
Seat 8: Jpix-13- ($1.89 in chips) 
Seat 9: Pillik76 ($2.93 in chips) 
PeeStiffy: posts small blind $0.01
Jpix-13-: posts big blind $0.02
*** HOLE CARDS ***
Dealt to Dorex2007 [5c Th]
Pillik76: folds 
toon684: raises $0.02 to $0.04
CAAACH: folds 
Dorex2007: folds 
Anatoliy Abram: calls $0.04
JvBleys: folds 
leopoker1: calls $0.04
PeeStiffy: folds 
Jpix-13-: calls $0.02
*** FLOP *** [Ah Qh Qs]
Jpix-13-: checks 
toon684: bets $0.08
Anatoliy Abram: folds 
leopoker1: calls $0.08
Jpix-13-: folds 
*** TURN *** [Ah Qh Qs] [8d]
toon684: checks 
leopoker1: bets $0.26
toon684: folds 
Uncalled bet ($0.26) returned to leopoker1
leopoker1 collected $0.32 from pot
leopoker1: doesn't show hand 
*** SUMMARY ***
Total pot $0.33 | Rake $0.01 
Board [Ah Qh Qs 8d]
Seat 1: toon684 folded on the Turn
Seat 2: CAAACH folded before Flop (didn't bet)
Seat 3: Dorex2007 folded before Flop (didn't bet)
Seat 4: Anatoliy Abram folded on the Flop
Seat 5: JvBleys folded before Flop (didn't bet)
Seat 6: leopoker1 (button) collected ($0.32)
Seat 7: PeeStiffy (small blind) folded before Flop
Seat 8: Jpix-13- (big blind) folded on the Flop
Seat 9: Pillik76 folded before Flop (didn't bet)



PokerStars Hand #236910710902:  Hold'em No Limit ($0.01/$0.02 USD) - 2022/06/21 22:10:40 PT [2022/06/22 1:10:40 ET]
Table 'Shaula II' 9-max Seat #7 is the button
Seat 1: toon684 ($0.92 in chips) 
Seat 2: CAAACH ($1.48 in chips) 
Seat 3: Dorex2007 ($2 in chips) 
Seat 4: Anatoliy Abram ($2.02 in chips) 
Seat 5: JvBleys ($2.52 in chips) 
Seat 6: leopoker1 ($4.28 in chips) 
Seat 7: PeeStiffy ($1.68 in chips) 
Seat 8: Jpix-13- ($1.85 in chips) 
Jpix-13-: posts small blind $0.01
Pillik76: is sitting out 
Pillik76 leaves the table
toon684: posts big blind $0.02
*** HOLE CARDS ***
Dealt to Dorex2007 [7c 7s]
tomashovka55 joins the table at seat #9 
CAAACH: calls $0.02
Dorex2007: calls $0.02
Anatoliy Abram: calls $0.02
JvBleys: calls $0.02
leopoker1: folds 
PeeStiffy: folds 
Jpix-13-: calls $0.01
toon684: checks 
*** FLOP *** [4s 3d 6d]
Jpix-13-: checks 
toon684: checks 
CAAACH: checks 
Dorex2007: bets $0.08
Anatoliy Abram: calls $0.08
JvBleys: folds 
Jpix-13-: calls $0.08
toon684: folds 
CAAACH: folds 
*** TURN *** [4s 3d 6d] [7h]
Jpix-13-: checks 
Dorex2007: bets $0.35
Anatoliy Abram: folds 
Jpix-13-: calls $0.35
*** RIVER *** [4s 3d 6d 7h] [Ad]
Jpix-13-: checks 
Dorex2007: checks 
*** SHOW DOWN ***
Jpix-13-: shows [6h 3c] (two pair, Sixes and Threes)
Dorex2007: shows [7c 7s] (three of a kind, Sevens)
Dorex2007 collected $1.02 from pot
*** SUMMARY ***
Total pot $1.06 | Rake $0.04 
Board [4s 3d 6d 7h Ad]
Seat 1: toon684 (big blind) folded on the Flop
Seat 2: CAAACH folded on the Flop
Seat 3: Dorex2007 showed [7c 7s] and won ($1.02) with three of a kind, Sevens
Seat 4: Anatoliy Abram folded on the Turn
Seat 5: JvBleys folded on the Flop
Seat 6: leopoker1 folded before Flop (didn't bet)
Seat 7: PeeStiffy (button) folded before Flop (didn't bet)
Seat 8: Jpix-13- (small blind) showed [6h 3c] and lost with two pair, Sixes and Threes



PokerStars Hand #236910717405:  Hold'em No Limit ($0.01/$0.02 USD) - 2022/06/21 22:11:37 PT [2022/06/22 1:11:37 ET]
Table 'Shaula II' 9-max Seat #8 is the button
Seat 1: toon684 ($0.90 in chips) 
Seat 2: CAAACH ($1.46 in chips) 
Seat 3: Dorex2007 ($2.57 in chips) 
Seat 4: Anatoliy Abram ($1.92 in chips) 
Seat 5: JvBleys ($2.50 in chips) 
Seat 6: leopoker1 ($4.28 in chips) 
Seat 7: PeeStiffy ($1.68 in chips) 
Seat 8: Jpix-13- ($1.40 in chips) 
toon684: posts small blind $0.01
CAAACH: posts big blind $0.02
*** HOLE CARDS ***
Dealt to Dorex2007 [Ad 8d]
Dorex2007: calls $0.02
Anatoliy Abram: calls $0.02
JvBleys: folds 
leopoker1: folds 
PeeStiffy: folds 
Jpix-13-: folds 
toon684: raises $0.06 to $0.08
CAAACH: calls $0.06
Dorex2007: folds 
Anatoliy Abram: calls $0.06
*** FLOP *** [6s 5d Th]
toon684: bets $0.12
CAAACH: calls $0.12
Anatoliy Abram: calls $0.12
*** TURN *** [6s 5d Th] [9h]
toon684: bets $0.20
CAAACH: calls $0.20
Anatoliy Abram: folds 
*** RIVER *** [6s 5d Th 9h] [5c]
toon684: bets $0.24
CAAACH: calls $0.24
*** SHOW DOWN ***
toon684: shows [5s 2s] (three of a kind, Fives)
CAAACH: mucks hand 
toon684 collected $1.45 from pot
*** SUMMARY ***
Total pot $1.50 | Rake $0.05 
Board [6s 5d Th 9h 5c]
Seat 1: toon684 (small blind) showed [5s 2s] and won ($1.45) with three of a kind, Fives
Seat 2: CAAACH (big blind) mucked [Jh Ts]
Seat 3: Dorex2007 folded before Flop
Seat 4: Anatoliy Abram folded on the Turn
Seat 5: JvBleys folded before Flop (didn't bet)
Seat 6: leopoker1 folded before Flop (didn't bet)
Seat 7: PeeStiffy folded before Flop (didn't bet)
Seat 8: Jpix-13- (button) folded before Flop (didn't bet)



PokerStars Hand #236910725321:  Hold'em No Limit ($0.01/$0.02 USD) - 2022/06/21 22:12:48 PT [2022/06/22 1:12:48 ET]
Table 'Shaula II' 9-max Seat #1 is the button
Seat 1: toon684 ($1.71 in chips) 
Seat 2: CAAACH ($0.82 in chips) 
Seat 3: Dorex2007 ($2.55 in chips) 
Seat 4: Anatoliy Abram ($1.72 in chips) 
Seat 5: JvBleys ($2.50 in chips) 
Seat 6: leopoker1 ($4.28 in chips) 
Seat 7: PeeStiffy ($1.68 in chips) 
Seat 8: Jpix-13- ($1.40 in chips) 
CAAACH: posts small blind $0.01
Dorex2007: posts big blind $0.02
*** HOLE CARDS ***
Dealt to Dorex2007 [5c 8d]
Anatoliy Abram: raises $0.02 to $0.04
JvBleys: folds 
leopoker1: folds 
PeeStiffy: raises $0.08 to $0.12
Jpix-13-: calls $0.12
toon684: calls $0.12
CAAACH: folds 
Dorex2007: folds 
Anatoliy Abram: calls $0.08
*** FLOP *** [2d Js 5s]
Anatoliy Abram: bets $0.24
PeeStiffy: folds 
Jpix-13-: folds 
toon684: folds 
Uncalled bet ($0.24) returned to Anatoliy Abram
Anatoliy Abram collected $0.49 from pot
Anatoliy Abram: doesn't show hand 
*** SUMMARY ***
Total pot $0.51 | Rake $0.02 
Board [2d Js 5s]
Seat 1: toon684 (button) folded on the Flop
Seat 2: CAAACH (small blind) folded before Flop
Seat 3: Dorex2007 (big blind) folded before Flop
Seat 4: Anatoliy Abram collected ($0.49)
Seat 5: JvBleys folded before Flop (didn't bet)
Seat 6: leopoker1 folded before Flop (didn't bet)
Seat 7: PeeStiffy folded on the Flop
Seat 8: Jpix-13- folded on the Flop



PokerStars Hand #236910730331:  Hold'em No Limit ($0.01/$0.02 USD) - 2022/06/21 22:13:34 PT [2022/06/22 1:13:34 ET]
Table 'Shaula II' 9-max Seat #2 is the button
Seat 1: toon684 ($1.59 in chips) 
Seat 2: CAAACH ($0.81 in chips) 
Seat 3: Dorex2007 ($2.53 in chips) 
Seat 4: Anatoliy Abram ($2.09 in chips) 
Seat 5: JvBleys ($2.50 in chips) 
Seat 6: leopoker1 ($4.28 in chips) 
Seat 7: PeeStiffy ($1.56 in chips) 
Seat 8: Jpix-13- ($1.28 in chips) 
Dorex2007: posts small blind $0.01
Anatoliy Abram: posts big blind $0.02
*** HOLE CARDS ***
Dealt to Dorex2007 [5d 5h]
JvBleys: folds 
leopoker1: folds 
PeeStiffy: raises $0.04 to $0.06
Jpix-13-: folds 
toon684: calls $0.06
CAAACH: raises $0.10 to $0.16
Dorex2007: folds 
Anatoliy Abram: folds 
PeeStiffy: calls $0.10
toon684: calls $0.10
*** FLOP *** [5c 4d 3d]
PeeStiffy: checks 
toon684: checks 
CAAACH: bets $0.18
PeeStiffy: calls $0.18
toon684: calls $0.18
*** TURN *** [5c 4d 3d] [Ah]
PeeStiffy: checks 
toon684: checks 
CAAACH: bets $0.22
PeeStiffy: folds 
toon684: calls $0.22
*** RIVER *** [5c 4d 3d Ah] [Ac]
toon684: checks 
CAAACH: bets $0.25 and is all-in
toon684: calls $0.25
*** SHOW DOWN ***
CAAACH: shows [As Qh] (three of a kind, Aces)
toon684: shows [5s 6c] (two pair, Aces and Fives)
CAAACH collected $1.92 from pot
*** SUMMARY ***
Total pot $1.99 | Rake $0.07 
Board [5c 4d 3d Ah Ac]
Seat 1: toon684 showed [5s 6c] and lost with two pair, Aces and Fives
Seat 2: CAAACH (button) showed [As Qh] and won ($1.92) with three of a kind, Aces
Seat 3: Dorex2007 (small blind) folded before Flop
Seat 4: Anatoliy Abram (big blind) folded before Flop
Seat 5: JvBleys folded before Flop (didn't bet)
Seat 6: leopoker1 folded before Flop (didn't bet)
Seat 7: PeeStiffy folded on the Turn
Seat 8: Jpix-13- folded before Flop (didn't bet)



PokerStars Hand #236910740032:  Hold'em No Limit ($0.01/$0.02 USD) - 2022/06/21 22:14:59 PT [2022/06/22 1:14:59 ET]
Table 'Shaula II' 9-max Seat #3 is the button
Seat 1: toon684 ($0.78 in chips) 
Seat 2: CAAACH ($1.92 in chips) 
Seat 3: Dorex2007 ($2.52 in chips) 
Seat 4: Anatoliy Abram ($2.07 in chips) 
Seat 5: JvBleys ($2.50 in chips) 
Seat 6: leopoker1 ($4.28 in chips) 
Seat 7: PeeStiffy ($1.22 in chips) 
Seat 8: Jpix-13- ($1.28 in chips) 
Anatoliy Abram: posts small blind $0.01
JvBleys: posts big blind $0.02
*** HOLE CARDS ***
Dealt to Dorex2007 [Th 6d]
leopoker1: folds 
PeeStiffy: folds 
Jpix-13-: folds 
toon684: raises $0.02 to $0.04
CAAACH: calls $0.04
Dorex2007: folds 
Anatoliy Abram: calls $0.03
JvBleys: raises $2.46 to $2.50 and is all-in
toon684: folds 
CAAACH: folds 
Anatoliy Abram: folds 
Uncalled bet ($2.46) returned to JvBleys
JvBleys collected $0.16 from pot
JvBleys: doesn't show hand 
*** SUMMARY ***
Total pot $0.16 | Rake $0 
Seat 1: toon684 folded before Flop
Seat 2: CAAACH folded before Flop
Seat 3: Dorex2007 (button) folded before Flop (didn't bet)
Seat 4: Anatoliy Abram (small blind) folded before Flop
Seat 5: JvBleys (big blind) collected ($0.16)
Seat 6: leopoker1 folded before Flop (didn't bet)
Seat 7: PeeStiffy folded before Flop (didn't bet)
Seat 8: Jpix-13- folded before Flop (didn't bet)



PokerStars Hand #236910743915:  Hold'em No Limit ($0.01/$0.02 USD) - 2022/06/21 22:15:33 PT [2022/06/22 1:15:33 ET]
Table 'Shaula II' 9-max Seat #4 is the button
Seat 1: toon684 ($0.74 in chips) 
Seat 2: CAAACH ($1.88 in chips) 
Seat 3: Dorex2007 ($2.52 in chips) 
Seat 4: Anatoliy Abram ($2.03 in chips) 
Seat 5: JvBleys ($2.62 in chips) 
Seat 6: leopoker1 ($4.28 in chips) 
Seat 7: PeeStiffy ($1.22 in chips) 
Seat 8: Jpix-13- ($1.28 in chips) 
JvBleys: posts small blind $0.01
leopoker1: posts big blind $0.02
*** HOLE CARDS ***
Dealt to Dorex2007 [8c 6s]
PeeStiffy: folds 
Jpix-13-: folds 
toon684: raises $0.02 to $0.04
CAAACH: folds 
Dorex2007: folds 
Anatoliy Abram: calls $0.04
JvBleys: folds 
leopoker1: folds 
*** FLOP *** [2s 4c Kc]
toon684: checks 
Anatoliy Abram: bets $0.05
toon684: folds 
Uncalled bet ($0.05) returned to Anatoliy Abram
Anatoliy Abram collected $0.11 from pot
Anatoliy Abram: doesn't show hand 
*** SUMMARY ***
Total pot $0.11 | Rake $0 
Board [2s 4c Kc]
Seat 1: toon684 folded on the Flop
Seat 2: CAAACH folded before Flop (didn't bet)
Seat 3: Dorex2007 folded before Flop (didn't bet)
Seat 4: Anatoliy Abram (button) collected ($0.11)
Seat 5: JvBleys (small blind) folded before Flop
Seat 6: leopoker1 (big blind) folded before Flop
Seat 7: PeeStiffy folded before Flop (didn't bet)
Seat 8: Jpix-13- folded before Flop (didn't bet)



PokerStars Hand #236910746990:  Hold'em No Limit ($0.01/$0.02 USD) - 2022/06/21 22:16:00 PT [2022/06/22 1:16:00 ET]
Table 'Shaula II' 9-max Seat #5 is the button
Seat 1: toon684 ($0.70 in chips) 
Seat 2: CAAACH ($1.88 in chips) 
Seat 3: Dorex2007 ($2.52 in chips) 
Seat 4: Anatoliy Abram ($2.10 in chips) 
Seat 5: JvBleys ($2.61 in chips) 
Seat 6: leopoker1 ($4.26 in chips) 
Seat 7: PeeStiffy ($1.22 in chips) 
Seat 8: Jpix-13- ($1.28 in chips) 
leopoker1: posts small blind $0.01
PeeStiffy: posts big blind $0.02
*** HOLE CARDS ***
Dealt to Dorex2007 [2h Ac]
Jpix-13-: folds 
toon684: folds 
CAAACH: raises $0.02 to $0.04
Dorex2007: folds 
Anatoliy Abram: folds 
JvBleys: calls $0.04
leopoker1: raises $0.16 to $0.20
PeeStiffy: folds 
CAAACH: folds 
JvBleys: folds 
Uncalled bet ($0.16) returned to leopoker1
leopoker1 collected $0.14 from pot
leopoker1: doesn't show hand 
*** SUMMARY ***
Total pot $0.14 | Rake $0 
Seat 1: toon684 folded before Flop (didn't bet)
Seat 2: CAAACH folded before Flop
Seat 3: Dorex2007 folded before Flop (didn't bet)
Seat 4: Anatoliy Abram folded before Flop (didn't bet)
Seat 5: JvBleys (button) folded before Flop
Seat 6: leopoker1 (small blind) collected ($0.14)
Seat 7: PeeStiffy (big blind) folded before Flop
Seat 8: Jpix-13- folded before Flop (didn't bet)



PokerStars Hand #236910750594:  Hold'em No Limit ($0.01/$0.02 USD) - 2022/06/21 22:16:32 PT [2022/06/22 1:16:32 ET]
Table 'Shaula II' 9-max Seat #6 is the button
Seat 1: toon684 ($0.70 in chips) 
Seat 2: CAAACH ($1.84 in chips) 
Seat 3: Dorex2007 ($2.52 in chips) 
Seat 4: Anatoliy Abram ($2.10 in chips) 
Seat 5: JvBleys ($2.57 in chips) 
Seat 6: leopoker1 ($4.36 in chips) 
Seat 7: PeeStiffy ($1.20 in chips) 
Seat 8: Jpix-13- ($1.28 in chips) 
PeeStiffy: posts small blind $0.01
Jpix-13-: posts big blind $0.02
*** HOLE CARDS ***
Dealt to Dorex2007 [2h Ah]
toon684: calls $0.02
CAAACH: folds 
Dorex2007: raises $0.04 to $0.06
Anatoliy Abram: calls $0.06
JvBleys: folds 
leopoker1: folds 
PeeStiffy: folds 
Jpix-13-: folds 
toon684: calls $0.04
*** FLOP *** [7d 4d 3s]
toon684: checks 
Dorex2007: bets $0.10
Anatoliy Abram: raises $0.20 to $0.30
toon684: calls $0.30
Dorex2007: folds 
*** TURN *** [7d 4d 3s] [Qh]
toon684: checks 
Anatoliy Abram: bets $0.44
toon684: folds 
Uncalled bet ($0.44) returned to Anatoliy Abram
Anatoliy Abram collected $0.88 from pot
Anatoliy Abram: doesn't show hand 
*** SUMMARY ***
Total pot $0.91 | Rake $0.03 
Board [7d 4d 3s Qh]
Seat 1: toon684 folded on the Turn
Seat 2: CAAACH folded before Flop (didn't bet)
Seat 3: Dorex2007 folded on the Flop
Seat 4: Anatoliy Abram collected ($0.88)
Seat 5: JvBleys folded before Flop (didn't bet)
Seat 6: leopoker1 (button) folded before Flop (didn't bet)
Seat 7: PeeStiffy (small blind) folded before Flop
Seat 8: Jpix-13- (big blind) folded before Flop



PokerStars Hand #236910756710:  Hold'em No Limit ($0.01/$0.02 USD) - 2022/06/21 22:17:25 PT [2022/06/22 1:17:25 ET]
Table 'Shaula II' 9-max Seat #7 is the button
Seat 1: toon684 ($0.34 in chips) 
Seat 2: CAAACH ($1.84 in chips) 
Seat 3: Dorex2007 ($2.36 in chips) 
Seat 4: Anatoliy Abram ($2.62 in chips) 
Seat 5: JvBleys ($2.57 in chips) 
Seat 6: leopoker1 ($4.36 in chips) 
Seat 7: PeeStiffy ($1.19 in chips) 
Seat 8: Jpix-13- ($1.26 in chips) 
Jpix-13-: posts small blind $0.01
toon684: posts big blind $0.02
*** HOLE CARDS ***
Dealt to Dorex2007 [2c Qs]
CAAACH: calls $0.02
Dorex2007: folds 
Anatoliy Abram: calls $0.02
JvBleys: folds 
leopoker1: folds 
PeeStiffy: folds 
Jpix-13-: folds 
toon684: raises $0.32 to $0.34 and is all-in
CAAACH: folds 
Anatoliy Abram: calls $0.32
Jpix-13- leaves the table
*** FLOP *** [Tc 3d 8s]
*** TURN *** [Tc 3d 8s] [2s]
SSRxAK89 joins the table at seat #8 
*** RIVER *** [Tc 3d 8s 2s] [Qd]
*** SHOW DOWN ***
toon684: shows [7h Ac] (high card Ace)
Anatoliy Abram: shows [4h 5h] (high card Queen)
toon684 collected $0.69 from pot
*** SUMMARY ***
Total pot $0.71 | Rake $0.02 
Board [Tc 3d 8s 2s Qd]
Seat 1: toon684 (big blind) showed [7h Ac] and won ($0.69) with high card Ace
Seat 2: CAAACH folded before Flop
Seat 3: Dorex2007 folded before Flop (didn't bet)
Seat 4: Anatoliy Abram showed [4h 5h] and lost with high card Queen
Seat 5: JvBleys folded before Flop (didn't bet)
Seat 6: leopoker1 folded before Flop (didn't bet)
Seat 7: PeeStiffy (button) folded before Flop (didn't bet)
Seat 8: Jpix-13- (small blind) folded before Flop



PokerStars Hand #236910760659:  Hold'em No Limit ($0.01/$0.02 USD) - 2022/06/21 22:18:01 PT [2022/06/22 1:18:01 ET]
Table 'Shaula II' 9-max Seat #1 is the button
Seat 1: toon684 ($0.69 in chips) 
Seat 2: CAAACH ($1.82 in chips) 
Seat 3: Dorex2007 ($2.36 in chips) 
Seat 4: Anatoliy Abram ($2.28 in chips) 
Seat 5: JvBleys ($2.57 in chips) 
Seat 6: leopoker1 ($4.36 in chips) 
Seat 7: PeeStiffy ($1.19 in chips) 
CAAACH: posts small blind $0.01
Dorex2007: posts big blind $0.02
SSRxAK89: sits out 
*** HOLE CARDS ***
Dealt to Dorex2007 [5s 3d]
Anatoliy Abram: folds 
JvBleys: folds 
leopoker1: raises $0.03 to $0.05
PeeStiffy: folds 
toon684: raises $0.64 to $0.69 and is all-in
CAAACH: folds 
Dorex2007: folds 
leopoker1: calls $0.64
*** FLOP *** [9h Ts 6s]
*** TURN *** [9h Ts 6s] [7d]
*** RIVER *** [9h Ts 6s 7d] [8c]
*** SHOW DOWN ***
leopoker1: shows [Ad Qs] (a straight, Six to Ten)
toon684: shows [Qc Ah] (a straight, Six to Ten)
leopoker1 collected $0.68 from pot
toon684 collected $0.68 from pot
*** SUMMARY ***
Total pot $1.41 | Rake $0.05 
Board [9h Ts 6s 7d 8c]
Seat 1: toon684 (button) showed [Qc Ah] and won ($0.68) with a straight, Six to Ten
Seat 2: CAAACH (small blind) folded before Flop
Seat 3: Dorex2007 (big blind) folded before Flop
Seat 4: Anatoliy Abram folded before Flop (didn't bet)
Seat 5: JvBleys folded before Flop (didn't bet)
Seat 6: leopoker1 showed [Ad Qs] and won ($0.68) with a straight, Six to Ten
Seat 7: PeeStiffy folded before Flop (didn't bet)



PokerStars Hand #236910764267:  Hold'em No Limit ($0.01/$0.02 USD) - 2022/06/21 22:18:34 PT [2022/06/22 1:18:34 ET]
Table 'Shaula II' 9-max Seat #2 is the button
Seat 1: toon684 ($0.68 in chips) 
Seat 2: CAAACH ($1.81 in chips) 
Seat 3: Dorex2007 ($2.34 in chips) 
Seat 4: Anatoliy Abram ($2.28 in chips) 
Seat 5: JvBleys ($2.57 in chips) 
Seat 6: leopoker1 ($4.35 in chips) 
Seat 7: PeeStiffy ($1.19 in chips) 
Dorex2007: posts small blind $0.01
Anatoliy Abram: posts big blind $0.02
SSRxAK89: sits out 
*** HOLE CARDS ***
Dealt to Dorex2007 [2c Kh]
JvBleys: folds 
leopoker1: folds 
PeeStiffy: folds 
toon684: raises $0.02 to $0.04
CAAACH: folds 
Dorex2007: folds 
Anatoliy Abram: calls $0.02
*** FLOP *** [9c As Jc]
Anatoliy Abram: checks 
toon684: checks 
*** TURN *** [9c As Jc] [Tc]
Anatoliy Abram: bets $0.02
toon684: raises $0.02 to $0.04
Anatoliy Abram: calls $0.02
*** RIVER *** [9c As Jc Tc] [4s]
Anatoliy Abram: bets $0.02
toon684: calls $0.02
*** SHOW DOWN ***
Anatoliy Abram: shows [5d Td] (a pair of Tens)
toon684: mucks hand 
Anatoliy Abram collected $0.20 from pot
*** SUMMARY ***
Total pot $0.21 | Rake $0.01 
Board [9c As Jc Tc 4s]
Seat 1: toon684 mucked [2s Kc]
Seat 2: CAAACH (button) folded before Flop (didn't bet)
Seat 3: Dorex2007 (small blind) folded before Flop
Seat 4: Anatoliy Abram (big blind) showed [5d Td] and won ($0.20) with a pair of Tens
Seat 5: JvBleys folded before Flop (didn't bet)
Seat 6: leopoker1 folded before Flop (didn't bet)
Seat 7: PeeStiffy folded before Flop (didn't bet)



PokerStars Hand #236910768479:  Hold'em No Limit ($0.01/$0.02 USD) - 2022/06/21 22:19:11 PT [2022/06/22 1:19:11 ET]
Table 'Shaula II' 9-max Seat #3 is the button
Seat 1: toon684 ($0.58 in chips) 
Seat 2: CAAACH ($1.81 in chips) 
Seat 3: Dorex2007 ($2.33 in chips) 
Seat 4: Anatoliy Abram ($2.38 in chips) 
Seat 5: JvBleys ($2.57 in chips) 
Seat 6: leopoker1 ($4.35 in chips) 
Seat 7: PeeStiffy ($1.19 in chips) 
Anatoliy Abram: posts small blind $0.01
JvBleys: posts big blind $0.02
SSRxAK89: sits out 
*** HOLE CARDS ***
Dealt to Dorex2007 [3d Jh]
leopoker1: folds 
PeeStiffy: folds 
toon684: calls $0.02
CAAACH: folds 
Dorex2007: folds 
Anatoliy Abram: calls $0.01
JvBleys: checks 
*** FLOP *** [9d 6h Qh]
Anatoliy Abram: bets $0.03
JvBleys: folds 
toon684: raises $0.03 to $0.06
Anatoliy Abram: calls $0.03
*** TURN *** [9d 6h Qh] [6s]
Anatoliy Abram: bets $0.08
toon684: calls $0.08
*** RIVER *** [9d 6h Qh 6s] [Jc]
Anatoliy Abram: bets $0.16
toon684: folds 
Uncalled bet ($0.16) returned to Anatoliy Abram
Anatoliy Abram collected $0.33 from pot
Anatoliy Abram: doesn't show hand 
*** SUMMARY ***
Total pot $0.34 | Rake $0.01 
Board [9d 6h Qh 6s Jc]
Seat 1: toon684 folded on the River
Seat 2: CAAACH folded before Flop (didn't bet)
Seat 3: Dorex2007 (button) folded before Flop (didn't bet)
Seat 4: Anatoliy Abram (small blind) collected ($0.33)
Seat 5: JvBleys (big blind) folded on the Flop
Seat 6: leopoker1 folded before Flop (didn't bet)
Seat 7: PeeStiffy folded before Flop (didn't bet)



PokerStars Hand #236910772557:  Hold'em No Limit ($0.01/$0.02 USD) - 2022/06/21 22:19:47 PT [2022/06/22 1:19:47 ET]
Table 'Shaula II' 9-max Seat #4 is the button
Seat 1: toon684 ($0.42 in chips) 
Seat 2: CAAACH ($1.81 in chips) 
Seat 3: Dorex2007 ($2.33 in chips) 
Seat 4: Anatoliy Abram ($2.55 in chips) 
Seat 5: JvBleys ($2.55 in chips) 
Seat 6: leopoker1 ($4.35 in chips) 
Seat 7: PeeStiffy ($1.19 in chips) 
JvBleys: posts small blind $0.01
leopoker1: posts big blind $0.02
SSRxAK89: sits out 
tomashovka55: sits out 
*** HOLE CARDS ***
Dealt to Dorex2007 [Ts 2c]
PeeStiffy: folds 
toon684: folds 
CAAACH: raises $0.02 to $0.04
Dorex2007: folds 
Anatoliy Abram: folds 
JvBleys: calls $0.03
leopoker1: folds 
*** FLOP *** [7s Ks Kh]
JvBleys: checks 
CAAACH: bets $0.04
JvBleys: folds 
Uncalled bet ($0.04) returned to CAAACH
CAAACH collected $0.10 from pot
CAAACH: doesn't show hand 
*** SUMMARY ***
Total pot $0.10 | Rake $0 
Board [7s Ks Kh]
Seat 1: toon684 folded before Flop (didn't bet)
Seat 2: CAAACH collected ($0.10)
Seat 3: Dorex2007 folded before Flop (didn't bet)
Seat 4: Anatoliy Abram (button) folded before Flop (didn't bet)
Seat 5: JvBleys (small blind) folded on the Flop
Seat 6: leopoker1 (big blind) folded before Flop
Seat 7: PeeStiffy folded before Flop (didn't bet)



PokerStars Hand #236910776194:  Hold'em No Limit ($0.01/$0.02 USD) - 2022/06/21 22:20:20 PT [2022/06/22 1:20:20 ET]
Table 'Shaula II' 9-max Seat #5 is the button
Seat 1: toon684 ($0.42 in chips) 
Seat 2: CAAACH ($1.87 in chips) 
Seat 3: Dorex2007 ($2.33 in chips) 
Seat 4: Anatoliy Abram ($2.55 in chips) 
Seat 5: JvBleys ($2.51 in chips) 
Seat 6: leopoker1 ($4.33 in chips) 
Seat 7: PeeStiffy ($1.19 in chips) 
leopoker1: posts small blind $0.01
PeeStiffy: posts big blind $0.02
SSRxAK89: sits out 
tomashovka55: sits out 
*** HOLE CARDS ***
Dealt to Dorex2007 [Jd Td]
toon684: calls $0.02
CAAACH: calls $0.02
Dorex2007: raises $0.02 to $0.04
Anatoliy Abram: calls $0.04
JvBleys: calls $0.04
leopoker1: folds 
PeeStiffy: calls $0.02
toon684: calls $0.02
CAAACH: calls $0.02
*** FLOP *** [Jc 8h 5c]
PeeStiffy: checks 
toon684: checks 
CAAACH: checks 
Dorex2007: bets $0.24
Anatoliy Abram: folds 
JvBleys: folds 
PeeStiffy: folds 
toon684: raises $0.14 to $0.38 and is all-in
CAAACH: folds 
Dorex2007: calls $0.14
*** TURN *** [Jc 8h 5c] [Ah]
*** RIVER *** [Jc 8h 5c Ah] [6c]
*** SHOW DOWN ***
toon684: shows [9s Th] (high card Ace)
Dorex2007: shows [Jd Td] (a pair of Jacks)
Dorex2007 cashed out the hand for $0.65 | Cash Out Fee $0.01
*** SUMMARY ***
Total pot $1.01 | Rake $0.04 
Board [Jc 8h 5c Ah 6c]
Seat 1: toon684 showed [9s Th] and lost with high card Ace
Seat 2: CAAACH folded on the Flop
Seat 3: Dorex2007 showed [Jd Td] and won ($0.97) with a pair of Jacks (pot not awarded as player cashed out)
Seat 4: Anatoliy Abram folded on the Flop
Seat 5: JvBleys (button) folded on the Flop
Seat 6: leopoker1 (small blind) folded before Flop
Seat 7: PeeStiffy (big blind) folded on the Flop



PokerStars Hand #236910783022:  Hold'em No Limit ($0.01/$0.02 USD) - 2022/06/21 22:21:19 PT [2022/06/22 1:21:19 ET]
Table 'Shaula II' 9-max Seat #6 is the button
Seat 2: CAAACH ($1.83 in chips) 
Seat 3: Dorex2007 ($2.56 in chips) 
Seat 4: Anatoliy Abram ($2.51 in chips) 
Seat 5: JvBleys ($2.47 in chips) 
Seat 6: leopoker1 ($4.32 in chips) 
Seat 7: PeeStiffy ($1.15 in chips) 
Seat 8: SSRxAK89 ($1 in chips) 
PeeStiffy: posts small blind $0.01
SSRxAK89: posts big blind $0.02
tomashovka55: sits out 
*** HOLE CARDS ***
Dealt to Dorex2007 [5h 3s]
CAAACH: folds 
Dorex2007: folds 
Anatoliy Abram: calls $0.02
toon684 leaves the table
JvBleys: calls $0.02
leopoker1: folds 
PeeStiffy: calls $0.01
SSRxAK89: checks 
*** FLOP *** [Td Qc Jh]
PeeStiffy: checks 
SSRxAK89: checks 
Anatoliy Abram: bets $0.04
JvBleys: folds 
PeeStiffy: calls $0.04
SSRxAK89: calls $0.04
*** TURN *** [Td Qc Jh] [2d]
PeeStiffy: checks 
SSRxAK89: checks 
Anatoliy Abram: bets $0.09
PeeStiffy: calls $0.09
SSRxAK89: folds 
*** RIVER *** [Td Qc Jh 2d] [Tc]
PeeStiffy: bets $0.28
Anatoliy Abram: folds 
Uncalled bet ($0.28) returned to PeeStiffy
PeeStiffy collected $0.37 from pot
*** SUMMARY ***
Total pot $0.38 | Rake $0.01 
Board [Td Qc Jh 2d Tc]
Seat 2: CAAACH folded before Flop (didn't bet)
Seat 3: Dorex2007 folded before Flop (didn't bet)
Seat 4: Anatoliy Abram folded on the River
Seat 5: JvBleys folded on the Flop
Seat 6: leopoker1 (button) folded before Flop (didn't bet)
Seat 7: PeeStiffy (small blind) collected ($0.37)
Seat 8: SSRxAK89 (big blind) folded on the Turn



PokerStars Hand #236910789934:  Hold'em No Limit ($0.01/$0.02 USD) - 2022/06/21 22:22:21 PT [2022/06/22 1:22:21 ET]
Table 'Shaula II' 9-max Seat #7 is the button
Seat 2: CAAACH ($1.83 in chips) 
Seat 3: Dorex2007 ($2.56 in chips) 
Seat 4: Anatoliy Abram ($2.36 in chips) 
Seat 5: JvBleys ($2.45 in chips) 
Seat 6: leopoker1 ($4.32 in chips) 
Seat 7: PeeStiffy ($1.37 in chips) 
Seat 8: SSRxAK89 ($1 in chips) 
Seat 9: tomashovka55 ($2 in chips) 
SSRxAK89: posts small blind $0.01
tomashovka55: posts big blind $0.02
*** HOLE CARDS ***
Dealt to Dorex2007 [Kh 3d]
emev joins the table at seat #1 
CAAACH: folds 
Dorex2007: folds 
Anatoliy Abram: calls $0.02
JvBleys: calls $0.02
leopoker1: folds 
PeeStiffy: folds 
SSRxAK89: calls $0.01
tomashovka55: checks 
*** FLOP *** [2c 5d 5s]
SSRxAK89: checks 
tomashovka55: checks 
Anatoliy Abram: bets $0.02
JvBleys: calls $0.02
SSRxAK89: folds 
tomashovka55: calls $0.02
*** TURN *** [2c 5d 5s] [Td]
tomashovka55: checks 
Anatoliy Abram: bets $0.02
JvBleys: calls $0.02
tomashovka55: folds 
*** RIVER *** [2c 5d 5s Td] [8d]
Anatoliy Abram: bets $0.08
JvBleys: raises $0.14 to $0.22
Anatoliy Abram: raises $2 to $2.22
JvBleys: raises $0.17 to $2.39 and is all-in
Anatoliy Abram: calls $0.08 and is all-in
Uncalled bet ($0.09) returned to JvBleys
*** SHOW DOWN ***
JvBleys: shows [5c 5h] (four of a kind, Fives)
Anatoliy Abram: shows [Kd 6d] (a flush, King high)
JvBleys collected $4.61 from pot
*** SUMMARY ***
Total pot $4.78 | Rake $0.17 
Board [2c 5d 5s Td 8d]
Seat 2: CAAACH folded before Flop (didn't bet)
Seat 3: Dorex2007 folded before Flop (didn't bet)
Seat 4: Anatoliy Abram showed [Kd 6d] and lost with a flush, King high
Seat 5: JvBleys showed [5c 5h] and won ($4.61) with four of a kind, Fives
Seat 6: leopoker1 folded before Flop (didn't bet)
Seat 7: PeeStiffy (button) folded before Flop (didn't bet)
Seat 8: SSRxAK89 (small blind) folded on the Flop
Seat 9: tomashovka55 (big blind) folded on the Turn



PokerStars Hand #236910797781:  Hold'em No Limit ($0.01/$0.02 USD) - 2022/06/21 22:23:32 PT [2022/06/22 1:23:32 ET]
Table 'Shaula II' 9-max Seat #8 is the button
Seat 1: emev ($2 in chips) 
Seat 2: CAAACH ($1.83 in chips) 
Seat 3: Dorex2007 ($2.56 in chips) 
Seat 5: JvBleys ($4.70 in chips) 
Seat 6: leopoker1 ($4.32 in chips) 
Seat 7: PeeStiffy ($1.37 in chips) 
Seat 8: SSRxAK89 ($1 in chips) 
Seat 9: tomashovka55 ($2 in chips) 
tomashovka55: posts small blind $0.01
emev: posts big blind $0.02
*** HOLE CARDS ***
Dealt to Dorex2007 [7d 6d]
CAAACH: folds 
Dorex2007: calls $0.02
JvBleys: folds 
leopoker1: folds 
PeeStiffy: folds 
SSRxAK89: folds 
tomashovka55: folds 
emev: checks 
*** FLOP *** [7h 7s 8h]
emev: checks 
Dorex2007: bets $0.05
emev: folds 
Uncalled bet ($0.05) returned to Dorex2007
Dorex2007 collected $0.05 from pot
Dorex2007: doesn't show hand 
*** SUMMARY ***
Total pot $0.05 | Rake $0 
Board [7h 7s 8h]
Seat 1: emev (big blind) folded on the Flop
Seat 2: CAAACH folded before Flop (didn't bet)
Seat 3: Dorex2007 collected ($0.05)
Seat 5: JvBleys folded before Flop (didn't bet)
Seat 6: leopoker1 folded before Flop (didn't bet)
Seat 7: PeeStiffy folded before Flop (didn't bet)
Seat 8: SSRxAK89 (button) folded before Flop (didn't bet)
Seat 9: tomashovka55 (small blind) folded before Flop



PokerStars Hand #236910801946:  Hold'em No Limit ($0.01/$0.02 USD) - 2022/06/21 22:24:09 PT [2022/06/22 1:24:09 ET]
Table 'Shaula II' 9-max Seat #9 is the button
Seat 1: emev ($1.98 in chips) 
Seat 2: CAAACH ($1.83 in chips) 
Seat 3: Dorex2007 ($2.59 in chips) 
Seat 4: Anatoliy Abram ($1.41 in chips) 
Seat 5: JvBleys ($4.70 in chips) 
Seat 6: leopoker1 ($4.32 in chips) 
Seat 7: PeeStiffy ($1.37 in chips) 
Seat 8: SSRxAK89 ($1 in chips) 
Seat 9: tomashovka55 ($2 in chips) 
emev: posts small blind $0.01
CAAACH: posts big blind $0.02
*** HOLE CARDS ***
Dealt to Dorex2007 [2d 8d]
Dorex2007: folds 
Anatoliy Abram: raises $0.02 to $0.04
JvBleys: folds 
leopoker1: folds 
PeeStiffy: folds 
SSRxAK89: folds 
tomashovka55: folds 
emev: calls $0.03
CAAACH: calls $0.02
*** FLOP *** [2c Ks 3d]
emev: checks 
CAAACH: bets $0.04
Anatoliy Abram: folds 
emev: folds 
Uncalled bet ($0.04) returned to CAAACH
CAAACH collected $0.12 from pot
CAAACH: doesn't show hand 
*** SUMMARY ***
Total pot $0.12 | Rake $0 
Board [2c Ks 3d]
Seat 1: emev (small blind) folded on the Flop
Seat 2: CAAACH (big blind) collected ($0.12)
Seat 3: Dorex2007 folded before Flop (didn't bet)
Seat 4: Anatoliy Abram folded on the Flop
Seat 5: JvBleys folded before Flop (didn't bet)
Seat 6: leopoker1 folded before Flop (didn't bet)
Seat 7: PeeStiffy folded before Flop (didn't bet)
Seat 8: SSRxAK89 folded before Flop (didn't bet)
Seat 9: tomashovka55 (button) folded before Flop (didn't bet)



PokerStars Hand #236910806501:  Hold'em No Limit ($0.01/$0.02 USD) - 2022/06/21 22:24:50 PT [2022/06/22 1:24:50 ET]
Table 'Shaula II' 9-max Seat #1 is the button
Seat 1: emev ($1.94 in chips) 
Seat 2: CAAACH ($1.91 in chips) 
Seat 3: Dorex2007 ($2.59 in chips) 
Seat 4: Anatoliy Abram ($1.37 in chips) 
Seat 5: JvBleys ($4.70 in chips) 
Seat 6: leopoker1 ($4.32 in chips) 
Seat 7: PeeStiffy ($1.37 in chips) 
Seat 8: SSRxAK89 ($1 in chips) 
Seat 9: tomashovka55 ($2 in chips) 
CAAACH: posts small blind $0.01
Dorex2007: posts big blind $0.02
*** HOLE CARDS ***
Dealt to Dorex2007 [8s 6d]
Anatoliy Abram: calls $0.02
JvBleys: folds 
leopoker1: folds 
PeeStiffy: folds 
SSRxAK89: folds 
tomashovka55: folds 
emev: folds 
CAAACH: calls $0.01
Dorex2007: checks 
*** FLOP *** [4s 2h 8d]
CAAACH: checks 
Dorex2007: bets $0.04
Anatoliy Abram: calls $0.04
CAAACH: folds 
*** TURN *** [4s 2h 8d] [4h]
Dorex2007: bets $0.09
Anatoliy Abram: calls $0.09
*** RIVER *** [4s 2h 8d 4h] [5h]
Dorex2007: bets $0.16
Anatoliy Abram: calls $0.16
*** SHOW DOWN ***
Dorex2007: shows [8s 6d] (two pair, Eights and Fours)
Anatoliy Abram: shows [3d 4d] (three of a kind, Fours)
Anatoliy Abram collected $0.62 from pot
*** SUMMARY ***
Total pot $0.64 | Rake $0.02 
Board [4s 2h 8d 4h 5h]
Seat 1: emev (button) folded before Flop (didn't bet)
Seat 2: CAAACH (small blind) folded on the Flop
Seat 3: Dorex2007 (big blind) showed [8s 6d] and lost with two pair, Eights and Fours
Seat 4: Anatoliy Abram showed [3d 4d] and won ($0.62) with three of a kind, Fours
Seat 5: JvBleys folded before Flop (didn't bet)
Seat 6: leopoker1 folded before Flop (didn't bet)
Seat 7: PeeStiffy folded before Flop (didn't bet)
Seat 8: SSRxAK89 folded before Flop (didn't bet)
Seat 9: tomashovka55 folded before Flop (didn't bet)



PokerStars Hand #236910812480:  Hold'em No Limit ($0.01/$0.02 USD) - 2022/06/21 22:25:44 PT [2022/06/22 1:25:44 ET]
Table 'Shaula II' 9-max Seat #2 is the button
Seat 1: emev ($1.94 in chips) 
Seat 2: CAAACH ($1.89 in chips) 
Seat 3: Dorex2007 ($2.28 in chips) 
Seat 4: Anatoliy Abram ($1.68 in chips) 
Seat 5: JvBleys ($4.70 in chips) 
Seat 6: leopoker1 ($4.32 in chips) 
Seat 7: PeeStiffy ($1.37 in chips) 
Seat 8: SSRxAK89 ($1 in chips) 
Seat 9: tomashovka55 ($2 in chips) 
Dorex2007: posts small blind $0.01
Anatoliy Abram: posts big blind $0.02
*** HOLE CARDS ***
Dealt to Dorex2007 [4d 5h]
JvBleys: folds 
leopoker1 has timed out
leopoker1: folds 
PeeStiffy: folds 
SSRxAK89: folds 
tomashovka55: folds 
emev: folds 
CAAACH: folds 
Dorex2007: folds 
Uncalled bet ($0.01) returned to Anatoliy Abram
Anatoliy Abram collected $0.02 from pot
Anatoliy Abram: doesn't show hand 
*** SUMMARY ***
Total pot $0.02 | Rake $0 
Seat 1: emev folded before Flop (didn't bet)
Seat 2: CAAACH (button) folded before Flop (didn't bet)
Seat 3: Dorex2007 (small blind) folded before Flop
Seat 4: Anatoliy Abram (big blind) collected ($0.02)
Seat 5: JvBleys folded before Flop (didn't bet)
Seat 6: leopoker1 folded before Flop (didn't bet)
Seat 7: PeeStiffy folded before Flop (didn't bet)
Seat 8: SSRxAK89 folded before Flop (didn't bet)
Seat 9: tomashovka55 folded before Flop (didn't bet)



PokerStars Hand #236910815712:  Hold'em No Limit ($0.01/$0.02 USD) - 2022/06/21 22:26:13 PT [2022/06/22 1:26:13 ET]
Table 'Shaula II' 9-max Seat #3 is the button
Seat 1: emev ($1.94 in chips) 
Seat 2: CAAACH ($1.89 in chips) 
Seat 3: Dorex2007 ($2.27 in chips) 
Seat 4: Anatoliy Abram ($1.69 in chips) 
Seat 5: JvBleys ($4.70 in chips) 
Seat 6: leopoker1 ($4.32 in chips) 
Seat 7: PeeStiffy ($1.37 in chips) 
Seat 8: SSRxAK89 ($1 in chips) 
Seat 9: tomashovka55 ($2 in chips) 
Anatoliy Abram: posts small blind $0.01
JvBleys: posts big blind $0.02
*** HOLE CARDS ***
Dealt to Dorex2007 [7d 9c]
leopoker1: folds 
PeeStiffy: folds 
SSRxAK89: folds 
tomashovka55: folds 
emev: folds 
CAAACH: calls $0.02
Dorex2007: folds 
Anatoliy Abram: raises $0.02 to $0.04
JvBleys: folds 
CAAACH: calls $0.02
*** FLOP *** [7c 7h Kh]
Anatoliy Abram: checks 
CAAACH: checks 
*** TURN *** [7c 7h Kh] [Jd]
Anatoliy Abram: checks 
CAAACH: bets $0.04
Anatoliy Abram: calls $0.04
*** RIVER *** [7c 7h Kh Jd] [9s]
Anatoliy Abram: checks 
CAAACH: bets $0.08
Anatoliy Abram: folds 
Uncalled bet ($0.08) returned to CAAACH
CAAACH collected $0.17 from pot
CAAACH: doesn't show hand 
*** SUMMARY ***
Total pot $0.18 | Rake $0.01 
Board [7c 7h Kh Jd 9s]
Seat 1: emev folded before Flop (didn't bet)
Seat 2: CAAACH collected ($0.17)
Seat 3: Dorex2007 (button) folded before Flop (didn't bet)
Seat 4: Anatoliy Abram (small blind) folded on the River
Seat 5: JvBleys (big blind) folded before Flop
Seat 6: leopoker1 folded before Flop (didn't bet)
Seat 7: PeeStiffy folded before Flop (didn't bet)
Seat 8: SSRxAK89 folded before Flop (didn't bet)
Seat 9: tomashovka55 folded before Flop (didn't bet)



PokerStars Hand #236910821552:  Hold'em No Limit ($0.01/$0.02 USD) - 2022/06/21 22:27:04 PT [2022/06/22 1:27:04 ET]
Table 'Shaula II' 9-max Seat #4 is the button
Seat 1: emev ($1.94 in chips) 
Seat 2: CAAACH ($1.98 in chips) 
Seat 3: Dorex2007 ($2.27 in chips) 
Seat 4: Anatoliy Abram ($1.61 in chips) 
Seat 5: JvBleys ($4.68 in chips) 
Seat 6: leopoker1 ($4.32 in chips) 
Seat 7: PeeStiffy ($1.37 in chips) 
Seat 8: SSRxAK89 ($1 in chips) 
Seat 9: tomashovka55 ($2 in chips) 
JvBleys: posts small blind $0.01
leopoker1: posts big blind $0.02
*** HOLE CARDS ***
Dealt to Dorex2007 [Qd 2h]
PeeStiffy: folds 
SSRxAK89: folds 
tomashovka55: folds 
emev: calls $0.02
CAAACH: folds 
Dorex2007: folds 
Anatoliy Abram: calls $0.02
JvBleys: folds 
leopoker1: raises $0.08 to $0.10
emev: folds 
Anatoliy Abram: calls $0.08
*** FLOP *** [Ts 7d 2c]
leopoker1: bets $0.18
Anatoliy Abram: calls $0.18
*** TURN *** [Ts 7d 2c] [7c]
leopoker1: checks 
Anatoliy Abram: bets $0.04
leopoker1: calls $0.04
*** RIVER *** [Ts 7d 2c 7c] [Qs]
leopoker1: checks 
Anatoliy Abram: bets $0.32
leopoker1: calls $0.32
*** SHOW DOWN ***
Anatoliy Abram: shows [7s Kc] (three of a kind, Sevens)
leopoker1: mucks hand 
Anatoliy Abram collected $1.26 from pot
*** SUMMARY ***
Total pot $1.31 | Rake $0.05 
Board [Ts 7d 2c 7c Qs]
Seat 1: emev folded before Flop
Seat 2: CAAACH folded before Flop (didn't bet)
Seat 3: Dorex2007 folded before Flop (didn't bet)
Seat 4: Anatoliy Abram (button) showed [7s Kc] and won ($1.26) with three of a kind, Sevens
Seat 5: JvBleys (small blind) folded before Flop
Seat 6: leopoker1 (big blind) mucked [Qh Ah]
Seat 7: PeeStiffy folded before Flop (didn't bet)
Seat 8: SSRxAK89 folded before Flop (didn't bet)
Seat 9: tomashovka55 folded before Flop (didn't bet)



PokerStars Hand #236910827917:  Hold'em No Limit ($0.01/$0.02 USD) - 2022/06/21 22:28:01 PT [2022/06/22 1:28:01 ET]
Table 'Shaula II' 9-max Seat #5 is the button
Seat 1: emev ($1.92 in chips) 
Seat 2: CAAACH ($1.98 in chips) 
Seat 3: Dorex2007 ($2.27 in chips) 
Seat 4: Anatoliy Abram ($2.23 in chips) 
Seat 5: JvBleys ($4.67 in chips) 
Seat 6: leopoker1 ($3.68 in chips) 
Seat 7: PeeStiffy ($1.37 in chips) 
Seat 8: SSRxAK89 ($1 in chips) 
Seat 9: tomashovka55 ($2 in chips) 
leopoker1: posts small blind $0.01
PeeStiffy: posts big blind $0.02
*** HOLE CARDS ***
Dealt to Dorex2007 [9h 6c]
SSRxAK89: folds 
tomashovka55: folds 
emev: folds 
CAAACH: calls $0.02
Dorex2007: folds 
Anatoliy Abram: calls $0.02
JvBleys: calls $0.02
leopoker1: calls $0.01
PeeStiffy: checks 
*** FLOP *** [9c Qs 5d]
leopoker1: checks 
PeeStiffy: checks 
CAAACH: checks 
Anatoliy Abram: bets $0.05
JvBleys: folds 
leopoker1: folds 
PeeStiffy: folds 
CAAACH: calls $0.05
*** TURN *** [9c Qs 5d] [Ks]
CAAACH: checks 
Anatoliy Abram: bets $0.09
CAAACH: raises $0.09 to $0.18
Anatoliy Abram: calls $0.09
*** RIVER *** [9c Qs 5d Ks] [4d]
CAAACH: bets $0.21
Anatoliy Abram: calls $0.21
*** SHOW DOWN ***
CAAACH: shows [Js Tc] (a straight, Nine to King)
Anatoliy Abram: mucks hand 
CAAACH collected $0.95 from pot
*** SUMMARY ***
Total pot $0.98 | Rake $0.03 
Board [9c Qs 5d Ks 4d]
Seat 1: emev folded before Flop (didn't bet)
Seat 2: CAAACH showed [Js Tc] and won ($0.95) with a straight, Nine to King
Seat 3: Dorex2007 folded before Flop (didn't bet)
Seat 4: Anatoliy Abram mucked [6d Qd]
Seat 5: JvBleys (button) folded on the Flop
Seat 6: leopoker1 (small blind) folded on the Flop
Seat 7: PeeStiffy (big blind) folded on the Flop
Seat 8: SSRxAK89 folded before Flop (didn't bet)
Seat 9: tomashovka55 folded before Flop (didn't bet)



PokerStars Hand #236910837605:  Hold'em No Limit ($0.01/$0.02 USD) - 2022/06/21 22:29:29 PT [2022/06/22 1:29:29 ET]
Table 'Shaula II' 9-max Seat #6 is the button
Seat 1: emev ($1.92 in chips) 
Seat 2: CAAACH ($2.47 in chips) 
Seat 3: Dorex2007 ($2.27 in chips) 
Seat 4: Anatoliy Abram ($1.77 in chips) 
Seat 5: JvBleys ($4.65 in chips) 
Seat 6: leopoker1 ($3.66 in chips) 
Seat 7: PeeStiffy ($1.35 in chips) 
Seat 8: SSRxAK89 ($1 in chips) 
Seat 9: tomashovka55 ($2 in chips) 
PeeStiffy: posts small blind $0.01
SSRxAK89: posts big blind $0.02
*** HOLE CARDS ***
Dealt to Dorex2007 [8c 2s]
tomashovka55: folds 
emev: calls $0.02
CAAACH: folds 
Dorex2007: folds 
Anatoliy Abram: raises $0.02 to $0.04
JvBleys: folds 
leopoker1: calls $0.04
PeeStiffy: folds 
SSRxAK89: calls $0.02
emev: calls $0.02
*** FLOP *** [7c 9c Ac]
SSRxAK89: checks 
emev: checks 
Anatoliy Abram: bets $0.08
leopoker1: folds 
SSRxAK89: calls $0.08
emev: folds 
*** TURN *** [7c 9c Ac] [8d]
SSRxAK89: checks 
Anatoliy Abram: bets $0.16
SSRxAK89: calls $0.16
*** RIVER *** [7c 9c Ac 8d] [Kc]
SSRxAK89: checks 
Anatoliy Abram: bets $0.31
SSRxAK89: calls $0.31
*** SHOW DOWN ***
Anatoliy Abram: shows [9h Jc] (a flush, Ace high)
SSRxAK89: mucks hand 
Anatoliy Abram collected $1.23 from pot
*** SUMMARY ***
Total pot $1.27 | Rake $0.04 
Board [7c 9c Ac 8d Kc]
Seat 1: emev folded on the Flop
Seat 2: CAAACH folded before Flop (didn't bet)
Seat 3: Dorex2007 folded before Flop (didn't bet)
Seat 4: Anatoliy Abram showed [9h Jc] and won ($1.23) with a flush, Ace high
Seat 5: JvBleys folded before Flop (didn't bet)
Seat 6: leopoker1 (button) folded on the Flop
Seat 7: PeeStiffy (small blind) folded before Flop
Seat 8: SSRxAK89 (big blind) mucked [Tc Ad]
Seat 9: tomashovka55 folded before Flop (didn't bet)



PokerStars Hand #236910845593:  Hold'em No Limit ($0.01/$0.02 USD) - 2022/06/21 22:30:41 PT [2022/06/22 1:30:41 ET]
Table 'Shaula II' 9-max Seat #7 is the button
Seat 1: emev ($1.88 in chips) 
Seat 2: CAAACH ($2.47 in chips) 
Seat 3: Dorex2007 ($2.27 in chips) 
Seat 4: Anatoliy Abram ($2.41 in chips) 
Seat 5: JvBleys ($4.65 in chips) 
Seat 6: leopoker1 ($3.62 in chips) 
Seat 7: PeeStiffy ($1.34 in chips) 
Seat 8: SSRxAK89 ($1 in chips) 
Seat 9: tomashovka55 ($2 in chips) 
SSRxAK89: posts small blind $0.01
tomashovka55: posts big blind $0.02
*** HOLE CARDS ***
Dealt to Dorex2007 [7h 6c]
emev: calls $0.02
CAAACH: folds 
Dorex2007 has timed out
Dorex2007: folds 
Anatoliy Abram: raises $0.02 to $0.04
JvBleys: folds 
leopoker1: folds 
PeeStiffy: folds 
SSRxAK89: raises $0.07 to $0.11
tomashovka55: folds 
emev: folds 
Anatoliy Abram: calls $0.07
*** FLOP *** [9s Ah Qs]
SSRxAK89: bets $0.17
Anatoliy Abram: folds 
Uncalled bet ($0.17) returned to SSRxAK89
SSRxAK89 collected $0.25 from pot
SSRxAK89: doesn't show hand 
*** SUMMARY ***
Total pot $0.26 | Rake $0.01 
Board [9s Ah Qs]
Seat 1: emev folded before Flop
Seat 2: CAAACH folded before Flop (didn't bet)
Seat 3: Dorex2007 folded before Flop (didn't bet)
Seat 4: Anatoliy Abram folded on the Flop
Seat 5: JvBleys folded before Flop (didn't bet)
Seat 6: leopoker1 folded before Flop (didn't bet)
Seat 7: PeeStiffy (button) folded before Flop (didn't bet)
Seat 8: SSRxAK89 (small blind) collected ($0.25)
Seat 9: tomashovka55 (big blind) folded before Flop



PokerStars Hand #236910851598:  Hold'em No Limit ($0.01/$0.02 USD) - 2022/06/21 22:31:35 PT [2022/06/22 1:31:35 ET]
Table 'Shaula II' 9-max Seat #8 is the button
Seat 1: emev ($1.86 in chips) 
Seat 2: CAAACH ($2.47 in chips) 
Seat 3: Dorex2007 ($2.27 in chips) 
Seat 4: Anatoliy Abram ($2.30 in chips) 
Seat 5: JvBleys ($4.65 in chips) 
Seat 6: leopoker1 ($3.62 in chips) 
Seat 7: PeeStiffy ($1.34 in chips) 
Seat 8: SSRxAK89 ($1.14 in chips) 
Seat 9: tomashovka55 ($2 in chips) 
tomashovka55: posts small blind $0.01
emev: posts big blind $0.02
*** HOLE CARDS ***
Dealt to Dorex2007 [Jd 6h]
CAAACH: folds 
Dorex2007: folds 
Anatoliy Abram: calls $0.02
JvBleys: folds 
leopoker1: folds 
PeeStiffy: folds 
SSRxAK89: folds 
tomashovka55: folds 
emev: checks 
*** FLOP *** [Qs Ks Jh]
emev: bets $0.05
Anatoliy Abram: raises $0.08 to $0.13
emev: raises $0.08 to $0.21
Anatoliy Abram: calls $0.08
*** TURN *** [Qs Ks Jh] [3d]
emev: bets $0.45
Anatoliy Abram: folds 
Uncalled bet ($0.45) returned to emev
emev collected $0.45 from pot
emev: doesn't show hand 
*** SUMMARY ***
Total pot $0.47 | Rake $0.02 
Board [Qs Ks Jh 3d]
Seat 1: emev (big blind) collected ($0.45)
Seat 2: CAAACH folded before Flop (didn't bet)
Seat 3: Dorex2007 folded before Flop (didn't bet)
Seat 4: Anatoliy Abram folded on the Turn
Seat 5: JvBleys folded before Flop (didn't bet)
Seat 6: leopoker1 folded before Flop (didn't bet)
Seat 7: PeeStiffy folded before Flop (didn't bet)
Seat 8: SSRxAK89 (button) folded before Flop (didn't bet)
Seat 9: tomashovka55 (small blind) folded before Flop



PokerStars Hand #236910857673:  Hold'em No Limit ($0.01/$0.02 USD) - 2022/06/21 22:32:29 PT [2022/06/22 1:32:29 ET]
Table 'Shaula II' 9-max Seat #9 is the button
Seat 1: emev ($2.08 in chips) 
Seat 2: CAAACH ($2.47 in chips) 
Seat 3: Dorex2007 ($2.27 in chips) 
Seat 4: Anatoliy Abram ($2.07 in chips) 
Seat 5: JvBleys ($4.65 in chips) 
Seat 6: leopoker1 ($3.62 in chips) 
Seat 7: PeeStiffy ($1.34 in chips) 
Seat 8: SSRxAK89 ($1.14 in chips) 
Seat 9: tomashovka55 ($2 in chips) 
emev: posts small blind $0.01
CAAACH: posts big blind $0.02
*** HOLE CARDS ***
Dealt to Dorex2007 [Jd Ks]
Dorex2007: calls $0.02
Anatoliy Abram: calls $0.02
JvBleys: folds 
leopoker1: folds 
PeeStiffy has timed out
PeeStiffy: folds 
SSRxAK89: calls $0.02
tomashovka55: folds 
emev: calls $0.01
CAAACH: checks 
*** FLOP *** [7h 4c 8c]
emev: checks 
CAAACH: checks 
Dorex2007: checks 
Anatoliy Abram: bets $0.05
SSRxAK89: folds 
emev: folds 
CAAACH: calls $0.05
Dorex2007: folds 
*** TURN *** [7h 4c 8c] [5c]
CAAACH: checks 
Anatoliy Abram: checks 
*** RIVER *** [7h 4c 8c 5c] [4d]
CAAACH: bets $0.08
Anatoliy Abram: calls $0.08
*** SHOW DOWN ***
CAAACH: shows [6s 8s] (a straight, Four to Eight)
Anatoliy Abram: mucks hand 
CAAACH collected $0.35 from pot
*** SUMMARY ***
Total pot $0.36 | Rake $0.01 
Board [7h 4c 8c 5c 4d]
Seat 1: emev (small blind) folded on the Flop
Seat 2: CAAACH (big blind) showed [6s 8s] and won ($0.35) with a straight, Four to Eight
Seat 3: Dorex2007 folded on the Flop
Seat 4: Anatoliy Abram mucked [Th 8h]
Seat 5: JvBleys folded before Flop (didn't bet)
Seat 6: leopoker1 folded before Flop (didn't bet)
Seat 7: PeeStiffy folded before Flop (didn't bet)
Seat 8: SSRxAK89 folded on the Flop
Seat 9: tomashovka55 (button) folded before Flop (didn't bet)



PokerStars Hand #236910867272:  Hold'em No Limit ($0.01/$0.02 USD) - 2022/06/21 22:33:40 PT [2022/06/22 1:33:40 ET]
Table 'Shaula II' 9-max Seat #1 is the button
Seat 1: emev ($2.06 in chips) 
Seat 2: CAAACH ($2.67 in chips) 
Seat 3: Dorex2007 ($2.25 in chips) 
Seat 4: Anatoliy Abram ($1.92 in chips) 
Seat 5: JvBleys ($4.65 in chips) 
Seat 6: leopoker1 ($3.62 in chips) 
Seat 8: SSRxAK89 ($1.12 in chips) 
Seat 9: tomashovka55 ($2 in chips) 
CAAACH: posts small blind $0.01
Dorex2007: posts big blind $0.02
*** HOLE CARDS ***
Dealt to Dorex2007 [4h 9h]
Anatoliy Abram: raises $0.04 to $0.06
JvBleys: folds 
leopoker1: calls $0.06
SSRxAK89: folds 
tomashovka55: folds 
emev: folds 
CAAACH: folds 
Dorex2007: folds 
*** FLOP *** [Jc 9c Ah]
Anatoliy Abram: bets $0.07
leopoker1: calls $0.07
*** TURN *** [Jc 9c Ah] [Ad]
Anatoliy Abram: bets $0.14
leopoker1: calls $0.14
*** RIVER *** [Jc 9c Ah Ad] [5c]
Anatoliy Abram: bets $0.27
leopoker1: folds 
Uncalled bet ($0.27) returned to Anatoliy Abram
Anatoliy Abram collected $0.55 from pot
Anatoliy Abram: doesn't show hand 
*** SUMMARY ***
Total pot $0.57 | Rake $0.02 
Board [Jc 9c Ah Ad 5c]
Seat 1: emev (button) folded before Flop (didn't bet)
Seat 2: CAAACH (small blind) folded before Flop
Seat 3: Dorex2007 (big blind) folded before Flop
Seat 4: Anatoliy Abram collected ($0.55)
Seat 5: JvBleys folded before Flop (didn't bet)
Seat 6: leopoker1 folded on the River
Seat 8: SSRxAK89 folded before Flop (didn't bet)
Seat 9: tomashovka55 folded before Flop (didn't bet)



PokerStars Hand #236910872294:  Hold'em No Limit ($0.01/$0.02 USD) - 2022/06/21 22:34:24 PT [2022/06/22 1:34:24 ET]
Table 'Shaula II' 9-max Seat #2 is the button
Seat 1: emev ($2.06 in chips) 
Seat 2: CAAACH ($2.66 in chips) 
Seat 3: Dorex2007 ($2.23 in chips) 
Seat 4: Anatoliy Abram ($2.20 in chips) 
Seat 5: JvBleys ($4.65 in chips) 
Seat 6: leopoker1 ($3.35 in chips) 
Seat 7: PeeStiffy ($1.34 in chips) 
Seat 8: SSRxAK89 ($1.12 in chips) 
Seat 9: tomashovka55 ($2 in chips) 
Dorex2007: posts small blind $0.01
Anatoliy Abram: posts big blind $0.02
*** HOLE CARDS ***
Dealt to Dorex2007 [7h 3c]
JvBleys: folds 
leopoker1: folds 
PeeStiffy: folds 
SSRxAK89: folds 
tomashovka55: folds 
emev: folds 
JvBleys leaves the table
CAAACH: calls $0.02
Dorex2007: folds 
Anatoliy Abram: checks 
*** FLOP *** [9h 2h 7d]
hmpfilho joins the table at seat #5 
Anatoliy Abram: checks 
CAAACH: checks 
*** TURN *** [9h 2h 7d] [4h]
Anatoliy Abram: checks 
CAAACH: checks 
*** RIVER *** [9h 2h 7d 4h] [Jh]
Anatoliy Abram: bets $0.02
CAAACH: raises $0.10 to $0.12
Anatoliy Abram: calls $0.10
*** SHOW DOWN ***
CAAACH: shows [Qd Kh] (a flush, King high)
Anatoliy Abram: mucks hand 
CAAACH collected $0.28 from pot
*** SUMMARY ***
Total pot $0.29 | Rake $0.01 
Board [9h 2h 7d 4h Jh]
Seat 1: emev folded before Flop (didn't bet)
Seat 2: CAAACH (button) showed [Qd Kh] and won ($0.28) with a flush, King high
Seat 3: Dorex2007 (small blind) folded before Flop
Seat 4: Anatoliy Abram (big blind) mucked [Ac 8h]
Seat 5: JvBleys folded before Flop (didn't bet)
Seat 6: leopoker1 folded before Flop (didn't bet)
Seat 7: PeeStiffy folded before Flop (didn't bet)
Seat 8: SSRxAK89 folded before Flop (didn't bet)
Seat 9: tomashovka55 folded before Flop (didn't bet)



PokerStars Hand #236910877980:  Hold'em No Limit ($0.01/$0.02 USD) - 2022/06/21 22:35:16 PT [2022/06/22 1:35:16 ET]
Table 'Shaula II' 9-max Seat #3 is the button
Seat 1: emev ($2.06 in chips) 
Seat 2: CAAACH ($2.80 in chips) 
Seat 3: Dorex2007 ($2.22 in chips) 
Seat 4: Anatoliy Abram ($2.06 in chips) 
Seat 5: hmpfilho ($1.60 in chips) 
Seat 6: leopoker1 ($3.35 in chips) 
Seat 7: PeeStiffy ($1.34 in chips) 
Seat 8: SSRxAK89 ($1.12 in chips) 
Seat 9: tomashovka55 ($2 in chips) 
Anatoliy Abram: posts small blind $0.01
hmpfilho: posts big blind $0.02
*** HOLE CARDS ***
Dealt to Dorex2007 [4d Ac]
leopoker1: folds 
PeeStiffy: raises $0.03 to $0.05
SSRxAK89: folds 
tomashovka55: calls $0.05
emev: calls $0.05
CAAACH: folds 
Dorex2007: folds 
Anatoliy Abram: calls $0.04
hmpfilho: calls $0.03
*** FLOP *** [3h 7c Kh]
Anatoliy Abram: bets $0.12
hmpfilho: calls $0.12
PeeStiffy: folds 
tomashovka55: folds 
emev: calls $0.12
*** TURN *** [3h 7c Kh] [6d]
Anatoliy Abram: checks 
hmpfilho: checks 
emev: bets $0.29
Anatoliy Abram: calls $0.29
hmpfilho: calls $0.29
*** RIVER *** [3h 7c Kh 6d] [9d]
Anatoliy Abram: checks 
hmpfilho: checks 
emev: bets $0.50
Anatoliy Abram: folds 
hmpfilho: folds 
Uncalled bet ($0.50) returned to emev
emev collected $1.43 from pot
emev: doesn't show hand 
*** SUMMARY ***
Total pot $1.48 | Rake $0.05 
Board [3h 7c Kh 6d 9d]
Seat 1: emev collected ($1.43)
Seat 2: CAAACH folded before Flop (didn't bet)
Seat 3: Dorex2007 (button) folded before Flop (didn't bet)
Seat 4: Anatoliy Abram (small blind) folded on the River
Seat 5: hmpfilho (big blind) folded on the River
Seat 6: leopoker1 folded before Flop (didn't bet)
Seat 7: PeeStiffy folded on the Flop
Seat 8: SSRxAK89 folded before Flop (didn't bet)
Seat 9: tomashovka55 folded on the Flop



PokerStars Hand #236910886524:  Hold'em No Limit ($0.01/$0.02 USD) - 2022/06/21 22:36:33 PT [2022/06/22 1:36:33 ET]
Table 'Shaula II' 9-max Seat #4 is the button
Seat 1: emev ($3.03 in chips) 
Seat 2: CAAACH ($2.80 in chips) 
Seat 3: Dorex2007 ($2.22 in chips) 
Seat 4: Anatoliy Abram ($1.60 in chips) 
Seat 5: hmpfilho ($1.14 in chips) 
Seat 6: leopoker1 ($3.35 in chips) 
Seat 7: PeeStiffy ($1.29 in chips) 
Seat 8: SSRxAK89 ($1.12 in chips) 
Seat 9: tomashovka55 ($2 in chips) 
hmpfilho: posts small blind $0.01
leopoker1: posts big blind $0.02
*** HOLE CARDS ***
Dealt to Dorex2007 [6s 9s]
PeeStiffy: folds 
SSRxAK89: folds 
tomashovka55: folds 
emev: folds 
CAAACH: calls $0.02
Dorex2007: folds 
Anatoliy Abram: raises $0.04 to $0.06
hmpfilho: raises $0.16 to $0.22
leopoker1: folds 
CAAACH: folds 
Anatoliy Abram: raises $1.38 to $1.60 and is all-in
hmpfilho: calls $0.92 and is all-in
Uncalled bet ($0.46) returned to Anatoliy Abram
*** FLOP *** [7s 8d Jc]
*** TURN *** [7s 8d Jc] [4d]
*** RIVER *** [7s 8d Jc 4d] [Jh]
*** SHOW DOWN ***
hmpfilho: shows [Ad Qh] (a pair of Jacks)
Anatoliy Abram: shows [Th Ah] (a pair of Jacks - lower kicker)
hmpfilho collected $2.24 from pot
*** SUMMARY ***
Total pot $2.32 | Rake $0.08 
Board [7s 8d Jc 4d Jh]
Seat 1: emev folded before Flop (didn't bet)
Seat 2: CAAACH folded before Flop
Seat 3: Dorex2007 folded before Flop (didn't bet)
Seat 4: Anatoliy Abram (button) showed [Th Ah] and lost with a pair of Jacks
Seat 5: hmpfilho (small blind) showed [Ad Qh] and won ($2.24) with a pair of Jacks
Seat 6: leopoker1 (big blind) folded before Flop
Seat 7: PeeStiffy folded before Flop (didn't bet)
Seat 8: SSRxAK89 folded before Flop (didn't bet)
Seat 9: tomashovka55 folded before Flop (didn't bet)



PokerStars Hand #236910891814:  Hold'em No Limit ($0.01/$0.02 USD) - 2022/06/21 22:37:21 PT [2022/06/22 1:37:21 ET]
Table 'Shaula II' 9-max Seat #5 is the button
Seat 1: emev ($3.03 in chips) 
Seat 2: CAAACH ($2.78 in chips) 
Seat 3: Dorex2007 ($2.22 in chips) 
Seat 4: Anatoliy Abram ($0.46 in chips) 
Seat 5: hmpfilho ($2.24 in chips) 
Seat 6: leopoker1 ($3.33 in chips) 
Seat 7: PeeStiffy ($1.29 in chips) 
Seat 8: SSRxAK89 ($1.12 in chips) 
Seat 9: tomashovka55 ($2 in chips) 
leopoker1: posts small blind $0.01
PeeStiffy: posts big blind $0.02
*** HOLE CARDS ***
Dealt to Dorex2007 [8d 8s]
SSRxAK89: folds 
tomashovka55: folds 
emev: folds 
CAAACH: raises $0.02 to $0.04
Dorex2007: calls $0.04
Anatoliy Abram: folds 
hmpfilho: folds 
leopoker1: folds 
PeeStiffy: calls $0.02
*** FLOP *** [9s 2h Ks]
PeeStiffy: checks 
CAAACH: bets $0.02
Dorex2007: calls $0.02
PeeStiffy: calls $0.02
*** TURN *** [9s 2h Ks] [6s]
PeeStiffy: checks 
CAAACH: bets $0.02
Dorex2007: folds 
PeeStiffy: folds 
Uncalled bet ($0.02) returned to CAAACH
CAAACH collected $0.18 from pot
CAAACH: doesn't show hand 
*** SUMMARY ***
Total pot $0.19 | Rake $0.01 
Board [9s 2h Ks 6s]
Seat 1: emev folded before Flop (didn't bet)
Seat 2: CAAACH collected ($0.18)
Seat 3: Dorex2007 folded on the Turn
Seat 4: Anatoliy Abram folded before Flop (didn't bet)
Seat 5: hmpfilho (button) folded before Flop (didn't bet)
Seat 6: leopoker1 (small blind) folded before Flop
Seat 7: PeeStiffy (big blind) folded on the Turn
Seat 8: SSRxAK89 folded before Flop (didn't bet)
Seat 9: tomashovka55 folded before Flop (didn't bet)



PokerStars Hand #236910900217:  Hold'em No Limit ($0.01/$0.02 USD) - 2022/06/21 22:38:37 PT [2022/06/22 1:38:37 ET]
Table 'Shaula II' 9-max Seat #6 is the button
Seat 1: emev ($3.03 in chips) 
Seat 2: CAAACH ($2.90 in chips) 
Seat 3: Dorex2007 ($2.16 in chips) 
Seat 4: Anatoliy Abram ($0.46 in chips) 
Seat 5: hmpfilho ($2.24 in chips) 
Seat 6: leopoker1 ($3.32 in chips) 
Seat 7: PeeStiffy ($1.23 in chips) 
Seat 8: SSRxAK89 ($1.12 in chips) 
Seat 9: tomashovka55 ($2 in chips) 
PeeStiffy: posts small blind $0.01
SSRxAK89: posts big blind $0.02
*** HOLE CARDS ***
Dealt to Dorex2007 [5h 5d]
tomashovka55: folds 
emev: calls $0.02
CAAACH: calls $0.02
Dorex2007: calls $0.02
Anatoliy Abram: folds 
hmpfilho: folds 
leopoker1: calls $0.02
PeeStiffy: calls $0.01
SSRxAK89: checks 
*** FLOP *** [6c 2h 2d]
PeeStiffy: checks 
SSRxAK89: checks 
emev: checks 
CAAACH: checks 
Dorex2007: checks 
leopoker1: checks 
*** TURN *** [6c 2h 2d] [7h]
PeeStiffy: bets $0.04
SSRxAK89: folds 
emev: calls $0.04
CAAACH: calls $0.04
Dorex2007: folds 
leopoker1: folds 
*** RIVER *** [6c 2h 2d 7h] [Tc]
PeeStiffy: checks 
emev: checks 
CAAACH: checks 
*** SHOW DOWN ***
PeeStiffy: shows [4s Jc] (a pair of Deuces)
emev: shows [Qh Jh] (a pair of Deuces - Queen kicker)
CAAACH: mucks hand 
emev collected $0.23 from pot
*** SUMMARY ***
Total pot $0.24 | Rake $0.01 
Board [6c 2h 2d 7h Tc]
Seat 1: emev showed [Qh Jh] and won ($0.23) with a pair of Deuces
Seat 2: CAAACH mucked [4h 3h]
Seat 3: Dorex2007 folded on the Turn
Seat 4: Anatoliy Abram folded before Flop (didn't bet)
Seat 5: hmpfilho folded before Flop (didn't bet)
Seat 6: leopoker1 (button) folded on the Turn
Seat 7: PeeStiffy (small blind) showed [4s Jc] and lost with a pair of Deuces
Seat 8: SSRxAK89 (big blind) folded on the Turn
Seat 9: tomashovka55 folded before Flop (didn't bet)



PokerStars Hand #236910912474:  Hold'em No Limit ($0.01/$0.02 USD) - 2022/06/21 22:40:29 PT [2022/06/22 1:40:29 ET]
Table 'Shaula II' 9-max Seat #7 is the button
Seat 1: emev ($3.20 in chips) 
Seat 2: CAAACH ($2.84 in chips) 
Seat 3: Dorex2007 ($2.14 in chips) 
Seat 4: Anatoliy Abram ($0.46 in chips) 
Seat 5: hmpfilho ($2.24 in chips) 
Seat 6: leopoker1 ($3.30 in chips) 
Seat 7: PeeStiffy ($1.17 in chips) 
Seat 8: SSRxAK89 ($1.10 in chips) 
Seat 9: tomashovka55 ($2 in chips) 
SSRxAK89: posts small blind $0.01
tomashovka55: posts big blind $0.02
*** HOLE CARDS ***
Dealt to Dorex2007 [5s 6c]
emev: calls $0.02
CAAACH: folds 
Dorex2007: folds 
Anatoliy Abram: calls $0.02
hmpfilho: calls $0.02
leopoker1: folds 
PeeStiffy: raises $0.10 to $0.12
SSRxAK89: folds 
tomashovka55: folds 
emev: folds 
Anatoliy Abram: raises $0.34 to $0.46 and is all-in
hmpfilho: folds 
PeeStiffy: calls $0.34
*** FLOP *** [4h 5c 7c]
*** TURN *** [4h 5c 7c] [Kd]
*** RIVER *** [4h 5c 7c Kd] [6h]
*** SHOW DOWN ***
Anatoliy Abram: shows [Jd 3s] (a straight, Three to Seven)
PeeStiffy: shows [Kc Kh] (three of a kind, Kings)
Anatoliy Abram collected $0.96 from pot
*** SUMMARY ***
Total pot $0.99 | Rake $0.03 
Board [4h 5c 7c Kd 6h]
Seat 1: emev folded before Flop
Seat 2: CAAACH folded before Flop (didn't bet)
Seat 3: Dorex2007 folded before Flop (didn't bet)
Seat 4: Anatoliy Abram showed [Jd 3s] and won ($0.96) with a straight, Three to Seven
Seat 5: hmpfilho folded before Flop
Seat 6: leopoker1 folded before Flop (didn't bet)
Seat 7: PeeStiffy (button) showed [Kc Kh] and lost with three of a kind, Kings
Seat 8: SSRxAK89 (small blind) folded before Flop
Seat 9: tomashovka55 (big blind) folded before Flop



PokerStars Hand #236910918182:  Hold'em No Limit ($0.01/$0.02 USD) - 2022/06/21 22:41:21 PT [2022/06/22 1:41:21 ET]
Table 'Shaula II' 9-max Seat #8 is the button
Seat 1: emev ($3.18 in chips) 
Seat 2: CAAACH ($2.84 in chips) 
Seat 3: Dorex2007 ($2.14 in chips) 
Seat 4: Anatoliy Abram ($0.96 in chips) 
Seat 5: hmpfilho ($2.22 in chips) 
Seat 6: leopoker1 ($3.30 in chips) 
Seat 7: PeeStiffy ($0.71 in chips) 
Seat 8: SSRxAK89 ($1.09 in chips) 
Seat 9: tomashovka55 ($2 in chips) 
tomashovka55: posts small blind $0.01
emev: posts big blind $0.02
*** HOLE CARDS ***
Dealt to Dorex2007 [3s 4d]
CAAACH: raises $0.02 to $0.04
Dorex2007: folds 
Anatoliy Abram: raises $0.02 to $0.06
hmpfilho: folds 
leopoker1: calls $0.06
PeeStiffy: folds 
SSRxAK89: folds 
tomashovka55: folds 
emev: calls $0.04
CAAACH: calls $0.02
*** FLOP *** [3h 5d 2s]
emev: checks 
CAAACH: checks 
Anatoliy Abram: bets $0.12
leopoker1: folds 
emev: folds 
CAAACH: folds 
Uncalled bet ($0.12) returned to Anatoliy Abram
Anatoliy Abram collected $0.24 from pot
Anatoliy Abram: doesn't show hand 
*** SUMMARY ***
Total pot $0.25 | Rake $0.01 
Board [3h 5d 2s]
Seat 1: emev (big blind) folded on the Flop
Seat 2: CAAACH folded on the Flop
Seat 3: Dorex2007 folded before Flop (didn't bet)
Seat 4: Anatoliy Abram collected ($0.24)
Seat 5: hmpfilho folded before Flop (didn't bet)
Seat 6: leopoker1 folded on the Flop
Seat 7: PeeStiffy folded before Flop (didn't bet)
Seat 8: SSRxAK89 (button) folded before Flop (didn't bet)
Seat 9: tomashovka55 (small blind) folded before Flop



PokerStars Hand #236910922966:  Hold'em No Limit ($0.01/$0.02 USD) - 2022/06/21 22:42:06 PT [2022/06/22 1:42:06 ET]
Table 'Shaula II' 9-max Seat #9 is the button
Seat 1: emev ($3.12 in chips) 
Seat 2: CAAACH ($2.78 in chips) 
Seat 3: Dorex2007 ($2.14 in chips) 
Seat 4: Anatoliy Abram ($1.14 in chips) 
Seat 5: hmpfilho ($2.22 in chips) 
Seat 6: leopoker1 ($3.24 in chips) 
Seat 7: PeeStiffy ($1.51 in chips) 
Seat 8: SSRxAK89 ($1.09 in chips) 
Seat 9: tomashovka55 ($2 in chips) 
emev: posts small blind $0.01
CAAACH: posts big blind $0.02
*** HOLE CARDS ***
Dealt to Dorex2007 [Qh Kd]
Dorex2007: calls $0.02
Anatoliy Abram: calls $0.02
hmpfilho: calls $0.02
leopoker1: calls $0.02
PeeStiffy: calls $0.02
SSRxAK89: calls $0.02
tomashovka55: folds 
emev: calls $0.01
CAAACH: checks 
*** FLOP *** [Tc 3c 9s]
emev: checks 
CAAACH: checks 
Dorex2007: checks 
Anatoliy Abram: bets $0.07
hmpfilho: folds 
leopoker1: folds 
PeeStiffy: calls $0.07
SSRxAK89: calls $0.07
emev: folds 
CAAACH: folds 
Dorex2007: folds 
*** TURN *** [Tc 3c 9s] [Qc]
Anatoliy Abram: checks 
PeeStiffy: checks 
SSRxAK89: bets $0.10
Anatoliy Abram: calls $0.10
PeeStiffy: folds 
*** RIVER *** [Tc 3c 9s Qc] [Ts]
Anatoliy Abram: checks 
SSRxAK89: bets $0.90 and is all-in
Anatoliy Abram: folds 
Uncalled bet ($0.90) returned to SSRxAK89
SSRxAK89 collected $0.55 from pot
SSRxAK89: doesn't show hand 
*** SUMMARY ***
Total pot $0.57 | Rake $0.02 
Board [Tc 3c 9s Qc Ts]
Seat 1: emev (small blind) folded on the Flop
Seat 2: CAAACH (big blind) folded on the Flop
Seat 3: Dorex2007 folded on the Flop
Seat 4: Anatoliy Abram folded on the River
Seat 5: hmpfilho folded on the Flop
Seat 6: leopoker1 folded on the Flop
Seat 7: PeeStiffy folded on the Turn
Seat 8: SSRxAK89 collected ($0.55)
Seat 9: tomashovka55 (button) folded before Flop (didn't bet)



PokerStars Hand #236910935293:  Hold'em No Limit ($0.01/$0.02 USD) - 2022/06/21 22:43:59 PT [2022/06/22 1:43:59 ET]
Table 'Shaula II' 9-max Seat #1 is the button
Seat 1: emev ($3.10 in chips) 
Seat 2: CAAACH ($2.76 in chips) 
Seat 3: Dorex2007 ($2.12 in chips) 
Seat 4: Anatoliy Abram ($0.95 in chips) 
Seat 5: hmpfilho ($2.20 in chips) 
Seat 6: leopoker1 ($3.22 in chips) 
Seat 7: PeeStiffy ($1.42 in chips) 
Seat 8: SSRxAK89 ($1.45 in chips) 
Seat 9: tomashovka55 ($2 in chips) 
CAAACH: posts small blind $0.01
Dorex2007: posts big blind $0.02
*** HOLE CARDS ***
Dealt to Dorex2007 [2h 4s]
Anatoliy Abram: folds 
hmpfilho: raises $0.04 to $0.06
leopoker1: folds 
PeeStiffy: folds 
SSRxAK89: folds 
tomashovka55: calls $0.06
emev: folds 
CAAACH: folds 
Dorex2007: folds 
*** FLOP *** [7c 5s 8h]
hmpfilho: checks 
tomashovka55: bets $0.09
hmpfilho: folds 
Uncalled bet ($0.09) returned to tomashovka55
tomashovka55 collected $0.14 from pot
tomashovka55: doesn't show hand 
*** SUMMARY ***
Total pot $0.15 | Rake $0.01 
Board [7c 5s 8h]
Seat 1: emev (button) folded before Flop (didn't bet)
Seat 2: CAAACH (small blind) folded before Flop
Seat 3: Dorex2007 (big blind) folded before Flop
Seat 4: Anatoliy Abram folded before Flop (didn't bet)
Seat 5: hmpfilho folded on the Flop
Seat 6: leopoker1 folded before Flop (didn't bet)
Seat 7: PeeStiffy folded before Flop (didn't bet)
Seat 8: SSRxAK89 folded before Flop (didn't bet)
Seat 9: tomashovka55 collected ($0.14)



PokerStars Hand #236910940559:  Hold'em No Limit ($0.01/$0.02 USD) - 2022/06/21 22:44:47 PT [2022/06/22 1:44:47 ET]
Table 'Shaula II' 9-max Seat #2 is the button
Seat 1: emev ($3.10 in chips) 
Seat 2: CAAACH ($2.75 in chips) 
Seat 3: Dorex2007 ($2.10 in chips) 
Seat 4: Anatoliy Abram ($0.95 in chips) 
Seat 5: hmpfilho ($2.14 in chips) 
Seat 6: leopoker1 ($3.22 in chips) 
Seat 7: PeeStiffy ($1.42 in chips) 
Seat 8: SSRxAK89 ($1.45 in chips) 
Seat 9: tomashovka55 ($2.08 in chips) 
Dorex2007: posts small blind $0.01
Anatoliy Abram: posts big blind $0.02
*** HOLE CARDS ***
Dealt to Dorex2007 [Ks Ac]
hmpfilho: calls $0.02
leopoker1: folds 
PeeStiffy: raises $0.04 to $0.06
SSRxAK89: folds 
tomashovka55: folds 
emev: calls $0.06
CAAACH: calls $0.06
Dorex2007: calls $0.05
Anatoliy Abram: calls $0.04
hmpfilho: calls $0.04
*** FLOP *** [6c 9s Th]
Dorex2007: checks 
Anatoliy Abram: bets $0.17
hmpfilho: folds 
PeeStiffy: calls $0.17
emev: folds 
CAAACH: folds 
Dorex2007: folds 
*** TURN *** [6c 9s Th] [Ad]
Anatoliy Abram: checks 
PeeStiffy: bets $0.34
Anatoliy Abram: calls $0.34
*** RIVER *** [6c 9s Th Ad] [Qd]
Anatoliy Abram: checks 
PeeStiffy: bets $0.67
Anatoliy Abram: calls $0.38 and is all-in
Uncalled bet ($0.29) returned to PeeStiffy
*** SHOW DOWN ***
PeeStiffy: shows [8h 8c] (a pair of Eights)
Anatoliy Abram: shows [8d Jd] (a straight, Eight to Queen)
Anatoliy Abram collected $2.07 from pot
*** SUMMARY ***
Total pot $2.14 | Rake $0.07 
Board [6c 9s Th Ad Qd]
Seat 1: emev folded on the Flop
Seat 2: CAAACH (button) folded on the Flop
Seat 3: Dorex2007 (small blind) folded on the Flop
Seat 4: Anatoliy Abram (big blind) showed [8d Jd] and won ($2.07) with a straight, Eight to Queen
Seat 5: hmpfilho folded on the Flop
Seat 6: leopoker1 folded before Flop (didn't bet)
Seat 7: PeeStiffy showed [8h 8c] and lost with a pair of Eights
Seat 8: SSRxAK89 folded before Flop (didn't bet)
Seat 9: tomashovka55 folded before Flop (didn't bet)



PokerStars Hand #236910948717:  Hold'em No Limit ($0.01/$0.02 USD) - 2022/06/21 22:46:01 PT [2022/06/22 1:46:01 ET]
Table 'Shaula II' 9-max Seat #3 is the button
Seat 1: emev ($3.04 in chips) 
Seat 2: CAAACH ($2.69 in chips) 
Seat 3: Dorex2007 ($2.04 in chips) 
Seat 4: Anatoliy Abram ($2.07 in chips) 
Seat 5: hmpfilho ($2.08 in chips) 
Seat 6: leopoker1 ($3.22 in chips) 
Seat 7: PeeStiffy ($0.47 in chips) 
Seat 8: SSRxAK89 ($1.45 in chips) 
Seat 9: tomashovka55 ($2.08 in chips) 
Anatoliy Abram: posts small blind $0.01
hmpfilho: posts big blind $0.02
*** HOLE CARDS ***
Dealt to Dorex2007 [5d 7d]
leopoker1: folds 
PeeStiffy: folds 
SSRxAK89: folds 
tomashovka55: folds 
emev: folds 
CAAACH: folds 
Dorex2007: folds 
Anatoliy Abram: calls $0.01
hmpfilho: checks 
*** FLOP *** [Kd Qs 8s]
Anatoliy Abram: bets $0.02
hmpfilho: folds 
Uncalled bet ($0.02) returned to Anatoliy Abram
Anatoliy Abram collected $0.04 from pot
Anatoliy Abram: doesn't show hand 
*** SUMMARY ***
Total pot $0.04 | Rake $0 
Board [Kd Qs 8s]
Seat 1: emev folded before Flop (didn't bet)
Seat 2: CAAACH folded before Flop (didn't bet)
Seat 3: Dorex2007 (button) folded before Flop (didn't bet)
Seat 4: Anatoliy Abram (small blind) collected ($0.04)
Seat 5: hmpfilho (big blind) folded on the Flop
Seat 6: leopoker1 folded before Flop (didn't bet)
Seat 7: PeeStiffy folded before Flop (didn't bet)
Seat 8: SSRxAK89 folded before Flop (didn't bet)
Seat 9: tomashovka55 folded before Flop (didn't bet)



PokerStars Hand #236910951904:  Hold'em No Limit ($0.01/$0.02 USD) - 2022/06/21 22:46:31 PT [2022/06/22 1:46:31 ET]
Table 'Shaula II' 9-max Seat #4 is the button
Seat 1: emev ($3.04 in chips) 
Seat 2: CAAACH ($2.69 in chips) 
Seat 3: Dorex2007 ($2.04 in chips) 
Seat 4: Anatoliy Abram ($2.09 in chips) 
Seat 5: hmpfilho ($2.06 in chips) 
Seat 6: leopoker1 ($3.22 in chips) 
Seat 7: PeeStiffy ($1.46 in chips) 
Seat 8: SSRxAK89 ($1.45 in chips) 
Seat 9: tomashovka55 ($2.08 in chips) 
hmpfilho: posts small blind $0.01
leopoker1: posts big blind $0.02
*** HOLE CARDS ***
Dealt to Dorex2007 [2c 9d]
PeeStiffy: folds 
SSRxAK89: folds 
tomashovka55: folds 
emev: folds 
CAAACH: calls $0.02
Dorex2007: folds 
Anatoliy Abram: calls $0.02
hmpfilho: calls $0.01
leopoker1: checks 
*** FLOP *** [4c Ts 4s]
hmpfilho: bets $0.06
leopoker1: folds 
CAAACH: folds 
Anatoliy Abram: folds 
Uncalled bet ($0.06) returned to hmpfilho
hmpfilho collected $0.08 from pot
hmpfilho: doesn't show hand 
*** SUMMARY ***
Total pot $0.08 | Rake $0 
Board [4c Ts 4s]
Seat 1: emev folded before Flop (didn't bet)
Seat 2: CAAACH folded on the Flop
Seat 3: Dorex2007 folded before Flop (didn't bet)
Seat 4: Anatoliy Abram (button) folded on the Flop
Seat 5: hmpfilho (small blind) collected ($0.08)
Seat 6: leopoker1 (big blind) folded on the Flop
Seat 7: PeeStiffy folded before Flop (didn't bet)
Seat 8: SSRxAK89 folded before Flop (didn't bet)
Seat 9: tomashovka55 folded before Flop (didn't bet)



PokerStars Hand #236910955862:  Hold'em No Limit ($0.01/$0.02 USD) - 2022/06/21 22:47:08 PT [2022/06/22 1:47:08 ET]
Table 'Shaula II' 9-max Seat #5 is the button
Seat 1: emev ($3.04 in chips) 
Seat 2: CAAACH ($2.67 in chips) 
Seat 3: Dorex2007 ($2.04 in chips) 
Seat 4: Anatoliy Abram ($2.07 in chips) 
Seat 5: hmpfilho ($2.12 in chips) 
Seat 6: leopoker1 ($3.20 in chips) 
Seat 7: PeeStiffy ($1.46 in chips) 
Seat 8: SSRxAK89 ($1.45 in chips) 
Seat 9: tomashovka55 ($2.08 in chips) 
leopoker1: posts small blind $0.01
PeeStiffy: posts big blind $0.02
*** HOLE CARDS ***
Dealt to Dorex2007 [Qs 5d]
SSRxAK89: folds 
tomashovka55: raises $0.03 to $0.05
emev: folds 
CAAACH: folds 
Dorex2007: folds 
Anatoliy Abram: calls $0.05
hmpfilho: folds 
leopoker1: folds 
PeeStiffy: calls $0.03
*** FLOP *** [8d 6c 6s]
PeeStiffy: checks 
tomashovka55: checks 
Anatoliy Abram: bets $0.02
PeeStiffy: folds 
tomashovka55: folds 
Uncalled bet ($0.02) returned to Anatoliy Abram
Anatoliy Abram collected $0.15 from pot
Anatoliy Abram: doesn't show hand 
*** SUMMARY ***
Total pot $0.16 | Rake $0.01 
Board [8d 6c 6s]
Seat 1: emev folded before Flop (didn't bet)
Seat 2: CAAACH folded before Flop (didn't bet)
Seat 3: Dorex2007 folded before Flop (didn't bet)
Seat 4: Anatoliy Abram collected ($0.15)
Seat 5: hmpfilho (button) folded before Flop (didn't bet)
Seat 6: leopoker1 (small blind) folded before Flop
Seat 7: PeeStiffy (big blind) folded on the Flop
Seat 8: SSRxAK89 folded before Flop (didn't bet)
Seat 9: tomashovka55 folded on the Flop



PokerStars Hand #236910959992:  Hold'em No Limit ($0.01/$0.02 USD) - 2022/06/21 22:47:47 PT [2022/06/22 1:47:47 ET]
Table 'Shaula II' 9-max Seat #6 is the button
Seat 1: emev ($3.04 in chips) 
Seat 2: CAAACH ($2.67 in chips) 
Seat 3: Dorex2007 ($2.04 in chips) 
Seat 4: Anatoliy Abram ($2.17 in chips) 
Seat 5: hmpfilho ($2.12 in chips) 
Seat 6: leopoker1 ($3.19 in chips) 
Seat 7: PeeStiffy ($1.41 in chips) 
Seat 8: SSRxAK89 ($1.45 in chips) 
Seat 9: tomashovka55 ($2.03 in chips) 
PeeStiffy: posts small blind $0.01
SSRxAK89: posts big blind $0.02
*** HOLE CARDS ***
Dealt to Dorex2007 [Kh Td]
tomashovka55: folds 
emev: folds 
CAAACH: calls $0.02
Dorex2007: calls $0.02
Anatoliy Abram: calls $0.02
hmpfilho: folds 
leopoker1: folds 
PeeStiffy: calls $0.01
SSRxAK89: checks 
*** FLOP *** [7h Qd 5d]
PeeStiffy: checks 
SSRxAK89: checks 
CAAACH: checks 
Dorex2007: checks 
Anatoliy Abram: checks 
*** TURN *** [7h Qd 5d] [Kd]
PeeStiffy: checks 
SSRxAK89: bets $0.04
CAAACH: folds 
Dorex2007: calls $0.04
Anatoliy Abram: folds 
PeeStiffy: folds 
*** RIVER *** [7h Qd 5d Kd] [As]
SSRxAK89: bets $0.11
Dorex2007: folds 
Uncalled bet ($0.11) returned to SSRxAK89
SSRxAK89 collected $0.17 from pot
SSRxAK89: doesn't show hand 
*** SUMMARY ***
Total pot $0.18 | Rake $0.01 
Board [7h Qd 5d Kd As]
Seat 1: emev folded before Flop (didn't bet)
Seat 2: CAAACH folded on the Turn
Seat 3: Dorex2007 folded on the River
Seat 4: Anatoliy Abram folded on the Turn
Seat 5: hmpfilho folded before Flop (didn't bet)
Seat 6: leopoker1 (button) folded before Flop (didn't bet)
Seat 7: PeeStiffy (small blind) folded on the Turn
Seat 8: SSRxAK89 (big blind) collected ($0.17)
Seat 9: tomashovka55 folded before Flop (didn't bet)



PokerStars Hand #236910968458:  Hold'em No Limit ($0.01/$0.02 USD) - 2022/06/21 22:49:05 PT [2022/06/22 1:49:05 ET]
Table 'Shaula II' 9-max Seat #7 is the button
Seat 1: emev ($3.04 in chips) 
Seat 2: CAAACH ($2.65 in chips) 
Seat 3: Dorex2007 ($2 in chips) 
Seat 4: Anatoliy Abram ($2.15 in chips) 
Seat 5: hmpfilho ($2.12 in chips) 
Seat 6: leopoker1 ($3.19 in chips) 
Seat 7: PeeStiffy ($1.39 in chips) 
Seat 8: SSRxAK89 ($1.56 in chips) 
Seat 9: tomashovka55 ($2.03 in chips) 
SSRxAK89: posts small blind $0.01
tomashovka55: posts big blind $0.02
*** HOLE CARDS ***
Dealt to Dorex2007 [Ad Jh]
emev: folds 
CAAACH: calls $0.02
emev leaves the table
Dorex2007: raises $0.04 to $0.06
Anatoliy Abram: folds 
hmpfilho: calls $0.06
leopoker1: folds 
PeeStiffy: folds 
SSRxAK89: folds 
tomashovka55: folds 
CAAACH: calls $0.04
*** FLOP *** [Th Kh 7c]
CAAACH: checks 
Dorex2007: checks 
hmpfilho: checks 
*** TURN *** [Th Kh 7c] [9d]
Artiom198 joins the table at seat #1 
CAAACH: checks 
Dorex2007: checks 
hmpfilho: bets $0.08
CAAACH: folds 
Dorex2007: folds 
Uncalled bet ($0.08) returned to hmpfilho
hmpfilho collected $0.20 from pot
hmpfilho: doesn't show hand 
*** SUMMARY ***
Total pot $0.21 | Rake $0.01 
Board [Th Kh 7c 9d]
Seat 1: emev folded before Flop (didn't bet)
Seat 2: CAAACH folded on the Turn
Seat 3: Dorex2007 folded on the Turn
Seat 4: Anatoliy Abram folded before Flop (didn't bet)
Seat 5: hmpfilho collected ($0.20)
Seat 6: leopoker1 folded before Flop (didn't bet)
Seat 7: PeeStiffy (button) folded before Flop (didn't bet)
Seat 8: SSRxAK89 (small blind) folded before Flop
Seat 9: tomashovka55 (big blind) folded before Flop



PokerStars Hand #236910976890:  Hold'em No Limit ($0.01/$0.02 USD) - 2022/06/21 22:50:22 PT [2022/06/22 1:50:22 ET]
Table 'Shaula II' 9-max Seat #8 is the button
Seat 1: Artiom198 ($2 in chips) 
Seat 2: CAAACH ($2.59 in chips) 
Seat 3: Dorex2007 ($2 in chips) 
Seat 4: Anatoliy Abram ($2.15 in chips) 
Seat 5: hmpfilho ($2.26 in chips) 
Seat 6: leopoker1 ($3.19 in chips) 
Seat 7: PeeStiffy ($1.39 in chips) 
Seat 8: SSRxAK89 ($1.55 in chips) 
Seat 9: tomashovka55 ($2.01 in chips) 
tomashovka55: posts small blind $0.01
Artiom198: posts big blind $0.02
*** HOLE CARDS ***
Dealt to Dorex2007 [Kd 8s]
CAAACH: raises $0.04 to $0.06
Dorex2007: folds 
Anatoliy Abram: folds 
hmpfilho: calls $0.06
leopoker1: folds 
PeeStiffy: folds 
SSRxAK89: folds 
tomashovka55: folds 
Artiom198: calls $0.04
*** FLOP *** [Ac 4h 8d]
Artiom198: checks 
CAAACH: bets $0.10
hmpfilho: folds 
Artiom198: folds 
Uncalled bet ($0.10) returned to CAAACH
CAAACH collected $0.18 from pot
CAAACH: doesn't show hand 
*** SUMMARY ***
Total pot $0.19 | Rake $0.01 
Board [Ac 4h 8d]
Seat 1: Artiom198 (big blind) folded on the Flop
Seat 2: CAAACH collected ($0.18)
Seat 3: Dorex2007 folded before Flop (didn't bet)
Seat 4: Anatoliy Abram folded before Flop (didn't bet)
Seat 5: hmpfilho folded on the Flop
Seat 6: leopoker1 folded before Flop (didn't bet)
Seat 7: PeeStiffy folded before Flop (didn't bet)
Seat 8: SSRxAK89 (button) folded before Flop (didn't bet)
Seat 9: tomashovka55 (small blind) folded before Flop



PokerStars Hand #236910980986:  Hold'em No Limit ($0.01/$0.02 USD) - 2022/06/21 22:50:59 PT [2022/06/22 1:50:59 ET]
Table 'Shaula II' 9-max Seat #9 is the button
Seat 1: Artiom198 ($2 in chips) 
Seat 3: Dorex2007 ($2 in chips) 
Seat 4: Anatoliy Abram ($2.15 in chips) 
Seat 5: hmpfilho ($2.20 in chips) 
Seat 6: leopoker1 ($3.19 in chips) 
Seat 7: PeeStiffy ($1.39 in chips) 
Seat 8: SSRxAK89 ($1.55 in chips) 
Seat 9: tomashovka55 ($2 in chips) 
Artiom198: posts small blind $0.01
CAAACH: is sitting out 
Dorex2007: posts big blind $0.02
*** HOLE CARDS ***
Dealt to Dorex2007 [6s Js]
Anatoliy Abram: raises $0.04 to $0.06
hmpfilho: folds 
leopoker1: folds 
PeeStiffy: folds 
SSRxAK89: folds 
tomashovka55: folds 
Artiom198: calls $0.05
Dorex2007: folds 
*** FLOP *** [Ks 9s 4h]
CAAACH leaves the table
Artiom198: checks 
Anatoliy Abram: bets $0.07
Artiom198: folds 
Uncalled bet ($0.07) returned to Anatoliy Abram
Anatoliy Abram collected $0.14 from pot
Anatoliy Abram: doesn't show hand 
*** SUMMARY ***
Total pot $0.14 | Rake $0 
Board [Ks 9s 4h]
Seat 1: Artiom198 (small blind) folded on the Flop
Seat 3: Dorex2007 (big blind) folded before Flop
Seat 4: Anatoliy Abram collected ($0.14)
Seat 5: hmpfilho folded before Flop (didn't bet)
Seat 6: leopoker1 folded before Flop (didn't bet)
Seat 7: PeeStiffy folded before Flop (didn't bet)
Seat 8: SSRxAK89 folded before Flop (didn't bet)
Seat 9: tomashovka55 (button) folded before Flop (didn't bet)



PokerStars Hand #236910984528:  Hold'em No Limit ($0.01/$0.02 USD) - 2022/06/21 22:51:32 PT [2022/06/22 1:51:32 ET]
Table 'Shaula II' 9-max Seat #1 is the button
Seat 1: Artiom198 ($2 in chips) 
Seat 3: Dorex2007 ($2 in chips) 
Seat 4: Anatoliy Abram ($2.23 in chips) 
Seat 5: hmpfilho ($2.20 in chips) 
Seat 6: leopoker1 ($3.19 in chips) 
Seat 7: PeeStiffy ($1.39 in chips) 
Seat 8: SSRxAK89 ($1.55 in chips) 
Seat 9: tomashovka55 ($2 in chips) 
Dorex2007: posts small blind $0.01
Anatoliy Abram: posts big blind $0.02
*** HOLE CARDS ***
Dealt to Dorex2007 [4c 5h]
hmpfilho: raises $0.02 to $0.04
leopoker1: folds 
jingles34 joins the table at seat #2 
PeeStiffy: folds 
SSRxAK89: folds 
tomashovka55: folds 
Artiom198: folds 
Dorex2007: folds 
Anatoliy Abram: calls $0.02
*** FLOP *** [9c 6d Tc]
Anatoliy Abram: checks 
hmpfilho: bets $0.06
Anatoliy Abram: folds 
Uncalled bet ($0.06) returned to hmpfilho
hmpfilho collected $0.09 from pot
hmpfilho: doesn't show hand 
*** SUMMARY ***
Total pot $0.09 | Rake $0 
Board [9c 6d Tc]
Seat 1: Artiom198 (button) folded before Flop (didn't bet)
Seat 3: Dorex2007 (small blind) folded before Flop
Seat 4: Anatoliy Abram (big blind) folded on the Flop
Seat 5: hmpfilho collected ($0.09)
Seat 6: leopoker1 folded before Flop (didn't bet)
Seat 7: PeeStiffy folded before Flop (didn't bet)
Seat 8: SSRxAK89 folded before Flop (didn't bet)
Seat 9: tomashovka55 folded before Flop (didn't bet)



PokerStars Hand #236910989035:  Hold'em No Limit ($0.01/$0.02 USD) - 2022/06/21 22:52:13 PT [2022/06/22 1:52:13 ET]
Table 'Shaula II' 9-max Seat #3 is the button
Seat 1: Artiom198 ($2 in chips) 
Seat 2: jingles34 ($2 in chips) 
Seat 3: Dorex2007 ($2 in chips) 
Seat 4: Anatoliy Abram ($2.19 in chips) 
Seat 5: hmpfilho ($2.25 in chips) 
Seat 6: leopoker1 ($3.19 in chips) 
Seat 7: PeeStiffy ($1.39 in chips) 
Seat 8: SSRxAK89 ($1.55 in chips) 
Seat 9: tomashovka55 ($2 in chips) 
Anatoliy Abram: posts small blind $0.01
hmpfilho: posts big blind $0.02
jingles34: posts big blind $0.02
*** HOLE CARDS ***
Dealt to Dorex2007 [Kh 2s]
leopoker1: folds 
PeeStiffy: folds 
SSRxAK89: folds 
tomashovka55: folds 
Artiom198: folds 
jingles34: checks 
Dorex2007: folds 
Anatoliy Abram: raises $0.02 to $0.04
hmpfilho: folds 
jingles34: folds 
Uncalled bet ($0.02) returned to Anatoliy Abram
Anatoliy Abram collected $0.06 from pot
Anatoliy Abram: doesn't show hand 
*** SUMMARY ***
Total pot $0.06 | Rake $0 
Seat 1: Artiom198 folded before Flop (didn't bet)
Seat 2: jingles34 folded before Flop (didn't bet)
Seat 3: Dorex2007 (button) folded before Flop (didn't bet)
Seat 4: Anatoliy Abram (small blind) collected ($0.06)
Seat 5: hmpfilho (big blind) folded before Flop
Seat 6: leopoker1 folded before Flop (didn't bet)
Seat 7: PeeStiffy folded before Flop (didn't bet)
Seat 8: SSRxAK89 folded before Flop (didn't bet)
Seat 9: tomashovka55 folded before Flop (didn't bet)



PokerStars Hand #236910991634:  Hold'em No Limit ($0.01/$0.02 USD) - 2022/06/21 22:52:36 PT [2022/06/22 1:52:36 ET]
Table 'Shaula II' 9-max Seat #4 is the button
Seat 1: Artiom198 ($2 in chips) 
Seat 2: jingles34 ($1.98 in chips) 
Seat 3: Dorex2007 ($2 in chips) 
Seat 4: Anatoliy Abram ($2.23 in chips) 
Seat 5: hmpfilho ($2.23 in chips) 
Seat 6: leopoker1 ($3.19 in chips) 
Seat 7: PeeStiffy ($1.39 in chips) 
Seat 8: SSRxAK89 ($1.55 in chips) 
Seat 9: tomashovka55 ($2 in chips) 
hmpfilho: posts small blind $0.01
leopoker1: posts big blind $0.02
*** HOLE CARDS ***
Dealt to Dorex2007 [8s 6d]
PeeStiffy: folds 
SSRxAK89: folds 
tomashovka55: folds 
Artiom198: folds 
jingles34: folds 
Dorex2007: folds 
Anatoliy Abram: raises $0.02 to $0.04
hmpfilho: folds 
leopoker1: raises $3.15 to $3.19 and is all-in
Anatoliy Abram: folds 
Uncalled bet ($3.15) returned to leopoker1
leopoker1 collected $0.09 from pot
leopoker1: doesn't show hand 
*** SUMMARY ***
Total pot $0.09 | Rake $0 
Seat 1: Artiom198 folded before Flop (didn't bet)
Seat 2: jingles34 folded before Flop (didn't bet)
Seat 3: Dorex2007 folded before Flop (didn't bet)
Seat 4: Anatoliy Abram (button) folded before Flop
Seat 5: hmpfilho (small blind) folded before Flop
Seat 6: leopoker1 (big blind) collected ($0.09)
Seat 7: PeeStiffy folded before Flop (didn't bet)
Seat 8: SSRxAK89 folded before Flop (didn't bet)
Seat 9: tomashovka55 folded before Flop (didn't bet)



PokerStars Hand #236910994693:  Hold'em No Limit ($0.01/$0.02 USD) - 2022/06/21 22:53:04 PT [2022/06/22 1:53:04 ET]
Table 'Shaula II' 9-max Seat #5 is the button
Seat 1: Artiom198 ($2 in chips) 
Seat 2: jingles34 ($1.98 in chips) 
Seat 3: Dorex2007 ($2 in chips) 
Seat 4: Anatoliy Abram ($2.19 in chips) 
Seat 5: hmpfilho ($2.22 in chips) 
Seat 6: leopoker1 ($3.24 in chips) 
Seat 7: PeeStiffy ($1.39 in chips) 
Seat 8: SSRxAK89 ($1.55 in chips) 
Seat 9: tomashovka55 ($2 in chips) 
leopoker1: posts small blind $0.01
PeeStiffy: posts big blind $0.02
*** HOLE CARDS ***
Dealt to Dorex2007 [3c 4s]
SSRxAK89: folds 
tomashovka55: raises $0.03 to $0.05
Artiom198: folds 
jingles34: folds 
Dorex2007: folds 
Anatoliy Abram: calls $0.05
hmpfilho: folds 
leopoker1: folds 
PeeStiffy: folds 
*** FLOP *** [3d 9c 6h]
tomashovka55: bets $0.08
Anatoliy Abram: calls $0.08
*** TURN *** [3d 9c 6h] [As]
tomashovka55: checks 
Anatoliy Abram: bets $0.14
tomashovka55: calls $0.14
*** RIVER *** [3d 9c 6h As] [Tc]
tomashovka55: checks 
Anatoliy Abram: bets $0.27
tomashovka55: calls $0.27
*** SHOW DOWN ***
Anatoliy Abram: shows [3h Ah] (two pair, Aces and Threes)
tomashovka55: mucks hand 
Anatoliy Abram collected $1.07 from pot
*** SUMMARY ***
Total pot $1.11 | Rake $0.04 
Board [3d 9c 6h As Tc]
Seat 1: Artiom198 folded before Flop (didn't bet)
Seat 2: jingles34 folded before Flop (didn't bet)
Seat 3: Dorex2007 folded before Flop (didn't bet)
Seat 4: Anatoliy Abram showed [3h Ah] and won ($1.07) with two pair, Aces and Threes
Seat 5: hmpfilho (button) folded before Flop (didn't bet)
Seat 6: leopoker1 (small blind) folded before Flop
Seat 7: PeeStiffy (big blind) folded before Flop
Seat 8: SSRxAK89 folded before Flop (didn't bet)
Seat 9: tomashovka55 mucked [Qd 9d]



PokerStars Hand #236911000125:  Hold'em No Limit ($0.01/$0.02 USD) - 2022/06/21 22:53:55 PT [2022/06/22 1:53:55 ET]
Table 'Shaula II' 9-max Seat #6 is the button
Seat 1: Artiom198 ($2 in chips) 
Seat 2: jingles34 ($1.98 in chips) 
Seat 3: Dorex2007 ($2 in chips) 
Seat 4: Anatoliy Abram ($2.72 in chips) 
Seat 5: hmpfilho ($2.22 in chips) 
Seat 6: leopoker1 ($3.23 in chips) 
Seat 7: PeeStiffy ($1.37 in chips) 
Seat 8: SSRxAK89 ($1.55 in chips) 
Seat 9: tomashovka55 ($2 in chips) 
PeeStiffy: posts small blind $0.01
SSRxAK89: posts big blind $0.02
*** HOLE CARDS ***
Dealt to Dorex2007 [2c As]
tomashovka55: folds 
Artiom198: folds 
jingles34: raises $0.04 to $0.06
Dorex2007: folds 
Anatoliy Abram: calls $0.06
hmpfilho: folds 
leopoker1: folds 
PeeStiffy: folds 
SSRxAK89: calls $0.04
*** FLOP *** [8s 5h Kh]
SSRxAK89: checks 
jingles34: bets $0.09
Anatoliy Abram: folds 
SSRxAK89: folds 
Uncalled bet ($0.09) returned to jingles34
jingles34 collected $0.18 from pot
jingles34: doesn't show hand 
*** SUMMARY ***
Total pot $0.19 | Rake $0.01 
Board [8s 5h Kh]
Seat 1: Artiom198 folded before Flop (didn't bet)
Seat 2: jingles34 collected ($0.18)
Seat 3: Dorex2007 folded before Flop (didn't bet)
Seat 4: Anatoliy Abram folded on the Flop
Seat 5: hmpfilho folded before Flop (didn't bet)
Seat 6: leopoker1 (button) folded before Flop (didn't bet)
Seat 7: PeeStiffy (small blind) folded before Flop
Seat 8: SSRxAK89 (big blind) folded on the Flop
Seat 9: tomashovka55 folded before Flop (didn't bet)



PokerStars Hand #236911004514:  Hold'em No Limit ($0.01/$0.02 USD) - 2022/06/21 22:54:36 PT [2022/06/22 1:54:36 ET]
Table 'Shaula II' 9-max Seat #7 is the button
Seat 1: Artiom198 ($2 in chips) 
Seat 2: jingles34 ($2.10 in chips) 
Seat 3: Dorex2007 ($2 in chips) 
Seat 4: Anatoliy Abram ($2.66 in chips) 
Seat 5: hmpfilho ($2.22 in chips) 
Seat 6: leopoker1 ($3.23 in chips) 
Seat 7: PeeStiffy ($1.36 in chips) 
Seat 8: SSRxAK89 ($1.49 in chips) 
Seat 9: tomashovka55 ($2 in chips) 
SSRxAK89: posts small blind $0.01
tomashovka55: posts big blind $0.02
*** HOLE CARDS ***
Dealt to Dorex2007 [Ah 4h]
Artiom198: folds 
jingles34: folds 
Dorex2007: folds 
Anatoliy Abram: folds 
hmpfilho: calls $0.02
leopoker1: folds 
PeeStiffy: folds 
SSRxAK89: folds 
tomashovka55: checks 
*** FLOP *** [9h 7c Kc]
tomashovka55: checks 
hmpfilho: checks 
*** TURN *** [9h 7c Kc] [Th]
tomashovka55: bets $0.05
hmpfilho: folds 
Uncalled bet ($0.05) returned to tomashovka55
tomashovka55 collected $0.05 from pot
tomashovka55: doesn't show hand 
*** SUMMARY ***
Total pot $0.05 | Rake $0 
Board [9h 7c Kc Th]
Seat 1: Artiom198 folded before Flop (didn't bet)
Seat 2: jingles34 folded before Flop (didn't bet)
Seat 3: Dorex2007 folded before Flop (didn't bet)
Seat 4: Anatoliy Abram folded before Flop (didn't bet)
Seat 5: hmpfilho folded on the Turn
Seat 6: leopoker1 folded before Flop (didn't bet)
Seat 7: PeeStiffy (button) folded before Flop (didn't bet)
Seat 8: SSRxAK89 (small blind) folded before Flop
Seat 9: tomashovka55 (big blind) collected ($0.05)



PokerStars Hand #236911008171:  Hold'em No Limit ($0.01/$0.02 USD) - 2022/06/21 22:55:09 PT [2022/06/22 1:55:09 ET]
Table 'Shaula II' 9-max Seat #8 is the button
Seat 1: Artiom198 ($2 in chips) 
Seat 2: jingles34 ($2.10 in chips) 
Seat 3: Dorex2007 ($2 in chips) 
Seat 4: Anatoliy Abram ($2.66 in chips) 
Seat 5: hmpfilho ($2.20 in chips) 
Seat 6: leopoker1 ($3.23 in chips) 
Seat 7: PeeStiffy ($1.36 in chips) 
Seat 8: SSRxAK89 ($1.48 in chips) 
Seat 9: tomashovka55 ($2.03 in chips) 
tomashovka55: posts small blind $0.01
Artiom198: posts big blind $0.02
*** HOLE CARDS ***
Dealt to Dorex2007 [Td 2h]
jingles34: folds 
Dorex2007: folds 
Anatoliy Abram: calls $0.02
hmpfilho: folds 
leopoker1: calls $0.02
PeeStiffy has timed out
PeeStiffy: folds 
SSRxAK89: folds 
tomashovka55: calls $0.01
Artiom198: checks 
*** FLOP *** [8d Ah As]
tomashovka55: checks 
Artiom198: bets $0.04
Anatoliy Abram: calls $0.04
leopoker1: folds 
tomashovka55: folds 
*** TURN *** [8d Ah As] [6h]
Artiom198: bets $0.08
Anatoliy Abram: calls $0.08
*** RIVER *** [8d Ah As 6h] [4c]
Artiom198: bets $0.31
Anatoliy Abram: folds 
Uncalled bet ($0.31) returned to Artiom198
Artiom198 collected $0.31 from pot
Artiom198: doesn't show hand 
*** SUMMARY ***
Total pot $0.32 | Rake $0.01 
Board [8d Ah As 6h 4c]
Seat 1: Artiom198 (big blind) collected ($0.31)
Seat 2: jingles34 folded before Flop (didn't bet)
Seat 3: Dorex2007 folded before Flop (didn't bet)
Seat 4: Anatoliy Abram folded on the River
Seat 5: hmpfilho folded before Flop (didn't bet)
Seat 6: leopoker1 folded on the Flop
Seat 7: PeeStiffy folded before Flop (didn't bet)
Seat 8: SSRxAK89 (button) folded before Flop (didn't bet)
Seat 9: tomashovka55 (small blind) folded on the Flop



PokerStars Hand #236911014775:  Hold'em No Limit ($0.01/$0.02 USD) - 2022/06/21 22:56:18 PT [2022/06/22 1:56:18 ET]
Table 'Shaula II' 9-max Seat #9 is the button
Seat 1: Artiom198 ($2.17 in chips) 
Seat 2: jingles34 ($2.10 in chips) 
Seat 3: Dorex2007 ($2 in chips) 
Seat 4: Anatoliy Abram ($2.52 in chips) 
Seat 5: hmpfilho ($2.20 in chips) 
Seat 6: leopoker1 ($3.21 in chips) 
Seat 7: PeeStiffy ($1.36 in chips) 
Seat 8: SSRxAK89 ($1.48 in chips) 
Seat 9: tomashovka55 ($2.01 in chips) 
Artiom198: posts small blind $0.01
jingles34: posts big blind $0.02
*** HOLE CARDS ***
Dealt to Dorex2007 [Ac 8h]
Dorex2007: folds 
Anatoliy Abram: calls $0.02
hmpfilho: calls $0.02
leopoker1: folds 
PeeStiffy: folds 
SSRxAK89: calls $0.02
tomashovka55: folds 
Artiom198: calls $0.01
jingles34: checks 
*** FLOP *** [9c 3c Qd]
Artiom198: checks 
jingles34: checks 
Anatoliy Abram: bets $0.05
hmpfilho: folds 
SSRxAK89: calls $0.05
Artiom198: folds 
jingles34: folds 
*** TURN *** [9c 3c Qd] [Js]
Anatoliy Abram: bets $0.09
SSRxAK89: folds 
Uncalled bet ($0.09) returned to Anatoliy Abram
Anatoliy Abram collected $0.19 from pot
Anatoliy Abram: doesn't show hand 
*** SUMMARY ***
Total pot $0.20 | Rake $0.01 
Board [9c 3c Qd Js]
Seat 1: Artiom198 (small blind) folded on the Flop
Seat 2: jingles34 (big blind) folded on the Flop
Seat 3: Dorex2007 folded before Flop (didn't bet)
Seat 4: Anatoliy Abram collected ($0.19)
Seat 5: hmpfilho folded on the Flop
Seat 6: leopoker1 folded before Flop (didn't bet)
Seat 7: PeeStiffy folded before Flop (didn't bet)
Seat 8: SSRxAK89 folded on the Turn
Seat 9: tomashovka55 (button) folded before Flop (didn't bet)



PokerStars Hand #236911018983:  Hold'em No Limit ($0.01/$0.02 USD) - 2022/06/21 22:57:04 PT [2022/06/22 1:57:04 ET]
Table 'Shaula II' 9-max Seat #1 is the button
Seat 1: Artiom198 ($2.15 in chips) 
Seat 2: jingles34 ($2.08 in chips) 
Seat 3: Dorex2007 ($2 in chips) 
Seat 4: Anatoliy Abram ($2.64 in chips) 
Seat 5: hmpfilho ($2.18 in chips) 
Seat 6: leopoker1 ($3.21 in chips) 
Seat 7: PeeStiffy ($1.36 in chips) 
Seat 8: SSRxAK89 ($1.41 in chips) 
jingles34: posts small blind $0.01
Dorex2007: posts big blind $0.02
*** HOLE CARDS ***
Dealt to Dorex2007 [Ts Js]
Anatoliy Abram: calls $0.02
hmpfilho: folds 
leopoker1: folds 
PeeStiffy: folds 
SSRxAK89: folds 
Artiom198: folds 
jingles34: folds 
Dorex2007: checks 
*** FLOP *** [3h 4s Kh]
Dorex2007: checks 
Anatoliy Abram: checks 
*** TURN *** [3h 4s Kh] [Jh]
Dorex2007: checks 
Anatoliy Abram: bets $0.02
Dorex2007: calls $0.02
*** RIVER *** [3h 4s Kh Jh] [3d]
Dorex2007: bets $0.05
Anatoliy Abram: folds 
Uncalled bet ($0.05) returned to Dorex2007
Dorex2007 collected $0.09 from pot
Dorex2007: doesn't show hand 
*** SUMMARY ***
Total pot $0.09 | Rake $0 
Board [3h 4s Kh Jh 3d]
Seat 1: Artiom198 (button) folded before Flop (didn't bet)
Seat 2: jingles34 (small blind) folded before Flop
Seat 3: Dorex2007 (big blind) collected ($0.09)
Seat 4: Anatoliy Abram folded on the River
Seat 5: hmpfilho folded before Flop (didn't bet)
Seat 6: leopoker1 folded before Flop (didn't bet)
Seat 7: PeeStiffy folded before Flop (didn't bet)
Seat 8: SSRxAK89 folded before Flop (didn't bet)



PokerStars Hand #236911023149:  Hold'em No Limit ($0.01/$0.02 USD) - 2022/06/21 22:57:49 PT [2022/06/22 1:57:49 ET]
Table 'Shaula II' 9-max Seat #2 is the button
Seat 1: Artiom198 ($2.15 in chips) 
Seat 2: jingles34 ($2.07 in chips) 
Seat 3: Dorex2007 ($2.05 in chips) 
Seat 4: Anatoliy Abram ($2.60 in chips) 
Seat 5: hmpfilho ($2.18 in chips) 
Seat 6: leopoker1 ($3.21 in chips) 
Seat 7: PeeStiffy ($1.36 in chips) 
Seat 8: SSRxAK89 ($1.41 in chips) 
Dorex2007: posts small blind $0.01
Anatoliy Abram: posts big blind $0.02
*** HOLE CARDS ***
Dealt to Dorex2007 [8h 6s]
hmpfilho: folds 
leopoker1: raises $0.04 to $0.06
PeeStiffy: folds 
SSRxAK89: folds 
Artiom198: folds 
jingles34: folds 
Dorex2007: folds 
Anatoliy Abram: calls $0.04
*** FLOP *** [3d Qd 7d]
Anatoliy Abram: checks 
leopoker1: checks 
*** TURN *** [3d Qd 7d] [2d]
Anatoliy Abram: checks 
leopoker1: checks 
*** RIVER *** [3d Qd 7d 2d] [Qs]
Anatoliy Abram: checks 
leopoker1: checks 
*** SHOW DOWN ***
Anatoliy Abram: shows [6c Ks] (a pair of Queens)
leopoker1: shows [As Kc] (a pair of Queens - Ace kicker)
leopoker1 collected $0.13 from pot
*** SUMMARY ***
Total pot $0.13 | Rake $0 
Board [3d Qd 7d 2d Qs]
Seat 1: Artiom198 folded before Flop (didn't bet)
Seat 2: jingles34 (button) folded before Flop (didn't bet)
Seat 3: Dorex2007 (small blind) folded before Flop
Seat 4: Anatoliy Abram (big blind) showed [6c Ks] and lost with a pair of Queens
Seat 5: hmpfilho folded before Flop (didn't bet)
Seat 6: leopoker1 showed [As Kc] and won ($0.13) with a pair of Queens
Seat 7: PeeStiffy folded before Flop (didn't bet)
Seat 8: SSRxAK89 folded before Flop (didn't bet)



PokerStars Hand #236911027138:  Hold'em No Limit ($0.01/$0.02 USD) - 2022/06/21 22:58:31 PT [2022/06/22 1:58:31 ET]
Table 'Shaula II' 9-max Seat #3 is the button
Seat 1: Artiom198 ($2.15 in chips) 
Seat 2: jingles34 ($2.07 in chips) 
Seat 3: Dorex2007 ($2.04 in chips) 
Seat 4: Anatoliy Abram ($2.54 in chips) 
Seat 5: hmpfilho ($2.18 in chips) 
Seat 6: leopoker1 ($3.28 in chips) 
Seat 7: PeeStiffy ($1.36 in chips) 
Seat 8: SSRxAK89 ($1.41 in chips) 
Anatoliy Abram: posts small blind $0.01
hmpfilho: posts big blind $0.02
*** HOLE CARDS ***
Dealt to Dorex2007 [Kd 7s]
leopoker1: folds 
PeeStiffy: folds 
SSRxAK89: folds 
Artiom198: folds 
jingles34: folds 
Dorex2007: folds 
Anatoliy Abram: calls $0.01
hmpfilho: checks 
*** FLOP *** [Ah 9h 4s]
Anatoliy Abram: checks 
hmpfilho: checks 
*** TURN *** [Ah 9h 4s] [Ts]
Anatoliy Abram: bets $0.02
hmpfilho: folds 
Uncalled bet ($0.02) returned to Anatoliy Abram
Anatoliy Abram collected $0.04 from pot
Anatoliy Abram: doesn't show hand 
*** SUMMARY ***
Total pot $0.04 | Rake $0 
Board [Ah 9h 4s Ts]
Seat 1: Artiom198 folded before Flop (didn't bet)
Seat 2: jingles34 folded before Flop (didn't bet)
Seat 3: Dorex2007 (button) folded before Flop (didn't bet)
Seat 4: Anatoliy Abram (small blind) collected ($0.04)
Seat 5: hmpfilho (big blind) folded on the Turn
Seat 6: leopoker1 folded before Flop (didn't bet)
Seat 7: PeeStiffy folded before Flop (didn't bet)
Seat 8: SSRxAK89 folded before Flop (didn't bet)



PokerStars Hand #236911030631:  Hold'em No Limit ($0.01/$0.02 USD) - 2022/06/21 22:59:07 PT [2022/06/22 1:59:07 ET]
Table 'Shaula II' 9-max Seat #4 is the button
Seat 1: Artiom198 ($2.15 in chips) 
Seat 2: jingles34 ($2.07 in chips) 
Seat 3: Dorex2007 ($2.04 in chips) 
Seat 4: Anatoliy Abram ($2.56 in chips) 
Seat 5: hmpfilho ($2.16 in chips) 
Seat 6: leopoker1 ($3.28 in chips) 
Seat 7: PeeStiffy ($1.36 in chips) 
Seat 8: SSRxAK89 ($1.41 in chips) 
Seat 9: tomashovka55 ($2.01 in chips) 
hmpfilho: posts small blind $0.01
leopoker1: posts big blind $0.02
*** HOLE CARDS ***
Dealt to Dorex2007 [8d Js]
PeeStiffy: folds 
SSRxAK89: folds 
tomashovka55: raises $0.04 to $0.06
Artiom198: folds 
jingles34: folds 
Dorex2007: folds 
Anatoliy Abram: calls $0.06
hmpfilho: folds 
leopoker1: calls $0.04
*** FLOP *** [Tc 6d 6s]
leopoker1: checks 
tomashovka55: bets $0.11
Anatoliy Abram: folds 
leopoker1: folds 
Uncalled bet ($0.11) returned to tomashovka55
tomashovka55 collected $0.18 from pot
tomashovka55: doesn't show hand 
*** SUMMARY ***
Total pot $0.19 | Rake $0.01 
Board [Tc 6d 6s]
Seat 1: Artiom198 folded before Flop (didn't bet)
Seat 2: jingles34 folded before Flop (didn't bet)
Seat 3: Dorex2007 folded before Flop (didn't bet)
Seat 4: Anatoliy Abram (button) folded on the Flop
Seat 5: hmpfilho (small blind) folded before Flop
Seat 6: leopoker1 (big blind) folded on the Flop
Seat 7: PeeStiffy folded before Flop (didn't bet)
Seat 8: SSRxAK89 folded before Flop (didn't bet)
Seat 9: tomashovka55 collected ($0.18)



PokerStars Hand #236911034061:  Hold'em No Limit ($0.01/$0.02 USD) - 2022/06/21 22:59:43 PT [2022/06/22 1:59:43 ET]
Table 'Shaula II' 9-max Seat #5 is the button
Seat 1: Artiom198 ($2.15 in chips) 
Seat 2: jingles34 ($2.07 in chips) 
Seat 3: Dorex2007 ($2.04 in chips) 
Seat 4: Anatoliy Abram ($2.50 in chips) 
Seat 5: hmpfilho ($2.15 in chips) 
Seat 6: leopoker1 ($3.22 in chips) 
Seat 7: PeeStiffy ($1.36 in chips) 
Seat 8: SSRxAK89 ($1.41 in chips) 
Seat 9: tomashovka55 ($2.13 in chips) 
leopoker1: posts small blind $0.01
PeeStiffy: posts big blind $0.02
*** HOLE CARDS ***
Dealt to Dorex2007 [3s 5d]
SSRxAK89: folds 
tomashovka55: folds 
Artiom198: folds 
jingles34: folds 
Dorex2007: folds 
Anatoliy Abram: calls $0.02
hmpfilho: calls $0.02
leopoker1: raises $0.12 to $0.14
PeeStiffy: folds 
Anatoliy Abram: folds 
hmpfilho: calls $0.12
*** FLOP *** [2h Jd Jh]
leopoker1: bets $0.12
hmpfilho: calls $0.12
*** TURN *** [2h Jd Jh] [Ts]
leopoker1: bets $0.24
hmpfilho: calls $0.24
*** RIVER *** [2h Jd Jh Ts] [Td]
leopoker1: checks 
hmpfilho: checks 
*** SHOW DOWN ***
leopoker1: shows [Qh Qc] (two pair, Queens and Jacks)
hmpfilho: mucks hand 
leopoker1 collected $1 from pot
*** SUMMARY ***
Total pot $1.04 | Rake $0.04 
Board [2h Jd Jh Ts Td]
Seat 1: Artiom198 folded before Flop (didn't bet)
Seat 2: jingles34 folded before Flop (didn't bet)
Seat 3: Dorex2007 folded before Flop (didn't bet)
Seat 4: Anatoliy Abram folded before Flop
Seat 5: hmpfilho (button) mucked [6h Kh]
Seat 6: leopoker1 (small blind) showed [Qh Qc] and won ($1) with two pair, Queens and Jacks
Seat 7: PeeStiffy (big blind) folded before Flop
Seat 8: SSRxAK89 folded before Flop (didn't bet)
Seat 9: tomashovka55 folded before Flop (didn't bet)



PokerStars Hand #236911041593:  Hold'em No Limit ($0.01/$0.02 USD) - 2022/06/21 23:01:00 PT [2022/06/22 2:01:00 ET]
Table 'Shaula II' 9-max Seat #6 is the button
Seat 1: Artiom198 ($2.15 in chips) 
Seat 2: jingles34 ($2.07 in chips) 
Seat 3: Dorex2007 ($2.04 in chips) 
Seat 4: Anatoliy Abram ($2.48 in chips) 
Seat 5: hmpfilho ($1.65 in chips) 
Seat 6: leopoker1 ($3.72 in chips) 
Seat 7: PeeStiffy ($1.34 in chips) 
Seat 8: SSRxAK89 ($1.41 in chips) 
Seat 9: tomashovka55 ($2.13 in chips) 
PeeStiffy: posts small blind $0.01
SSRxAK89: posts big blind $0.02
*** HOLE CARDS ***
Dealt to Dorex2007 [9s Ah]
tomashovka55: folds 
Artiom198: folds 
jingles34: folds 
Dorex2007: calls $0.02
Anatoliy Abram: raises $0.02 to $0.04
hmpfilho: calls $0.04
leopoker1: folds 
PeeStiffy: raises $0.16 to $0.20
SSRxAK89: folds 
Dorex2007: folds 
Anatoliy Abram: calls $0.16
hmpfilho: folds 
*** FLOP *** [3c Td 8h]
PeeStiffy: checks 
Anatoliy Abram: bets $0.02
PeeStiffy: calls $0.02
*** TURN *** [3c Td 8h] [Tc]
PeeStiffy: checks 
Anatoliy Abram: bets $0.02
PeeStiffy: calls $0.02
*** RIVER *** [3c Td 8h Tc] [Jd]
PeeStiffy: checks 
Anatoliy Abram: checks 
*** SHOW DOWN ***
PeeStiffy: shows [Ad 4d] (a pair of Tens)
Anatoliy Abram: shows [Ac 9c] (a pair of Tens - Ace+Jack+Nine kicker)
Anatoliy Abram collected $0.54 from pot
*** SUMMARY ***
Total pot $0.56 | Rake $0.02 
Board [3c Td 8h Tc Jd]
Seat 1: Artiom198 folded before Flop (didn't bet)
Seat 2: jingles34 folded before Flop (didn't bet)
Seat 3: Dorex2007 folded before Flop
Seat 4: Anatoliy Abram showed [Ac 9c] and won ($0.54) with a pair of Tens
Seat 5: hmpfilho folded before Flop
Seat 6: leopoker1 (button) folded before Flop (didn't bet)
Seat 7: PeeStiffy (small blind) showed [Ad 4d] and lost with a pair of Tens
Seat 8: SSRxAK89 (big blind) folded before Flop
Seat 9: tomashovka55 folded before Flop (didn't bet)



PokerStars Hand #236911050636:  Hold'em No Limit ($0.01/$0.02 USD) - 2022/06/21 23:02:26 PT [2022/06/22 2:02:26 ET]
Table 'Shaula II' 9-max Seat #7 is the button
Seat 1: Artiom198 ($2.15 in chips) 
Seat 2: jingles34 ($2.07 in chips) 
Seat 3: Dorex2007 ($2.02 in chips) 
Seat 4: Anatoliy Abram ($2.78 in chips) 
Seat 5: hmpfilho ($1.61 in chips) 
Seat 6: leopoker1 ($3.72 in chips) 
Seat 7: PeeStiffy ($1.10 in chips) 
Seat 8: SSRxAK89 ($1.39 in chips) 
Seat 9: tomashovka55 ($2.13 in chips) 
SSRxAK89: posts small blind $0.01
tomashovka55: posts big blind $0.02
*** HOLE CARDS ***
Dealt to Dorex2007 [3d 7h]
Artiom198: folds 
jingles34: folds 
Dorex2007: folds 
Anatoliy Abram has timed out
Anatoliy Abram: folds 
hmpfilho: calls $0.02
leopoker1: folds 
PeeStiffy: raises $0.08 to $0.10
SSRxAK89: folds 
tomashovka55: folds 
hmpfilho: calls $0.08
*** FLOP *** [As 6h 8h]
Anatoliy Abram leaves the table
hmpfilho: bets $0.22
PeeStiffy: folds 
Uncalled bet ($0.22) returned to hmpfilho
hmpfilho collected $0.22 from pot
hmpfilho: doesn't show hand 
*** SUMMARY ***
Total pot $0.23 | Rake $0.01 
Board [As 6h 8h]
Seat 1: Artiom198 folded before Flop (didn't bet)
Seat 2: jingles34 folded before Flop (didn't bet)
Seat 3: Dorex2007 folded before Flop (didn't bet)
Seat 4: Anatoliy Abram folded before Flop (didn't bet)
Seat 5: hmpfilho collected ($0.22)
Seat 6: leopoker1 folded before Flop (didn't bet)
Seat 7: PeeStiffy (button) folded on the Flop
Seat 8: SSRxAK89 (small blind) folded before Flop
Seat 9: tomashovka55 (big blind) folded before Flop



PokerStars Hand #236911065139:  Hold'em No Limit ($0.01/$0.02 USD) - 2022/06/21 23:03:17 PT [2022/06/22 2:03:17 ET]
Table 'Shaula II' 9-max Seat #8 is the button
Seat 1: Artiom198 ($2.15 in chips) 
Seat 2: jingles34 ($2.07 in chips) 
Seat 3: Dorex2007 ($2.02 in chips) 
Seat 5: hmpfilho ($1.73 in chips) 
Seat 6: leopoker1 ($3.72 in chips) 
Seat 7: PeeStiffy ($1 in chips) 
Seat 8: SSRxAK89 ($1.38 in chips) 
Seat 9: tomashovka55 ($2.11 in chips) 
tomashovka55: posts small blind $0.01
Artiom198: posts big blind $0.02
*** HOLE CARDS ***
Dealt to Dorex2007 [Th 6c]
jingles34: folds 
Dorex2007: folds 
hmpfilho: folds 
leopoker1: folds 
PeeStiffy: folds 
SSRxAK89: folds 
tomashovka55: folds 
Uncalled bet ($0.01) returned to Artiom198
Artiom198 collected $0.02 from pot
Artiom198: doesn't show hand 
*** SUMMARY ***
Total pot $0.02 | Rake $0 
Seat 1: Artiom198 (big blind) collected ($0.02)
Seat 2: jingles34 folded before Flop (didn't bet)
Seat 3: Dorex2007 folded before Flop (didn't bet)
Seat 5: hmpfilho folded before Flop (didn't bet)
Seat 6: leopoker1 folded before Flop (didn't bet)
Seat 7: PeeStiffy folded before Flop (didn't bet)
Seat 8: SSRxAK89 (button) folded before Flop (didn't bet)
Seat 9: tomashovka55 (small blind) folded before Flop



PokerStars Hand #236911066685:  Hold'em No Limit ($0.01/$0.02 USD) - 2022/06/21 23:03:32 PT [2022/06/22 2:03:32 ET]
Table 'Shaula II' 9-max Seat #9 is the button
Seat 1: Artiom198 ($2.16 in chips) 
Seat 2: jingles34 ($2.07 in chips) 
Seat 3: Dorex2007 ($2.02 in chips) 
Seat 5: hmpfilho ($1.73 in chips) 
Seat 6: leopoker1 ($3.72 in chips) 
Seat 7: PeeStiffy ($1 in chips) 
Seat 8: SSRxAK89 ($1.38 in chips) 
Seat 9: tomashovka55 ($2.10 in chips) 
Artiom198: posts small blind $0.01
jingles34: posts big blind $0.02
*** HOLE CARDS ***
Dealt to Dorex2007 [6c 4h]
Dorex2007: folds 
hmpfilho: raises $0.04 to $0.06
leopoker1: folds 
PeeStiffy: folds 
SSRxAK89: calls $0.06
tomashovka55: folds 
Artiom198: folds 
jingles34: folds 
*** FLOP *** [Jh Ts Ah]
hmpfilho: bets $0.10
SSRxAK89: folds 
Uncalled bet ($0.10) returned to hmpfilho
hmpfilho collected $0.14 from pot
hmpfilho: doesn't show hand 
*** SUMMARY ***
Total pot $0.15 | Rake $0.01 
Board [Jh Ts Ah]
Seat 1: Artiom198 (small blind) folded before Flop
Seat 2: jingles34 (big blind) folded before Flop
Seat 3: Dorex2007 folded before Flop (didn't bet)
Seat 5: hmpfilho collected ($0.14)
Seat 6: leopoker1 folded before Flop (didn't bet)
Seat 7: PeeStiffy folded before Flop (didn't bet)
Seat 8: SSRxAK89 folded on the Flop
Seat 9: tomashovka55 (button) folded before Flop (didn't bet)



PokerStars Hand #236911072665:  Hold'em No Limit ($0.01/$0.02 USD) - 2022/06/21 23:04:28 PT [2022/06/22 2:04:28 ET]
Table 'Shaula II' 9-max Seat #1 is the button
Seat 1: Artiom198 ($2.15 in chips) 
Seat 2: jingles34 ($2.05 in chips) 
Seat 3: Dorex2007 ($2.02 in chips) 
Seat 5: hmpfilho ($1.81 in chips) 
Seat 6: leopoker1 ($3.72 in chips) 
Seat 7: PeeStiffy ($1 in chips) 
Seat 8: SSRxAK89 ($1.32 in chips) 
Seat 9: tomashovka55 ($2.10 in chips) 
jingles34: posts small blind $0.01
Dorex2007: posts big blind $0.02
*** HOLE CARDS ***
Dealt to Dorex2007 [4h 5c]
hmpfilho: calls $0.02
leopoker1: folds 
PeeStiffy: raises $0.06 to $0.08
SSRxAK89: folds 
tomashovka55: folds 
Artiom198: folds 
jingles34: folds 
Dorex2007: folds 
hmpfilho: calls $0.06
*** FLOP *** [9d Th 9h]
hmpfilho: bets $0.06
PeeStiffy: calls $0.06
*** TURN *** [9d Th 9h] [Ks]
hmpfilho: bets $0.12
PeeStiffy: calls $0.12
*** RIVER *** [9d Th 9h Ks] [7s]
hmpfilho: bets $0.14
PeeStiffy: calls $0.14
*** SHOW DOWN ***
hmpfilho: shows [Jh Kc] (two pair, Kings and Nines)
PeeStiffy: mucks hand 
hmpfilho collected $0.80 from pot
*** SUMMARY ***
Total pot $0.83 | Rake $0.03 
Board [9d Th 9h Ks 7s]
Seat 1: Artiom198 (button) folded before Flop (didn't bet)
Seat 2: jingles34 (small blind) folded before Flop
Seat 3: Dorex2007 (big blind) folded before Flop
Seat 5: hmpfilho showed [Jh Kc] and won ($0.80) with two pair, Kings and Nines
Seat 6: leopoker1 folded before Flop (didn't bet)
Seat 7: PeeStiffy mucked [Kd 7d]
Seat 8: SSRxAK89 folded before Flop (didn't bet)
Seat 9: tomashovka55 folded before Flop (didn't bet)



PokerStars Hand #236911079419:  Hold'em No Limit ($0.01/$0.02 USD) - 2022/06/21 23:05:33 PT [2022/06/22 2:05:33 ET]
Table 'Shaula II' 9-max Seat #2 is the button
Seat 1: Artiom198 ($2.15 in chips) 
Seat 2: jingles34 ($2.04 in chips) 
Seat 3: Dorex2007 ($2 in chips) 
Seat 5: hmpfilho ($2.21 in chips) 
Seat 6: leopoker1 ($3.72 in chips) 
Seat 7: PeeStiffy ($0.60 in chips) 
Seat 8: SSRxAK89 ($1.32 in chips) 
Seat 9: tomashovka55 ($2.10 in chips) 
Dorex2007: posts small blind $0.01
hmpfilho: posts big blind $0.02
*** HOLE CARDS ***
Dealt to Dorex2007 [Qs 4h]
leopoker1: folds 
PeeStiffy: folds 
SSRxAK89: folds 
tomashovka55: folds 
Artiom198: folds 
jingles34 has timed out
jingles34: folds 
Dorex2007: folds 
Uncalled bet ($0.01) returned to hmpfilho
hmpfilho collected $0.02 from pot
hmpfilho: doesn't show hand 
*** SUMMARY ***
Total pot $0.02 | Rake $0 
Seat 1: Artiom198 folded before Flop (didn't bet)
Seat 2: jingles34 (button) folded before Flop (didn't bet)
Seat 3: Dorex2007 (small blind) folded before Flop
Seat 5: hmpfilho (big blind) collected ($0.02)
Seat 6: leopoker1 folded before Flop (didn't bet)
Seat 7: PeeStiffy folded before Flop (didn't bet)
Seat 8: SSRxAK89 folded before Flop (didn't bet)
Seat 9: tomashovka55 folded before Flop (didn't bet)



PokerStars Hand #236911082344:  Hold'em No Limit ($0.01/$0.02 USD) - 2022/06/21 23:06:02 PT [2022/06/22 2:06:02 ET]
Table 'Shaula II' 9-max Seat #3 is the button
Seat 1: Artiom198 ($2.15 in chips) 
Seat 3: Dorex2007 ($2 in chips) 
Seat 5: hmpfilho ($2.22 in chips) 
Seat 6: leopoker1 ($3.72 in chips) 
Seat 7: PeeStiffy ($1.40 in chips) 
Seat 8: SSRxAK89 ($1.32 in chips) 
Seat 9: tomashovka55 ($2.10 in chips) 
hmpfilho: posts small blind $0.01
leopoker1: posts big blind $0.02
*** HOLE CARDS ***
Dealt to Dorex2007 [5h 7d]
PeeStiffy: raises $0.03 to $0.05
SSRxAK89: folds 
tomashovka55: folds 
Artiom198: folds 
Dorex2007: folds 
hmpfilho: calls $0.04
leopoker1: folds 
*** FLOP *** [2c 9h 6h]
hmpfilho: checks 
PeeStiffy: bets $0.06
hmpfilho: calls $0.06
*** TURN *** [2c 9h 6h] [Qd]
hmpfilho: checks 
PeeStiffy: bets $0.08
hmpfilho: calls $0.08
*** RIVER *** [2c 9h 6h Qd] [Kd]
hmpfilho: checks 
PeeStiffy: bets $0.20
hmpfilho: folds 
Uncalled bet ($0.20) returned to PeeStiffy
PeeStiffy collected $0.39 from pot
*** SUMMARY ***
Total pot $0.40 | Rake $0.01 
Board [2c 9h 6h Qd Kd]
Seat 1: Artiom198 folded before Flop (didn't bet)
Seat 3: Dorex2007 (button) folded before Flop (didn't bet)
Seat 5: hmpfilho (small blind) folded on the River
Seat 6: leopoker1 (big blind) folded before Flop
Seat 7: PeeStiffy collected ($0.39)
Seat 8: SSRxAK89 folded before Flop (didn't bet)
Seat 9: tomashovka55 folded before Flop (didn't bet)



PokerStars Hand #236911089282:  Hold'em No Limit ($0.01/$0.02 USD) - 2022/06/21 23:07:09 PT [2022/06/22 2:07:09 ET]
Table 'Shaula II' 9-max Seat #5 is the button
Seat 1: Artiom198 ($2.15 in chips) 
Seat 2: jingles34 ($2.04 in chips) 
Seat 3: Dorex2007 ($2 in chips) 
Seat 5: hmpfilho ($2.03 in chips) 
Seat 6: leopoker1 ($3.70 in chips) 
Seat 7: PeeStiffy ($1.60 in chips) 
Seat 8: SSRxAK89 ($1.32 in chips) 
Seat 9: tomashovka55 ($2.10 in chips) 
leopoker1: posts small blind $0.01
PeeStiffy: posts big blind $0.02
*** HOLE CARDS ***
Dealt to Dorex2007 [3c Kc]
1QBB joins the table at seat #4 
SSRxAK89: calls $0.02
tomashovka55: folds 
Artiom198: folds 
jingles34: folds 
Dorex2007: folds 
hmpfilho: folds 
leopoker1: calls $0.01
PeeStiffy: checks 
*** FLOP *** [Jd Ks Kh]
leopoker1: checks 
PeeStiffy: checks 
SSRxAK89: checks 
*** TURN *** [Jd Ks Kh] [Jc]
leopoker1: checks 
PeeStiffy: checks 
SSRxAK89: checks 
*** RIVER *** [Jd Ks Kh Jc] [7d]
leopoker1: checks 
PeeStiffy: checks 
SSRxAK89: checks 
*** SHOW DOWN ***
leopoker1: shows [7s 6h] (two pair, Kings and Jacks)
PeeStiffy: shows [6c Qh] (two pair, Kings and Jacks - Queen kicker)
SSRxAK89: mucks hand 
PeeStiffy collected $0.06 from pot
*** SUMMARY ***
Total pot $0.06 | Rake $0 
Board [Jd Ks Kh Jc 7d]
Seat 1: Artiom198 folded before Flop (didn't bet)
Seat 2: jingles34 folded before Flop (didn't bet)
Seat 3: Dorex2007 folded before Flop (didn't bet)
Seat 5: hmpfilho (button) folded before Flop (didn't bet)
Seat 6: leopoker1 (small blind) showed [7s 6h] and lost with two pair, Kings and Jacks
Seat 7: PeeStiffy (big blind) showed [6c Qh] and won ($0.06) with two pair, Kings and Jacks
Seat 8: SSRxAK89 mucked [4d 4s]
Seat 9: tomashovka55 folded before Flop (didn't bet)



PokerStars Hand #236911095933:  Hold'em No Limit ($0.01/$0.02 USD) - 2022/06/21 23:08:14 PT [2022/06/22 2:08:14 ET]
Table 'Shaula II' 9-max Seat #6 is the button
Seat 1: Artiom198 ($2.15 in chips) 
Seat 2: jingles34 ($2.04 in chips) 
Seat 3: Dorex2007 ($2 in chips) 
Seat 5: hmpfilho ($2.03 in chips) 
Seat 6: leopoker1 ($3.68 in chips) 
Seat 7: PeeStiffy ($1.64 in chips) 
Seat 9: tomashovka55 ($2.10 in chips) 
PeeStiffy: posts small blind $0.01
SSRxAK89: is sitting out 
tomashovka55: posts big blind $0.02
1QBB: sits out 
*** HOLE CARDS ***
Dealt to Dorex2007 [8s Qh]
Artiom198: calls $0.02
SSRxAK89 leaves the table
jingles34: raises $0.02 to $0.04
Dorex2007: folds 
hmpfilho: calls $0.04
leopoker1: folds 
PeeStiffy: folds 
tomashovka55: folds 
Artiom198: calls $0.02
*** FLOP *** [6d 9h Kc]
Artiom198: checks 
jingles34: bets $0.07
hmpfilho: calls $0.07
Artiom198: folds 
*** TURN *** [6d 9h Kc] [Ks]
jingles34: checks 
hmpfilho: bets $0.06
jingles34: calls $0.06
*** RIVER *** [6d 9h Kc Ks] [3c]
jingles34: checks 
hmpfilho: checks 
*** SHOW DOWN ***
jingles34: shows [Js Kh] (three of a kind, Kings)
hmpfilho: mucks hand 
jingles34 collected $0.40 from pot
*** SUMMARY ***
Total pot $0.41 | Rake $0.01 
Board [6d 9h Kc Ks 3c]
Seat 1: Artiom198 folded on the Flop
Seat 2: jingles34 showed [Js Kh] and won ($0.40) with three of a kind, Kings
Seat 3: Dorex2007 folded before Flop (didn't bet)
Seat 5: hmpfilho mucked [8d 9s]
Seat 6: leopoker1 (button) folded before Flop (didn't bet)
Seat 7: PeeStiffy (small blind) folded before Flop
Seat 9: tomashovka55 (big blind) folded before Flop



PokerStars Hand #236911113495:  Hold'em No Limit ($0.01/$0.02 USD) - 2022/06/21 23:09:28 PT [2022/06/22 2:09:28 ET]
Table 'Shaula II' 9-max Seat #7 is the button
Seat 1: Artiom198 ($2.11 in chips) 
Seat 2: jingles34 ($2.27 in chips) 
Seat 3: Dorex2007 ($2 in chips) 
Seat 4: 1QBB ($2 in chips) 
Seat 5: hmpfilho ($1.86 in chips) 
Seat 6: leopoker1 ($3.68 in chips) 
Seat 7: PeeStiffy ($1.63 in chips) 
Seat 9: tomashovka55 ($2.08 in chips) 
tomashovka55: posts small blind $0.01
Artiom198: posts big blind $0.02
1QBB: posts big blind $0.02
*** HOLE CARDS ***
Dealt to Dorex2007 [6s 8h]
jingles34: folds 
Dorex2007: folds 
1QBB: raises $0.04 to $0.06
hmpfilho: calls $0.06
leopoker1: folds 
PeeStiffy: folds 
tomashovka55: calls $0.05
Artiom198: calls $0.04
*** FLOP *** [2d 7h Th]
tomashovka55: bets $0.09
Artiom198: calls $0.09
1QBB: calls $0.09
hmpfilho: folds 
*** TURN *** [2d 7h Th] [9s]
tomashovka55: checks 
Artiom198: bets $0.06
1QBB: calls $0.06
tomashovka55: calls $0.06
*** RIVER *** [2d 7h Th 9s] [3c]
tomashovka55: checks 
Artiom198: checks 
1QBB: checks 
*** SHOW DOWN ***
tomashovka55: shows [9h Ah] (a pair of Nines)
Artiom198: shows [Tc Jh] (a pair of Tens)
1QBB: mucks hand 
Artiom198 collected $0.67 from pot
*** SUMMARY ***
Total pot $0.69 | Rake $0.02 
Board [2d 7h Th 9s 3c]
Seat 1: Artiom198 (big blind) showed [Tc Jh] and won ($0.67) with a pair of Tens
Seat 2: jingles34 folded before Flop (didn't bet)
Seat 3: Dorex2007 folded before Flop (didn't bet)
Seat 4: 1QBB mucked [4h 4c]
Seat 5: hmpfilho folded on the Flop
Seat 6: leopoker1 folded before Flop (didn't bet)
Seat 7: PeeStiffy (button) folded before Flop (didn't bet)
Seat 9: tomashovka55 (small blind) showed [9h Ah] and lost with a pair of Nines



PokerStars Hand #236911119285:  Hold'em No Limit ($0.01/$0.02 USD) - 2022/06/21 23:10:25 PT [2022/06/22 2:10:25 ET]
Table 'Shaula II' 9-max Seat #9 is the button
Seat 1: Artiom198 ($2.57 in chips) 
Seat 2: jingles34 ($2.27 in chips) 
Seat 3: Dorex2007 ($2 in chips) 
Seat 4: 1QBB ($1.79 in chips) 
Seat 5: hmpfilho ($1.80 in chips) 
Seat 6: leopoker1 ($3.68 in chips) 
Seat 7: PeeStiffy ($1.63 in chips) 
Seat 9: tomashovka55 ($2 in chips) 
Artiom198: posts small blind $0.01
jingles34: posts big blind $0.02
*** HOLE CARDS ***
Dealt to Dorex2007 [8c Ts]
Dorex2007: folds 
1QBB: calls $0.02
hmpfilho: folds 
leopoker1: calls $0.02
PeeStiffy: folds 
tomashovka55: folds 
Artiom198: calls $0.01
jingles34: checks 
*** FLOP *** [Kh Jc 6s]
Artiom198: checks 
jingles34: checks 
1QBB: checks 
leopoker1: checks 
*** TURN *** [Kh Jc 6s] [Th]
anakinn888 joins the table at seat #8 
Artiom198: checks 
jingles34: checks 
1QBB: checks 
leopoker1: checks 
*** RIVER *** [Kh Jc 6s Th] [6d]
Artiom198: checks 
jingles34: checks 
1QBB: checks 
leopoker1: checks 
*** SHOW DOWN ***
Artiom198: shows [Qs 4c] (a pair of Sixes)
jingles34: shows [2s Ad] (a pair of Sixes - Ace kicker)
1QBB: shows [3d 3h] (two pair, Sixes and Threes)
leopoker1: shows [Ah Td] (two pair, Tens and Sixes)
leopoker1 collected $0.08 from pot
*** SUMMARY ***
Total pot $0.08 | Rake $0 
Board [Kh Jc 6s Th 6d]
Seat 1: Artiom198 (small blind) showed [Qs 4c] and lost with a pair of Sixes
Seat 2: jingles34 (big blind) showed [2s Ad] and lost with a pair of Sixes
Seat 3: Dorex2007 folded before Flop (didn't bet)
Seat 4: 1QBB showed [3d 3h] and lost with two pair, Sixes and Threes
Seat 5: hmpfilho folded before Flop (didn't bet)
Seat 6: leopoker1 showed [Ah Td] and won ($0.08) with two pair, Tens and Sixes
Seat 7: PeeStiffy folded before Flop (didn't bet)
Seat 9: tomashovka55 (button) folded before Flop (didn't bet)



PokerStars Hand #236911126295:  Hold'em No Limit ($0.01/$0.02 USD) - 2022/06/21 23:11:31 PT [2022/06/22 2:11:31 ET]
Table 'Shaula II' 9-max Seat #1 is the button
Seat 1: Artiom198 ($2.55 in chips) 
Seat 2: jingles34 ($2.25 in chips) 
Seat 3: Dorex2007 ($2 in chips) 
Seat 4: 1QBB ($1.77 in chips) 
Seat 5: hmpfilho ($1.80 in chips) 
Seat 6: leopoker1 ($3.74 in chips) 
Seat 7: PeeStiffy ($1.63 in chips) 
Seat 8: anakinn888 ($0.94 in chips) 
Seat 9: tomashovka55 ($2 in chips) 
jingles34: posts small blind $0.01
Dorex2007: posts big blind $0.02
anakinn888: posts big blind $0.02
*** HOLE CARDS ***
Dealt to Dorex2007 [2c Td]
1QBB: folds 
hmpfilho: raises $0.04 to $0.06
leopoker1: calls $0.06
PeeStiffy: folds 
anakinn888: folds 
tomashovka55: folds 
Artiom198: folds 
jingles34: folds 
Dorex2007: folds 
*** FLOP *** [8s 2h 3d]
hmpfilho: bets $0.08
leopoker1: calls $0.08
*** TURN *** [8s 2h 3d] [4d]
hmpfilho: checks 
leopoker1: bets $0.24
hmpfilho: folds 
Uncalled bet ($0.24) returned to leopoker1
leopoker1 collected $0.32 from pot
leopoker1: doesn't show hand 
*** SUMMARY ***
Total pot $0.33 | Rake $0.01 
Board [8s 2h 3d 4d]
Seat 1: Artiom198 (button) folded before Flop (didn't bet)
Seat 2: jingles34 (small blind) folded before Flop
Seat 3: Dorex2007 (big blind) folded before Flop
Seat 4: 1QBB folded before Flop (didn't bet)
Seat 5: hmpfilho folded on the Turn
Seat 6: leopoker1 collected ($0.32)
Seat 7: PeeStiffy folded before Flop (didn't bet)
Seat 8: anakinn888 folded before Flop (didn't bet)
Seat 9: tomashovka55 folded before Flop (didn't bet)



PokerStars Hand #236911133049:  Hold'em No Limit ($0.01/$0.02 USD) - 2022/06/21 23:12:36 PT [2022/06/22 2:12:36 ET]
Table 'Shaula II' 9-max Seat #2 is the button
Seat 1: Artiom198 ($2.55 in chips) 
Seat 2: jingles34 ($2.24 in chips) 
Seat 3: Dorex2007 ($2 in chips) 
Seat 4: 1QBB ($1.77 in chips) 
Seat 5: hmpfilho ($1.66 in chips) 
Seat 6: leopoker1 ($3.92 in chips) 
Seat 7: PeeStiffy ($1.63 in chips) 
Seat 8: anakinn888 ($0.92 in chips) 
Seat 9: tomashovka55 ($2 in chips) 
Dorex2007: posts small blind $0.01
1QBB: posts big blind $0.02
*** HOLE CARDS ***
Dealt to Dorex2007 [3h 8h]
hmpfilho: folds 
leopoker1: folds 
PeeStiffy has timed out
PeeStiffy: folds 
anakinn888: raises $0.03 to $0.05
tomashovka55: folds 
Artiom198: folds 
jingles34: folds 
Dorex2007: folds 
1QBB: calls $0.03
*** FLOP *** [2d 7h 7s]
1QBB: checks 
anakinn888: bets $0.06
1QBB: calls $0.06
*** TURN *** [2d 7h 7s] [Ac]
1QBB: checks 
anakinn888: bets $0.12
1QBB: folds 
Uncalled bet ($0.12) returned to anakinn888
anakinn888 collected $0.22 from pot
*** SUMMARY ***
Total pot $0.23 | Rake $0.01 
Board [2d 7h 7s Ac]
Seat 1: Artiom198 folded before Flop (didn't bet)
Seat 2: jingles34 (button) folded before Flop (didn't bet)
Seat 3: Dorex2007 (small blind) folded before Flop
Seat 4: 1QBB (big blind) folded on the Turn
Seat 5: hmpfilho folded before Flop (didn't bet)
Seat 6: leopoker1 folded before Flop (didn't bet)
Seat 7: PeeStiffy folded before Flop (didn't bet)
Seat 8: anakinn888 collected ($0.22)
Seat 9: tomashovka55 folded before Flop (didn't bet)



PokerStars Hand #236911138612:  Hold'em No Limit ($0.01/$0.02 USD) - 2022/06/21 23:13:29 PT [2022/06/22 2:13:29 ET]
Table 'Shaula II' 9-max Seat #3 is the button
Seat 1: Artiom198 ($2.55 in chips) 
Seat 2: jingles34 ($2.24 in chips) 
Seat 3: Dorex2007 ($2 in chips) 
Seat 4: 1QBB ($1.66 in chips) 
Seat 5: hmpfilho ($1.66 in chips) 
Seat 6: leopoker1 ($3.92 in chips) 
Seat 7: PeeStiffy ($1.63 in chips) 
Seat 8: anakinn888 ($1.03 in chips) 
Seat 9: tomashovka55 ($2 in chips) 
1QBB: posts small blind $0.01
hmpfilho: posts big blind $0.02
*** HOLE CARDS ***
Dealt to Dorex2007 [8s Js]
leopoker1: folds 
PeeStiffy: folds 
anakinn888: raises $0.03 to $0.05
tomashovka55: folds 
Artiom198: folds 
jingles34: folds 
Dorex2007: folds 
1QBB: folds 
hmpfilho: calls $0.03
*** FLOP *** [Ad Jh Kc]
hmpfilho: checks 
anakinn888: bets $0.06
hmpfilho: folds 
Uncalled bet ($0.06) returned to anakinn888
anakinn888 collected $0.11 from pot
*** SUMMARY ***
Total pot $0.11 | Rake $0 
Board [Ad Jh Kc]
Seat 1: Artiom198 folded before Flop (didn't bet)
Seat 2: jingles34 folded before Flop (didn't bet)
Seat 3: Dorex2007 (button) folded before Flop (didn't bet)
Seat 4: 1QBB (small blind) folded before Flop
Seat 5: hmpfilho (big blind) folded on the Flop
Seat 6: leopoker1 folded before Flop (didn't bet)
Seat 7: PeeStiffy folded before Flop (didn't bet)
Seat 8: anakinn888 collected ($0.11)
Seat 9: tomashovka55 folded before Flop (didn't bet)



PokerStars Hand #236911142893:  Hold'em No Limit ($0.01/$0.02 USD) - 2022/06/21 23:14:10 PT [2022/06/22 2:14:10 ET]
Table 'Shaula II' 9-max Seat #4 is the button
Seat 1: Artiom198 ($2.55 in chips) 
Seat 2: jingles34 ($2.24 in chips) 
Seat 3: Dorex2007 ($2 in chips) 
Seat 4: 1QBB ($1.65 in chips) 
Seat 5: hmpfilho ($1.61 in chips) 
Seat 6: leopoker1 ($3.92 in chips) 
Seat 7: PeeStiffy ($1.63 in chips) 
Seat 9: tomashovka55 ($2 in chips) 
hmpfilho: posts small blind $0.01
leopoker1: posts big blind $0.02
*** HOLE CARDS ***
Dealt to Dorex2007 [7c Tc]
anakinn888 leaves the table
PeeStiffy: raises $0.04 to $0.06
tomashovka55: folds 
Artiom198: calls $0.06
jingles34: folds 
Dorex2007: folds 
1QBB: calls $0.06
hmpfilho: raises $0.26 to $0.32
potap 051087 joins the table at seat #8 
leopoker1: folds 
PeeStiffy: calls $0.26
Artiom198: folds 
1QBB: folds 
*** FLOP *** [Qd 4c Ad]
hmpfilho: bets $0.24
PeeStiffy: raises $0.24 to $0.48
hmpfilho: folds 
Uncalled bet ($0.24) returned to PeeStiffy
PeeStiffy collected $1.22 from pot
*** SUMMARY ***
Total pot $1.26 | Rake $0.04 
Board [Qd 4c Ad]
Seat 1: Artiom198 folded before Flop
Seat 2: jingles34 folded before Flop (didn't bet)
Seat 3: Dorex2007 folded before Flop (didn't bet)
Seat 4: 1QBB (button) folded before Flop
Seat 5: hmpfilho (small blind) folded on the Flop
Seat 6: leopoker1 (big blind) folded before Flop
Seat 7: PeeStiffy collected ($1.22)
Seat 9: tomashovka55 folded before Flop (didn't bet)



PokerStars Hand #236911150443:  Hold'em No Limit ($0.01/$0.02 USD) - 2022/06/21 23:15:22 PT [2022/06/22 2:15:22 ET]
Table 'Shaula II' 9-max Seat #5 is the button
Seat 1: Artiom198 ($2.49 in chips) 
Seat 2: jingles34 ($2.24 in chips) 
Seat 3: Dorex2007 ($2 in chips) 
Seat 4: 1QBB ($1.59 in chips) 
Seat 5: hmpfilho ($1.05 in chips) 
Seat 6: leopoker1 ($3.90 in chips) 
Seat 7: PeeStiffy ($2.29 in chips) 
Seat 9: tomashovka55 ($2 in chips) 
leopoker1: posts small blind $0.01
PeeStiffy: posts big blind $0.02
potap 051087: sits out 
*** HOLE CARDS ***
Dealt to Dorex2007 [Ac As]
tomashovka55: folds 
Artiom198: folds 
jingles34: folds 
Dorex2007: raises $0.02 to $0.04
1QBB: calls $0.04
hmpfilho: raises $1.01 to $1.05 and is all-in
potap 051087 leaves the table
leopoker1: folds 
PeeStiffy: folds 
Dorex2007: calls $1.01
1QBB: folds 
*** FLOP *** [2h Kh 5s]
*** TURN *** [2h Kh 5s] [Th]
*** RIVER *** [2h Kh 5s Th] [7d]
*** SHOW DOWN ***
Dorex2007: shows [Ac As] (a pair of Aces)
hmpfilho: shows [8d Jd] (high card King)
Dorex2007 cashed out the hand for $1.66 | Cash Out Fee $0.02
*** SUMMARY ***
Total pot $2.17 | Rake $0.08 
Board [2h Kh 5s Th 7d]
Seat 1: Artiom198 folded before Flop (didn't bet)
Seat 2: jingles34 folded before Flop (didn't bet)
Seat 3: Dorex2007 showed [Ac As] and won ($2.09) with a pair of Aces (pot not awarded as player cashed out)
Seat 4: 1QBB folded before Flop
Seat 5: hmpfilho (button) showed [8d Jd] and lost with high card King
Seat 6: leopoker1 (small blind) folded before Flop
Seat 7: PeeStiffy (big blind) folded before Flop
Seat 9: tomashovka55 folded before Flop (didn't bet)



PokerStars Hand #236911154440:  Hold'em No Limit ($0.01/$0.02 USD) - 2022/06/21 23:16:01 PT [2022/06/22 2:16:01 ET]
Table 'Shaula II' 9-max Seat #6 is the button
Seat 1: Artiom198 ($2.49 in chips) 
Seat 2: jingles34 ($2.24 in chips) 
Seat 3: Dorex2007 ($2.61 in chips) 
Seat 4: 1QBB ($1.55 in chips) 
Seat 6: leopoker1 ($3.89 in chips) 
Seat 7: PeeStiffy ($2.27 in chips) 
Seat 9: tomashovka55 ($2 in chips) 
PeeStiffy: posts small blind $0.01
tomashovka55: posts big blind $0.02
*** HOLE CARDS ***
Dealt to Dorex2007 [7h 4h]
Artiom198: folds 
jingles34: folds 
Dorex2007: folds 
Artiom198 leaves the table
hmpfilho leaves the table
1QBB: raises $0.04 to $0.06
leopoker1: folds 
PeeStiffy: raises $0.08 to $0.14
tomashovka55: folds 
1QBB: calls $0.08
*** FLOP *** [2h Qc 4s]
PeeStiffy: checks 
1QBB: checks 
*** TURN *** [2h Qc 4s] [5c]
PeeStiffy: checks 
1QBB: checks 
*** RIVER *** [2h Qc 4s 5c] [3s]
PeeStiffy: bets $0.15
1QBB: folds 
Uncalled bet ($0.15) returned to PeeStiffy
PeeStiffy collected $0.29 from pot
*** SUMMARY ***
Total pot $0.30 | Rake $0.01 
Board [2h Qc 4s 5c 3s]
Seat 1: Artiom198 folded before Flop (didn't bet)
Seat 2: jingles34 folded before Flop (didn't bet)
Seat 3: Dorex2007 folded before Flop (didn't bet)
Seat 4: 1QBB folded on the River
Seat 6: leopoker1 (button) folded before Flop (didn't bet)
Seat 7: PeeStiffy (small blind) collected ($0.29)
Seat 9: tomashovka55 (big blind) folded before Flop



PokerStars Hand #236911159311:  Hold'em No Limit ($0.01/$0.02 USD) - 2022/06/21 23:16:47 PT [2022/06/22 2:16:47 ET]
Table 'Shaula II' 9-max Seat #7 is the button
Seat 2: jingles34 ($2.24 in chips) 
Seat 3: Dorex2007 ($2.61 in chips) 
Seat 4: 1QBB ($1.41 in chips) 
Seat 6: leopoker1 ($3.89 in chips) 
Seat 7: PeeStiffy ($2.42 in chips) 
Seat 9: tomashovka55 ($2 in chips) 
tomashovka55: posts small blind $0.01
jingles34: posts big blind $0.02
*** HOLE CARDS ***
Dealt to Dorex2007 [4s Qs]
Dorex2007: folds 
1QBB: folds 
leopoker1: raises $0.03 to $0.05
1QBB is disconnected 
PeeStiffy: folds 
tomashovka55: folds 
jingles34: calls $0.03
*** FLOP *** [Td Qh Kd]
jingles34: checks 
leopoker1: bets $0.06
jingles34: raises $0.06 to $0.12
leopoker1: calls $0.06
*** TURN *** [Td Qh Kd] [5d]
jingles34: checks 
leopoker1: checks 
*** RIVER *** [Td Qh Kd 5d] [2h]
jingles34: bets $0.17
leopoker1: folds 
Uncalled bet ($0.17) returned to jingles34
jingles34 collected $0.34 from pot
jingles34: doesn't show hand 
*** SUMMARY ***
Total pot $0.35 | Rake $0.01 
Board [Td Qh Kd 5d 2h]
Seat 2: jingles34 (big blind) collected ($0.34)
Seat 3: Dorex2007 folded before Flop (didn't bet)
Seat 4: 1QBB folded before Flop (didn't bet)
Seat 6: leopoker1 folded on the River
Seat 7: PeeStiffy (button) folded before Flop (didn't bet)
Seat 9: tomashovka55 (small blind) folded before Flop



PokerStars Hand #236911166587:  Hold'em No Limit ($0.01/$0.02 USD) - 2022/06/21 23:17:56 PT [2022/06/22 2:17:56 ET]
Table 'Shaula II' 9-max Seat #9 is the button
Seat 2: jingles34 ($2.41 in chips) 
Seat 3: Dorex2007 ($2.61 in chips) 
Seat 4: 1QBB ($1.41 in chips) 
Seat 6: leopoker1 ($3.72 in chips) 
Seat 7: PeeStiffy ($2.42 in chips) 
Seat 9: tomashovka55 ($2 in chips) 
jingles34: posts small blind $0.01
Dorex2007: posts big blind $0.02
*** HOLE CARDS ***
Dealt to Dorex2007 [8s Jd]
1QBB has timed out while disconnected
1QBB: folds 
leopoker1: folds 
PeeStiffy: folds 
tomashovka55: folds 
jingles34: calls $0.01
Dorex2007: checks 
*** FLOP *** [Qh 9d Kc]
jingles34: bets $0.04
Dorex2007: calls $0.04
*** TURN *** [Qh 9d Kc] [Kh]
jingles34: checks 
Dorex2007: checks 
*** RIVER *** [Qh 9d Kc Kh] [2c]
jingles34: bets $0.06
Dorex2007: folds 
Uncalled bet ($0.06) returned to jingles34
jingles34 collected $0.12 from pot
jingles34: doesn't show hand 
*** SUMMARY ***
Total pot $0.12 | Rake $0 
Board [Qh 9d Kc Kh 2c]
Seat 2: jingles34 (small blind) collected ($0.12)
Seat 3: Dorex2007 (big blind) folded on the River
Seat 4: 1QBB folded before Flop (didn't bet)
Seat 6: leopoker1 folded before Flop (didn't bet)
Seat 7: PeeStiffy folded before Flop (didn't bet)
Seat 9: tomashovka55 (button) folded before Flop (didn't bet)



PokerStars Hand #236911171145:  Hold'em No Limit ($0.01/$0.02 USD) - 2022/06/21 23:18:40 PT [2022/06/22 2:18:40 ET]
Table 'Shaula II' 9-max Seat #2 is the button
Seat 2: jingles34 ($2.47 in chips) 
Seat 3: Dorex2007 ($2.55 in chips) 
Seat 6: leopoker1 ($3.72 in chips) 
Seat 7: PeeStiffy ($2.42 in chips) 
Seat 9: tomashovka55 ($2 in chips) 
Dorex2007: posts small blind $0.01
leopoker1: posts big blind $0.02
*** HOLE CARDS ***
Dealt to Dorex2007 [3s Ks]
PeeStiffy: raises $0.03 to $0.05
tomashovka55: folds 
jingles34: folds 
Dorex2007: folds 
leopoker1: folds 
Uncalled bet ($0.03) returned to PeeStiffy
leopoker1 leaves the table
PeeStiffy collected $0.05 from pot
*** SUMMARY ***
Total pot $0.05 | Rake $0 
Seat 2: jingles34 (button) folded before Flop (didn't bet)
Seat 3: Dorex2007 (small blind) folded before Flop
Seat 6: leopoker1 (big blind) folded before Flop
Seat 7: PeeStiffy collected ($0.05)
Seat 9: tomashovka55 folded before Flop (didn't bet)



PokerStars Hand #236911173385:  Hold'em No Limit ($0.01/$0.02 USD) - 2022/06/21 23:19:01 PT [2022/06/22 2:19:01 ET]
Table 'Shaula II' 9-max Seat #3 is the button
Seat 2: jingles34 ($2.47 in chips) 
Seat 3: Dorex2007 ($2.54 in chips) 
Seat 7: PeeStiffy ($2.45 in chips) 
Seat 9: tomashovka55 ($2 in chips) 
PeeStiffy: posts small blind $0.01
tomashovka55: posts big blind $0.02
*** HOLE CARDS ***
Dealt to Dorex2007 [5h 3h]
jingles34: folds 
jingles34 leaves the table
Dorex2007 has timed out
Dorex2007: folds 
PeeStiffy: raises $0.02 to $0.04
tomashovka55: raises $0.23 to $0.27
PeeStiffy: folds 
Uncalled bet ($0.23) returned to tomashovka55
tomashovka55 collected $0.08 from pot
tomashovka55: doesn't show hand 
*** SUMMARY ***
Total pot $0.08 | Rake $0 
Seat 2: jingles34 folded before Flop (didn't bet)
Seat 3: Dorex2007 (button) folded before Flop (didn't bet)
Seat 7: PeeStiffy (small blind) folded before Flop
Seat 9: tomashovka55 (big blind) collected ($0.08)



PokerStars Hand #236911176729:  Hold'em No Limit ($0.01/$0.02 USD) - 2022/06/21 23:19:33 PT [2022/06/22 2:19:33 ET]
Table 'Shaula II' 9-max Seat #7 is the button
Seat 3: Dorex2007 ($2.54 in chips) 
Seat 7: PeeStiffy ($2.41 in chips) 
Seat 9: tomashovka55 ($2.04 in chips) 
tomashovka55: posts small blind $0.01
Dorex2007: posts big blind $0.02
*** HOLE CARDS ***
Dealt to Dorex2007 [6c 5s]
PeeStiffy: raises $0.04 to $0.06
tomashovka55: folds 
Dorex2007: folds 
Uncalled bet ($0.04) returned to PeeStiffy
PeeStiffy collected $0.05 from pot
*** SUMMARY ***
Total pot $0.05 | Rake $0 
Seat 3: Dorex2007 (big blind) folded before Flop
Seat 7: PeeStiffy (button) collected ($0.05)
Seat 9: tomashovka55 (small blind) folded before Flop



PokerStars Hand #236911177602:  Hold'em No Limit ($0.01/$0.02 USD) - 2022/06/21 23:19:42 PT [2022/06/22 2:19:42 ET]
Table 'Shaula II' 9-max Seat #3 is the button
Seat 3: Dorex2007 ($2.52 in chips) 
Seat 9: tomashovka55 ($2.03 in chips) 
Dorex2007: posts small blind $0.01
PeeStiffy: is sitting out 
tomashovka55: posts big blind $0.02
*** HOLE CARDS ***
Dealt to Dorex2007 [6c 6h]
Dorex2007: calls $0.01
PeeStiffy leaves the table
tomashovka55: checks 
*** FLOP *** [Kh Ac 3h]
tomashovka55: checks 
Dorex2007: checks 
*** TURN *** [Kh Ac 3h] [Js]
tomashovka55: checks 
Dorex2007: checks 
*** RIVER *** [Kh Ac 3h Js] [7h]
tomashovka55: checks 
Dorex2007: checks 
*** SHOW DOWN ***
tomashovka55: shows [3s 5h] (a pair of Threes)
Dorex2007: shows [6c 6h] (a pair of Sixes)
Dorex2007 collected $0.04 from pot
*** SUMMARY ***
Total pot $0.04 | Rake $0 
Board [Kh Ac 3h Js 7h]
Seat 3: Dorex2007 (button) (small blind) showed [6c 6h] and won ($0.04) with a pair of Sixes
Seat 9: tomashovka55 (big blind) showed [3s 5h] and lost with a pair of Threes



