PokerStars Hand #237544910046:  Hold'em No Limit ($0.02/$0.05 USD) - 2022/07/23 16:40:41 PT [2022/07/23 19:40:41 ET]
Table 'Vindobona' 9-max Seat #8 is the button
Seat 1: matugarcia04 ($5.78 in chips) 
Seat 2: Coyote1895 ($15.44 in chips) 
Seat 3: Maria1995587 ($10.70 in chips) 
Seat 4: panKastus ($4.35 in chips) 
Seat 5: FACCHETADE$ ($4.09 in chips) 
Seat 6: AGVsmarT ($3.73 in chips) 
Seat 7: Dorex2007 ($5 in chips) 
Seat 8: lauraman ($4.96 in chips) 
Seat 9: bucerias16 ($10.30 in chips) 
bucerias16: posts small blind $0.02
matugarcia04: posts big blind $0.05
Dorex2007: posts big blind $0.05
*** HOLE CARDS ***
Dealt to Dorex2007 [Kh 2h]
Coyote1895: folds 
Maria1995587: folds 
panKastus: folds 
FACCHETADE$: folds 
AGVsmarT: calls $0.05
Dorex2007: checks 
lauraman: folds 
bucerias16: folds 
matugarcia04: raises $0.15 to $0.20
AGVsmarT: folds 
Dorex2007: folds 
Uncalled bet ($0.15) returned to matugarcia04
matugarcia04 collected $0.17 from pot
*** SUMMARY ***
Total pot $0.17 | Rake $0 
Seat 1: matugarcia04 (big blind) collected ($0.17)
Seat 2: Coyote1895 folded before Flop (didn't bet)
Seat 3: Maria1995587 folded before Flop (didn't bet)
Seat 4: panKastus folded before Flop (didn't bet)
Seat 5: FACCHETADE$ folded before Flop (didn't bet)
Seat 6: AGVsmarT folded before Flop
Seat 7: Dorex2007 folded before Flop (didn't bet)
Seat 8: lauraman (button) folded before Flop (didn't bet)
Seat 9: bucerias16 (small blind) folded before Flop



PokerStars Hand #237544918436:  Hold'em No Limit ($0.02/$0.05 USD) - 2022/07/23 16:41:15 PT [2022/07/23 19:41:15 ET]
Table 'Vindobona' 9-max Seat #9 is the button
Seat 1: matugarcia04 ($5.90 in chips) 
Seat 2: Coyote1895 ($15.44 in chips) 
Seat 3: Maria1995587 ($10.70 in chips) 
Seat 4: panKastus ($4.35 in chips) 
Seat 5: FACCHETADE$ ($4.09 in chips) 
Seat 6: AGVsmarT ($3.68 in chips) 
Seat 7: Dorex2007 ($5 in chips) 
Seat 8: lauraman ($4.96 in chips) 
Seat 9: bucerias16 ($10.28 in chips) 
matugarcia04: posts small blind $0.02
Coyote1895: posts big blind $0.05
*** HOLE CARDS ***
Dealt to Dorex2007 [6h 6s]
Maria1995587: calls $0.05
panKastus: folds 
FACCHETADE$: folds 
AGVsmarT: folds 
Dorex2007: raises $0.10 to $0.15
lauraman: folds 
bucerias16: folds 
matugarcia04: folds 
Coyote1895: calls $0.10
Maria1995587: folds 
*** FLOP *** [Jh 9d Jc]
Coyote1895: bets $0.35
Dorex2007: folds 
Uncalled bet ($0.35) returned to Coyote1895
Coyote1895 collected $0.35 from pot
*** SUMMARY ***
Total pot $0.37 | Rake $0.02 
Board [Jh 9d Jc]
Seat 1: matugarcia04 (small blind) folded before Flop
Seat 2: Coyote1895 (big blind) collected ($0.35)
Seat 3: Maria1995587 folded before Flop
Seat 4: panKastus folded before Flop (didn't bet)
Seat 5: FACCHETADE$ folded before Flop (didn't bet)
Seat 6: AGVsmarT folded before Flop (didn't bet)
Seat 7: Dorex2007 folded on the Flop
Seat 8: lauraman folded before Flop (didn't bet)
Seat 9: bucerias16 (button) folded before Flop (didn't bet)



PokerStars Hand #237544925719:  Hold'em No Limit ($0.02/$0.05 USD) - 2022/07/23 16:41:44 PT [2022/07/23 19:41:44 ET]
Table 'Vindobona' 9-max Seat #1 is the button
Seat 1: matugarcia04 ($5.88 in chips) 
Seat 2: Coyote1895 ($15.64 in chips) 
Seat 3: Maria1995587 ($10.65 in chips) 
Seat 4: panKastus ($4.35 in chips) 
Seat 5: FACCHETADE$ ($4.09 in chips) 
Seat 6: AGVsmarT ($3.68 in chips) 
Seat 7: Dorex2007 ($5 in chips) 
Seat 8: lauraman ($4.96 in chips) 
Seat 9: bucerias16 ($10.28 in chips) 
Coyote1895: posts small blind $0.02
Maria1995587: posts big blind $0.05
*** HOLE CARDS ***
Dealt to Dorex2007 [5c 2h]
panKastus: folds 
FACCHETADE$: folds 
AGVsmarT: folds 
Dorex2007: folds 
lauraman: folds 
bucerias16: folds 
matugarcia04: raises $0.10 to $0.15
Coyote1895: folds 
Maria1995587: folds 
Uncalled bet ($0.10) returned to matugarcia04
matugarcia04 collected $0.12 from pot
*** SUMMARY ***
Total pot $0.12 | Rake $0 
Seat 1: matugarcia04 (button) collected ($0.12)
Seat 2: Coyote1895 (small blind) folded before Flop
Seat 3: Maria1995587 (big blind) folded before Flop
Seat 4: panKastus folded before Flop (didn't bet)
Seat 5: FACCHETADE$ folded before Flop (didn't bet)
Seat 6: AGVsmarT folded before Flop (didn't bet)
Seat 7: Dorex2007 folded before Flop (didn't bet)
Seat 8: lauraman folded before Flop (didn't bet)
Seat 9: bucerias16 folded before Flop (didn't bet)



PokerStars Hand #237544932842:  Hold'em No Limit ($0.02/$0.05 USD) - 2022/07/23 16:42:13 PT [2022/07/23 19:42:13 ET]
Table 'Vindobona' 9-max Seat #2 is the button
Seat 1: matugarcia04 ($5.95 in chips) 
Seat 2: Coyote1895 ($15.62 in chips) 
Seat 3: Maria1995587 ($10.60 in chips) 
Seat 4: panKastus ($4.35 in chips) 
Seat 5: FACCHETADE$ ($4.09 in chips) 
Seat 6: AGVsmarT ($3.68 in chips) 
Seat 7: Dorex2007 ($5 in chips) 
Seat 8: lauraman ($4.96 in chips) 
Seat 9: bucerias16 ($10.28 in chips) 
Maria1995587: posts small blind $0.02
panKastus: posts big blind $0.05
*** HOLE CARDS ***
Dealt to Dorex2007 [8d 3s]
FACCHETADE$: raises $0.05 to $0.10
AGVsmarT: folds 
Dorex2007: folds 
lauraman: folds 
bucerias16: calls $0.10
matugarcia04: folds 
Coyote1895: folds 
Maria1995587: folds 
panKastus: folds 
*** FLOP *** [Ad Kh 6h]
FACCHETADE$: checks 
bucerias16: checks 
*** TURN *** [Ad Kh 6h] [6c]
FACCHETADE$: checks 
bucerias16: bets $0.13
FACCHETADE$: folds 
Uncalled bet ($0.13) returned to bucerias16
bucerias16 collected $0.26 from pot
*** SUMMARY ***
Total pot $0.27 | Rake $0.01 
Board [Ad Kh 6h 6c]
Seat 1: matugarcia04 folded before Flop (didn't bet)
Seat 2: Coyote1895 (button) folded before Flop (didn't bet)
Seat 3: Maria1995587 (small blind) folded before Flop
Seat 4: panKastus (big blind) folded before Flop
Seat 5: FACCHETADE$ folded on the Turn
Seat 6: AGVsmarT folded before Flop (didn't bet)
Seat 7: Dorex2007 folded before Flop (didn't bet)
Seat 8: lauraman folded before Flop (didn't bet)
Seat 9: bucerias16 collected ($0.26)



PokerStars Hand #237544942445:  Hold'em No Limit ($0.02/$0.05 USD) - 2022/07/23 16:42:51 PT [2022/07/23 19:42:51 ET]
Table 'Vindobona' 9-max Seat #3 is the button
Seat 1: matugarcia04 ($5.95 in chips) 
Seat 2: Coyote1895 ($15.62 in chips) 
Seat 3: Maria1995587 ($10.58 in chips) 
Seat 4: panKastus ($4.30 in chips) 
Seat 5: FACCHETADE$ ($3.99 in chips) 
Seat 6: AGVsmarT ($3.68 in chips) 
Seat 7: Dorex2007 ($5 in chips) 
Seat 8: lauraman ($4.96 in chips) 
Seat 9: bucerias16 ($10.44 in chips) 
panKastus: posts small blind $0.02
FACCHETADE$: posts big blind $0.05
*** HOLE CARDS ***
Dealt to Dorex2007 [9h 8c]
AGVsmarT: folds 
Dorex2007: folds 
lauraman: folds 
bucerias16: folds 
matugarcia04: folds 
Coyote1895: raises $0.10 to $0.15
Maria1995587: folds 
panKastus: calls $0.13
FACCHETADE$: calls $0.10
*** FLOP *** [Jc Kc 6h]
panKastus: checks 
FACCHETADE$: checks 
Coyote1895: bets $0.43
panKastus: folds 
FACCHETADE$: folds 
Uncalled bet ($0.43) returned to Coyote1895
Coyote1895 collected $0.43 from pot
*** SUMMARY ***
Total pot $0.45 | Rake $0.02 
Board [Jc Kc 6h]
Seat 1: matugarcia04 folded before Flop (didn't bet)
Seat 2: Coyote1895 collected ($0.43)
Seat 3: Maria1995587 (button) folded before Flop (didn't bet)
Seat 4: panKastus (small blind) folded on the Flop
Seat 5: FACCHETADE$ (big blind) folded on the Flop
Seat 6: AGVsmarT folded before Flop (didn't bet)
Seat 7: Dorex2007 folded before Flop (didn't bet)
Seat 8: lauraman folded before Flop (didn't bet)
Seat 9: bucerias16 folded before Flop (didn't bet)



PokerStars Hand #237544949789:  Hold'em No Limit ($0.02/$0.05 USD) - 2022/07/23 16:43:21 PT [2022/07/23 19:43:21 ET]
Table 'Vindobona' 9-max Seat #4 is the button
Seat 1: matugarcia04 ($5.95 in chips) 
Seat 2: Coyote1895 ($15.90 in chips) 
Seat 3: Maria1995587 ($10.58 in chips) 
Seat 4: panKastus ($5 in chips) 
Seat 5: FACCHETADE$ ($3.84 in chips) 
Seat 6: AGVsmarT ($3.68 in chips) 
Seat 7: Dorex2007 ($5 in chips) 
Seat 8: lauraman ($4.96 in chips) 
Seat 9: bucerias16 ($10.44 in chips) 
FACCHETADE$: posts small blind $0.02
AGVsmarT: posts big blind $0.05
*** HOLE CARDS ***
Dealt to Dorex2007 [6s Jc]
Dorex2007: folds 
lauraman: folds 
bucerias16 has timed out
bucerias16: folds 
matugarcia04: folds 
Coyote1895: folds 
Maria1995587: folds 
panKastus: folds 
FACCHETADE$: folds 
Uncalled bet ($0.03) returned to AGVsmarT
AGVsmarT collected $0.04 from pot
*** SUMMARY ***
Total pot $0.04 | Rake $0 
Seat 1: matugarcia04 folded before Flop (didn't bet)
Seat 2: Coyote1895 folded before Flop (didn't bet)
Seat 3: Maria1995587 folded before Flop (didn't bet)
Seat 4: panKastus (button) folded before Flop (didn't bet)
Seat 5: FACCHETADE$ (small blind) folded before Flop
Seat 6: AGVsmarT (big blind) collected ($0.04)
Seat 7: Dorex2007 folded before Flop (didn't bet)
Seat 8: lauraman folded before Flop (didn't bet)
Seat 9: bucerias16 folded before Flop (didn't bet)



PokerStars Hand #237544956155:  Hold'em No Limit ($0.02/$0.05 USD) - 2022/07/23 16:43:46 PT [2022/07/23 19:43:46 ET]
Table 'Vindobona' 9-max Seat #5 is the button
Seat 1: matugarcia04 ($5.95 in chips) 
Seat 2: Coyote1895 ($15.90 in chips) 
Seat 3: Maria1995587 ($10.58 in chips) 
Seat 4: panKastus ($5 in chips) 
Seat 5: FACCHETADE$ ($3.82 in chips) 
Seat 6: AGVsmarT ($3.70 in chips) 
Seat 7: Dorex2007 ($5 in chips) 
Seat 8: lauraman ($4.96 in chips) 
Seat 9: bucerias16 ($10.44 in chips) 
AGVsmarT: posts small blind $0.02
Dorex2007: posts big blind $0.05
*** HOLE CARDS ***
Dealt to Dorex2007 [7c Jd]
lauraman: folds 
bucerias16: folds 
matugarcia04: folds 
Coyote1895: folds 
Maria1995587: calls $0.05
panKastus: folds 
FACCHETADE$: folds 
AGVsmarT: calls $0.03
Dorex2007: checks 
*** FLOP *** [7d 3c 6s]
AGVsmarT: bets $0.05
Dorex2007: calls $0.05
Maria1995587: folds 
*** TURN *** [7d 3c 6s] [9d]
AGVsmarT: bets $0.05
Dorex2007: calls $0.05
*** RIVER *** [7d 3c 6s 9d] [9s]
AGVsmarT: checks 
Dorex2007: checks 
*** SHOW DOWN ***
AGVsmarT: shows [8d Ad] (a pair of Nines)
Dorex2007: shows [7c Jd] (two pair, Nines and Sevens)
Dorex2007 collected $0.34 from pot
*** SUMMARY ***
Total pot $0.35 | Rake $0.01 
Board [7d 3c 6s 9d 9s]
Seat 1: matugarcia04 folded before Flop (didn't bet)
Seat 2: Coyote1895 folded before Flop (didn't bet)
Seat 3: Maria1995587 folded on the Flop
Seat 4: panKastus folded before Flop (didn't bet)
Seat 5: FACCHETADE$ (button) folded before Flop (didn't bet)
Seat 6: AGVsmarT (small blind) showed [8d Ad] and lost with a pair of Nines
Seat 7: Dorex2007 (big blind) showed [7c Jd] and won ($0.34) with two pair, Nines and Sevens
Seat 8: lauraman folded before Flop (didn't bet)
Seat 9: bucerias16 folded before Flop (didn't bet)



PokerStars Hand #237544968715:  Hold'em No Limit ($0.02/$0.05 USD) - 2022/07/23 16:44:37 PT [2022/07/23 19:44:37 ET]
Table 'Vindobona' 9-max Seat #6 is the button
Seat 1: matugarcia04 ($5.95 in chips) 
Seat 2: Coyote1895 ($15.90 in chips) 
Seat 3: Maria1995587 ($10.53 in chips) 
Seat 4: panKastus ($5 in chips) 
Seat 5: FACCHETADE$ ($3.82 in chips) 
Seat 6: AGVsmarT ($3.55 in chips) 
Seat 7: Dorex2007 ($5.19 in chips) 
Seat 8: lauraman ($4.96 in chips) 
Dorex2007: posts small blind $0.02
lauraman: posts big blind $0.05
*** HOLE CARDS ***
Dealt to Dorex2007 [9h Jh]
matugarcia04: folds 
Coyote1895: raises $0.10 to $0.15
Maria1995587: folds 
panKastus: folds 
FACCHETADE$: folds 
AGVsmarT: folds 
Dorex2007: folds 
lauraman: calls $0.10
*** FLOP *** [5d As Qd]
lauraman: checks 
Coyote1895: bets $0.21
lauraman: calls $0.21
*** TURN *** [5d As Qd] [4d]
lauraman: checks 
Coyote1895: bets $0.47
lauraman: folds 
Uncalled bet ($0.47) returned to Coyote1895
Coyote1895 collected $0.71 from pot
*** SUMMARY ***
Total pot $0.74 | Rake $0.03 
Board [5d As Qd 4d]
Seat 1: matugarcia04 folded before Flop (didn't bet)
Seat 2: Coyote1895 collected ($0.71)
Seat 3: Maria1995587 folded before Flop (didn't bet)
Seat 4: panKastus folded before Flop (didn't bet)
Seat 5: FACCHETADE$ folded before Flop (didn't bet)
Seat 6: AGVsmarT (button) folded before Flop (didn't bet)
Seat 7: Dorex2007 (small blind) folded before Flop
Seat 8: lauraman (big blind) folded on the Turn



PokerStars Hand #237544984150:  Hold'em No Limit ($0.02/$0.05 USD) - 2022/07/23 16:45:39 PT [2022/07/23 19:45:39 ET]
Table 'Vindobona' 9-max Seat #7 is the button
Seat 1: matugarcia04 ($5.95 in chips) 
Seat 2: Coyote1895 ($16.25 in chips) 
Seat 3: Maria1995587 ($10.53 in chips) 
Seat 4: panKastus ($5 in chips) 
Seat 5: FACCHETADE$ ($3.82 in chips) 
Seat 6: AGVsmarT ($3.55 in chips) 
Seat 7: Dorex2007 ($5.17 in chips) 
Seat 8: lauraman ($4.60 in chips) 
lauraman: posts small blind $0.02
matugarcia04: posts big blind $0.05
*** HOLE CARDS ***
Dealt to Dorex2007 [Kc 8c]
Coyote1895: folds 
Maria1995587: folds 
panKastus: folds 
FACCHETADE$: raises $0.12 to $0.17
AGVsmarT: calls $0.17
Dorex2007: folds 
lauraman: folds 
matugarcia04: folds 
*** FLOP *** [Jh 9c Kd]
FACCHETADE$: bets $3.65 and is all-in
AGVsmarT: folds 
Uncalled bet ($3.65) returned to FACCHETADE$
FACCHETADE$ collected $0.39 from pot
*** SUMMARY ***
Total pot $0.41 | Rake $0.02 
Board [Jh 9c Kd]
Seat 1: matugarcia04 (big blind) folded before Flop
Seat 2: Coyote1895 folded before Flop (didn't bet)
Seat 3: Maria1995587 folded before Flop (didn't bet)
Seat 4: panKastus folded before Flop (didn't bet)
Seat 5: FACCHETADE$ collected ($0.39)
Seat 6: AGVsmarT folded on the Flop
Seat 7: Dorex2007 (button) folded before Flop (didn't bet)
Seat 8: lauraman (small blind) folded before Flop



PokerStars Hand #237544991545:  Hold'em No Limit ($0.02/$0.05 USD) - 2022/07/23 16:46:08 PT [2022/07/23 19:46:08 ET]
Table 'Vindobona' 9-max Seat #8 is the button
Seat 1: matugarcia04 ($5.90 in chips) 
Seat 2: Coyote1895 ($16.25 in chips) 
Seat 3: Maria1995587 ($10.53 in chips) 
Seat 4: panKastus ($5 in chips) 
Seat 5: FACCHETADE$ ($4.04 in chips) 
Seat 6: AGVsmarT ($3.38 in chips) 
Seat 7: Dorex2007 ($5.17 in chips) 
Seat 8: lauraman ($4.58 in chips) 
matugarcia04: posts small blind $0.02
Coyote1895: posts big blind $0.05
*** HOLE CARDS ***
Dealt to Dorex2007 [5s 4s]
Maria1995587: calls $0.05
panKastus: folds 
FACCHETADE$: folds 
AGVsmarT: folds 
Dorex2007: raises $0.10 to $0.15
lauraman: folds 
matugarcia04: folds 
Coyote1895: folds 
Maria1995587: folds 
Uncalled bet ($0.10) returned to Dorex2007
Dorex2007 collected $0.17 from pot
*** SUMMARY ***
Total pot $0.17 | Rake $0 
Seat 1: matugarcia04 (small blind) folded before Flop
Seat 2: Coyote1895 (big blind) folded before Flop
Seat 3: Maria1995587 folded before Flop
Seat 4: panKastus folded before Flop (didn't bet)
Seat 5: FACCHETADE$ folded before Flop (didn't bet)
Seat 6: AGVsmarT folded before Flop (didn't bet)
Seat 7: Dorex2007 collected ($0.17)
Seat 8: lauraman (button) folded before Flop (didn't bet)



PokerStars Hand #237544998591:  Hold'em No Limit ($0.02/$0.05 USD) - 2022/07/23 16:46:36 PT [2022/07/23 19:46:36 ET]
Table 'Vindobona' 9-max Seat #1 is the button
Seat 1: matugarcia04 ($5.88 in chips) 
Seat 2: Coyote1895 ($16.20 in chips) 
Seat 3: Maria1995587 ($10.48 in chips) 
Seat 4: panKastus ($5 in chips) 
Seat 5: FACCHETADE$ ($4.04 in chips) 
Seat 6: AGVsmarT ($3.38 in chips) 
Seat 7: Dorex2007 ($5.29 in chips) 
Seat 8: lauraman ($4.58 in chips) 
Coyote1895: posts small blind $0.02
Maria1995587: posts big blind $0.05
*** HOLE CARDS ***
Dealt to Dorex2007 [2h 4d]
panKastus: raises $0.10 to $0.15
FACCHETADE$: folds 
AGVsmarT: folds 
Dorex2007: folds 
lauraman: folds 
matugarcia04: folds 
Coyote1895: folds 
Maria1995587: folds 
Uncalled bet ($0.10) returned to panKastus
panKastus collected $0.12 from pot
*** SUMMARY ***
Total pot $0.12 | Rake $0 
Seat 1: matugarcia04 (button) folded before Flop (didn't bet)
Seat 2: Coyote1895 (small blind) folded before Flop
Seat 3: Maria1995587 (big blind) folded before Flop
Seat 4: panKastus collected ($0.12)
Seat 5: FACCHETADE$ folded before Flop (didn't bet)
Seat 6: AGVsmarT folded before Flop (didn't bet)
Seat 7: Dorex2007 folded before Flop (didn't bet)
Seat 8: lauraman folded before Flop (didn't bet)



PokerStars Hand #237545002390:  Hold'em No Limit ($0.02/$0.05 USD) - 2022/07/23 16:46:51 PT [2022/07/23 19:46:51 ET]
Table 'Vindobona' 9-max Seat #2 is the button
Seat 1: matugarcia04 ($5.88 in chips) 
Seat 2: Coyote1895 ($16.18 in chips) 
Seat 3: Maria1995587 ($10.43 in chips) 
Seat 4: panKastus ($5.07 in chips) 
Seat 5: FACCHETADE$ ($4.04 in chips) 
Seat 6: AGVsmarT ($3.38 in chips) 
Seat 7: Dorex2007 ($5.29 in chips) 
Seat 8: lauraman ($4.58 in chips) 
Maria1995587: posts small blind $0.02
panKastus: posts big blind $0.05
*** HOLE CARDS ***
Dealt to Dorex2007 [8c Jd]
FACCHETADE$: folds 
AGVsmarT: calls $0.05
Dorex2007: folds 
lauraman: raises $0.15 to $0.20
matugarcia04: folds 
Coyote1895: folds 
Maria1995587: folds 
panKastus: folds 
AGVsmarT: calls $0.15
*** FLOP *** [4d 5h 7d]
AGVsmarT: bets $0.10
lauraman: calls $0.10
*** TURN *** [4d 5h 7d] [Js]
AGVsmarT: checks 
lauraman: bets $0.32
AGVsmarT: folds 
Uncalled bet ($0.32) returned to lauraman
lauraman collected $0.64 from pot
*** SUMMARY ***
Total pot $0.67 | Rake $0.03 
Board [4d 5h 7d Js]
Seat 1: matugarcia04 folded before Flop (didn't bet)
Seat 2: Coyote1895 (button) folded before Flop (didn't bet)
Seat 3: Maria1995587 (small blind) folded before Flop
Seat 4: panKastus (big blind) folded before Flop
Seat 5: FACCHETADE$ folded before Flop (didn't bet)
Seat 6: AGVsmarT folded on the Turn
Seat 7: Dorex2007 folded before Flop (didn't bet)
Seat 8: lauraman collected ($0.64)



PokerStars Hand #237545014131:  Hold'em No Limit ($0.02/$0.05 USD) - 2022/07/23 16:47:38 PT [2022/07/23 19:47:38 ET]
Table 'Vindobona' 9-max Seat #3 is the button
Seat 1: matugarcia04 ($5.88 in chips) 
Seat 2: Coyote1895 ($16.18 in chips) 
Seat 3: Maria1995587 ($10.41 in chips) 
Seat 4: panKastus ($5.02 in chips) 
Seat 5: FACCHETADE$ ($4.04 in chips) 
Seat 6: AGVsmarT ($3.08 in chips) 
Seat 7: Dorex2007 ($5.29 in chips) 
Seat 8: lauraman ($4.92 in chips) 
panKastus: posts small blind $0.02
FACCHETADE$: posts big blind $0.05
*** HOLE CARDS ***
Dealt to Dorex2007 [4d 3c]
AGVsmarT: folds 
Dorex2007: folds 
lauraman: folds 
matugarcia04: folds 
Coyote1895: folds 
Maria1995587: folds 
panKastus: calls $0.03
FACCHETADE$: raises $0.25 to $0.30
panKastus: calls $0.25
*** FLOP *** [2d 8d 4c]
panKastus: checks 
FACCHETADE$: checks 
*** TURN *** [2d 8d 4c] [Ah]
panKastus: checks 
FACCHETADE$: bets $0.58
panKastus: folds 
Uncalled bet ($0.58) returned to FACCHETADE$
FACCHETADE$ collected $0.58 from pot
*** SUMMARY ***
Total pot $0.60 | Rake $0.02 
Board [2d 8d 4c Ah]
Seat 1: matugarcia04 folded before Flop (didn't bet)
Seat 2: Coyote1895 folded before Flop (didn't bet)
Seat 3: Maria1995587 (button) folded before Flop (didn't bet)
Seat 4: panKastus (small blind) folded on the Turn
Seat 5: FACCHETADE$ (big blind) collected ($0.58)
Seat 6: AGVsmarT folded before Flop (didn't bet)
Seat 7: Dorex2007 folded before Flop (didn't bet)
Seat 8: lauraman folded before Flop (didn't bet)



PokerStars Hand #237545021980:  Hold'em No Limit ($0.02/$0.05 USD) - 2022/07/23 16:48:09 PT [2022/07/23 19:48:09 ET]
Table 'Vindobona' 9-max Seat #4 is the button
Seat 1: matugarcia04 ($5.88 in chips) 
Seat 2: Coyote1895 ($16.18 in chips) 
Seat 3: Maria1995587 ($10.41 in chips) 
Seat 4: panKastus ($4.72 in chips) 
Seat 5: FACCHETADE$ ($4.32 in chips) 
Seat 6: AGVsmarT ($3.08 in chips) 
Seat 7: Dorex2007 ($5.29 in chips) 
Seat 8: lauraman ($4.92 in chips) 
FACCHETADE$: posts small blind $0.02
AGVsmarT: posts big blind $0.05
*** HOLE CARDS ***
Dealt to Dorex2007 [3c Tc]
Dorex2007: folds 
lauraman: folds 
matugarcia04: folds 
Coyote1895: folds 
Maria1995587: folds 
panKastus: folds 
FACCHETADE$: calls $0.03
AGVsmarT: raises $0.10 to $0.15
FACCHETADE$: calls $0.10
*** FLOP *** [9s 7s 6d]
FACCHETADE$: checks 
AGVsmarT: bets $0.10
FACCHETADE$: calls $0.10
*** TURN *** [9s 7s 6d] [Td]
FACCHETADE$: checks 
AGVsmarT: bets $0.10
FACCHETADE$: calls $0.10
*** RIVER *** [9s 7s 6d Td] [As]
FACCHETADE$: bets $0.67
AGVsmarT: folds 
Uncalled bet ($0.67) returned to FACCHETADE$
FACCHETADE$ collected $0.67 from pot
*** SUMMARY ***
Total pot $0.70 | Rake $0.03 
Board [9s 7s 6d Td As]
Seat 1: matugarcia04 folded before Flop (didn't bet)
Seat 2: Coyote1895 folded before Flop (didn't bet)
Seat 3: Maria1995587 folded before Flop (didn't bet)
Seat 4: panKastus (button) folded before Flop (didn't bet)
Seat 5: FACCHETADE$ (small blind) collected ($0.67)
Seat 6: AGVsmarT (big blind) folded on the River
Seat 7: Dorex2007 folded before Flop (didn't bet)
Seat 8: lauraman folded before Flop (didn't bet)



PokerStars Hand #237545033549:  Hold'em No Limit ($0.02/$0.05 USD) - 2022/07/23 16:48:55 PT [2022/07/23 19:48:55 ET]
Table 'Vindobona' 9-max Seat #5 is the button
Seat 1: matugarcia04 ($5.88 in chips) 
Seat 3: Maria1995587 ($10.41 in chips) 
Seat 4: panKastus ($4.72 in chips) 
Seat 5: FACCHETADE$ ($4.64 in chips) 
Seat 6: AGVsmarT ($2.73 in chips) 
Seat 7: Dorex2007 ($5.29 in chips) 
Seat 8: lauraman ($4.92 in chips) 
AGVsmarT: posts small blind $0.02
Dorex2007: posts big blind $0.05
*** HOLE CARDS ***
Dealt to Dorex2007 [Js Jc]
lauraman: raises $0.10 to $0.15
matugarcia04: folds 
Maria1995587: folds 
panKastus: folds 
FACCHETADE$: folds 
AGVsmarT: folds 
Dorex2007: raises $0.40 to $0.55
lauraman: calls $0.40
*** FLOP *** [Ah Ac Th]
Dorex2007: bets $0.53
lauraman: folds 
Uncalled bet ($0.53) returned to Dorex2007
Dorex2007 collected $1.07 from pot
*** SUMMARY ***
Total pot $1.12 | Rake $0.05 
Board [Ah Ac Th]
Seat 1: matugarcia04 folded before Flop (didn't bet)
Seat 3: Maria1995587 folded before Flop (didn't bet)
Seat 4: panKastus folded before Flop (didn't bet)
Seat 5: FACCHETADE$ (button) folded before Flop (didn't bet)
Seat 6: AGVsmarT (small blind) folded before Flop
Seat 7: Dorex2007 (big blind) collected ($1.07)
Seat 8: lauraman folded on the Flop



PokerStars Hand #237545045190:  Hold'em No Limit ($0.02/$0.05 USD) - 2022/07/23 16:49:41 PT [2022/07/23 19:49:41 ET]
Table 'Vindobona' 9-max Seat #6 is the button
Seat 1: matugarcia04 ($5.88 in chips) 
Seat 3: Maria1995587 ($10.41 in chips) 
Seat 4: panKastus ($4.72 in chips) 
Seat 5: FACCHETADE$ ($4.64 in chips) 
Seat 6: AGVsmarT ($2.71 in chips) 
Seat 7: Dorex2007 ($5.81 in chips) 
Seat 8: lauraman ($4.37 in chips) 
Dorex2007: posts small blind $0.02
lauraman: posts big blind $0.05
*** HOLE CARDS ***
Dealt to Dorex2007 [Kc 4d]
matugarcia04: folds 
Maria1995587: folds 
panKastus: folds 
FACCHETADE$: folds 
AGVsmarT: folds 
Dorex2007: folds 
Uncalled bet ($0.03) returned to lauraman
lauraman collected $0.04 from pot
*** SUMMARY ***
Total pot $0.04 | Rake $0 
Seat 1: matugarcia04 folded before Flop (didn't bet)
Seat 3: Maria1995587 folded before Flop (didn't bet)
Seat 4: panKastus folded before Flop (didn't bet)
Seat 5: FACCHETADE$ folded before Flop (didn't bet)
Seat 6: AGVsmarT (button) folded before Flop (didn't bet)
Seat 7: Dorex2007 (small blind) folded before Flop
Seat 8: lauraman (big blind) collected ($0.04)



PokerStars Hand #237545049115:  Hold'em No Limit ($0.02/$0.05 USD) - 2022/07/23 16:49:57 PT [2022/07/23 19:49:57 ET]
Table 'Vindobona' 9-max Seat #7 is the button
Seat 1: matugarcia04 ($5.88 in chips) 
Seat 2: Coyote1895 ($16.18 in chips) 
Seat 3: Maria1995587 ($10.41 in chips) 
Seat 4: panKastus ($4.72 in chips) 
Seat 5: FACCHETADE$ ($4.64 in chips) 
Seat 6: AGVsmarT ($2.71 in chips) 
Seat 7: Dorex2007 ($5.79 in chips) 
Seat 8: lauraman ($5 in chips) 
lauraman: posts small blind $0.02
matugarcia04: posts big blind $0.05
*** HOLE CARDS ***
Dealt to Dorex2007 [2s 9c]
Coyote1895: raises $0.10 to $0.15
Maria1995587: folds 
panKastus: folds 
FACCHETADE$: folds 
AGVsmarT: calls $0.15
Dorex2007: folds 
lauraman: folds 
matugarcia04: folds 
*** FLOP *** [9d Qh Ad]
Coyote1895: bets $0.35
AGVsmarT: calls $0.35
*** TURN *** [9d Qh Ad] [6d]
Coyote1895: bets $0.51
AGVsmarT: calls $0.51
*** RIVER *** [9d Qh Ad 6d] [Kc]
Coyote1895: checks 
AGVsmarT: bets $1
Coyote1895: folds 
Uncalled bet ($1) returned to AGVsmarT
AGVsmarT collected $2 from pot
*** SUMMARY ***
Total pot $2.09 | Rake $0.09 
Board [9d Qh Ad 6d Kc]
Seat 1: matugarcia04 (big blind) folded before Flop
Seat 2: Coyote1895 folded on the River
Seat 3: Maria1995587 folded before Flop (didn't bet)
Seat 4: panKastus folded before Flop (didn't bet)
Seat 5: FACCHETADE$ folded before Flop (didn't bet)
Seat 6: AGVsmarT collected ($2)
Seat 7: Dorex2007 (button) folded before Flop (didn't bet)
Seat 8: lauraman (small blind) folded before Flop



PokerStars Hand #237545068928:  Hold'em No Limit ($0.02/$0.05 USD) - 2022/07/23 16:50:49 PT [2022/07/23 19:50:49 ET]
Table 'Vindobona' 9-max Seat #8 is the button
Seat 1: matugarcia04 ($5.83 in chips) 
Seat 2: Coyote1895 ($15.17 in chips) 
Seat 3: Maria1995587 ($10.41 in chips) 
Seat 4: panKastus ($4.72 in chips) 
Seat 5: FACCHETADE$ ($4.64 in chips) 
Seat 6: AGVsmarT ($3.70 in chips) 
Seat 7: Dorex2007 ($5.79 in chips) 
Seat 8: lauraman ($4.98 in chips) 
matugarcia04: posts small blind $0.02
Coyote1895: posts big blind $0.05
*** HOLE CARDS ***
Dealt to Dorex2007 [Ah 9s]
Maria1995587: folds 
panKastus: folds 
FACCHETADE$: folds 
AGVsmarT: folds 
Dorex2007: folds 
lauraman: raises $0.10 to $0.15
matugarcia04: folds 
Coyote1895: folds 
Uncalled bet ($0.10) returned to lauraman
lauraman collected $0.12 from pot
*** SUMMARY ***
Total pot $0.12 | Rake $0 
Seat 1: matugarcia04 (small blind) folded before Flop
Seat 2: Coyote1895 (big blind) folded before Flop
Seat 3: Maria1995587 folded before Flop (didn't bet)
Seat 4: panKastus folded before Flop (didn't bet)
Seat 5: FACCHETADE$ folded before Flop (didn't bet)
Seat 6: AGVsmarT folded before Flop (didn't bet)
Seat 7: Dorex2007 folded before Flop (didn't bet)
Seat 8: lauraman (button) collected ($0.12)



PokerStars Hand #237545074958:  Hold'em No Limit ($0.02/$0.05 USD) - 2022/07/23 16:51:14 PT [2022/07/23 19:51:14 ET]
Table 'Vindobona' 9-max Seat #1 is the button
Seat 1: matugarcia04 ($5.81 in chips) 
Seat 2: Coyote1895 ($15.12 in chips) 
Seat 3: Maria1995587 ($10.41 in chips) 
Seat 4: panKastus ($4.72 in chips) 
Seat 5: FACCHETADE$ ($4.64 in chips) 
Seat 6: AGVsmarT ($3.70 in chips) 
Seat 7: Dorex2007 ($5.79 in chips) 
Seat 8: lauraman ($5.05 in chips) 
Coyote1895: posts small blind $0.02
Maria1995587: posts big blind $0.05
*** HOLE CARDS ***
Dealt to Dorex2007 [4h 6s]
panKastus: folds 
FACCHETADE$: folds 
AGVsmarT: folds 
Dorex2007: folds 
lauraman: folds 
matugarcia04: folds 
Coyote1895: raises $0.10 to $0.15
Maria1995587: calls $0.10
*** FLOP *** [3d 8d Jd]
Coyote1895: bets $0.19
Maria1995587: folds 
Uncalled bet ($0.19) returned to Coyote1895
Coyote1895 collected $0.29 from pot
*** SUMMARY ***
Total pot $0.30 | Rake $0.01 
Board [3d 8d Jd]
Seat 1: matugarcia04 (button) folded before Flop (didn't bet)
Seat 2: Coyote1895 (small blind) collected ($0.29)
Seat 3: Maria1995587 (big blind) folded on the Flop
Seat 4: panKastus folded before Flop (didn't bet)
Seat 5: FACCHETADE$ folded before Flop (didn't bet)
Seat 6: AGVsmarT folded before Flop (didn't bet)
Seat 7: Dorex2007 folded before Flop (didn't bet)
Seat 8: lauraman folded before Flop (didn't bet)



PokerStars Hand #237545081705:  Hold'em No Limit ($0.02/$0.05 USD) - 2022/07/23 16:51:41 PT [2022/07/23 19:51:41 ET]
Table 'Vindobona' 9-max Seat #2 is the button
Seat 1: matugarcia04 ($5.81 in chips) 
Seat 2: Coyote1895 ($15.26 in chips) 
Seat 3: Maria1995587 ($10.26 in chips) 
Seat 4: panKastus ($4.72 in chips) 
Seat 5: FACCHETADE$ ($4.64 in chips) 
Seat 6: AGVsmarT ($3.70 in chips) 
Seat 7: Dorex2007 ($5.79 in chips) 
Seat 8: lauraman ($5.05 in chips) 
Maria1995587: posts small blind $0.02
panKastus: posts big blind $0.05
*** HOLE CARDS ***
Dealt to Dorex2007 [8h Jd]
FACCHETADE$: folds 
AGVsmarT: raises $0.12 to $0.17
Dorex2007: folds 
lauraman: calls $0.17
matugarcia04: folds 
Coyote1895: calls $0.17
Maria1995587: folds 
panKastus: folds 
*** FLOP *** [7h 8s Th]
AGVsmarT: bets $0.25
lauraman: calls $0.25
Coyote1895: raises $1.31 to $1.56
AGVsmarT: calls $1.31
lauraman: calls $1.31
*** TURN *** [7h 8s Th] [Qs]
AGVsmarT: checks 
lauraman: checks 
Coyote1895: checks 
*** RIVER *** [7h 8s Th Qs] [Kd]
AGVsmarT: checks 
lauraman: checks 
Coyote1895: checks 
*** SHOW DOWN ***
AGVsmarT: shows [Js Jh] (a pair of Jacks)
lauraman: shows [Qh Kh] (two pair, Kings and Queens)
Coyote1895: mucks hand 
lauraman collected $5.04 from pot
*** SUMMARY ***
Total pot $5.26 | Rake $0.22 
Board [7h 8s Th Qs Kd]
Seat 1: matugarcia04 folded before Flop (didn't bet)
Seat 2: Coyote1895 (button) mucked [Tc 8c]
Seat 3: Maria1995587 (small blind) folded before Flop
Seat 4: panKastus (big blind) folded before Flop
Seat 5: FACCHETADE$ folded before Flop (didn't bet)
Seat 6: AGVsmarT showed [Js Jh] and lost with a pair of Jacks
Seat 7: Dorex2007 folded before Flop (didn't bet)
Seat 8: lauraman showed [Qh Kh] and won ($5.04) with two pair, Kings and Queens



PokerStars Hand #237545102038:  Hold'em No Limit ($0.02/$0.05 USD) - 2022/07/23 16:53:04 PT [2022/07/23 19:53:04 ET]
Table 'Vindobona' 9-max Seat #3 is the button
Seat 1: matugarcia04 ($5.81 in chips) 
Seat 2: Coyote1895 ($13.53 in chips) 
Seat 3: Maria1995587 ($10.24 in chips) 
Seat 4: panKastus ($5 in chips) 
Seat 5: FACCHETADE$ ($4.64 in chips) 
Seat 6: AGVsmarT ($1.97 in chips) 
Seat 7: Dorex2007 ($5.79 in chips) 
Seat 8: lauraman ($8.36 in chips) 
panKastus: posts small blind $0.02
FACCHETADE$: posts big blind $0.05
*** HOLE CARDS ***
Dealt to Dorex2007 [5h 9s]
AGVsmarT: folds 
Dorex2007: folds 
lauraman: folds 
matugarcia04: folds 
Coyote1895: folds 
Maria1995587: raises $0.10 to $0.15
panKastus: folds 
FACCHETADE$: calls $0.10
*** FLOP *** [4c Jh Td]
FACCHETADE$: checks 
Maria1995587: bets $0.15
FACCHETADE$: raises $4.34 to $4.49 and is all-in
Maria1995587: folds 
Uncalled bet ($4.34) returned to FACCHETADE$
FACCHETADE$ collected $0.59 from pot
*** SUMMARY ***
Total pot $0.62 | Rake $0.03 
Board [4c Jh Td]
Seat 1: matugarcia04 folded before Flop (didn't bet)
Seat 2: Coyote1895 folded before Flop (didn't bet)
Seat 3: Maria1995587 (button) folded on the Flop
Seat 4: panKastus (small blind) folded before Flop
Seat 5: FACCHETADE$ (big blind) collected ($0.59)
Seat 6: AGVsmarT folded before Flop (didn't bet)
Seat 7: Dorex2007 folded before Flop (didn't bet)
Seat 8: lauraman folded before Flop (didn't bet)



PokerStars Hand #237545114189:  Hold'em No Limit ($0.02/$0.05 USD) - 2022/07/23 16:53:54 PT [2022/07/23 19:53:54 ET]
Table 'Vindobona' 9-max Seat #4 is the button
Seat 1: matugarcia04 ($5.81 in chips) 
Seat 2: Coyote1895 ($13.53 in chips) 
Seat 3: Maria1995587 ($9.94 in chips) 
Seat 4: panKastus ($4.98 in chips) 
Seat 5: FACCHETADE$ ($4.93 in chips) 
Seat 6: AGVsmarT ($3.97 in chips) 
Seat 7: Dorex2007 ($5.79 in chips) 
Seat 8: lauraman ($8.36 in chips) 
Seat 9: bucerias16 ($10.44 in chips) 
FACCHETADE$: posts small blind $0.02
AGVsmarT: posts big blind $0.05
bucerias16: posts small & big blinds $0.07
*** HOLE CARDS ***
Dealt to Dorex2007 [Ah 3h]
Dorex2007: folds 
lauraman: folds 
bucerias16: checks 
matugarcia04: calls $0.05
Coyote1895: folds 
Maria1995587: calls $0.05
panKastus: calls $0.05
FACCHETADE$: calls $0.03
AGVsmarT: checks 
*** FLOP *** [Ks 4s As]
FACCHETADE$: checks 
AGVsmarT: bets $0.10
bucerias16: folds 
matugarcia04: folds 
Maria1995587: folds 
panKastus: folds 
FACCHETADE$: calls $0.10
*** TURN *** [Ks 4s As] [Td]
FACCHETADE$: checks 
AGVsmarT is connected 
AGVsmarT: bets $0.15
FACCHETADE$: calls $0.15
*** RIVER *** [Ks 4s As Td] [Qh]
FACCHETADE$: checks 
AGVsmarT: checks 
*** SHOW DOWN ***
FACCHETADE$: shows [8d Ts] (a pair of Tens)
AGVsmarT: shows [Ac 8h] (a pair of Aces)
AGVsmarT collected $0.79 from pot
*** SUMMARY ***
Total pot $0.82 | Rake $0.03 
Board [Ks 4s As Td Qh]
Seat 1: matugarcia04 folded on the Flop
Seat 2: Coyote1895 folded before Flop (didn't bet)
Seat 3: Maria1995587 folded on the Flop
Seat 4: panKastus (button) folded on the Flop
Seat 5: FACCHETADE$ (small blind) showed [8d Ts] and lost with a pair of Tens
Seat 6: AGVsmarT (big blind) showed [Ac 8h] and won ($0.79) with a pair of Aces
Seat 7: Dorex2007 folded before Flop (didn't bet)
Seat 8: lauraman folded before Flop (didn't bet)
Seat 9: bucerias16 folded on the Flop (didn't bet)



PokerStars Hand #237545137824:  Hold'em No Limit ($0.02/$0.05 USD) - 2022/07/23 16:55:36 PT [2022/07/23 19:55:36 ET]
Table 'Vindobona' 9-max Seat #5 is the button
Seat 1: matugarcia04 ($5.76 in chips) 
Seat 2: Coyote1895 ($13.53 in chips) 
Seat 3: Maria1995587 ($9.89 in chips) 
Seat 4: panKastus ($4.93 in chips) 
Seat 5: FACCHETADE$ ($4.63 in chips) 
Seat 6: AGVsmarT ($4.46 in chips) 
Seat 7: Dorex2007 ($5.79 in chips) 
Seat 8: lauraman ($8.36 in chips) 
Seat 9: bucerias16 ($10.37 in chips) 
AGVsmarT: posts small blind $0.02
Dorex2007: posts big blind $0.05
*** HOLE CARDS ***
Dealt to Dorex2007 [3d Td]
lauraman: folds 
bucerias16: folds 
matugarcia04: folds 
Coyote1895: calls $0.05
Maria1995587: calls $0.05
panKastus: folds 
FACCHETADE$: folds 
AGVsmarT: raises $0.10 to $0.15
Dorex2007: folds 
Coyote1895: calls $0.10
Maria1995587: calls $0.10
*** FLOP *** [2d 3s 2s]
AGVsmarT: checks 
Coyote1895: bets $0.48
Maria1995587: calls $0.48
AGVsmarT: folds 
*** TURN *** [2d 3s 2s] [3h]
Coyote1895: bets $0.93
Maria1995587: calls $0.93
*** RIVER *** [2d 3s 2s 3h] [5s]
Coyote1895: checks 
Maria1995587: bets $3.18
Coyote1895: folds 
Uncalled bet ($3.18) returned to Maria1995587
Maria1995587 collected $3.18 from pot
*** SUMMARY ***
Total pot $3.32 | Rake $0.14 
Board [2d 3s 2s 3h 5s]
Seat 1: matugarcia04 folded before Flop (didn't bet)
Seat 2: Coyote1895 folded on the River
Seat 3: Maria1995587 collected ($3.18)
Seat 4: panKastus folded before Flop (didn't bet)
Seat 5: FACCHETADE$ (button) folded before Flop (didn't bet)
Seat 6: AGVsmarT (small blind) folded on the Flop
Seat 7: Dorex2007 (big blind) folded before Flop
Seat 8: lauraman folded before Flop (didn't bet)
Seat 9: bucerias16 folded before Flop (didn't bet)



PokerStars Hand #237545150125:  Hold'em No Limit ($0.02/$0.05 USD) - 2022/07/23 16:56:38 PT [2022/07/23 19:56:38 ET]
Table 'Vindobona' 9-max Seat #6 is the button
Seat 1: matugarcia04 ($5.76 in chips) 
Seat 2: Coyote1895 ($11.97 in chips) 
Seat 3: Maria1995587 ($11.51 in chips) 
Seat 4: panKastus ($4.93 in chips) 
Seat 5: FACCHETADE$ ($4.63 in chips) 
Seat 6: AGVsmarT ($4.31 in chips) 
Seat 7: Dorex2007 ($5.74 in chips) 
Seat 8: lauraman ($8.36 in chips) 
Seat 9: bucerias16 ($10.37 in chips) 
Dorex2007: posts small blind $0.02
lauraman: posts big blind $0.05
*** HOLE CARDS ***
Dealt to Dorex2007 [Qd Qs]
bucerias16: folds 
matugarcia04: folds 
Coyote1895: folds 
Maria1995587: raises $0.10 to $0.15
panKastus: folds 
FACCHETADE$: folds 
AGVsmarT: folds 
Dorex2007: raises $0.35 to $0.50
lauraman: folds 
Maria1995587: folds 
Uncalled bet ($0.35) returned to Dorex2007
Dorex2007 collected $0.35 from pot
*** SUMMARY ***
Total pot $0.35 | Rake $0 
Seat 1: matugarcia04 folded before Flop (didn't bet)
Seat 2: Coyote1895 folded before Flop (didn't bet)
Seat 3: Maria1995587 folded before Flop
Seat 4: panKastus folded before Flop (didn't bet)
Seat 5: FACCHETADE$ folded before Flop (didn't bet)
Seat 6: AGVsmarT (button) folded before Flop (didn't bet)
Seat 7: Dorex2007 (small blind) collected ($0.35)
Seat 8: lauraman (big blind) folded before Flop
Seat 9: bucerias16 folded before Flop (didn't bet)



PokerStars Hand #237545155149:  Hold'em No Limit ($0.02/$0.05 USD) - 2022/07/23 16:57:03 PT [2022/07/23 19:57:03 ET]
Table 'Vindobona' 9-max Seat #7 is the button
Seat 1: matugarcia04 ($5.76 in chips) 
Seat 2: Coyote1895 ($11.97 in chips) 
Seat 3: Maria1995587 ($11.36 in chips) 
Seat 4: panKastus ($4.93 in chips) 
Seat 5: FACCHETADE$ ($4.63 in chips) 
Seat 6: AGVsmarT ($4.31 in chips) 
Seat 7: Dorex2007 ($5.94 in chips) 
Seat 8: lauraman ($8.31 in chips) 
Seat 9: bucerias16 ($10.37 in chips) 
lauraman: posts small blind $0.02
bucerias16: posts big blind $0.05
*** HOLE CARDS ***
Dealt to Dorex2007 [Ah 6h]
matugarcia04: folds 
Coyote1895: folds 
Maria1995587: folds 
panKastus: raises $0.05 to $0.10
FACCHETADE$: calls $0.10
AGVsmarT: folds 
Dorex2007: folds 
lauraman: folds 
bucerias16: calls $0.05
*** FLOP *** [5s Ad 4d]
bucerias16: checks 
panKastus: bets $0.17
FACCHETADE$: folds 
bucerias16: folds 
Uncalled bet ($0.17) returned to panKastus
panKastus collected $0.31 from pot
*** SUMMARY ***
Total pot $0.32 | Rake $0.01 
Board [5s Ad 4d]
Seat 1: matugarcia04 folded before Flop (didn't bet)
Seat 2: Coyote1895 folded before Flop (didn't bet)
Seat 3: Maria1995587 folded before Flop (didn't bet)
Seat 4: panKastus collected ($0.31)
Seat 5: FACCHETADE$ folded on the Flop
Seat 6: AGVsmarT folded before Flop (didn't bet)
Seat 7: Dorex2007 (button) folded before Flop (didn't bet)
Seat 8: lauraman (small blind) folded before Flop
Seat 9: bucerias16 (big blind) folded on the Flop



PokerStars Hand #237545162534:  Hold'em No Limit ($0.02/$0.05 USD) - 2022/07/23 16:57:39 PT [2022/07/23 19:57:39 ET]
Table 'Vindobona' 9-max Seat #8 is the button
Seat 1: matugarcia04 ($5.76 in chips) 
Seat 2: Coyote1895 ($11.97 in chips) 
Seat 3: Maria1995587 ($11.36 in chips) 
Seat 4: panKastus ($5.14 in chips) 
Seat 5: FACCHETADE$ ($4.53 in chips) 
Seat 6: AGVsmarT ($4.31 in chips) 
Seat 7: Dorex2007 ($5.94 in chips) 
Seat 8: lauraman ($8.29 in chips) 
Seat 9: bucerias16 ($10.27 in chips) 
bucerias16: posts small blind $0.02
matugarcia04: posts big blind $0.05
*** HOLE CARDS ***
Dealt to Dorex2007 [Ah 9h]
Coyote1895: folds 
Maria1995587: folds 
panKastus: folds 
FACCHETADE$: folds 
AGVsmarT: raises $0.10 to $0.15
Dorex2007: calls $0.15
lauraman: folds 
bucerias16: folds 
matugarcia04: folds 
*** FLOP *** [Ks 4s Ts]
AGVsmarT: bets $0.15
Dorex2007: folds 
Uncalled bet ($0.15) returned to AGVsmarT
AGVsmarT collected $0.35 from pot
*** SUMMARY ***
Total pot $0.37 | Rake $0.02 
Board [Ks 4s Ts]
Seat 1: matugarcia04 (big blind) folded before Flop
Seat 2: Coyote1895 folded before Flop (didn't bet)
Seat 3: Maria1995587 folded before Flop (didn't bet)
Seat 4: panKastus folded before Flop (didn't bet)
Seat 5: FACCHETADE$ folded before Flop (didn't bet)
Seat 6: AGVsmarT collected ($0.35)
Seat 7: Dorex2007 folded on the Flop
Seat 8: lauraman (button) folded before Flop (didn't bet)
Seat 9: bucerias16 (small blind) folded before Flop



PokerStars Hand #237545168044:  Hold'em No Limit ($0.02/$0.05 USD) - 2022/07/23 16:58:06 PT [2022/07/23 19:58:06 ET]
Table 'Vindobona' 9-max Seat #9 is the button
Seat 1: matugarcia04 ($5.71 in chips) 
Seat 2: Coyote1895 ($11.97 in chips) 
Seat 3: Maria1995587 ($11.36 in chips) 
Seat 4: panKastus ($5.14 in chips) 
Seat 5: FACCHETADE$ ($4.53 in chips) 
Seat 6: AGVsmarT ($4.51 in chips) 
Seat 7: Dorex2007 ($5.79 in chips) 
Seat 8: lauraman ($8.29 in chips) 
Seat 9: bucerias16 ($10.25 in chips) 
matugarcia04: posts small blind $0.02
Coyote1895: posts big blind $0.05
*** HOLE CARDS ***
Dealt to Dorex2007 [Th Kc]
Maria1995587: folds 
panKastus: folds 
FACCHETADE$: folds 
AGVsmarT: calls $0.05
Dorex2007: folds 
lauraman: folds 
bucerias16 has timed out
bucerias16: folds 
matugarcia04: raises $0.15 to $0.20
Coyote1895: calls $0.15
AGVsmarT: folds 
*** FLOP *** [5s 8c 4d]
matugarcia04: checks 
Coyote1895: bets $0.29
matugarcia04: folds 
Uncalled bet ($0.29) returned to Coyote1895
Coyote1895 collected $0.43 from pot
*** SUMMARY ***
Total pot $0.45 | Rake $0.02 
Board [5s 8c 4d]
Seat 1: matugarcia04 (small blind) folded on the Flop
Seat 2: Coyote1895 (big blind) collected ($0.43)
Seat 3: Maria1995587 folded before Flop (didn't bet)
Seat 4: panKastus folded before Flop (didn't bet)
Seat 5: FACCHETADE$ folded before Flop (didn't bet)
Seat 6: AGVsmarT folded before Flop
Seat 7: Dorex2007 folded before Flop (didn't bet)
Seat 8: lauraman folded before Flop (didn't bet)
Seat 9: bucerias16 (button) folded before Flop (didn't bet)



PokerStars Hand #237545177299:  Hold'em No Limit ($0.02/$0.05 USD) - 2022/07/23 16:58:52 PT [2022/07/23 19:58:52 ET]
Table 'Vindobona' 9-max Seat #1 is the button
Seat 1: matugarcia04 ($5.51 in chips) 
Seat 2: Coyote1895 ($12.20 in chips) 
Seat 3: Maria1995587 ($11.36 in chips) 
Seat 4: panKastus ($5.14 in chips) 
Seat 5: FACCHETADE$ ($4.53 in chips) 
Seat 6: AGVsmarT ($4.46 in chips) 
Seat 7: Dorex2007 ($5.79 in chips) 
Seat 8: lauraman ($8.29 in chips) 
Seat 9: bucerias16 ($10.25 in chips) 
Coyote1895: posts small blind $0.02
Maria1995587: posts big blind $0.05
*** HOLE CARDS ***
Dealt to Dorex2007 [4c Tc]
panKastus: folds 
FACCHETADE$: folds 
AGVsmarT: folds 
Dorex2007: folds 
lauraman: folds 
bucerias16: raises $0.10 to $0.15
matugarcia04: folds 
Coyote1895: folds 
Maria1995587: folds 
Uncalled bet ($0.10) returned to bucerias16
bucerias16 collected $0.12 from pot
*** SUMMARY ***
Total pot $0.12 | Rake $0 
Seat 1: matugarcia04 (button) folded before Flop (didn't bet)
Seat 2: Coyote1895 (small blind) folded before Flop
Seat 3: Maria1995587 (big blind) folded before Flop
Seat 4: panKastus folded before Flop (didn't bet)
Seat 5: FACCHETADE$ folded before Flop (didn't bet)
Seat 6: AGVsmarT folded before Flop (didn't bet)
Seat 7: Dorex2007 folded before Flop (didn't bet)
Seat 8: lauraman folded before Flop (didn't bet)
Seat 9: bucerias16 collected ($0.12)



PokerStars Hand #237545180678:  Hold'em No Limit ($0.02/$0.05 USD) - 2022/07/23 16:59:09 PT [2022/07/23 19:59:09 ET]
Table 'Vindobona' 9-max Seat #2 is the button
Seat 1: matugarcia04 ($5.51 in chips) 
Seat 2: Coyote1895 ($12.18 in chips) 
Seat 3: Maria1995587 ($11.31 in chips) 
Seat 4: panKastus ($5.14 in chips) 
Seat 5: FACCHETADE$ ($4.53 in chips) 
Seat 6: AGVsmarT ($4.46 in chips) 
Seat 7: Dorex2007 ($5.79 in chips) 
Seat 8: lauraman ($8.29 in chips) 
Seat 9: bucerias16 ($10.32 in chips) 
Maria1995587: posts small blind $0.02
panKastus: posts big blind $0.05
*** HOLE CARDS ***
Dealt to Dorex2007 [Kd Js]
FACCHETADE$: folds 
AGVsmarT: folds 
Dorex2007: folds 
lauraman: folds 
bucerias16: folds 
matugarcia04: raises $0.10 to $0.15
Coyote1895: calls $0.15
Maria1995587: folds 
panKastus: folds 
*** FLOP *** [Ts 6d 8d]
matugarcia04: bets $0.20
Coyote1895: folds 
Uncalled bet ($0.20) returned to matugarcia04
matugarcia04 collected $0.35 from pot
*** SUMMARY ***
Total pot $0.37 | Rake $0.02 
Board [Ts 6d 8d]
Seat 1: matugarcia04 collected ($0.35)
Seat 2: Coyote1895 (button) folded on the Flop
Seat 3: Maria1995587 (small blind) folded before Flop
Seat 4: panKastus (big blind) folded before Flop
Seat 5: FACCHETADE$ folded before Flop (didn't bet)
Seat 6: AGVsmarT folded before Flop (didn't bet)
Seat 7: Dorex2007 folded before Flop (didn't bet)
Seat 8: lauraman folded before Flop (didn't bet)
Seat 9: bucerias16 folded before Flop (didn't bet)



PokerStars Hand #237545188359:  Hold'em No Limit ($0.02/$0.05 USD) - 2022/07/23 16:59:47 PT [2022/07/23 19:59:47 ET]
Table 'Vindobona' 9-max Seat #3 is the button
Seat 1: matugarcia04 ($5.71 in chips) 
Seat 2: Coyote1895 ($12.03 in chips) 
Seat 3: Maria1995587 ($11.29 in chips) 
Seat 4: panKastus ($5.09 in chips) 
Seat 5: FACCHETADE$ ($4.53 in chips) 
Seat 6: AGVsmarT ($4.46 in chips) 
Seat 7: Dorex2007 ($5.79 in chips) 
Seat 8: lauraman ($8.29 in chips) 
Seat 9: bucerias16 ($10.32 in chips) 
panKastus: posts small blind $0.02
FACCHETADE$: posts big blind $0.05
*** HOLE CARDS ***
Dealt to Dorex2007 [Jh Js]
AGVsmarT: folds 
Dorex2007: raises $0.20 to $0.25
lauraman: raises $0.35 to $0.60
bucerias16: folds 
matugarcia04: folds 
Coyote1895: folds 
Maria1995587: folds 
panKastus: folds 
FACCHETADE$: folds 
Dorex2007: folds 
Uncalled bet ($0.35) returned to lauraman
lauraman collected $0.57 from pot
*** SUMMARY ***
Total pot $0.57 | Rake $0 
Seat 1: matugarcia04 folded before Flop (didn't bet)
Seat 2: Coyote1895 folded before Flop (didn't bet)
Seat 3: Maria1995587 (button) folded before Flop (didn't bet)
Seat 4: panKastus (small blind) folded before Flop
Seat 5: FACCHETADE$ (big blind) folded before Flop
Seat 6: AGVsmarT folded before Flop (didn't bet)
Seat 7: Dorex2007 folded before Flop
Seat 8: lauraman collected ($0.57)
Seat 9: bucerias16 folded before Flop (didn't bet)



PokerStars Hand #237545197073:  Hold'em No Limit ($0.02/$0.05 USD) - 2022/07/23 17:00:29 PT [2022/07/23 20:00:29 ET]
Table 'Vindobona' 9-max Seat #4 is the button
Seat 1: matugarcia04 ($5.71 in chips) 
Seat 2: Coyote1895 ($12.03 in chips) 
Seat 3: Maria1995587 ($11.29 in chips) 
Seat 4: panKastus ($5.07 in chips) 
Seat 5: FACCHETADE$ ($4.48 in chips) 
Seat 6: AGVsmarT ($4.46 in chips) 
Seat 7: Dorex2007 ($5.54 in chips) 
Seat 8: lauraman ($8.61 in chips) 
Seat 9: bucerias16 ($10.32 in chips) 
FACCHETADE$: posts small blind $0.02
AGVsmarT: posts big blind $0.05
*** HOLE CARDS ***
Dealt to Dorex2007 [8d 5d]
Dorex2007: folds 
lauraman: folds 
bucerias16: folds 
matugarcia04: folds 
lauraman leaves the table
Coyote1895: raises $0.10 to $0.15
Maria1995587: folds 
panKastus: folds 
FACCHETADE$: folds 
AGVsmarT: calls $0.10
*** FLOP *** [Jc 5h 5s]
AGVsmarT: checks 
Coyote1895: bets $0.21
AGVsmarT: calls $0.21
*** TURN *** [Jc 5h 5s] [8h]
AGVsmarT: checks 
Coyote1895: checks 
*** RIVER *** [Jc 5h 5s 8h] [6d]
AGVsmarT: bets $0.45
Coyote1895: calls $0.45
*** SHOW DOWN ***
AGVsmarT: shows [Jh Qs] (two pair, Jacks and Fives)
Coyote1895: mucks hand 
AGVsmarT collected $1.57 from pot
*** SUMMARY ***
Total pot $1.64 | Rake $0.07 
Board [Jc 5h 5s 8h 6d]
Seat 1: matugarcia04 folded before Flop (didn't bet)
Seat 2: Coyote1895 mucked [Kc As]
Seat 3: Maria1995587 folded before Flop (didn't bet)
Seat 4: panKastus (button) folded before Flop (didn't bet)
Seat 5: FACCHETADE$ (small blind) folded before Flop
Seat 6: AGVsmarT (big blind) showed [Jh Qs] and won ($1.57) with two pair, Jacks and Fives
Seat 7: Dorex2007 folded before Flop (didn't bet)
Seat 8: lauraman folded before Flop (didn't bet)
Seat 9: bucerias16 folded before Flop (didn't bet)



PokerStars Hand #237545203902:  Hold'em No Limit ($0.02/$0.05 USD) - 2022/07/23 17:01:01 PT [2022/07/23 20:01:01 ET]
Table 'Vindobona' 9-max Seat #5 is the button
Seat 1: matugarcia04 ($5.71 in chips) 
Seat 2: Coyote1895 ($11.22 in chips) 
Seat 3: Maria1995587 ($11.29 in chips) 
Seat 4: panKastus ($5.07 in chips) 
Seat 5: FACCHETADE$ ($4.46 in chips) 
Seat 6: AGVsmarT ($5.22 in chips) 
Seat 7: Dorex2007 ($5.54 in chips) 
Seat 9: bucerias16 ($10.32 in chips) 
AGVsmarT: posts small blind $0.02
Dorex2007: posts big blind $0.05
*** HOLE CARDS ***
Dealt to Dorex2007 [Td Tc]
bucerias16: folds 
rodrigorenato joins the table at seat #8 
matugarcia04: folds 
Coyote1895: folds 
Maria1995587: folds 
panKastus: folds 
FACCHETADE$: folds 
AGVsmarT: folds 
Uncalled bet ($0.03) returned to Dorex2007
Dorex2007 collected $0.04 from pot
*** SUMMARY ***
Total pot $0.04 | Rake $0 
Seat 1: matugarcia04 folded before Flop (didn't bet)
Seat 2: Coyote1895 folded before Flop (didn't bet)
Seat 3: Maria1995587 folded before Flop (didn't bet)
Seat 4: panKastus folded before Flop (didn't bet)
Seat 5: FACCHETADE$ (button) folded before Flop (didn't bet)
Seat 6: AGVsmarT (small blind) folded before Flop
Seat 7: Dorex2007 (big blind) collected ($0.04)
Seat 9: bucerias16 folded before Flop (didn't bet)



PokerStars Hand #237545207950:  Hold'em No Limit ($0.02/$0.05 USD) - 2022/07/23 17:01:19 PT [2022/07/23 20:01:19 ET]
Table 'Vindobona' 9-max Seat #6 is the button
Seat 1: matugarcia04 ($5.71 in chips) 
Seat 2: Coyote1895 ($11.22 in chips) 
Seat 3: Maria1995587 ($11.29 in chips) 
Seat 4: panKastus ($5.07 in chips) 
Seat 5: FACCHETADE$ ($4.46 in chips) 
Seat 6: AGVsmarT ($5.20 in chips) 
Seat 7: Dorex2007 ($5.56 in chips) 
Seat 8: rodrigorenato ($4 in chips) 
Seat 9: bucerias16 ($10.32 in chips) 
Dorex2007: posts small blind $0.02
rodrigorenato: posts big blind $0.05
*** HOLE CARDS ***
Dealt to Dorex2007 [4c 6s]
bucerias16: folds 
matugarcia04: folds 
Coyote1895: folds 
Maria1995587: folds 
panKastus: folds 
FACCHETADE$: folds 
AGVsmarT: raises $0.12 to $0.17
Dorex2007: folds 
rodrigorenato: calls $0.12
*** FLOP *** [Ts 4s 5d]
rodrigorenato: bets $0.45
AGVsmarT: folds 
Uncalled bet ($0.45) returned to rodrigorenato
rodrigorenato collected $0.35 from pot
*** SUMMARY ***
Total pot $0.36 | Rake $0.01 
Board [Ts 4s 5d]
Seat 1: matugarcia04 folded before Flop (didn't bet)
Seat 2: Coyote1895 folded before Flop (didn't bet)
Seat 3: Maria1995587 folded before Flop (didn't bet)
Seat 4: panKastus folded before Flop (didn't bet)
Seat 5: FACCHETADE$ folded before Flop (didn't bet)
Seat 6: AGVsmarT (button) folded on the Flop
Seat 7: Dorex2007 (small blind) folded before Flop
Seat 8: rodrigorenato (big blind) collected ($0.35)
Seat 9: bucerias16 folded before Flop (didn't bet)



PokerStars Hand #237545216740:  Hold'em No Limit ($0.02/$0.05 USD) - 2022/07/23 17:01:57 PT [2022/07/23 20:01:57 ET]
Table 'Vindobona' 9-max Seat #7 is the button
Seat 1: matugarcia04 ($5.71 in chips) 
Seat 2: Coyote1895 ($11.22 in chips) 
Seat 3: Maria1995587 ($11.29 in chips) 
Seat 4: panKastus ($5.07 in chips) 
Seat 5: FACCHETADE$ ($4.46 in chips) 
Seat 6: AGVsmarT ($5.03 in chips) 
Seat 7: Dorex2007 ($5.54 in chips) 
Seat 8: rodrigorenato ($4.18 in chips) 
Seat 9: bucerias16 ($10.32 in chips) 
rodrigorenato: posts small blind $0.02
bucerias16: posts big blind $0.05
*** HOLE CARDS ***
Dealt to Dorex2007 [7s Qd]
matugarcia04: folds 
Coyote1895: folds 
Maria1995587: raises $0.10 to $0.15
panKastus: folds 
FACCHETADE$: folds 
AGVsmarT: folds 
Dorex2007: folds 
rodrigorenato: calls $0.13
bucerias16: folds 
*** FLOP *** [Js Jc 7d]
rodrigorenato: bets $1
Maria1995587: folds 
Uncalled bet ($1) returned to rodrigorenato
rodrigorenato collected $0.34 from pot
*** SUMMARY ***
Total pot $0.35 | Rake $0.01 
Board [Js Jc 7d]
Seat 1: matugarcia04 folded before Flop (didn't bet)
Seat 2: Coyote1895 folded before Flop (didn't bet)
Seat 3: Maria1995587 folded on the Flop
Seat 4: panKastus folded before Flop (didn't bet)
Seat 5: FACCHETADE$ folded before Flop (didn't bet)
Seat 6: AGVsmarT folded before Flop (didn't bet)
Seat 7: Dorex2007 (button) folded before Flop (didn't bet)
Seat 8: rodrigorenato (small blind) collected ($0.34)
Seat 9: bucerias16 (big blind) folded before Flop



PokerStars Hand #237545227927:  Hold'em No Limit ($0.02/$0.05 USD) - 2022/07/23 17:02:45 PT [2022/07/23 20:02:45 ET]
Table 'Vindobona' 9-max Seat #8 is the button
Seat 1: matugarcia04 ($5.71 in chips) 
Seat 2: Coyote1895 ($11.22 in chips) 
Seat 3: Maria1995587 ($11.14 in chips) 
Seat 4: panKastus ($5.07 in chips) 
Seat 5: FACCHETADE$ ($4.46 in chips) 
Seat 6: AGVsmarT ($5.03 in chips) 
Seat 7: Dorex2007 ($5.54 in chips) 
Seat 8: rodrigorenato ($4.37 in chips) 
Seat 9: bucerias16 ($10.27 in chips) 
bucerias16: posts small blind $0.02
matugarcia04: posts big blind $0.05
*** HOLE CARDS ***
Dealt to Dorex2007 [6d Qd]
Coyote1895: folds 
Maria1995587: calls $0.05
panKastus: calls $0.05
FACCHETADE$: folds 
AGVsmarT: folds 
Dorex2007: folds 
rodrigorenato: calls $0.05
bucerias16: folds 
matugarcia04: checks 
*** FLOP *** [4d Qh 3s]
matugarcia04: checks 
Maria1995587: checks 
panKastus: checks 
rodrigorenato: checks 
*** TURN *** [4d Qh 3s] [Jd]
matugarcia04: checks 
Maria1995587: checks 
panKastus: bets $0.12
rodrigorenato: calls $0.12
matugarcia04: folds 
Maria1995587: calls $0.12
*** RIVER *** [4d Qh 3s Jd] [Th]
Maria1995587: checks 
panKastus: checks 
rodrigorenato: checks 
*** SHOW DOWN ***
Maria1995587: shows [9h Td] (a pair of Tens)
panKastus: mucks hand 
rodrigorenato: mucks hand 
Maria1995587 collected $0.56 from pot
*** SUMMARY ***
Total pot $0.58 | Rake $0.02 
Board [4d Qh 3s Jd Th]
Seat 1: matugarcia04 (big blind) folded on the Turn
Seat 2: Coyote1895 folded before Flop (didn't bet)
Seat 3: Maria1995587 showed [9h Td] and won ($0.56) with a pair of Tens
Seat 4: panKastus mucked [9d Ad]
Seat 5: FACCHETADE$ folded before Flop (didn't bet)
Seat 6: AGVsmarT folded before Flop (didn't bet)
Seat 7: Dorex2007 folded before Flop (didn't bet)
Seat 8: rodrigorenato (button) mucked [6s 4s]
Seat 9: bucerias16 (small blind) folded before Flop



PokerStars Hand #237545243114:  Hold'em No Limit ($0.02/$0.05 USD) - 2022/07/23 17:03:46 PT [2022/07/23 20:03:46 ET]
Table 'Vindobona' 9-max Seat #9 is the button
Seat 1: matugarcia04 ($5.66 in chips) 
Seat 2: Coyote1895 ($11.22 in chips) 
Seat 3: Maria1995587 ($11.53 in chips) 
Seat 4: panKastus ($4.90 in chips) 
Seat 5: FACCHETADE$ ($4.46 in chips) 
Seat 6: AGVsmarT ($5.03 in chips) 
Seat 7: Dorex2007 ($5.54 in chips) 
Seat 8: rodrigorenato ($4.20 in chips) 
Seat 9: bucerias16 ($10.25 in chips) 
matugarcia04: posts small blind $0.02
Coyote1895: posts big blind $0.05
*** HOLE CARDS ***
Dealt to Dorex2007 [7h Kh]
Maria1995587: folds 
panKastus: folds 
FACCHETADE$: folds 
AGVsmarT: folds 
Dorex2007: folds 
rodrigorenato: folds 
bucerias16: raises $0.10 to $0.15
matugarcia04: folds 
Coyote1895: folds 
Uncalled bet ($0.10) returned to bucerias16
bucerias16 collected $0.12 from pot
*** SUMMARY ***
Total pot $0.12 | Rake $0 
Seat 1: matugarcia04 (small blind) folded before Flop
Seat 2: Coyote1895 (big blind) folded before Flop
Seat 3: Maria1995587 folded before Flop (didn't bet)
Seat 4: panKastus folded before Flop (didn't bet)
Seat 5: FACCHETADE$ folded before Flop (didn't bet)
Seat 6: AGVsmarT folded before Flop (didn't bet)
Seat 7: Dorex2007 folded before Flop (didn't bet)
Seat 8: rodrigorenato folded before Flop (didn't bet)
Seat 9: bucerias16 (button) collected ($0.12)



PokerStars Hand #237545248682:  Hold'em No Limit ($0.02/$0.05 USD) - 2022/07/23 17:04:10 PT [2022/07/23 20:04:10 ET]
Table 'Vindobona' 9-max Seat #1 is the button
Seat 1: matugarcia04 ($5.64 in chips) 
Seat 2: Coyote1895 ($11.17 in chips) 
Seat 3: Maria1995587 ($11.53 in chips) 
Seat 4: panKastus ($4.90 in chips) 
Seat 5: FACCHETADE$ ($4.46 in chips) 
Seat 6: AGVsmarT ($5.03 in chips) 
Seat 7: Dorex2007 ($5.54 in chips) 
Seat 8: rodrigorenato ($4.20 in chips) 
Seat 9: bucerias16 ($10.32 in chips) 
Coyote1895: posts small blind $0.02
Maria1995587: posts big blind $0.05
*** HOLE CARDS ***
Dealt to Dorex2007 [8c Kh]
panKastus: folds 
FACCHETADE$: folds 
AGVsmarT: folds 
Dorex2007: folds 
rodrigorenato: calls $0.05
bucerias16: calls $0.05
matugarcia04: calls $0.05
Coyote1895: raises $0.25 to $0.30
Maria1995587: folds 
rodrigorenato: calls $0.25
bucerias16: folds 
matugarcia04: folds 
*** FLOP *** [8d 9d 4d]
Coyote1895: bets $0.48
rodrigorenato: folds 
Uncalled bet ($0.48) returned to Coyote1895
Coyote1895 collected $0.72 from pot
*** SUMMARY ***
Total pot $0.75 | Rake $0.03 
Board [8d 9d 4d]
Seat 1: matugarcia04 (button) folded before Flop
Seat 2: Coyote1895 (small blind) collected ($0.72)
Seat 3: Maria1995587 (big blind) folded before Flop
Seat 4: panKastus folded before Flop (didn't bet)
Seat 5: FACCHETADE$ folded before Flop (didn't bet)
Seat 6: AGVsmarT folded before Flop (didn't bet)
Seat 7: Dorex2007 folded before Flop (didn't bet)
Seat 8: rodrigorenato folded on the Flop
Seat 9: bucerias16 folded before Flop



PokerStars Hand #237545258134:  Hold'em No Limit ($0.02/$0.05 USD) - 2022/07/23 17:04:50 PT [2022/07/23 20:04:50 ET]
Table 'Vindobona' 9-max Seat #2 is the button
Seat 1: matugarcia04 ($5.59 in chips) 
Seat 2: Coyote1895 ($11.59 in chips) 
Seat 3: Maria1995587 ($11.48 in chips) 
Seat 4: panKastus ($4.90 in chips) 
Seat 5: FACCHETADE$ ($4.46 in chips) 
Seat 6: AGVsmarT ($5.03 in chips) 
Seat 7: Dorex2007 ($5.54 in chips) 
Seat 8: rodrigorenato ($3.90 in chips) 
Seat 9: bucerias16 ($10.27 in chips) 
Maria1995587: posts small blind $0.02
panKastus: posts big blind $0.05
*** HOLE CARDS ***
Dealt to Dorex2007 [6h 3s]
FACCHETADE$: raises $0.05 to $0.10
AGVsmarT: calls $0.10
Dorex2007: folds 
rodrigorenato: calls $0.10
bucerias16: folds 
matugarcia04: folds 
Coyote1895: folds 
Maria1995587: calls $0.08
panKastus: folds 
*** FLOP *** [7d 8c Kd]
Maria1995587: checks 
FACCHETADE$: checks 
AGVsmarT: bets $0.20
rodrigorenato: calls $0.20
Maria1995587: folds 
FACCHETADE$: folds 
*** TURN *** [7d 8c Kd] [8h]
AGVsmarT: bets $0.20
rodrigorenato: raises $0.90 to $1.10
AGVsmarT: folds 
Uncalled bet ($0.90) returned to rodrigorenato
rodrigorenato collected $1.20 from pot
*** SUMMARY ***
Total pot $1.25 | Rake $0.05 
Board [7d 8c Kd 8h]
Seat 1: matugarcia04 folded before Flop (didn't bet)
Seat 2: Coyote1895 (button) folded before Flop (didn't bet)
Seat 3: Maria1995587 (small blind) folded on the Flop
Seat 4: panKastus (big blind) folded before Flop
Seat 5: FACCHETADE$ folded on the Flop
Seat 6: AGVsmarT folded on the Turn
Seat 7: Dorex2007 folded before Flop (didn't bet)
Seat 8: rodrigorenato collected ($1.20)
Seat 9: bucerias16 folded before Flop (didn't bet)



PokerStars Hand #237545277456:  Hold'em No Limit ($0.02/$0.05 USD) - 2022/07/23 17:06:13 PT [2022/07/23 20:06:13 ET]
Table 'Vindobona' 9-max Seat #3 is the button
Seat 1: matugarcia04 ($5.59 in chips) 
Seat 2: Coyote1895 ($11.59 in chips) 
Seat 3: Maria1995587 ($11.38 in chips) 
Seat 4: panKastus ($4.85 in chips) 
Seat 5: FACCHETADE$ ($4.36 in chips) 
Seat 6: AGVsmarT ($4.53 in chips) 
Seat 7: Dorex2007 ($5.54 in chips) 
Seat 8: rodrigorenato ($4.60 in chips) 
Seat 9: bucerias16 ($10.27 in chips) 
panKastus: posts small blind $0.02
FACCHETADE$: posts big blind $0.05
*** HOLE CARDS ***
Dealt to Dorex2007 [As Th]
AGVsmarT: folds 
Dorex2007: folds 
rodrigorenato: calls $0.05
bucerias16: folds 
matugarcia04: folds 
Coyote1895: folds 
Maria1995587: folds 
panKastus: folds 
FACCHETADE$: checks 
*** FLOP *** [7s Ks 9s]
FACCHETADE$: checks 
rodrigorenato: bets $0.05
FACCHETADE$: calls $0.05
*** TURN *** [7s Ks 9s] [Kh]
FACCHETADE$: checks 
rodrigorenato: bets $0.35
FACCHETADE$: folds 
Uncalled bet ($0.35) returned to rodrigorenato
rodrigorenato collected $0.21 from pot
*** SUMMARY ***
Total pot $0.22 | Rake $0.01 
Board [7s Ks 9s Kh]
Seat 1: matugarcia04 folded before Flop (didn't bet)
Seat 2: Coyote1895 folded before Flop (didn't bet)
Seat 3: Maria1995587 (button) folded before Flop (didn't bet)
Seat 4: panKastus (small blind) folded before Flop
Seat 5: FACCHETADE$ (big blind) folded on the Turn
Seat 6: AGVsmarT folded before Flop (didn't bet)
Seat 7: Dorex2007 folded before Flop (didn't bet)
Seat 8: rodrigorenato collected ($0.21)
Seat 9: bucerias16 folded before Flop (didn't bet)



PokerStars Hand #237545289853:  Hold'em No Limit ($0.02/$0.05 USD) - 2022/07/23 17:07:06 PT [2022/07/23 20:07:06 ET]
Table 'Vindobona' 9-max Seat #4 is the button
Seat 1: matugarcia04 ($5.59 in chips) 
Seat 2: Coyote1895 ($11.59 in chips) 
Seat 3: Maria1995587 ($11.38 in chips) 
Seat 4: panKastus ($4.83 in chips) 
Seat 5: FACCHETADE$ ($4.26 in chips) 
Seat 6: AGVsmarT ($4.53 in chips) 
Seat 7: Dorex2007 ($5.54 in chips) 
Seat 8: rodrigorenato ($4.71 in chips) 
Seat 9: bucerias16 ($10.27 in chips) 
FACCHETADE$: posts small blind $0.02
AGVsmarT: posts big blind $0.05
*** HOLE CARDS ***
Dealt to Dorex2007 [9c 6c]
Dorex2007: folds 
rodrigorenato: folds 
bucerias16: raises $0.10 to $0.15
matugarcia04: folds 
Coyote1895: folds 
Maria1995587: folds 
panKastus: folds 
FACCHETADE$: calls $0.13
AGVsmarT: folds 
*** FLOP *** [Ad 6d Qd]
FACCHETADE$: checks 
bucerias16: checks 
*** TURN *** [Ad 6d Qd] [Tc]
FACCHETADE$: bets $0.17
bucerias16: calls $0.17
*** RIVER *** [Ad 6d Qd Tc] [Jh]
FACCHETADE$: checks 
bucerias16: checks 
*** SHOW DOWN ***
FACCHETADE$: shows [Qs Jd] (two pair, Queens and Jacks)
bucerias16: shows [As Js] (two pair, Aces and Jacks)
bucerias16 collected $0.66 from pot
*** SUMMARY ***
Total pot $0.69 | Rake $0.03 
Board [Ad 6d Qd Tc Jh]
Seat 1: matugarcia04 folded before Flop (didn't bet)
Seat 2: Coyote1895 folded before Flop (didn't bet)
Seat 3: Maria1995587 folded before Flop (didn't bet)
Seat 4: panKastus (button) folded before Flop (didn't bet)
Seat 5: FACCHETADE$ (small blind) showed [Qs Jd] and lost with two pair, Queens and Jacks
Seat 6: AGVsmarT (big blind) folded before Flop
Seat 7: Dorex2007 folded before Flop (didn't bet)
Seat 8: rodrigorenato folded before Flop (didn't bet)
Seat 9: bucerias16 showed [As Js] and won ($0.66) with two pair, Aces and Jacks



PokerStars Hand #237545300684:  Hold'em No Limit ($0.02/$0.05 USD) - 2022/07/23 17:07:52 PT [2022/07/23 20:07:52 ET]
Table 'Vindobona' 9-max Seat #5 is the button
Seat 1: matugarcia04 ($5.59 in chips) 
Seat 2: Coyote1895 ($11.59 in chips) 
Seat 3: Maria1995587 ($11.38 in chips) 
Seat 4: panKastus ($4.83 in chips) 
Seat 5: FACCHETADE$ ($3.94 in chips) 
Seat 6: AGVsmarT ($4.48 in chips) 
Seat 7: Dorex2007 ($5.54 in chips) 
Seat 8: rodrigorenato ($4.71 in chips) 
Seat 9: bucerias16 ($10.61 in chips) 
AGVsmarT: posts small blind $0.02
Dorex2007: posts big blind $0.05
*** HOLE CARDS ***
Dealt to Dorex2007 [Ts 2c]
rodrigorenato: calls $0.05
bucerias16: folds 
matugarcia04: folds 
Coyote1895: folds 
Maria1995587: calls $0.05
panKastus: folds 
FACCHETADE$: folds 
AGVsmarT: calls $0.03
Dorex2007: checks 
*** FLOP *** [2s 2h 8d]
AGVsmarT: bets $0.10
Dorex2007: calls $0.10
rodrigorenato: calls $0.10
Maria1995587: folds 
*** TURN *** [2s 2h 8d] [Qh]
AGVsmarT: bets $0.10
Dorex2007: raises $0.35 to $0.45
rodrigorenato: calls $0.45
AGVsmarT: folds 
*** RIVER *** [2s 2h 8d Qh] [5d]
Dorex2007: bets $4.94 and is all-in
rodrigorenato: folds 
Uncalled bet ($4.94) returned to Dorex2007
Dorex2007 collected $1.44 from pot
*** SUMMARY ***
Total pot $1.50 | Rake $0.06 
Board [2s 2h 8d Qh 5d]
Seat 1: matugarcia04 folded before Flop (didn't bet)
Seat 2: Coyote1895 folded before Flop (didn't bet)
Seat 3: Maria1995587 folded on the Flop
Seat 4: panKastus folded before Flop (didn't bet)
Seat 5: FACCHETADE$ (button) folded before Flop (didn't bet)
Seat 6: AGVsmarT (small blind) folded on the Turn
Seat 7: Dorex2007 (big blind) collected ($1.44)
Seat 8: rodrigorenato folded on the River
Seat 9: bucerias16 folded before Flop (didn't bet)



PokerStars Hand #237545330780:  Hold'em No Limit ($0.02/$0.05 USD) - 2022/07/23 17:09:35 PT [2022/07/23 20:09:35 ET]
Table 'Vindobona' 9-max Seat #6 is the button
Seat 1: matugarcia04 ($5.59 in chips) 
Seat 2: Coyote1895 ($11.59 in chips) 
Seat 3: Maria1995587 ($11.33 in chips) 
Seat 4: panKastus ($4.83 in chips) 
Seat 5: FACCHETADE$ ($3.94 in chips) 
Seat 6: AGVsmarT ($4.23 in chips) 
Seat 7: Dorex2007 ($6.38 in chips) 
Seat 8: rodrigorenato ($4.11 in chips) 
Seat 9: bucerias16 ($10.61 in chips) 
Dorex2007: posts small blind $0.02
rodrigorenato: posts big blind $0.05
*** HOLE CARDS ***
Dealt to Dorex2007 [3s 8d]
bucerias16: folds 
matugarcia04: raises $0.10 to $0.15
Coyote1895: folds 
Maria1995587: calls $0.15
panKastus: folds 
FACCHETADE$: calls $0.15
AGVsmarT: folds 
Dorex2007: folds 
rodrigorenato: folds 
*** FLOP *** [7d 2h 2c]
matugarcia04: checks 
Maria1995587: checks 
FACCHETADE$: checks 
*** TURN *** [7d 2h 2c] [7s]
matugarcia04: checks 
Maria1995587: checks 
FACCHETADE$: checks 
*** RIVER *** [7d 2h 2c 7s] [Th]
matugarcia04: checks 
Maria1995587: checks 
FACCHETADE$: checks 
*** SHOW DOWN ***
matugarcia04: shows [Qh Qs] (two pair, Queens and Sevens)
Maria1995587: mucks hand 
FACCHETADE$: mucks hand 
matugarcia04 collected $0.50 from pot
*** SUMMARY ***
Total pot $0.52 | Rake $0.02 
Board [7d 2h 2c 7s Th]
Seat 1: matugarcia04 showed [Qh Qs] and won ($0.50) with two pair, Queens and Sevens
Seat 2: Coyote1895 folded before Flop (didn't bet)
Seat 3: Maria1995587 mucked [Kh Jc]
Seat 4: panKastus folded before Flop (didn't bet)
Seat 5: FACCHETADE$ mucked [Jh Ks]
Seat 6: AGVsmarT (button) folded before Flop (didn't bet)
Seat 7: Dorex2007 (small blind) folded before Flop
Seat 8: rodrigorenato (big blind) folded before Flop
Seat 9: bucerias16 folded before Flop (didn't bet)



PokerStars Hand #237545344964:  Hold'em No Limit ($0.02/$0.05 USD) - 2022/07/23 17:10:36 PT [2022/07/23 20:10:36 ET]
Table 'Vindobona' 9-max Seat #7 is the button
Seat 1: matugarcia04 ($5.94 in chips) 
Seat 2: Coyote1895 ($11.59 in chips) 
Seat 3: Maria1995587 ($11.18 in chips) 
Seat 4: panKastus ($4.83 in chips) 
Seat 5: FACCHETADE$ ($3.79 in chips) 
Seat 6: AGVsmarT ($4.23 in chips) 
Seat 7: Dorex2007 ($6.36 in chips) 
Seat 8: rodrigorenato ($4.06 in chips) 
Seat 9: bucerias16 ($10.61 in chips) 
rodrigorenato: posts small blind $0.02
bucerias16: posts big blind $0.05
*** HOLE CARDS ***
Dealt to Dorex2007 [Js Kd]
matugarcia04: folds 
Coyote1895: folds 
Maria1995587: folds 
panKastus: raises $0.15 to $0.20
FACCHETADE$: folds 
AGVsmarT: folds 
Dorex2007: folds 
rodrigorenato: calls $0.18
bucerias16: folds 
*** FLOP *** [Qc Tc 2s]
rodrigorenato: bets $1.35
panKastus: folds 
Uncalled bet ($1.35) returned to rodrigorenato
rodrigorenato collected $0.43 from pot
*** SUMMARY ***
Total pot $0.45 | Rake $0.02 
Board [Qc Tc 2s]
Seat 1: matugarcia04 folded before Flop (didn't bet)
Seat 2: Coyote1895 folded before Flop (didn't bet)
Seat 3: Maria1995587 folded before Flop (didn't bet)
Seat 4: panKastus folded on the Flop
Seat 5: FACCHETADE$ folded before Flop (didn't bet)
Seat 6: AGVsmarT folded before Flop (didn't bet)
Seat 7: Dorex2007 (button) folded before Flop (didn't bet)
Seat 8: rodrigorenato (small blind) collected ($0.43)
Seat 9: bucerias16 (big blind) folded before Flop



PokerStars Hand #237545356541:  Hold'em No Limit ($0.02/$0.05 USD) - 2022/07/23 17:11:17 PT [2022/07/23 20:11:17 ET]
Table 'Vindobona' 9-max Seat #8 is the button
Seat 1: matugarcia04 ($5.94 in chips) 
Seat 2: Coyote1895 ($11.59 in chips) 
Seat 3: Maria1995587 ($11.18 in chips) 
Seat 4: panKastus ($4.63 in chips) 
Seat 5: FACCHETADE$ ($3.79 in chips) 
Seat 6: AGVsmarT ($4.23 in chips) 
Seat 7: Dorex2007 ($6.36 in chips) 
Seat 8: rodrigorenato ($4.29 in chips) 
Seat 9: bucerias16 ($10.56 in chips) 
bucerias16: posts small blind $0.02
matugarcia04: posts big blind $0.05
*** HOLE CARDS ***
Dealt to Dorex2007 [5d 4h]
Coyote1895: folds 
Maria1995587: calls $0.05
panKastus: folds 
FACCHETADE$: raises $0.20 to $0.25
AGVsmarT: folds 
Dorex2007: folds 
rodrigorenato: folds 
bucerias16: folds 
matugarcia04: folds 
Maria1995587: folds 
Uncalled bet ($0.20) returned to FACCHETADE$
FACCHETADE$ collected $0.17 from pot
*** SUMMARY ***
Total pot $0.17 | Rake $0 
Seat 1: matugarcia04 (big blind) folded before Flop
Seat 2: Coyote1895 folded before Flop (didn't bet)
Seat 3: Maria1995587 folded before Flop
Seat 4: panKastus folded before Flop (didn't bet)
Seat 5: FACCHETADE$ collected ($0.17)
Seat 6: AGVsmarT folded before Flop (didn't bet)
Seat 7: Dorex2007 folded before Flop (didn't bet)
Seat 8: rodrigorenato (button) folded before Flop (didn't bet)
Seat 9: bucerias16 (small blind) folded before Flop



PokerStars Hand #237545362433:  Hold'em No Limit ($0.02/$0.05 USD) - 2022/07/23 17:11:43 PT [2022/07/23 20:11:43 ET]
Table 'Vindobona' 9-max Seat #9 is the button
Seat 1: matugarcia04 ($5.89 in chips) 
Seat 2: Coyote1895 ($11.59 in chips) 
Seat 3: Maria1995587 ($11.13 in chips) 
Seat 4: panKastus ($4.63 in chips) 
Seat 5: FACCHETADE$ ($3.91 in chips) 
Seat 6: AGVsmarT ($4.23 in chips) 
Seat 7: Dorex2007 ($6.36 in chips) 
Seat 8: rodrigorenato ($4.29 in chips) 
Seat 9: bucerias16 ($10.54 in chips) 
matugarcia04: posts small blind $0.02
Coyote1895: posts big blind $0.05
*** HOLE CARDS ***
Dealt to Dorex2007 [Td 7h]
Maria1995587: calls $0.05
panKastus: folds 
FACCHETADE$: folds 
AGVsmarT: folds 
Dorex2007: folds 
rodrigorenato: folds 
bucerias16: folds 
matugarcia04: calls $0.03
Coyote1895: checks 
*** FLOP *** [Ad Ts 3c]
matugarcia04: checks 
Coyote1895: checks 
Maria1995587: bets $0.10
matugarcia04: folds 
Coyote1895: calls $0.10
*** TURN *** [Ad Ts 3c] [8h]
Coyote1895: bets $0.34
Maria1995587: calls $0.34
*** RIVER *** [Ad Ts 3c 8h] [8c]
Coyote1895: bets $0.66
Maria1995587: folds 
Uncalled bet ($0.66) returned to Coyote1895
Coyote1895 collected $0.99 from pot
*** SUMMARY ***
Total pot $1.03 | Rake $0.04 
Board [Ad Ts 3c 8h 8c]
Seat 1: matugarcia04 (small blind) folded on the Flop
Seat 2: Coyote1895 (big blind) collected ($0.99)
Seat 3: Maria1995587 folded on the River
Seat 4: panKastus folded before Flop (didn't bet)
Seat 5: FACCHETADE$ folded before Flop (didn't bet)
Seat 6: AGVsmarT folded before Flop (didn't bet)
Seat 7: Dorex2007 folded before Flop (didn't bet)
Seat 8: rodrigorenato folded before Flop (didn't bet)
Seat 9: bucerias16 (button) folded before Flop (didn't bet)



PokerStars Hand #237545381041:  Hold'em No Limit ($0.02/$0.05 USD) - 2022/07/23 17:13:04 PT [2022/07/23 20:13:04 ET]
Table 'Vindobona' 9-max Seat #1 is the button
Seat 1: matugarcia04 ($5.84 in chips) 
Seat 2: Coyote1895 ($12.09 in chips) 
Seat 3: Maria1995587 ($10.64 in chips) 
Seat 4: panKastus ($4.63 in chips) 
Seat 5: FACCHETADE$ ($3.91 in chips) 
Seat 6: AGVsmarT ($4.23 in chips) 
Seat 7: Dorex2007 ($6.36 in chips) 
Seat 8: rodrigorenato ($4.29 in chips) 
Seat 9: bucerias16 ($10.54 in chips) 
Coyote1895: posts small blind $0.02
Maria1995587: posts big blind $0.05
*** HOLE CARDS ***
Dealt to Dorex2007 [2h 9s]
panKastus: folds 
FACCHETADE$: folds 
AGVsmarT: calls $0.05
Dorex2007: folds 
rodrigorenato: folds 
bucerias16: folds 
matugarcia04: raises $0.15 to $0.20
Coyote1895: folds 
Maria1995587: folds 
AGVsmarT: folds 
Uncalled bet ($0.15) returned to matugarcia04
matugarcia04 collected $0.17 from pot
*** SUMMARY ***
Total pot $0.17 | Rake $0 
Seat 1: matugarcia04 (button) collected ($0.17)
Seat 2: Coyote1895 (small blind) folded before Flop
Seat 3: Maria1995587 (big blind) folded before Flop
Seat 4: panKastus folded before Flop (didn't bet)
Seat 5: FACCHETADE$ folded before Flop (didn't bet)
Seat 6: AGVsmarT folded before Flop
Seat 7: Dorex2007 folded before Flop (didn't bet)
Seat 8: rodrigorenato folded before Flop (didn't bet)
Seat 9: bucerias16 folded before Flop (didn't bet)



PokerStars Hand #237545389731:  Hold'em No Limit ($0.02/$0.05 USD) - 2022/07/23 17:13:42 PT [2022/07/23 20:13:42 ET]
Table 'Vindobona' 9-max Seat #2 is the button
Seat 1: matugarcia04 ($5.96 in chips) 
Seat 2: Coyote1895 ($12.07 in chips) 
Seat 3: Maria1995587 ($10.59 in chips) 
Seat 4: panKastus ($4.63 in chips) 
Seat 5: FACCHETADE$ ($3.91 in chips) 
Seat 6: AGVsmarT ($4.18 in chips) 
Seat 7: Dorex2007 ($6.36 in chips) 
Seat 8: rodrigorenato ($4.29 in chips) 
Seat 9: bucerias16 ($10.54 in chips) 
Maria1995587: posts small blind $0.02
panKastus: posts big blind $0.05
*** HOLE CARDS ***
Dealt to Dorex2007 [6d Js]
FACCHETADE$: folds 
AGVsmarT: folds 
Dorex2007: folds 
rodrigorenato: folds 
bucerias16: folds 
matugarcia04: folds 
Coyote1895: folds 
Maria1995587: calls $0.03
panKastus: checks 
*** FLOP *** [Jh 3h 5h]
Maria1995587: checks 
panKastus: checks 
*** TURN *** [Jh 3h 5h] [Ac]
Maria1995587: checks 
panKastus: checks 
*** RIVER *** [Jh 3h 5h Ac] [Tc]
Maria1995587: checks 
panKastus: checks 
*** SHOW DOWN ***
Maria1995587: shows [Qh 9h] (a flush, Queen high)
panKastus: mucks hand 
Maria1995587 collected $0.10 from pot
*** SUMMARY ***
Total pot $0.10 | Rake $0 
Board [Jh 3h 5h Ac Tc]
Seat 1: matugarcia04 folded before Flop (didn't bet)
Seat 2: Coyote1895 (button) folded before Flop (didn't bet)
Seat 3: Maria1995587 (small blind) showed [Qh 9h] and won ($0.10) with a flush, Queen high
Seat 4: panKastus (big blind) mucked [8s Qs]
Seat 5: FACCHETADE$ folded before Flop (didn't bet)
Seat 6: AGVsmarT folded before Flop (didn't bet)
Seat 7: Dorex2007 folded before Flop (didn't bet)
Seat 8: rodrigorenato folded before Flop (didn't bet)
Seat 9: bucerias16 folded before Flop (didn't bet)



PokerStars Hand #237545402178:  Hold'em No Limit ($0.02/$0.05 USD) - 2022/07/23 17:14:36 PT [2022/07/23 20:14:36 ET]
Table 'Vindobona' 9-max Seat #3 is the button
Seat 1: matugarcia04 ($5.96 in chips) 
Seat 2: Coyote1895 ($12.07 in chips) 
Seat 3: Maria1995587 ($10.64 in chips) 
Seat 4: panKastus ($4.58 in chips) 
Seat 5: FACCHETADE$ ($3.91 in chips) 
Seat 6: AGVsmarT ($4.18 in chips) 
Seat 7: Dorex2007 ($6.36 in chips) 
Seat 8: rodrigorenato ($4.29 in chips) 
Seat 9: bucerias16 ($10.54 in chips) 
panKastus: posts small blind $0.02
FACCHETADE$: posts big blind $0.05
*** HOLE CARDS ***
Dealt to Dorex2007 [5d 9h]
AGVsmarT: raises $0.12 to $0.17
Dorex2007: folds 
rodrigorenato: folds 
bucerias16: calls $0.17
matugarcia04: folds 
Coyote1895: folds 
Maria1995587: folds 
panKastus: folds 
FACCHETADE$: calls $0.12
*** FLOP *** [9d 2s 7s]
FACCHETADE$: checks 
AGVsmarT: checks 
bucerias16: bets $0.25
FACCHETADE$: calls $0.25
AGVsmarT: folds 
*** TURN *** [9d 2s 7s] [6c]
FACCHETADE$: checks 
bucerias16: bets $0.49
FACCHETADE$: folds 
Uncalled bet ($0.49) returned to bucerias16
bucerias16 collected $0.99 from pot
*** SUMMARY ***
Total pot $1.03 | Rake $0.04 
Board [9d 2s 7s 6c]
Seat 1: matugarcia04 folded before Flop (didn't bet)
Seat 2: Coyote1895 folded before Flop (didn't bet)
Seat 3: Maria1995587 (button) folded before Flop (didn't bet)
Seat 4: panKastus (small blind) folded before Flop
Seat 5: FACCHETADE$ (big blind) folded on the Turn
Seat 6: AGVsmarT folded on the Flop
Seat 7: Dorex2007 folded before Flop (didn't bet)
Seat 8: rodrigorenato folded before Flop (didn't bet)
Seat 9: bucerias16 collected ($0.99)



PokerStars Hand #237545413041:  Hold'em No Limit ($0.02/$0.05 USD) - 2022/07/23 17:15:23 PT [2022/07/23 20:15:23 ET]
Table 'Vindobona' 9-max Seat #4 is the button
Seat 1: matugarcia04 ($5.96 in chips) 
Seat 2: Coyote1895 ($12.07 in chips) 
Seat 3: Maria1995587 ($10.64 in chips) 
Seat 4: panKastus ($4.56 in chips) 
Seat 5: FACCHETADE$ ($3.49 in chips) 
Seat 6: AGVsmarT ($4.01 in chips) 
Seat 7: Dorex2007 ($6.36 in chips) 
Seat 8: rodrigorenato ($4.29 in chips) 
Seat 9: bucerias16 ($11.11 in chips) 
FACCHETADE$: posts small blind $0.02
AGVsmarT: posts big blind $0.05
*** HOLE CARDS ***
Dealt to Dorex2007 [2h Kc]
Dorex2007: folds 
rodrigorenato: folds 
bucerias16: folds 
matugarcia04: folds 
Coyote1895: folds 
Maria1995587: folds 
panKastus: folds 
FACCHETADE$: calls $0.03
AGVsmarT: checks 
*** FLOP *** [7h Tc Ad]
FACCHETADE$: checks 
AGVsmarT: checks 
*** TURN *** [7h Tc Ad] [Jd]
FACCHETADE$: checks 
AGVsmarT: bets $0.05
FACCHETADE$: folds 
Uncalled bet ($0.05) returned to AGVsmarT
AGVsmarT collected $0.10 from pot
*** SUMMARY ***
Total pot $0.10 | Rake $0 
Board [7h Tc Ad Jd]
Seat 1: matugarcia04 folded before Flop (didn't bet)
Seat 2: Coyote1895 folded before Flop (didn't bet)
Seat 3: Maria1995587 folded before Flop (didn't bet)
Seat 4: panKastus (button) folded before Flop (didn't bet)
Seat 5: FACCHETADE$ (small blind) folded on the Turn
Seat 6: AGVsmarT (big blind) collected ($0.10)
Seat 7: Dorex2007 folded before Flop (didn't bet)
Seat 8: rodrigorenato folded before Flop (didn't bet)
Seat 9: bucerias16 folded before Flop (didn't bet)



PokerStars Hand #237545420858:  Hold'em No Limit ($0.02/$0.05 USD) - 2022/07/23 17:15:58 PT [2022/07/23 20:15:58 ET]
Table 'Vindobona' 9-max Seat #5 is the button
Seat 1: matugarcia04 ($5.96 in chips) 
Seat 2: Coyote1895 ($12.07 in chips) 
Seat 3: Maria1995587 ($10.64 in chips) 
Seat 4: panKastus ($4.56 in chips) 
Seat 5: FACCHETADE$ ($3.44 in chips) 
Seat 6: AGVsmarT ($4.06 in chips) 
Seat 7: Dorex2007 ($6.36 in chips) 
Seat 8: rodrigorenato ($4.29 in chips) 
Seat 9: bucerias16 ($11.11 in chips) 
AGVsmarT: posts small blind $0.02
Dorex2007: posts big blind $0.05
*** HOLE CARDS ***
Dealt to Dorex2007 [Ac Ks]
rodrigorenato: folds 
bucerias16: folds 
matugarcia04: folds 
Coyote1895: folds 
Maria1995587: calls $0.05
panKastus: calls $0.05
FACCHETADE$: calls $0.05
AGVsmarT: calls $0.03
Dorex2007: checks 
*** FLOP *** [Jh Th 5c]
AGVsmarT: checks 
Dorex2007: checks 
Maria1995587: checks 
panKastus: checks 
FACCHETADE$: bets $0.15
AGVsmarT: folds 
Dorex2007: folds 
Maria1995587: folds 
panKastus: calls $0.15
*** TURN *** [Jh Th 5c] [Kc]
panKastus: checks 
FACCHETADE$: checks 
*** RIVER *** [Jh Th 5c Kc] [8s]
panKastus: checks 
FACCHETADE$: checks 
*** SHOW DOWN ***
panKastus: shows [9s Ah] (high card Ace)
FACCHETADE$: shows [Qc Jd] (a pair of Jacks)
FACCHETADE$ collected $0.53 from pot
*** SUMMARY ***
Total pot $0.55 | Rake $0.02 
Board [Jh Th 5c Kc 8s]
Seat 1: matugarcia04 folded before Flop (didn't bet)
Seat 2: Coyote1895 folded before Flop (didn't bet)
Seat 3: Maria1995587 folded on the Flop
Seat 4: panKastus showed [9s Ah] and lost with high card Ace
Seat 5: FACCHETADE$ (button) showed [Qc Jd] and won ($0.53) with a pair of Jacks
Seat 6: AGVsmarT (small blind) folded on the Flop
Seat 7: Dorex2007 (big blind) folded on the Flop
Seat 8: rodrigorenato folded before Flop (didn't bet)
Seat 9: bucerias16 folded before Flop (didn't bet)



PokerStars Hand #237545440362:  Hold'em No Limit ($0.02/$0.05 USD) - 2022/07/23 17:17:06 PT [2022/07/23 20:17:06 ET]
Table 'Vindobona' 9-max Seat #6 is the button
Seat 1: matugarcia04 ($5.96 in chips) 
Seat 2: Coyote1895 ($12.07 in chips) 
Seat 3: Maria1995587 ($10.59 in chips) 
Seat 4: panKastus ($4.36 in chips) 
Seat 5: FACCHETADE$ ($3.77 in chips) 
Seat 6: AGVsmarT ($4.01 in chips) 
Seat 7: Dorex2007 ($6.31 in chips) 
Seat 8: rodrigorenato ($4.29 in chips) 
Seat 9: bucerias16 ($11.11 in chips) 
Dorex2007: posts small blind $0.02
rodrigorenato: posts big blind $0.05
*** HOLE CARDS ***
Dealt to Dorex2007 [Js 4c]
bucerias16: folds 
matugarcia04: raises $0.10 to $0.15
Coyote1895: folds 
Maria1995587: folds 
panKastus: raises $0.30 to $0.45
FACCHETADE$: folds 
AGVsmarT: folds 
Dorex2007: folds 
rodrigorenato: folds 
matugarcia04: calls $0.30
*** FLOP *** [3c 8h 7h]
matugarcia04: checks 
panKastus: bets $0.55
matugarcia04: raises $2.03 to $2.58
panKastus: raises $1.33 to $3.91 and is all-in
matugarcia04: calls $1.33
matugarcia04 has timed out
*** TURN *** [3c 8h 7h] [Jd]
*** RIVER *** [3c 8h 7h Jd] [Ks]
*** SHOW DOWN ***
matugarcia04: shows [8d 8s] (three of a kind, Eights)
panKastus: shows [Kh Kd] (three of a kind, Kings)
panKastus collected $8.43 from pot
*** SUMMARY ***
Total pot $8.79 | Rake $0.36 
Board [3c 8h 7h Jd Ks]
Seat 1: matugarcia04 showed [8d 8s] and lost with three of a kind, Eights
Seat 2: Coyote1895 folded before Flop (didn't bet)
Seat 3: Maria1995587 folded before Flop (didn't bet)
Seat 4: panKastus showed [Kh Kd] and won ($8.43) with three of a kind, Kings
Seat 5: FACCHETADE$ folded before Flop (didn't bet)
Seat 6: AGVsmarT (button) folded before Flop (didn't bet)
Seat 7: Dorex2007 (small blind) folded before Flop
Seat 8: rodrigorenato (big blind) folded before Flop
Seat 9: bucerias16 folded before Flop (didn't bet)



PokerStars Hand #237545454661:  Hold'em No Limit ($0.02/$0.05 USD) - 2022/07/23 17:18:09 PT [2022/07/23 20:18:09 ET]
Table 'Vindobona' 9-max Seat #7 is the button
Seat 1: matugarcia04 ($1.60 in chips) 
Seat 2: Coyote1895 ($12.07 in chips) 
Seat 3: Maria1995587 ($10.59 in chips) 
Seat 4: panKastus ($8.43 in chips) 
Seat 5: FACCHETADE$ ($3.77 in chips) 
Seat 6: AGVsmarT ($4.01 in chips) 
Seat 7: Dorex2007 ($6.29 in chips) 
Seat 8: rodrigorenato ($4.24 in chips) 
Seat 9: bucerias16 ($11.11 in chips) 
rodrigorenato: posts small blind $0.02
bucerias16: posts big blind $0.05
*** HOLE CARDS ***
Dealt to Dorex2007 [6d 4d]
matugarcia04: folds 
Coyote1895: folds 
Maria1995587: folds 
panKastus: folds 
FACCHETADE$: folds 
AGVsmarT: folds 
Dorex2007: folds 
rodrigorenato: calls $0.03
bucerias16: checks 
*** FLOP *** [2c Ah Jc]
rodrigorenato: checks 
bucerias16: checks 
*** TURN *** [2c Ah Jc] [3d]
rodrigorenato: checks 
bucerias16: bets $0.10
rodrigorenato: calls $0.10
*** RIVER *** [2c Ah Jc 3d] [5c]
rodrigorenato: checks 
bucerias16: checks 
*** SHOW DOWN ***
rodrigorenato: shows [Kd 8h] (high card Ace)
bucerias16: shows [Td Ad] (a pair of Aces)
bucerias16 collected $0.29 from pot
*** SUMMARY ***
Total pot $0.30 | Rake $0.01 
Board [2c Ah Jc 3d 5c]
Seat 1: matugarcia04 folded before Flop (didn't bet)
Seat 2: Coyote1895 folded before Flop (didn't bet)
Seat 3: Maria1995587 folded before Flop (didn't bet)
Seat 4: panKastus folded before Flop (didn't bet)
Seat 5: FACCHETADE$ folded before Flop (didn't bet)
Seat 6: AGVsmarT folded before Flop (didn't bet)
Seat 7: Dorex2007 (button) folded before Flop (didn't bet)
Seat 8: rodrigorenato (small blind) showed [Kd 8h] and lost with high card Ace
Seat 9: bucerias16 (big blind) showed [Td Ad] and won ($0.29) with a pair of Aces



PokerStars Hand #237545466703:  Hold'em No Limit ($0.02/$0.05 USD) - 2022/07/23 17:19:02 PT [2022/07/23 20:19:02 ET]
Table 'Vindobona' 9-max Seat #8 is the button
Seat 2: Coyote1895 ($12.07 in chips) 
Seat 3: Maria1995587 ($10.59 in chips) 
Seat 4: panKastus ($8.43 in chips) 
Seat 5: FACCHETADE$ ($3.77 in chips) 
Seat 6: AGVsmarT ($4.01 in chips) 
Seat 7: Dorex2007 ($6.29 in chips) 
Seat 8: rodrigorenato ($4.09 in chips) 
Seat 9: bucerias16 ($11.25 in chips) 
bucerias16: posts small blind $0.02
matugarcia04: is sitting out 
Coyote1895: posts big blind $0.05
*** HOLE CARDS ***
Dealt to Dorex2007 [8c 7h]
Maria1995587: folds 
panKastus: raises $0.15 to $0.20
FACCHETADE$: folds 
AGVsmarT: calls $0.20
Dorex2007: folds 
rodrigorenato: calls $0.20
bucerias16: folds 
Coyote1895: folds 
*** FLOP *** [Tc 2h 2c]
matugarcia04 leaves the table
panKastus: bets $0.35
AGVsmarT: calls $0.35
rodrigorenato: folds 
*** TURN *** [Tc 2h 2c] [Js]
panKastus: bets $0.92
AGVsmarT: folds 
Uncalled bet ($0.92) returned to panKastus
panKastus collected $1.31 from pot
*** SUMMARY ***
Total pot $1.37 | Rake $0.06 
Board [Tc 2h 2c Js]
Seat 2: Coyote1895 (big blind) folded before Flop
Seat 3: Maria1995587 folded before Flop (didn't bet)
Seat 4: panKastus collected ($1.31)
Seat 5: FACCHETADE$ folded before Flop (didn't bet)
Seat 6: AGVsmarT folded on the Turn
Seat 7: Dorex2007 folded before Flop (didn't bet)
Seat 8: rodrigorenato (button) folded on the Flop
Seat 9: bucerias16 (small blind) folded before Flop



PokerStars Hand #237545477661:  Hold'em No Limit ($0.02/$0.05 USD) - 2022/07/23 17:19:50 PT [2022/07/23 20:19:50 ET]
Table 'Vindobona' 9-max Seat #9 is the button
Seat 2: Coyote1895 ($12.02 in chips) 
Seat 3: Maria1995587 ($10.59 in chips) 
Seat 4: panKastus ($9.19 in chips) 
Seat 5: FACCHETADE$ ($3.77 in chips) 
Seat 6: AGVsmarT ($3.46 in chips) 
Seat 7: Dorex2007 ($6.29 in chips) 
Seat 8: rodrigorenato ($3.89 in chips) 
Seat 9: bucerias16 ($11.23 in chips) 
Coyote1895: posts small blind $0.02
Maria1995587: posts big blind $0.05
*** HOLE CARDS ***
Dealt to Dorex2007 [Kd 2c]
panKastus: folds 
FACCHETADE$: raises $0.05 to $0.10
AGVsmarT: calls $0.10
Dorex2007: folds 
rodrigorenato: calls $0.10
bucerias16: folds 
Coyote1895: calls $0.08
Maria1995587: calls $0.05
*** FLOP *** [4h 9s 8h]
Coyote1895: checks 
Maria1995587: checks 
FACCHETADE$: bets $0.25
AGVsmarT: folds 
rodrigorenato: calls $0.25
Coyote1895: folds 
Maria1995587: calls $0.25
*** TURN *** [4h 9s 8h] [3h]
Maria1995587: checks 
FACCHETADE$: checks 
rodrigorenato: bets $1
Maria1995587: folds 
FACCHETADE$: folds 
Uncalled bet ($1) returned to rodrigorenato
rodrigorenato collected $1.20 from pot
*** SUMMARY ***
Total pot $1.25 | Rake $0.05 
Board [4h 9s 8h 3h]
Seat 2: Coyote1895 (small blind) folded on the Flop
Seat 3: Maria1995587 (big blind) folded on the Turn
Seat 4: panKastus folded before Flop (didn't bet)
Seat 5: FACCHETADE$ folded on the Turn
Seat 6: AGVsmarT folded on the Flop
Seat 7: Dorex2007 folded before Flop (didn't bet)
Seat 8: rodrigorenato collected ($1.20)
Seat 9: bucerias16 (button) folded before Flop (didn't bet)



PokerStars Hand #237545491480:  Hold'em No Limit ($0.02/$0.05 USD) - 2022/07/23 17:20:51 PT [2022/07/23 20:20:51 ET]
Table 'Vindobona' 9-max Seat #2 is the button
Seat 2: Coyote1895 ($11.92 in chips) 
Seat 3: Maria1995587 ($10.24 in chips) 
Seat 4: panKastus ($9.19 in chips) 
Seat 5: FACCHETADE$ ($3.42 in chips) 
Seat 6: AGVsmarT ($3.36 in chips) 
Seat 7: Dorex2007 ($6.29 in chips) 
Seat 8: rodrigorenato ($4.74 in chips) 
Seat 9: bucerias16 ($11.23 in chips) 
Maria1995587: posts small blind $0.02
panKastus: posts big blind $0.05
*** HOLE CARDS ***
Dealt to Dorex2007 [5h 4d]
FACCHETADE$: folds 
AGVsmarT: calls $0.05
Dorex2007: folds 
rodrigorenato: folds 
bucerias16 has timed out
bucerias16: folds 
Coyote1895: raises $0.10 to $0.15
Maria1995587: folds 
panKastus: folds 
AGVsmarT: calls $0.10
*** FLOP *** [7d Qc Ad]
AGVsmarT: bets $0.10
Coyote1895: raises $0.27 to $0.37
AGVsmarT: folds 
Uncalled bet ($0.27) returned to Coyote1895
Coyote1895 collected $0.55 from pot
*** SUMMARY ***
Total pot $0.57 | Rake $0.02 
Board [7d Qc Ad]
Seat 2: Coyote1895 (button) collected ($0.55)
Seat 3: Maria1995587 (small blind) folded before Flop
Seat 4: panKastus (big blind) folded before Flop
Seat 5: FACCHETADE$ folded before Flop (didn't bet)
Seat 6: AGVsmarT folded on the Flop
Seat 7: Dorex2007 folded before Flop (didn't bet)
Seat 8: rodrigorenato folded before Flop (didn't bet)
Seat 9: bucerias16 folded before Flop (didn't bet)



PokerStars Hand #237545502148:  Hold'em No Limit ($0.02/$0.05 USD) - 2022/07/23 17:21:38 PT [2022/07/23 20:21:38 ET]
Table 'Vindobona' 9-max Seat #3 is the button
Seat 2: Coyote1895 ($12.22 in chips) 
Seat 3: Maria1995587 ($10.22 in chips) 
Seat 4: panKastus ($9.14 in chips) 
Seat 5: FACCHETADE$ ($3.42 in chips) 
Seat 6: AGVsmarT ($3.11 in chips) 
Seat 7: Dorex2007 ($6.29 in chips) 
Seat 8: rodrigorenato ($4.74 in chips) 
panKastus: posts small blind $0.02
FACCHETADE$: posts big blind $0.05
*** HOLE CARDS ***
Dealt to Dorex2007 [Ac 4s]
AGVsmarT: calls $0.05
Dorex2007: folds 
rodrigorenato: calls $0.05
Coyote1895: folds 
Maria1995587: calls $0.05
panKastus: calls $0.03
FACCHETADE$: checks 
*** FLOP *** [Qd Tc 6h]
Francdzo joins the table at seat #1 
panKastus: checks 
FACCHETADE$: checks 
AGVsmarT: checks 
rodrigorenato: checks 
Maria1995587: checks 
*** TURN *** [Qd Tc 6h] [Th]
panKastus: checks 
FACCHETADE$: checks 
AGVsmarT: checks 
rodrigorenato: checks 
Maria1995587: checks 
*** RIVER *** [Qd Tc 6h Th] [Jd]
panKastus: bets $0.60
FACCHETADE$: folds 
AGVsmarT: folds 
rodrigorenato: folds 
Maria1995587: folds 
Uncalled bet ($0.60) returned to panKastus
panKastus collected $0.24 from pot
*** SUMMARY ***
Total pot $0.25 | Rake $0.01 
Board [Qd Tc 6h Th Jd]
Seat 2: Coyote1895 folded before Flop (didn't bet)
Seat 3: Maria1995587 (button) folded on the River
Seat 4: panKastus (small blind) collected ($0.24)
Seat 5: FACCHETADE$ (big blind) folded on the River
Seat 6: AGVsmarT folded on the River
Seat 7: Dorex2007 folded before Flop (didn't bet)
Seat 8: rodrigorenato folded on the River



PokerStars Hand #237545515525:  Hold'em No Limit ($0.02/$0.05 USD) - 2022/07/23 17:22:36 PT [2022/07/23 20:22:36 ET]
Table 'Vindobona' 9-max Seat #4 is the button
Seat 2: Coyote1895 ($12.22 in chips) 
Seat 3: Maria1995587 ($10.17 in chips) 
Seat 4: panKastus ($9.33 in chips) 
Seat 5: FACCHETADE$ ($3.37 in chips) 
Seat 6: AGVsmarT ($3.06 in chips) 
Seat 7: Dorex2007 ($6.29 in chips) 
Seat 8: rodrigorenato ($4.69 in chips) 
Seat 9: bucerias16 ($11.23 in chips) 
FACCHETADE$: posts small blind $0.02
AGVsmarT: posts big blind $0.05
Francdzo: sits out 
*** HOLE CARDS ***
Dealt to Dorex2007 [As Ts]
Dorex2007: raises $0.05 to $0.10
rodrigorenato: folds 
bucerias16: folds 
Coyote1895: raises $0.15 to $0.25
Maria1995587: folds 
panKastus: folds 
FACCHETADE$: folds 
AGVsmarT: folds 
Dorex2007: calls $0.15
*** FLOP *** [6c Qs 4h]
Dorex2007: checks 
Coyote1895: bets $0.37
Dorex2007: folds 
Uncalled bet ($0.37) returned to Coyote1895
Coyote1895 collected $0.55 from pot
*** SUMMARY ***
Total pot $0.57 | Rake $0.02 
Board [6c Qs 4h]
Seat 2: Coyote1895 collected ($0.55)
Seat 3: Maria1995587 folded before Flop (didn't bet)
Seat 4: panKastus (button) folded before Flop (didn't bet)
Seat 5: FACCHETADE$ (small blind) folded before Flop
Seat 6: AGVsmarT (big blind) folded before Flop
Seat 7: Dorex2007 folded on the Flop
Seat 8: rodrigorenato folded before Flop (didn't bet)
Seat 9: bucerias16 folded before Flop (didn't bet)



PokerStars Hand #237545524814:  Hold'em No Limit ($0.02/$0.05 USD) - 2022/07/23 17:23:17 PT [2022/07/23 20:23:17 ET]
Table 'Vindobona' 9-max Seat #5 is the button
Seat 2: Coyote1895 ($12.52 in chips) 
Seat 3: Maria1995587 ($10.17 in chips) 
Seat 4: panKastus ($9.33 in chips) 
Seat 5: FACCHETADE$ ($3.35 in chips) 
Seat 6: AGVsmarT ($3.01 in chips) 
Seat 7: Dorex2007 ($6.04 in chips) 
Seat 8: rodrigorenato ($4.69 in chips) 
Seat 9: bucerias16 ($11.23 in chips) 
AGVsmarT: posts small blind $0.02
Dorex2007: posts big blind $0.05
Francdzo: sits out 
*** HOLE CARDS ***
Dealt to Dorex2007 [Td 6s]
rodrigorenato: calls $0.05
bucerias16: folds 
Coyote1895: raises $0.20 to $0.25
Maria1995587: folds 
panKastus: calls $0.25
FACCHETADE$: folds 
AGVsmarT: folds 
Dorex2007: folds 
rodrigorenato: calls $0.20
*** FLOP *** [Kh 3s Qc]
rodrigorenato: checks 
Coyote1895: bets $0.53
panKastus: folds 
rodrigorenato: folds 
Uncalled bet ($0.53) returned to Coyote1895
Coyote1895 collected $0.79 from pot
*** SUMMARY ***
Total pot $0.82 | Rake $0.03 
Board [Kh 3s Qc]
Seat 2: Coyote1895 collected ($0.79)
Seat 3: Maria1995587 folded before Flop (didn't bet)
Seat 4: panKastus folded on the Flop
Seat 5: FACCHETADE$ (button) folded before Flop (didn't bet)
Seat 6: AGVsmarT (small blind) folded before Flop
Seat 7: Dorex2007 (big blind) folded before Flop
Seat 8: rodrigorenato folded on the Flop
Seat 9: bucerias16 folded before Flop (didn't bet)



PokerStars Hand #237545533313:  Hold'em No Limit ($0.02/$0.05 USD) - 2022/07/23 17:23:54 PT [2022/07/23 20:23:54 ET]
Table 'Vindobona' 9-max Seat #6 is the button
Seat 2: Coyote1895 ($13.06 in chips) 
Seat 3: Maria1995587 ($10.17 in chips) 
Seat 4: panKastus ($9.08 in chips) 
Seat 5: FACCHETADE$ ($3.35 in chips) 
Seat 6: AGVsmarT ($3.94 in chips) 
Seat 7: Dorex2007 ($5.99 in chips) 
Seat 8: rodrigorenato ($4.44 in chips) 
Seat 9: bucerias16 ($11.23 in chips) 
Dorex2007: posts small blind $0.02
rodrigorenato: posts big blind $0.05
Francdzo: sits out 
*** HOLE CARDS ***
Dealt to Dorex2007 [8h Ah]
bucerias16: raises $0.10 to $0.15
Coyote1895: folds 
Maria1995587: folds 
panKastus: folds 
FACCHETADE$: folds 
AGVsmarT: folds 
Dorex2007: calls $0.13
rodrigorenato: calls $0.10
*** FLOP *** [9c 7c Kd]
Dorex2007: checks 
rodrigorenato: checks 
bucerias16: bets $0.15
Dorex2007: folds 
rodrigorenato: folds 
Uncalled bet ($0.15) returned to bucerias16
bucerias16 collected $0.43 from pot
*** SUMMARY ***
Total pot $0.45 | Rake $0.02 
Board [9c 7c Kd]
Seat 2: Coyote1895 folded before Flop (didn't bet)
Seat 3: Maria1995587 folded before Flop (didn't bet)
Seat 4: panKastus folded before Flop (didn't bet)
Seat 5: FACCHETADE$ folded before Flop (didn't bet)
Seat 6: AGVsmarT (button) folded before Flop (didn't bet)
Seat 7: Dorex2007 (small blind) folded on the Flop
Seat 8: rodrigorenato (big blind) folded on the Flop
Seat 9: bucerias16 collected ($0.43)



PokerStars Hand #237545542276:  Hold'em No Limit ($0.02/$0.05 USD) - 2022/07/23 17:24:34 PT [2022/07/23 20:24:34 ET]
Table 'Vindobona' 9-max Seat #7 is the button
Seat 2: Coyote1895 ($13.06 in chips) 
Seat 3: Maria1995587 ($10.17 in chips) 
Seat 4: panKastus ($9.08 in chips) 
Seat 5: FACCHETADE$ ($3.35 in chips) 
Seat 6: AGVsmarT ($3.94 in chips) 
Seat 7: Dorex2007 ($5.84 in chips) 
Seat 8: rodrigorenato ($4.29 in chips) 
Seat 9: bucerias16 ($11.51 in chips) 
rodrigorenato: posts small blind $0.02
bucerias16: posts big blind $0.05
Francdzo: sits out 
*** HOLE CARDS ***
Dealt to Dorex2007 [6s Ts]
Coyote1895: raises $0.10 to $0.15
Maria1995587: calls $0.15
panKastus: folds 
FACCHETADE$: folds 
AGVsmarT: folds 
Dorex2007: folds 
rodrigorenato: folds 
bucerias16: folds 
*** FLOP *** [4s Ad Ah]
Coyote1895: bets $0.23
Maria1995587: folds 
Uncalled bet ($0.23) returned to Coyote1895
Coyote1895 collected $0.35 from pot
*** SUMMARY ***
Total pot $0.37 | Rake $0.02 
Board [4s Ad Ah]
Seat 2: Coyote1895 collected ($0.35)
Seat 3: Maria1995587 folded on the Flop
Seat 4: panKastus folded before Flop (didn't bet)
Seat 5: FACCHETADE$ folded before Flop (didn't bet)
Seat 6: AGVsmarT folded before Flop (didn't bet)
Seat 7: Dorex2007 (button) folded before Flop (didn't bet)
Seat 8: rodrigorenato (small blind) folded before Flop
Seat 9: bucerias16 (big blind) folded before Flop



PokerStars Hand #237545549636:  Hold'em No Limit ($0.02/$0.05 USD) - 2022/07/23 17:25:06 PT [2022/07/23 20:25:06 ET]
Table 'Vindobona' 9-max Seat #8 is the button
Seat 1: Francdzo ($5 in chips) 
Seat 2: Coyote1895 ($13.26 in chips) 
Seat 3: Maria1995587 ($10.02 in chips) 
Seat 4: panKastus ($9.08 in chips) 
Seat 5: FACCHETADE$ ($3.35 in chips) 
Seat 6: AGVsmarT ($3.94 in chips) 
Seat 7: Dorex2007 ($5.84 in chips) 
Seat 8: rodrigorenato ($4.27 in chips) 
Seat 9: bucerias16 ($11.46 in chips) 
bucerias16: posts small blind $0.02
Francdzo: posts big blind $0.05
*** HOLE CARDS ***
Dealt to Dorex2007 [6d 5c]
Coyote1895: folds 
Maria1995587: calls $0.05
panKastus: folds 
FACCHETADE$: folds 
AGVsmarT: folds 
Dorex2007: folds 
rodrigorenato: calls $0.05
bucerias16: folds 
Francdzo: checks 
*** FLOP *** [7c Th 3d]
Francdzo: checks 
Maria1995587: bets $0.15
rodrigorenato: calls $0.15
Francdzo: folds 
*** TURN *** [7c Th 3d] [4c]
Maria1995587: bets $0.22
rodrigorenato: calls $0.22
*** RIVER *** [7c Th 3d 4c] [6s]
Maria1995587: checks 
rodrigorenato: checks 
*** SHOW DOWN ***
Maria1995587: shows [Ts Ad] (a pair of Tens)
rodrigorenato: mucks hand 
Maria1995587 collected $0.87 from pot
*** SUMMARY ***
Total pot $0.91 | Rake $0.04 
Board [7c Th 3d 4c 6s]
Seat 1: Francdzo (big blind) folded on the Flop
Seat 2: Coyote1895 folded before Flop (didn't bet)
Seat 3: Maria1995587 showed [Ts Ad] and won ($0.87) with a pair of Tens
Seat 4: panKastus folded before Flop (didn't bet)
Seat 5: FACCHETADE$ folded before Flop (didn't bet)
Seat 6: AGVsmarT folded before Flop (didn't bet)
Seat 7: Dorex2007 folded before Flop (didn't bet)
Seat 8: rodrigorenato (button) mucked [7s 9d]
Seat 9: bucerias16 (small blind) folded before Flop



PokerStars Hand #237545564285:  Hold'em No Limit ($0.02/$0.05 USD) - 2022/07/23 17:26:11 PT [2022/07/23 20:26:11 ET]
Table 'Vindobona' 9-max Seat #9 is the button
Seat 1: Francdzo ($5 in chips) 
Seat 2: Coyote1895 ($13.26 in chips) 
Seat 3: Maria1995587 ($10.47 in chips) 
Seat 4: panKastus ($9.08 in chips) 
Seat 5: FACCHETADE$ ($3.35 in chips) 
Seat 6: AGVsmarT ($3.94 in chips) 
Seat 7: Dorex2007 ($5.84 in chips) 
Seat 8: rodrigorenato ($3.85 in chips) 
Seat 9: bucerias16 ($11.44 in chips) 
Francdzo: posts small blind $0.02
Coyote1895: posts big blind $0.05
*** HOLE CARDS ***
Dealt to Dorex2007 [4d Ah]
Maria1995587: folds 
panKastus: folds 
FACCHETADE$: raises $0.05 to $0.10
AGVsmarT: folds 
Dorex2007: folds 
rodrigorenato: calls $0.10
bucerias16: folds 
Francdzo: folds 
Coyote1895: calls $0.05
*** FLOP *** [Ts Td Ac]
Coyote1895: checks 
FACCHETADE$: checks 
rodrigorenato: bets $0.25
Coyote1895: folds 
FACCHETADE$: folds 
Uncalled bet ($0.25) returned to rodrigorenato
rodrigorenato collected $0.31 from pot
*** SUMMARY ***
Total pot $0.32 | Rake $0.01 
Board [Ts Td Ac]
Seat 1: Francdzo (small blind) folded before Flop
Seat 2: Coyote1895 (big blind) folded on the Flop
Seat 3: Maria1995587 folded before Flop (didn't bet)
Seat 4: panKastus folded before Flop (didn't bet)
Seat 5: FACCHETADE$ folded on the Flop
Seat 6: AGVsmarT folded before Flop (didn't bet)
Seat 7: Dorex2007 folded before Flop (didn't bet)
Seat 8: rodrigorenato collected ($0.31)
Seat 9: bucerias16 (button) folded before Flop (didn't bet)



PokerStars Hand #237545572246:  Hold'em No Limit ($0.02/$0.05 USD) - 2022/07/23 17:26:46 PT [2022/07/23 20:26:46 ET]
Table 'Vindobona' 9-max Seat #1 is the button
Seat 1: Francdzo ($5 in chips) 
Seat 2: Coyote1895 ($13.16 in chips) 
Seat 3: Maria1995587 ($10.47 in chips) 
Seat 4: panKastus ($9.08 in chips) 
Seat 5: FACCHETADE$ ($3.25 in chips) 
Seat 6: AGVsmarT ($3.94 in chips) 
Seat 7: Dorex2007 ($5.84 in chips) 
Seat 8: rodrigorenato ($4.06 in chips) 
Seat 9: bucerias16 ($11.44 in chips) 
Coyote1895: posts small blind $0.02
Maria1995587: posts big blind $0.05
*** HOLE CARDS ***
Dealt to Dorex2007 [6d 2h]
panKastus: folds 
FACCHETADE$: folds 
AGVsmarT: folds 
Dorex2007: folds 
rodrigorenato: folds 
bucerias16: folds 
Francdzo: folds 
Coyote1895: folds 
Uncalled bet ($0.03) returned to Maria1995587
Maria1995587 collected $0.04 from pot
*** SUMMARY ***
Total pot $0.04 | Rake $0 
Seat 1: Francdzo (button) folded before Flop (didn't bet)
Seat 2: Coyote1895 (small blind) folded before Flop
Seat 3: Maria1995587 (big blind) collected ($0.04)
Seat 4: panKastus folded before Flop (didn't bet)
Seat 5: FACCHETADE$ folded before Flop (didn't bet)
Seat 6: AGVsmarT folded before Flop (didn't bet)
Seat 7: Dorex2007 folded before Flop (didn't bet)
Seat 8: rodrigorenato folded before Flop (didn't bet)
Seat 9: bucerias16 folded before Flop (didn't bet)



PokerStars Hand #237545582821:  Hold'em No Limit ($0.02/$0.05 USD) - 2022/07/23 17:27:03 PT [2022/07/23 20:27:03 ET]
Table 'Vindobona' 9-max Seat #2 is the button
Seat 1: Francdzo ($5 in chips) 
Seat 2: Coyote1895 ($13.14 in chips) 
Seat 3: Maria1995587 ($10.49 in chips) 
Seat 4: panKastus ($9.08 in chips) 
Seat 5: FACCHETADE$ ($3.25 in chips) 
Seat 6: AGVsmarT ($3.94 in chips) 
Seat 7: Dorex2007 ($5.84 in chips) 
Seat 8: rodrigorenato ($4.06 in chips) 
Seat 9: bucerias16 ($11.44 in chips) 
Maria1995587: posts small blind $0.02
panKastus: posts big blind $0.05
*** HOLE CARDS ***
Dealt to Dorex2007 [5h Kd]
FACCHETADE$: raises $0.05 to $0.10
AGVsmarT: folds 
Dorex2007: folds 
rodrigorenato: folds 
bucerias16: raises $0.25 to $0.35
Francdzo: folds 
Coyote1895: folds 
Maria1995587: folds 
panKastus: calls $0.30
FACCHETADE$: calls $0.25
*** FLOP *** [8c 4h 2h]
panKastus: checks 
FACCHETADE$: checks 
bucerias16: bets $0.40
panKastus: calls $0.40
FACCHETADE$: folds 
*** TURN *** [8c 4h 2h] [3c]
panKastus: checks 
bucerias16: checks 
*** RIVER *** [8c 4h 2h 3c] [Qs]
panKastus: bets $1
bucerias16: calls $1
*** SHOW DOWN ***
panKastus: shows [2c 2d] (three of a kind, Deuces)
bucerias16: mucks hand 
panKastus collected $3.71 from pot
*** SUMMARY ***
Total pot $3.87 | Rake $0.16 
Board [8c 4h 2h 3c Qs]
Seat 1: Francdzo folded before Flop (didn't bet)
Seat 2: Coyote1895 (button) folded before Flop (didn't bet)
Seat 3: Maria1995587 (small blind) folded before Flop
Seat 4: panKastus (big blind) showed [2c 2d] and won ($3.71) with three of a kind, Deuces
Seat 5: FACCHETADE$ folded on the Flop
Seat 6: AGVsmarT folded before Flop (didn't bet)
Seat 7: Dorex2007 folded before Flop (didn't bet)
Seat 8: rodrigorenato folded before Flop (didn't bet)
Seat 9: bucerias16 mucked [Kh Qh]



PokerStars Hand #237545595146:  Hold'em No Limit ($0.02/$0.05 USD) - 2022/07/23 17:27:58 PT [2022/07/23 20:27:58 ET]
Table 'Vindobona' 9-max Seat #3 is the button
Seat 1: Francdzo ($5 in chips) 
Seat 2: Coyote1895 ($13.14 in chips) 
Seat 3: Maria1995587 ($10.47 in chips) 
Seat 4: panKastus ($11.04 in chips) 
Seat 5: FACCHETADE$ ($2.90 in chips) 
Seat 6: AGVsmarT ($3.94 in chips) 
Seat 7: Dorex2007 ($5.84 in chips) 
Seat 8: rodrigorenato ($4.06 in chips) 
Seat 9: bucerias16 ($9.69 in chips) 
panKastus: posts small blind $0.02
FACCHETADE$: posts big blind $0.05
*** HOLE CARDS ***
Dealt to Dorex2007 [7s 5c]
AGVsmarT: folds 
Dorex2007: folds 
rodrigorenato: calls $0.05
bucerias16: folds 
Francdzo: folds 
Coyote1895: folds 
Maria1995587: folds 
panKastus: folds 
FACCHETADE$: checks 
*** FLOP *** [Td Kd 3d]
FACCHETADE$: checks 
rodrigorenato: checks 
*** TURN *** [Td Kd 3d] [6h]
FACCHETADE$: checks 
rodrigorenato: checks 
*** RIVER *** [Td Kd 3d 6h] [8h]
FACCHETADE$: checks 
rodrigorenato: checks 
*** SHOW DOWN ***
FACCHETADE$: shows [5h Ac] (high card Ace)
rodrigorenato: shows [Ts 9c] (a pair of Tens)
rodrigorenato collected $0.12 from pot
*** SUMMARY ***
Total pot $0.12 | Rake $0 
Board [Td Kd 3d 6h 8h]
Seat 1: Francdzo folded before Flop (didn't bet)
Seat 2: Coyote1895 folded before Flop (didn't bet)
Seat 3: Maria1995587 (button) folded before Flop (didn't bet)
Seat 4: panKastus (small blind) folded before Flop
Seat 5: FACCHETADE$ (big blind) showed [5h Ac] and lost with high card Ace
Seat 6: AGVsmarT folded before Flop (didn't bet)
Seat 7: Dorex2007 folded before Flop (didn't bet)
Seat 8: rodrigorenato showed [Ts 9c] and won ($0.12) with a pair of Tens
Seat 9: bucerias16 folded before Flop (didn't bet)



PokerStars Hand #237545603173:  Hold'em No Limit ($0.02/$0.05 USD) - 2022/07/23 17:28:34 PT [2022/07/23 20:28:34 ET]
Table 'Vindobona' 9-max Seat #4 is the button
Seat 1: Francdzo ($5 in chips) 
Seat 3: Maria1995587 ($10.47 in chips) 
Seat 4: panKastus ($11.02 in chips) 
Seat 5: FACCHETADE$ ($2.85 in chips) 
Seat 6: AGVsmarT ($3.94 in chips) 
Seat 7: Dorex2007 ($5.84 in chips) 
Seat 8: rodrigorenato ($4.13 in chips) 
Seat 9: bucerias16 ($9.69 in chips) 
FACCHETADE$: posts small blind $0.02
AGVsmarT: posts big blind $0.05
*** HOLE CARDS ***
Dealt to Dorex2007 [Ts 8s]
Dorex2007: folds 
rodrigorenato: folds 
bucerias16: folds 
Francdzo: folds 
Maria1995587: calls $0.05
panKastus: calls $0.05
FACCHETADE$: calls $0.03
AGVsmarT: checks 
*** FLOP *** [4d 8d Ad]
FACCHETADE$: checks 
AGVsmarT: checks 
Maria1995587: checks 
panKastus: checks 
*** TURN *** [4d 8d Ad] [Kh]
FACCHETADE$: checks 
AGVsmarT: checks 
Maria1995587: checks 
panKastus: bets $0.10
FACCHETADE$: folds 
AGVsmarT: folds 
Maria1995587: folds 
Uncalled bet ($0.10) returned to panKastus
panKastus collected $0.19 from pot
*** SUMMARY ***
Total pot $0.20 | Rake $0.01 
Board [4d 8d Ad Kh]
Seat 1: Francdzo folded before Flop (didn't bet)
Seat 3: Maria1995587 folded on the Turn
Seat 4: panKastus (button) collected ($0.19)
Seat 5: FACCHETADE$ (small blind) folded on the Turn
Seat 6: AGVsmarT (big blind) folded on the Turn
Seat 7: Dorex2007 folded before Flop (didn't bet)
Seat 8: rodrigorenato folded before Flop (didn't bet)
Seat 9: bucerias16 folded before Flop (didn't bet)



PokerStars Hand #237545617064:  Hold'em No Limit ($0.02/$0.05 USD) - 2022/07/23 17:29:36 PT [2022/07/23 20:29:36 ET]
Table 'Vindobona' 9-max Seat #5 is the button
Seat 1: Francdzo ($5 in chips) 
Seat 2: Coyote1895 ($13.14 in chips) 
Seat 3: Maria1995587 ($10.42 in chips) 
Seat 4: panKastus ($11.16 in chips) 
Seat 5: FACCHETADE$ ($2.80 in chips) 
Seat 6: AGVsmarT ($3.89 in chips) 
Seat 7: Dorex2007 ($5.84 in chips) 
Seat 8: rodrigorenato ($4.13 in chips) 
Seat 9: bucerias16 ($9.69 in chips) 
AGVsmarT: posts small blind $0.02
Dorex2007: posts big blind $0.05
*** HOLE CARDS ***
Dealt to Dorex2007 [8d 9h]
rodrigorenato: folds 
bucerias16: folds 
Francdzo: folds 
Coyote1895: folds 
Maria1995587: folds 
panKastus: folds 
FACCHETADE$: raises $0.05 to $0.10
rodrigorenato leaves the table
AGVsmarT: folds 
Dorex2007: folds 
Uncalled bet ($0.05) returned to FACCHETADE$
FACCHETADE$ collected $0.12 from pot
*** SUMMARY ***
Total pot $0.12 | Rake $0 
Seat 1: Francdzo folded before Flop (didn't bet)
Seat 2: Coyote1895 folded before Flop (didn't bet)
Seat 3: Maria1995587 folded before Flop (didn't bet)
Seat 4: panKastus folded before Flop (didn't bet)
Seat 5: FACCHETADE$ (button) collected ($0.12)
Seat 6: AGVsmarT (small blind) folded before Flop
Seat 7: Dorex2007 (big blind) folded before Flop
Seat 8: rodrigorenato folded before Flop (didn't bet)
Seat 9: bucerias16 folded before Flop (didn't bet)



PokerStars Hand #237545623471:  Hold'em No Limit ($0.02/$0.05 USD) - 2022/07/23 17:30:05 PT [2022/07/23 20:30:05 ET]
Table 'Vindobona' 9-max Seat #6 is the button
Seat 1: Francdzo ($5 in chips) 
Seat 2: Coyote1895 ($13.14 in chips) 
Seat 3: Maria1995587 ($10.42 in chips) 
Seat 4: panKastus ($11.16 in chips) 
Seat 5: FACCHETADE$ ($2.87 in chips) 
Seat 6: AGVsmarT ($3.87 in chips) 
Seat 7: Dorex2007 ($5.79 in chips) 
Seat 9: bucerias16 ($9.69 in chips) 
Dorex2007: posts small blind $0.02
bucerias16: posts big blind $0.05
*** HOLE CARDS ***
Dealt to Dorex2007 [Kh 6c]
Francdzo: folds 
Coyote1895: folds 
Maria1995587: folds 
panKastus: folds 
FACCHETADE$: raises $0.05 to $0.10
Kallem28 joins the table at seat #8 
AGVsmarT: raises $0.15 to $0.25
Dorex2007: folds 
bucerias16: folds 
FACCHETADE$: calls $0.15
*** FLOP *** [3d 9s 5h]
FACCHETADE$: checks 
AGVsmarT: bets $0.35
FACCHETADE$: folds 
Uncalled bet ($0.35) returned to AGVsmarT
AGVsmarT collected $0.55 from pot
*** SUMMARY ***
Total pot $0.57 | Rake $0.02 
Board [3d 9s 5h]
Seat 1: Francdzo folded before Flop (didn't bet)
Seat 2: Coyote1895 folded before Flop (didn't bet)
Seat 3: Maria1995587 folded before Flop (didn't bet)
Seat 4: panKastus folded before Flop (didn't bet)
Seat 5: FACCHETADE$ folded on the Flop
Seat 6: AGVsmarT (button) collected ($0.55)
Seat 7: Dorex2007 (small blind) folded before Flop
Seat 9: bucerias16 (big blind) folded before Flop



PokerStars Hand #237545631970:  Hold'em No Limit ($0.02/$0.05 USD) - 2022/07/23 17:30:42 PT [2022/07/23 20:30:42 ET]
Table 'Vindobona' 9-max Seat #7 is the button
Seat 1: Francdzo ($5 in chips) 
Seat 2: Coyote1895 ($13.14 in chips) 
Seat 3: Maria1995587 ($10.42 in chips) 
Seat 4: panKastus ($11.16 in chips) 
Seat 5: FACCHETADE$ ($2.62 in chips) 
Seat 6: AGVsmarT ($4.17 in chips) 
Seat 7: Dorex2007 ($5.77 in chips) 
Seat 9: bucerias16 ($9.64 in chips) 
bucerias16: posts small blind $0.02
Francdzo: posts big blind $0.05
*** HOLE CARDS ***
Dealt to Dorex2007 [4d 8c]
Coyote1895: calls $0.05
Maria1995587: calls $0.05
panKastus: folds 
FACCHETADE$: calls $0.05
AGVsmarT: calls $0.05
Dorex2007: folds 
bucerias16: folds 
Francdzo: checks 
*** FLOP *** [8d Qc 7h]
Francdzo: checks 
Coyote1895: checks 
Maria1995587: checks 
FACCHETADE$: checks 
AGVsmarT: checks 
*** TURN *** [8d Qc 7h] [2h]
Francdzo: checks 
Coyote1895: bets $0.15
Maria1995587: calls $0.15
FACCHETADE$: folds 
AGVsmarT: folds 
Francdzo: folds 
*** RIVER *** [8d Qc 7h 2h] [5d]
Coyote1895: bets $0.37
Maria1995587: calls $0.37
*** SHOW DOWN ***
Coyote1895: shows [2s 3c] (a pair of Deuces)
Maria1995587: shows [8s 9s] (a pair of Eights)
Maria1995587 collected $1.26 from pot
*** SUMMARY ***
Total pot $1.31 | Rake $0.05 
Board [8d Qc 7h 2h 5d]
Seat 1: Francdzo (big blind) folded on the Turn
Seat 2: Coyote1895 showed [2s 3c] and lost with a pair of Deuces
Seat 3: Maria1995587 showed [8s 9s] and won ($1.26) with a pair of Eights
Seat 4: panKastus folded before Flop (didn't bet)
Seat 5: FACCHETADE$ folded on the Turn
Seat 6: AGVsmarT folded on the Turn
Seat 7: Dorex2007 (button) folded before Flop (didn't bet)
Seat 9: bucerias16 (small blind) folded before Flop



PokerStars Hand #237545646720:  Hold'em No Limit ($0.02/$0.05 USD) - 2022/07/23 17:31:47 PT [2022/07/23 20:31:47 ET]
Table 'Vindobona' 9-max Seat #9 is the button
Seat 1: Francdzo ($5 in chips) 
Seat 2: Coyote1895 ($12.57 in chips) 
Seat 3: Maria1995587 ($11.11 in chips) 
Seat 4: panKastus ($11.16 in chips) 
Seat 5: FACCHETADE$ ($2.57 in chips) 
Seat 6: AGVsmarT ($4.12 in chips) 
Seat 7: Dorex2007 ($5.77 in chips) 
Seat 9: bucerias16 ($9.62 in chips) 
Francdzo: posts small blind $0.02
Coyote1895: posts big blind $0.05
Kallem28: sits out 
*** HOLE CARDS ***
Dealt to Dorex2007 [7c Qs]
Maria1995587: folds 
panKastus: folds 
FACCHETADE$: raises $0.05 to $0.10
AGVsmarT: calls $0.10
Dorex2007: folds 
bucerias16: folds 
Francdzo: raises $0.60 to $0.70
Coyote1895: folds 
FACCHETADE$: folds 
AGVsmarT: folds 
Uncalled bet ($0.60) returned to Francdzo
Francdzo collected $0.35 from pot
*** SUMMARY ***
Total pot $0.35 | Rake $0 
Seat 1: Francdzo (small blind) collected ($0.35)
Seat 2: Coyote1895 (big blind) folded before Flop
Seat 3: Maria1995587 folded before Flop (didn't bet)
Seat 4: panKastus folded before Flop (didn't bet)
Seat 5: FACCHETADE$ folded before Flop
Seat 6: AGVsmarT folded before Flop
Seat 7: Dorex2007 folded before Flop (didn't bet)
Seat 9: bucerias16 (button) folded before Flop (didn't bet)



PokerStars Hand #237545652689:  Hold'em No Limit ($0.02/$0.05 USD) - 2022/07/23 17:32:14 PT [2022/07/23 20:32:14 ET]
Table 'Vindobona' 9-max Seat #1 is the button
Seat 1: Francdzo ($5.25 in chips) 
Seat 2: Coyote1895 ($12.52 in chips) 
Seat 3: Maria1995587 ($11.11 in chips) 
Seat 4: panKastus ($11.16 in chips) 
Seat 5: FACCHETADE$ ($2.47 in chips) 
Seat 6: AGVsmarT ($4.02 in chips) 
Seat 7: Dorex2007 ($5.77 in chips) 
Seat 8: Kallem28 ($5 in chips) 
Seat 9: bucerias16 ($9.62 in chips) 
Coyote1895: posts small blind $0.02
Maria1995587: posts big blind $0.05
Kallem28: posts big blind $0.05
*** HOLE CARDS ***
Dealt to Dorex2007 [9h 6c]
panKastus: raises $0.05 to $0.10
FACCHETADE$: calls $0.10
AGVsmarT: folds 
Dorex2007: folds 
Kallem28: folds 
bucerias16: folds 
Francdzo: folds 
Coyote1895: raises $0.40 to $0.50
Maria1995587: folds 
panKastus: calls $0.40
FACCHETADE$: calls $0.40
*** FLOP *** [Qd 7d 2c]
Coyote1895: bets $1.02
panKastus: calls $1.02
FACCHETADE$: raises $0.95 to $1.97 and is all-in
Coyote1895: calls $0.95
panKastus: calls $0.95
*** TURN *** [Qd 7d 2c] [4h]
Coyote1895: checks 
panKastus: bets $8.69 and is all-in
Coyote1895: folds 
Uncalled bet ($8.69) returned to panKastus
*** RIVER *** [Qd 7d 2c 4h] [Ah]
*** SHOW DOWN ***
panKastus: shows [2d 2s] (three of a kind, Deuces)
FACCHETADE$: shows [Kc Qc] (a pair of Queens)
panKastus collected $7.20 from pot
*** SUMMARY ***
Total pot $7.51 | Rake $0.31 
Board [Qd 7d 2c 4h Ah]
Seat 1: Francdzo (button) folded before Flop (didn't bet)
Seat 2: Coyote1895 (small blind) folded on the Turn
Seat 3: Maria1995587 (big blind) folded before Flop
Seat 4: panKastus showed [2d 2s] and won ($7.20) with three of a kind, Deuces
Seat 5: FACCHETADE$ showed [Kc Qc] and lost with a pair of Queens
Seat 6: AGVsmarT folded before Flop (didn't bet)
Seat 7: Dorex2007 folded before Flop (didn't bet)
Seat 8: Kallem28 folded before Flop (didn't bet)
Seat 9: bucerias16 folded before Flop (didn't bet)



PokerStars Hand #237545667389:  Hold'em No Limit ($0.02/$0.05 USD) - 2022/07/23 17:33:20 PT [2022/07/23 20:33:20 ET]
Table 'Vindobona' 9-max Seat #2 is the button
Seat 1: Francdzo ($5.25 in chips) 
Seat 2: Coyote1895 ($10.05 in chips) 
Seat 3: Maria1995587 ($11.06 in chips) 
Seat 6: AGVsmarT ($4.02 in chips) 
Seat 7: Dorex2007 ($5.77 in chips) 
Seat 8: Kallem28 ($4.95 in chips) 
Seat 9: bucerias16 ($9.62 in chips) 
Maria1995587: posts small blind $0.02
panKastus: is sitting out 
panKastus leaves the table
AGVsmarT: posts big blind $0.05
*** HOLE CARDS ***
Dealt to Dorex2007 [Ks 3s]
Dorex2007: calls $0.05
Kallem28: folds 
bucerias16: raises $0.15 to $0.20
Francdzo: folds 
Coyote1895: folds 
Maria1995587: folds 
AGVsmarT: folds 
Dorex2007: folds 
Uncalled bet ($0.15) returned to bucerias16
bucerias16 collected $0.17 from pot
*** SUMMARY ***
Total pot $0.17 | Rake $0 
Seat 1: Francdzo folded before Flop (didn't bet)
Seat 2: Coyote1895 (button) folded before Flop (didn't bet)
Seat 3: Maria1995587 (small blind) folded before Flop
Seat 6: AGVsmarT (big blind) folded before Flop
Seat 7: Dorex2007 folded before Flop
Seat 8: Kallem28 folded before Flop (didn't bet)
Seat 9: bucerias16 collected ($0.17)



PokerStars Hand #237545673633:  Hold'em No Limit ($0.02/$0.05 USD) - 2022/07/23 17:33:48 PT [2022/07/23 20:33:48 ET]
Table 'Vindobona' 9-max Seat #3 is the button
Seat 1: Francdzo ($5.25 in chips) 
Seat 2: Coyote1895 ($10.05 in chips) 
Seat 3: Maria1995587 ($11.04 in chips) 
Seat 6: AGVsmarT ($3.97 in chips) 
Seat 7: Dorex2007 ($5.72 in chips) 
Seat 8: Kallem28 ($4.95 in chips) 
Seat 9: bucerias16 ($9.74 in chips) 
AGVsmarT: posts small blind $0.02
Dorex2007: posts big blind $0.05
*** HOLE CARDS ***
Dealt to Dorex2007 [5c 5d]
Kallem28: folds 
panKastus joins the table at seat #4 
bucerias16: folds 
Francdzo: raises $0.10 to $0.15
Coyote1895: folds 
Maria1995587: folds 
AGVsmarT: calls $0.13
Dorex2007: calls $0.10
*** FLOP *** [9s 3s Jd]
AGVsmarT: bets $0.25
Dorex2007: folds 
Francdzo: calls $0.25
*** TURN *** [9s 3s Jd] [2d]
AGVsmarT: bets $0.45
Francdzo: calls $0.45
*** RIVER *** [9s 3s Jd 2d] [4c]
AGVsmarT: bets $0.50
Francdzo: folds 
Uncalled bet ($0.50) returned to AGVsmarT
AGVsmarT collected $1.77 from pot
*** SUMMARY ***
Total pot $1.85 | Rake $0.08 
Board [9s 3s Jd 2d 4c]
Seat 1: Francdzo folded on the River
Seat 2: Coyote1895 folded before Flop (didn't bet)
Seat 3: Maria1995587 (button) folded before Flop (didn't bet)
Seat 6: AGVsmarT (small blind) collected ($1.77)
Seat 7: Dorex2007 (big blind) folded on the Flop
Seat 8: Kallem28 folded before Flop (didn't bet)
Seat 9: bucerias16 folded before Flop (didn't bet)



PokerStars Hand #237545690867:  Hold'em No Limit ($0.02/$0.05 USD) - 2022/07/23 17:34:46 PT [2022/07/23 20:34:46 ET]
Table 'Vindobona' 9-max Seat #6 is the button
Seat 1: Francdzo ($5 in chips) 
Seat 2: Coyote1895 ($10.05 in chips) 
Seat 3: Maria1995587 ($11.04 in chips) 
Seat 4: panKastus ($15.89 in chips) 
Seat 6: AGVsmarT ($4.89 in chips) 
Seat 7: Dorex2007 ($5.57 in chips) 
Seat 8: Kallem28 ($4.95 in chips) 
Seat 9: bucerias16 ($9.74 in chips) 
Dorex2007: posts small blind $0.02
Kallem28: posts big blind $0.05
panKastus: posts big blind $0.05
*** HOLE CARDS ***
Dealt to Dorex2007 [9c 2c]
bucerias16: raises $0.15 to $0.20
Francdzo: folds 
Coyote1895: folds 
Maria1995587: folds 
panKastus: folds 
AGVsmarT: folds 
Dorex2007: folds 
Kallem28: calls $0.15
*** FLOP *** [9s Qd 8d]
Kallem28: checks 
bucerias16: checks 
*** TURN *** [9s Qd 8d] [7d]
Kallem28: bets $0.15
bucerias16: folds 
Uncalled bet ($0.15) returned to Kallem28
Kallem28 collected $0.45 from pot
*** SUMMARY ***
Total pot $0.47 | Rake $0.02 
Board [9s Qd 8d 7d]
Seat 1: Francdzo folded before Flop (didn't bet)
Seat 2: Coyote1895 folded before Flop (didn't bet)
Seat 3: Maria1995587 folded before Flop (didn't bet)
Seat 4: panKastus folded before Flop (didn't bet)
Seat 6: AGVsmarT (button) folded before Flop (didn't bet)
Seat 7: Dorex2007 (small blind) folded before Flop
Seat 8: Kallem28 (big blind) collected ($0.45)
Seat 9: bucerias16 folded on the Turn



PokerStars Hand #237545700026:  Hold'em No Limit ($0.02/$0.05 USD) - 2022/07/23 17:35:27 PT [2022/07/23 20:35:27 ET]
Table 'Vindobona' 9-max Seat #7 is the button
Seat 1: Francdzo ($5 in chips) 
Seat 2: Coyote1895 ($10.05 in chips) 
Seat 3: Maria1995587 ($11.04 in chips) 
Seat 4: panKastus ($15.84 in chips) 
Seat 6: AGVsmarT ($4.89 in chips) 
Seat 7: Dorex2007 ($5.55 in chips) 
Seat 8: Kallem28 ($5.20 in chips) 
Seat 9: bucerias16 ($9.54 in chips) 
Kallem28: posts small blind $0.02
bucerias16: posts big blind $0.05
*** HOLE CARDS ***
Dealt to Dorex2007 [Ah 9c]
Francdzo: folds 
Coyote1895: folds 
Maria1995587: calls $0.05
panKastus: folds 
AGVsmarT: folds 
Dorex2007: folds 
Kallem28: calls $0.03
bucerias16: checks 
*** FLOP *** [6d 5s 6s]
Kallem28: checks 
bucerias16: bets $0.05
Maria1995587: calls $0.05
Kallem28: folds 
*** TURN *** [6d 5s 6s] [4s]
bucerias16: bets $0.05
Maria1995587: calls $0.05
*** RIVER *** [6d 5s 6s 4s] [4c]
bucerias16: bets $0.17
Maria1995587: raises $0.68 to $0.85
bucerias16: folds 
Uncalled bet ($0.68) returned to Maria1995587
Maria1995587 collected $0.66 from pot
*** SUMMARY ***
Total pot $0.69 | Rake $0.03 
Board [6d 5s 6s 4s 4c]
Seat 1: Francdzo folded before Flop (didn't bet)
Seat 2: Coyote1895 folded before Flop (didn't bet)
Seat 3: Maria1995587 collected ($0.66)
Seat 4: panKastus folded before Flop (didn't bet)
Seat 6: AGVsmarT folded before Flop (didn't bet)
Seat 7: Dorex2007 (button) folded before Flop (didn't bet)
Seat 8: Kallem28 (small blind) folded on the Flop
Seat 9: bucerias16 (big blind) folded on the River



PokerStars Hand #237545712094:  Hold'em No Limit ($0.02/$0.05 USD) - 2022/07/23 17:36:22 PT [2022/07/23 20:36:22 ET]
Table 'Vindobona' 9-max Seat #8 is the button
Seat 1: Francdzo ($5 in chips) 
Seat 2: Coyote1895 ($10.05 in chips) 
Seat 3: Maria1995587 ($11.38 in chips) 
Seat 4: panKastus ($15.84 in chips) 
Seat 6: AGVsmarT ($4.89 in chips) 
Seat 7: Dorex2007 ($5.55 in chips) 
Seat 8: Kallem28 ($5.15 in chips) 
Seat 9: bucerias16 ($9.22 in chips) 
bucerias16: posts small blind $0.02
Francdzo: posts big blind $0.05
*** HOLE CARDS ***
Dealt to Dorex2007 [8c 4s]
Coyote1895: folds 
Maria1995587: folds 
panKastus: folds 
AGVsmarT: folds 
Dorex2007: folds 
Kallem28: folds 
bucerias16: calls $0.03
Francdzo: checks 
*** FLOP *** [Qc 3c Td]
bucerias16: checks 
Francdzo: bets $0.05
bucerias16: calls $0.05
*** TURN *** [Qc 3c Td] [5c]
bucerias16: checks 
Francdzo: checks 
*** RIVER *** [Qc 3c Td 5c] [Ks]
bucerias16: checks 
Francdzo: bets $0.14
bucerias16: folds 
Uncalled bet ($0.14) returned to Francdzo
Francdzo collected $0.19 from pot
*** SUMMARY ***
Total pot $0.20 | Rake $0.01 
Board [Qc 3c Td 5c Ks]
Seat 1: Francdzo (big blind) collected ($0.19)
Seat 2: Coyote1895 folded before Flop (didn't bet)
Seat 3: Maria1995587 folded before Flop (didn't bet)
Seat 4: panKastus folded before Flop (didn't bet)
Seat 6: AGVsmarT folded before Flop (didn't bet)
Seat 7: Dorex2007 folded before Flop (didn't bet)
Seat 8: Kallem28 (button) folded before Flop (didn't bet)
Seat 9: bucerias16 (small blind) folded on the River



PokerStars Hand #237545720279:  Hold'em No Limit ($0.02/$0.05 USD) - 2022/07/23 17:36:59 PT [2022/07/23 20:36:59 ET]
Table 'Vindobona' 9-max Seat #9 is the button
Seat 1: Francdzo ($5.09 in chips) 
Seat 2: Coyote1895 ($10.05 in chips) 
Seat 3: Maria1995587 ($11.38 in chips) 
Seat 4: panKastus ($15.84 in chips) 
Seat 6: AGVsmarT ($4.89 in chips) 
Seat 7: Dorex2007 ($5.55 in chips) 
Seat 8: Kallem28 ($5.15 in chips) 
Seat 9: bucerias16 ($9.12 in chips) 
Francdzo: posts small blind $0.02
Coyote1895: posts big blind $0.05
*** HOLE CARDS ***
Dealt to Dorex2007 [Js 9h]
Maria1995587: folds 
panKastus: folds 
AGVsmarT: folds 
Dorex2007: folds 
Kallem28: folds 
bucerias16: raises $0.10 to $0.15
Francdzo: folds 
Coyote1895: calls $0.10
*** FLOP *** [8c Ts 6c]
Coyote1895: bets $0.31
bucerias16: folds 
Uncalled bet ($0.31) returned to Coyote1895
Coyote1895 collected $0.31 from pot
*** SUMMARY ***
Total pot $0.32 | Rake $0.01 
Board [8c Ts 6c]
Seat 1: Francdzo (small blind) folded before Flop
Seat 2: Coyote1895 (big blind) collected ($0.31)
Seat 3: Maria1995587 folded before Flop (didn't bet)
Seat 4: panKastus folded before Flop (didn't bet)
Seat 6: AGVsmarT folded before Flop (didn't bet)
Seat 7: Dorex2007 folded before Flop (didn't bet)
Seat 8: Kallem28 folded before Flop (didn't bet)
Seat 9: bucerias16 (button) folded on the Flop



PokerStars Hand #237545727080:  Hold'em No Limit ($0.02/$0.05 USD) - 2022/07/23 17:37:29 PT [2022/07/23 20:37:29 ET]
Table 'Vindobona' 9-max Seat #1 is the button
Seat 1: Francdzo ($5.07 in chips) 
Seat 2: Coyote1895 ($10.21 in chips) 
Seat 3: Maria1995587 ($11.38 in chips) 
Seat 4: panKastus ($15.84 in chips) 
Seat 6: AGVsmarT ($4.89 in chips) 
Seat 7: Dorex2007 ($5.55 in chips) 
Seat 8: Kallem28 ($5.15 in chips) 
Seat 9: bucerias16 ($8.97 in chips) 
Coyote1895: posts small blind $0.02
Maria1995587: posts big blind $0.05
*** HOLE CARDS ***
Dealt to Dorex2007 [8s 2h]
panKastus: folds 
AGVsmarT: calls $0.05
Dorex2007: folds 
Kallem28: folds 
bucerias16: folds 
Francdzo: folds 
Coyote1895: folds 
Maria1995587: checks 
*** FLOP *** [Ah 7d 4d]
Maria1995587: checks 
AGVsmarT: bets $0.05
Maria1995587: folds 
Uncalled bet ($0.05) returned to AGVsmarT
AGVsmarT collected $0.12 from pot
*** SUMMARY ***
Total pot $0.12 | Rake $0 
Board [Ah 7d 4d]
Seat 1: Francdzo (button) folded before Flop (didn't bet)
Seat 2: Coyote1895 (small blind) folded before Flop
Seat 3: Maria1995587 (big blind) folded on the Flop
Seat 4: panKastus folded before Flop (didn't bet)
Seat 6: AGVsmarT collected ($0.12)
Seat 7: Dorex2007 folded before Flop (didn't bet)
Seat 8: Kallem28 folded before Flop (didn't bet)
Seat 9: bucerias16 folded before Flop (didn't bet)



PokerStars Hand #237545732269:  Hold'em No Limit ($0.02/$0.05 USD) - 2022/07/23 17:37:52 PT [2022/07/23 20:37:52 ET]
Table 'Vindobona' 9-max Seat #2 is the button
Seat 1: Francdzo ($5.07 in chips) 
Seat 2: Coyote1895 ($10.19 in chips) 
Seat 3: Maria1995587 ($11.33 in chips) 
Seat 4: panKastus ($15.84 in chips) 
Seat 6: AGVsmarT ($4.96 in chips) 
Seat 7: Dorex2007 ($5.55 in chips) 
Seat 8: Kallem28 ($5.15 in chips) 
Seat 9: bucerias16 ($8.97 in chips) 
Maria1995587: posts small blind $0.02
panKastus: posts big blind $0.05
*** HOLE CARDS ***
Dealt to Dorex2007 [Ks As]
AGVsmarT: folds 
Dorex2007: raises $0.10 to $0.15
Kallem28: folds 
bucerias16: folds 
Francdzo: folds 
Coyote1895: folds 
Maria1995587: folds 
panKastus: folds 
Uncalled bet ($0.10) returned to Dorex2007
Dorex2007 collected $0.12 from pot
*** SUMMARY ***
Total pot $0.12 | Rake $0 
Seat 1: Francdzo folded before Flop (didn't bet)
Seat 2: Coyote1895 (button) folded before Flop (didn't bet)
Seat 3: Maria1995587 (small blind) folded before Flop
Seat 4: panKastus (big blind) folded before Flop
Seat 6: AGVsmarT folded before Flop (didn't bet)
Seat 7: Dorex2007 collected ($0.12)
Seat 8: Kallem28 folded before Flop (didn't bet)
Seat 9: bucerias16 folded before Flop (didn't bet)



PokerStars Hand #237545735686:  Hold'em No Limit ($0.02/$0.05 USD) - 2022/07/23 17:38:08 PT [2022/07/23 20:38:08 ET]
Table 'Vindobona' 9-max Seat #3 is the button
Seat 1: Francdzo ($5.07 in chips) 
Seat 2: Coyote1895 ($10.19 in chips) 
Seat 3: Maria1995587 ($11.31 in chips) 
Seat 4: panKastus ($15.79 in chips) 
Seat 6: AGVsmarT ($4.96 in chips) 
Seat 7: Dorex2007 ($5.62 in chips) 
Seat 8: Kallem28 ($5.15 in chips) 
Seat 9: bucerias16 ($8.97 in chips) 
panKastus: posts small blind $0.02
AGVsmarT: posts big blind $0.05
*** HOLE CARDS ***
Dealt to Dorex2007 [3h Kd]
Dorex2007: folds 
Kallem28: raises $0.15 to $0.20
bucerias16: raises $0.40 to $0.60
Francdzo: folds 
Coyote1895: raises $1.47 to $2.07
Maria1995587: folds 
panKastus: folds 
AGVsmarT: folds 
Kallem28: folds 
bucerias16: calls $1.47
*** FLOP *** [9h 6d 9d]
bucerias16: checks 
Coyote1895: bets $4.23
bucerias16: folds 
Uncalled bet ($4.23) returned to Coyote1895
Coyote1895 collected $4.23 from pot
*** SUMMARY ***
Total pot $4.41 | Rake $0.18 
Board [9h 6d 9d]
Seat 1: Francdzo folded before Flop (didn't bet)
Seat 2: Coyote1895 collected ($4.23)
Seat 3: Maria1995587 (button) folded before Flop (didn't bet)
Seat 4: panKastus (small blind) folded before Flop
Seat 6: AGVsmarT (big blind) folded before Flop
Seat 7: Dorex2007 folded before Flop (didn't bet)
Seat 8: Kallem28 folded before Flop
Seat 9: bucerias16 folded on the Flop



PokerStars Hand #237545744583:  Hold'em No Limit ($0.02/$0.05 USD) - 2022/07/23 17:38:48 PT [2022/07/23 20:38:48 ET]
Table 'Vindobona' 9-max Seat #4 is the button
Seat 1: Francdzo ($5.07 in chips) 
Seat 2: Coyote1895 ($12.35 in chips) 
Seat 3: Maria1995587 ($11.31 in chips) 
Seat 4: panKastus ($15.77 in chips) 
Seat 6: AGVsmarT ($4.91 in chips) 
Seat 7: Dorex2007 ($5.62 in chips) 
Seat 8: Kallem28 ($4.95 in chips) 
Seat 9: bucerias16 ($6.90 in chips) 
AGVsmarT: posts small blind $0.02
Dorex2007: posts big blind $0.05
*** HOLE CARDS ***
Dealt to Dorex2007 [7h Ks]
Kallem28: folds 
bucerias16: folds 
Francdzo: folds 
Coyote1895: folds 
Maria1995587: calls $0.05
panKastus: folds 
AGVsmarT: folds 
Dorex2007: checks 
*** FLOP *** [Tc Kd 9c]
Dorex2007: checks 
Maria1995587: checks 
*** TURN *** [Tc Kd 9c] [2d]
Dorex2007: bets $0.08
Maria1995587: folds 
Uncalled bet ($0.08) returned to Dorex2007
Dorex2007 collected $0.12 from pot
*** SUMMARY ***
Total pot $0.12 | Rake $0 
Board [Tc Kd 9c 2d]
Seat 1: Francdzo folded before Flop (didn't bet)
Seat 2: Coyote1895 folded before Flop (didn't bet)
Seat 3: Maria1995587 folded on the Turn
Seat 4: panKastus (button) folded before Flop (didn't bet)
Seat 6: AGVsmarT (small blind) folded before Flop
Seat 7: Dorex2007 (big blind) collected ($0.12)
Seat 8: Kallem28 folded before Flop (didn't bet)
Seat 9: bucerias16 folded before Flop (didn't bet)



PokerStars Hand #237545750158:  Hold'em No Limit ($0.02/$0.05 USD) - 2022/07/23 17:39:14 PT [2022/07/23 20:39:14 ET]
Table 'Vindobona' 9-max Seat #6 is the button
Seat 1: Francdzo ($5.07 in chips) 
Seat 2: Coyote1895 ($12.35 in chips) 
Seat 3: Maria1995587 ($11.26 in chips) 
Seat 4: panKastus ($15.77 in chips) 
Seat 6: AGVsmarT ($4.89 in chips) 
Seat 7: Dorex2007 ($5.69 in chips) 
Seat 8: Kallem28 ($4.95 in chips) 
Seat 9: bucerias16 ($6.90 in chips) 
Dorex2007: posts small blind $0.02
Kallem28: posts big blind $0.05
*** HOLE CARDS ***
Dealt to Dorex2007 [Jd 4c]
bucerias16: folds 
Francdzo: folds 
Coyote1895: folds 
Maria1995587: folds 
panKastus: raises $0.10 to $0.15
AGVsmarT: folds 
Dorex2007: folds 
Kallem28: folds 
Uncalled bet ($0.10) returned to panKastus
panKastus collected $0.12 from pot
*** SUMMARY ***
Total pot $0.12 | Rake $0 
Seat 1: Francdzo folded before Flop (didn't bet)
Seat 2: Coyote1895 folded before Flop (didn't bet)
Seat 3: Maria1995587 folded before Flop (didn't bet)
Seat 4: panKastus collected ($0.12)
Seat 6: AGVsmarT (button) folded before Flop (didn't bet)
Seat 7: Dorex2007 (small blind) folded before Flop
Seat 8: Kallem28 (big blind) folded before Flop
Seat 9: bucerias16 folded before Flop (didn't bet)



PokerStars Hand #237545754302:  Hold'em No Limit ($0.02/$0.05 USD) - 2022/07/23 17:39:32 PT [2022/07/23 20:39:32 ET]
Table 'Vindobona' 9-max Seat #7 is the button
Seat 1: Francdzo ($5.07 in chips) 
Seat 2: Coyote1895 ($12.35 in chips) 
Seat 3: Maria1995587 ($11.26 in chips) 
Seat 4: panKastus ($15.84 in chips) 
Seat 6: AGVsmarT ($4.89 in chips) 
Seat 7: Dorex2007 ($5.67 in chips) 
Seat 8: Kallem28 ($4.90 in chips) 
Seat 9: bucerias16 ($6.90 in chips) 
Kallem28: posts small blind $0.02
bucerias16: posts big blind $0.05
*** HOLE CARDS ***
Dealt to Dorex2007 [2h Tc]
Francdzo: folds 
Coyote1895: folds 
Maria1995587: folds 
panKastus: folds 
AGVsmarT: calls $0.05
Dorex2007: folds 
Kallem28: calls $0.03
bucerias16: checks 
*** FLOP *** [Ks Qd Ad]
Kallem28: checks 
bucerias16: checks 
AGVsmarT: bets $0.05
Kallem28: folds 
bucerias16: folds 
Uncalled bet ($0.05) returned to AGVsmarT
AGVsmarT collected $0.14 from pot
*** SUMMARY ***
Total pot $0.15 | Rake $0.01 
Board [Ks Qd Ad]
Seat 1: Francdzo folded before Flop (didn't bet)
Seat 2: Coyote1895 folded before Flop (didn't bet)
Seat 3: Maria1995587 folded before Flop (didn't bet)
Seat 4: panKastus folded before Flop (didn't bet)
Seat 6: AGVsmarT collected ($0.14)
Seat 7: Dorex2007 (button) folded before Flop (didn't bet)
Seat 8: Kallem28 (small blind) folded on the Flop
Seat 9: bucerias16 (big blind) folded on the Flop



PokerStars Hand #237545760886:  Hold'em No Limit ($0.02/$0.05 USD) - 2022/07/23 17:40:03 PT [2022/07/23 20:40:03 ET]
Table 'Vindobona' 9-max Seat #8 is the button
Seat 1: Francdzo ($5.07 in chips) 
Seat 2: Coyote1895 ($12.35 in chips) 
Seat 3: Maria1995587 ($11.26 in chips) 
Seat 4: panKastus ($15.84 in chips) 
Seat 6: AGVsmarT ($4.98 in chips) 
Seat 7: Dorex2007 ($5.67 in chips) 
Seat 8: Kallem28 ($4.85 in chips) 
Seat 9: bucerias16 ($6.85 in chips) 
bucerias16: posts small blind $0.02
Francdzo: posts big blind $0.05
*** HOLE CARDS ***
Dealt to Dorex2007 [5d 4d]
Coyote1895: calls $0.05
Maria1995587: folds 
panKastus: folds 
AGVsmarT: folds 
Dorex2007: folds 
Kallem28: folds 
bucerias16: folds 
Francdzo: checks 
*** FLOP *** [6h 8d Kc]
Francdzo: checks 
Coyote1895: bets $0.12
Francdzo: folds 
Uncalled bet ($0.12) returned to Coyote1895
Coyote1895 collected $0.12 from pot
*** SUMMARY ***
Total pot $0.12 | Rake $0 
Board [6h 8d Kc]
Seat 1: Francdzo (big blind) folded on the Flop
Seat 2: Coyote1895 collected ($0.12)
Seat 3: Maria1995587 folded before Flop (didn't bet)
Seat 4: panKastus folded before Flop (didn't bet)
Seat 6: AGVsmarT folded before Flop (didn't bet)
Seat 7: Dorex2007 folded before Flop (didn't bet)
Seat 8: Kallem28 (button) folded before Flop (didn't bet)
Seat 9: bucerias16 (small blind) folded before Flop



PokerStars Hand #237545769362:  Hold'em No Limit ($0.02/$0.05 USD) - 2022/07/23 17:40:42 PT [2022/07/23 20:40:42 ET]
Table 'Vindobona' 9-max Seat #9 is the button
Seat 1: Francdzo ($5.02 in chips) 
Seat 2: Coyote1895 ($12.42 in chips) 
Seat 3: Maria1995587 ($11.26 in chips) 
Seat 4: panKastus ($15.84 in chips) 
Seat 6: AGVsmarT ($4.98 in chips) 
Seat 7: Dorex2007 ($5.67 in chips) 
Seat 8: Kallem28 ($4.85 in chips) 
Seat 9: bucerias16 ($6.83 in chips) 
Francdzo: posts small blind $0.02
Coyote1895: posts big blind $0.05
*** HOLE CARDS ***
Dealt to Dorex2007 [Kc 5c]
Maria1995587: raises $0.10 to $0.15
panKastus: folds 
AGVsmarT: folds 
Dorex2007: folds 
Kallem28: folds 
bucerias16: calls $0.15
Francdzo: folds 
Coyote1895: folds 
*** FLOP *** [Qs 2d 7s]
Maria1995587: checks 
bucerias16: checks 
*** TURN *** [Qs 2d 7s] [Tc]
Maria1995587: bets $0.30
bucerias16: folds 
Uncalled bet ($0.30) returned to Maria1995587
Maria1995587 collected $0.35 from pot
*** SUMMARY ***
Total pot $0.37 | Rake $0.02 
Board [Qs 2d 7s Tc]
Seat 1: Francdzo (small blind) folded before Flop
Seat 2: Coyote1895 (big blind) folded before Flop
Seat 3: Maria1995587 collected ($0.35)
Seat 4: panKastus folded before Flop (didn't bet)
Seat 6: AGVsmarT folded before Flop (didn't bet)
Seat 7: Dorex2007 folded before Flop (didn't bet)
Seat 8: Kallem28 folded before Flop (didn't bet)
Seat 9: bucerias16 (button) folded on the Turn



PokerStars Hand #237545782076:  Hold'em No Limit ($0.02/$0.05 USD) - 2022/07/23 17:41:39 PT [2022/07/23 20:41:39 ET]
Table 'Vindobona' 9-max Seat #1 is the button
Seat 1: Francdzo ($5 in chips) 
Seat 2: Coyote1895 ($12.37 in chips) 
Seat 3: Maria1995587 ($11.46 in chips) 
Seat 4: panKastus ($15.84 in chips) 
Seat 6: AGVsmarT ($4.98 in chips) 
Seat 7: Dorex2007 ($5.67 in chips) 
Seat 8: Kallem28 ($4.85 in chips) 
Seat 9: bucerias16 ($6.68 in chips) 
Coyote1895: posts small blind $0.02
Maria1995587: posts big blind $0.05
*** HOLE CARDS ***
Dealt to Dorex2007 [4h 7h]
panKastus: folds 
AGVsmarT: calls $0.05
Dorex2007: folds 
Kallem28: raises $0.15 to $0.20
bucerias16: folds 
Francdzo: calls $0.20
Coyote1895: folds 
Maria1995587: calls $0.15
AGVsmarT: calls $0.15
*** FLOP *** [9d 2c 2d]
Maria1995587: checks 
AGVsmarT: bets $0.20
Kallem28: calls $0.20
Francdzo: folds 
Maria1995587: folds 
*** TURN *** [9d 2c 2d] [5h]
AGVsmarT: bets $0.20
Kallem28: calls $0.20
*** RIVER *** [9d 2c 2d 5h] [8s]
AGVsmarT: bets $0.60
Kallem28: raises $3.59 to $4.19
AGVsmarT: folds 
Uncalled bet ($3.59) returned to Kallem28
Kallem28 collected $2.70 from pot
*** SUMMARY ***
Total pot $2.82 | Rake $0.12 
Board [9d 2c 2d 5h 8s]
Seat 1: Francdzo (button) folded on the Flop
Seat 2: Coyote1895 (small blind) folded before Flop
Seat 3: Maria1995587 (big blind) folded on the Flop
Seat 4: panKastus folded before Flop (didn't bet)
Seat 6: AGVsmarT folded on the River
Seat 7: Dorex2007 folded before Flop (didn't bet)
Seat 8: Kallem28 collected ($2.70)
Seat 9: bucerias16 folded before Flop (didn't bet)



PokerStars Hand #237545799000:  Hold'em No Limit ($0.02/$0.05 USD) - 2022/07/23 17:42:57 PT [2022/07/23 20:42:57 ET]
Table 'Vindobona' 9-max Seat #2 is the button
Seat 1: Francdzo ($5 in chips) 
Seat 2: Coyote1895 ($12.35 in chips) 
Seat 3: Maria1995587 ($11.26 in chips) 
Seat 4: panKastus ($15.84 in chips) 
Seat 6: AGVsmarT ($3.78 in chips) 
Seat 7: Dorex2007 ($5.67 in chips) 
Seat 8: Kallem28 ($6.35 in chips) 
Seat 9: bucerias16 ($6.68 in chips) 
Maria1995587: posts small blind $0.02
panKastus: posts big blind $0.05
*** HOLE CARDS ***
Dealt to Dorex2007 [6d Ad]
AGVsmarT: folds 
Dorex2007: raises $0.10 to $0.15
Kallem28: folds 
bucerias16: folds 
Francdzo: folds 
Coyote1895: calls $0.15
Maria1995587: folds 
panKastus: calls $0.10
*** FLOP *** [9s 8s 7d]
panKastus: checks 
Dorex2007: checks 
Coyote1895: checks 
*** TURN *** [9s 8s 7d] [5h]
panKastus: checks 
Dorex2007: bets $0.45
Coyote1895: folds 
panKastus: folds 
Uncalled bet ($0.45) returned to Dorex2007
Dorex2007 collected $0.45 from pot
*** SUMMARY ***
Total pot $0.47 | Rake $0.02 
Board [9s 8s 7d 5h]
Seat 1: Francdzo folded before Flop (didn't bet)
Seat 2: Coyote1895 (button) folded on the Turn
Seat 3: Maria1995587 (small blind) folded before Flop
Seat 4: panKastus (big blind) folded on the Turn
Seat 6: AGVsmarT folded before Flop (didn't bet)
Seat 7: Dorex2007 collected ($0.45)
Seat 8: Kallem28 folded before Flop (didn't bet)
Seat 9: bucerias16 folded before Flop (didn't bet)



PokerStars Hand #237545805496:  Hold'em No Limit ($0.02/$0.05 USD) - 2022/07/23 17:43:27 PT [2022/07/23 20:43:27 ET]
Table 'Vindobona' 9-max Seat #3 is the button
Seat 1: Francdzo ($5 in chips) 
Seat 2: Coyote1895 ($12.20 in chips) 
Seat 3: Maria1995587 ($11.24 in chips) 
Seat 4: panKastus ($15.69 in chips) 
Seat 6: AGVsmarT ($3.78 in chips) 
Seat 7: Dorex2007 ($5.97 in chips) 
Seat 8: Kallem28 ($6.35 in chips) 
Seat 9: bucerias16 ($6.68 in chips) 
panKastus: posts small blind $0.02
AGVsmarT: posts big blind $0.05
*** HOLE CARDS ***
Dealt to Dorex2007 [Ad 9c]
Dorex2007: folds 
Kallem28: folds 
bucerias16: raises $0.10 to $0.15
Francdzo: folds 
Coyote1895: folds 
Maria1995587: calls $0.15
panKastus: folds 
AGVsmarT: calls $0.10
*** FLOP *** [Ts 7h Qd]
AGVsmarT: checks 
bucerias16: bets $0.25
Maria1995587: folds 
AGVsmarT: folds 
Uncalled bet ($0.25) returned to bucerias16
bucerias16 collected $0.45 from pot
*** SUMMARY ***
Total pot $0.47 | Rake $0.02 
Board [Ts 7h Qd]
Seat 1: Francdzo folded before Flop (didn't bet)
Seat 2: Coyote1895 folded before Flop (didn't bet)
Seat 3: Maria1995587 (button) folded on the Flop
Seat 4: panKastus (small blind) folded before Flop
Seat 6: AGVsmarT (big blind) folded on the Flop
Seat 7: Dorex2007 folded before Flop (didn't bet)
Seat 8: Kallem28 folded before Flop (didn't bet)
Seat 9: bucerias16 collected ($0.45)



PokerStars Hand #237545814517:  Hold'em No Limit ($0.02/$0.05 USD) - 2022/07/23 17:44:08 PT [2022/07/23 20:44:08 ET]
Table 'Vindobona' 9-max Seat #4 is the button
Seat 1: Francdzo ($5 in chips) 
Seat 2: Coyote1895 ($12.20 in chips) 
Seat 3: Maria1995587 ($11.09 in chips) 
Seat 4: panKastus ($15.67 in chips) 
Seat 6: AGVsmarT ($3.63 in chips) 
Seat 7: Dorex2007 ($5.97 in chips) 
Seat 8: Kallem28 ($6.35 in chips) 
Seat 9: bucerias16 ($6.98 in chips) 
AGVsmarT: posts small blind $0.02
Dorex2007: posts big blind $0.05
*** HOLE CARDS ***
Dealt to Dorex2007 [Ks Kd]
Kallem28: folds 
bucerias16: folds 
Francdzo: folds 
Coyote1895: folds 
Maria1995587: calls $0.05
panKastus: folds 
AGVsmarT: calls $0.03
Dorex2007: raises $0.20 to $0.25
Maria1995587: folds 
AGVsmarT: folds 
Uncalled bet ($0.20) returned to Dorex2007
Dorex2007 collected $0.15 from pot
*** SUMMARY ***
Total pot $0.15 | Rake $0 
Seat 1: Francdzo folded before Flop (didn't bet)
Seat 2: Coyote1895 folded before Flop (didn't bet)
Seat 3: Maria1995587 folded before Flop
Seat 4: panKastus (button) folded before Flop (didn't bet)
Seat 6: AGVsmarT (small blind) folded before Flop
Seat 7: Dorex2007 (big blind) collected ($0.15)
Seat 8: Kallem28 folded before Flop (didn't bet)
Seat 9: bucerias16 folded before Flop (didn't bet)



PokerStars Hand #237545823738:  Hold'em No Limit ($0.02/$0.05 USD) - 2022/07/23 17:44:35 PT [2022/07/23 20:44:35 ET]
Table 'Vindobona' 9-max Seat #6 is the button
Seat 1: Francdzo ($5 in chips) 
Seat 2: Coyote1895 ($12.20 in chips) 
Seat 3: Maria1995587 ($11.04 in chips) 
Seat 4: panKastus ($15.67 in chips) 
Seat 6: AGVsmarT ($3.58 in chips) 
Seat 7: Dorex2007 ($6.07 in chips) 
Seat 8: Kallem28 ($6.35 in chips) 
Seat 9: bucerias16 ($6.98 in chips) 
Dorex2007: posts small blind $0.02
Kallem28: posts big blind $0.05
*** HOLE CARDS ***
Dealt to Dorex2007 [Ac Ah]
bucerias16: folds 
Francdzo: folds 
Coyote1895: folds 
Maria1995587: raises $0.10 to $0.15
panKastus: folds 
AGVsmarT: folds 
Dorex2007: raises $0.25 to $0.40
Kallem28: folds 
Maria1995587: folds 
Uncalled bet ($0.25) returned to Dorex2007
Dorex2007 collected $0.35 from pot
*** SUMMARY ***
Total pot $0.35 | Rake $0 
Seat 1: Francdzo folded before Flop (didn't bet)
Seat 2: Coyote1895 folded before Flop (didn't bet)
Seat 3: Maria1995587 folded before Flop
Seat 4: panKastus folded before Flop (didn't bet)
Seat 6: AGVsmarT (button) folded before Flop (didn't bet)
Seat 7: Dorex2007 (small blind) collected ($0.35)
Seat 8: Kallem28 (big blind) folded before Flop
Seat 9: bucerias16 folded before Flop (didn't bet)



PokerStars Hand #237545831153:  Hold'em No Limit ($0.02/$0.05 USD) - 2022/07/23 17:45:09 PT [2022/07/23 20:45:09 ET]
Table 'Vindobona' 9-max Seat #7 is the button
Seat 1: Francdzo ($5 in chips) 
Seat 2: Coyote1895 ($12.20 in chips) 
Seat 3: Maria1995587 ($10.89 in chips) 
Seat 4: panKastus ($15.67 in chips) 
Seat 6: AGVsmarT ($3.58 in chips) 
Seat 7: Dorex2007 ($6.27 in chips) 
Seat 8: Kallem28 ($6.30 in chips) 
Seat 9: bucerias16 ($6.98 in chips) 
Kallem28: posts small blind $0.02
bucerias16: posts big blind $0.05
*** HOLE CARDS ***
Dealt to Dorex2007 [Jh Tc]
Francdzo: folds 
Coyote1895: folds 
Maria1995587: calls $0.05
panKastus: folds 
AGVsmarT: calls $0.05
Dorex2007: folds 
Kallem28: raises $0.20 to $0.25
bucerias16: folds 
Maria1995587: folds 
AGVsmarT: folds 
Uncalled bet ($0.20) returned to Kallem28
Kallem28 collected $0.20 from pot
*** SUMMARY ***
Total pot $0.20 | Rake $0 
Seat 1: Francdzo folded before Flop (didn't bet)
Seat 2: Coyote1895 folded before Flop (didn't bet)
Seat 3: Maria1995587 folded before Flop
Seat 4: panKastus folded before Flop (didn't bet)
Seat 6: AGVsmarT folded before Flop
Seat 7: Dorex2007 (button) folded before Flop (didn't bet)
Seat 8: Kallem28 (small blind) collected ($0.20)
Seat 9: bucerias16 (big blind) folded before Flop



PokerStars Hand #237545836336:  Hold'em No Limit ($0.02/$0.05 USD) - 2022/07/23 17:45:33 PT [2022/07/23 20:45:33 ET]
Table 'Vindobona' 9-max Seat #8 is the button
Seat 1: Francdzo ($5 in chips) 
Seat 2: Coyote1895 ($12.20 in chips) 
Seat 3: Maria1995587 ($10.84 in chips) 
Seat 4: panKastus ($15.67 in chips) 
Seat 6: AGVsmarT ($3.53 in chips) 
Seat 7: Dorex2007 ($6.27 in chips) 
Seat 8: Kallem28 ($6.45 in chips) 
Seat 9: bucerias16 ($6.93 in chips) 
bucerias16: posts small blind $0.02
Francdzo: posts big blind $0.05
*** HOLE CARDS ***
Dealt to Dorex2007 [2s 6h]
Coyote1895: raises $0.10 to $0.15
Maria1995587: folds 
panKastus: calls $0.15
AGVsmarT: calls $0.15
Dorex2007: folds 
Kallem28: folds 
bucerias16: folds 
Francdzo: folds 
*** FLOP *** [7h Jc 9s]
Coyote1895: bets $0.50
panKastus: calls $0.50
AGVsmarT: folds 
*** TURN *** [7h Jc 9s] [9d]
Coyote1895: checks 
panKastus: checks 
*** RIVER *** [7h Jc 9s 9d] [Th]
Coyote1895: checks 
panKastus: checks 
*** SHOW DOWN ***
Coyote1895: shows [Kc Jh] (two pair, Jacks and Nines)
panKastus: mucks hand 
Coyote1895 collected $1.46 from pot
*** SUMMARY ***
Total pot $1.52 | Rake $0.06 
Board [7h Jc 9s 9d Th]
Seat 1: Francdzo (big blind) folded before Flop
Seat 2: Coyote1895 showed [Kc Jh] and won ($1.46) with two pair, Jacks and Nines
Seat 3: Maria1995587 folded before Flop (didn't bet)
Seat 4: panKastus mucked [Td Kd]
Seat 6: AGVsmarT folded on the Flop
Seat 7: Dorex2007 folded before Flop (didn't bet)
Seat 8: Kallem28 (button) folded before Flop (didn't bet)
Seat 9: bucerias16 (small blind) folded before Flop



PokerStars Hand #237545845807:  Hold'em No Limit ($0.02/$0.05 USD) - 2022/07/23 17:46:17 PT [2022/07/23 20:46:17 ET]
Table 'Vindobona' 9-max Seat #9 is the button
Seat 1: Francdzo ($5 in chips) 
Seat 2: Coyote1895 ($13.01 in chips) 
Seat 3: Maria1995587 ($10.84 in chips) 
Seat 4: panKastus ($15.02 in chips) 
Seat 6: AGVsmarT ($3.38 in chips) 
Seat 7: Dorex2007 ($6.27 in chips) 
Seat 8: Kallem28 ($6.45 in chips) 
Seat 9: bucerias16 ($6.91 in chips) 
Francdzo: posts small blind $0.02
Coyote1895: posts big blind $0.05
*** HOLE CARDS ***
Dealt to Dorex2007 [Kh 9d]
Maria1995587: folds 
panKastus: folds 
AGVsmarT: calls $0.05
Dorex2007: folds 
Kallem28: folds 
bucerias16: calls $0.05
Francdzo: folds 
Coyote1895: raises $0.20 to $0.25
AGVsmarT: folds 
bucerias16: folds 
Uncalled bet ($0.20) returned to Coyote1895
Coyote1895 collected $0.17 from pot
*** SUMMARY ***
Total pot $0.17 | Rake $0 
Seat 1: Francdzo (small blind) folded before Flop
Seat 2: Coyote1895 (big blind) collected ($0.17)
Seat 3: Maria1995587 folded before Flop (didn't bet)
Seat 4: panKastus folded before Flop (didn't bet)
Seat 6: AGVsmarT folded before Flop
Seat 7: Dorex2007 folded before Flop (didn't bet)
Seat 8: Kallem28 folded before Flop (didn't bet)
Seat 9: bucerias16 (button) folded before Flop



PokerStars Hand #237545851750:  Hold'em No Limit ($0.02/$0.05 USD) - 2022/07/23 17:46:44 PT [2022/07/23 20:46:44 ET]
Table 'Vindobona' 9-max Seat #1 is the button
Seat 1: Francdzo ($5 in chips) 
Seat 2: Coyote1895 ($13.13 in chips) 
Seat 3: Maria1995587 ($10.84 in chips) 
Seat 4: panKastus ($15.02 in chips) 
Seat 6: AGVsmarT ($3.33 in chips) 
Seat 7: Dorex2007 ($6.27 in chips) 
Seat 8: Kallem28 ($6.45 in chips) 
Seat 9: bucerias16 ($6.86 in chips) 
Coyote1895: posts small blind $0.02
Maria1995587: posts big blind $0.05
*** HOLE CARDS ***
Dealt to Dorex2007 [3d 7h]
panKastus: folds 
AGVsmarT: folds 
Dorex2007: folds 
Kallem28: folds 
bucerias16: folds 
Francdzo: raises $0.10 to $0.15
Coyote1895: folds 
Maria1995587: folds 
Uncalled bet ($0.10) returned to Francdzo
Francdzo collected $0.12 from pot
*** SUMMARY ***
Total pot $0.12 | Rake $0 
Seat 1: Francdzo (button) collected ($0.12)
Seat 2: Coyote1895 (small blind) folded before Flop
Seat 3: Maria1995587 (big blind) folded before Flop
Seat 4: panKastus folded before Flop (didn't bet)
Seat 6: AGVsmarT folded before Flop (didn't bet)
Seat 7: Dorex2007 folded before Flop (didn't bet)
Seat 8: Kallem28 folded before Flop (didn't bet)
Seat 9: bucerias16 folded before Flop (didn't bet)



PokerStars Hand #237545982114:  Hold'em No Limit ($0.02/$0.05 USD) - 2022/07/23 17:55:03 PT [2022/07/23 20:55:03 ET]
Table 'Vindobona' 9-max Seat #8 is the button
Seat 1: Francdzo ($5.41 in chips) 
Seat 2: Coyote1895 ($12.38 in chips) 
Seat 3: Maria1995587 ($11.13 in chips) 
Seat 4: panKastus ($13.95 in chips) 
Seat 6: AGVsmarT ($3.37 in chips) 
Seat 7: Dorex2007 ($6.27 in chips) 
Seat 8: Kallem28 ($8.87 in chips) 
Seat 9: bucerias16 ($7.87 in chips) 
bucerias16: posts small blind $0.02
Francdzo: posts big blind $0.05
Dorex2007: posts small & big blinds $0.07
*** HOLE CARDS ***
Dealt to Dorex2007 [Kc Td]
Coyote1895: folds 
Maria1995587: raises $0.10 to $0.15
panKastus: folds 
AGVsmarT: folds 
Dorex2007: calls $0.10
Kallem28: folds 
bucerias16: raises $0.35 to $0.50
Francdzo: folds 
Maria1995587: folds 
Dorex2007: folds 
Uncalled bet ($0.35) returned to bucerias16
bucerias16 collected $0.52 from pot
*** SUMMARY ***
Total pot $0.52 | Rake $0 
Seat 1: Francdzo (big blind) folded before Flop
Seat 2: Coyote1895 folded before Flop (didn't bet)
Seat 3: Maria1995587 folded before Flop
Seat 4: panKastus folded before Flop (didn't bet)
Seat 6: AGVsmarT folded before Flop (didn't bet)
Seat 7: Dorex2007 folded before Flop
Seat 8: Kallem28 (button) folded before Flop (didn't bet)
Seat 9: bucerias16 (small blind) collected ($0.52)



PokerStars Hand #237545987445:  Hold'em No Limit ($0.02/$0.05 USD) - 2022/07/23 17:55:30 PT [2022/07/23 20:55:30 ET]
Table 'Vindobona' 9-max Seat #9 is the button
Seat 1: Francdzo ($5.36 in chips) 
Seat 2: Coyote1895 ($12.38 in chips) 
Seat 3: Maria1995587 ($10.98 in chips) 
Seat 4: panKastus ($13.95 in chips) 
Seat 6: AGVsmarT ($3.37 in chips) 
Seat 7: Dorex2007 ($6.10 in chips) 
Seat 8: Kallem28 ($8.87 in chips) 
Seat 9: bucerias16 ($8.24 in chips) 
Francdzo: posts small blind $0.02
Coyote1895: posts big blind $0.05
*** HOLE CARDS ***
Dealt to Dorex2007 [5h 9c]
Maria1995587: folds 
panKastus: folds 
AGVsmarT: folds 
Dorex2007: folds 
Kallem28: folds 
bucerias16: folds 
Francdzo: raises $0.10 to $0.15
Coyote1895: folds 
Uncalled bet ($0.10) returned to Francdzo
Francdzo collected $0.10 from pot
*** SUMMARY ***
Total pot $0.10 | Rake $0 
Seat 1: Francdzo (small blind) collected ($0.10)
Seat 2: Coyote1895 (big blind) folded before Flop
Seat 3: Maria1995587 folded before Flop (didn't bet)
Seat 4: panKastus folded before Flop (didn't bet)
Seat 6: AGVsmarT folded before Flop (didn't bet)
Seat 7: Dorex2007 folded before Flop (didn't bet)
Seat 8: Kallem28 folded before Flop (didn't bet)
Seat 9: bucerias16 (button) folded before Flop (didn't bet)



PokerStars Hand #237545990237:  Hold'em No Limit ($0.02/$0.05 USD) - 2022/07/23 17:55:46 PT [2022/07/23 20:55:46 ET]
Table 'Vindobona' 9-max Seat #1 is the button
Seat 1: Francdzo ($5.41 in chips) 
Seat 2: Coyote1895 ($12.33 in chips) 
Seat 3: Maria1995587 ($10.98 in chips) 
Seat 4: panKastus ($13.95 in chips) 
Seat 6: AGVsmarT ($3.37 in chips) 
Seat 7: Dorex2007 ($6.10 in chips) 
Seat 8: Kallem28 ($8.87 in chips) 
Seat 9: bucerias16 ($8.24 in chips) 
Coyote1895: posts small blind $0.02
Maria1995587: posts big blind $0.05
*** HOLE CARDS ***
Dealt to Dorex2007 [Th 2d]
panKastus: folds 
AGVsmarT: calls $0.05
Dorex2007: folds 
Kallem28: folds 
bucerias16: folds 
Francdzo: folds 
Francdzo leaves the table
Coyote1895: folds 
Maria1995587: checks 
*** FLOP *** [3h 2c Tc]
Maria1995587: checks 
AGVsmarT: checks 
*** TURN *** [3h 2c Tc] [6c]
Maria1995587: checks 
AGVsmarT: checks 
*** RIVER *** [3h 2c Tc 6c] [Qh]
Maria1995587: checks 
AGVsmarT: checks 
*** SHOW DOWN ***
Maria1995587: shows [7d 5h] (high card Queen)
AGVsmarT: shows [As 5c] (high card Ace)
AGVsmarT collected $0.12 from pot
*** SUMMARY ***
Total pot $0.12 | Rake $0 
Board [3h 2c Tc 6c Qh]
Seat 1: Francdzo (button) folded before Flop (didn't bet)
Seat 2: Coyote1895 (small blind) folded before Flop
Seat 3: Maria1995587 (big blind) showed [7d 5h] and lost with high card Queen
Seat 4: panKastus folded before Flop (didn't bet)
Seat 6: AGVsmarT showed [As 5c] and won ($0.12) with high card Ace
Seat 7: Dorex2007 folded before Flop (didn't bet)
Seat 8: Kallem28 folded before Flop (didn't bet)
Seat 9: bucerias16 folded before Flop (didn't bet)



PokerStars Hand #237545999618:  Hold'em No Limit ($0.02/$0.05 USD) - 2022/07/23 17:56:39 PT [2022/07/23 20:56:39 ET]
Table 'Vindobona' 9-max Seat #2 is the button
Seat 2: Coyote1895 ($12.31 in chips) 
Seat 3: Maria1995587 ($10.93 in chips) 
Seat 4: panKastus ($13.95 in chips) 
Seat 6: AGVsmarT ($3.44 in chips) 
Seat 7: Dorex2007 ($6.10 in chips) 
Seat 8: Kallem28 ($8.87 in chips) 
Maria1995587: posts small blind $0.02
panKastus: posts big blind $0.05
*** HOLE CARDS ***
Dealt to Dorex2007 [5s Ts]
AGVsmarT: raises $0.10 to $0.15
Dorex2007: folds 
Kallem28: folds 
Coyote1895: folds 
Maria1995587: folds 
panKastus: folds 
Uncalled bet ($0.10) returned to AGVsmarT
AGVsmarT collected $0.12 from pot
*** SUMMARY ***
Total pot $0.12 | Rake $0 
Seat 2: Coyote1895 (button) folded before Flop (didn't bet)
Seat 3: Maria1995587 (small blind) folded before Flop
Seat 4: panKastus (big blind) folded before Flop
Seat 6: AGVsmarT collected ($0.12)
Seat 7: Dorex2007 folded before Flop (didn't bet)
Seat 8: Kallem28 folded before Flop (didn't bet)



PokerStars Hand #237546001576:  Hold'em No Limit ($0.02/$0.05 USD) - 2022/07/23 17:56:50 PT [2022/07/23 20:56:50 ET]
Table 'Vindobona' 9-max Seat #3 is the button
Seat 2: Coyote1895 ($12.31 in chips) 
Seat 3: Maria1995587 ($10.91 in chips) 
Seat 4: panKastus ($13.90 in chips) 
Seat 6: AGVsmarT ($3.51 in chips) 
Seat 7: Dorex2007 ($6.10 in chips) 
Seat 8: Kallem28 ($8.87 in chips) 
panKastus: posts small blind $0.02
AGVsmarT: posts big blind $0.05
*** HOLE CARDS ***
Dealt to Dorex2007 [Ah Qc]
Dorex2007: raises $0.10 to $0.15
Kallem28: folds 
Coyote1895: folds 
Maria1995587: folds 
panKastus: folds 
AGVsmarT: folds 
Uncalled bet ($0.10) returned to Dorex2007
Dorex2007 collected $0.12 from pot
*** SUMMARY ***
Total pot $0.12 | Rake $0 
Seat 2: Coyote1895 folded before Flop (didn't bet)
Seat 3: Maria1995587 (button) folded before Flop (didn't bet)
Seat 4: panKastus (small blind) folded before Flop
Seat 6: AGVsmarT (big blind) folded before Flop
Seat 7: Dorex2007 collected ($0.12)
Seat 8: Kallem28 folded before Flop (didn't bet)



PokerStars Hand #237546004935:  Hold'em No Limit ($0.02/$0.05 USD) - 2022/07/23 17:57:08 PT [2022/07/23 20:57:08 ET]
Table 'Vindobona' 9-max Seat #4 is the button
Seat 2: Coyote1895 ($12.31 in chips) 
Seat 3: Maria1995587 ($10.91 in chips) 
Seat 4: panKastus ($13.88 in chips) 
Seat 6: AGVsmarT ($3.46 in chips) 
Seat 7: Dorex2007 ($6.17 in chips) 
Seat 8: Kallem28 ($8.87 in chips) 
AGVsmarT: posts small blind $0.02
Dorex2007: posts big blind $0.05
*** HOLE CARDS ***
Dealt to Dorex2007 [5h Ad]
Kallem28: folds 
Coyote1895: folds 
Maria1995587: folds 
panKastus: folds 
AGVsmarT: folds 
Uncalled bet ($0.03) returned to Dorex2007
Dorex2007 collected $0.04 from pot
*** SUMMARY ***
Total pot $0.04 | Rake $0 
Seat 2: Coyote1895 folded before Flop (didn't bet)
Seat 3: Maria1995587 folded before Flop (didn't bet)
Seat 4: panKastus (button) folded before Flop (didn't bet)
Seat 6: AGVsmarT (small blind) folded before Flop
Seat 7: Dorex2007 (big blind) collected ($0.04)
Seat 8: Kallem28 folded before Flop (didn't bet)



PokerStars Hand #237546006501:  Hold'em No Limit ($0.02/$0.05 USD) - 2022/07/23 17:57:17 PT [2022/07/23 20:57:17 ET]
Table 'Vindobona' 9-max Seat #6 is the button
Seat 2: Coyote1895 ($12.31 in chips) 
Seat 3: Maria1995587 ($10.91 in chips) 
Seat 4: panKastus ($13.88 in chips) 
Seat 6: AGVsmarT ($3.44 in chips) 
Seat 7: Dorex2007 ($6.19 in chips) 
Seat 8: Kallem28 ($8.87 in chips) 
Dorex2007: posts small blind $0.02
Kallem28: posts big blind $0.05
*** HOLE CARDS ***
Dealt to Dorex2007 [Js Kc]
Coyote1895: raises $0.10 to $0.15
Maria1995587: folds 
panKastus: folds 
AGVsmarT: calls $0.15
Dorex2007: folds 
Kallem28: folds 
*** FLOP *** [4h 8s 6c]
Coyote1895: checks 
AGVsmarT: bets $0.10
Coyote1895: calls $0.10
*** TURN *** [4h 8s 6c] [Ah]
Coyote1895: bets $0.37
AGVsmarT: calls $0.37
*** RIVER *** [4h 8s 6c Ah] [Ts]
Coyote1895: checks 
AGVsmarT: checks 
*** SHOW DOWN ***
Coyote1895: shows [Kd Jh] (high card Ace)
AGVsmarT: shows [Ad 5d] (a pair of Aces)
AGVsmarT collected $1.26 from pot
*** SUMMARY ***
Total pot $1.31 | Rake $0.05 
Board [4h 8s 6c Ah Ts]
Seat 2: Coyote1895 showed [Kd Jh] and lost with high card Ace
Seat 3: Maria1995587 folded before Flop (didn't bet)
Seat 4: panKastus folded before Flop (didn't bet)
Seat 6: AGVsmarT (button) showed [Ad 5d] and won ($1.26) with a pair of Aces
Seat 7: Dorex2007 (small blind) folded before Flop
Seat 8: Kallem28 (big blind) folded before Flop



PokerStars Hand #237546013700:  Hold'em No Limit ($0.02/$0.05 USD) - 2022/07/23 17:57:57 PT [2022/07/23 20:57:57 ET]
Table 'Vindobona' 9-max Seat #7 is the button
Seat 2: Coyote1895 ($11.69 in chips) 
Seat 3: Maria1995587 ($10.91 in chips) 
Seat 4: panKastus ($13.88 in chips) 
Seat 6: AGVsmarT ($4.08 in chips) 
Seat 7: Dorex2007 ($6.17 in chips) 
Seat 8: Kallem28 ($8.82 in chips) 
Kallem28: posts small blind $0.02
Coyote1895: posts big blind $0.05
*** HOLE CARDS ***
Dealt to Dorex2007 [Jc 8d]
Maria1995587: calls $0.05
panKastus: calls $0.05
AGVsmarT: folds 
Dorex2007: folds 
Kallem28: calls $0.03
Coyote1895: checks 
*** FLOP *** [Ac Jh 4c]
Kallem28: bets $0.06
Coyote1895: folds 
Maria1995587: raises $0.29 to $0.35
panKastus: folds 
Kallem28: calls $0.29
*** TURN *** [Ac Jh 4c] [Jd]
Kallem28: checks 
Maria1995587: checks 
*** RIVER *** [Ac Jh 4c Jd] [3c]
Kallem28: checks 
Maria1995587: checks 
*** SHOW DOWN ***
Kallem28: shows [Qc 8c] (a flush, Ace high)
Maria1995587: mucks hand 
Kallem28 collected $0.86 from pot
*** SUMMARY ***
Total pot $0.90 | Rake $0.04 
Board [Ac Jh 4c Jd 3c]
Seat 2: Coyote1895 (big blind) folded on the Flop
Seat 3: Maria1995587 mucked [As 4h]
Seat 4: panKastus folded on the Flop
Seat 6: AGVsmarT folded before Flop (didn't bet)
Seat 7: Dorex2007 (button) folded before Flop (didn't bet)
Seat 8: Kallem28 (small blind) showed [Qc 8c] and won ($0.86) with a flush, Ace high



PokerStars Hand #237546021403:  Hold'em No Limit ($0.02/$0.05 USD) - 2022/07/23 17:58:40 PT [2022/07/23 20:58:40 ET]
Table 'Vindobona' 9-max Seat #8 is the button
Seat 2: Coyote1895 ($11.64 in chips) 
Seat 3: Maria1995587 ($10.51 in chips) 
Seat 4: panKastus ($13.83 in chips) 
Seat 6: AGVsmarT ($4.08 in chips) 
Seat 7: Dorex2007 ($6.17 in chips) 
Seat 8: Kallem28 ($9.28 in chips) 
Coyote1895: posts small blind $0.02
Maria1995587: posts big blind $0.05
*** HOLE CARDS ***
Dealt to Dorex2007 [7h 4c]
panKastus: folds 
AGVsmarT: calls $0.05
Dorex2007: folds 
Palhares 1607 joins the table at seat #1 
Kallem28: folds 
Coyote1895: folds 
Maria1995587: checks 
*** FLOP *** [As Kh 3h]
Maria1995587: checks 
AGVsmarT: checks 
*** TURN *** [As Kh 3h] [3c]
Maria1995587: checks 
AGVsmarT: checks 
*** RIVER *** [As Kh 3h 3c] [Jh]
Maria1995587: checks 
AGVsmarT: checks 
*** SHOW DOWN ***
Maria1995587: shows [2d 2h] (two pair, Threes and Deuces)
AGVsmarT: mucks hand 
Maria1995587 collected $0.12 from pot
*** SUMMARY ***
Total pot $0.12 | Rake $0 
Board [As Kh 3h 3c Jh]
Seat 2: Coyote1895 (small blind) folded before Flop
Seat 3: Maria1995587 (big blind) showed [2d 2h] and won ($0.12) with two pair, Threes and Deuces
Seat 4: panKastus folded before Flop (didn't bet)
Seat 6: AGVsmarT mucked [9h Qd]
Seat 7: Dorex2007 folded before Flop (didn't bet)
Seat 8: Kallem28 (button) folded before Flop (didn't bet)



PokerStars Hand #237546026343:  Hold'em No Limit ($0.02/$0.05 USD) - 2022/07/23 17:59:07 PT [2022/07/23 20:59:07 ET]
Table 'Vindobona' 9-max Seat #2 is the button
Seat 2: Coyote1895 ($11.62 in chips) 
Seat 3: Maria1995587 ($10.58 in chips) 
Seat 4: panKastus ($13.83 in chips) 
Seat 6: AGVsmarT ($4.03 in chips) 
Seat 7: Dorex2007 ($6.17 in chips) 
Seat 8: Kallem28 ($9.28 in chips) 
Maria1995587: posts small blind $0.02
panKastus: posts big blind $0.05
Palhares 1607: sits out 
*** HOLE CARDS ***
Dealt to Dorex2007 [Qd 7h]
AGVsmarT: calls $0.05
Dorex2007: folds 
Kallem28: folds 
Coyote1895: raises $0.20 to $0.25
Maria1995587: folds 
panKastus: folds 
AGVsmarT: calls $0.20
*** FLOP *** [5c 7d 5s]
AGVsmarT: checks 
Coyote1895: bets $0.55
AGVsmarT: folds 
Uncalled bet ($0.55) returned to Coyote1895
Coyote1895 collected $0.55 from pot
*** SUMMARY ***
Total pot $0.57 | Rake $0.02 
Board [5c 7d 5s]
Seat 2: Coyote1895 (button) collected ($0.55)
Seat 3: Maria1995587 (small blind) folded before Flop
Seat 4: panKastus (big blind) folded before Flop
Seat 6: AGVsmarT folded on the Flop
Seat 7: Dorex2007 folded before Flop (didn't bet)
Seat 8: Kallem28 folded before Flop (didn't bet)



PokerStars Hand #237546033077:  Hold'em No Limit ($0.02/$0.05 USD) - 2022/07/23 17:59:44 PT [2022/07/23 20:59:44 ET]
Table 'Vindobona' 9-max Seat #3 is the button
Seat 1: Palhares 1607 ($2.71 in chips) 
Seat 2: Coyote1895 ($11.92 in chips) 
Seat 3: Maria1995587 ($10.56 in chips) 
Seat 4: panKastus ($13.78 in chips) 
Seat 6: AGVsmarT ($3.78 in chips) 
Seat 7: Dorex2007 ($6.17 in chips) 
Seat 8: Kallem28 ($9.28 in chips) 
panKastus: posts small blind $0.02
AGVsmarT: posts big blind $0.05
Palhares 1607: posts big blind $0.05
*** HOLE CARDS ***
Dealt to Dorex2007 [5c Td]
Dorex2007: folds 
Kallem28: folds 
Palhares 1607: checks 
Coyote1895: calls $0.05
Maria1995587: calls $0.05
panKastus: folds 
AGVsmarT: checks 
*** FLOP *** [2h Kd Qd]
AGVsmarT: bets $0.10
Palhares 1607: folds 
Coyote1895: folds 
Maria1995587: folds 
Uncalled bet ($0.10) returned to AGVsmarT
AGVsmarT collected $0.21 from pot
*** SUMMARY ***
Total pot $0.22 | Rake $0.01 
Board [2h Kd Qd]
Seat 1: Palhares 1607 folded on the Flop (didn't bet)
Seat 2: Coyote1895 folded on the Flop
Seat 3: Maria1995587 (button) folded on the Flop
Seat 4: panKastus (small blind) folded before Flop
Seat 6: AGVsmarT (big blind) collected ($0.21)
Seat 7: Dorex2007 folded before Flop (didn't bet)
Seat 8: Kallem28 folded before Flop (didn't bet)



PokerStars Hand #237546038753:  Hold'em No Limit ($0.02/$0.05 USD) - 2022/07/23 18:00:15 PT [2022/07/23 21:00:15 ET]
Table 'Vindobona' 9-max Seat #4 is the button
Seat 1: Palhares 1607 ($2.66 in chips) 
Seat 2: Coyote1895 ($11.87 in chips) 
Seat 3: Maria1995587 ($10.51 in chips) 
Seat 4: panKastus ($13.76 in chips) 
Seat 6: AGVsmarT ($3.94 in chips) 
Seat 7: Dorex2007 ($6.17 in chips) 
Seat 8: Kallem28 ($9.28 in chips) 
AGVsmarT: posts small blind $0.02
Dorex2007: posts big blind $0.05
*** HOLE CARDS ***
Dealt to Dorex2007 [Ac Jc]
Kallem28: folds 
Palhares 1607: calls $0.05
Coyote1895: folds 
Maria1995587: raises $0.10 to $0.15
panKastus: folds 
AGVsmarT: folds 
Dorex2007: calls $0.10
Palhares 1607: folds 
*** FLOP *** [Ah Ks 6d]
Dorex2007: checks 
Maria1995587: bets $0.17
Dorex2007: calls $0.17
*** TURN *** [Ah Ks 6d] [3s]
Dorex2007: checks 
Maria1995587: bets $0.68
Dorex2007: folds 
Uncalled bet ($0.68) returned to Maria1995587
Maria1995587 collected $0.68 from pot
*** SUMMARY ***
Total pot $0.71 | Rake $0.03 
Board [Ah Ks 6d 3s]
Seat 1: Palhares 1607 folded before Flop
Seat 2: Coyote1895 folded before Flop (didn't bet)
Seat 3: Maria1995587 collected ($0.68)
Seat 4: panKastus (button) folded before Flop (didn't bet)
Seat 6: AGVsmarT (small blind) folded before Flop
Seat 7: Dorex2007 (big blind) folded on the Turn
Seat 8: Kallem28 folded before Flop (didn't bet)



PokerStars Hand #237546048272:  Hold'em No Limit ($0.02/$0.05 USD) - 2022/07/23 18:01:04 PT [2022/07/23 21:01:04 ET]
Table 'Vindobona' 9-max Seat #6 is the button
Seat 1: Palhares 1607 ($2.61 in chips) 
Seat 2: Coyote1895 ($11.87 in chips) 
Seat 3: Maria1995587 ($10.87 in chips) 
Seat 4: panKastus ($13.76 in chips) 
Seat 6: AGVsmarT ($3.92 in chips) 
Seat 7: Dorex2007 ($5.85 in chips) 
Seat 8: Kallem28 ($9.28 in chips) 
Dorex2007: posts small blind $0.02
Kallem28: posts big blind $0.05
*** HOLE CARDS ***
Dealt to Dorex2007 [7s Qc]
Palhares 1607: folds 
Coyote1895: raises $0.10 to $0.15
Maria1995587: folds 
panKastus: folds 
AGVsmarT: folds 
Dorex2007: folds 
Kallem28: calls $0.10
*** FLOP *** [Qh As 3s]
Kallem28: checks 
Coyote1895: bets $0.31
Kallem28: folds 
Uncalled bet ($0.31) returned to Coyote1895
Coyote1895 collected $0.31 from pot
*** SUMMARY ***
Total pot $0.32 | Rake $0.01 
Board [Qh As 3s]
Seat 1: Palhares 1607 folded before Flop (didn't bet)
Seat 2: Coyote1895 collected ($0.31)
Seat 3: Maria1995587 folded before Flop (didn't bet)
Seat 4: panKastus folded before Flop (didn't bet)
Seat 6: AGVsmarT (button) folded before Flop (didn't bet)
Seat 7: Dorex2007 (small blind) folded before Flop
Seat 8: Kallem28 (big blind) folded on the Flop



PokerStars Hand #237546053251:  Hold'em No Limit ($0.02/$0.05 USD) - 2022/07/23 18:01:29 PT [2022/07/23 21:01:29 ET]
Table 'Vindobona' 9-max Seat #7 is the button
Seat 1: Palhares 1607 ($2.61 in chips) 
Seat 2: Coyote1895 ($12.03 in chips) 
Seat 3: Maria1995587 ($10.87 in chips) 
Seat 4: panKastus ($13.76 in chips) 
Seat 6: AGVsmarT ($3.92 in chips) 
Seat 7: Dorex2007 ($5.83 in chips) 
Seat 8: Kallem28 ($9.13 in chips) 
Kallem28: posts small blind $0.02
Palhares 1607: posts big blind $0.05
*** HOLE CARDS ***
Dealt to Dorex2007 [2h Qh]
Coyote1895: folds 
Maria1995587: calls $0.05
panKastus: folds 
AGVsmarT: raises $0.17 to $0.22
Dorex2007: folds 
Kallem28: folds 
Palhares 1607: folds 
Maria1995587: folds 
Uncalled bet ($0.17) returned to AGVsmarT
AGVsmarT collected $0.17 from pot
*** SUMMARY ***
Total pot $0.17 | Rake $0 
Seat 1: Palhares 1607 (big blind) folded before Flop
Seat 2: Coyote1895 folded before Flop (didn't bet)
Seat 3: Maria1995587 folded before Flop
Seat 4: panKastus folded before Flop (didn't bet)
Seat 6: AGVsmarT collected ($0.17)
Seat 7: Dorex2007 (button) folded before Flop (didn't bet)
Seat 8: Kallem28 (small blind) folded before Flop



PokerStars Hand #237546056940:  Hold'em No Limit ($0.02/$0.05 USD) - 2022/07/23 18:01:47 PT [2022/07/23 21:01:47 ET]
Table 'Vindobona' 9-max Seat #8 is the button
Seat 1: Palhares 1607 ($2.56 in chips) 
Seat 2: Coyote1895 ($12.03 in chips) 
Seat 3: Maria1995587 ($10.82 in chips) 
Seat 4: panKastus ($13.76 in chips) 
Seat 6: AGVsmarT ($4.04 in chips) 
Seat 7: Dorex2007 ($5.83 in chips) 
Seat 8: Kallem28 ($9.11 in chips) 
Palhares 1607: posts small blind $0.02
Coyote1895: posts big blind $0.05
*** HOLE CARDS ***
Dealt to Dorex2007 [5h 2h]
Maria1995587: folds 
panKastus: raises $0.15 to $0.20
AGVsmarT: folds 
Dorex2007: folds 
Kallem28: calls $0.20
Palhares 1607: folds 
Coyote1895: calls $0.15
*** FLOP *** [Ac Qs 9c]
Coyote1895: bets $0.59
panKastus: calls $0.59
Kallem28: folds 
*** TURN *** [Ac Qs 9c] [8s]
Coyote1895: checks 
panKastus: checks 
*** RIVER *** [Ac Qs 9c 8s] [7d]
Coyote1895: checks 
panKastus: checks 
*** SHOW DOWN ***
Coyote1895: shows [Qh Kc] (a pair of Queens)
panKastus: shows [Tc Ah] (a pair of Aces)
panKastus collected $1.73 from pot
*** SUMMARY ***
Total pot $1.80 | Rake $0.07 
Board [Ac Qs 9c 8s 7d]
Seat 1: Palhares 1607 (small blind) folded before Flop
Seat 2: Coyote1895 (big blind) showed [Qh Kc] and lost with a pair of Queens
Seat 3: Maria1995587 folded before Flop (didn't bet)
Seat 4: panKastus showed [Tc Ah] and won ($1.73) with a pair of Aces
Seat 6: AGVsmarT folded before Flop (didn't bet)
Seat 7: Dorex2007 folded before Flop (didn't bet)
Seat 8: Kallem28 (button) folded on the Flop



PokerStars Hand #237546066759:  Hold'em No Limit ($0.02/$0.05 USD) - 2022/07/23 18:02:34 PT [2022/07/23 21:02:34 ET]
Table 'Vindobona' 9-max Seat #1 is the button
Seat 1: Palhares 1607 ($2.54 in chips) 
Seat 2: Coyote1895 ($11.24 in chips) 
Seat 3: Maria1995587 ($10.82 in chips) 
Seat 4: panKastus ($14.70 in chips) 
Seat 6: AGVsmarT ($4.04 in chips) 
Seat 7: Dorex2007 ($5.83 in chips) 
Seat 8: Kallem28 ($8.91 in chips) 
Coyote1895: posts small blind $0.02
Maria1995587: posts big blind $0.05
*** HOLE CARDS ***
Dealt to Dorex2007 [9c Ad]
panKastus: folds 
AGVsmarT: folds 
Dorex2007: folds 
Kallem28: folds 
Palhares 1607: raises $0.05 to $0.10
Coyote1895: folds 
Maria1995587: folds 
Uncalled bet ($0.05) returned to Palhares 1607
Palhares 1607 collected $0.12 from pot
*** SUMMARY ***
Total pot $0.12 | Rake $0 
Seat 1: Palhares 1607 (button) collected ($0.12)
Seat 2: Coyote1895 (small blind) folded before Flop
Seat 3: Maria1995587 (big blind) folded before Flop
Seat 4: panKastus folded before Flop (didn't bet)
Seat 6: AGVsmarT folded before Flop (didn't bet)
Seat 7: Dorex2007 folded before Flop (didn't bet)
Seat 8: Kallem28 folded before Flop (didn't bet)



PokerStars Hand #237546071167:  Hold'em No Limit ($0.02/$0.05 USD) - 2022/07/23 18:02:55 PT [2022/07/23 21:02:55 ET]
Table 'Vindobona' 9-max Seat #2 is the button
Seat 1: Palhares 1607 ($2.61 in chips) 
Seat 2: Coyote1895 ($11.22 in chips) 
Seat 3: Maria1995587 ($10.77 in chips) 
Seat 6: AGVsmarT ($4.04 in chips) 
Seat 7: Dorex2007 ($5.83 in chips) 
Seat 8: Kallem28 ($8.91 in chips) 
Maria1995587: posts small blind $0.02
panKastus: is sitting out 
panKastus leaves the table
AGVsmarT: posts big blind $0.05
*** HOLE CARDS ***
Dealt to Dorex2007 [Qs Ah]
Dorex2007 has timed out
Dorex2007: folds 
Kallem28: folds 
João R. M. joins the table at seat #4 
Palhares 1607: folds 
Coyote1895: folds 
Maria1995587: calls $0.03
AGVsmarT: checks 
*** FLOP *** [7d Jd 5c]
Maria1995587: checks 
AGVsmarT: checks 
*** TURN *** [7d Jd 5c] [Ks]
Maria1995587: bets $0.05
AGVsmarT: folds 
Uncalled bet ($0.05) returned to Maria1995587
Maria1995587 collected $0.10 from pot
*** SUMMARY ***
Total pot $0.10 | Rake $0 
Board [7d Jd 5c Ks]
Seat 1: Palhares 1607 folded before Flop (didn't bet)
Seat 2: Coyote1895 (button) folded before Flop (didn't bet)
Seat 3: Maria1995587 (small blind) collected ($0.10)
Seat 6: AGVsmarT (big blind) folded on the Turn
Seat 7: Dorex2007 folded before Flop (didn't bet)
Seat 8: Kallem28 folded before Flop (didn't bet)



PokerStars Hand #237546078397:  Hold'em No Limit ($0.02/$0.05 USD) - 2022/07/23 18:03:29 PT [2022/07/23 21:03:29 ET]
Table 'Vindobona' 9-max Seat #3 is the button
Seat 1: Palhares 1607 ($2.61 in chips) 
Seat 2: Coyote1895 ($11.22 in chips) 
Seat 3: Maria1995587 ($10.82 in chips) 
Seat 6: AGVsmarT ($3.99 in chips) 
Seat 7: Dorex2007 ($5.83 in chips) 
Seat 8: Kallem28 ($8.91 in chips) 
AGVsmarT: posts small blind $0.02
Dorex2007: posts big blind $0.05
*** HOLE CARDS ***
Dealt to Dorex2007 [Tc Qd]
Kallem28: folds 
Palhares 1607: folds 
Coyote1895: folds 
Maria1995587: folds 
AGVsmarT: raises $0.10 to $0.15
Dorex2007: calls $0.10
*** FLOP *** [Ts Jc 4s]
AGVsmarT: bets $0.10
Dorex2007: calls $0.10
*** TURN *** [Ts Jc 4s] [9s]
AGVsmarT: bets $0.24
Dorex2007: calls $0.24
*** RIVER *** [Ts Jc 4s 9s] [7s]
AGVsmarT: bets $0.94
Dorex2007: folds 
Uncalled bet ($0.94) returned to AGVsmarT
AGVsmarT collected $0.94 from pot
*** SUMMARY ***
Total pot $0.98 | Rake $0.04 
Board [Ts Jc 4s 9s 7s]
Seat 1: Palhares 1607 folded before Flop (didn't bet)
Seat 2: Coyote1895 folded before Flop (didn't bet)
Seat 3: Maria1995587 (button) folded before Flop (didn't bet)
Seat 6: AGVsmarT (small blind) collected ($0.94)
Seat 7: Dorex2007 (big blind) folded on the River
Seat 8: Kallem28 folded before Flop (didn't bet)



PokerStars Hand #237546090117:  Hold'em No Limit ($0.02/$0.05 USD) - 2022/07/23 18:04:25 PT [2022/07/23 21:04:25 ET]
Table 'Vindobona' 9-max Seat #6 is the button
Seat 1: Palhares 1607 ($2.61 in chips) 
Seat 2: Coyote1895 ($11.22 in chips) 
Seat 3: Maria1995587 ($10.82 in chips) 
Seat 4: João R. M. ($5 in chips) 
Seat 6: AGVsmarT ($4.44 in chips) 
Seat 7: Dorex2007 ($5.34 in chips) 
Seat 8: Kallem28 ($8.91 in chips) 
Dorex2007: posts small blind $0.02
Kallem28: posts big blind $0.05
João R. M.: posts big blind $0.05
*** HOLE CARDS ***
Dealt to Dorex2007 [5d 8s]
Palhares 1607: folds 
Coyote1895: calls $0.05
Maria1995587: folds 
João R. M.: checks 
AGVsmarT: folds 
Dorex2007: folds 
Kallem28: raises $0.06 to $0.11
Coyote1895: calls $0.06
João R. M.: folds 
*** FLOP *** [Qh 9d Ah]
Kallem28: bets $0.09
Coyote1895: folds 
Uncalled bet ($0.09) returned to Kallem28
Kallem28 collected $0.28 from pot
*** SUMMARY ***
Total pot $0.29 | Rake $0.01 
Board [Qh 9d Ah]
Seat 1: Palhares 1607 folded before Flop (didn't bet)
Seat 2: Coyote1895 folded on the Flop
Seat 3: Maria1995587 folded before Flop (didn't bet)
Seat 4: João R. M. folded before Flop (didn't bet)
Seat 6: AGVsmarT (button) folded before Flop (didn't bet)
Seat 7: Dorex2007 (small blind) folded before Flop
Seat 8: Kallem28 (big blind) collected ($0.28)



PokerStars Hand #237546099875:  Hold'em No Limit ($0.02/$0.05 USD) - 2022/07/23 18:05:11 PT [2022/07/23 21:05:11 ET]
Table 'Vindobona' 9-max Seat #7 is the button
Seat 1: Palhares 1607 ($2.61 in chips) 
Seat 2: Coyote1895 ($11.11 in chips) 
Seat 3: Maria1995587 ($10.82 in chips) 
Seat 4: João R. M. ($5 in chips) 
Seat 6: AGVsmarT ($4.44 in chips) 
Seat 7: Dorex2007 ($5.32 in chips) 
Seat 8: Kallem28 ($9.08 in chips) 
Kallem28: posts small blind $0.02
Palhares 1607: posts big blind $0.05
*** HOLE CARDS ***
Dealt to Dorex2007 [7d Jd]
Coyote1895: folds 
Maria1995587: calls $0.05
João R. M.: folds 
AGVsmarT: folds 
Dorex2007: folds 
Kallem28: folds 
Palhares 1607: checks 
*** FLOP *** [9c 8s 5c]
Palhares 1607: checks 
Maria1995587: checks 
*** TURN *** [9c 8s 5c] [7s]
Palhares 1607: checks 
Maria1995587: bets $0.12
Palhares 1607: folds 
Uncalled bet ($0.12) returned to Maria1995587
Maria1995587 collected $0.12 from pot
*** SUMMARY ***
Total pot $0.12 | Rake $0 
Board [9c 8s 5c 7s]
Seat 1: Palhares 1607 (big blind) folded on the Turn
Seat 2: Coyote1895 folded before Flop (didn't bet)
Seat 3: Maria1995587 collected ($0.12)
Seat 4: João R. M. folded before Flop (didn't bet)
Seat 6: AGVsmarT folded before Flop (didn't bet)
Seat 7: Dorex2007 (button) folded before Flop (didn't bet)
Seat 8: Kallem28 (small blind) folded before Flop



PokerStars Hand #237546106361:  Hold'em No Limit ($0.02/$0.05 USD) - 2022/07/23 18:05:42 PT [2022/07/23 21:05:42 ET]
Table 'Vindobona' 9-max Seat #8 is the button
Seat 1: Palhares 1607 ($2.56 in chips) 
Seat 2: Coyote1895 ($11.11 in chips) 
Seat 3: Maria1995587 ($10.89 in chips) 
Seat 4: João R. M. ($5 in chips) 
Seat 6: AGVsmarT ($4.44 in chips) 
Seat 7: Dorex2007 ($5.32 in chips) 
Seat 8: Kallem28 ($9.06 in chips) 
Palhares 1607: posts small blind $0.02
Coyote1895: posts big blind $0.05
*** HOLE CARDS ***
Dealt to Dorex2007 [3s Ad]
Maria1995587: folds 
João R. M.: folds 
AGVsmarT: calls $0.05
Dorex2007: folds 
Kallem28: raises $0.10 to $0.15
Palhares 1607: raises $0.10 to $0.25
Coyote1895: folds 
AGVsmarT: folds 
Kallem28: calls $0.10
*** FLOP *** [4h 6h Ah]
Palhares 1607: bets $0.58
Kallem28: folds 
Uncalled bet ($0.58) returned to Palhares 1607
Palhares 1607 collected $0.58 from pot
*** SUMMARY ***
Total pot $0.60 | Rake $0.02 
Board [4h 6h Ah]
Seat 1: Palhares 1607 (small blind) collected ($0.58)
Seat 2: Coyote1895 (big blind) folded before Flop
Seat 3: Maria1995587 folded before Flop (didn't bet)
Seat 4: João R. M. folded before Flop (didn't bet)
Seat 6: AGVsmarT folded before Flop
Seat 7: Dorex2007 folded before Flop (didn't bet)
Seat 8: Kallem28 (button) folded on the Flop



PokerStars Hand #237546113101:  Hold'em No Limit ($0.02/$0.05 USD) - 2022/07/23 18:06:14 PT [2022/07/23 21:06:14 ET]
Table 'Vindobona' 9-max Seat #1 is the button
Seat 1: Palhares 1607 ($2.89 in chips) 
Seat 2: Coyote1895 ($11.06 in chips) 
Seat 3: Maria1995587 ($10.89 in chips) 
Seat 4: João R. M. ($5 in chips) 
Seat 6: AGVsmarT ($4.39 in chips) 
Seat 7: Dorex2007 ($5.32 in chips) 
Seat 8: Kallem28 ($8.81 in chips) 
Coyote1895: posts small blind $0.02
Maria1995587: posts big blind $0.05
*** HOLE CARDS ***
Dealt to Dorex2007 [Qs Qd]
João R. M.: folds 
AGVsmarT: folds 
Dorex2007: raises $0.15 to $0.20
Kallem28: folds 
Palhares 1607: folds 
Coyote1895: folds 
Maria1995587: folds 
Uncalled bet ($0.15) returned to Dorex2007
Dorex2007 collected $0.12 from pot
*** SUMMARY ***
Total pot $0.12 | Rake $0 
Seat 1: Palhares 1607 (button) folded before Flop (didn't bet)
Seat 2: Coyote1895 (small blind) folded before Flop
Seat 3: Maria1995587 (big blind) folded before Flop
Seat 4: João R. M. folded before Flop (didn't bet)
Seat 6: AGVsmarT folded before Flop (didn't bet)
Seat 7: Dorex2007 collected ($0.12)
Seat 8: Kallem28 folded before Flop (didn't bet)



PokerStars Hand #237546117560:  Hold'em No Limit ($0.02/$0.05 USD) - 2022/07/23 18:06:35 PT [2022/07/23 21:06:35 ET]
Table 'Vindobona' 9-max Seat #2 is the button
Seat 1: Palhares 1607 ($2.89 in chips) 
Seat 2: Coyote1895 ($11.04 in chips) 
Seat 3: Maria1995587 ($10.84 in chips) 
Seat 4: João R. M. ($5 in chips) 
Seat 6: AGVsmarT ($4.39 in chips) 
Seat 7: Dorex2007 ($5.39 in chips) 
Seat 8: Kallem28 ($8.81 in chips) 
Maria1995587: posts small blind $0.02
João R. M.: posts big blind $0.05
*** HOLE CARDS ***
Dealt to Dorex2007 [8d 2c]
AGVsmarT: folds 
Dorex2007: folds 
Kallem28: folds 
Palhares 1607: folds 
Coyote1895: folds 
Maria1995587: folds 
Uncalled bet ($0.03) returned to João R. M.
João R. M. collected $0.04 from pot
*** SUMMARY ***
Total pot $0.04 | Rake $0 
Seat 1: Palhares 1607 folded before Flop (didn't bet)
Seat 2: Coyote1895 (button) folded before Flop (didn't bet)
Seat 3: Maria1995587 (small blind) folded before Flop
Seat 4: João R. M. (big blind) collected ($0.04)
Seat 6: AGVsmarT folded before Flop (didn't bet)
Seat 7: Dorex2007 folded before Flop (didn't bet)
Seat 8: Kallem28 folded before Flop (didn't bet)



PokerStars Hand #237546120156:  Hold'em No Limit ($0.02/$0.05 USD) - 2022/07/23 18:06:48 PT [2022/07/23 21:06:48 ET]
Table 'Vindobona' 9-max Seat #3 is the button
Seat 1: Palhares 1607 ($2.89 in chips) 
Seat 2: Coyote1895 ($11.04 in chips) 
Seat 3: Maria1995587 ($10.82 in chips) 
Seat 4: João R. M. ($5.02 in chips) 
Seat 6: AGVsmarT ($4.39 in chips) 
Seat 7: Dorex2007 ($5.39 in chips) 
Seat 8: Kallem28 ($8.81 in chips) 
João R. M.: posts small blind $0.02
AGVsmarT: posts big blind $0.05
*** HOLE CARDS ***
Dealt to Dorex2007 [5d 9c]
Dorex2007: folds 
Kallem28: folds 
Palhares 1607: calls $0.05
Coyote1895: folds 
Maria1995587: raises $0.15 to $0.20
João R. M.: folds 
AGVsmarT: folds 
Palhares 1607: folds 
Uncalled bet ($0.15) returned to Maria1995587
Maria1995587 collected $0.17 from pot
barracuda117 leaves the table
*** SUMMARY ***
Total pot $0.17 | Rake $0 
Seat 1: Palhares 1607 folded before Flop
Seat 2: Coyote1895 folded before Flop (didn't bet)
Seat 3: Maria1995587 (button) collected ($0.17)
Seat 4: João R. M. (small blind) folded before Flop
Seat 6: AGVsmarT (big blind) folded before Flop
Seat 7: Dorex2007 folded before Flop (didn't bet)
Seat 8: Kallem28 folded before Flop (didn't bet)



PokerStars Hand #237546124691:  Hold'em No Limit ($0.02/$0.05 USD) - 2022/07/23 18:07:09 PT [2022/07/23 21:07:09 ET]
Table 'Vindobona' 9-max Seat #4 is the button
Seat 1: Palhares 1607 ($2.84 in chips) 
Seat 2: Coyote1895 ($11.04 in chips) 
Seat 3: Maria1995587 ($10.94 in chips) 
Seat 4: João R. M. ($5 in chips) 
Seat 6: AGVsmarT ($4.34 in chips) 
Seat 7: Dorex2007 ($5.39 in chips) 
Seat 8: Kallem28 ($8.81 in chips) 
AGVsmarT: posts small blind $0.02
Dorex2007: posts big blind $0.05
bucerias16: sits out 
*** HOLE CARDS ***
Dealt to Dorex2007 [8d 3h]
Kallem28: folds 
Palhares 1607: calls $0.05
Coyote1895: raises $0.20 to $0.25
Maria1995587: folds 
João R. M.: folds 
AGVsmarT: calls $0.23
Dorex2007: folds 
Palhares 1607: calls $0.20
*** FLOP *** [Kc 9d 3s]
CobraCaro joins the table at seat #5 
AGVsmarT: bets $0.15
Palhares 1607: calls $0.15
Coyote1895: raises $1.22 to $1.37
AGVsmarT: folds 
Palhares 1607: folds 
Uncalled bet ($1.22) returned to Coyote1895
Coyote1895 collected $1.20 from pot
*** SUMMARY ***
Total pot $1.25 | Rake $0.05 
Board [Kc 9d 3s]
Seat 1: Palhares 1607 folded on the Flop
Seat 2: Coyote1895 collected ($1.20)
Seat 3: Maria1995587 folded before Flop (didn't bet)
Seat 4: João R. M. (button) folded before Flop (didn't bet)
Seat 6: AGVsmarT (small blind) folded on the Flop
Seat 7: Dorex2007 (big blind) folded before Flop
Seat 8: Kallem28 folded before Flop (didn't bet)



PokerStars Hand #237546134762:  Hold'em No Limit ($0.02/$0.05 USD) - 2022/07/23 18:07:58 PT [2022/07/23 21:07:58 ET]
Table 'Vindobona' 9-max Seat #6 is the button
Seat 1: Palhares 1607 ($2.44 in chips) 
Seat 2: Coyote1895 ($11.84 in chips) 
Seat 3: Maria1995587 ($10.94 in chips) 
Seat 4: João R. M. ($5 in chips) 
Seat 6: AGVsmarT ($3.94 in chips) 
Seat 7: Dorex2007 ($5.34 in chips) 
Seat 8: Kallem28 ($8.81 in chips) 
Dorex2007: posts small blind $0.02
Kallem28: posts big blind $0.05
bucerias16: sits out 
CobraCaro: sits out 
*** HOLE CARDS ***
Dealt to Dorex2007 [9c Qh]
Palhares 1607: folds 
Coyote1895: folds 
Maria1995587: raises $0.10 to $0.15
João R. M.: folds 
AGVsmarT: calls $0.15
Dorex2007: folds 
Kallem28: folds 
*** FLOP *** [4d 9s 7s]
Maria1995587: checks 
AGVsmarT: bets $0.05
Maria1995587: calls $0.05
*** TURN *** [4d 9s 7s] [Tc]
Maria1995587: checks 
AGVsmarT: checks 
*** RIVER *** [4d 9s 7s Tc] [8c]
Maria1995587: bets $0.45
AGVsmarT: folds 
Uncalled bet ($0.45) returned to Maria1995587
Maria1995587 collected $0.45 from pot
*** SUMMARY ***
Total pot $0.47 | Rake $0.02 
Board [4d 9s 7s Tc 8c]
Seat 1: Palhares 1607 folded before Flop (didn't bet)
Seat 2: Coyote1895 folded before Flop (didn't bet)
Seat 3: Maria1995587 collected ($0.45)
Seat 4: João R. M. folded before Flop (didn't bet)
Seat 6: AGVsmarT (button) folded on the River
Seat 7: Dorex2007 (small blind) folded before Flop
Seat 8: Kallem28 (big blind) folded before Flop



PokerStars Hand #237546145027:  Hold'em No Limit ($0.02/$0.05 USD) - 2022/07/23 18:08:48 PT [2022/07/23 21:08:48 ET]
Table 'Vindobona' 9-max Seat #7 is the button
Seat 1: Palhares 1607 ($2.44 in chips) 
Seat 2: Coyote1895 ($11.84 in chips) 
Seat 3: Maria1995587 ($11.19 in chips) 
Seat 4: João R. M. ($5 in chips) 
Seat 5: CobraCaro ($5 in chips) 
Seat 6: AGVsmarT ($3.74 in chips) 
Seat 7: Dorex2007 ($5.32 in chips) 
Seat 8: Kallem28 ($8.76 in chips) 
Seat 9: bucerias16 ($8.24 in chips) 
Kallem28: posts small blind $0.02
bucerias16: posts big blind $0.05
CobraCaro: posts big blind $0.05
*** HOLE CARDS ***
Dealt to Dorex2007 [2c Qc]
Palhares 1607: folds 
Coyote1895: folds 
Maria1995587: raises $0.10 to $0.15
João R. M.: folds 
CobraCaro: calls $0.10
AGVsmarT: folds 
Dorex2007: folds 
Kallem28: calls $0.13
bucerias16: folds 
*** FLOP *** [6c Ks 2d]
Kallem28: checks 
Maria1995587: bets $0.24
CobraCaro: folds 
Kallem28: folds 
Uncalled bet ($0.24) returned to Maria1995587
Maria1995587 collected $0.48 from pot
*** SUMMARY ***
Total pot $0.50 | Rake $0.02 
Board [6c Ks 2d]
Seat 1: Palhares 1607 folded before Flop (didn't bet)
Seat 2: Coyote1895 folded before Flop (didn't bet)
Seat 3: Maria1995587 collected ($0.48)
Seat 4: João R. M. folded before Flop (didn't bet)
Seat 5: CobraCaro folded on the Flop
Seat 6: AGVsmarT folded before Flop (didn't bet)
Seat 7: Dorex2007 (button) folded before Flop (didn't bet)
Seat 8: Kallem28 (small blind) folded on the Flop
Seat 9: bucerias16 (big blind) folded before Flop



PokerStars Hand #237546153020:  Hold'em No Limit ($0.02/$0.05 USD) - 2022/07/23 18:09:27 PT [2022/07/23 21:09:27 ET]
Table 'Vindobona' 9-max Seat #8 is the button
Seat 1: Palhares 1607 ($2.44 in chips) 
Seat 2: Coyote1895 ($11.84 in chips) 
Seat 3: Maria1995587 ($11.52 in chips) 
Seat 4: João R. M. ($5 in chips) 
Seat 5: CobraCaro ($4.85 in chips) 
Seat 6: AGVsmarT ($3.74 in chips) 
Seat 7: Dorex2007 ($5.32 in chips) 
Seat 8: Kallem28 ($8.61 in chips) 
Seat 9: bucerias16 ($8.19 in chips) 
bucerias16: posts small blind $0.02
Palhares 1607: posts big blind $0.05
*** HOLE CARDS ***
Dealt to Dorex2007 [Jh 7s]
Coyote1895: folds 
Maria1995587: folds 
João R. M.: folds 
CobraCaro: folds 
AGVsmarT has timed out
AGVsmarT: folds 
Dorex2007: folds 
Kallem28: folds 
bucerias16: calls $0.03
Palhares 1607: raises $0.05 to $0.10
bucerias16: calls $0.05
*** FLOP *** [Js As Qc]
bucerias16: checks 
Palhares 1607: bets $0.19
bucerias16: folds 
Uncalled bet ($0.19) returned to Palhares 1607
Palhares 1607 collected $0.19 from pot
*** SUMMARY ***
Total pot $0.20 | Rake $0.01 
Board [Js As Qc]
Seat 1: Palhares 1607 (big blind) collected ($0.19)
Seat 2: Coyote1895 folded before Flop (didn't bet)
Seat 3: Maria1995587 folded before Flop (didn't bet)
Seat 4: João R. M. folded before Flop (didn't bet)
Seat 5: CobraCaro folded before Flop (didn't bet)
Seat 6: AGVsmarT folded before Flop (didn't bet)
Seat 7: Dorex2007 folded before Flop (didn't bet)
Seat 8: Kallem28 (button) folded before Flop (didn't bet)
Seat 9: bucerias16 (small blind) folded on the Flop



PokerStars Hand #237546171534:  Hold'em No Limit ($0.02/$0.05 USD) - 2022/07/23 18:10:08 PT [2022/07/23 21:10:08 ET]
Table 'Vindobona' 9-max Seat #9 is the button
Seat 1: Palhares 1607 ($2.53 in chips) 
Seat 2: Coyote1895 ($11.84 in chips) 
Seat 3: Maria1995587 ($11.52 in chips) 
Seat 4: João R. M. ($5 in chips) 
Seat 5: CobraCaro ($4.85 in chips) 
Seat 6: AGVsmarT ($3.74 in chips) 
Seat 7: Dorex2007 ($5.32 in chips) 
Seat 8: Kallem28 ($8.61 in chips) 
Seat 9: bucerias16 ($8.09 in chips) 
Palhares 1607: posts small blind $0.02
Coyote1895: posts big blind $0.05
*** HOLE CARDS ***
Dealt to Dorex2007 [Qd Ac]
Maria1995587: calls $0.05
João R. M.: calls $0.05
CobraCaro: folds 
AGVsmarT: calls $0.05
Dorex2007: raises $0.20 to $0.25
Kallem28: folds 
bucerias16: folds 
Palhares 1607: folds 
Coyote1895: folds 
Maria1995587: folds 
João R. M.: folds 
AGVsmarT: folds 
Uncalled bet ($0.20) returned to Dorex2007
Dorex2007 collected $0.27 from pot
*** SUMMARY ***
Total pot $0.27 | Rake $0 
Seat 1: Palhares 1607 (small blind) folded before Flop
Seat 2: Coyote1895 (big blind) folded before Flop
Seat 3: Maria1995587 folded before Flop
Seat 4: João R. M. folded before Flop
Seat 5: CobraCaro folded before Flop (didn't bet)
Seat 6: AGVsmarT folded before Flop
Seat 7: Dorex2007 collected ($0.27)
Seat 8: Kallem28 folded before Flop (didn't bet)
Seat 9: bucerias16 (button) folded before Flop (didn't bet)



PokerStars Hand #237546177097:  Hold'em No Limit ($0.02/$0.05 USD) - 2022/07/23 18:10:34 PT [2022/07/23 21:10:34 ET]
Table 'Vindobona' 9-max Seat #1 is the button
Seat 1: Palhares 1607 ($2.51 in chips) 
Seat 2: Coyote1895 ($11.79 in chips) 
Seat 3: Maria1995587 ($11.47 in chips) 
Seat 4: João R. M. ($5 in chips) 
Seat 5: CobraCaro ($4.85 in chips) 
Seat 6: AGVsmarT ($3.69 in chips) 
Seat 7: Dorex2007 ($5.54 in chips) 
Seat 8: Kallem28 ($8.61 in chips) 
Seat 9: bucerias16 ($8.09 in chips) 
Coyote1895: posts small blind $0.02
Maria1995587: posts big blind $0.05
*** HOLE CARDS ***
Dealt to Dorex2007 [Kc 4s]
João R. M.: folds 
CobraCaro: folds 
AGVsmarT: folds 
Dorex2007: folds 
Kallem28: folds 
bucerias16: raises $0.07 to $0.12
Palhares 1607: calls $0.12
Coyote1895: calls $0.10
Maria1995587: folds 
*** FLOP *** [6c Jc 5d]
Coyote1895: checks 
bucerias16: checks 
Palhares 1607: bets $0.05
Coyote1895: calls $0.05
bucerias16: calls $0.05
*** TURN *** [6c Jc 5d] [9d]
Coyote1895: checks 
bucerias16: checks 
Palhares 1607: bets $0.16
Coyote1895: calls $0.16
bucerias16: folds 
*** RIVER *** [6c Jc 5d 9d] [Th]
Coyote1895: checks 
Palhares 1607: bets $0.25
Coyote1895: calls $0.25
*** SHOW DOWN ***
Palhares 1607: shows [5c Kh] (a pair of Fives)
Coyote1895: shows [Tc 9h] (two pair, Tens and Nines)
Coyote1895 collected $1.32 from pot
*** SUMMARY ***
Total pot $1.38 | Rake $0.06 
Board [6c Jc 5d 9d Th]
Seat 1: Palhares 1607 (button) showed [5c Kh] and lost with a pair of Fives
Seat 2: Coyote1895 (small blind) showed [Tc 9h] and won ($1.32) with two pair, Tens and Nines
Seat 3: Maria1995587 (big blind) folded before Flop
Seat 4: João R. M. folded before Flop (didn't bet)
Seat 5: CobraCaro folded before Flop (didn't bet)
Seat 6: AGVsmarT folded before Flop (didn't bet)
Seat 7: Dorex2007 folded before Flop (didn't bet)
Seat 8: Kallem28 folded before Flop (didn't bet)
Seat 9: bucerias16 folded on the Turn



