PokerStars Hand #238736819292:  Hold'em No Limit ($0.02/$0.05 USD) - 2022/09/19 14:19:08 PT [2022/09/19 17:19:08 ET]
Table 'Kamenyar II' 9-max Seat #4 is the button
Seat 1: ArtemRULIT ($1.53 in chips) 
Seat 2: giuaraujo12 ($5.48 in chips) 
Seat 4: Regi_Mortus ($4.93 in chips) 
Seat 6: OHYABABY9317 ($2.02 in chips) 
Seat 7: Dorex2007 ($5 in chips) 
Seat 8: Edybundea2 ($5.07 in chips) 
OHYABABY9317: posts small blind $0.02
Dorex2007: posts big blind $0.05
72o, Oh Snap: sits out 
*** HOLE CARDS ***
Dealt to Dorex2007 [Qd Qh]
Edybundea2: calls $0.05
ArtemRULIT: raises $0.10 to $0.15
giuaraujo12: folds 
Regi_Mortus: folds 
OHYABABY9317: folds 
KNorbi40 joins the table at seat #3 
Dorex2007: raises $0.10 to $0.25
Edybundea2: calls $0.20
ArtemRULIT: calls $0.10
*** FLOP *** [Ac 3d 8d]
Dorex2007: checks 
Edybundea2: bets $0.25
ArtemRULIT: folds 
Dorex2007: folds 
Uncalled bet ($0.25) returned to Edybundea2
Edybundea2 collected $0.74 from pot
*** SUMMARY ***
Total pot $0.77 | Rake $0.03 
Board [Ac 3d 8d]
Seat 1: ArtemRULIT folded on the Flop
Seat 2: giuaraujo12 folded before Flop (didn't bet)
Seat 4: Regi_Mortus (button) folded before Flop (didn't bet)
Seat 6: OHYABABY9317 (small blind) folded before Flop
Seat 7: Dorex2007 (big blind) folded on the Flop
Seat 8: Edybundea2 collected ($0.74)



PokerStars Hand #238736844397:  Hold'em No Limit ($0.02/$0.05 USD) - 2022/09/19 14:20:06 PT [2022/09/19 17:20:06 ET]
Table 'Kamenyar II' 9-max Seat #6 is the button
Seat 1: ArtemRULIT ($1.28 in chips) 
Seat 2: giuaraujo12 ($5.48 in chips) 
Seat 4: Regi_Mortus ($4.93 in chips) 
Seat 6: OHYABABY9317 ($2 in chips) 
Seat 7: Dorex2007 ($5 in chips) 
Seat 8: Edybundea2 ($5.56 in chips) 
Dorex2007: posts small blind $0.02
Edybundea2: posts big blind $0.05
72o, Oh Snap: sits out 
KNorbi40: sits out 
*** HOLE CARDS ***
Dealt to Dorex2007 [Qh 9c]
ArtemRULIT: calls $0.05
giuaraujo12: calls $0.05
KNorbi40 leaves the table
Regi_Mortus: folds 
OHYABABY9317: folds 
Dorex2007: folds 
Edybundea2: checks 
*** FLOP *** [Tc 5h Qs]
Edybundea2: bets $0.15
ArtemRULIT: calls $0.15
giuaraujo12: folds 
*** TURN *** [Tc 5h Qs] [4h]
mangiopesce joins the table at seat #3 
Edybundea2: bets $0.20
ArtemRULIT: raises $0.88 to $1.08 and is all-in
Edybundea2: calls $0.88
*** RIVER *** [Tc 5h Qs 4h] [2c]
*** SHOW DOWN ***
Edybundea2: shows [8c Qd] (a pair of Queens)
ArtemRULIT: shows [Ts Kc] (a pair of Tens)
Edybundea2 collected $2.52 from pot
*** SUMMARY ***
Total pot $2.63 | Rake $0.11 
Board [Tc 5h Qs 4h 2c]
Seat 1: ArtemRULIT showed [Ts Kc] and lost with a pair of Tens
Seat 2: giuaraujo12 folded on the Flop
Seat 4: Regi_Mortus folded before Flop (didn't bet)
Seat 6: OHYABABY9317 (button) folded before Flop (didn't bet)
Seat 7: Dorex2007 (small blind) folded before Flop
Seat 8: Edybundea2 (big blind) showed [8c Qd] and won ($2.52) with a pair of Queens



PokerStars Hand #238736873206:  Hold'em No Limit ($0.02/$0.05 USD) - 2022/09/19 14:21:13 PT [2022/09/19 17:21:13 ET]
Table 'Kamenyar II' 9-max Seat #7 is the button
Seat 2: giuaraujo12 ($5.43 in chips) 
Seat 4: Regi_Mortus ($4.93 in chips) 
Seat 6: OHYABABY9317 ($2 in chips) 
Seat 7: Dorex2007 ($5 in chips) 
Seat 8: Edybundea2 ($6.80 in chips) 
Seat 9: 72o, Oh Snap ($3.97 in chips) 
Edybundea2: posts small blind $0.02
72o, Oh Snap: posts big blind $0.05
mangiopesce: sits out 
*** HOLE CARDS ***
Dealt to Dorex2007 [9c 7d]
giuaraujo12: folds 
ArtemRULIT leaves the table
Regi_Mortus has timed out
Regi_Mortus: folds 
OHYABABY9317: folds 
Dorex2007: folds 
Edybundea2: folds 
Uncalled bet ($0.03) returned to 72o, Oh Snap
72o, Oh Snap collected $0.04 from pot
*** SUMMARY ***
Total pot $0.04 | Rake $0 
Seat 2: giuaraujo12 folded before Flop (didn't bet)
Seat 4: Regi_Mortus folded before Flop (didn't bet)
Seat 6: OHYABABY9317 folded before Flop (didn't bet)
Seat 7: Dorex2007 (button) folded before Flop (didn't bet)
Seat 8: Edybundea2 (small blind) folded before Flop
Seat 9: 72o, Oh Snap (big blind) collected ($0.04)



PokerStars Hand #238736882046:  Hold'em No Limit ($0.02/$0.05 USD) - 2022/09/19 14:21:33 PT [2022/09/19 17:21:33 ET]
Table 'Kamenyar II' 9-max Seat #8 is the button
Seat 2: giuaraujo12 ($5.43 in chips) 
Seat 4: Regi_Mortus ($4.93 in chips) 
Seat 6: OHYABABY9317 ($2 in chips) 
Seat 7: Dorex2007 ($5 in chips) 
Seat 8: Edybundea2 ($6.78 in chips) 
Seat 9: 72o, Oh Snap ($3.99 in chips) 
72o, Oh Snap: posts small blind $0.02
giuaraujo12: posts big blind $0.05
mangiopesce: sits out 
*** HOLE CARDS ***
Dealt to Dorex2007 [Td 9h]
Regi_Mortus: folds 
88REAW joins the table at seat #5 
OHYABABY9317: raises $0.05 to $0.10
Dorex2007: folds 
Edybundea2: calls $0.10
72o, Oh Snap: calls $0.08
giuaraujo12: calls $0.05
*** FLOP *** [Ah Ad 8d]
72o, Oh Snap: checks 
giuaraujo12: checks 
OHYABABY9317: bets $0.20
Edybundea2: calls $0.20
72o, Oh Snap: folds 
giuaraujo12: folds 
*** TURN *** [Ah Ad 8d] [Th]
OHYABABY9317: checks 
Edybundea2: checks 
*** RIVER *** [Ah Ad 8d Th] [5d]
OHYABABY9317: bets $0.25
Edybundea2: raises $0.50 to $0.75
OHYABABY9317: raises $0.95 to $1.70 and is all-in
Edybundea2: calls $0.95
*** SHOW DOWN ***
OHYABABY9317: shows [Ac Tc] (a full house, Aces full of Tens)
Edybundea2: shows [6d 4d] (a flush, Ace high)
OHYABABY9317 collected $4.03 from pot
*** SUMMARY ***
Total pot $4.20 | Rake $0.17 
Board [Ah Ad 8d Th 5d]
Seat 2: giuaraujo12 (big blind) folded on the Flop
Seat 4: Regi_Mortus folded before Flop (didn't bet)
Seat 6: OHYABABY9317 showed [Ac Tc] and won ($4.03) with a full house, Aces full of Tens
Seat 7: Dorex2007 folded before Flop (didn't bet)
Seat 8: Edybundea2 (button) showed [6d 4d] and lost with a flush, Ace high
Seat 9: 72o, Oh Snap (small blind) folded on the Flop



PokerStars Hand #238736925573:  Hold'em No Limit ($0.02/$0.05 USD) - 2022/09/19 14:23:14 PT [2022/09/19 17:23:14 ET]
Table 'Kamenyar II' 9-max Seat #9 is the button
Seat 2: giuaraujo12 ($5.33 in chips) 
Seat 3: mangiopesce ($5 in chips) 
Seat 4: Regi_Mortus ($4.93 in chips) 
Seat 6: OHYABABY9317 ($4.03 in chips) 
Seat 7: Dorex2007 ($5 in chips) 
Seat 8: Edybundea2 ($4.78 in chips) 
Seat 9: 72o, Oh Snap ($3.89 in chips) 
giuaraujo12: posts small blind $0.02
mangiopesce: posts big blind $0.05
88REAW: sits out 
*** HOLE CARDS ***
Dealt to Dorex2007 [Td Ad]
Regi_Mortus: folds 
OHYABABY9317: calls $0.05
Dorex2007: raises $0.10 to $0.15
Edybundea2: raises $0.20 to $0.35
72o, Oh Snap: folds 
giuaraujo12: folds 
mangiopesce: folds 
OHYABABY9317: folds 
Dorex2007: calls $0.20
*** FLOP *** [3s Jh 6c]
Dorex2007: checks 
Edybundea2: bets $0.40
Dorex2007: folds 
Uncalled bet ($0.40) returned to Edybundea2
Edybundea2 collected $0.79 from pot
*** SUMMARY ***
Total pot $0.82 | Rake $0.03 
Board [3s Jh 6c]
Seat 2: giuaraujo12 (small blind) folded before Flop
Seat 3: mangiopesce (big blind) folded before Flop
Seat 4: Regi_Mortus folded before Flop (didn't bet)
Seat 6: OHYABABY9317 folded before Flop
Seat 7: Dorex2007 folded on the Flop
Seat 8: Edybundea2 collected ($0.79)
Seat 9: 72o, Oh Snap (button) folded before Flop (didn't bet)



PokerStars Hand #238736943841:  Hold'em No Limit ($0.02/$0.05 USD) - 2022/09/19 14:23:57 PT [2022/09/19 17:23:57 ET]
Table 'Kamenyar II' 9-max Seat #2 is the button
Seat 2: giuaraujo12 ($5.31 in chips) 
Seat 3: mangiopesce ($5 in chips) 
Seat 4: Regi_Mortus ($4.93 in chips) 
Seat 6: OHYABABY9317 ($3.98 in chips) 
Seat 7: Dorex2007 ($5 in chips) 
Seat 8: Edybundea2 ($5.22 in chips) 
Seat 9: 72o, Oh Snap ($3.89 in chips) 
mangiopesce: posts small blind $0.02
Regi_Mortus: posts big blind $0.05
88REAW: sits out 
*** HOLE CARDS ***
Dealt to Dorex2007 [3h 3s]
OHYABABY9317: calls $0.05
Dorex2007: calls $0.05
Edybundea2: folds 
72o, Oh Snap: folds 
giuaraujo12: calls $0.05
mangiopesce: folds 
Regi_Mortus: checks 
*** FLOP *** [2s 2c 4c]
Regi_Mortus: checks 
OHYABABY9317: checks 
Dorex2007: bets $0.14
giuaraujo12: calls $0.14
Regi_Mortus: folds 
OHYABABY9317: folds 
*** TURN *** [2s 2c 4c] [9h]
Dorex2007: bets $0.48
giuaraujo12: folds 
Uncalled bet ($0.48) returned to Dorex2007
Dorex2007 collected $0.48 from pot
Dorex2007: doesn't show hand 
*** SUMMARY ***
Total pot $0.50 | Rake $0.02 
Board [2s 2c 4c 9h]
Seat 2: giuaraujo12 (button) folded on the Turn
Seat 3: mangiopesce (small blind) folded before Flop
Seat 4: Regi_Mortus (big blind) folded on the Flop
Seat 6: OHYABABY9317 folded on the Flop
Seat 7: Dorex2007 collected ($0.48)
Seat 8: Edybundea2 folded before Flop (didn't bet)
Seat 9: 72o, Oh Snap folded before Flop (didn't bet)



PokerStars Hand #238736960196:  Hold'em No Limit ($0.02/$0.05 USD) - 2022/09/19 14:24:35 PT [2022/09/19 17:24:35 ET]
Table 'Kamenyar II' 9-max Seat #3 is the button
Seat 2: giuaraujo12 ($5.12 in chips) 
Seat 3: mangiopesce ($5 in chips) 
Seat 4: Regi_Mortus ($4.88 in chips) 
Seat 5: 88REAW ($5 in chips) 
Seat 6: OHYABABY9317 ($3.93 in chips) 
Seat 7: Dorex2007 ($5.29 in chips) 
Seat 8: Edybundea2 ($5.22 in chips) 
Seat 9: 72o, Oh Snap ($3.89 in chips) 
Regi_Mortus: posts small blind $0.02
88REAW: posts big blind $0.05
*** HOLE CARDS ***
Dealt to Dorex2007 [9s 4s]
OHYABABY9317: folds 
Dorex2007: folds 
Edybundea2: calls $0.05
72o, Oh Snap: folds 
giuaraujo12: raises $0.15 to $0.20
mangiopesce: folds 
Regi_Mortus: folds 
88REAW: folds 
Edybundea2: calls $0.15
*** FLOP *** [5h 2c Ah]
Edybundea2: checks 
giuaraujo12: bets $0.30
Edybundea2: calls $0.30
*** TURN *** [5h 2c Ah] [5s]
Edybundea2: checks 
giuaraujo12: bets $0.60
Edybundea2: calls $0.60
*** RIVER *** [5h 2c Ah 5s] [Ts]
Edybundea2: checks 
giuaraujo12: bets $1.15
Edybundea2: calls $1.15
*** SHOW DOWN ***
giuaraujo12: shows [Kh Qc] (a pair of Fives)
Edybundea2: shows [9h Ad] (two pair, Aces and Fives)
Edybundea2 collected $4.38 from pot
*** SUMMARY ***
Total pot $4.57 | Rake $0.19 
Board [5h 2c Ah 5s Ts]
Seat 2: giuaraujo12 showed [Kh Qc] and lost with a pair of Fives
Seat 3: mangiopesce (button) folded before Flop (didn't bet)
Seat 4: Regi_Mortus (small blind) folded before Flop
Seat 5: 88REAW (big blind) folded before Flop
Seat 6: OHYABABY9317 folded before Flop (didn't bet)
Seat 7: Dorex2007 folded before Flop (didn't bet)
Seat 8: Edybundea2 showed [9h Ad] and won ($4.38) with two pair, Aces and Fives
Seat 9: 72o, Oh Snap folded before Flop (didn't bet)



PokerStars Hand #238736978379:  Hold'em No Limit ($0.02/$0.05 USD) - 2022/09/19 14:25:18 PT [2022/09/19 17:25:18 ET]
Table 'Kamenyar II' 9-max Seat #4 is the button
Seat 2: giuaraujo12 ($2.87 in chips) 
Seat 3: mangiopesce ($5 in chips) 
Seat 4: Regi_Mortus ($4.86 in chips) 
Seat 5: 88REAW ($4.95 in chips) 
Seat 6: OHYABABY9317 ($3.93 in chips) 
Seat 7: Dorex2007 ($5.29 in chips) 
Seat 8: Edybundea2 ($7.35 in chips) 
Seat 9: 72o, Oh Snap ($3.89 in chips) 
88REAW: posts small blind $0.02
OHYABABY9317: posts big blind $0.05
*** HOLE CARDS ***
Dealt to Dorex2007 [4s Ac]
Dorex2007: folds 
Edybundea2: folds 
72o, Oh Snap: raises $0.05 to $0.10
giuaraujo12: folds 
mangiopesce: folds 
Regi_Mortus: folds 
88REAW: calls $0.08
OHYABABY9317: folds 
*** FLOP *** [3s 8c 3c]
88REAW: checks 
72o, Oh Snap: bets $0.12
88REAW: folds 
Uncalled bet ($0.12) returned to 72o, Oh Snap
72o, Oh Snap collected $0.24 from pot
*** SUMMARY ***
Total pot $0.25 | Rake $0.01 
Board [3s 8c 3c]
Seat 2: giuaraujo12 folded before Flop (didn't bet)
Seat 3: mangiopesce folded before Flop (didn't bet)
Seat 4: Regi_Mortus (button) folded before Flop (didn't bet)
Seat 5: 88REAW (small blind) folded on the Flop
Seat 6: OHYABABY9317 (big blind) folded before Flop
Seat 7: Dorex2007 folded before Flop (didn't bet)
Seat 8: Edybundea2 folded before Flop (didn't bet)
Seat 9: 72o, Oh Snap collected ($0.24)



PokerStars Hand #238736991878:  Hold'em No Limit ($0.02/$0.05 USD) - 2022/09/19 14:25:50 PT [2022/09/19 17:25:50 ET]
Table 'Kamenyar II' 9-max Seat #5 is the button
Seat 2: giuaraujo12 ($5 in chips) 
Seat 3: mangiopesce ($5 in chips) 
Seat 4: Regi_Mortus ($4.86 in chips) 
Seat 5: 88REAW ($4.85 in chips) 
Seat 6: OHYABABY9317 ($3.88 in chips) 
Seat 7: Dorex2007 ($5.29 in chips) 
Seat 8: Edybundea2 ($7.35 in chips) 
Seat 9: 72o, Oh Snap ($4.03 in chips) 
OHYABABY9317: posts small blind $0.02
Dorex2007: posts big blind $0.05
*** HOLE CARDS ***
Dealt to Dorex2007 [Ad 8s]
Edybundea2: folds 
72o, Oh Snap: folds 
giuaraujo12: folds 
mangiopesce: raises $0.10 to $0.15
Regi_Mortus: calls $0.15
88REAW: folds 
OHYABABY9317: folds 
Dorex2007: folds 
*** FLOP *** [8h 2h Js]
mangiopesce: bets $0.19
Regi_Mortus: calls $0.19
*** TURN *** [8h 2h Js] [4d]
mangiopesce: checks 
Regi_Mortus: checks 
*** RIVER *** [8h 2h Js 4d] [Kd]
mangiopesce: checks 
Regi_Mortus: bets $1.05
mangiopesce: folds 
Uncalled bet ($1.05) returned to Regi_Mortus
Regi_Mortus collected $0.72 from pot
*** SUMMARY ***
Total pot $0.75 | Rake $0.03 
Board [8h 2h Js 4d Kd]
Seat 2: giuaraujo12 folded before Flop (didn't bet)
Seat 3: mangiopesce folded on the River
Seat 4: Regi_Mortus collected ($0.72)
Seat 5: 88REAW (button) folded before Flop (didn't bet)
Seat 6: OHYABABY9317 (small blind) folded before Flop
Seat 7: Dorex2007 (big blind) folded before Flop
Seat 8: Edybundea2 folded before Flop (didn't bet)
Seat 9: 72o, Oh Snap folded before Flop (didn't bet)



PokerStars Hand #238737010664:  Hold'em No Limit ($0.02/$0.05 USD) - 2022/09/19 14:26:34 PT [2022/09/19 17:26:34 ET]
Table 'Kamenyar II' 9-max Seat #6 is the button
Seat 2: giuaraujo12 ($5 in chips) 
Seat 3: mangiopesce ($5 in chips) 
Seat 4: Regi_Mortus ($5.24 in chips) 
Seat 5: 88REAW ($4.85 in chips) 
Seat 6: OHYABABY9317 ($3.86 in chips) 
Seat 7: Dorex2007 ($5.24 in chips) 
Seat 8: Edybundea2 ($7.35 in chips) 
Seat 9: 72o, Oh Snap ($4.03 in chips) 
Dorex2007: posts small blind $0.02
Edybundea2: posts big blind $0.05
*** HOLE CARDS ***
Dealt to Dorex2007 [7s 7c]
72o, Oh Snap: folds 
giuaraujo12: folds 
mangiopesce: folds 
Regi_Mortus: raises $0.10 to $0.15
88REAW: folds 
OHYABABY9317: calls $0.15
Dorex2007: calls $0.13
Edybundea2: folds 
*** FLOP *** [Jc 7h Js]
Dorex2007: checks 
Regi_Mortus: checks 
OHYABABY9317: bets $0.05
Dorex2007: calls $0.05
Regi_Mortus: folds 
*** TURN *** [Jc 7h Js] [6d]
Dorex2007: checks 
OHYABABY9317: checks 
*** RIVER *** [Jc 7h Js 6d] [Qd]
Dorex2007: bets $0.40
OHYABABY9317: folds 
Uncalled bet ($0.40) returned to Dorex2007
Dorex2007 collected $0.58 from pot
Dorex2007: doesn't show hand 
*** SUMMARY ***
Total pot $0.60 | Rake $0.02 
Board [Jc 7h Js 6d Qd]
Seat 2: giuaraujo12 folded before Flop (didn't bet)
Seat 3: mangiopesce folded before Flop (didn't bet)
Seat 4: Regi_Mortus folded on the Flop
Seat 5: 88REAW folded before Flop (didn't bet)
Seat 6: OHYABABY9317 (button) folded on the River
Seat 7: Dorex2007 (small blind) collected ($0.58)
Seat 8: Edybundea2 (big blind) folded before Flop
Seat 9: 72o, Oh Snap folded before Flop (didn't bet)



PokerStars Hand #238737034550:  Hold'em No Limit ($0.02/$0.05 USD) - 2022/09/19 14:27:30 PT [2022/09/19 17:27:30 ET]
Table 'Kamenyar II' 9-max Seat #7 is the button
Seat 2: giuaraujo12 ($5 in chips) 
Seat 3: mangiopesce ($5 in chips) 
Seat 4: Regi_Mortus ($5.09 in chips) 
Seat 5: 88REAW ($4.85 in chips) 
Seat 6: OHYABABY9317 ($3.66 in chips) 
Seat 7: Dorex2007 ($5.62 in chips) 
Seat 8: Edybundea2 ($7.30 in chips) 
Seat 9: 72o, Oh Snap ($4.03 in chips) 
Edybundea2: posts small blind $0.02
72o, Oh Snap: posts big blind $0.05
*** HOLE CARDS ***
Dealt to Dorex2007 [5s 2d]
giuaraujo12: calls $0.05
mangiopesce: folds 
Regi_Mortus: raises $0.05 to $0.10
88REAW: folds 
OHYABABY9317: folds 
Dorex2007: folds 
Edybundea2: folds 
72o, Oh Snap: calls $0.05
giuaraujo12: calls $0.05
*** FLOP *** [6h 8d Th]
72o, Oh Snap: checks 
giuaraujo12: bets $0.16
Regi_Mortus: calls $0.16
72o, Oh Snap: folds 
*** TURN *** [6h 8d Th] [6d]
giuaraujo12: bets $0.31
Regi_Mortus: folds 
Uncalled bet ($0.31) returned to giuaraujo12
giuaraujo12 collected $0.61 from pot
giuaraujo12: doesn't show hand 
*** SUMMARY ***
Total pot $0.64 | Rake $0.03 
Board [6h 8d Th 6d]
Seat 2: giuaraujo12 collected ($0.61)
Seat 3: mangiopesce folded before Flop (didn't bet)
Seat 4: Regi_Mortus folded on the Turn
Seat 5: 88REAW folded before Flop (didn't bet)
Seat 6: OHYABABY9317 folded before Flop (didn't bet)
Seat 7: Dorex2007 (button) folded before Flop (didn't bet)
Seat 8: Edybundea2 (small blind) folded before Flop
Seat 9: 72o, Oh Snap (big blind) folded on the Flop



PokerStars Hand #238737053159:  Hold'em No Limit ($0.02/$0.05 USD) - 2022/09/19 14:28:15 PT [2022/09/19 17:28:15 ET]
Table 'Kamenyar II' 9-max Seat #8 is the button
Seat 2: giuaraujo12 ($5.35 in chips) 
Seat 3: mangiopesce ($5 in chips) 
Seat 4: Regi_Mortus ($4.83 in chips) 
Seat 5: 88REAW ($4.85 in chips) 
Seat 6: OHYABABY9317 ($3.66 in chips) 
Seat 7: Dorex2007 ($5.62 in chips) 
Seat 8: Edybundea2 ($7.28 in chips) 
Seat 9: 72o, Oh Snap ($3.93 in chips) 
72o, Oh Snap: posts small blind $0.02
giuaraujo12: posts big blind $0.05
*** HOLE CARDS ***
Dealt to Dorex2007 [8s Jd]
mangiopesce: folds 
Regi_Mortus: calls $0.05
88REAW: folds 
OHYABABY9317: folds 
Dorex2007: folds 
Edybundea2: folds 
72o, Oh Snap: raises $0.05 to $0.10
giuaraujo12: raises $0.25 to $0.35
Regi_Mortus: folds 
72o, Oh Snap: calls $0.25
*** FLOP *** [Ad 5d 2h]
72o, Oh Snap: checks 
giuaraujo12: bets $0.36
72o, Oh Snap: calls $0.36
*** TURN *** [Ad 5d 2h] [Qh]
72o, Oh Snap: checks 
giuaraujo12: bets $0.71
mandeelee124 joins the table at seat #1 
72o, Oh Snap: folds 
Uncalled bet ($0.71) returned to giuaraujo12
giuaraujo12 collected $1.41 from pot
giuaraujo12: doesn't show hand 
*** SUMMARY ***
Total pot $1.47 | Rake $0.06 
Board [Ad 5d 2h Qh]
Seat 2: giuaraujo12 (big blind) collected ($1.41)
Seat 3: mangiopesce folded before Flop (didn't bet)
Seat 4: Regi_Mortus folded before Flop
Seat 5: 88REAW folded before Flop (didn't bet)
Seat 6: OHYABABY9317 folded before Flop (didn't bet)
Seat 7: Dorex2007 folded before Flop (didn't bet)
Seat 8: Edybundea2 (button) folded before Flop (didn't bet)
Seat 9: 72o, Oh Snap (small blind) folded on the Turn



PokerStars Hand #238737080203:  Hold'em No Limit ($0.02/$0.05 USD) - 2022/09/19 14:29:19 PT [2022/09/19 17:29:19 ET]
Table 'Kamenyar II' 9-max Seat #9 is the button
Seat 2: giuaraujo12 ($6.05 in chips) 
Seat 3: mangiopesce ($5 in chips) 
Seat 4: Regi_Mortus ($4.78 in chips) 
Seat 5: 88REAW ($4.85 in chips) 
Seat 6: OHYABABY9317 ($3.66 in chips) 
Seat 7: Dorex2007 ($5.62 in chips) 
Seat 8: Edybundea2 ($7.28 in chips) 
Seat 9: 72o, Oh Snap ($3.22 in chips) 
giuaraujo12: posts small blind $0.02
mangiopesce: posts big blind $0.05
*** HOLE CARDS ***
Dealt to Dorex2007 [Kd 4h]
Regi_Mortus: folds 
88REAW: folds 
OHYABABY9317: folds 
Dorex2007: folds 
Edybundea2 has timed out
Edybundea2: folds 
72o, Oh Snap: folds 
giuaraujo12: folds 
Uncalled bet ($0.03) returned to mangiopesce
mangiopesce collected $0.04 from pot
mangiopesce: doesn't show hand 
*** SUMMARY ***
Total pot $0.04 | Rake $0 
Seat 2: giuaraujo12 (small blind) folded before Flop
Seat 3: mangiopesce (big blind) collected ($0.04)
Seat 4: Regi_Mortus folded before Flop (didn't bet)
Seat 5: 88REAW folded before Flop (didn't bet)
Seat 6: OHYABABY9317 folded before Flop (didn't bet)
Seat 7: Dorex2007 folded before Flop (didn't bet)
Seat 8: Edybundea2 folded before Flop (didn't bet)
Seat 9: 72o, Oh Snap (button) folded before Flop (didn't bet)



PokerStars Hand #238737092569:  Hold'em No Limit ($0.02/$0.05 USD) - 2022/09/19 14:29:49 PT [2022/09/19 17:29:49 ET]
Table 'Kamenyar II' 9-max Seat #2 is the button
Seat 1: mandeelee124 ($5 in chips) 
Seat 2: giuaraujo12 ($6.03 in chips) 
Seat 3: mangiopesce ($5.02 in chips) 
Seat 4: Regi_Mortus ($4.78 in chips) 
Seat 5: 88REAW ($4.85 in chips) 
Seat 6: OHYABABY9317 ($3.66 in chips) 
Seat 7: Dorex2007 ($5.62 in chips) 
Seat 8: Edybundea2 ($7.28 in chips) 
Seat 9: 72o, Oh Snap ($3.22 in chips) 
mangiopesce: posts small blind $0.02
Regi_Mortus: posts big blind $0.05
mandeelee124: posts big blind $0.05
*** HOLE CARDS ***
Dealt to Dorex2007 [4d Tc]
88REAW: folds 
OHYABABY9317: folds 
Dorex2007: folds 
Edybundea2: folds 
72o, Oh Snap: folds 
mandeelee124: checks 
giuaraujo12: calls $0.05
88REAW is disconnected 
mangiopesce: calls $0.03
Regi_Mortus: checks 
*** FLOP *** [Qs 9h 7s]
mangiopesce: checks 
Regi_Mortus: checks 
mandeelee124: checks 
giuaraujo12: bets $0.10
mangiopesce: folds 
Regi_Mortus: calls $0.10
mandeelee124: folds 
*** TURN *** [Qs 9h 7s] [Qc]
Regi_Mortus: checks 
giuaraujo12: checks 
*** RIVER *** [Qs 9h 7s Qc] [5d]
88REAW leaves the table
Regi_Mortus: checks 
giuaraujo12: bets $0.38
Regi_Mortus: folds 
Uncalled bet ($0.38) returned to giuaraujo12
giuaraujo12 collected $0.38 from pot
giuaraujo12: doesn't show hand 
*** SUMMARY ***
Total pot $0.40 | Rake $0.02 
Board [Qs 9h 7s Qc 5d]
Seat 1: mandeelee124 folded on the Flop (didn't bet)
Seat 2: giuaraujo12 (button) collected ($0.38)
Seat 3: mangiopesce (small blind) folded on the Flop
Seat 4: Regi_Mortus (big blind) folded on the River
Seat 5: 88REAW folded before Flop (didn't bet)
Seat 6: OHYABABY9317 folded before Flop (didn't bet)
Seat 7: Dorex2007 folded before Flop (didn't bet)
Seat 8: Edybundea2 folded before Flop (didn't bet)
Seat 9: 72o, Oh Snap folded before Flop (didn't bet)



PokerStars Hand #238737121993:  Hold'em No Limit ($0.02/$0.05 USD) - 2022/09/19 14:30:57 PT [2022/09/19 17:30:57 ET]
Table 'Kamenyar II' 9-max Seat #3 is the button
Seat 1: mandeelee124 ($5 in chips) 
Seat 2: giuaraujo12 ($6.26 in chips) 
Seat 3: mangiopesce ($5 in chips) 
Seat 4: Regi_Mortus ($4.63 in chips) 
Seat 6: OHYABABY9317 ($3.66 in chips) 
Seat 7: Dorex2007 ($5.62 in chips) 
Seat 8: Edybundea2 ($7.28 in chips) 
Seat 9: 72o, Oh Snap ($3.22 in chips) 
Regi_Mortus: posts small blind $0.02
OHYABABY9317: posts big blind $0.05
*** HOLE CARDS ***
Dealt to Dorex2007 [8h 3h]
Dorex2007: folds 
Edybundea2: raises $0.10 to $0.15
72o, Oh Snap: folds 
mandeelee124: folds 
giuaraujo12: calls $0.15
mangiopesce: raises $0.50 to $0.65
Regi_Mortus: calls $0.63
OHYABABY9317: folds 
Edybundea2: folds 
giuaraujo12: folds 
*** FLOP *** [8s 2h 4s]
Regi_Mortus: checks 
mangiopesce: checks 
*** TURN *** [8s 2h 4s] [Ah]
Regi_Mortus: checks 
mangiopesce: bets $0.87
Regi_Mortus: folds 
Uncalled bet ($0.87) returned to mangiopesce
mangiopesce collected $1.58 from pot
mangiopesce: doesn't show hand 
*** SUMMARY ***
Total pot $1.65 | Rake $0.07 
Board [8s 2h 4s Ah]
Seat 1: mandeelee124 folded before Flop (didn't bet)
Seat 2: giuaraujo12 folded before Flop
Seat 3: mangiopesce (button) collected ($1.58)
Seat 4: Regi_Mortus (small blind) folded on the Turn
Seat 6: OHYABABY9317 (big blind) folded before Flop
Seat 7: Dorex2007 folded before Flop (didn't bet)
Seat 8: Edybundea2 folded before Flop
Seat 9: 72o, Oh Snap folded before Flop (didn't bet)



PokerStars Hand #238737141564:  Hold'em No Limit ($0.02/$0.05 USD) - 2022/09/19 14:31:43 PT [2022/09/19 17:31:43 ET]
Table 'Kamenyar II' 9-max Seat #4 is the button
Seat 1: mandeelee124 ($5 in chips) 
Seat 2: giuaraujo12 ($6.11 in chips) 
Seat 3: mangiopesce ($5.93 in chips) 
Seat 4: Regi_Mortus ($3.98 in chips) 
Seat 6: OHYABABY9317 ($3.61 in chips) 
Seat 7: Dorex2007 ($5.62 in chips) 
Seat 8: Edybundea2 ($7.13 in chips) 
Seat 9: 72o, Oh Snap ($3.22 in chips) 
OHYABABY9317: posts small blind $0.02
Dorex2007: posts big blind $0.05
*** HOLE CARDS ***
Dealt to Dorex2007 [Qh 6d]
zecrai joins the table at seat #5 
Edybundea2: folds 
72o, Oh Snap: raises $0.10 to $0.15
mandeelee124: folds 
giuaraujo12: folds 
mangiopesce: folds 
Regi_Mortus: folds 
OHYABABY9317: folds 
Dorex2007: folds 
Uncalled bet ($0.10) returned to 72o, Oh Snap
72o, Oh Snap collected $0.12 from pot
*** SUMMARY ***
Total pot $0.12 | Rake $0 
Seat 1: mandeelee124 folded before Flop (didn't bet)
Seat 2: giuaraujo12 folded before Flop (didn't bet)
Seat 3: mangiopesce folded before Flop (didn't bet)
Seat 4: Regi_Mortus (button) folded before Flop (didn't bet)
Seat 6: OHYABABY9317 (small blind) folded before Flop
Seat 7: Dorex2007 (big blind) folded before Flop
Seat 8: Edybundea2 folded before Flop (didn't bet)
Seat 9: 72o, Oh Snap collected ($0.12)



PokerStars Hand #238737148388:  Hold'em No Limit ($0.02/$0.05 USD) - 2022/09/19 14:32:00 PT [2022/09/19 17:32:00 ET]
Table 'Kamenyar II' 9-max Seat #6 is the button
Seat 1: mandeelee124 ($5 in chips) 
Seat 2: giuaraujo12 ($6.11 in chips) 
Seat 3: mangiopesce ($5.93 in chips) 
Seat 4: Regi_Mortus ($3.98 in chips) 
Seat 5: zecrai ($5 in chips) 
Seat 6: OHYABABY9317 ($3.59 in chips) 
Seat 7: Dorex2007 ($5.57 in chips) 
Seat 8: Edybundea2 ($7.13 in chips) 
Seat 9: 72o, Oh Snap ($3.29 in chips) 
Dorex2007: posts small blind $0.02
Edybundea2: posts big blind $0.05
zecrai: posts big blind $0.05
*** HOLE CARDS ***
Dealt to Dorex2007 [6c 3s]
72o, Oh Snap: folds 
mandeelee124: folds 
giuaraujo12: folds 
mangiopesce: folds 
Regi_Mortus: folds 
zecrai: checks 
OHYABABY9317: raises $0.05 to $0.10
Dorex2007: folds 
Edybundea2: calls $0.05
zecrai: calls $0.05
*** FLOP *** [Qs 3c 7d]
Edybundea2: checks 
zecrai: checks 
OHYABABY9317: bets $0.15
Edybundea2: calls $0.15
zecrai: folds 
*** TURN *** [Qs 3c 7d] [As]
Edybundea2: checks 
OHYABABY9317: bets $0.29
Edybundea2: calls $0.29
*** RIVER *** [Qs 3c 7d As] [2s]
Edybundea2: checks 
OHYABABY9317: checks 
*** SHOW DOWN ***
Edybundea2: shows [Qc 8d] (a pair of Queens)
OHYABABY9317: shows [Ac 9c] (a pair of Aces)
OHYABABY9317 collected $1.15 from pot
*** SUMMARY ***
Total pot $1.20 | Rake $0.05 
Board [Qs 3c 7d As 2s]
Seat 1: mandeelee124 folded before Flop (didn't bet)
Seat 2: giuaraujo12 folded before Flop (didn't bet)
Seat 3: mangiopesce folded before Flop (didn't bet)
Seat 4: Regi_Mortus folded before Flop (didn't bet)
Seat 5: zecrai folded on the Flop
Seat 6: OHYABABY9317 (button) showed [Ac 9c] and won ($1.15) with a pair of Aces
Seat 7: Dorex2007 (small blind) folded before Flop
Seat 8: Edybundea2 (big blind) showed [Qc 8d] and lost with a pair of Queens
Seat 9: 72o, Oh Snap folded before Flop (didn't bet)



PokerStars Hand #238737180691:  Hold'em No Limit ($0.02/$0.05 USD) - 2022/09/19 14:33:15 PT [2022/09/19 17:33:15 ET]
Table 'Kamenyar II' 9-max Seat #7 is the button
Seat 1: mandeelee124 ($5 in chips) 
Seat 2: giuaraujo12 ($6.11 in chips) 
Seat 3: mangiopesce ($5.93 in chips) 
Seat 4: Regi_Mortus ($3.98 in chips) 
Seat 5: zecrai ($5 in chips) 
Seat 6: OHYABABY9317 ($4.20 in chips) 
Seat 7: Dorex2007 ($5.55 in chips) 
Seat 8: Edybundea2 ($6.59 in chips) 
Seat 9: 72o, Oh Snap ($3.29 in chips) 
Edybundea2: posts small blind $0.02
72o, Oh Snap: posts big blind $0.05
*** HOLE CARDS ***
Dealt to Dorex2007 [3h Ac]
mandeelee124: folds 
giuaraujo12: folds 
mangiopesce: folds 
Regi_Mortus: folds 
zecrai: folds 
OHYABABY9317: calls $0.05
Dorex2007: folds 
Edybundea2: raises $0.15 to $0.20
72o, Oh Snap: folds 
OHYABABY9317: calls $0.15
*** FLOP *** [4h 3s 2s]
Edybundea2: checks 
OHYABABY9317: checks 
*** TURN *** [4h 3s 2s] [9h]
Edybundea2: bets $0.30
OHYABABY9317: calls $0.30
*** RIVER *** [4h 3s 2s 9h] [Td]
Edybundea2: bets $1.26
OHYABABY9317: calls $1.26
*** SHOW DOWN ***
Edybundea2: shows [Tc 9c] (two pair, Tens and Nines)
OHYABABY9317: mucks hand 
Edybundea2 collected $3.42 from pot
*** SUMMARY ***
Total pot $3.57 | Rake $0.15 
Board [4h 3s 2s 9h Td]
Seat 1: mandeelee124 folded before Flop (didn't bet)
Seat 2: giuaraujo12 folded before Flop (didn't bet)
Seat 3: mangiopesce folded before Flop (didn't bet)
Seat 4: Regi_Mortus folded before Flop (didn't bet)
Seat 5: zecrai folded before Flop (didn't bet)
Seat 6: OHYABABY9317 mucked [Ts Js]
Seat 7: Dorex2007 (button) folded before Flop (didn't bet)
Seat 8: Edybundea2 (small blind) showed [Tc 9c] and won ($3.42) with two pair, Tens and Nines
Seat 9: 72o, Oh Snap (big blind) folded before Flop



PokerStars Hand #238737216916:  Hold'em No Limit ($0.02/$0.05 USD) - 2022/09/19 14:34:40 PT [2022/09/19 17:34:40 ET]
Table 'Kamenyar II' 9-max Seat #8 is the button
Seat 1: mandeelee124 ($5 in chips) 
Seat 2: giuaraujo12 ($6.11 in chips) 
Seat 3: mangiopesce ($5.93 in chips) 
Seat 4: Regi_Mortus ($3.98 in chips) 
Seat 5: zecrai ($5 in chips) 
Seat 6: OHYABABY9317 ($2.44 in chips) 
Seat 7: Dorex2007 ($5.55 in chips) 
Seat 8: Edybundea2 ($8.25 in chips) 
Seat 9: 72o, Oh Snap ($3.24 in chips) 
72o, Oh Snap: posts small blind $0.02
mandeelee124: posts big blind $0.05
*** HOLE CARDS ***
Dealt to Dorex2007 [8d 2h]
giuaraujo12: folds 
mangiopesce: folds 
Regi_Mortus: folds 
zecrai: folds 
OHYABABY9317: folds 
Dorex2007: folds 
Edybundea2: raises $0.10 to $0.15
72o, Oh Snap: raises $0.35 to $0.50
mandeelee124: folds 
Edybundea2: calls $0.35
*** FLOP *** [3s Jd 5h]
72o, Oh Snap: bets $0.50
Edybundea2: folds 
Uncalled bet ($0.50) returned to 72o, Oh Snap
72o, Oh Snap collected $1.01 from pot
*** SUMMARY ***
Total pot $1.05 | Rake $0.04 
Board [3s Jd 5h]
Seat 1: mandeelee124 (big blind) folded before Flop
Seat 2: giuaraujo12 folded before Flop (didn't bet)
Seat 3: mangiopesce folded before Flop (didn't bet)
Seat 4: Regi_Mortus folded before Flop (didn't bet)
Seat 5: zecrai folded before Flop (didn't bet)
Seat 6: OHYABABY9317 folded before Flop (didn't bet)
Seat 7: Dorex2007 folded before Flop (didn't bet)
Seat 8: Edybundea2 (button) folded on the Flop
Seat 9: 72o, Oh Snap (small blind) collected ($1.01)



PokerStars Hand #238737232080:  Hold'em No Limit ($0.02/$0.05 USD) - 2022/09/19 14:35:16 PT [2022/09/19 17:35:16 ET]
Table 'Kamenyar II' 9-max Seat #9 is the button
Seat 1: mandeelee124 ($5 in chips) 
Seat 2: giuaraujo12 ($6.11 in chips) 
Seat 3: mangiopesce ($5.93 in chips) 
Seat 4: Regi_Mortus ($3.98 in chips) 
Seat 5: zecrai ($5 in chips) 
Seat 6: OHYABABY9317 ($2.44 in chips) 
Seat 7: Dorex2007 ($5.55 in chips) 
Seat 8: Edybundea2 ($7.75 in chips) 
Seat 9: 72o, Oh Snap ($3.75 in chips) 
mandeelee124: posts small blind $0.02
giuaraujo12: posts big blind $0.05
*** HOLE CARDS ***
Dealt to Dorex2007 [5h Kh]
mangiopesce: folds 
Regi_Mortus: calls $0.05
zecrai: folds 
OHYABABY9317: folds 
Dorex2007: folds 
Edybundea2: raises $0.05 to $0.10
72o, Oh Snap: folds 
mandeelee124: folds 
giuaraujo12: calls $0.05
Regi_Mortus: calls $0.05
*** FLOP *** [4c 7h Ac]
giuaraujo12: bets $0.16
Regi_Mortus: calls $0.16
Edybundea2: folds 
*** TURN *** [4c 7h Ac] [Qd]
giuaraujo12: bets $0.31
Regi_Mortus: folds 
Uncalled bet ($0.31) returned to giuaraujo12
giuaraujo12 collected $0.61 from pot
giuaraujo12: doesn't show hand 
*** SUMMARY ***
Total pot $0.64 | Rake $0.03 
Board [4c 7h Ac Qd]
Seat 1: mandeelee124 (small blind) folded before Flop
Seat 2: giuaraujo12 (big blind) collected ($0.61)
Seat 3: mangiopesce folded before Flop (didn't bet)
Seat 4: Regi_Mortus folded on the Turn
Seat 5: zecrai folded before Flop (didn't bet)
Seat 6: OHYABABY9317 folded before Flop (didn't bet)
Seat 7: Dorex2007 folded before Flop (didn't bet)
Seat 8: Edybundea2 folded on the Flop
Seat 9: 72o, Oh Snap (button) folded before Flop (didn't bet)



PokerStars Hand #238737249894:  Hold'em No Limit ($0.02/$0.05 USD) - 2022/09/19 14:35:58 PT [2022/09/19 17:35:58 ET]
Table 'Kamenyar II' 9-max Seat #1 is the button
Seat 1: mandeelee124 ($5 in chips) 
Seat 2: giuaraujo12 ($6.46 in chips) 
Seat 3: mangiopesce ($5.93 in chips) 
Seat 4: Regi_Mortus ($3.72 in chips) 
Seat 5: zecrai ($5 in chips) 
Seat 6: OHYABABY9317 ($2.44 in chips) 
Seat 7: Dorex2007 ($5.55 in chips) 
Seat 8: Edybundea2 ($7.65 in chips) 
Seat 9: 72o, Oh Snap ($3.75 in chips) 
giuaraujo12: posts small blind $0.02
mangiopesce: posts big blind $0.05
*** HOLE CARDS ***
Dealt to Dorex2007 [5h As]
Regi_Mortus: folds 
zecrai: folds 
OHYABABY9317: folds 
Dorex2007: folds 
Edybundea2: folds 
72o, Oh Snap: folds 
mandeelee124: folds 
giuaraujo12: folds 
Uncalled bet ($0.03) returned to mangiopesce
mangiopesce collected $0.04 from pot
mangiopesce: doesn't show hand 
*** SUMMARY ***
Total pot $0.04 | Rake $0 
Seat 1: mandeelee124 (button) folded before Flop (didn't bet)
Seat 2: giuaraujo12 (small blind) folded before Flop
Seat 3: mangiopesce (big blind) collected ($0.04)
Seat 4: Regi_Mortus folded before Flop (didn't bet)
Seat 5: zecrai folded before Flop (didn't bet)
Seat 6: OHYABABY9317 folded before Flop (didn't bet)
Seat 7: Dorex2007 folded before Flop (didn't bet)
Seat 8: Edybundea2 folded before Flop (didn't bet)
Seat 9: 72o, Oh Snap folded before Flop (didn't bet)



PokerStars Hand #238737256224:  Hold'em No Limit ($0.02/$0.05 USD) - 2022/09/19 14:36:13 PT [2022/09/19 17:36:13 ET]
Table 'Kamenyar II' 9-max Seat #2 is the button
Seat 1: mandeelee124 ($5 in chips) 
Seat 2: giuaraujo12 ($6.44 in chips) 
Seat 3: mangiopesce ($5.95 in chips) 
Seat 4: Regi_Mortus ($3.72 in chips) 
Seat 5: zecrai ($5 in chips) 
Seat 6: OHYABABY9317 ($2.44 in chips) 
Seat 7: Dorex2007 ($5.55 in chips) 
Seat 8: Edybundea2 ($7.65 in chips) 
Seat 9: 72o, Oh Snap ($3.75 in chips) 
mangiopesce: posts small blind $0.02
Regi_Mortus: posts big blind $0.05
*** HOLE CARDS ***
Dealt to Dorex2007 [Ts Kh]
zecrai: folds 
OHYABABY9317: folds 
Dorex2007: folds 
Edybundea2: folds 
72o, Oh Snap: folds 
mandeelee124: raises $0.05 to $0.10
giuaraujo12: folds 
mangiopesce: folds 
Regi_Mortus: folds 
Uncalled bet ($0.05) returned to mandeelee124
mandeelee124 collected $0.12 from pot
mandeelee124: doesn't show hand 
*** SUMMARY ***
Total pot $0.12 | Rake $0 
Seat 1: mandeelee124 collected ($0.12)
Seat 2: giuaraujo12 (button) folded before Flop (didn't bet)
Seat 3: mangiopesce (small blind) folded before Flop
Seat 4: Regi_Mortus (big blind) folded before Flop
Seat 5: zecrai folded before Flop (didn't bet)
Seat 6: OHYABABY9317 folded before Flop (didn't bet)
Seat 7: Dorex2007 folded before Flop (didn't bet)
Seat 8: Edybundea2 folded before Flop (didn't bet)
Seat 9: 72o, Oh Snap folded before Flop (didn't bet)



PokerStars Hand #238737268964:  Hold'em No Limit ($0.02/$0.05 USD) - 2022/09/19 14:36:43 PT [2022/09/19 17:36:43 ET]
Table 'Kamenyar II' 9-max Seat #3 is the button
Seat 1: mandeelee124 ($5.07 in chips) 
Seat 2: giuaraujo12 ($6.44 in chips) 
Seat 3: mangiopesce ($5.93 in chips) 
Seat 4: Regi_Mortus ($3.67 in chips) 
Seat 5: zecrai ($5 in chips) 
Seat 6: OHYABABY9317 ($2.44 in chips) 
Seat 7: Dorex2007 ($5.55 in chips) 
Seat 8: Edybundea2 ($7.65 in chips) 
Seat 9: 72o, Oh Snap ($3.75 in chips) 
Regi_Mortus: posts small blind $0.02
zecrai: posts big blind $0.05
*** HOLE CARDS ***
Dealt to Dorex2007 [Kh 9h]
OHYABABY9317: folds 
Dorex2007: folds 
Edybundea2: folds 
72o, Oh Snap: folds 
mandeelee124: folds 
giuaraujo12: folds 
mangiopesce: folds 
Regi_Mortus: folds 
Uncalled bet ($0.03) returned to zecrai
zecrai collected $0.04 from pot
*** SUMMARY ***
Total pot $0.04 | Rake $0 
Seat 1: mandeelee124 folded before Flop (didn't bet)
Seat 2: giuaraujo12 folded before Flop (didn't bet)
Seat 3: mangiopesce (button) folded before Flop (didn't bet)
Seat 4: Regi_Mortus (small blind) folded before Flop
Seat 5: zecrai (big blind) collected ($0.04)
Seat 6: OHYABABY9317 folded before Flop (didn't bet)
Seat 7: Dorex2007 folded before Flop (didn't bet)
Seat 8: Edybundea2 folded before Flop (didn't bet)
Seat 9: 72o, Oh Snap folded before Flop (didn't bet)



PokerStars Hand #238737274482:  Hold'em No Limit ($0.02/$0.05 USD) - 2022/09/19 14:36:56 PT [2022/09/19 17:36:56 ET]
Table 'Kamenyar II' 9-max Seat #4 is the button
Seat 1: mandeelee124 ($5.07 in chips) 
Seat 2: giuaraujo12 ($6.44 in chips) 
Seat 3: mangiopesce ($5.93 in chips) 
Seat 4: Regi_Mortus ($3.65 in chips) 
Seat 5: zecrai ($5.02 in chips) 
Seat 6: OHYABABY9317 ($2.44 in chips) 
Seat 7: Dorex2007 ($5.55 in chips) 
Seat 8: Edybundea2 ($7.65 in chips) 
Seat 9: 72o, Oh Snap ($3.75 in chips) 
zecrai: posts small blind $0.02
OHYABABY9317: posts big blind $0.05
*** HOLE CARDS ***
Dealt to Dorex2007 [7c Kh]
Dorex2007: folds 
Edybundea2: folds 
72o, Oh Snap has timed out
72o, Oh Snap: folds 
mandeelee124: folds 
giuaraujo12: folds 
mangiopesce: folds 
Regi_Mortus: raises $0.20 to $0.25
zecrai: folds 
OHYABABY9317: folds 
Uncalled bet ($0.20) returned to Regi_Mortus
Regi_Mortus collected $0.12 from pot
*** SUMMARY ***
Total pot $0.12 | Rake $0 
Seat 1: mandeelee124 folded before Flop (didn't bet)
Seat 2: giuaraujo12 folded before Flop (didn't bet)
Seat 3: mangiopesce folded before Flop (didn't bet)
Seat 4: Regi_Mortus (button) collected ($0.12)
Seat 5: zecrai (small blind) folded before Flop
Seat 6: OHYABABY9317 (big blind) folded before Flop
Seat 7: Dorex2007 folded before Flop (didn't bet)
Seat 8: Edybundea2 folded before Flop (didn't bet)
Seat 9: 72o, Oh Snap folded before Flop (didn't bet)



PokerStars Hand #238737288347:  Hold'em No Limit ($0.02/$0.05 USD) - 2022/09/19 14:37:29 PT [2022/09/19 17:37:29 ET]
Table 'Kamenyar II' 9-max Seat #5 is the button
Seat 1: mandeelee124 ($5.07 in chips) 
Seat 2: giuaraujo12 ($6.44 in chips) 
Seat 3: mangiopesce ($5.93 in chips) 
Seat 4: Regi_Mortus ($3.72 in chips) 
Seat 5: zecrai ($5 in chips) 
Seat 6: OHYABABY9317 ($2.39 in chips) 
Seat 7: Dorex2007 ($5.55 in chips) 
Seat 8: Edybundea2 ($7.65 in chips) 
Seat 9: 72o, Oh Snap ($3.75 in chips) 
OHYABABY9317: posts small blind $0.02
Dorex2007: posts big blind $0.05
*** HOLE CARDS ***
Dealt to Dorex2007 [5c As]
Edybundea2: folds 
72o, Oh Snap: folds 
mandeelee124: folds 
giuaraujo12: folds 
mangiopesce: folds 
Regi_Mortus: calls $0.05
zecrai: calls $0.05
OHYABABY9317: folds 
Dorex2007: checks 
*** FLOP *** [5h Ac 8d]
Dorex2007: checks 
Regi_Mortus: bets $0.05
zecrai: folds 
Dorex2007: calls $0.05
*** TURN *** [5h Ac 8d] [Qd]
Dorex2007: checks 
Regi_Mortus: checks 
*** RIVER *** [5h Ac 8d Qd] [2c]
Dorex2007: bets $0.40
Regi_Mortus: folds 
Uncalled bet ($0.40) returned to Dorex2007
Dorex2007 collected $0.26 from pot
Dorex2007: doesn't show hand 
*** SUMMARY ***
Total pot $0.27 | Rake $0.01 
Board [5h Ac 8d Qd 2c]
Seat 1: mandeelee124 folded before Flop (didn't bet)
Seat 2: giuaraujo12 folded before Flop (didn't bet)
Seat 3: mangiopesce folded before Flop (didn't bet)
Seat 4: Regi_Mortus folded on the River
Seat 5: zecrai (button) folded on the Flop
Seat 6: OHYABABY9317 (small blind) folded before Flop
Seat 7: Dorex2007 (big blind) collected ($0.26)
Seat 8: Edybundea2 folded before Flop (didn't bet)
Seat 9: 72o, Oh Snap folded before Flop (didn't bet)



PokerStars Hand #238737307470:  Hold'em No Limit ($0.02/$0.05 USD) - 2022/09/19 14:38:15 PT [2022/09/19 17:38:15 ET]
Table 'Kamenyar II' 9-max Seat #6 is the button
Seat 1: mandeelee124 ($5.07 in chips) 
Seat 2: giuaraujo12 ($6.44 in chips) 
Seat 3: mangiopesce ($5.93 in chips) 
Seat 4: Regi_Mortus ($4.90 in chips) 
Seat 5: zecrai ($5 in chips) 
Seat 6: OHYABABY9317 ($2.37 in chips) 
Seat 7: Dorex2007 ($5.71 in chips) 
Seat 8: Edybundea2 ($7.65 in chips) 
Seat 9: 72o, Oh Snap ($3.75 in chips) 
Dorex2007: posts small blind $0.02
Edybundea2: posts big blind $0.05
*** HOLE CARDS ***
Dealt to Dorex2007 [6h 8s]
72o, Oh Snap: folds 
mandeelee124: raises $0.05 to $0.10
giuaraujo12: calls $0.10
mangiopesce: folds 
Regi_Mortus: folds 
zecrai: folds 
Regi_Mortus leaves the table
OHYABABY9317: folds 
Dorex2007: folds 
Edybundea2: calls $0.05
*** FLOP *** [Qc Kc 8h]
MarkFitz76 joins the table at seat #4 
Edybundea2: checks 
mandeelee124: bets $0.10
giuaraujo12: calls $0.10
Edybundea2: raises $0.30 to $0.40
mandeelee124: folds 
giuaraujo12: folds 
Uncalled bet ($0.30) returned to Edybundea2
Edybundea2 collected $0.59 from pot
*** SUMMARY ***
Total pot $0.62 | Rake $0.03 
Board [Qc Kc 8h]
Seat 1: mandeelee124 folded on the Flop
Seat 2: giuaraujo12 folded on the Flop
Seat 3: mangiopesce folded before Flop (didn't bet)
Seat 4: Regi_Mortus folded before Flop (didn't bet)
Seat 5: zecrai folded before Flop (didn't bet)
Seat 6: OHYABABY9317 (button) folded before Flop (didn't bet)
Seat 7: Dorex2007 (small blind) folded before Flop
Seat 8: Edybundea2 (big blind) collected ($0.59)
Seat 9: 72o, Oh Snap folded before Flop (didn't bet)



PokerStars Hand #238737330221:  Hold'em No Limit ($0.02/$0.05 USD) - 2022/09/19 14:39:08 PT [2022/09/19 17:39:08 ET]
Table 'Kamenyar II' 9-max Seat #7 is the button
Seat 1: mandeelee124 ($5 in chips) 
Seat 2: giuaraujo12 ($6.24 in chips) 
Seat 3: mangiopesce ($5.93 in chips) 
Seat 5: zecrai ($5 in chips) 
Seat 6: OHYABABY9317 ($2.37 in chips) 
Seat 7: Dorex2007 ($5.69 in chips) 
Seat 8: Edybundea2 ($8.04 in chips) 
Seat 9: 72o, Oh Snap ($3.75 in chips) 
Edybundea2: posts small blind $0.02
72o, Oh Snap: posts big blind $0.05
MarkFitz76: sits out 
*** HOLE CARDS ***
Dealt to Dorex2007 [8h 7s]
mandeelee124: folds 
giuaraujo12: folds 
mangiopesce: folds 
zecrai: folds 
OHYABABY9317: folds 
Dorex2007: folds 
Edybundea2: folds 
Uncalled bet ($0.03) returned to 72o, Oh Snap
72o, Oh Snap collected $0.04 from pot
*** SUMMARY ***
Total pot $0.04 | Rake $0 
Seat 1: mandeelee124 folded before Flop (didn't bet)
Seat 2: giuaraujo12 folded before Flop (didn't bet)
Seat 3: mangiopesce folded before Flop (didn't bet)
Seat 5: zecrai folded before Flop (didn't bet)
Seat 6: OHYABABY9317 folded before Flop (didn't bet)
Seat 7: Dorex2007 (button) folded before Flop (didn't bet)
Seat 8: Edybundea2 (small blind) folded before Flop
Seat 9: 72o, Oh Snap (big blind) collected ($0.04)



PokerStars Hand #238737335230:  Hold'em No Limit ($0.02/$0.05 USD) - 2022/09/19 14:39:20 PT [2022/09/19 17:39:20 ET]
Table 'Kamenyar II' 9-max Seat #8 is the button
Seat 1: mandeelee124 ($5 in chips) 
Seat 2: giuaraujo12 ($6.24 in chips) 
Seat 3: mangiopesce ($5.93 in chips) 
Seat 5: zecrai ($5 in chips) 
Seat 6: OHYABABY9317 ($2.37 in chips) 
Seat 7: Dorex2007 ($5.69 in chips) 
Seat 8: Edybundea2 ($8.02 in chips) 
Seat 9: 72o, Oh Snap ($3.77 in chips) 
72o, Oh Snap: posts small blind $0.02
mandeelee124: posts big blind $0.05
MarkFitz76: sits out 
*** HOLE CARDS ***
Dealt to Dorex2007 [Td Jh]
giuaraujo12: calls $0.05
mangiopesce: folds 
zecrai: folds 
OHYABABY9317: folds 
Dorex2007: raises $0.10 to $0.15
Edybundea2: folds 
72o, Oh Snap: folds 
mandeelee124: folds 
giuaraujo12: calls $0.10
*** FLOP *** [4s Qc 7s]
giuaraujo12: checks 
Dorex2007: checks 
*** TURN *** [4s Qc 7s] [4d]
giuaraujo12: checks 
Dorex2007: checks 
*** RIVER *** [4s Qc 7s 4d] [5s]
giuaraujo12: checks 
Dorex2007: bets $0.23
giuaraujo12: folds 
Uncalled bet ($0.23) returned to Dorex2007
Dorex2007 collected $0.35 from pot
Dorex2007: doesn't show hand 
*** SUMMARY ***
Total pot $0.37 | Rake $0.02 
Board [4s Qc 7s 4d 5s]
Seat 1: mandeelee124 (big blind) folded before Flop
Seat 2: giuaraujo12 folded on the River
Seat 3: mangiopesce folded before Flop (didn't bet)
Seat 5: zecrai folded before Flop (didn't bet)
Seat 6: OHYABABY9317 folded before Flop (didn't bet)
Seat 7: Dorex2007 collected ($0.35)
Seat 8: Edybundea2 (button) folded before Flop (didn't bet)
Seat 9: 72o, Oh Snap (small blind) folded before Flop



PokerStars Hand #238737350580:  Hold'em No Limit ($0.02/$0.05 USD) - 2022/09/19 14:39:57 PT [2022/09/19 17:39:57 ET]
Table 'Kamenyar II' 9-max Seat #9 is the button
Seat 1: mandeelee124 ($5 in chips) 
Seat 2: giuaraujo12 ($6.09 in chips) 
Seat 3: mangiopesce ($5.93 in chips) 
Seat 5: zecrai ($5 in chips) 
Seat 6: OHYABABY9317 ($2.37 in chips) 
Seat 7: Dorex2007 ($5.89 in chips) 
Seat 8: Edybundea2 ($8.02 in chips) 
Seat 9: 72o, Oh Snap ($3.75 in chips) 
mandeelee124: posts small blind $0.02
giuaraujo12: posts big blind $0.05
MarkFitz76: sits out 
*** HOLE CARDS ***
Dealt to Dorex2007 [4s 2d]
mangiopesce: folds 
zecrai: folds 
OHYABABY9317: calls $0.05
Dorex2007: folds 
Edybundea2: calls $0.05
72o, Oh Snap: folds 
mandeelee124: folds 
giuaraujo12: checks 
*** FLOP *** [6h 5d Ah]
giuaraujo12: checks 
OHYABABY9317: checks 
Edybundea2: bets $0.15
giuaraujo12: calls $0.15
OHYABABY9317: calls $0.15
*** TURN *** [6h 5d Ah] [Td]
giuaraujo12: checks 
OHYABABY9317: checks 
Edybundea2: bets $0.79
giuaraujo12: calls $0.79
OHYABABY9317: calls $0.79
*** RIVER *** [6h 5d Ah Td] [Qc]
giuaraujo12: checks 
OHYABABY9317: bets $1
Edybundea2: calls $1
giuaraujo12: raises $4.10 to $5.10 and is all-in
OHYABABY9317: calls $0.38 and is all-in
Edybundea2: calls $4.10
*** SHOW DOWN ***
giuaraujo12: shows [Tc As] (two pair, Aces and Tens)
Edybundea2: shows [Ac 6c] (two pair, Aces and Sixes)
giuaraujo12 collected $7.14 from side pot
OHYABABY9317: shows [Kh Jh] (a straight, Ten to Ace)
OHYABABY9317 collected $6.83 from main pot
*** SUMMARY ***
Total pot $14.57 Main pot $6.83. Side pot $7.14. | Rake $0.60 
Board [6h 5d Ah Td Qc]
Seat 1: mandeelee124 (small blind) folded before Flop
Seat 2: giuaraujo12 (big blind) showed [Tc As] and won ($7.14) with two pair, Aces and Tens
Seat 3: mangiopesce folded before Flop (didn't bet)
Seat 5: zecrai folded before Flop (didn't bet)
Seat 6: OHYABABY9317 showed [Kh Jh] and won ($6.83) with a straight, Ten to Ace
Seat 7: Dorex2007 folded before Flop (didn't bet)
Seat 8: Edybundea2 showed [Ac 6c] and lost with two pair, Aces and Sixes
Seat 9: 72o, Oh Snap (button) folded before Flop (didn't bet)



PokerStars Hand #238737403549:  Hold'em No Limit ($0.02/$0.05 USD) - 2022/09/19 14:42:05 PT [2022/09/19 17:42:05 ET]
Table 'Kamenyar II' 9-max Seat #1 is the button
Seat 1: mandeelee124 ($5 in chips) 
Seat 2: giuaraujo12 ($7.14 in chips) 
Seat 3: mangiopesce ($5.93 in chips) 
Seat 5: zecrai ($5 in chips) 
Seat 6: OHYABABY9317 ($6.83 in chips) 
Seat 7: Dorex2007 ($5.89 in chips) 
Seat 8: Edybundea2 ($1.93 in chips) 
Seat 9: 72o, Oh Snap ($3.75 in chips) 
giuaraujo12: posts small blind $0.02
mangiopesce: posts big blind $0.05
MarkFitz76: sits out 
*** HOLE CARDS ***
Dealt to Dorex2007 [3s Qc]
zecrai: folds 
OHYABABY9317: folds 
Dorex2007: folds 
Edybundea2: folds 
72o, Oh Snap: raises $0.05 to $0.10
mandeelee124: folds 
giuaraujo12: folds 
mangiopesce: folds 
Uncalled bet ($0.05) returned to 72o, Oh Snap
72o, Oh Snap collected $0.12 from pot
*** SUMMARY ***
Total pot $0.12 | Rake $0 
Seat 1: mandeelee124 (button) folded before Flop (didn't bet)
Seat 2: giuaraujo12 (small blind) folded before Flop
Seat 3: mangiopesce (big blind) folded before Flop
Seat 5: zecrai folded before Flop (didn't bet)
Seat 6: OHYABABY9317 folded before Flop (didn't bet)
Seat 7: Dorex2007 folded before Flop (didn't bet)
Seat 8: Edybundea2 folded before Flop (didn't bet)
Seat 9: 72o, Oh Snap collected ($0.12)



PokerStars Hand #238737414291:  Hold'em No Limit ($0.02/$0.05 USD) - 2022/09/19 14:42:32 PT [2022/09/19 17:42:32 ET]
Table 'Kamenyar II' 9-max Seat #2 is the button
Seat 1: mandeelee124 ($5 in chips) 
Seat 2: giuaraujo12 ($7.12 in chips) 
Seat 3: mangiopesce ($5.88 in chips) 
Seat 4: MarkFitz76 ($5 in chips) 
Seat 5: zecrai ($5 in chips) 
Seat 6: OHYABABY9317 ($6.83 in chips) 
Seat 7: Dorex2007 ($5.89 in chips) 
Seat 8: Edybundea2 ($1.93 in chips) 
Seat 9: 72o, Oh Snap ($3.82 in chips) 
mangiopesce: posts small blind $0.02
MarkFitz76: posts big blind $0.05
*** HOLE CARDS ***
Dealt to Dorex2007 [Tc Qd]
zecrai: folds 
OHYABABY9317: folds 
Dorex2007: folds 
Edybundea2: folds 
72o, Oh Snap: folds 
mandeelee124: raises $0.05 to $0.10
72o, Oh Snap leaves the table
giuaraujo12: folds 
mangiopesce: folds 
MarkFitz76: calls $0.05
*** FLOP *** [9d 4h Td]
SUPERFLY JASONN joins the table at seat #9 
MarkFitz76: checks 
mandeelee124: bets $0.10
MarkFitz76: folds 
Uncalled bet ($0.10) returned to mandeelee124
mandeelee124 collected $0.21 from pot
mandeelee124: doesn't show hand 
*** SUMMARY ***
Total pot $0.22 | Rake $0.01 
Board [9d 4h Td]
Seat 1: mandeelee124 collected ($0.21)
Seat 2: giuaraujo12 (button) folded before Flop (didn't bet)
Seat 3: mangiopesce (small blind) folded before Flop
Seat 4: MarkFitz76 (big blind) folded on the Flop
Seat 5: zecrai folded before Flop (didn't bet)
Seat 6: OHYABABY9317 folded before Flop (didn't bet)
Seat 7: Dorex2007 folded before Flop (didn't bet)
Seat 8: Edybundea2 folded before Flop (didn't bet)
Seat 9: 72o, Oh Snap folded before Flop (didn't bet)



PokerStars Hand #238737431094:  Hold'em No Limit ($0.02/$0.05 USD) - 2022/09/19 14:43:12 PT [2022/09/19 17:43:12 ET]
Table 'Kamenyar II' 9-max Seat #3 is the button
Seat 1: mandeelee124 ($5.11 in chips) 
Seat 2: giuaraujo12 ($7.12 in chips) 
Seat 3: mangiopesce ($5.86 in chips) 
Seat 4: MarkFitz76 ($5 in chips) 
Seat 5: zecrai ($5 in chips) 
Seat 6: OHYABABY9317 ($6.83 in chips) 
Seat 7: Dorex2007 ($5.89 in chips) 
Seat 8: Edybundea2 ($1.93 in chips) 
MarkFitz76: posts small blind $0.02
zecrai: posts big blind $0.05
SUPERFLY JASONN: sits out 
*** HOLE CARDS ***
Dealt to Dorex2007 [Ac Kc]
OHYABABY9317: folds 
Dorex2007: raises $0.20 to $0.25
Edybundea2: folds 
mandeelee124: folds 
giuaraujo12: calls $0.25
mangiopesce: folds 
MarkFitz76: folds 
zecrai: folds 
*** FLOP *** [5s 9d 6d]
SUPERFLY JASONN leaves the table
Dorex2007: bets $0.55
giuaraujo12: calls $0.55
*** TURN *** [5s 9d 6d] [4h]
Dorex2007: bets $0.80
ETO_N0t1nG joins the table at seat #9 
giuaraujo12: calls $0.80
*** RIVER *** [5s 9d 6d 4h] [7s]
Dorex2007: bets $3.13
giuaraujo12: folds 
Uncalled bet ($3.13) returned to Dorex2007
Dorex2007 collected $3.13 from pot
Dorex2007: doesn't show hand 
*** SUMMARY ***
Total pot $3.27 | Rake $0.14 
Board [5s 9d 6d 4h 7s]
Seat 1: mandeelee124 folded before Flop (didn't bet)
Seat 2: giuaraujo12 folded on the River
Seat 3: mangiopesce (button) folded before Flop (didn't bet)
Seat 4: MarkFitz76 (small blind) folded before Flop
Seat 5: zecrai (big blind) folded before Flop
Seat 6: OHYABABY9317 folded before Flop (didn't bet)
Seat 7: Dorex2007 collected ($3.13)
Seat 8: Edybundea2 folded before Flop (didn't bet)



PokerStars Hand #238737465035:  Hold'em No Limit ($0.02/$0.05 USD) - 2022/09/19 14:44:35 PT [2022/09/19 17:44:35 ET]
Table 'Kamenyar II' 9-max Seat #4 is the button
Seat 1: mandeelee124 ($5.11 in chips) 
Seat 2: giuaraujo12 ($5.52 in chips) 
Seat 3: mangiopesce ($5.86 in chips) 
Seat 4: MarkFitz76 ($5 in chips) 
Seat 5: zecrai ($5 in chips) 
Seat 6: OHYABABY9317 ($6.83 in chips) 
Seat 7: Dorex2007 ($7.42 in chips) 
Seat 8: Edybundea2 ($1.93 in chips) 
Seat 9: ETO_N0t1nG ($4 in chips) 
zecrai: posts small blind $0.02
OHYABABY9317: posts big blind $0.05
ETO_N0t1nG: posts big blind $0.05
*** HOLE CARDS ***
Dealt to Dorex2007 [7h Ks]
Dorex2007: folds 
Edybundea2: folds 
ETO_N0t1nG: checks 
mandeelee124: calls $0.05
giuaraujo12: raises $0.20 to $0.25
mangiopesce: folds 
MarkFitz76: folds 
zecrai: folds 
OHYABABY9317: folds 
ETO_N0t1nG: folds 
mandeelee124: folds 
Uncalled bet ($0.20) returned to giuaraujo12
giuaraujo12 collected $0.22 from pot
giuaraujo12: doesn't show hand 
*** SUMMARY ***
Total pot $0.22 | Rake $0 
Seat 1: mandeelee124 folded before Flop
Seat 2: giuaraujo12 collected ($0.22)
Seat 3: mangiopesce folded before Flop (didn't bet)
Seat 4: MarkFitz76 (button) folded before Flop (didn't bet)
Seat 5: zecrai (small blind) folded before Flop
Seat 6: OHYABABY9317 (big blind) folded before Flop
Seat 7: Dorex2007 folded before Flop (didn't bet)
Seat 8: Edybundea2 folded before Flop (didn't bet)
Seat 9: ETO_N0t1nG folded before Flop (didn't bet)



PokerStars Hand #238737475452:  Hold'em No Limit ($0.02/$0.05 USD) - 2022/09/19 14:45:01 PT [2022/09/19 17:45:01 ET]
Table 'Kamenyar II' 9-max Seat #5 is the button
Seat 1: mandeelee124 ($5.06 in chips) 
Seat 2: giuaraujo12 ($5.69 in chips) 
Seat 3: mangiopesce ($5.86 in chips) 
Seat 4: MarkFitz76 ($5 in chips) 
Seat 5: zecrai ($5 in chips) 
Seat 6: OHYABABY9317 ($6.78 in chips) 
Seat 7: Dorex2007 ($7.42 in chips) 
Seat 8: Edybundea2 ($1.93 in chips) 
Seat 9: ETO_N0t1nG ($3.95 in chips) 
OHYABABY9317: posts small blind $0.02
Dorex2007: posts big blind $0.05
*** HOLE CARDS ***
Dealt to Dorex2007 [4h 7c]
Edybundea2: folds 
ETO_N0t1nG: folds 
mandeelee124: folds 
giuaraujo12: folds 
mangiopesce: folds 
MarkFitz76: folds 
zecrai: folds 
OHYABABY9317: folds 
Uncalled bet ($0.03) returned to Dorex2007
Dorex2007 collected $0.04 from pot
Dorex2007: doesn't show hand 
*** SUMMARY ***
Total pot $0.04 | Rake $0 
Seat 1: mandeelee124 folded before Flop (didn't bet)
Seat 2: giuaraujo12 folded before Flop (didn't bet)
Seat 3: mangiopesce folded before Flop (didn't bet)
Seat 4: MarkFitz76 folded before Flop (didn't bet)
Seat 5: zecrai (button) folded before Flop (didn't bet)
Seat 6: OHYABABY9317 (small blind) folded before Flop
Seat 7: Dorex2007 (big blind) collected ($0.04)
Seat 8: Edybundea2 folded before Flop (didn't bet)
Seat 9: ETO_N0t1nG folded before Flop (didn't bet)



PokerStars Hand #238737481512:  Hold'em No Limit ($0.02/$0.05 USD) - 2022/09/19 14:45:15 PT [2022/09/19 17:45:15 ET]
Table 'Kamenyar II' 9-max Seat #6 is the button
Seat 1: mandeelee124 ($5.06 in chips) 
Seat 2: giuaraujo12 ($5.69 in chips) 
Seat 3: mangiopesce ($5.86 in chips) 
Seat 4: MarkFitz76 ($5 in chips) 
Seat 5: zecrai ($5 in chips) 
Seat 6: OHYABABY9317 ($6.76 in chips) 
Seat 7: Dorex2007 ($7.44 in chips) 
Seat 8: Edybundea2 ($1.93 in chips) 
Seat 9: ETO_N0t1nG ($3.95 in chips) 
Dorex2007: posts small blind $0.02
Edybundea2: posts big blind $0.05
*** HOLE CARDS ***
Dealt to Dorex2007 [Jd 6c]
ETO_N0t1nG: folds 
mandeelee124: folds 
giuaraujo12: folds 
mangiopesce: folds 
MarkFitz76: raises $0.10 to $0.15
zecrai: folds 
OHYABABY9317: folds 
Dorex2007: folds 
Edybundea2: folds 
Uncalled bet ($0.10) returned to MarkFitz76
MarkFitz76 collected $0.12 from pot
MarkFitz76: doesn't show hand 
*** SUMMARY ***
Total pot $0.12 | Rake $0 
Seat 1: mandeelee124 folded before Flop (didn't bet)
Seat 2: giuaraujo12 folded before Flop (didn't bet)
Seat 3: mangiopesce folded before Flop (didn't bet)
Seat 4: MarkFitz76 collected ($0.12)
Seat 5: zecrai folded before Flop (didn't bet)
Seat 6: OHYABABY9317 (button) folded before Flop (didn't bet)
Seat 7: Dorex2007 (small blind) folded before Flop
Seat 8: Edybundea2 (big blind) folded before Flop
Seat 9: ETO_N0t1nG folded before Flop (didn't bet)



PokerStars Hand #238737491208:  Hold'em No Limit ($0.02/$0.05 USD) - 2022/09/19 14:45:39 PT [2022/09/19 17:45:39 ET]
Table 'Kamenyar II' 9-max Seat #7 is the button
Seat 1: mandeelee124 ($5.06 in chips) 
Seat 2: giuaraujo12 ($5.69 in chips) 
Seat 3: mangiopesce ($5.86 in chips) 
Seat 4: MarkFitz76 ($5.07 in chips) 
Seat 5: zecrai ($5 in chips) 
Seat 6: OHYABABY9317 ($6.76 in chips) 
Seat 7: Dorex2007 ($7.42 in chips) 
Seat 8: Edybundea2 ($1.88 in chips) 
Seat 9: ETO_N0t1nG ($3.95 in chips) 
Edybundea2: posts small blind $0.02
ETO_N0t1nG: posts big blind $0.05
*** HOLE CARDS ***
Dealt to Dorex2007 [2h 2s]
mandeelee124: folds 
giuaraujo12: raises $0.05 to $0.10
mangiopesce: folds 
MarkFitz76: folds 
zecrai: calls $0.10
OHYABABY9317: folds 
Dorex2007: calls $0.10
Edybundea2: calls $0.08
ETO_N0t1nG: calls $0.05
*** FLOP *** [4h Js 4s]
Edybundea2: checks 
ETO_N0t1nG: checks 
giuaraujo12: checks 
zecrai: checks 
Dorex2007: checks 
*** TURN *** [4h Js 4s] [Jh]
Edybundea2: bets $0.25
ETO_N0t1nG: folds 
giuaraujo12: folds 
zecrai: folds 
Dorex2007: folds 
Uncalled bet ($0.25) returned to Edybundea2
Edybundea2 collected $0.48 from pot
*** SUMMARY ***
Total pot $0.50 | Rake $0.02 
Board [4h Js 4s Jh]
Seat 1: mandeelee124 folded before Flop (didn't bet)
Seat 2: giuaraujo12 folded on the Turn
Seat 3: mangiopesce folded before Flop (didn't bet)
Seat 4: MarkFitz76 folded before Flop (didn't bet)
Seat 5: zecrai folded on the Turn
Seat 6: OHYABABY9317 folded before Flop (didn't bet)
Seat 7: Dorex2007 (button) folded on the Turn
Seat 8: Edybundea2 (small blind) collected ($0.48)
Seat 9: ETO_N0t1nG (big blind) folded on the Turn



PokerStars Hand #238737513874:  Hold'em No Limit ($0.02/$0.05 USD) - 2022/09/19 14:46:34 PT [2022/09/19 17:46:34 ET]
Table 'Kamenyar II' 9-max Seat #8 is the button
Seat 1: mandeelee124 ($5.06 in chips) 
Seat 2: giuaraujo12 ($5.59 in chips) 
Seat 3: mangiopesce ($5.86 in chips) 
Seat 4: MarkFitz76 ($5.07 in chips) 
Seat 5: zecrai ($5 in chips) 
Seat 6: OHYABABY9317 ($6.76 in chips) 
Seat 7: Dorex2007 ($7.32 in chips) 
Seat 8: Edybundea2 ($2.26 in chips) 
Seat 9: ETO_N0t1nG ($3.85 in chips) 
ETO_N0t1nG: posts small blind $0.02
mandeelee124: posts big blind $0.05
*** HOLE CARDS ***
Dealt to Dorex2007 [8c Qd]
giuaraujo12: folds 
mangiopesce: folds 
MarkFitz76: raises $0.10 to $0.15
zecrai: folds 
OHYABABY9317: folds 
Dorex2007: folds 
Edybundea2: folds 
ETO_N0t1nG: calls $0.13
mandeelee124: folds 
*** FLOP *** [Ks 2h 2s]
ETO_N0t1nG: checks 
MarkFitz76: bets $0.15
ETO_N0t1nG: calls $0.15
*** TURN *** [Ks 2h 2s] [5h]
ETO_N0t1nG: checks 
MarkFitz76: bets $0.50
ETO_N0t1nG: folds 
Uncalled bet ($0.50) returned to MarkFitz76
MarkFitz76 collected $0.62 from pot
MarkFitz76: doesn't show hand 
*** SUMMARY ***
Total pot $0.65 | Rake $0.03 
Board [Ks 2h 2s 5h]
Seat 1: mandeelee124 (big blind) folded before Flop
Seat 2: giuaraujo12 folded before Flop (didn't bet)
Seat 3: mangiopesce folded before Flop (didn't bet)
Seat 4: MarkFitz76 collected ($0.62)
Seat 5: zecrai folded before Flop (didn't bet)
Seat 6: OHYABABY9317 folded before Flop (didn't bet)
Seat 7: Dorex2007 folded before Flop (didn't bet)
Seat 8: Edybundea2 (button) folded before Flop (didn't bet)
Seat 9: ETO_N0t1nG (small blind) folded on the Turn



PokerStars Hand #238737528845:  Hold'em No Limit ($0.02/$0.05 USD) - 2022/09/19 14:47:11 PT [2022/09/19 17:47:11 ET]
Table 'Kamenyar II' 9-max Seat #9 is the button
Seat 1: mandeelee124 ($5.01 in chips) 
Seat 2: giuaraujo12 ($5.59 in chips) 
Seat 3: mangiopesce ($5.86 in chips) 
Seat 4: MarkFitz76 ($5.39 in chips) 
Seat 5: zecrai ($5 in chips) 
Seat 6: OHYABABY9317 ($6.76 in chips) 
Seat 7: Dorex2007 ($7.32 in chips) 
Seat 8: Edybundea2 ($2.26 in chips) 
Seat 9: ETO_N0t1nG ($3.55 in chips) 
mandeelee124: posts small blind $0.02
giuaraujo12: posts big blind $0.05
*** HOLE CARDS ***
Dealt to Dorex2007 [9d 9c]
mangiopesce: folds 
MarkFitz76: folds 
zecrai: folds 
OHYABABY9317: folds 
Dorex2007: raises $0.10 to $0.15
Edybundea2: folds 
ETO_N0t1nG: folds 
mandeelee124: folds 
giuaraujo12: folds 
Uncalled bet ($0.10) returned to Dorex2007
Dorex2007 collected $0.12 from pot
Dorex2007: doesn't show hand 
*** SUMMARY ***
Total pot $0.12 | Rake $0 
Seat 1: mandeelee124 (small blind) folded before Flop
Seat 2: giuaraujo12 (big blind) folded before Flop
Seat 3: mangiopesce folded before Flop (didn't bet)
Seat 4: MarkFitz76 folded before Flop (didn't bet)
Seat 5: zecrai folded before Flop (didn't bet)
Seat 6: OHYABABY9317 folded before Flop (didn't bet)
Seat 7: Dorex2007 collected ($0.12)
Seat 8: Edybundea2 folded before Flop (didn't bet)
Seat 9: ETO_N0t1nG (button) folded before Flop (didn't bet)



PokerStars Hand #238737536848:  Hold'em No Limit ($0.02/$0.05 USD) - 2022/09/19 14:47:30 PT [2022/09/19 17:47:30 ET]
Table 'Kamenyar II' 9-max Seat #1 is the button
Seat 1: mandeelee124 ($5 in chips) 
Seat 2: giuaraujo12 ($5.54 in chips) 
Seat 4: MarkFitz76 ($5.39 in chips) 
Seat 5: zecrai ($5 in chips) 
Seat 6: OHYABABY9317 ($6.76 in chips) 
Seat 7: Dorex2007 ($7.39 in chips) 
Seat 8: Edybundea2 ($2.26 in chips) 
Seat 9: ETO_N0t1nG ($3.55 in chips) 
giuaraujo12: posts small blind $0.02
mangiopesce: is sitting out 
MarkFitz76: posts big blind $0.05
*** HOLE CARDS ***
Dealt to Dorex2007 [5h 5d]
zecrai: folds 
OHYABABY9317: calls $0.05
mangiopesce leaves the table
Dorex2007: calls $0.05
Edybundea2: calls $0.05
ETO_N0t1nG: folds 
mandeelee124: folds 
giuaraujo12: folds 
mandeelee124 leaves the table
MarkFitz76: checks 
*** FLOP *** [4s 3c Jc]
MarkFitz76: checks 
OHYABABY9317: checks 
raika14 joins the table at seat #1 
Dorex2007: checks 
Edybundea2: checks 
*** TURN *** [4s 3c Jc] [3d]
MarkFitz76: checks 
OHYABABY9317: checks 
Dorex2007: checks 
Edybundea2: checks 
*** RIVER *** [4s 3c Jc 3d] [7h]
MarkFitz76: checks 
OHYABABY9317: bets $0.05
Dorex2007: folds 
Edybundea2: folds 
MarkFitz76: calls $0.05
*** SHOW DOWN ***
OHYABABY9317: shows [9h 9s] (two pair, Nines and Threes)
MarkFitz76: mucks hand 
OHYABABY9317 collected $0.31 from pot
*** SUMMARY ***
Total pot $0.32 | Rake $0.01 
Board [4s 3c Jc 3d 7h]
Seat 1: mandeelee124 (button) folded before Flop (didn't bet)
Seat 2: giuaraujo12 (small blind) folded before Flop
Seat 4: MarkFitz76 (big blind) mucked [Qs 7s]
Seat 5: zecrai folded before Flop (didn't bet)
Seat 6: OHYABABY9317 showed [9h 9s] and won ($0.31) with two pair, Nines and Threes
Seat 7: Dorex2007 folded on the River
Seat 8: Edybundea2 folded on the River
Seat 9: ETO_N0t1nG folded before Flop (didn't bet)



PokerStars Hand #238737559782:  Hold'em No Limit ($0.02/$0.05 USD) - 2022/09/19 14:48:27 PT [2022/09/19 17:48:27 ET]
Table 'Kamenyar II' 9-max Seat #2 is the button
Seat 2: giuaraujo12 ($5.52 in chips) 
Seat 4: MarkFitz76 ($5.29 in chips) 
Seat 5: zecrai ($5 in chips) 
Seat 6: OHYABABY9317 ($6.97 in chips) 
Seat 7: Dorex2007 ($7.34 in chips) 
Seat 8: Edybundea2 ($2.21 in chips) 
Seat 9: ETO_N0t1nG ($3.55 in chips) 
MarkFitz76: posts small blind $0.02
zecrai: posts big blind $0.05
raika14: sits out 
*** HOLE CARDS ***
Dealt to Dorex2007 [Ks Td]
OHYABABY9317: folds 
Dorex2007: folds 
Edybundea2: folds 
ETO_N0t1nG: folds 
giuaraujo12: raises $0.10 to $0.15
MarkFitz76: raises $0.45 to $0.60
zecrai: folds 
giuaraujo12: calls $0.45
*** FLOP *** [6c 5h 9d]
MarkFitz76: bets $0.55
kasjusz41 joins the table at seat #3 
giuaraujo12: raises $0.55 to $1.10
MarkFitz76: calls $0.55
*** TURN *** [6c 5h 9d] [Qd]
MarkFitz76: checks 
giuaraujo12: bets $3.82 and is all-in
MarkFitz76: folds 
Uncalled bet ($3.82) returned to giuaraujo12
giuaraujo12 collected $3.31 from pot
giuaraujo12: doesn't show hand 
*** SUMMARY ***
Total pot $3.45 | Rake $0.14 
Board [6c 5h 9d Qd]
Seat 2: giuaraujo12 (button) collected ($3.31)
Seat 4: MarkFitz76 (small blind) folded on the Turn
Seat 5: zecrai (big blind) folded before Flop
Seat 6: OHYABABY9317 folded before Flop (didn't bet)
Seat 7: Dorex2007 folded before Flop (didn't bet)
Seat 8: Edybundea2 folded before Flop (didn't bet)
Seat 9: ETO_N0t1nG folded before Flop (didn't bet)



PokerStars Hand #238737584451:  Hold'em No Limit ($0.02/$0.05 USD) - 2022/09/19 14:49:28 PT [2022/09/19 17:49:28 ET]
Table 'Kamenyar II' 9-max Seat #4 is the button
Seat 2: giuaraujo12 ($7.13 in chips) 
Seat 3: kasjusz41 ($2 in chips) 
Seat 4: MarkFitz76 ($5 in chips) 
Seat 5: zecrai ($5 in chips) 
Seat 6: OHYABABY9317 ($6.97 in chips) 
Seat 7: Dorex2007 ($7.34 in chips) 
Seat 8: Edybundea2 ($2.21 in chips) 
Seat 9: ETO_N0t1nG ($3.55 in chips) 
zecrai: posts small blind $0.02
OHYABABY9317: posts big blind $0.05
raika14: sits out 
kasjusz41: posts big blind $0.05
*** HOLE CARDS ***
Dealt to Dorex2007 [3c 7s]
Dorex2007: folds 
Edybundea2: calls $0.05
ETO_N0t1nG: folds 
giuaraujo12: folds 
kasjusz41: checks 
MarkFitz76: folds 
zecrai: calls $0.03
OHYABABY9317: checks 
*** FLOP *** [4c Kd Ad]
zecrai: checks 
OHYABABY9317: checks 
Edybundea2: bets $0.15
kasjusz41: folds 
zecrai: calls $0.15
OHYABABY9317: folds 
*** TURN *** [4c Kd Ad] [Td]
zecrai: checks 
Edybundea2: bets $0.40
zecrai: folds 
Uncalled bet ($0.40) returned to Edybundea2
Edybundea2 collected $0.48 from pot
*** SUMMARY ***
Total pot $0.50 | Rake $0.02 
Board [4c Kd Ad Td]
Seat 2: giuaraujo12 folded before Flop (didn't bet)
Seat 3: kasjusz41 folded on the Flop (didn't bet)
Seat 4: MarkFitz76 (button) folded before Flop (didn't bet)
Seat 5: zecrai (small blind) folded on the Turn
Seat 6: OHYABABY9317 (big blind) folded on the Flop
Seat 7: Dorex2007 folded before Flop (didn't bet)
Seat 8: Edybundea2 collected ($0.48)
Seat 9: ETO_N0t1nG folded before Flop (didn't bet)



PokerStars Hand #238737606534:  Hold'em No Limit ($0.02/$0.05 USD) - 2022/09/19 14:50:23 PT [2022/09/19 17:50:23 ET]
Table 'Kamenyar II' 9-max Seat #5 is the button
Seat 2: giuaraujo12 ($7.13 in chips) 
Seat 3: kasjusz41 ($1.95 in chips) 
Seat 4: MarkFitz76 ($5 in chips) 
Seat 5: zecrai ($5 in chips) 
Seat 6: OHYABABY9317 ($6.92 in chips) 
Seat 7: Dorex2007 ($7.34 in chips) 
Seat 8: Edybundea2 ($2.49 in chips) 
Seat 9: ETO_N0t1nG ($3.55 in chips) 
OHYABABY9317: posts small blind $0.02
Dorex2007: posts big blind $0.05
raika14: sits out 
*** HOLE CARDS ***
Dealt to Dorex2007 [Jh Jc]
Edybundea2: folds 
ETO_N0t1nG: folds 
giuaraujo12: calls $0.05
kasjusz41: folds 
MarkFitz76: folds 
zecrai: folds 
OHYABABY9317: folds 
zecrai leaves the table
Dorex2007: checks 
*** FLOP *** [Qd 7c 8s]
Dorex2007: checks 
giuaraujo12: bets $0.15
Dorex2007: folds 
Uncalled bet ($0.15) returned to giuaraujo12
giuaraujo12 collected $0.12 from pot
giuaraujo12: doesn't show hand 
*** SUMMARY ***
Total pot $0.12 | Rake $0 
Board [Qd 7c 8s]
Seat 2: giuaraujo12 collected ($0.12)
Seat 3: kasjusz41 folded before Flop (didn't bet)
Seat 4: MarkFitz76 folded before Flop (didn't bet)
Seat 5: zecrai (button) folded before Flop (didn't bet)
Seat 6: OHYABABY9317 (small blind) folded before Flop
Seat 7: Dorex2007 (big blind) folded on the Flop
Seat 8: Edybundea2 folded before Flop (didn't bet)
Seat 9: ETO_N0t1nG folded before Flop (didn't bet)



PokerStars Hand #238737619725:  Hold'em No Limit ($0.02/$0.05 USD) - 2022/09/19 14:50:56 PT [2022/09/19 17:50:56 ET]
Table 'Kamenyar II' 9-max Seat #6 is the button
Seat 2: giuaraujo12 ($7.20 in chips) 
Seat 3: kasjusz41 ($1.95 in chips) 
Seat 4: MarkFitz76 ($5 in chips) 
Seat 6: OHYABABY9317 ($6.90 in chips) 
Seat 7: Dorex2007 ($7.29 in chips) 
Seat 8: Edybundea2 ($2.49 in chips) 
Seat 9: ETO_N0t1nG ($3.55 in chips) 
Dorex2007: posts small blind $0.02
Edybundea2: posts big blind $0.05
raika14: sits out 
*** HOLE CARDS ***
Dealt to Dorex2007 [3h Ac]
ETO_N0t1nG: raises $0.10 to $0.15
giuaraujo12: folds 
kasjusz41: folds 
MarkFitz76: raises $0.45 to $0.60
OHYABABY9317: folds 
Dorex2007: folds 
Edybundea2: folds 
ETO_N0t1nG: calls $0.45
*** FLOP *** [6h 4c Kh]
ETO_N0t1nG: checks 
MarkFitz76: bets $0.55
ETO_N0t1nG: calls $0.55
*** TURN *** [6h 4c Kh] [Kc]
ETO_N0t1nG: checks 
MarkFitz76: checks 
*** RIVER *** [6h 4c Kh Kc] [5h]
ETO_N0t1nG: checks 
MarkFitz76: bets $1.70
ETO_N0t1nG: folds 
Uncalled bet ($1.70) returned to MarkFitz76
MarkFitz76 collected $2.27 from pot
MarkFitz76: doesn't show hand 
*** SUMMARY ***
Total pot $2.37 | Rake $0.10 
Board [6h 4c Kh Kc 5h]
Seat 2: giuaraujo12 folded before Flop (didn't bet)
Seat 3: kasjusz41 folded before Flop (didn't bet)
Seat 4: MarkFitz76 collected ($2.27)
Seat 6: OHYABABY9317 (button) folded before Flop (didn't bet)
Seat 7: Dorex2007 (small blind) folded before Flop
Seat 8: Edybundea2 (big blind) folded before Flop
Seat 9: ETO_N0t1nG folded on the River



PokerStars Hand #238737645098:  Hold'em No Limit ($0.02/$0.05 USD) - 2022/09/19 14:52:00 PT [2022/09/19 17:52:00 ET]
Table 'Kamenyar II' 9-max Seat #7 is the button
Seat 2: giuaraujo12 ($7.20 in chips) 
Seat 3: kasjusz41 ($1.95 in chips) 
Seat 4: MarkFitz76 ($6.12 in chips) 
Seat 6: OHYABABY9317 ($6.90 in chips) 
Seat 7: Dorex2007 ($7.27 in chips) 
Seat 8: Edybundea2 ($2.44 in chips) 
Seat 9: ETO_N0t1nG ($2.40 in chips) 
Edybundea2: posts small blind $0.02
ETO_N0t1nG: posts big blind $0.05
raika14: sits out 
*** HOLE CARDS ***
Dealt to Dorex2007 [Jd 7h]
giuaraujo12: folds 
kasjusz41: folds 
MarkFitz76: folds 
OHYABABY9317: calls $0.05
Dorex2007: folds 
Edybundea2: calls $0.03
ETO_N0t1nG: checks 
*** FLOP *** [3h Tc Ac]
Edybundea2: bets $0.10
ETO_N0t1nG: folds 
OHYABABY9317: calls $0.10
*** TURN *** [3h Tc Ac] [5c]
Edybundea2: checks 
OHYABABY9317: bets $0.05
Edybundea2: calls $0.05
*** RIVER *** [3h Tc Ac 5c] [4c]
Edybundea2: checks 
OHYABABY9317: checks 
*** SHOW DOWN ***
Edybundea2: shows [3d Qd] (a pair of Threes)
OHYABABY9317: shows [6h 6d] (a pair of Sixes)
OHYABABY9317 collected $0.43 from pot
*** SUMMARY ***
Total pot $0.45 | Rake $0.02 
Board [3h Tc Ac 5c 4c]
Seat 2: giuaraujo12 folded before Flop (didn't bet)
Seat 3: kasjusz41 folded before Flop (didn't bet)
Seat 4: MarkFitz76 folded before Flop (didn't bet)
Seat 6: OHYABABY9317 showed [6h 6d] and won ($0.43) with a pair of Sixes
Seat 7: Dorex2007 (button) folded before Flop (didn't bet)
Seat 8: Edybundea2 (small blind) showed [3d Qd] and lost with a pair of Threes
Seat 9: ETO_N0t1nG (big blind) folded on the Flop



PokerStars Hand #238737658160:  Hold'em No Limit ($0.02/$0.05 USD) - 2022/09/19 14:52:32 PT [2022/09/19 17:52:32 ET]
Table 'Kamenyar II' 9-max Seat #8 is the button
Seat 1: raika14 ($5 in chips) 
Seat 2: giuaraujo12 ($7.20 in chips) 
Seat 3: kasjusz41 ($1.95 in chips) 
Seat 4: MarkFitz76 ($6.12 in chips) 
Seat 6: OHYABABY9317 ($7.13 in chips) 
Seat 7: Dorex2007 ($7.27 in chips) 
Seat 8: Edybundea2 ($2.24 in chips) 
Seat 9: ETO_N0t1nG ($2.35 in chips) 
ETO_N0t1nG: posts small blind $0.02
raika14: posts big blind $0.05
*** HOLE CARDS ***
Dealt to Dorex2007 [Jd Tc]
giuaraujo12: folds 
kasjusz41: raises $0.15 to $0.20
MarkFitz76: folds 
OHYABABY9317: folds 
Dorex2007: folds 
Edybundea2: calls $0.20
ETO_N0t1nG: calls $0.18
raika14: folds 
*** FLOP *** [9h Ah Qs]
ETO_N0t1nG: checks 
kasjusz41: bets $0.62
Edybundea2: folds 
ETO_N0t1nG: calls $0.62
*** TURN *** [9h Ah Qs] [Jh]
ETO_N0t1nG: checks 
kasjusz41: checks 
*** RIVER *** [9h Ah Qs Jh] [Qh]
ETO_N0t1nG: bets $0.90
kasjusz41: folds 
Uncalled bet ($0.90) returned to ETO_N0t1nG
ETO_N0t1nG collected $1.81 from pot
*** SUMMARY ***
Total pot $1.89 | Rake $0.08 
Board [9h Ah Qs Jh Qh]
Seat 1: raika14 (big blind) folded before Flop
Seat 2: giuaraujo12 folded before Flop (didn't bet)
Seat 3: kasjusz41 folded on the River
Seat 4: MarkFitz76 folded before Flop (didn't bet)
Seat 6: OHYABABY9317 folded before Flop (didn't bet)
Seat 7: Dorex2007 folded before Flop (didn't bet)
Seat 8: Edybundea2 (button) folded on the Flop
Seat 9: ETO_N0t1nG (small blind) collected ($1.81)



PokerStars Hand #238737686409:  Hold'em No Limit ($0.02/$0.05 USD) - 2022/09/19 14:53:44 PT [2022/09/19 17:53:44 ET]
Table 'Kamenyar II' 9-max Seat #9 is the button
Seat 1: raika14 ($5 in chips) 
Seat 2: giuaraujo12 ($7.20 in chips) 
Seat 3: kasjusz41 ($1.13 in chips) 
Seat 4: MarkFitz76 ($6.12 in chips) 
Seat 6: OHYABABY9317 ($7.13 in chips) 
Seat 7: Dorex2007 ($7.27 in chips) 
Seat 8: Edybundea2 ($2.04 in chips) 
Seat 9: ETO_N0t1nG ($3.34 in chips) 
raika14: posts small blind $0.02
giuaraujo12: posts big blind $0.05
*** HOLE CARDS ***
Dealt to Dorex2007 [6d Td]
kasjusz41: raises $1.08 to $1.13 and is all-in
MarkFitz76: folds 
OHYABABY9317: folds 
Dorex2007: folds 
Edybundea2: folds 
ETO_N0t1nG: folds 
ETO_N0t1nG leaves the table
raika14: folds 
giuaraujo12: folds 
Uncalled bet ($1.08) returned to kasjusz41
kasjusz41 collected $0.12 from pot
*** SUMMARY ***
Total pot $0.12 | Rake $0 
Seat 1: raika14 (small blind) folded before Flop
Seat 2: giuaraujo12 (big blind) folded before Flop
Seat 3: kasjusz41 collected ($0.12)
Seat 4: MarkFitz76 folded before Flop (didn't bet)
Seat 6: OHYABABY9317 folded before Flop (didn't bet)
Seat 7: Dorex2007 folded before Flop (didn't bet)
Seat 8: Edybundea2 folded before Flop (didn't bet)
Seat 9: ETO_N0t1nG (button) folded before Flop (didn't bet)



PokerStars Hand #238737691777:  Hold'em No Limit ($0.02/$0.05 USD) - 2022/09/19 14:53:57 PT [2022/09/19 17:53:57 ET]
Table 'Kamenyar II' 9-max Seat #1 is the button
Seat 1: raika14 ($5 in chips) 
Seat 2: giuaraujo12 ($7.15 in chips) 
Seat 3: kasjusz41 ($1.20 in chips) 
Seat 4: MarkFitz76 ($6.12 in chips) 
Seat 6: OHYABABY9317 ($7.13 in chips) 
Seat 7: Dorex2007 ($7.27 in chips) 
Seat 8: Edybundea2 ($2.04 in chips) 
giuaraujo12: posts small blind $0.02
kasjusz41: posts big blind $0.05
*** HOLE CARDS ***
Dealt to Dorex2007 [9s 6c]
MarkFitz76: raises $0.10 to $0.15
OHYABABY9317: folds 
Dorex2007: folds 
Edybundea2: calls $0.15
raika14: folds 
giuaraujo12: folds 
kasjusz41: folds 
*** FLOP *** [Qd 9d Js]
MarkFitz76: bets $0.15
Edybundea2: calls $0.15
*** TURN *** [Qd 9d Js] [6h]
MarkFitz76: checks 
Edybundea2: bets $0.30
MarkFitz76: folds 
Uncalled bet ($0.30) returned to Edybundea2
Edybundea2 collected $0.64 from pot
*** SUMMARY ***
Total pot $0.67 | Rake $0.03 
Board [Qd 9d Js 6h]
Seat 1: raika14 (button) folded before Flop (didn't bet)
Seat 2: giuaraujo12 (small blind) folded before Flop
Seat 3: kasjusz41 (big blind) folded before Flop
Seat 4: MarkFitz76 folded on the Turn
Seat 6: OHYABABY9317 folded before Flop (didn't bet)
Seat 7: Dorex2007 folded before Flop (didn't bet)
Seat 8: Edybundea2 collected ($0.64)



PokerStars Hand #238737710341:  Hold'em No Limit ($0.02/$0.05 USD) - 2022/09/19 14:54:45 PT [2022/09/19 17:54:45 ET]
Table 'Kamenyar II' 9-max Seat #2 is the button
Seat 1: raika14 ($5 in chips) 
Seat 2: giuaraujo12 ($7.13 in chips) 
Seat 3: kasjusz41 ($1.15 in chips) 
Seat 4: MarkFitz76 ($5.82 in chips) 
Seat 6: OHYABABY9317 ($7.13 in chips) 
Seat 7: Dorex2007 ($7.27 in chips) 
Seat 8: Edybundea2 ($2.38 in chips) 
kasjusz41: posts small blind $0.02
MarkFitz76: posts big blind $0.05
*** HOLE CARDS ***
Dealt to Dorex2007 [5s 2s]
OHYABABY9317: folds 
Dorex2007: folds 
Edybundea2: calls $0.05
raika14: raises $0.10 to $0.15
giuaraujo12: folds 
kasjusz41: calls $0.13
MarkFitz76: calls $0.10
Edybundea2: raises $0.65 to $0.80
raika14: folds 
kasjusz41: folds 
MarkFitz76: folds 
Uncalled bet ($0.65) returned to Edybundea2
Edybundea2 collected $0.60 from pot
*** SUMMARY ***
Total pot $0.60 | Rake $0 
Seat 1: raika14 folded before Flop
Seat 2: giuaraujo12 (button) folded before Flop (didn't bet)
Seat 3: kasjusz41 (small blind) folded before Flop
Seat 4: MarkFitz76 (big blind) folded before Flop
Seat 6: OHYABABY9317 folded before Flop (didn't bet)
Seat 7: Dorex2007 folded before Flop (didn't bet)
Seat 8: Edybundea2 collected ($0.60)



PokerStars Hand #238737723157:  Hold'em No Limit ($0.02/$0.05 USD) - 2022/09/19 14:55:23 PT [2022/09/19 17:55:23 ET]
Table 'Kamenyar II' 9-max Seat #3 is the button
Seat 1: raika14 ($5 in chips) 
Seat 2: giuaraujo12 ($7.13 in chips) 
Seat 3: kasjusz41 ($1 in chips) 
Seat 4: MarkFitz76 ($5.67 in chips) 
Seat 6: OHYABABY9317 ($7.13 in chips) 
Seat 7: Dorex2007 ($7.27 in chips) 
Seat 8: Edybundea2 ($2.83 in chips) 
MarkFitz76: posts small blind $0.02
OHYABABY9317: posts big blind $0.05
*** HOLE CARDS ***
Dealt to Dorex2007 [4h Kd]
Dorex2007: folds 
Edybundea2: raises $0.05 to $0.10
Koala1975 joins the table at seat #9 
raika14: folds 
giuaraujo12: calls $0.10
kasjusz41: raises $0.15 to $0.25
MarkFitz76: folds 
OHYABABY9317: folds 
Edybundea2: calls $0.15
giuaraujo12: calls $0.15
*** FLOP *** [3h 5d 9d]
Edybundea2: checks 
giuaraujo12: checks 
kasjusz41: bets $0.39
Edybundea2: raises $2.19 to $2.58 and is all-in
giuaraujo12: folds 
kasjusz41: calls $0.36 and is all-in
Uncalled bet ($1.83) returned to Edybundea2
*** TURN *** [3h 5d 9d] [7d]
*** RIVER *** [3h 5d 9d 7d] [4d]
Jedielson joins the table at seat #5 
*** SHOW DOWN ***
Edybundea2: shows [9s Td] (a flush, Ten high)
kasjusz41: shows [As Ad] (a flush, Ace high)
kasjusz41 collected $2.22 from pot
*** SUMMARY ***
Total pot $2.32 | Rake $0.10 
Board [3h 5d 9d 7d 4d]
Seat 1: raika14 folded before Flop (didn't bet)
Seat 2: giuaraujo12 folded on the Flop
Seat 3: kasjusz41 (button) showed [As Ad] and won ($2.22) with a flush, Ace high
Seat 4: MarkFitz76 (small blind) folded before Flop
Seat 6: OHYABABY9317 (big blind) folded before Flop
Seat 7: Dorex2007 folded before Flop (didn't bet)
Seat 8: Edybundea2 showed [9s Td] and lost with a flush, Ten high



PokerStars Hand #238737817119:  Hold'em No Limit ($0.02/$0.05 USD) - 2022/09/19 15:01:01 PT [2022/09/19 18:01:01 ET]
Table 'Kamenyar II' 9-max Seat #8 is the button
Seat 1: raika14 ($5.49 in chips) 
Seat 2: giuaraujo12 ($7.64 in chips) 
Seat 3: kasjusz41 ($0.96 in chips) 
Seat 4: MarkFitz76 ($5.58 in chips) 
Seat 5: __majkeL_102 ($5 in chips) 
Seat 6: Ginnungagap7 ($4.93 in chips) 
Seat 7: Dorex2007 ($7.27 in chips) 
Seat 8: Edybundea2 ($1.96 in chips) 
Seat 9: Koala1975 ($5 in chips) 
Koala1975: posts small blind $0.02
raika14: posts big blind $0.05
Dorex2007: posts small & big blinds $0.07
*** HOLE CARDS ***
Dealt to Dorex2007 [3s 2c]
giuaraujo12: calls $0.05
kasjusz41: folds 
MarkFitz76: raises $0.20 to $0.25
__majkeL_102: folds 
Ginnungagap7: folds 
Dorex2007: folds 
Edybundea2: calls $0.25
Koala1975: calls $0.23
raika14: folds 
giuaraujo12: folds 
*** FLOP *** [2d Tc Ah]
Koala1975: checks 
MarkFitz76: bets $0.30
Edybundea2: raises $1.41 to $1.71 and is all-in
Koala1975: folds 
MarkFitz76: folds 
Uncalled bet ($1.41) returned to Edybundea2
Edybundea2 collected $1.46 from pot
*** SUMMARY ***
Total pot $1.52 | Rake $0.06 
Board [2d Tc Ah]
Seat 1: raika14 (big blind) folded before Flop
Seat 2: giuaraujo12 folded before Flop
Seat 3: kasjusz41 folded before Flop (didn't bet)
Seat 4: MarkFitz76 folded on the Flop
Seat 5: __majkeL_102 folded before Flop (didn't bet)
Seat 6: Ginnungagap7 folded before Flop (didn't bet)
Seat 7: Dorex2007 folded before Flop (didn't bet)
Seat 8: Edybundea2 (button) collected ($1.46)
Seat 9: Koala1975 (small blind) folded on the Flop



PokerStars Hand #238737830423:  Hold'em No Limit ($0.02/$0.05 USD) - 2022/09/19 15:01:40 PT [2022/09/19 18:01:40 ET]
Table 'Kamenyar II' 9-max Seat #9 is the button
Seat 1: raika14 ($5.44 in chips) 
Seat 2: giuaraujo12 ($7.59 in chips) 
Seat 3: kasjusz41 ($0.96 in chips) 
Seat 4: MarkFitz76 ($5.03 in chips) 
Seat 5: __majkeL_102 ($5 in chips) 
Seat 6: Ginnungagap7 ($4.93 in chips) 
Seat 7: Dorex2007 ($7.20 in chips) 
Seat 8: Edybundea2 ($2.87 in chips) 
Seat 9: Koala1975 ($5 in chips) 
raika14: posts small blind $0.02
giuaraujo12: posts big blind $0.05
*** HOLE CARDS ***
Dealt to Dorex2007 [2s Ah]
kasjusz41: folds 
MarkFitz76: folds 
__majkeL_102: folds 
Ginnungagap7: folds 
Dorex2007: folds 
Edybundea2: folds 
Koala1975: folds 
raika14: raises $0.10 to $0.15
giuaraujo12: calls $0.10
*** FLOP *** [2c 6h Ks]
raika14: bets $0.21
giuaraujo12: calls $0.21
*** TURN *** [2c 6h Ks] [9h]
raika14: checks 
giuaraujo12: checks 
*** RIVER *** [2c 6h Ks 9h] [9d]
raika14: checks 
giuaraujo12: checks 
*** SHOW DOWN ***
raika14: shows [Jd 2d] (two pair, Nines and Deuces)
giuaraujo12: mucks hand 
raika14 collected $0.69 from pot
*** SUMMARY ***
Total pot $0.72 | Rake $0.03 
Board [2c 6h Ks 9h 9d]
Seat 1: raika14 (small blind) showed [Jd 2d] and won ($0.69) with two pair, Nines and Deuces
Seat 2: giuaraujo12 (big blind) mucked [Ac Qh]
Seat 3: kasjusz41 folded before Flop (didn't bet)
Seat 4: MarkFitz76 folded before Flop (didn't bet)
Seat 5: __majkeL_102 folded before Flop (didn't bet)
Seat 6: Ginnungagap7 folded before Flop (didn't bet)
Seat 7: Dorex2007 folded before Flop (didn't bet)
Seat 8: Edybundea2 folded before Flop (didn't bet)
Seat 9: Koala1975 (button) folded before Flop (didn't bet)



PokerStars Hand #238737843868:  Hold'em No Limit ($0.02/$0.05 USD) - 2022/09/19 15:02:15 PT [2022/09/19 18:02:15 ET]
Table 'Kamenyar II' 9-max Seat #1 is the button
Seat 1: raika14 ($5.77 in chips) 
Seat 2: giuaraujo12 ($7.23 in chips) 
Seat 3: kasjusz41 ($0.96 in chips) 
Seat 4: MarkFitz76 ($5.03 in chips) 
Seat 5: __majkeL_102 ($5 in chips) 
Seat 6: Ginnungagap7 ($4.93 in chips) 
Seat 7: Dorex2007 ($7.20 in chips) 
Seat 8: Edybundea2 ($2.87 in chips) 
Seat 9: Koala1975 ($5 in chips) 
giuaraujo12: posts small blind $0.02
kasjusz41: posts big blind $0.05
*** HOLE CARDS ***
Dealt to Dorex2007 [5s 4h]
MarkFitz76: folds 
__majkeL_102: folds 
Ginnungagap7: folds 
Dorex2007: folds 
Edybundea2: folds 
Koala1975: folds 
raika14: raises $0.10 to $0.15
giuaraujo12: folds 
kasjusz41: folds 
Uncalled bet ($0.10) returned to raika14
raika14 collected $0.12 from pot
raika14: doesn't show hand 
*** SUMMARY ***
Total pot $0.12 | Rake $0 
Seat 1: raika14 (button) collected ($0.12)
Seat 2: giuaraujo12 (small blind) folded before Flop
Seat 3: kasjusz41 (big blind) folded before Flop
Seat 4: MarkFitz76 folded before Flop (didn't bet)
Seat 5: __majkeL_102 folded before Flop (didn't bet)
Seat 6: Ginnungagap7 folded before Flop (didn't bet)
Seat 7: Dorex2007 folded before Flop (didn't bet)
Seat 8: Edybundea2 folded before Flop (didn't bet)
Seat 9: Koala1975 folded before Flop (didn't bet)



PokerStars Hand #238737853699:  Hold'em No Limit ($0.02/$0.05 USD) - 2022/09/19 15:02:41 PT [2022/09/19 18:02:41 ET]
Table 'Kamenyar II' 9-max Seat #2 is the button
Seat 1: raika14 ($5.84 in chips) 
Seat 2: giuaraujo12 ($7.21 in chips) 
Seat 3: kasjusz41 ($0.91 in chips) 
Seat 4: MarkFitz76 ($5.03 in chips) 
Seat 5: __majkeL_102 ($5 in chips) 
Seat 6: Ginnungagap7 ($4.93 in chips) 
Seat 7: Dorex2007 ($7.20 in chips) 
Seat 8: Edybundea2 ($2.87 in chips) 
Seat 9: Koala1975 ($5 in chips) 
kasjusz41: posts small blind $0.02
MarkFitz76: posts big blind $0.05
*** HOLE CARDS ***
Dealt to Dorex2007 [5d Qs]
__majkeL_102: folds 
Ginnungagap7: folds 
Dorex2007: folds 
Edybundea2: calls $0.05
Koala1975: folds 
raika14: folds 
giuaraujo12: calls $0.05
kasjusz41: calls $0.03
MarkFitz76: checks 
*** FLOP *** [2h Kc 9d]
kasjusz41: checks 
MarkFitz76: checks 
Edybundea2: checks 
giuaraujo12: bets $0.10
kasjusz41: folds 
MarkFitz76: calls $0.10
Edybundea2: folds 
*** TURN *** [2h Kc 9d] [4d]
MarkFitz76: checks 
giuaraujo12: checks 
*** RIVER *** [2h Kc 9d 4d] [5h]
MarkFitz76: bets $0.25
giuaraujo12: calls $0.25
*** SHOW DOWN ***
MarkFitz76: shows [Ts Qc] (high card King)
giuaraujo12: shows [Qd 9c] (a pair of Nines)
giuaraujo12 collected $0.86 from pot
*** SUMMARY ***
Total pot $0.90 | Rake $0.04 
Board [2h Kc 9d 4d 5h]
Seat 1: raika14 folded before Flop (didn't bet)
Seat 2: giuaraujo12 (button) showed [Qd 9c] and won ($0.86) with a pair of Nines
Seat 3: kasjusz41 (small blind) folded on the Flop
Seat 4: MarkFitz76 (big blind) showed [Ts Qc] and lost with high card King
Seat 5: __majkeL_102 folded before Flop (didn't bet)
Seat 6: Ginnungagap7 folded before Flop (didn't bet)
Seat 7: Dorex2007 folded before Flop (didn't bet)
Seat 8: Edybundea2 folded on the Flop
Seat 9: Koala1975 folded before Flop (didn't bet)



PokerStars Hand #238737877219:  Hold'em No Limit ($0.02/$0.05 USD) - 2022/09/19 15:03:42 PT [2022/09/19 18:03:42 ET]
Table 'Kamenyar II' 9-max Seat #3 is the button
Seat 1: raika14 ($5.84 in chips) 
Seat 2: giuaraujo12 ($7.67 in chips) 
Seat 3: kasjusz41 ($0.86 in chips) 
Seat 4: MarkFitz76 ($5 in chips) 
Seat 5: __majkeL_102 ($5 in chips) 
Seat 6: Ginnungagap7 ($4.93 in chips) 
Seat 7: Dorex2007 ($7.20 in chips) 
Seat 8: Edybundea2 ($2.82 in chips) 
Seat 9: Koala1975 ($5 in chips) 
MarkFitz76: posts small blind $0.02
__majkeL_102: posts big blind $0.05
*** HOLE CARDS ***
Dealt to Dorex2007 [2d Qs]
Ginnungagap7: folds 
Dorex2007: folds 
Edybundea2: raises $0.10 to $0.15
Koala1975: calls $0.15
raika14: folds 
giuaraujo12: folds 
kasjusz41: calls $0.15
MarkFitz76: folds 
__majkeL_102: calls $0.10
*** FLOP *** [8s Th 9h]
__majkeL_102: checks 
Edybundea2: bets $0.35
Koala1975: calls $0.35
kasjusz41: raises $0.35 to $0.70
__majkeL_102: folds 
Edybundea2: folds 
Koala1975: raises $2.34 to $3.04
kasjusz41: calls $0.01 and is all-in
Uncalled bet ($2.33) returned to Koala1975
*** TURN *** [8s Th 9h] [6s]
*** RIVER *** [8s Th 9h 6s] [8c]
*** SHOW DOWN ***
Koala1975: shows [Ah 3h] (a pair of Eights)
kasjusz41: shows [6h 5h] (two pair, Eights and Sixes)
kasjusz41 collected $2.29 from pot
*** SUMMARY ***
Total pot $2.39 | Rake $0.10 
Board [8s Th 9h 6s 8c]
Seat 1: raika14 folded before Flop (didn't bet)
Seat 2: giuaraujo12 folded before Flop (didn't bet)
Seat 3: kasjusz41 (button) showed [6h 5h] and won ($2.29) with two pair, Eights and Sixes
Seat 4: MarkFitz76 (small blind) folded before Flop
Seat 5: __majkeL_102 (big blind) folded on the Flop
Seat 6: Ginnungagap7 folded before Flop (didn't bet)
Seat 7: Dorex2007 folded before Flop (didn't bet)
Seat 8: Edybundea2 folded on the Flop
Seat 9: Koala1975 showed [Ah 3h] and lost with a pair of Eights



PokerStars Hand #238737909623:  Hold'em No Limit ($0.02/$0.05 USD) - 2022/09/19 15:05:07 PT [2022/09/19 18:05:07 ET]
Table 'Kamenyar II' 9-max Seat #4 is the button
Seat 1: raika14 ($5.84 in chips) 
Seat 2: giuaraujo12 ($7.67 in chips) 
Seat 3: kasjusz41 ($2.29 in chips) 
Seat 4: MarkFitz76 ($5 in chips) 
Seat 5: __majkeL_102 ($4.85 in chips) 
Seat 6: Ginnungagap7 ($4.93 in chips) 
Seat 7: Dorex2007 ($7.20 in chips) 
Seat 8: Edybundea2 ($2.32 in chips) 
Seat 9: Koala1975 ($5 in chips) 
__majkeL_102: posts small blind $0.02
Ginnungagap7: posts big blind $0.05
*** HOLE CARDS ***
Dealt to Dorex2007 [Tc Jc]
Dorex2007: folds 
Edybundea2: folds 
Koala1975: raises $0.12 to $0.17
raika14: folds 
giuaraujo12: folds 
kasjusz41: folds 
MarkFitz76: folds 
__majkeL_102: folds 
Ginnungagap7: folds 
Uncalled bet ($0.12) returned to Koala1975
Koala1975 collected $0.12 from pot
Koala1975: doesn't show hand 
*** SUMMARY ***
Total pot $0.12 | Rake $0 
Seat 1: raika14 folded before Flop (didn't bet)
Seat 2: giuaraujo12 folded before Flop (didn't bet)
Seat 3: kasjusz41 folded before Flop (didn't bet)
Seat 4: MarkFitz76 (button) folded before Flop (didn't bet)
Seat 5: __majkeL_102 (small blind) folded before Flop
Seat 6: Ginnungagap7 (big blind) folded before Flop
Seat 7: Dorex2007 folded before Flop (didn't bet)
Seat 8: Edybundea2 folded before Flop (didn't bet)
Seat 9: Koala1975 collected ($0.12)



PokerStars Hand #238737918868:  Hold'em No Limit ($0.02/$0.05 USD) - 2022/09/19 15:05:31 PT [2022/09/19 18:05:31 ET]
Table 'Kamenyar II' 9-max Seat #5 is the button
Seat 1: raika14 ($5.84 in chips) 
Seat 2: giuaraujo12 ($7.67 in chips) 
Seat 3: kasjusz41 ($2.29 in chips) 
Seat 4: MarkFitz76 ($5 in chips) 
Seat 5: __majkeL_102 ($4.83 in chips) 
Seat 6: Ginnungagap7 ($4.88 in chips) 
Seat 7: Dorex2007 ($7.20 in chips) 
Seat 8: Edybundea2 ($2.32 in chips) 
Seat 9: Koala1975 ($5.07 in chips) 
Ginnungagap7: posts small blind $0.02
Dorex2007: posts big blind $0.05
*** HOLE CARDS ***
Dealt to Dorex2007 [Ac 5h]
Edybundea2: calls $0.05
Koala1975: folds 
raika14: raises $0.10 to $0.15
giuaraujo12: folds 
kasjusz41: folds 
MarkFitz76: folds 
__majkeL_102: folds 
Ginnungagap7: folds 
Dorex2007: folds 
Edybundea2: raises $0.30 to $0.45
raika14: raises $5.39 to $5.84 and is all-in
Edybundea2: calls $1.87 and is all-in
Uncalled bet ($3.52) returned to raika14
*** FLOP *** [7c Qc 4d]
*** TURN *** [7c Qc 4d] [Th]
*** RIVER *** [7c Qc 4d Th] [Td]
*** SHOW DOWN ***
Edybundea2: shows [4c 2s] (two pair, Tens and Fours)
raika14: shows [Kd Ad] (a pair of Tens)
Edybundea2 collected $4.51 from pot
*** SUMMARY ***
Total pot $4.71 | Rake $0.20 
Board [7c Qc 4d Th Td]
Seat 1: raika14 showed [Kd Ad] and lost with a pair of Tens
Seat 2: giuaraujo12 folded before Flop (didn't bet)
Seat 3: kasjusz41 folded before Flop (didn't bet)
Seat 4: MarkFitz76 folded before Flop (didn't bet)
Seat 5: __majkeL_102 (button) folded before Flop (didn't bet)
Seat 6: Ginnungagap7 (small blind) folded before Flop
Seat 7: Dorex2007 (big blind) folded before Flop
Seat 8: Edybundea2 showed [4c 2s] and won ($4.51) with two pair, Tens and Fours
Seat 9: Koala1975 folded before Flop (didn't bet)



PokerStars Hand #238737936556:  Hold'em No Limit ($0.02/$0.05 USD) - 2022/09/19 15:06:18 PT [2022/09/19 18:06:18 ET]
Table 'Kamenyar II' 9-max Seat #6 is the button
Seat 1: raika14 ($5 in chips) 
Seat 2: giuaraujo12 ($7.67 in chips) 
Seat 3: kasjusz41 ($2.29 in chips) 
Seat 4: MarkFitz76 ($5 in chips) 
Seat 5: __majkeL_102 ($5 in chips) 
Seat 6: Ginnungagap7 ($4.86 in chips) 
Seat 7: Dorex2007 ($7.15 in chips) 
Seat 8: Edybundea2 ($4.51 in chips) 
Seat 9: Koala1975 ($5.07 in chips) 
Dorex2007: posts small blind $0.02
Edybundea2: posts big blind $0.05
*** HOLE CARDS ***
Dealt to Dorex2007 [8h Qh]
Koala1975: folds 
raika14: folds 
giuaraujo12: folds 
kasjusz41: folds 
MarkFitz76: folds 
__majkeL_102: folds 
Ginnungagap7: folds 
Dorex2007: folds 
Uncalled bet ($0.03) returned to Edybundea2
Edybundea2 collected $0.04 from pot
*** SUMMARY ***
Total pot $0.04 | Rake $0 
Seat 1: raika14 folded before Flop (didn't bet)
Seat 2: giuaraujo12 folded before Flop (didn't bet)
Seat 3: kasjusz41 folded before Flop (didn't bet)
Seat 4: MarkFitz76 folded before Flop (didn't bet)
Seat 5: __majkeL_102 folded before Flop (didn't bet)
Seat 6: Ginnungagap7 (button) folded before Flop (didn't bet)
Seat 7: Dorex2007 (small blind) folded before Flop
Seat 8: Edybundea2 (big blind) collected ($0.04)
Seat 9: Koala1975 folded before Flop (didn't bet)



PokerStars Hand #238737944359:  Hold'em No Limit ($0.02/$0.05 USD) - 2022/09/19 15:06:38 PT [2022/09/19 18:06:38 ET]
Table 'Kamenyar II' 9-max Seat #7 is the button
Seat 1: raika14 ($5 in chips) 
Seat 2: giuaraujo12 ($7.67 in chips) 
Seat 3: kasjusz41 ($2.29 in chips) 
Seat 4: MarkFitz76 ($5 in chips) 
Seat 5: __majkeL_102 ($5 in chips) 
Seat 6: Ginnungagap7 ($4.86 in chips) 
Seat 7: Dorex2007 ($7.13 in chips) 
Seat 8: Edybundea2 ($4.53 in chips) 
Edybundea2: posts small blind $0.02
Koala1975: is sitting out 
raika14: posts big blind $0.05
*** HOLE CARDS ***
Dealt to Dorex2007 [Ac 3c]
Koala1975 leaves the table
giuaraujo12: calls $0.05
kasjusz41: folds 
MarkFitz76: folds 
__majkeL_102: folds 
Ginnungagap7: folds 
Dorex2007: folds 
Edybundea2: folds 
raika14: checks 
*** FLOP *** [Js 8c Ah]
raika14: checks 
giuaraujo12: bets $0.05
raika14: folds 
Uncalled bet ($0.05) returned to giuaraujo12
giuaraujo12 collected $0.12 from pot
giuaraujo12: doesn't show hand 
*** SUMMARY ***
Total pot $0.12 | Rake $0 
Board [Js 8c Ah]
Seat 1: raika14 (big blind) folded on the Flop
Seat 2: giuaraujo12 collected ($0.12)
Seat 3: kasjusz41 folded before Flop (didn't bet)
Seat 4: MarkFitz76 folded before Flop (didn't bet)
Seat 5: __majkeL_102 folded before Flop (didn't bet)
Seat 6: Ginnungagap7 folded before Flop (didn't bet)
Seat 7: Dorex2007 (button) folded before Flop (didn't bet)
Seat 8: Edybundea2 (small blind) folded before Flop



PokerStars Hand #238737953785:  Hold'em No Limit ($0.02/$0.05 USD) - 2022/09/19 15:07:03 PT [2022/09/19 18:07:03 ET]
Table 'Kamenyar II' 9-max Seat #8 is the button
Seat 1: raika14 ($5 in chips) 
Seat 2: giuaraujo12 ($7.74 in chips) 
Seat 3: kasjusz41 ($2.29 in chips) 
Seat 4: MarkFitz76 ($5 in chips) 
Seat 5: __majkeL_102 ($5 in chips) 
Seat 6: Ginnungagap7 ($4.86 in chips) 
Seat 7: Dorex2007 ($7.13 in chips) 
Seat 8: Edybundea2 ($4.51 in chips) 
raika14: posts small blind $0.02
giuaraujo12: posts big blind $0.05
*** HOLE CARDS ***
Dealt to Dorex2007 [Th Jc]
kasjusz41: folds 
MarkFitz76: folds 
__majkeL_102: folds 
Ginnungagap7: folds 
Dorex2007: folds 
Edybundea2: raises $0.10 to $0.15
raika14: raises $0.35 to $0.50
giuaraujo12: folds 
Edybundea2: calls $0.35
*** FLOP *** [Js 6d Qs]
raika14: checks 
Edybundea2: checks 
*** TURN *** [Js 6d Qs] [Ac]
raika14: checks 
Edybundea2: checks 
*** RIVER *** [Js 6d Qs Ac] [2d]
raika14: bets $1.01
Edybundea2: raises $3 to $4.01 and is all-in
raika14: calls $3
*** SHOW DOWN ***
Edybundea2: shows [Jh 8h] (a pair of Jacks)
raika14: shows [9h Ah] (a pair of Aces)
raika14 collected $8.69 from pot
*** SUMMARY ***
Total pot $9.07 | Rake $0.38 
Board [Js 6d Qs Ac 2d]
Seat 1: raika14 (small blind) showed [9h Ah] and won ($8.69) with a pair of Aces
Seat 2: giuaraujo12 (big blind) folded before Flop
Seat 3: kasjusz41 folded before Flop (didn't bet)
Seat 4: MarkFitz76 folded before Flop (didn't bet)
Seat 5: __majkeL_102 folded before Flop (didn't bet)
Seat 6: Ginnungagap7 folded before Flop (didn't bet)
Seat 7: Dorex2007 folded before Flop (didn't bet)
Seat 8: Edybundea2 (button) showed [Jh 8h] and lost with a pair of Jacks



PokerStars Hand #238737968708:  Hold'em No Limit ($0.02/$0.05 USD) - 2022/09/19 15:07:43 PT [2022/09/19 18:07:43 ET]
Table 'Kamenyar II' 9-max Seat #1 is the button
Seat 1: raika14 ($9.18 in chips) 
Seat 2: giuaraujo12 ($7.69 in chips) 
Seat 3: kasjusz41 ($2.29 in chips) 
Seat 4: MarkFitz76 ($5 in chips) 
Seat 5: __majkeL_102 ($5 in chips) 
Seat 6: Ginnungagap7 ($4.86 in chips) 
Seat 7: Dorex2007 ($7.13 in chips) 
giuaraujo12: posts small blind $0.02
kasjusz41: posts big blind $0.05
*** HOLE CARDS ***
Dealt to Dorex2007 [8d Qd]
MarkFitz76: folds 
__majkeL_102: folds 
Ginnungagap7: folds 
Dorex2007: calls $0.05
raika14: raises $0.10 to $0.15
giuaraujo12: calls $0.13
kasjusz41: folds 
Dorex2007: folds 
*** FLOP *** [Jc 8c Ks]
giuaraujo12: checks 
raika14: bets $0.27
giuaraujo12: folds 
Uncalled bet ($0.27) returned to raika14
raika14 collected $0.38 from pot
raika14: doesn't show hand 
*** SUMMARY ***
Total pot $0.40 | Rake $0.02 
Board [Jc 8c Ks]
Seat 1: raika14 (button) collected ($0.38)
Seat 2: giuaraujo12 (small blind) folded on the Flop
Seat 3: kasjusz41 (big blind) folded before Flop
Seat 4: MarkFitz76 folded before Flop (didn't bet)
Seat 5: __majkeL_102 folded before Flop (didn't bet)
Seat 6: Ginnungagap7 folded before Flop (didn't bet)
Seat 7: Dorex2007 folded before Flop



PokerStars Hand #238737985352:  Hold'em No Limit ($0.02/$0.05 USD) - 2022/09/19 15:08:28 PT [2022/09/19 18:08:28 ET]
Table 'Kamenyar II' 9-max Seat #2 is the button
Seat 1: raika14 ($9.41 in chips) 
Seat 2: giuaraujo12 ($7.54 in chips) 
Seat 3: kasjusz41 ($2.24 in chips) 
Seat 4: MarkFitz76 ($5 in chips) 
Seat 5: __majkeL_102 ($5 in chips) 
Seat 6: Ginnungagap7 ($4.86 in chips) 
Seat 7: Dorex2007 ($7.08 in chips) 
kasjusz41: posts small blind $0.02
MarkFitz76: posts big blind $0.05
*** HOLE CARDS ***
Dealt to Dorex2007 [8d 9c]
__majkeL_102: folds 
Ginnungagap7: folds 
Dorex2007: folds 
raika14: folds 
giuaraujo12: folds 
kasjusz41: calls $0.03
MarkFitz76: checks 
*** FLOP *** [4c 2c 4d]
kasjusz41: checks 
MarkFitz76: bets $0.05
kasjusz41: folds 
Uncalled bet ($0.05) returned to MarkFitz76
MarkFitz76 collected $0.10 from pot
MarkFitz76: doesn't show hand 
*** SUMMARY ***
Total pot $0.10 | Rake $0 
Board [4c 2c 4d]
Seat 1: raika14 folded before Flop (didn't bet)
Seat 2: giuaraujo12 (button) folded before Flop (didn't bet)
Seat 3: kasjusz41 (small blind) folded on the Flop
Seat 4: MarkFitz76 (big blind) collected ($0.10)
Seat 5: __majkeL_102 folded before Flop (didn't bet)
Seat 6: Ginnungagap7 folded before Flop (didn't bet)
Seat 7: Dorex2007 folded before Flop (didn't bet)



PokerStars Hand #238737993162:  Hold'em No Limit ($0.02/$0.05 USD) - 2022/09/19 15:08:49 PT [2022/09/19 18:08:49 ET]
Table 'Kamenyar II' 9-max Seat #3 is the button
Seat 1: raika14 ($9.41 in chips) 
Seat 2: giuaraujo12 ($7.54 in chips) 
Seat 3: kasjusz41 ($2.19 in chips) 
Seat 4: MarkFitz76 ($5.05 in chips) 
Seat 5: __majkeL_102 ($5 in chips) 
Seat 6: Ginnungagap7 ($4.86 in chips) 
Seat 7: Dorex2007 ($7.08 in chips) 
MarkFitz76: posts small blind $0.02
__majkeL_102: posts big blind $0.05
*** HOLE CARDS ***
Dealt to Dorex2007 [Qc 5s]
Ginnungagap7: folds 
Dorex2007: folds 
raika14: folds 
giuaraujo12: raises $0.10 to $0.15
kasjusz41: folds 
MarkFitz76: calls $0.13
__majkeL_102: calls $0.10
*** FLOP *** [6s 4h 5c]
MarkFitz76: checks 
__majkeL_102: checks 
giuaraujo12: checks 
*** TURN *** [6s 4h 5c] [6h]
MarkFitz76: checks 
__majkeL_102: checks 
giuaraujo12: checks 
*** RIVER *** [6s 4h 5c 6h] [9h]
MarkFitz76: bets $0.30
__majkeL_102: folds 
giuaraujo12: folds 
Uncalled bet ($0.30) returned to MarkFitz76
MarkFitz76 collected $0.43 from pot
MarkFitz76: doesn't show hand 
*** SUMMARY ***
Total pot $0.45 | Rake $0.02 
Board [6s 4h 5c 6h 9h]
Seat 1: raika14 folded before Flop (didn't bet)
Seat 2: giuaraujo12 folded on the River
Seat 3: kasjusz41 (button) folded before Flop (didn't bet)
Seat 4: MarkFitz76 (small blind) collected ($0.43)
Seat 5: __majkeL_102 (big blind) folded on the River
Seat 6: Ginnungagap7 folded before Flop (didn't bet)
Seat 7: Dorex2007 folded before Flop (didn't bet)



PokerStars Hand #238738008592:  Hold'em No Limit ($0.02/$0.05 USD) - 2022/09/19 15:09:31 PT [2022/09/19 18:09:31 ET]
Table 'Kamenyar II' 9-max Seat #4 is the button
Seat 1: raika14 ($9.41 in chips) 
Seat 2: giuaraujo12 ($7.39 in chips) 
Seat 3: kasjusz41 ($2.19 in chips) 
Seat 4: MarkFitz76 ($5.33 in chips) 
Seat 5: __majkeL_102 ($4.85 in chips) 
Seat 6: Ginnungagap7 ($4.86 in chips) 
Seat 7: Dorex2007 ($7.08 in chips) 
__majkeL_102: posts small blind $0.02
Ginnungagap7: posts big blind $0.05
*** HOLE CARDS ***
Dealt to Dorex2007 [8s 8h]
Dorex2007: raises $0.05 to $0.10
raika14: raises $0.50 to $0.60
giuaraujo12: folds 
kasjusz41: folds 
MarkFitz76: folds 
__majkeL_102: folds 
Ginnungagap7: folds 
Dorex2007: folds 
Uncalled bet ($0.50) returned to raika14
raika14 collected $0.27 from pot
raika14: doesn't show hand 
*** SUMMARY ***
Total pot $0.27 | Rake $0 
Seat 1: raika14 collected ($0.27)
Seat 2: giuaraujo12 folded before Flop (didn't bet)
Seat 3: kasjusz41 folded before Flop (didn't bet)
Seat 4: MarkFitz76 (button) folded before Flop (didn't bet)
Seat 5: __majkeL_102 (small blind) folded before Flop
Seat 6: Ginnungagap7 (big blind) folded before Flop
Seat 7: Dorex2007 folded before Flop



PokerStars Hand #238738015132:  Hold'em No Limit ($0.02/$0.05 USD) - 2022/09/19 15:09:48 PT [2022/09/19 18:09:48 ET]
Table 'Kamenyar II' 9-max Seat #5 is the button
Seat 1: raika14 ($9.58 in chips) 
Seat 2: giuaraujo12 ($7.39 in chips) 
Seat 3: kasjusz41 ($2.19 in chips) 
Seat 4: MarkFitz76 ($5.33 in chips) 
Seat 5: __majkeL_102 ($4.83 in chips) 
Seat 6: Ginnungagap7 ($4.81 in chips) 
Seat 7: Dorex2007 ($6.98 in chips) 
Ginnungagap7: posts small blind $0.02
Dorex2007: posts big blind $0.05
*** HOLE CARDS ***
Dealt to Dorex2007 [7d Td]
raika14: folds 
giuaraujo12: folds 
kasjusz41: folds 
MarkFitz76: folds 
__majkeL_102: folds 
Ginnungagap7: raises $0.10 to $0.15
Dorex2007: folds 
Uncalled bet ($0.10) returned to Ginnungagap7
Ginnungagap7 collected $0.10 from pot
Ginnungagap7: doesn't show hand 
*** SUMMARY ***
Total pot $0.10 | Rake $0 
Seat 1: raika14 folded before Flop (didn't bet)
Seat 2: giuaraujo12 folded before Flop (didn't bet)
Seat 3: kasjusz41 folded before Flop (didn't bet)
Seat 4: MarkFitz76 folded before Flop (didn't bet)
Seat 5: __majkeL_102 (button) folded before Flop (didn't bet)
Seat 6: Ginnungagap7 (small blind) collected ($0.10)
Seat 7: Dorex2007 (big blind) folded before Flop



PokerStars Hand #238738021402:  Hold'em No Limit ($0.02/$0.05 USD) - 2022/09/19 15:10:05 PT [2022/09/19 18:10:05 ET]
Table 'Kamenyar II' 9-max Seat #6 is the button
Seat 1: raika14 ($9.58 in chips) 
Seat 2: giuaraujo12 ($7.39 in chips) 
Seat 3: kasjusz41 ($2.19 in chips) 
Seat 4: MarkFitz76 ($5.33 in chips) 
Seat 5: __majkeL_102 ($4.83 in chips) 
Seat 6: Ginnungagap7 ($4.86 in chips) 
Seat 7: Dorex2007 ($6.93 in chips) 
Dorex2007: posts small blind $0.02
raika14: posts big blind $0.05
*** HOLE CARDS ***
Dealt to Dorex2007 [Qc 4s]
giuaraujo12: calls $0.05
kasjusz41: folds 
MarkFitz76: folds 
__majkeL_102: folds 
Ginnungagap7: folds 
Dorex2007: folds 
raika14: checks 
*** FLOP *** [5c 8c 9s]
raika14: checks 
giuaraujo12: checks 
*** TURN *** [5c 8c 9s] [6s]
raika14: bets $0.45
giuaraujo12: folds 
Uncalled bet ($0.45) returned to raika14
raika14 collected $0.12 from pot
raika14: doesn't show hand 
*** SUMMARY ***
Total pot $0.12 | Rake $0 
Board [5c 8c 9s 6s]
Seat 1: raika14 (big blind) collected ($0.12)
Seat 2: giuaraujo12 folded on the Turn
Seat 3: kasjusz41 folded before Flop (didn't bet)
Seat 4: MarkFitz76 folded before Flop (didn't bet)
Seat 5: __majkeL_102 folded before Flop (didn't bet)
Seat 6: Ginnungagap7 (button) folded before Flop (didn't bet)
Seat 7: Dorex2007 (small blind) folded before Flop



PokerStars Hand #238738034415:  Hold'em No Limit ($0.02/$0.05 USD) - 2022/09/19 15:10:39 PT [2022/09/19 18:10:39 ET]
Table 'Kamenyar II' 9-max Seat #7 is the button
Seat 1: raika14 ($9.65 in chips) 
Seat 2: giuaraujo12 ($7.34 in chips) 
Seat 3: kasjusz41 ($2.19 in chips) 
Seat 4: MarkFitz76 ($5.33 in chips) 
Seat 5: __majkeL_102 ($5 in chips) 
Seat 6: Ginnungagap7 ($4.86 in chips) 
Seat 7: Dorex2007 ($6.91 in chips) 
raika14: posts small blind $0.02
giuaraujo12: posts big blind $0.05
*** HOLE CARDS ***
Dealt to Dorex2007 [3h Qs]
kasjusz41: folds 
kasjusz41 leaves the table
MarkFitz76: raises $0.10 to $0.15
__majkeL_102: folds 
Ginnungagap7: folds 
Dorex2007: folds 
raika14: folds 
giuaraujo12: folds 
Uncalled bet ($0.10) returned to MarkFitz76
MarkFitz76 collected $0.12 from pot
MarkFitz76: doesn't show hand 
*** SUMMARY ***
Total pot $0.12 | Rake $0 
Seat 1: raika14 (small blind) folded before Flop
Seat 2: giuaraujo12 (big blind) folded before Flop
Seat 3: kasjusz41 folded before Flop (didn't bet)
Seat 4: MarkFitz76 collected ($0.12)
Seat 5: __majkeL_102 folded before Flop (didn't bet)
Seat 6: Ginnungagap7 folded before Flop (didn't bet)
Seat 7: Dorex2007 (button) folded before Flop (didn't bet)



PokerStars Hand #238738041127:  Hold'em No Limit ($0.02/$0.05 USD) - 2022/09/19 15:10:57 PT [2022/09/19 18:10:57 ET]
Table 'Kamenyar II' 9-max Seat #1 is the button
Seat 1: raika14 ($9.63 in chips) 
Seat 2: giuaraujo12 ($7.29 in chips) 
Seat 4: MarkFitz76 ($5.40 in chips) 
Seat 5: __majkeL_102 ($5 in chips) 
Seat 6: Ginnungagap7 ($4.86 in chips) 
Seat 7: Dorex2007 ($6.91 in chips) 
giuaraujo12: posts small blind $0.02
MarkFitz76: posts big blind $0.05
*** HOLE CARDS ***
Dealt to Dorex2007 [4c 3d]
__majkeL_102: folds 
Ginnungagap7: folds 
Dorex2007: folds 
raika14: folds 
giuaraujo12: folds 
Uncalled bet ($0.03) returned to MarkFitz76
MarkFitz76 collected $0.04 from pot
MarkFitz76: doesn't show hand 
*** SUMMARY ***
Total pot $0.04 | Rake $0 
Seat 1: raika14 (button) folded before Flop (didn't bet)
Seat 2: giuaraujo12 (small blind) folded before Flop
Seat 4: MarkFitz76 (big blind) collected ($0.04)
Seat 5: __majkeL_102 folded before Flop (didn't bet)
Seat 6: Ginnungagap7 folded before Flop (didn't bet)
Seat 7: Dorex2007 folded before Flop (didn't bet)



PokerStars Hand #238738045463:  Hold'em No Limit ($0.02/$0.05 USD) - 2022/09/19 15:11:09 PT [2022/09/19 18:11:09 ET]
Table 'Kamenyar II' 9-max Seat #2 is the button
Seat 1: raika14 ($9.63 in chips) 
Seat 2: giuaraujo12 ($7.27 in chips) 
Seat 4: MarkFitz76 ($5.42 in chips) 
Seat 5: __majkeL_102 ($5 in chips) 
Seat 6: Ginnungagap7 ($4.86 in chips) 
Seat 7: Dorex2007 ($6.91 in chips) 
MarkFitz76: posts small blind $0.02
__majkeL_102: posts big blind $0.05
*** HOLE CARDS ***
Dealt to Dorex2007 [Ac 8d]
Ginnungagap7: folds 
Dorex2007: folds 
raika14: folds 
giuaraujo12: folds 
MarkFitz76: raises $0.15 to $0.20
__majkeL_102: folds 
Uncalled bet ($0.15) returned to MarkFitz76
MarkFitz76 collected $0.10 from pot
MarkFitz76: doesn't show hand 
*** SUMMARY ***
Total pot $0.10 | Rake $0 
Seat 1: raika14 folded before Flop (didn't bet)
Seat 2: giuaraujo12 (button) folded before Flop (didn't bet)
Seat 4: MarkFitz76 (small blind) collected ($0.10)
Seat 5: __majkeL_102 (big blind) folded before Flop
Seat 6: Ginnungagap7 folded before Flop (didn't bet)
Seat 7: Dorex2007 folded before Flop (didn't bet)



PokerStars Hand #238738050256:  Hold'em No Limit ($0.02/$0.05 USD) - 2022/09/19 15:11:22 PT [2022/09/19 18:11:22 ET]
Table 'Kamenyar II' 9-max Seat #4 is the button
Seat 1: raika14 ($9.63 in chips) 
Seat 2: giuaraujo12 ($7.27 in chips) 
Seat 4: MarkFitz76 ($5.47 in chips) 
Seat 5: __majkeL_102 ($4.95 in chips) 
Seat 6: Ginnungagap7 ($4.86 in chips) 
Seat 7: Dorex2007 ($6.91 in chips) 
__majkeL_102: posts small blind $0.02
Ginnungagap7: posts big blind $0.05
*** HOLE CARDS ***
Dealt to Dorex2007 [3s 8s]
Dorex2007: folds 
raika14: folds 
giuaraujo12: folds 
MarkFitz76: folds 
__majkeL_102: folds 
Uncalled bet ($0.03) returned to Ginnungagap7
Ginnungagap7 collected $0.04 from pot
Ginnungagap7: doesn't show hand 
*** SUMMARY ***
Total pot $0.04 | Rake $0 
Seat 1: raika14 folded before Flop (didn't bet)
Seat 2: giuaraujo12 folded before Flop (didn't bet)
Seat 4: MarkFitz76 (button) folded before Flop (didn't bet)
Seat 5: __majkeL_102 (small blind) folded before Flop
Seat 6: Ginnungagap7 (big blind) collected ($0.04)
Seat 7: Dorex2007 folded before Flop (didn't bet)



PokerStars Hand #238738054037:  Hold'em No Limit ($0.02/$0.05 USD) - 2022/09/19 15:11:32 PT [2022/09/19 18:11:32 ET]
Table 'Kamenyar II' 9-max Seat #5 is the button
Seat 1: raika14 ($9.63 in chips) 
Seat 2: giuaraujo12 ($7.27 in chips) 
Seat 4: MarkFitz76 ($5.47 in chips) 
Seat 5: __majkeL_102 ($4.93 in chips) 
Seat 6: Ginnungagap7 ($4.88 in chips) 
Seat 7: Dorex2007 ($6.91 in chips) 
Ginnungagap7: posts small blind $0.02
Dorex2007: posts big blind $0.05
*** HOLE CARDS ***
Dealt to Dorex2007 [2s Jh]
raika14: folds 
giuaraujo12: folds 
MarkFitz76: folds 
__majkeL_102: folds 
Ginnungagap7: raises $0.10 to $0.15
Dorex2007: folds 
Uncalled bet ($0.10) returned to Ginnungagap7
Ginnungagap7 collected $0.10 from pot
*** SUMMARY ***
Total pot $0.10 | Rake $0 
Seat 1: raika14 folded before Flop (didn't bet)
Seat 2: giuaraujo12 folded before Flop (didn't bet)
Seat 4: MarkFitz76 folded before Flop (didn't bet)
Seat 5: __majkeL_102 (button) folded before Flop (didn't bet)
Seat 6: Ginnungagap7 (small blind) collected ($0.10)
Seat 7: Dorex2007 (big blind) folded before Flop



PokerStars Hand #238738058146:  Hold'em No Limit ($0.02/$0.05 USD) - 2022/09/19 15:11:43 PT [2022/09/19 18:11:43 ET]
Table 'Kamenyar II' 9-max Seat #6 is the button
Seat 1: raika14 ($9.63 in chips) 
Seat 2: giuaraujo12 ($7.27 in chips) 
Seat 4: MarkFitz76 ($5.47 in chips) 
Seat 5: __majkeL_102 ($4.93 in chips) 
Seat 6: Ginnungagap7 ($4.93 in chips) 
Seat 7: Dorex2007 ($6.86 in chips) 
Dorex2007: posts small blind $0.02
raika14: posts big blind $0.05
*** HOLE CARDS ***
Dealt to Dorex2007 [As 6h]
giuaraujo12: folds 
MarkFitz76: folds 
__majkeL_102: folds 
Ginnungagap7: folds 
Dorex2007: folds 
Uncalled bet ($0.03) returned to raika14
raika14 collected $0.04 from pot
raika14: doesn't show hand 
*** SUMMARY ***
Total pot $0.04 | Rake $0 
Seat 1: raika14 (big blind) collected ($0.04)
Seat 2: giuaraujo12 folded before Flop (didn't bet)
Seat 4: MarkFitz76 folded before Flop (didn't bet)
Seat 5: __majkeL_102 folded before Flop (didn't bet)
Seat 6: Ginnungagap7 (button) folded before Flop (didn't bet)
Seat 7: Dorex2007 (small blind) folded before Flop



PokerStars Hand #238738062738:  Hold'em No Limit ($0.02/$0.05 USD) - 2022/09/19 15:11:55 PT [2022/09/19 18:11:55 ET]
Table 'Kamenyar II' 9-max Seat #7 is the button
Seat 1: raika14 ($9.65 in chips) 
Seat 2: giuaraujo12 ($7.27 in chips) 
Seat 4: MarkFitz76 ($5.47 in chips) 
Seat 5: __majkeL_102 ($4.93 in chips) 
Seat 6: Ginnungagap7 ($4.93 in chips) 
Seat 7: Dorex2007 ($6.84 in chips) 
raika14: posts small blind $0.02
giuaraujo12: posts big blind $0.05
*** HOLE CARDS ***
Dealt to Dorex2007 [5s 8h]
MarkFitz76: raises $0.10 to $0.15
__majkeL_102: folds 
Ginnungagap7: folds 
Dorex2007: folds 
raika14: folds 
giuaraujo12: raises $0.30 to $0.45
MarkFitz76: calls $0.30
*** FLOP *** [7s Qh 9h]
giuaraujo12: bets $0.44
MarkFitz76: calls $0.44
*** TURN *** [7s Qh 9h] [Qc]
giuaraujo12: checks 
MarkFitz76: bets $1.10
giuaraujo12: calls $1.10
*** RIVER *** [7s Qh 9h Qc] [7h]
giuaraujo12: checks 
MarkFitz76: checks 
*** SHOW DOWN ***
giuaraujo12: shows [Ac Ad] (two pair, Aces and Queens)
MarkFitz76: mucks hand 
giuaraujo12 collected $3.83 from pot
*** SUMMARY ***
Total pot $4 | Rake $0.17 
Board [7s Qh 9h Qc 7h]
Seat 1: raika14 (small blind) folded before Flop
Seat 2: giuaraujo12 (big blind) showed [Ac Ad] and won ($3.83) with two pair, Aces and Queens
Seat 4: MarkFitz76 mucked [Jd As]
Seat 5: __majkeL_102 folded before Flop (didn't bet)
Seat 6: Ginnungagap7 folded before Flop (didn't bet)
Seat 7: Dorex2007 (button) folded before Flop (didn't bet)



PokerStars Hand #238738083672:  Hold'em No Limit ($0.02/$0.05 USD) - 2022/09/19 15:12:51 PT [2022/09/19 18:12:51 ET]
Table 'Kamenyar II' 9-max Seat #1 is the button
Seat 1: raika14 ($9.63 in chips) 
Seat 2: giuaraujo12 ($9.11 in chips) 
Seat 4: MarkFitz76 ($5 in chips) 
Seat 5: __majkeL_102 ($4.93 in chips) 
Seat 6: Ginnungagap7 ($4.93 in chips) 
Seat 7: Dorex2007 ($6.84 in chips) 
giuaraujo12: posts small blind $0.02
MarkFitz76: posts big blind $0.05
*** HOLE CARDS ***
Dealt to Dorex2007 [4s Kh]
__majkeL_102: folds 
Ginnungagap7: raises $0.10 to $0.15
Dorex2007: folds 
raika14: folds 
giuaraujo12: folds 
MarkFitz76: calls $0.10
*** FLOP *** [3c 4d 6d]
MarkFitz76: checks 
Ginnungagap7: checks 
*** TURN *** [3c 4d 6d] [Qs]
MarkFitz76: checks 
Ginnungagap7: checks 
*** RIVER *** [3c 4d 6d Qs] [8d]
MarkFitz76: checks 
Ginnungagap7: checks 
*** SHOW DOWN ***
MarkFitz76: shows [As 5h] (high card Ace)
Ginnungagap7: shows [Ac Jh] (high card Ace - Queen+Jack kicker)
Ginnungagap7 collected $0.31 from pot
*** SUMMARY ***
Total pot $0.32 | Rake $0.01 
Board [3c 4d 6d Qs 8d]
Seat 1: raika14 (button) folded before Flop (didn't bet)
Seat 2: giuaraujo12 (small blind) folded before Flop
Seat 4: MarkFitz76 (big blind) showed [As 5h] and lost with high card Ace
Seat 5: __majkeL_102 folded before Flop (didn't bet)
Seat 6: Ginnungagap7 showed [Ac Jh] and won ($0.31) with high card Ace
Seat 7: Dorex2007 folded before Flop (didn't bet)



PokerStars Hand #238738096565:  Hold'em No Limit ($0.02/$0.05 USD) - 2022/09/19 15:13:26 PT [2022/09/19 18:13:26 ET]
Table 'Kamenyar II' 9-max Seat #2 is the button
Seat 1: raika14 ($9.63 in chips) 
Seat 2: giuaraujo12 ($9.09 in chips) 
Seat 4: MarkFitz76 ($5 in chips) 
Seat 5: __majkeL_102 ($4.93 in chips) 
Seat 6: Ginnungagap7 ($5.09 in chips) 
Seat 7: Dorex2007 ($6.84 in chips) 
MarkFitz76: posts small blind $0.02
__majkeL_102: posts big blind $0.05
*** HOLE CARDS ***
Dealt to Dorex2007 [8c 5c]
Ginnungagap7: folds 
Dorex2007: folds 
raika14: raises $0.10 to $0.15
giuaraujo12: folds 
MarkFitz76: folds 
__majkeL_102: folds 
Uncalled bet ($0.10) returned to raika14
raika14 collected $0.12 from pot
raika14: doesn't show hand 
*** SUMMARY ***
Total pot $0.12 | Rake $0 
Seat 1: raika14 collected ($0.12)
Seat 2: giuaraujo12 (button) folded before Flop (didn't bet)
Seat 4: MarkFitz76 (small blind) folded before Flop
Seat 5: __majkeL_102 (big blind) folded before Flop
Seat 6: Ginnungagap7 folded before Flop (didn't bet)
Seat 7: Dorex2007 folded before Flop (didn't bet)



PokerStars Hand #238738101717:  Hold'em No Limit ($0.02/$0.05 USD) - 2022/09/19 15:13:40 PT [2022/09/19 18:13:40 ET]
Table 'Kamenyar II' 9-max Seat #4 is the button
Seat 1: raika14 ($9.70 in chips) 
Seat 2: giuaraujo12 ($9.09 in chips) 
Seat 4: MarkFitz76 ($5 in chips) 
Seat 5: __majkeL_102 ($4.88 in chips) 
Seat 6: Ginnungagap7 ($5.09 in chips) 
Seat 7: Dorex2007 ($6.84 in chips) 
__majkeL_102: posts small blind $0.02
Ginnungagap7: posts big blind $0.05
*** HOLE CARDS ***
Dealt to Dorex2007 [3c 2s]
Dorex2007: folds 
raika14: folds 
Edybundea2 is disconnected 
giuaraujo12: raises $0.10 to $0.15
MarkFitz76: raises $0.40 to $0.55
__majkeL_102: folds 
Ginnungagap7: folds 
giuaraujo12: folds 
Uncalled bet ($0.40) returned to MarkFitz76
MarkFitz76 collected $0.37 from pot
MarkFitz76: doesn't show hand 
*** SUMMARY ***
Total pot $0.37 | Rake $0 
Seat 1: raika14 folded before Flop (didn't bet)
Seat 2: giuaraujo12 folded before Flop
Seat 4: MarkFitz76 (button) collected ($0.37)
Seat 5: __majkeL_102 (small blind) folded before Flop
Seat 6: Ginnungagap7 (big blind) folded before Flop
Seat 7: Dorex2007 folded before Flop (didn't bet)



PokerStars Hand #238738111041:  Hold'em No Limit ($0.02/$0.05 USD) - 2022/09/19 15:14:05 PT [2022/09/19 18:14:05 ET]
Table 'Kamenyar II' 9-max Seat #5 is the button
Seat 1: raika14 ($9.70 in chips) 
Seat 2: giuaraujo12 ($8.94 in chips) 
Seat 4: MarkFitz76 ($5.22 in chips) 
Seat 5: __majkeL_102 ($4.86 in chips) 
Seat 6: Ginnungagap7 ($5.04 in chips) 
Seat 7: Dorex2007 ($6.84 in chips) 
Ginnungagap7: posts small blind $0.02
Dorex2007: posts big blind $0.05
*** HOLE CARDS ***
Dealt to Dorex2007 [Th 9s]
raika14: raises $0.10 to $0.15
giuaraujo12: folds 
MarkFitz76: calls $0.15
__majkeL_102: folds 
Ginnungagap7: calls $0.13
Dorex2007: folds 
*** FLOP *** [7s Kc 5s]
Ginnungagap7: checks 
raika14: bets $0.24
MarkFitz76: calls $0.24
Ginnungagap7: folds 
*** TURN *** [7s Kc 5s] [8d]
raika14: bets $0.65
MarkFitz76: calls $0.65
*** RIVER *** [7s Kc 5s 8d] [9d]
raika14: checks 
MarkFitz76: bets $1.90
raika14: folds 
Uncalled bet ($1.90) returned to MarkFitz76
MarkFitz76 collected $2.19 from pot
MarkFitz76: doesn't show hand 
*** SUMMARY ***
Total pot $2.28 | Rake $0.09 
Board [7s Kc 5s 8d 9d]
Seat 1: raika14 folded on the River
Seat 2: giuaraujo12 folded before Flop (didn't bet)
Seat 4: MarkFitz76 collected ($2.19)
Seat 5: __majkeL_102 (button) folded before Flop (didn't bet)
Seat 6: Ginnungagap7 (small blind) folded on the Flop
Seat 7: Dorex2007 (big blind) folded before Flop



PokerStars Hand #238738136531:  Hold'em No Limit ($0.02/$0.05 USD) - 2022/09/19 15:15:15 PT [2022/09/19 18:15:15 ET]
Table 'Kamenyar II' 9-max Seat #6 is the button
Seat 1: raika14 ($8.66 in chips) 
Seat 2: giuaraujo12 ($8.94 in chips) 
Seat 4: MarkFitz76 ($6.37 in chips) 
Seat 5: __majkeL_102 ($4.86 in chips) 
Seat 6: Ginnungagap7 ($4.89 in chips) 
Seat 7: Dorex2007 ($6.79 in chips) 
Dorex2007: posts small blind $0.02
raika14: posts big blind $0.05
*** HOLE CARDS ***
Dealt to Dorex2007 [Kd 9d]
giuaraujo12: calls $0.05
MarkFitz76: folds 
__majkeL_102: folds 
Ginnungagap7: folds 
Dorex2007: calls $0.03
raika14: raises $0.10 to $0.15
giuaraujo12: calls $0.10
Dorex2007: calls $0.10
*** FLOP *** [4c 3s Td]
Dorex2007: checks 
raika14: checks 
giuaraujo12: checks 
*** TURN *** [4c 3s Td] [9c]
Dorex2007: bets $0.21
raika14: calls $0.21
giuaraujo12: folds 
*** RIVER *** [4c 3s Td 9c] [Ad]
Dorex2007: checks 
raika14: checks 
*** SHOW DOWN ***
Dorex2007: shows [Kd 9d] (a pair of Nines)
raika14: shows [Jd Th] (a pair of Tens)
raika14 collected $0.83 from pot
*** SUMMARY ***
Total pot $0.87 | Rake $0.04 
Board [4c 3s Td 9c Ad]
Seat 1: raika14 (big blind) showed [Jd Th] and won ($0.83) with a pair of Tens
Seat 2: giuaraujo12 folded on the Turn
Seat 4: MarkFitz76 folded before Flop (didn't bet)
Seat 5: __majkeL_102 folded before Flop (didn't bet)
Seat 6: Ginnungagap7 (button) folded before Flop (didn't bet)
Seat 7: Dorex2007 (small blind) showed [Kd 9d] and lost with a pair of Nines



PokerStars Hand #238738149668:  Hold'em No Limit ($0.02/$0.05 USD) - 2022/09/19 15:15:51 PT [2022/09/19 18:15:51 ET]
Table 'Kamenyar II' 9-max Seat #7 is the button
Seat 1: raika14 ($9.13 in chips) 
Seat 2: giuaraujo12 ($8.79 in chips) 
Seat 4: MarkFitz76 ($6.37 in chips) 
Seat 5: __majkeL_102 ($4.86 in chips) 
Seat 6: Ginnungagap7 ($4.89 in chips) 
Seat 7: Dorex2007 ($6.43 in chips) 
raika14: posts small blind $0.02
giuaraujo12: posts big blind $0.05
*** HOLE CARDS ***
Dealt to Dorex2007 [7c Qs]
MarkFitz76: folds 
__majkeL_102: raises $0.10 to $0.15
Ginnungagap7: folds 
Dorex2007: folds 
raika14: folds 
giuaraujo12: folds 
Uncalled bet ($0.10) returned to __majkeL_102
__majkeL_102 collected $0.12 from pot
__majkeL_102: doesn't show hand 
*** SUMMARY ***
Total pot $0.12 | Rake $0 
Seat 1: raika14 (small blind) folded before Flop
Seat 2: giuaraujo12 (big blind) folded before Flop
Seat 4: MarkFitz76 folded before Flop (didn't bet)
Seat 5: __majkeL_102 collected ($0.12)
Seat 6: Ginnungagap7 folded before Flop (didn't bet)
Seat 7: Dorex2007 (button) folded before Flop (didn't bet)



PokerStars Hand #238738153920:  Hold'em No Limit ($0.02/$0.05 USD) - 2022/09/19 15:16:03 PT [2022/09/19 18:16:03 ET]
Table 'Kamenyar II' 9-max Seat #1 is the button
Seat 1: raika14 ($9.11 in chips) 
Seat 2: giuaraujo12 ($8.74 in chips) 
Seat 4: MarkFitz76 ($6.37 in chips) 
Seat 5: __majkeL_102 ($4.93 in chips) 
Seat 6: Ginnungagap7 ($4.89 in chips) 
Seat 7: Dorex2007 ($6.43 in chips) 
giuaraujo12: posts small blind $0.02
MarkFitz76: posts big blind $0.05
*** HOLE CARDS ***
Dealt to Dorex2007 [Js 9s]
__majkeL_102: folds 
Ginnungagap7: folds 
Dorex2007: folds 
raika14: raises $0.10 to $0.15
giuaraujo12: calls $0.13
MarkFitz76: folds 
*** FLOP *** [5d Ad 2d]
giuaraujo12: checks 
raika14: bets $0.24
giuaraujo12: calls $0.24
*** TURN *** [5d Ad 2d] [7h]
giuaraujo12: checks 
raika14: checks 
*** RIVER *** [5d Ad 2d 7h] [6h]
giuaraujo12: checks 
raika14: checks 
*** SHOW DOWN ***
giuaraujo12: shows [Jd Qc] (high card Ace)
raika14: shows [2s Ks] (a pair of Deuces)
raika14 collected $0.80 from pot
*** SUMMARY ***
Total pot $0.83 | Rake $0.03 
Board [5d Ad 2d 7h 6h]
Seat 1: raika14 (button) showed [2s Ks] and won ($0.80) with a pair of Deuces
Seat 2: giuaraujo12 (small blind) showed [Jd Qc] and lost with high card Ace
Seat 4: MarkFitz76 (big blind) folded before Flop
Seat 5: __majkeL_102 folded before Flop (didn't bet)
Seat 6: Ginnungagap7 folded before Flop (didn't bet)
Seat 7: Dorex2007 folded before Flop (didn't bet)



PokerStars Hand #238738170612:  Hold'em No Limit ($0.02/$0.05 USD) - 2022/09/19 15:16:49 PT [2022/09/19 18:16:49 ET]
Table 'Kamenyar II' 9-max Seat #2 is the button
Seat 1: raika14 ($9.52 in chips) 
Seat 2: giuaraujo12 ($8.35 in chips) 
Seat 4: MarkFitz76 ($6.32 in chips) 
Seat 5: __majkeL_102 ($4.93 in chips) 
Seat 6: Ginnungagap7 ($4.89 in chips) 
Seat 7: Dorex2007 ($6.43 in chips) 
MarkFitz76: posts small blind $0.02
__majkeL_102: posts big blind $0.05
*** HOLE CARDS ***
Dealt to Dorex2007 [Td 4c]
Ginnungagap7: raises $0.10 to $0.15
Dorex2007: folds 
raika14: folds 
giuaraujo12: folds 
MarkFitz76: folds 
__majkeL_102: folds 
Uncalled bet ($0.10) returned to Ginnungagap7
Ginnungagap7 collected $0.12 from pot
Ginnungagap7: doesn't show hand 
*** SUMMARY ***
Total pot $0.12 | Rake $0 
Seat 1: raika14 folded before Flop (didn't bet)
Seat 2: giuaraujo12 (button) folded before Flop (didn't bet)
Seat 4: MarkFitz76 (small blind) folded before Flop
Seat 5: __majkeL_102 (big blind) folded before Flop
Seat 6: Ginnungagap7 collected ($0.12)
Seat 7: Dorex2007 folded before Flop (didn't bet)



PokerStars Hand #238738178199:  Hold'em No Limit ($0.02/$0.05 USD) - 2022/09/19 15:17:11 PT [2022/09/19 18:17:11 ET]
Table 'Kamenyar II' 9-max Seat #4 is the button
Seat 1: raika14 ($9.52 in chips) 
Seat 2: giuaraujo12 ($8.35 in chips) 
Seat 4: MarkFitz76 ($6.30 in chips) 
Seat 5: __majkeL_102 ($4.88 in chips) 
Seat 6: Ginnungagap7 ($4.96 in chips) 
Seat 7: Dorex2007 ($6.43 in chips) 
__majkeL_102: posts small blind $0.02
Ginnungagap7: posts big blind $0.05
*** HOLE CARDS ***
Dealt to Dorex2007 [Tc 5d]
Dorex2007: folds 
raika14: folds 
giuaraujo12: raises $0.10 to $0.15
MarkFitz76: folds 
__majkeL_102: folds 
Ginnungagap7: folds 
Uncalled bet ($0.10) returned to giuaraujo12
giuaraujo12 collected $0.12 from pot
giuaraujo12: doesn't show hand 
*** SUMMARY ***
Total pot $0.12 | Rake $0 
Seat 1: raika14 folded before Flop (didn't bet)
Seat 2: giuaraujo12 collected ($0.12)
Seat 4: MarkFitz76 (button) folded before Flop (didn't bet)
Seat 5: __majkeL_102 (small blind) folded before Flop
Seat 6: Ginnungagap7 (big blind) folded before Flop
Seat 7: Dorex2007 folded before Flop (didn't bet)



PokerStars Hand #238738184055:  Hold'em No Limit ($0.02/$0.05 USD) - 2022/09/19 15:17:27 PT [2022/09/19 18:17:27 ET]
Table 'Kamenyar II' 9-max Seat #5 is the button
Seat 1: raika14 ($9.52 in chips) 
Seat 2: giuaraujo12 ($8.42 in chips) 
Seat 4: MarkFitz76 ($6.30 in chips) 
Seat 5: __majkeL_102 ($4.86 in chips) 
Seat 6: Ginnungagap7 ($4.91 in chips) 
Seat 7: Dorex2007 ($6.43 in chips) 
Ginnungagap7: posts small blind $0.02
Dorex2007: posts big blind $0.05
*** HOLE CARDS ***
Dealt to Dorex2007 [7h 9d]
raika14: folds 
giuaraujo12: folds 
MarkFitz76: folds 
__majkeL_102: folds 
Ginnungagap7: folds 
Uncalled bet ($0.03) returned to Dorex2007
Dorex2007 collected $0.04 from pot
Dorex2007: doesn't show hand 
*** SUMMARY ***
Total pot $0.04 | Rake $0 
Seat 1: raika14 folded before Flop (didn't bet)
Seat 2: giuaraujo12 folded before Flop (didn't bet)
Seat 4: MarkFitz76 folded before Flop (didn't bet)
Seat 5: __majkeL_102 (button) folded before Flop (didn't bet)
Seat 6: Ginnungagap7 (small blind) folded before Flop
Seat 7: Dorex2007 (big blind) collected ($0.04)



PokerStars Hand #238738186502:  Hold'em No Limit ($0.02/$0.05 USD) - 2022/09/19 15:17:34 PT [2022/09/19 18:17:34 ET]
Table 'Kamenyar II' 9-max Seat #6 is the button
Seat 1: raika14 ($9.52 in chips) 
Seat 2: giuaraujo12 ($8.42 in chips) 
Seat 4: MarkFitz76 ($6.30 in chips) 
Seat 5: __majkeL_102 ($4.86 in chips) 
Seat 6: Ginnungagap7 ($4.89 in chips) 
Seat 7: Dorex2007 ($6.45 in chips) 
Dorex2007: posts small blind $0.02
raika14: posts big blind $0.05
*** HOLE CARDS ***
Dealt to Dorex2007 [Tc 5h]
giuaraujo12: folds 
MarkFitz76: folds 
__majkeL_102: folds 
Ginnungagap7: folds 
Dorex2007: folds 
Uncalled bet ($0.03) returned to raika14
raika14 collected $0.04 from pot
raika14: doesn't show hand 
*** SUMMARY ***
Total pot $0.04 | Rake $0 
Seat 1: raika14 (big blind) collected ($0.04)
Seat 2: giuaraujo12 folded before Flop (didn't bet)
Seat 4: MarkFitz76 folded before Flop (didn't bet)
Seat 5: __majkeL_102 folded before Flop (didn't bet)
Seat 6: Ginnungagap7 (button) folded before Flop (didn't bet)
Seat 7: Dorex2007 (small blind) folded before Flop



PokerStars Hand #238738189550:  Hold'em No Limit ($0.02/$0.05 USD) - 2022/09/19 15:17:42 PT [2022/09/19 18:17:42 ET]
Table 'Kamenyar II' 9-max Seat #7 is the button
Seat 1: raika14 ($9.54 in chips) 
Seat 2: giuaraujo12 ($8.42 in chips) 
Seat 4: MarkFitz76 ($6.30 in chips) 
Seat 5: __majkeL_102 ($4.86 in chips) 
Seat 6: Ginnungagap7 ($4.89 in chips) 
Seat 7: Dorex2007 ($6.43 in chips) 
raika14: posts small blind $0.02
giuaraujo12: posts big blind $0.05
*** HOLE CARDS ***
Dealt to Dorex2007 [Jc 6s]
MarkFitz76: folds 
__majkeL_102: folds 
Ginnungagap7: folds 
Dorex2007: folds 
raika14: raises $0.10 to $0.15
giuaraujo12: calls $0.10
*** FLOP *** [9c 6c 9d]
raika14: checks 
giuaraujo12: bets $0.15
raika14: folds 
Uncalled bet ($0.15) returned to giuaraujo12
giuaraujo12 collected $0.29 from pot
giuaraujo12: doesn't show hand 
*** SUMMARY ***
Total pot $0.30 | Rake $0.01 
Board [9c 6c 9d]
Seat 1: raika14 (small blind) folded on the Flop
Seat 2: giuaraujo12 (big blind) collected ($0.29)
Seat 4: MarkFitz76 folded before Flop (didn't bet)
Seat 5: __majkeL_102 folded before Flop (didn't bet)
Seat 6: Ginnungagap7 folded before Flop (didn't bet)
Seat 7: Dorex2007 (button) folded before Flop (didn't bet)



PokerStars Hand #238738199841:  Hold'em No Limit ($0.02/$0.05 USD) - 2022/09/19 15:18:11 PT [2022/09/19 18:18:11 ET]
Table 'Kamenyar II' 9-max Seat #1 is the button
Seat 1: raika14 ($9.39 in chips) 
Seat 2: giuaraujo12 ($8.56 in chips) 
Seat 4: MarkFitz76 ($6.30 in chips) 
Seat 5: __majkeL_102 ($4.86 in chips) 
Seat 6: Ginnungagap7 ($4.89 in chips) 
Seat 7: Dorex2007 ($6.43 in chips) 
giuaraujo12: posts small blind $0.02
MarkFitz76: posts big blind $0.05
*** HOLE CARDS ***
Dealt to Dorex2007 [4c Tc]
__majkeL_102: folds 
Ginnungagap7: folds 
Dorex2007: folds 
raika14: raises $0.10 to $0.15
giuaraujo12: folds 
shtshot250 joins the table at seat #3 
MarkFitz76: calls $0.10
*** FLOP *** [5h 4s Kc]
MarkFitz76: checks 
raika14: checks 
*** TURN *** [5h 4s Kc] [8d]
NoLove93 joins the table at seat #9 
MarkFitz76: bets $0.16
raika14: folds 
Uncalled bet ($0.16) returned to MarkFitz76
MarkFitz76 collected $0.31 from pot
MarkFitz76: doesn't show hand 
*** SUMMARY ***
Total pot $0.32 | Rake $0.01 
Board [5h 4s Kc 8d]
Seat 1: raika14 (button) folded on the Turn
Seat 2: giuaraujo12 (small blind) folded before Flop
Seat 4: MarkFitz76 (big blind) collected ($0.31)
Seat 5: __majkeL_102 folded before Flop (didn't bet)
Seat 6: Ginnungagap7 folded before Flop (didn't bet)
Seat 7: Dorex2007 folded before Flop (didn't bet)



PokerStars Hand #238738216391:  Hold'em No Limit ($0.02/$0.05 USD) - 2022/09/19 15:18:57 PT [2022/09/19 18:18:57 ET]
Table 'Kamenyar II' 9-max Seat #2 is the button
Seat 1: raika14 ($9.24 in chips) 
Seat 2: giuaraujo12 ($8.54 in chips) 
Seat 4: MarkFitz76 ($6.46 in chips) 
Seat 6: Ginnungagap7 ($4.89 in chips) 
Seat 7: Dorex2007 ($6.43 in chips) 
Seat 9: NoLove93 ($5 in chips) 
MarkFitz76: posts small blind $0.02
Ginnungagap7: posts big blind $0.05
NoLove93: posts big blind $0.05
*** HOLE CARDS ***
Dealt to Dorex2007 [5d 8s]
Dorex2007: folds 
NoLove93: checks 
raika14: folds 
giuaraujo12: folds 
MarkFitz76: folds 
Ginnungagap7: checks 
*** FLOP *** [Kh 4d Td]
Ginnungagap7: checks 
NoLove93: checks 
*** TURN *** [Kh 4d Td] [9h]
Ginnungagap7: checks 
NoLove93: checks 
*** RIVER *** [Kh 4d Td 9h] [Qc]
Ginnungagap7: checks 
NoLove93: checks 
*** SHOW DOWN ***
Ginnungagap7: shows [Ac 2h] (high card Ace)
NoLove93: shows [Qh 7h] (a pair of Queens)
NoLove93 collected $0.12 from pot
*** SUMMARY ***
Total pot $0.12 | Rake $0 
Board [Kh 4d Td 9h Qc]
Seat 1: raika14 folded before Flop (didn't bet)
Seat 2: giuaraujo12 (button) folded before Flop (didn't bet)
Seat 4: MarkFitz76 (small blind) folded before Flop
Seat 6: Ginnungagap7 (big blind) showed [Ac 2h] and lost with high card Ace
Seat 7: Dorex2007 folded before Flop (didn't bet)
Seat 9: NoLove93 showed [Qh 7h] and won ($0.12) with a pair of Queens



PokerStars Hand #238738234345:  Hold'em No Limit ($0.02/$0.05 USD) - 2022/09/19 15:19:47 PT [2022/09/19 18:19:47 ET]
Table 'Kamenyar II' 9-max Seat #4 is the button
Seat 1: raika14 ($9.24 in chips) 
Seat 2: giuaraujo12 ($8.54 in chips) 
Seat 3: shtshot250 ($4 in chips) 
Seat 4: MarkFitz76 ($6.44 in chips) 
Seat 6: Ginnungagap7 ($4.84 in chips) 
Seat 7: Dorex2007 ($6.43 in chips) 
Seat 9: NoLove93 ($5.07 in chips) 
Ginnungagap7: posts small blind $0.02
Dorex2007: posts big blind $0.05
shtshot250: posts big blind $0.05
*** HOLE CARDS ***
Dealt to Dorex2007 [5c Js]
NoLove93 has timed out
NoLove93: folds 
raika14: folds 
giuaraujo12: folds 
shtshot250: checks 
MarkFitz76: folds 
Ginnungagap7: folds 
Dorex2007: checks 
*** FLOP *** [Ad 6s 7d]
Dorex2007: checks 
shtshot250: checks 
*** TURN *** [Ad 6s 7d] [Ts]
Dorex2007: checks 
shtshot250: checks 
*** RIVER *** [Ad 6s 7d Ts] [2s]
Dorex2007: checks 
shtshot250: checks 
*** SHOW DOWN ***
Dorex2007: shows [5c Js] (high card Ace)
shtshot250: shows [3c Qc] (high card Ace - Queen kicker)
shtshot250 collected $0.12 from pot
*** SUMMARY ***
Total pot $0.12 | Rake $0 
Board [Ad 6s 7d Ts 2s]
Seat 1: raika14 folded before Flop (didn't bet)
Seat 2: giuaraujo12 folded before Flop (didn't bet)
Seat 3: shtshot250 showed [3c Qc] and won ($0.12) with high card Ace
Seat 4: MarkFitz76 (button) folded before Flop (didn't bet)
Seat 6: Ginnungagap7 (small blind) folded before Flop
Seat 7: Dorex2007 (big blind) showed [5c Js] and lost with high card Ace
Seat 9: NoLove93 folded before Flop (didn't bet)



PokerStars Hand #238738245749:  Hold'em No Limit ($0.02/$0.05 USD) - 2022/09/19 15:20:19 PT [2022/09/19 18:20:19 ET]
Table 'Kamenyar II' 9-max Seat #6 is the button
Seat 1: raika14 ($9.24 in chips) 
Seat 2: giuaraujo12 ($8.54 in chips) 
Seat 3: shtshot250 ($4.07 in chips) 
Seat 4: MarkFitz76 ($6.44 in chips) 
Seat 6: Ginnungagap7 ($4.82 in chips) 
Seat 7: Dorex2007 ($6.38 in chips) 
Seat 9: NoLove93 ($5.07 in chips) 
Dorex2007: posts small blind $0.02
NoLove93: posts big blind $0.05
*** HOLE CARDS ***
Dealt to Dorex2007 [7c 9s]
raika14: folds 
giuaraujo12: folds 
shtshot250: raises $0.12 to $0.17
MarkFitz76: folds 
Ginnungagap7: folds 
Dorex2007: folds 
NoLove93: folds 
Uncalled bet ($0.12) returned to shtshot250
shtshot250 collected $0.12 from pot
Edybundea2 leaves the table
shtshot250: doesn't show hand 
*** SUMMARY ***
Total pot $0.12 | Rake $0 
Seat 1: raika14 folded before Flop (didn't bet)
Seat 2: giuaraujo12 folded before Flop (didn't bet)
Seat 3: shtshot250 collected ($0.12)
Seat 4: MarkFitz76 folded before Flop (didn't bet)
Seat 6: Ginnungagap7 (button) folded before Flop (didn't bet)
Seat 7: Dorex2007 (small blind) folded before Flop
Seat 9: NoLove93 (big blind) folded before Flop



PokerStars Hand #238738253287:  Hold'em No Limit ($0.02/$0.05 USD) - 2022/09/19 15:20:40 PT [2022/09/19 18:20:40 ET]
Table 'Kamenyar II' 9-max Seat #7 is the button
Seat 1: raika14 ($9.24 in chips) 
Seat 2: giuaraujo12 ($8.54 in chips) 
Seat 3: shtshot250 ($4.14 in chips) 
Seat 4: MarkFitz76 ($6.44 in chips) 
Seat 6: Ginnungagap7 ($4.82 in chips) 
Seat 7: Dorex2007 ($6.36 in chips) 
Seat 9: NoLove93 ($5.02 in chips) 
NoLove93: posts small blind $0.02
raika14: posts big blind $0.05
*** HOLE CARDS ***
Dealt to Dorex2007 [Tc 7s]
giuaraujo12: folds 
shtshot250: folds 
MarkFitz76: folds 
Ginnungagap7: raises $0.10 to $0.15
Dorex2007: folds 
NoLove93: folds 
raika14: calls $0.10
*** FLOP *** [Qh 8s 8h]
raika14: checks 
Ginnungagap7: bets $0.23
raika14: folds 
Uncalled bet ($0.23) returned to Ginnungagap7
Ginnungagap7 collected $0.31 from pot
Ginnungagap7: doesn't show hand 
*** SUMMARY ***
Total pot $0.32 | Rake $0.01 
Board [Qh 8s 8h]
Seat 1: raika14 (big blind) folded on the Flop
Seat 2: giuaraujo12 folded before Flop (didn't bet)
Seat 3: shtshot250 folded before Flop (didn't bet)
Seat 4: MarkFitz76 folded before Flop (didn't bet)
Seat 6: Ginnungagap7 collected ($0.31)
Seat 7: Dorex2007 (button) folded before Flop (didn't bet)
Seat 9: NoLove93 (small blind) folded before Flop



PokerStars Hand #238738265035:  Hold'em No Limit ($0.02/$0.05 USD) - 2022/09/19 15:21:13 PT [2022/09/19 18:21:13 ET]
Table 'Kamenyar II' 9-max Seat #9 is the button
Seat 1: raika14 ($9.09 in chips) 
Seat 2: giuaraujo12 ($8.54 in chips) 
Seat 3: shtshot250 ($4.14 in chips) 
Seat 4: MarkFitz76 ($6.44 in chips) 
Seat 6: Ginnungagap7 ($4.98 in chips) 
Seat 7: Dorex2007 ($6.36 in chips) 
Seat 9: NoLove93 ($5 in chips) 
raika14: posts small blind $0.02
giuaraujo12: posts big blind $0.05
*** HOLE CARDS ***
Dealt to Dorex2007 [2d 2c]
shtshot250: calls $0.05
MarkFitz76: folds 
Ginnungagap7: folds 
Dorex2007: calls $0.05
NoLove93: folds 
raika14: folds 
giuaraujo12: checks 
*** FLOP *** [Ad 9c As]
giuaraujo12: checks 
shtshot250: checks 
Dorex2007: checks 
*** TURN *** [Ad 9c As] [Td]
KetroGG joins the table at seat #8 
giuaraujo12: checks 
shtshot250: checks 
Dorex2007: checks 
*** RIVER *** [Ad 9c As Td] [Kh]
giuaraujo12: checks 
shtshot250: bets $0.20
Dorex2007: folds 
giuaraujo12: folds 
Uncalled bet ($0.20) returned to shtshot250
shtshot250 collected $0.16 from pot
shtshot250: doesn't show hand 
*** SUMMARY ***
Total pot $0.17 | Rake $0.01 
Board [Ad 9c As Td Kh]
Seat 1: raika14 (small blind) folded before Flop
Seat 2: giuaraujo12 (big blind) folded on the River
Seat 3: shtshot250 collected ($0.16)
Seat 4: MarkFitz76 folded before Flop (didn't bet)
Seat 6: Ginnungagap7 folded before Flop (didn't bet)
Seat 7: Dorex2007 folded on the River
Seat 9: NoLove93 (button) folded before Flop (didn't bet)



PokerStars Hand #238738278766:  Hold'em No Limit ($0.02/$0.05 USD) - 2022/09/19 15:21:53 PT [2022/09/19 18:21:53 ET]
Table 'Kamenyar II' 9-max Seat #1 is the button
Seat 1: raika14 ($9.07 in chips) 
Seat 2: giuaraujo12 ($8.49 in chips) 
Seat 3: shtshot250 ($4.25 in chips) 
Seat 4: MarkFitz76 ($6.44 in chips) 
Seat 6: Ginnungagap7 ($4.98 in chips) 
Seat 7: Dorex2007 ($6.31 in chips) 
Seat 9: NoLove93 ($5 in chips) 
giuaraujo12: posts small blind $0.02
shtshot250: posts big blind $0.05
KetroGG: sits out 
*** HOLE CARDS ***
Dealt to Dorex2007 [Kc 6d]
MarkFitz76: raises $0.10 to $0.15
Ginnungagap7: folds 
Dorex2007: folds 
NoLove93: folds 
raika14: folds 
giuaraujo12: folds 
shtshot250: folds 
Uncalled bet ($0.10) returned to MarkFitz76
MarkFitz76 collected $0.12 from pot
MarkFitz76: doesn't show hand 
*** SUMMARY ***
Total pot $0.12 | Rake $0 
Seat 1: raika14 (button) folded before Flop (didn't bet)
Seat 2: giuaraujo12 (small blind) folded before Flop
Seat 3: shtshot250 (big blind) folded before Flop
Seat 4: MarkFitz76 collected ($0.12)
Seat 6: Ginnungagap7 folded before Flop (didn't bet)
Seat 7: Dorex2007 folded before Flop (didn't bet)
Seat 9: NoLove93 folded before Flop (didn't bet)



PokerStars Hand #238738283631:  Hold'em No Limit ($0.02/$0.05 USD) - 2022/09/19 15:22:06 PT [2022/09/19 18:22:06 ET]
Table 'Kamenyar II' 9-max Seat #2 is the button
Seat 1: raika14 ($9.07 in chips) 
Seat 2: giuaraujo12 ($8.47 in chips) 
Seat 3: shtshot250 ($4.20 in chips) 
Seat 6: Ginnungagap7 ($4.98 in chips) 
Seat 7: Dorex2007 ($6.31 in chips) 
Seat 9: NoLove93 ($5 in chips) 
shtshot250: posts small blind $0.02
MarkFitz76: is sitting out 
Ginnungagap7: posts big blind $0.05
KetroGG: sits out 
*** HOLE CARDS ***
Dealt to Dorex2007 [2d 2c]
Dorex2007: calls $0.05
MarkFitz76 leaves the table
NoLove93: folds 
raika14: raises $0.10 to $0.15
giuaraujo12: folds 
shtshot250: folds 
Ginnungagap7: folds 
Dorex2007: folds 
Uncalled bet ($0.10) returned to raika14
raika14 collected $0.17 from pot
raika14: doesn't show hand 
*** SUMMARY ***
Total pot $0.17 | Rake $0 
Seat 1: raika14 collected ($0.17)
Seat 2: giuaraujo12 (button) folded before Flop (didn't bet)
Seat 3: shtshot250 (small blind) folded before Flop
Seat 6: Ginnungagap7 (big blind) folded before Flop
Seat 7: Dorex2007 folded before Flop
Seat 9: NoLove93 folded before Flop (didn't bet)



PokerStars Hand #238738290609:  Hold'em No Limit ($0.02/$0.05 USD) - 2022/09/19 15:22:26 PT [2022/09/19 18:22:26 ET]
Table 'Kamenyar II' 9-max Seat #3 is the button
Seat 1: raika14 ($9.19 in chips) 
Seat 2: giuaraujo12 ($8.47 in chips) 
Seat 3: shtshot250 ($4.18 in chips) 
Seat 6: Ginnungagap7 ($4.93 in chips) 
Seat 7: Dorex2007 ($6.26 in chips) 
Seat 9: NoLove93 ($5 in chips) 
Ginnungagap7: posts small blind $0.02
Dorex2007: posts big blind $0.05
KetroGG: sits out 
*** HOLE CARDS ***
Dealt to Dorex2007 [6c Ah]
NoLove93: raises $0.07 to $0.12
raika14: folds 
giuaraujo12: raises $0.18 to $0.30
shtshot250: folds 
Ginnungagap7: folds 
Dorex2007: folds 
NoLove93: raises $0.75 to $1.05
giuaraujo12: raises $7.42 to $8.47 and is all-in
NoLove93: calls $3.95 and is all-in
Uncalled bet ($3.47) returned to giuaraujo12
*** FLOP *** [Qh 5s 4c]
*** TURN *** [Qh 5s 4c] [6d]
*** RIVER *** [Qh 5s 4c 6d] [8h]
*** SHOW DOWN ***
NoLove93: shows [Ac As] (a pair of Aces)
giuaraujo12: shows [Ks Kd] (a pair of Kings)
NoLove93 collected $9.65 from pot
*** SUMMARY ***
Total pot $10.07 | Rake $0.42 
Board [Qh 5s 4c 6d 8h]
Seat 1: raika14 folded before Flop (didn't bet)
Seat 2: giuaraujo12 showed [Ks Kd] and lost with a pair of Kings
Seat 3: shtshot250 (button) folded before Flop (didn't bet)
Seat 6: Ginnungagap7 (small blind) folded before Flop
Seat 7: Dorex2007 (big blind) folded before Flop
Seat 9: NoLove93 showed [Ac As] and won ($9.65) with a pair of Aces



PokerStars Hand #238738302096:  Hold'em No Limit ($0.02/$0.05 USD) - 2022/09/19 15:22:59 PT [2022/09/19 18:22:59 ET]
Table 'Kamenyar II' 9-max Seat #6 is the button
Seat 1: raika14 ($9.19 in chips) 
Seat 2: giuaraujo12 ($3.47 in chips) 
Seat 3: shtshot250 ($4.18 in chips) 
Seat 5: __majkeL_102 ($4.86 in chips) 
Seat 6: Ginnungagap7 ($4.91 in chips) 
Seat 7: Dorex2007 ($6.21 in chips) 
Seat 8: KetroGG ($5 in chips) 
Seat 9: NoLove93 ($9.65 in chips) 
Dorex2007: posts small blind $0.02
KetroGG: posts big blind $0.05
__majkeL_102: posts small & big blinds $0.07
*** HOLE CARDS ***
Dealt to Dorex2007 [Ah Kc]
NoLove93: folds 
raika14: raises $0.10 to $0.15
giuaraujo12 is disconnected 
Kevin.Z132 joins the table at seat #4 
giuaraujo12 has timed out while disconnected
giuaraujo12: folds 
shtshot250: folds 
__majkeL_102: calls $0.10
Ginnungagap7: folds 
Dorex2007: raises $0.52 to $0.67
KetroGG: folds 
raika14: calls $0.52
__majkeL_102: folds 
*** FLOP *** [Qc 6h 7d]
Dorex2007: bets $0.75
raika14: folds 
Uncalled bet ($0.75) returned to Dorex2007
Dorex2007 collected $1.50 from pot
Dorex2007: doesn't show hand 
*** SUMMARY ***
Total pot $1.56 | Rake $0.06 
Board [Qc 6h 7d]
Seat 1: raika14 folded on the Flop
Seat 2: giuaraujo12 folded before Flop (didn't bet)
Seat 3: shtshot250 folded before Flop (didn't bet)
Seat 5: __majkeL_102 folded before Flop
Seat 6: Ginnungagap7 (button) folded before Flop (didn't bet)
Seat 7: Dorex2007 (small blind) collected ($1.50)
Seat 8: KetroGG (big blind) folded before Flop
Seat 9: NoLove93 folded before Flop (didn't bet)



PokerStars Hand #238738321336:  Hold'em No Limit ($0.02/$0.05 USD) - 2022/09/19 15:23:54 PT [2022/09/19 18:23:54 ET]
Table 'Kamenyar II' 9-max Seat #7 is the button
Seat 1: raika14 ($8.52 in chips) 
Seat 3: shtshot250 ($4.18 in chips) 
Seat 4: Kevin.Z132 ($4.97 in chips) 
Seat 5: __majkeL_102 ($5 in chips) 
Seat 6: Ginnungagap7 ($4.91 in chips) 
Seat 7: Dorex2007 ($7.04 in chips) 
Seat 8: KetroGG ($4.95 in chips) 
Seat 9: NoLove93 ($9.65 in chips) 
KetroGG: posts small blind $0.02
NoLove93: posts big blind $0.05
Kevin.Z132: posts big blind $0.05
*** HOLE CARDS ***
Dealt to Dorex2007 [Th 3c]
raika14: folds 
shtshot250: folds 
Kevin.Z132: checks 
__majkeL_102: folds 
Ginnungagap7: folds 
Dorex2007: folds 
KetroGG: folds 
NoLove93: raises $0.20 to $0.25
Kevin.Z132: folds 
Uncalled bet ($0.20) returned to NoLove93
NoLove93 collected $0.12 from pot
*** SUMMARY ***
Total pot $0.12 | Rake $0 
Seat 1: raika14 folded before Flop (didn't bet)
Seat 3: shtshot250 folded before Flop (didn't bet)
Seat 4: Kevin.Z132 folded before Flop (didn't bet)
Seat 5: __majkeL_102 folded before Flop (didn't bet)
Seat 6: Ginnungagap7 folded before Flop (didn't bet)
Seat 7: Dorex2007 (button) folded before Flop (didn't bet)
Seat 8: KetroGG (small blind) folded before Flop
Seat 9: NoLove93 (big blind) collected ($0.12)



PokerStars Hand #238738328973:  Hold'em No Limit ($0.02/$0.05 USD) - 2022/09/19 15:24:16 PT [2022/09/19 18:24:16 ET]
Table 'Kamenyar II' 9-max Seat #8 is the button
Seat 1: raika14 ($8.52 in chips) 
Seat 3: shtshot250 ($4.18 in chips) 
Seat 4: Kevin.Z132 ($4.92 in chips) 
Seat 5: __majkeL_102 ($5 in chips) 
Seat 6: Ginnungagap7 ($4.91 in chips) 
Seat 7: Dorex2007 ($7.04 in chips) 
Seat 8: KetroGG ($4.93 in chips) 
Seat 9: NoLove93 ($9.72 in chips) 
NoLove93: posts small blind $0.02
raika14: posts big blind $0.05
*** HOLE CARDS ***
Dealt to Dorex2007 [8d Kh]
shtshot250: calls $0.05
Kevin.Z132: folds 
__majkeL_102: folds 
Ginnungagap7: folds 
Dorex2007: folds 
KetroGG: folds 
NoLove93: folds 
raika14: checks 
*** FLOP *** [As Tc 5d]
raika14: checks 
shtshot250: bets $0.12
raika14: folds 
Uncalled bet ($0.12) returned to shtshot250
shtshot250 collected $0.12 from pot
shtshot250: doesn't show hand 
*** SUMMARY ***
Total pot $0.12 | Rake $0 
Board [As Tc 5d]
Seat 1: raika14 (big blind) folded on the Flop
Seat 3: shtshot250 collected ($0.12)
Seat 4: Kevin.Z132 folded before Flop (didn't bet)
Seat 5: __majkeL_102 folded before Flop (didn't bet)
Seat 6: Ginnungagap7 folded before Flop (didn't bet)
Seat 7: Dorex2007 folded before Flop (didn't bet)
Seat 8: KetroGG (button) folded before Flop (didn't bet)
Seat 9: NoLove93 (small blind) folded before Flop



PokerStars Hand #238738337280:  Hold'em No Limit ($0.02/$0.05 USD) - 2022/09/19 15:24:40 PT [2022/09/19 18:24:40 ET]
Table 'Kamenyar II' 9-max Seat #9 is the button
Seat 1: raika14 ($8.47 in chips) 
Seat 3: shtshot250 ($4.25 in chips) 
Seat 4: Kevin.Z132 ($4.92 in chips) 
Seat 5: __majkeL_102 ($5 in chips) 
Seat 6: Ginnungagap7 ($4.91 in chips) 
Seat 7: Dorex2007 ($7.04 in chips) 
Seat 8: KetroGG ($4.93 in chips) 
Seat 9: NoLove93 ($9.70 in chips) 
raika14: posts small blind $0.02
shtshot250: posts big blind $0.05
*** HOLE CARDS ***
Dealt to Dorex2007 [4c Qc]
Kevin.Z132: folds 
__majkeL_102: folds 
Ginnungagap7: raises $0.12 to $0.17
Dorex2007: folds 
KetroGG: folds 
NoLove93: folds 
raika14: folds 
shtshot250: folds 
Uncalled bet ($0.12) returned to Ginnungagap7
Ginnungagap7 collected $0.12 from pot
Ginnungagap7: doesn't show hand 
*** SUMMARY ***
Total pot $0.12 | Rake $0 
Seat 1: raika14 (small blind) folded before Flop
Seat 3: shtshot250 (big blind) folded before Flop
Seat 4: Kevin.Z132 folded before Flop (didn't bet)
Seat 5: __majkeL_102 folded before Flop (didn't bet)
Seat 6: Ginnungagap7 collected ($0.12)
Seat 7: Dorex2007 folded before Flop (didn't bet)
Seat 8: KetroGG folded before Flop (didn't bet)
Seat 9: NoLove93 (button) folded before Flop (didn't bet)



PokerStars Hand #238738343115:  Hold'em No Limit ($0.02/$0.05 USD) - 2022/09/19 15:24:57 PT [2022/09/19 18:24:57 ET]
Table 'Kamenyar II' 9-max Seat #1 is the button
Seat 1: raika14 ($8.45 in chips) 
Seat 3: shtshot250 ($4.20 in chips) 
Seat 4: Kevin.Z132 ($4.92 in chips) 
Seat 5: __majkeL_102 ($5 in chips) 
Seat 6: Ginnungagap7 ($4.98 in chips) 
Seat 7: Dorex2007 ($7.04 in chips) 
Seat 8: KetroGG ($4.93 in chips) 
Seat 9: NoLove93 ($9.70 in chips) 
shtshot250: posts small blind $0.02
Kevin.Z132: posts big blind $0.05
*** HOLE CARDS ***
Dealt to Dorex2007 [7d 9d]
__majkeL_102: folds 
Ginnungagap7: folds 
Dorex2007: folds 
KetroGG: raises $0.10 to $0.15
NoLove93: folds 
raika14: folds 
shtshot250: folds 
Kevin.Z132: folds 
Uncalled bet ($0.10) returned to KetroGG
KetroGG collected $0.12 from pot
KetroGG: doesn't show hand 
*** SUMMARY ***
Total pot $0.12 | Rake $0 
Seat 1: raika14 (button) folded before Flop (didn't bet)
Seat 3: shtshot250 (small blind) folded before Flop
Seat 4: Kevin.Z132 (big blind) folded before Flop
Seat 5: __majkeL_102 folded before Flop (didn't bet)
Seat 6: Ginnungagap7 folded before Flop (didn't bet)
Seat 7: Dorex2007 folded before Flop (didn't bet)
Seat 8: KetroGG collected ($0.12)
Seat 9: NoLove93 folded before Flop (didn't bet)



PokerStars Hand #238738348647:  Hold'em No Limit ($0.02/$0.05 USD) - 2022/09/19 15:25:13 PT [2022/09/19 18:25:13 ET]
Table 'Kamenyar II' 9-max Seat #3 is the button
Seat 1: raika14 ($8.45 in chips) 
Seat 3: shtshot250 ($4.18 in chips) 
Seat 4: Kevin.Z132 ($4.87 in chips) 
Seat 5: __majkeL_102 ($5 in chips) 
Seat 6: Ginnungagap7 ($4.98 in chips) 
Seat 7: Dorex2007 ($7.04 in chips) 
Seat 8: KetroGG ($5 in chips) 
Seat 9: NoLove93 ($9.70 in chips) 
Kevin.Z132: posts small blind $0.02
__majkeL_102: posts big blind $0.05
*** HOLE CARDS ***
Dealt to Dorex2007 [6h Qd]
Ginnungagap7: raises $0.10 to $0.15
Dorex2007: folds 
KetroGG: folds 
NoLove93: folds 
raika14: folds 
shtshot250: folds 
Kevin.Z132: folds 
__majkeL_102: calls $0.10
*** FLOP *** [8d 2c 3d]
__majkeL_102: checks 
Ginnungagap7: bets $0.23
__majkeL_102: folds 
Uncalled bet ($0.23) returned to Ginnungagap7
Ginnungagap7 collected $0.31 from pot
Ginnungagap7: doesn't show hand 
*** SUMMARY ***
Total pot $0.32 | Rake $0.01 
Board [8d 2c 3d]
Seat 1: raika14 folded before Flop (didn't bet)
Seat 3: shtshot250 (button) folded before Flop (didn't bet)
Seat 4: Kevin.Z132 (small blind) folded before Flop
Seat 5: __majkeL_102 (big blind) folded on the Flop
Seat 6: Ginnungagap7 collected ($0.31)
Seat 7: Dorex2007 folded before Flop (didn't bet)
Seat 8: KetroGG folded before Flop (didn't bet)
Seat 9: NoLove93 folded before Flop (didn't bet)



PokerStars Hand #238738359417:  Hold'em No Limit ($0.02/$0.05 USD) - 2022/09/19 15:25:43 PT [2022/09/19 18:25:43 ET]
Table 'Kamenyar II' 9-max Seat #4 is the button
Seat 1: raika14 ($8.45 in chips) 
Seat 3: shtshot250 ($4.18 in chips) 
Seat 4: Kevin.Z132 ($4.85 in chips) 
Seat 5: __majkeL_102 ($4.85 in chips) 
Seat 6: Ginnungagap7 ($5.14 in chips) 
Seat 7: Dorex2007 ($7.04 in chips) 
Seat 8: KetroGG ($5 in chips) 
Seat 9: NoLove93 ($9.70 in chips) 
__majkeL_102: posts small blind $0.02
Ginnungagap7: posts big blind $0.05
*** HOLE CARDS ***
Dealt to Dorex2007 [Js 5s]
Dorex2007: folds 
KetroGG: folds 
NoLove93: raises $0.07 to $0.12
raika14: folds 
shtshot250: folds 
Kevin.Z132: calls $0.12
__majkeL_102: folds 
Ginnungagap7: folds 
*** FLOP *** [3d 2h 2c]
NoLove93: bets $0.16
Kevin.Z132: calls $0.16
*** TURN *** [3d 2h 2c] [2d]
NoLove93: bets $0.46
Kevin.Z132: calls $0.46
*** RIVER *** [3d 2h 2c 2d] [9h]
NoLove93: checks 
Kevin.Z132: checks 
*** SHOW DOWN ***
NoLove93: shows [8c 8d] (a full house, Deuces full of Eights)
Kevin.Z132: mucks hand 
NoLove93 collected $1.49 from pot
*** SUMMARY ***
Total pot $1.55 | Rake $0.06 
Board [3d 2h 2c 2d 9h]
Seat 1: raika14 folded before Flop (didn't bet)
Seat 3: shtshot250 folded before Flop (didn't bet)
Seat 4: Kevin.Z132 (button) mucked [Ad Ts]
Seat 5: __majkeL_102 (small blind) folded before Flop
Seat 6: Ginnungagap7 (big blind) folded before Flop
Seat 7: Dorex2007 folded before Flop (didn't bet)
Seat 8: KetroGG folded before Flop (didn't bet)
Seat 9: NoLove93 showed [8c 8d] and won ($1.49) with a full house, Deuces full of Eights



PokerStars Hand #238738373680:  Hold'em No Limit ($0.02/$0.05 USD) - 2022/09/19 15:26:25 PT [2022/09/19 18:26:25 ET]
Table 'Kamenyar II' 9-max Seat #5 is the button
Seat 1: raika14 ($8.45 in chips) 
Seat 3: shtshot250 ($4.18 in chips) 
Seat 4: Kevin.Z132 ($4.11 in chips) 
Seat 5: __majkeL_102 ($4.83 in chips) 
Seat 6: Ginnungagap7 ($5.09 in chips) 
Seat 7: Dorex2007 ($7.04 in chips) 
Seat 8: KetroGG ($5 in chips) 
Seat 9: NoLove93 ($10.45 in chips) 
Ginnungagap7: posts small blind $0.02
Dorex2007: posts big blind $0.05
*** HOLE CARDS ***
Dealt to Dorex2007 [Ah Js]
KetroGG: folds 
NoLove93: folds 
raika14: folds 
shtshot250: calls $0.05
Kevin.Z132: folds 
__majkeL_102: folds 
Ginnungagap7: folds 
Dorex2007: raises $0.05 to $0.10
shtshot250: calls $0.05
*** FLOP *** [4d Ad 2c]
Dorex2007: bets $0.14
shtshot250: calls $0.14
*** TURN *** [4d Ad 2c] [8h]
Dorex2007: checks 
shtshot250: bets $0.48
Dorex2007: calls $0.48
*** RIVER *** [4d Ad 2c 8h] [5s]
Dorex2007: checks 
shtshot250: bets $1.40
Dorex2007: calls $1.40
*** SHOW DOWN ***
shtshot250: shows [7s 3s] (a straight, Ace to Five)
Dorex2007: mucks hand 
shtshot250 collected $4.08 from pot
*** SUMMARY ***
Total pot $4.26 | Rake $0.18 
Board [4d Ad 2c 8h 5s]
Seat 1: raika14 folded before Flop (didn't bet)
Seat 3: shtshot250 showed [7s 3s] and won ($4.08) with a straight, Ace to Five
Seat 4: Kevin.Z132 folded before Flop (didn't bet)
Seat 5: __majkeL_102 (button) folded before Flop (didn't bet)
Seat 6: Ginnungagap7 (small blind) folded before Flop
Seat 7: Dorex2007 (big blind) mucked [Ah Js]
Seat 8: KetroGG folded before Flop (didn't bet)
Seat 9: NoLove93 folded before Flop (didn't bet)



PokerStars Hand #238738389568:  Hold'em No Limit ($0.02/$0.05 USD) - 2022/09/19 15:27:10 PT [2022/09/19 18:27:10 ET]
Table 'Kamenyar II' 9-max Seat #6 is the button
Seat 1: raika14 ($8.45 in chips) 
Seat 3: shtshot250 ($6.14 in chips) 
Seat 4: Kevin.Z132 ($4.11 in chips) 
Seat 5: __majkeL_102 ($5 in chips) 
Seat 6: Ginnungagap7 ($5.07 in chips) 
Seat 7: Dorex2007 ($5 in chips) 
Seat 8: KetroGG ($5 in chips) 
Seat 9: NoLove93 ($10.45 in chips) 
Dorex2007: posts small blind $0.02
KetroGG: posts big blind $0.05
*** HOLE CARDS ***
Dealt to Dorex2007 [8c 6h]
NoLove93: folds 
raika14: folds 
shtshot250: folds 
Kevin.Z132: calls $0.05
__majkeL_102: folds 
Ginnungagap7: folds 
Dorex2007: folds 
KetroGG: raises $0.12 to $0.17
Kevin.Z132: folds 
Uncalled bet ($0.12) returned to KetroGG
KetroGG collected $0.12 from pot
KetroGG: doesn't show hand 
*** SUMMARY ***
Total pot $0.12 | Rake $0 
Seat 1: raika14 folded before Flop (didn't bet)
Seat 3: shtshot250 folded before Flop (didn't bet)
Seat 4: Kevin.Z132 folded before Flop
Seat 5: __majkeL_102 folded before Flop (didn't bet)
Seat 6: Ginnungagap7 (button) folded before Flop (didn't bet)
Seat 7: Dorex2007 (small blind) folded before Flop
Seat 8: KetroGG (big blind) collected ($0.12)
Seat 9: NoLove93 folded before Flop (didn't bet)



PokerStars Hand #238738400703:  Hold'em No Limit ($0.02/$0.05 USD) - 2022/09/19 15:27:42 PT [2022/09/19 18:27:42 ET]
Table 'Kamenyar II' 9-max Seat #7 is the button
Seat 1: raika14 ($8.45 in chips) 
Seat 4: Kevin.Z132 ($4.06 in chips) 
Seat 5: __majkeL_102 ($5 in chips) 
Seat 6: Ginnungagap7 ($5.07 in chips) 
Seat 7: Dorex2007 ($5 in chips) 
Seat 8: KetroGG ($5.07 in chips) 
Seat 9: NoLove93 ($10.45 in chips) 
KetroGG: posts small blind $0.02
NoLove93: posts big blind $0.05
*** HOLE CARDS ***
Dealt to Dorex2007 [Ad 7d]
raika14: folds 
Kevin.Z132: folds 
__majkeL_102: folds 
Ginnungagap7: folds 
Dorex2007: calls $0.05
KetroGG: calls $0.03
NoLove93: checks 
*** FLOP *** [2d 9c Jh]
KetroGG: bets $0.09
NoLove93: folds 
Dorex2007: folds 
Uncalled bet ($0.09) returned to KetroGG
KetroGG collected $0.14 from pot
KetroGG: doesn't show hand 
*** SUMMARY ***
Total pot $0.15 | Rake $0.01 
Board [2d 9c Jh]
Seat 1: raika14 folded before Flop (didn't bet)
Seat 4: Kevin.Z132 folded before Flop (didn't bet)
Seat 5: __majkeL_102 folded before Flop (didn't bet)
Seat 6: Ginnungagap7 folded before Flop (didn't bet)
Seat 7: Dorex2007 (button) folded on the Flop
Seat 8: KetroGG (small blind) collected ($0.14)
Seat 9: NoLove93 (big blind) folded on the Flop



PokerStars Hand #238738414260:  Hold'em No Limit ($0.02/$0.05 USD) - 2022/09/19 15:28:22 PT [2022/09/19 18:28:22 ET]
Table 'Kamenyar II' 9-max Seat #8 is the button
Seat 4: Kevin.Z132 ($4.06 in chips) 
Seat 5: __majkeL_102 ($5 in chips) 
Seat 6: Ginnungagap7 ($5.07 in chips) 
Seat 7: Dorex2007 ($5 in chips) 
Seat 8: KetroGG ($5.16 in chips) 
Seat 9: NoLove93 ($10.40 in chips) 
NoLove93: posts small blind $0.02
raika14: is sitting out 
Kevin.Z132: posts big blind $0.05
*** HOLE CARDS ***
Dealt to Dorex2007 [3c 9d]
raika14 leaves the table
__majkeL_102: folds 
Ginnungagap7: folds 
Dorex2007: folds 
KetroGG: folds 
NoLove93: raises $0.10 to $0.15
Kevin.Z132: calls $0.10
*** FLOP *** [4c Kd Kc]
NoLove93: bets $0.16
Kevin.Z132: folds 
Uncalled bet ($0.16) returned to NoLove93
NoLove93 collected $0.29 from pot
*** SUMMARY ***
Total pot $0.30 | Rake $0.01 
Board [4c Kd Kc]
Seat 4: Kevin.Z132 (big blind) folded on the Flop
Seat 5: __majkeL_102 folded before Flop (didn't bet)
Seat 6: Ginnungagap7 folded before Flop (didn't bet)
Seat 7: Dorex2007 folded before Flop (didn't bet)
Seat 8: KetroGG (button) folded before Flop (didn't bet)
Seat 9: NoLove93 (small blind) collected ($0.29)



PokerStars Hand #238738422100:  Hold'em No Limit ($0.02/$0.05 USD) - 2022/09/19 15:28:44 PT [2022/09/19 18:28:44 ET]
Table 'Kamenyar II' 9-max Seat #4 is the button
Seat 4: Kevin.Z132 ($3.91 in chips) 
Seat 5: __majkeL_102 ($5 in chips) 
Seat 6: Ginnungagap7 ($5.07 in chips) 
Seat 7: Dorex2007 ($5 in chips) 
Seat 8: KetroGG ($5.16 in chips) 
__majkeL_102: posts small blind $0.02
Ginnungagap7: posts big blind $0.05
*** HOLE CARDS ***
Dealt to Dorex2007 [Ks 8d]
NoLove93 leaves the table
Dorex2007: folds 
KetroGG: folds 
Kevin.Z132: folds 
__majkeL_102: folds 
Uncalled bet ($0.03) returned to Ginnungagap7
Ginnungagap7 collected $0.04 from pot
*** SUMMARY ***
Total pot $0.04 | Rake $0 
Seat 4: Kevin.Z132 (button) folded before Flop (didn't bet)
Seat 5: __majkeL_102 (small blind) folded before Flop
Seat 6: Ginnungagap7 (big blind) collected ($0.04)
Seat 7: Dorex2007 folded before Flop (didn't bet)
Seat 8: KetroGG folded before Flop (didn't bet)



PokerStars Hand #238738428338:  Hold'em No Limit ($0.02/$0.05 USD) - 2022/09/19 15:29:03 PT [2022/09/19 18:29:03 ET]
Table 'Kamenyar II' 9-max Seat #5 is the button
Seat 4: Kevin.Z132 ($3.91 in chips) 
Seat 5: __majkeL_102 ($4.98 in chips) 
Seat 7: Dorex2007 ($5 in chips) 
Seat 8: KetroGG ($5.16 in chips) 
Ginnungagap7 has timed out
Ginnungagap7: is sitting out 
Dorex2007: posts small blind $0.02
KetroGG: posts big blind $0.05
*** HOLE CARDS ***
Dealt to Dorex2007 [Qh 8d]
Kevin.Z132: raises $0.10 to $0.15
__majkeL_102: calls $0.15
Dorex2007: folds 
KetroGG: folds 
*** FLOP *** [Qd 4s 5s]
Kevin.Z132: checks 
Ginnungagap7 is disconnected 
__majkeL_102: checks 
*** TURN *** [Qd 4s 5s] [5d]
Kevin.Z132: checks 
__majkeL_102: bets $0.20
Kevin.Z132: calls $0.20
*** RIVER *** [Qd 4s 5s 5d] [4h]
Kevin.Z132: bets $0.37
__majkeL_102: folds 
Uncalled bet ($0.37) returned to Kevin.Z132
Kevin.Z132 collected $0.74 from pot
*** SUMMARY ***
Total pot $0.77 | Rake $0.03 
Board [Qd 4s 5s 5d 4h]
Seat 4: Kevin.Z132 collected ($0.74)
Seat 5: __majkeL_102 (button) folded on the River
Seat 7: Dorex2007 (small blind) folded before Flop
Seat 8: KetroGG (big blind) folded before Flop



PokerStars Hand #238738443709:  Hold'em No Limit ($0.02/$0.05 USD) - 2022/09/19 15:29:48 PT [2022/09/19 18:29:48 ET]
Table 'Kamenyar II' 9-max Seat #7 is the button
Seat 4: Kevin.Z132 ($4.30 in chips) 
Seat 7: Dorex2007 ($5 in chips) 
Seat 8: KetroGG ($5.11 in chips) 
__majkeL_102 leaves the table
KetroGG: posts small blind $0.02
Kevin.Z132: posts big blind $0.05
*** HOLE CARDS ***
Dealt to Dorex2007 [9s 9d]
Dorex2007: raises $0.05 to $0.10
KetroGG: folds 
Kevin.Z132: calls $0.05
*** FLOP *** [3s Ks 5h]
Kevin.Z132: checks 
Dorex2007: bets $0.14
Kevin.Z132: raises $0.34 to $0.48
Dorex2007: folds 
Uncalled bet ($0.34) returned to Kevin.Z132
Kevin.Z132 collected $0.48 from pot
*** SUMMARY ***
Total pot $0.50 | Rake $0.02 
Board [3s Ks 5h]
Seat 4: Kevin.Z132 (big blind) collected ($0.48)
Seat 7: Dorex2007 (button) folded on the Flop
Seat 8: KetroGG (small blind) folded before Flop



PokerStars Hand #238738456618:  Hold'em No Limit ($0.02/$0.05 USD) - 2022/09/19 15:30:25 PT [2022/09/19 18:30:25 ET]
Table 'Kamenyar II' 9-max Seat #8 is the button
Seat 4: Kevin.Z132 ($4.54 in chips) 
Seat 7: Dorex2007 ($5 in chips) 
Seat 8: KetroGG ($5.09 in chips) 
Kevin.Z132: posts small blind $0.02
Dorex2007: posts big blind $0.05
*** HOLE CARDS ***
Dealt to Dorex2007 [4c 7d]
KetroGG: folds 
Kevin.Z132: raises $0.05 to $0.10
Dorex2007: folds 
Uncalled bet ($0.05) returned to Kevin.Z132
Kevin.Z132 collected $0.10 from pot
*** SUMMARY ***
Total pot $0.10 | Rake $0 
Seat 4: Kevin.Z132 (small blind) collected ($0.10)
Seat 7: Dorex2007 (big blind) folded before Flop
Seat 8: KetroGG (button) folded before Flop (didn't bet)



PokerStars Hand #238738459151:  Hold'em No Limit ($0.02/$0.05 USD) - 2022/09/19 15:30:32 PT [2022/09/19 18:30:32 ET]
Table 'Kamenyar II' 9-max Seat #4 is the button
Seat 4: Kevin.Z132 ($4.59 in chips) 
Seat 7: Dorex2007 ($5 in chips) 
Seat 8: KetroGG ($5.09 in chips) 
Dorex2007: posts small blind $0.02
KetroGG: posts big blind $0.05
*** HOLE CARDS ***
Dealt to Dorex2007 [6c Qc]
Kevin.Z132: folds 
Kevin.Z132 leaves the table
Dorex2007: raises $0.05 to $0.10
KetroGG: folds 
Uncalled bet ($0.05) returned to Dorex2007
Dorex2007 collected $0.10 from pot
Dorex2007: doesn't show hand 
*** SUMMARY ***
Total pot $0.10 | Rake $0 
Seat 4: Kevin.Z132 (button) folded before Flop (didn't bet)
Seat 7: Dorex2007 (small blind) collected ($0.10)
Seat 8: KetroGG (big blind) folded before Flop



PokerStars Hand #238738465069:  Hold'em No Limit ($0.02/$0.05 USD) - 2022/09/19 15:30:50 PT [2022/09/19 18:30:50 ET]
Table 'Kamenyar II' 9-max Seat #7 is the button
Seat 6: Ginnungagap7 ($5.09 in chips) 
Seat 7: Dorex2007 ($5.05 in chips) 
Seat 8: KetroGG ($5.04 in chips) 
KetroGG: posts small blind $0.02
Ginnungagap7: posts big blind $0.05
*** HOLE CARDS ***
Dealt to Dorex2007 [4d Ah]
Dorex2007: folds 
KetroGG: raises $0.10 to $0.15
Ginnungagap7: calls $0.10
*** FLOP *** [Js 7h 5d]
KetroGG: checks 
Ginnungagap7: bets $0.22
KetroGG: folds 
Uncalled bet ($0.22) returned to Ginnungagap7
Ginnungagap7 collected $0.29 from pot
Ginnungagap7: doesn't show hand 
*** SUMMARY ***
Total pot $0.30 | Rake $0.01 
Board [Js 7h 5d]
Seat 6: Ginnungagap7 (big blind) collected ($0.29)
Seat 7: Dorex2007 (button) folded before Flop (didn't bet)
Seat 8: KetroGG (small blind) folded on the Flop



PokerStars Hand #238738481573:  Hold'em No Limit ($0.02/$0.05 USD) - 2022/09/19 15:31:38 PT [2022/09/19 18:31:38 ET]
Table 'Kamenyar II' 9-max Seat #8 is the button
Seat 6: Ginnungagap7 ($5.23 in chips) 
Seat 7: Dorex2007 ($5.05 in chips) 
Seat 8: KetroGG ($4.89 in chips) 
Ginnungagap7: posts small blind $0.02
Dorex2007: posts big blind $0.05
*** HOLE CARDS ***
Dealt to Dorex2007 [Qh 2d]
KetroGG: folds 
Ginnungagap7: folds 
Uncalled bet ($0.03) returned to Dorex2007
Dorex2007 collected $0.04 from pot
Dorex2007: doesn't show hand 
*** SUMMARY ***
Total pot $0.04 | Rake $0 
Seat 6: Ginnungagap7 (small blind) folded before Flop
Seat 7: Dorex2007 (big blind) collected ($0.04)
Seat 8: KetroGG (button) folded before Flop (didn't bet)



