PokerStars Hand #238358120670:  Hold'em No Limit ($0.02/$0.05 USD) - 2022/09/01 16:13:03 PT [2022/09/01 19:13:03 ET]
Table 'Cornelia II' 9-max Seat #6 is the button
Seat 1: JayJayJohnson ($7.49 in chips) 
Seat 2: NoLove93 ($10.11 in chips) 
Seat 3: misticoxxx ($6.37 in chips) 
Seat 4: gmitoi ($13.61 in chips) 
Seat 5: Dorex2007 ($5 in chips) 
Seat 6: AGVsmarT ($3.14 in chips) 
Seat 7: Hatkevich ($5 in chips) 
Seat 8: mullski326 ($2.67 in chips) 
Seat 9: M@verick21 ($3.10 in chips) 
Hatkevich: posts small blind $0.02
mullski326: posts big blind $0.05
Dorex2007: posts big blind $0.05
*** HOLE CARDS ***
Dealt to Dorex2007 [Ad 6d]
M@verick21: raises $0.10 to $0.15
JayJayJohnson: folds 
NoLove93: folds 
misticoxxx: folds 
gmitoi: folds 
Dorex2007: folds 
AGVsmarT: folds 
Hatkevich: folds 
mullski326: folds 
Uncalled bet ($0.10) returned to M@verick21
M@verick21 collected $0.17 from pot
*** SUMMARY ***
Total pot $0.17 | Rake $0 
Seat 1: JayJayJohnson folded before Flop (didn't bet)
Seat 2: NoLove93 folded before Flop (didn't bet)
Seat 3: misticoxxx folded before Flop (didn't bet)
Seat 4: gmitoi folded before Flop (didn't bet)
Seat 5: Dorex2007 folded before Flop (didn't bet)
Seat 6: AGVsmarT (button) folded before Flop (didn't bet)
Seat 7: Hatkevich (small blind) folded before Flop
Seat 8: mullski326 (big blind) folded before Flop
Seat 9: M@verick21 collected ($0.17)



PokerStars Hand #238358127054:  Hold'em No Limit ($0.02/$0.05 USD) - 2022/09/01 16:13:26 PT [2022/09/01 19:13:26 ET]
Table 'Cornelia II' 9-max Seat #7 is the button
Seat 1: JayJayJohnson ($7.49 in chips) 
Seat 2: NoLove93 ($10.11 in chips) 
Seat 3: misticoxxx ($6.37 in chips) 
Seat 4: gmitoi ($13.61 in chips) 
Seat 5: Dorex2007 ($5 in chips) 
Seat 6: AGVsmarT ($3.14 in chips) 
Seat 7: Hatkevich ($5 in chips) 
Seat 8: mullski326 ($2.62 in chips) 
Seat 9: M@verick21 ($3.22 in chips) 
mullski326: posts small blind $0.02
M@verick21: posts big blind $0.05
*** HOLE CARDS ***
Dealt to Dorex2007 [Js 9h]
JayJayJohnson: folds 
NoLove93: folds 
misticoxxx: folds 
gmitoi: folds 
Dorex2007: folds 
AGVsmarT: calls $0.05
Hatkevich: folds 
mullski326: calls $0.03
M@verick21: checks 
*** FLOP *** [Ah Ac Qh]
mullski326: checks 
M@verick21: checks 
AGVsmarT: checks 
*** TURN *** [Ah Ac Qh] [7d]
mullski326: checks 
M@verick21: bets $0.07
AGVsmarT: folds 
mullski326: folds 
Uncalled bet ($0.07) returned to M@verick21
M@verick21 collected $0.14 from pot
*** SUMMARY ***
Total pot $0.15 | Rake $0.01 
Board [Ah Ac Qh 7d]
Seat 1: JayJayJohnson folded before Flop (didn't bet)
Seat 2: NoLove93 folded before Flop (didn't bet)
Seat 3: misticoxxx folded before Flop (didn't bet)
Seat 4: gmitoi folded before Flop (didn't bet)
Seat 5: Dorex2007 folded before Flop (didn't bet)
Seat 6: AGVsmarT folded on the Turn
Seat 7: Hatkevich (button) folded before Flop (didn't bet)
Seat 8: mullski326 (small blind) folded on the Turn
Seat 9: M@verick21 (big blind) collected ($0.14)



PokerStars Hand #238358145770:  Hold'em No Limit ($0.02/$0.05 USD) - 2022/09/01 16:14:34 PT [2022/09/01 19:14:34 ET]
Table 'Cornelia II' 9-max Seat #8 is the button
Seat 1: JayJayJohnson ($7.49 in chips) 
Seat 2: NoLove93 ($10.11 in chips) 
Seat 3: misticoxxx ($6.37 in chips) 
Seat 4: gmitoi ($13.61 in chips) 
Seat 5: Dorex2007 ($5 in chips) 
Seat 6: AGVsmarT ($3.09 in chips) 
Seat 7: Hatkevich ($5 in chips) 
Seat 8: mullski326 ($4.15 in chips) 
Seat 9: M@verick21 ($3.31 in chips) 
M@verick21: posts small blind $0.02
JayJayJohnson: posts big blind $0.05
*** HOLE CARDS ***
Dealt to Dorex2007 [Ts 2c]
NoLove93: folds 
misticoxxx: folds 
gmitoi: raises $0.10 to $0.15
Dorex2007: folds 
AGVsmarT: calls $0.15
misticoxxx leaves the table
Hatkevich: folds 
mullski326: folds 
M@verick21: folds 
JayJayJohnson: folds 
*** FLOP *** [Th 2s Ks]
gmitoi: bets $0.20
AGVsmarT: folds 
Uncalled bet ($0.20) returned to gmitoi
gmitoi collected $0.35 from pot
gmitoi: doesn't show hand 
*** SUMMARY ***
Total pot $0.37 | Rake $0.02 
Board [Th 2s Ks]
Seat 1: JayJayJohnson (big blind) folded before Flop
Seat 2: NoLove93 folded before Flop (didn't bet)
Seat 3: misticoxxx folded before Flop (didn't bet)
Seat 4: gmitoi collected ($0.35)
Seat 5: Dorex2007 folded before Flop (didn't bet)
Seat 6: AGVsmarT folded on the Flop
Seat 7: Hatkevich folded before Flop (didn't bet)
Seat 8: mullski326 (button) folded before Flop (didn't bet)
Seat 9: M@verick21 (small blind) folded before Flop



PokerStars Hand #238358153630:  Hold'em No Limit ($0.02/$0.05 USD) - 2022/09/01 16:15:03 PT [2022/09/01 19:15:03 ET]
Table 'Cornelia II' 9-max Seat #9 is the button
Seat 1: JayJayJohnson ($7.44 in chips) 
Seat 2: NoLove93 ($10.11 in chips) 
Seat 4: gmitoi ($13.81 in chips) 
Seat 5: Dorex2007 ($5 in chips) 
Seat 6: AGVsmarT ($2.94 in chips) 
Seat 7: Hatkevich ($5 in chips) 
Seat 8: mullski326 ($4.15 in chips) 
Seat 9: M@verick21 ($3.29 in chips) 
JayJayJohnson: posts small blind $0.02
NoLove93: posts big blind $0.05
*** HOLE CARDS ***
Dealt to Dorex2007 [Td 7d]
gmitoi: folds 
Dorex2007: folds 
AGVsmarT: raises $0.12 to $0.17
GodzillaKK joins the table at seat #3 
Hatkevich: folds 
mullski326: folds 
M@verick21: folds 
JayJayJohnson: folds 
NoLove93: calls $0.12
*** FLOP *** [Ks 6s Ad]
NoLove93: checks 
AGVsmarT: bets $0.35
NoLove93: calls $0.35
*** TURN *** [Ks 6s Ad] [3s]
NoLove93: checks 
AGVsmarT: bets $0.51
NoLove93: calls $0.51
*** RIVER *** [Ks 6s Ad 3s] [7c]
NoLove93: checks 
AGVsmarT: bets $1.91 and is all-in
NoLove93: folds 
Uncalled bet ($1.91) returned to AGVsmarT
AGVsmarT collected $1.99 from pot
*** SUMMARY ***
Total pot $2.08 | Rake $0.09 
Board [Ks 6s Ad 3s 7c]
Seat 1: JayJayJohnson (small blind) folded before Flop
Seat 2: NoLove93 (big blind) folded on the River
Seat 4: gmitoi folded before Flop (didn't bet)
Seat 5: Dorex2007 folded before Flop (didn't bet)
Seat 6: AGVsmarT collected ($1.99)
Seat 7: Hatkevich folded before Flop (didn't bet)
Seat 8: mullski326 folded before Flop (didn't bet)
Seat 9: M@verick21 (button) folded before Flop (didn't bet)



PokerStars Hand #238358171272:  Hold'em No Limit ($0.02/$0.05 USD) - 2022/09/01 16:16:08 PT [2022/09/01 19:16:08 ET]
Table 'Cornelia II' 9-max Seat #1 is the button
Seat 1: JayJayJohnson ($7.42 in chips) 
Seat 2: NoLove93 ($9.08 in chips) 
Seat 3: GodzillaKK ($2.09 in chips) 
Seat 4: gmitoi ($13.81 in chips) 
Seat 5: Dorex2007 ($5 in chips) 
Seat 6: AGVsmarT ($5 in chips) 
Seat 7: Hatkevich ($5 in chips) 
Seat 8: mullski326 ($4.15 in chips) 
Seat 9: M@verick21 ($3.29 in chips) 
NoLove93: posts small blind $0.02
GodzillaKK: posts big blind $0.05
*** HOLE CARDS ***
Dealt to Dorex2007 [6c 3d]
gmitoi: folds 
Dorex2007: folds 
AGVsmarT: folds 
Hatkevich: folds 
mullski326: folds 
M@verick21: raises $0.10 to $0.15
JayJayJohnson: folds 
NoLove93: folds 
GodzillaKK: calls $0.10
*** FLOP *** [2d Kd 3s]
GodzillaKK: checks 
M@verick21: bets $0.20
GodzillaKK: folds 
Uncalled bet ($0.20) returned to M@verick21
M@verick21 collected $0.31 from pot
*** SUMMARY ***
Total pot $0.32 | Rake $0.01 
Board [2d Kd 3s]
Seat 1: JayJayJohnson (button) folded before Flop (didn't bet)
Seat 2: NoLove93 (small blind) folded before Flop
Seat 3: GodzillaKK (big blind) folded on the Flop
Seat 4: gmitoi folded before Flop (didn't bet)
Seat 5: Dorex2007 folded before Flop (didn't bet)
Seat 6: AGVsmarT folded before Flop (didn't bet)
Seat 7: Hatkevich folded before Flop (didn't bet)
Seat 8: mullski326 folded before Flop (didn't bet)
Seat 9: M@verick21 collected ($0.31)



PokerStars Hand #238358183306:  Hold'em No Limit ($0.02/$0.05 USD) - 2022/09/01 16:16:52 PT [2022/09/01 19:16:52 ET]
Table 'Cornelia II' 9-max Seat #2 is the button
Seat 1: JayJayJohnson ($7.42 in chips) 
Seat 2: NoLove93 ($9.06 in chips) 
Seat 3: GodzillaKK ($1.94 in chips) 
Seat 4: gmitoi ($13.81 in chips) 
Seat 5: Dorex2007 ($5 in chips) 
Seat 6: AGVsmarT ($5 in chips) 
Seat 7: Hatkevich ($5 in chips) 
Seat 8: mullski326 ($4.15 in chips) 
Seat 9: M@verick21 ($3.45 in chips) 
GodzillaKK: posts small blind $0.02
gmitoi: posts big blind $0.05
*** HOLE CARDS ***
Dealt to Dorex2007 [Jc 8d]
Dorex2007: folds 
AGVsmarT: folds 
Hatkevich: raises $0.10 to $0.15
mullski326: folds 
M@verick21: calls $0.15
JayJayJohnson: calls $0.15
NoLove93: folds 
GodzillaKK: calls $0.13
gmitoi: calls $0.10
*** FLOP *** [Th 8h 7h]
GodzillaKK: bets $1.79 and is all-in
gmitoi: folds 
Hatkevich: folds 
M@verick21: folds 
JayJayJohnson: folds 
Uncalled bet ($1.79) returned to GodzillaKK
GodzillaKK collected $0.72 from pot
*** SUMMARY ***
Total pot $0.75 | Rake $0.03 
Board [Th 8h 7h]
Seat 1: JayJayJohnson folded on the Flop
Seat 2: NoLove93 (button) folded before Flop (didn't bet)
Seat 3: GodzillaKK (small blind) collected ($0.72)
Seat 4: gmitoi (big blind) folded on the Flop
Seat 5: Dorex2007 folded before Flop (didn't bet)
Seat 6: AGVsmarT folded before Flop (didn't bet)
Seat 7: Hatkevich folded on the Flop
Seat 8: mullski326 folded before Flop (didn't bet)
Seat 9: M@verick21 folded on the Flop



PokerStars Hand #238358193837:  Hold'em No Limit ($0.02/$0.05 USD) - 2022/09/01 16:17:31 PT [2022/09/01 19:17:31 ET]
Table 'Cornelia II' 9-max Seat #3 is the button
Seat 1: JayJayJohnson ($7.27 in chips) 
Seat 2: NoLove93 ($9.06 in chips) 
Seat 3: GodzillaKK ($2.51 in chips) 
Seat 4: gmitoi ($13.66 in chips) 
Seat 5: Dorex2007 ($5 in chips) 
Seat 6: AGVsmarT ($5 in chips) 
Seat 7: Hatkevich ($5 in chips) 
Seat 8: mullski326 ($4.15 in chips) 
Seat 9: M@verick21 ($3.30 in chips) 
gmitoi: posts small blind $0.02
Dorex2007: posts big blind $0.05
*** HOLE CARDS ***
Dealt to Dorex2007 [Td 9s]
AGVsmarT: calls $0.05
Hatkevich: folds 
mullski326: calls $0.05
M@verick21: folds 
JayJayJohnson: folds 
NoLove93: raises $0.25 to $0.30
GodzillaKK: folds 
gmitoi: folds 
Dorex2007: folds 
AGVsmarT: calls $0.25
mullski326: calls $0.25
*** FLOP *** [2d 4s 5d]
AGVsmarT: checks 
mullski326: checks 
NoLove93: checks 
*** TURN *** [2d 4s 5d] [Ad]
AGVsmarT: checks 
mullski326: checks 
NoLove93: bets $0.42
AGVsmarT: folds 
mullski326: folds 
Uncalled bet ($0.42) returned to NoLove93
NoLove93 collected $0.93 from pot
*** SUMMARY ***
Total pot $0.97 | Rake $0.04 
Board [2d 4s 5d Ad]
Seat 1: JayJayJohnson folded before Flop (didn't bet)
Seat 2: NoLove93 collected ($0.93)
Seat 3: GodzillaKK (button) folded before Flop (didn't bet)
Seat 4: gmitoi (small blind) folded before Flop
Seat 5: Dorex2007 (big blind) folded before Flop
Seat 6: AGVsmarT folded on the Turn
Seat 7: Hatkevich folded before Flop (didn't bet)
Seat 8: mullski326 folded on the Turn
Seat 9: M@verick21 folded before Flop (didn't bet)



PokerStars Hand #238358211577:  Hold'em No Limit ($0.02/$0.05 USD) - 2022/09/01 16:18:36 PT [2022/09/01 19:18:36 ET]
Table 'Cornelia II' 9-max Seat #4 is the button
Seat 1: JayJayJohnson ($7.27 in chips) 
Seat 2: NoLove93 ($9.69 in chips) 
Seat 3: GodzillaKK ($2.51 in chips) 
Seat 4: gmitoi ($13.64 in chips) 
Seat 5: Dorex2007 ($5 in chips) 
Seat 6: AGVsmarT ($4.70 in chips) 
Seat 7: Hatkevich ($5 in chips) 
Seat 8: mullski326 ($3.85 in chips) 
Seat 9: M@verick21 ($3.30 in chips) 
Dorex2007: posts small blind $0.02
AGVsmarT: posts big blind $0.05
*** HOLE CARDS ***
Dealt to Dorex2007 [2s Qs]
Hatkevich: folds 
mullski326: folds 
M@verick21: calls $0.05
JayJayJohnson: folds 
NoLove93: folds 
GodzillaKK: calls $0.05
gmitoi: folds 
Dorex2007: folds 
AGVsmarT: checks 
*** FLOP *** [7c 4c As]
AGVsmarT: checks 
M@verick21: checks 
GodzillaKK: checks 
*** TURN *** [7c 4c As] [3d]
AGVsmarT: bets $0.05
M@verick21: calls $0.05
GodzillaKK: calls $0.05
*** RIVER *** [7c 4c As 3d] [5c]
AGVsmarT: checks 
M@verick21: bets $0.31
GodzillaKK: raises $0.31 to $0.62
AGVsmarT: folds 
M@verick21: raises $1.55 to $2.17
GodzillaKK: calls $1.55
*** SHOW DOWN ***
M@verick21: shows [2c 3c] (a flush, Seven high)
GodzillaKK: mucks hand 
M@verick21 collected $4.47 from pot
*** SUMMARY ***
Total pot $4.66 | Rake $0.19 
Board [7c 4c As 3d 5c]
Seat 1: JayJayJohnson folded before Flop (didn't bet)
Seat 2: NoLove93 folded before Flop (didn't bet)
Seat 3: GodzillaKK mucked [Qh 6d]
Seat 4: gmitoi (button) folded before Flop (didn't bet)
Seat 5: Dorex2007 (small blind) folded before Flop
Seat 6: AGVsmarT (big blind) folded on the River
Seat 7: Hatkevich folded before Flop (didn't bet)
Seat 8: mullski326 folded before Flop (didn't bet)
Seat 9: M@verick21 showed [2c 3c] and won ($4.47) with a flush, Seven high



PokerStars Hand #238358226390:  Hold'em No Limit ($0.02/$0.05 USD) - 2022/09/01 16:19:31 PT [2022/09/01 19:19:31 ET]
Table 'Cornelia II' 9-max Seat #5 is the button
Seat 1: JayJayJohnson ($7.27 in chips) 
Seat 2: NoLove93 ($9.69 in chips) 
Seat 3: GodzillaKK ($0.24 in chips) 
Seat 4: gmitoi ($13.64 in chips) 
Seat 5: Dorex2007 ($5 in chips) 
Seat 6: AGVsmarT ($4.60 in chips) 
Seat 7: Hatkevich ($5 in chips) 
Seat 8: mullski326 ($3.85 in chips) 
Seat 9: M@verick21 ($5.50 in chips) 
AGVsmarT: posts small blind $0.02
Hatkevich: posts big blind $0.05
*** HOLE CARDS ***
Dealt to Dorex2007 [9c 6h]
mullski326: folds 
M@verick21: folds 
JayJayJohnson: raises $0.10 to $0.15
NoLove93: folds 
GodzillaKK: folds 
gmitoi: folds 
Dorex2007: folds 
AGVsmarT: calls $0.13
Hatkevich: calls $0.10
*** FLOP *** [9d 2s 5s]
AGVsmarT: checks 
Hatkevich: checks 
JayJayJohnson: checks 
*** TURN *** [9d 2s 5s] [5c]
AGVsmarT: bets $0.43
Hatkevich: calls $0.43
JayJayJohnson: folds 
*** RIVER *** [9d 2s 5s 5c] [2h]
AGVsmarT: bets $0.30
Hatkevich: calls $0.30
*** SHOW DOWN ***
AGVsmarT: shows [8s 8h] (two pair, Eights and Fives)
Hatkevich: shows [Js Jh] (two pair, Jacks and Fives)
Hatkevich collected $1.83 from pot
*** SUMMARY ***
Total pot $1.91 | Rake $0.08 
Board [9d 2s 5s 5c 2h]
Seat 1: JayJayJohnson folded on the Turn
Seat 2: NoLove93 folded before Flop (didn't bet)
Seat 3: GodzillaKK folded before Flop (didn't bet)
Seat 4: gmitoi folded before Flop (didn't bet)
Seat 5: Dorex2007 (button) folded before Flop (didn't bet)
Seat 6: AGVsmarT (small blind) showed [8s 8h] and lost with two pair, Eights and Fives
Seat 7: Hatkevich (big blind) showed [Js Jh] and won ($1.83) with two pair, Jacks and Fives
Seat 8: mullski326 folded before Flop (didn't bet)
Seat 9: M@verick21 folded before Flop (didn't bet)



PokerStars Hand #238358239437:  Hold'em No Limit ($0.02/$0.05 USD) - 2022/09/01 16:20:19 PT [2022/09/01 19:20:19 ET]
Table 'Cornelia II' 9-max Seat #6 is the button
Seat 1: JayJayJohnson ($7.12 in chips) 
Seat 2: NoLove93 ($9.69 in chips) 
Seat 3: GodzillaKK ($0.24 in chips) 
Seat 4: gmitoi ($13.64 in chips) 
Seat 5: Dorex2007 ($5 in chips) 
Seat 6: AGVsmarT ($3.72 in chips) 
Seat 7: Hatkevich ($5.95 in chips) 
Seat 8: mullski326 ($3.85 in chips) 
Seat 9: M@verick21 ($5.50 in chips) 
Hatkevich: posts small blind $0.02
mullski326: posts big blind $0.05
*** HOLE CARDS ***
Dealt to Dorex2007 [4h 7d]
M@verick21: folds 
JayJayJohnson: folds 
NoLove93: folds 
GodzillaKK: folds 
gmitoi: folds 
Dorex2007: folds 
AGVsmarT: calls $0.05
Hatkevich: folds 
mullski326: checks 
*** FLOP *** [Ks 9s Jd]
mullski326: checks 
AGVsmarT: bets $0.12
mullski326: folds 
Uncalled bet ($0.12) returned to AGVsmarT
AGVsmarT collected $0.12 from pot
*** SUMMARY ***
Total pot $0.12 | Rake $0 
Board [Ks 9s Jd]
Seat 1: JayJayJohnson folded before Flop (didn't bet)
Seat 2: NoLove93 folded before Flop (didn't bet)
Seat 3: GodzillaKK folded before Flop (didn't bet)
Seat 4: gmitoi folded before Flop (didn't bet)
Seat 5: Dorex2007 folded before Flop (didn't bet)
Seat 6: AGVsmarT (button) collected ($0.12)
Seat 7: Hatkevich (small blind) folded before Flop
Seat 8: mullski326 (big blind) folded on the Flop
Seat 9: M@verick21 folded before Flop (didn't bet)



PokerStars Hand #238358247134:  Hold'em No Limit ($0.02/$0.05 USD) - 2022/09/01 16:20:48 PT [2022/09/01 19:20:48 ET]
Table 'Cornelia II' 9-max Seat #7 is the button
Seat 1: JayJayJohnson ($7.12 in chips) 
Seat 2: NoLove93 ($9.69 in chips) 
Seat 3: GodzillaKK ($0.24 in chips) 
Seat 4: gmitoi ($13.64 in chips) 
Seat 5: Dorex2007 ($5 in chips) 
Seat 6: AGVsmarT ($3.79 in chips) 
Seat 7: Hatkevich ($5.93 in chips) 
Seat 8: mullski326 ($3.80 in chips) 
Seat 9: M@verick21 ($5.50 in chips) 
mullski326: posts small blind $0.02
M@verick21: posts big blind $0.05
*** HOLE CARDS ***
Dealt to Dorex2007 [Qd Ks]
JayJayJohnson: folds 
NoLove93: raises $0.07 to $0.12
GodzillaKK: folds 
gmitoi: folds 
Dorex2007: calls $0.12
AGVsmarT: folds 
Hatkevich: folds 
mullski326: folds 
M@verick21: calls $0.07
*** FLOP *** [Ac Kh 5d]
M@verick21: checks 
NoLove93: checks 
Dorex2007: bets $0.18
M@verick21: folds 
NoLove93: folds 
Uncalled bet ($0.18) returned to Dorex2007
Dorex2007 collected $0.36 from pot
Dorex2007: doesn't show hand 
*** SUMMARY ***
Total pot $0.38 | Rake $0.02 
Board [Ac Kh 5d]
Seat 1: JayJayJohnson folded before Flop (didn't bet)
Seat 2: NoLove93 folded on the Flop
Seat 3: GodzillaKK folded before Flop (didn't bet)
Seat 4: gmitoi folded before Flop (didn't bet)
Seat 5: Dorex2007 collected ($0.36)
Seat 6: AGVsmarT folded before Flop (didn't bet)
Seat 7: Hatkevich (button) folded before Flop (didn't bet)
Seat 8: mullski326 (small blind) folded before Flop
Seat 9: M@verick21 (big blind) folded on the Flop



PokerStars Hand #238358256243:  Hold'em No Limit ($0.02/$0.05 USD) - 2022/09/01 16:21:22 PT [2022/09/01 19:21:22 ET]
Table 'Cornelia II' 9-max Seat #8 is the button
Seat 1: JayJayJohnson ($7.12 in chips) 
Seat 2: NoLove93 ($9.57 in chips) 
Seat 3: GodzillaKK ($0.24 in chips) 
Seat 4: gmitoi ($13.64 in chips) 
Seat 5: Dorex2007 ($5.24 in chips) 
Seat 6: AGVsmarT ($3.79 in chips) 
Seat 7: Hatkevich ($5.93 in chips) 
Seat 8: mullski326 ($3.78 in chips) 
Seat 9: M@verick21 ($5.38 in chips) 
M@verick21: posts small blind $0.02
JayJayJohnson: posts big blind $0.05
*** HOLE CARDS ***
Dealt to Dorex2007 [4h 7d]
NoLove93: folds 
GodzillaKK: raises $0.19 to $0.24 and is all-in
gmitoi: calls $0.24
Dorex2007: folds 
AGVsmarT: folds 
Hatkevich: folds 
mullski326: folds 
M@verick21: folds 
JayJayJohnson: folds 
*** FLOP *** [Jh Ah 2s]
*** TURN *** [Jh Ah 2s] [6d]
*** RIVER *** [Jh Ah 2s 6d] [9h]
*** SHOW DOWN ***
GodzillaKK: shows [9s Js] (two pair, Jacks and Nines)
gmitoi: shows [8s As] (a pair of Aces)
GodzillaKK cashed out the hand for $0.22
*** SUMMARY ***
Total pot $0.55 | Rake $0.02 
Board [Jh Ah 2s 6d 9h]
Seat 1: JayJayJohnson (big blind) folded before Flop
Seat 2: NoLove93 folded before Flop (didn't bet)
Seat 3: GodzillaKK showed [9s Js] and won ($0.53) with two pair, Jacks and Nines (pot not awarded as player cashed out)
Seat 4: gmitoi showed [8s As] and lost with a pair of Aces
Seat 5: Dorex2007 folded before Flop (didn't bet)
Seat 6: AGVsmarT folded before Flop (didn't bet)
Seat 7: Hatkevich folded before Flop (didn't bet)
Seat 8: mullski326 (button) folded before Flop (didn't bet)
Seat 9: M@verick21 (small blind) folded before Flop



PokerStars Hand #238358267277:  Hold'em No Limit ($0.02/$0.05 USD) - 2022/09/01 16:22:04 PT [2022/09/01 19:22:04 ET]
Table 'Cornelia II' 9-max Seat #9 is the button
Seat 1: JayJayJohnson ($7.07 in chips) 
Seat 2: NoLove93 ($9.57 in chips) 
Seat 3: GodzillaKK ($0.22 in chips) 
Seat 4: gmitoi ($13.40 in chips) 
Seat 5: Dorex2007 ($5.24 in chips) 
Seat 6: AGVsmarT ($3.79 in chips) 
Seat 7: Hatkevich ($5.93 in chips) 
Seat 8: mullski326 ($3.78 in chips) 
Seat 9: M@verick21 ($5.36 in chips) 
JayJayJohnson: posts small blind $0.02
NoLove93: posts big blind $0.05
*** HOLE CARDS ***
Dealt to Dorex2007 [Th Ks]
GodzillaKK: raises $0.17 to $0.22 and is all-in
gmitoi: folds 
Dorex2007: folds 
AGVsmarT: folds 
Hatkevich: folds 
mullski326: calls $0.22
M@verick21: folds 
JayJayJohnson: folds 
NoLove93: folds 
*** FLOP *** [Ad Qd Td]
*** TURN *** [Ad Qd Td] [3c]
*** RIVER *** [Ad Qd Td 3c] [5c]
*** SHOW DOWN ***
GodzillaKK: shows [2h As] (a pair of Aces)
mullski326: shows [Jd Ah] (a pair of Aces - Queen+Jack kicker)
mullski326 collected $0.49 from pot
GodzillaKK cashed out the hand for $0.14
*** SUMMARY ***
Total pot $0.51 | Rake $0.02 
Board [Ad Qd Td 3c 5c]
Seat 1: JayJayJohnson (small blind) folded before Flop
Seat 2: NoLove93 (big blind) folded before Flop
Seat 3: GodzillaKK showed [2h As] and lost with a pair of Aces (cashed out).
Seat 4: gmitoi folded before Flop (didn't bet)
Seat 5: Dorex2007 folded before Flop (didn't bet)
Seat 6: AGVsmarT folded before Flop (didn't bet)
Seat 7: Hatkevich folded before Flop (didn't bet)
Seat 8: mullski326 showed [Jd Ah] and won ($0.49) with a pair of Aces
Seat 9: M@verick21 (button) folded before Flop (didn't bet)



PokerStars Hand #238358274509:  Hold'em No Limit ($0.02/$0.05 USD) - 2022/09/01 16:22:31 PT [2022/09/01 19:22:31 ET]
Table 'Cornelia II' 9-max Seat #1 is the button
Seat 1: JayJayJohnson ($7.05 in chips) 
Seat 2: NoLove93 ($9.52 in chips) 
Seat 3: GodzillaKK ($0.14 in chips) 
Seat 4: gmitoi ($13.40 in chips) 
Seat 5: Dorex2007 ($5.24 in chips) 
Seat 6: AGVsmarT ($3.79 in chips) 
Seat 7: Hatkevich ($5.93 in chips) 
Seat 8: mullski326 ($4.05 in chips) 
Seat 9: M@verick21 ($5.36 in chips) 
NoLove93: posts small blind $0.02
GodzillaKK: posts big blind $0.05
*** HOLE CARDS ***
Dealt to Dorex2007 [Ac Ad]
gmitoi: folds 
Dorex2007: raises $0.10 to $0.15
AGVsmarT: folds 
Hatkevich: folds 
mullski326: folds 
M@verick21: folds 
JayJayJohnson: folds 
NoLove93: folds 
GodzillaKK: calls $0.09 and is all-in
Uncalled bet ($0.01) returned to Dorex2007
*** FLOP *** [3c Jd 9c]
*** TURN *** [3c Jd 9c] [Ts]
*** RIVER *** [3c Jd 9c Ts] [Qc]
*** SHOW DOWN ***
GodzillaKK: shows [Qd Tc] (two pair, Queens and Tens)
Dorex2007: shows [Ac Ad] (a pair of Aces)
GodzillaKK cashed out the hand for $0.05
*** SUMMARY ***
Total pot $0.30 | Rake $0.01 
Board [3c Jd 9c Ts Qc]
Seat 1: JayJayJohnson (button) folded before Flop (didn't bet)
Seat 2: NoLove93 (small blind) folded before Flop
Seat 3: GodzillaKK (big blind) showed [Qd Tc] and won ($0.29) with two pair, Queens and Tens (pot not awarded as player cashed out)
Seat 4: gmitoi folded before Flop (didn't bet)
Seat 5: Dorex2007 showed [Ac Ad] and lost with a pair of Aces
Seat 6: AGVsmarT folded before Flop (didn't bet)
Seat 7: Hatkevich folded before Flop (didn't bet)
Seat 8: mullski326 folded before Flop (didn't bet)
Seat 9: M@verick21 folded before Flop (didn't bet)



PokerStars Hand #238358280968:  Hold'em No Limit ($0.02/$0.05 USD) - 2022/09/01 16:22:55 PT [2022/09/01 19:22:55 ET]
Table 'Cornelia II' 9-max Seat #2 is the button
Seat 1: JayJayJohnson ($7.05 in chips) 
Seat 2: NoLove93 ($9.50 in chips) 
Seat 3: GodzillaKK ($0.05 in chips) 
Seat 4: gmitoi ($13.40 in chips) 
Seat 5: Dorex2007 ($5.10 in chips) 
Seat 6: AGVsmarT ($3.79 in chips) 
Seat 7: Hatkevich ($5.93 in chips) 
Seat 8: mullski326 ($4.05 in chips) 
Seat 9: M@verick21 ($5.36 in chips) 
GodzillaKK: posts small blind $0.02
gmitoi: posts big blind $0.05
*** HOLE CARDS ***
Dealt to Dorex2007 [9c Jc]
Dorex2007: folds 
AGVsmarT: folds 
Hatkevich: folds 
mullski326: folds 
M@verick21: folds 
JayJayJohnson: raises $0.10 to $0.15
NoLove93: folds 
GodzillaKK: calls $0.03 and is all-in
gmitoi: folds 
Uncalled bet ($0.10) returned to JayJayJohnson
*** FLOP *** [Td 8h 3c]
*** TURN *** [Td 8h 3c] [7d]
*** RIVER *** [Td 8h 3c 7d] [Jd]
*** SHOW DOWN ***
GodzillaKK: shows [Qd Ts] (a pair of Tens)
JayJayJohnson: shows [Ks 6s] (high card King)
GodzillaKK cashed out the hand for $0.06
*** SUMMARY ***
Total pot $0.15 | Rake $0.01 
Board [Td 8h 3c 7d Jd]
Seat 1: JayJayJohnson showed [Ks 6s] and lost with high card King
Seat 2: NoLove93 (button) folded before Flop (didn't bet)
Seat 3: GodzillaKK (small blind) showed [Qd Ts] and won ($0.14) with a pair of Tens (pot not awarded as player cashed out)
Seat 4: gmitoi (big blind) folded before Flop
Seat 5: Dorex2007 folded before Flop (didn't bet)
Seat 6: AGVsmarT folded before Flop (didn't bet)
Seat 7: Hatkevich folded before Flop (didn't bet)
Seat 8: mullski326 folded before Flop (didn't bet)
Seat 9: M@verick21 folded before Flop (didn't bet)



PokerStars Hand #238358288071:  Hold'em No Limit ($0.02/$0.05 USD) - 2022/09/01 16:23:22 PT [2022/09/01 19:23:22 ET]
Table 'Cornelia II' 9-max Seat #3 is the button
Seat 1: JayJayJohnson ($7 in chips) 
Seat 2: NoLove93 ($9.50 in chips) 
Seat 3: GodzillaKK ($0.06 in chips) 
Seat 4: gmitoi ($13.35 in chips) 
Seat 5: Dorex2007 ($5.10 in chips) 
Seat 6: AGVsmarT ($3.79 in chips) 
Seat 7: Hatkevich ($5.93 in chips) 
Seat 8: mullski326 ($4.05 in chips) 
Seat 9: M@verick21 ($5.36 in chips) 
gmitoi: posts small blind $0.02
Dorex2007: posts big blind $0.05
*** HOLE CARDS ***
Dealt to Dorex2007 [Qd 7c]
AGVsmarT: folds 
Hatkevich: folds 
mullski326: folds 
M@verick21: folds 
JayJayJohnson: raises $0.10 to $0.15
NoLove93: folds 
GodzillaKK: calls $0.06 and is all-in
gmitoi: folds 
Dorex2007: folds 
Uncalled bet ($0.09) returned to JayJayJohnson
*** FLOP *** [Ks 4c 7s]
*** TURN *** [Ks 4c 7s] [6h]
*** RIVER *** [Ks 4c 7s 6h] [Kd]
*** SHOW DOWN ***
JayJayJohnson: shows [Kh Ad] (three of a kind, Kings)
GodzillaKK: shows [Jc 6s] (two pair, Kings and Sixes)
JayJayJohnson collected $0.18 from pot
GodzillaKK cashed out the hand for $0.05
*** SUMMARY ***
Total pot $0.19 | Rake $0.01 
Board [Ks 4c 7s 6h Kd]
Seat 1: JayJayJohnson showed [Kh Ad] and won ($0.18) with three of a kind, Kings
Seat 2: NoLove93 folded before Flop (didn't bet)
Seat 3: GodzillaKK (button) showed [Jc 6s] and lost with two pair, Kings and Sixes (cashed out).
Seat 4: gmitoi (small blind) folded before Flop
Seat 5: Dorex2007 (big blind) folded before Flop
Seat 6: AGVsmarT folded before Flop (didn't bet)
Seat 7: Hatkevich folded before Flop (didn't bet)
Seat 8: mullski326 folded before Flop (didn't bet)
Seat 9: M@verick21 folded before Flop (didn't bet)



PokerStars Hand #238358294999:  Hold'em No Limit ($0.02/$0.05 USD) - 2022/09/01 16:23:48 PT [2022/09/01 19:23:48 ET]
Table 'Cornelia II' 9-max Seat #4 is the button
Seat 1: JayJayJohnson ($7.12 in chips) 
Seat 2: NoLove93 ($9.50 in chips) 
Seat 3: GodzillaKK ($0.05 in chips) 
Seat 4: gmitoi ($13.33 in chips) 
Seat 5: Dorex2007 ($5.05 in chips) 
Seat 6: AGVsmarT ($3.79 in chips) 
Seat 7: Hatkevich ($5.93 in chips) 
Seat 8: mullski326 ($4.05 in chips) 
Seat 9: M@verick21 ($5.36 in chips) 
Dorex2007: posts small blind $0.02
AGVsmarT: posts big blind $0.05
*** HOLE CARDS ***
Dealt to Dorex2007 [Ah 5s]
Hatkevich: folds 
mullski326: folds 
M@verick21: folds 
JayJayJohnson: folds 
NoLove93: raises $0.07 to $0.12
GodzillaKK: calls $0.05 and is all-in
gmitoi: calls $0.12
Dorex2007: folds 
AGVsmarT: folds 
*** FLOP *** [5c Jh 2h]
NoLove93: checks 
gmitoi: bets $0.17
NoLove93: calls $0.17
*** TURN *** [5c Jh 2h] [4s]
NoLove93: checks 
gmitoi: checks 
*** RIVER *** [5c Jh 2h 4s] [Js]
NoLove93: checks 
gmitoi: checks 
*** SHOW DOWN ***
NoLove93: shows [Ad Kd] (a pair of Jacks)
gmitoi: shows [9d 9h] (two pair, Jacks and Nines)
gmitoi collected $0.46 from side pot
GodzillaKK: mucks hand 
gmitoi collected $0.21 from main pot
*** SUMMARY ***
Total pot $0.70 Main pot $0.21. Side pot $0.46. | Rake $0.03 
Board [5c Jh 2h 4s Js]
Seat 1: JayJayJohnson folded before Flop (didn't bet)
Seat 2: NoLove93 showed [Ad Kd] and lost with a pair of Jacks
Seat 3: GodzillaKK mucked [7c Kh]
Seat 4: gmitoi (button) showed [9d 9h] and won ($0.67) with two pair, Jacks and Nines
Seat 5: Dorex2007 (small blind) folded before Flop
Seat 6: AGVsmarT (big blind) folded before Flop
Seat 7: Hatkevich folded before Flop (didn't bet)
Seat 8: mullski326 folded before Flop (didn't bet)
Seat 9: M@verick21 folded before Flop (didn't bet)



PokerStars Hand #238358307812:  Hold'em No Limit ($0.02/$0.05 USD) - 2022/09/01 16:24:36 PT [2022/09/01 19:24:36 ET]
Table 'Cornelia II' 9-max Seat #5 is the button
Seat 1: JayJayJohnson ($7.12 in chips) 
Seat 2: NoLove93 ($9.21 in chips) 
Seat 4: gmitoi ($13.71 in chips) 
Seat 5: Dorex2007 ($5.03 in chips) 
Seat 6: AGVsmarT ($3.74 in chips) 
Seat 7: Hatkevich ($5.93 in chips) 
Seat 8: mullski326 ($4.05 in chips) 
Seat 9: M@verick21 ($5.36 in chips) 
AGVsmarT: posts small blind $0.02
Hatkevich: posts big blind $0.05
*** HOLE CARDS ***
Dealt to Dorex2007 [8h Tc]
mullski326: folds 
M@verick21: calls $0.05
JayJayJohnson: folds 
NoLove93: folds 
gmitoi: folds 
Dorex2007: folds 
AGVsmarT: calls $0.03
Hatkevich: raises $0.15 to $0.20
M@verick21: calls $0.15
AGVsmarT: calls $0.15
*** FLOP *** [6d Qs Ts]
AGVsmarT: checks 
Hatkevich: bets $0.30
M@verick21: folds 
AGVsmarT: folds 
Uncalled bet ($0.30) returned to Hatkevich
Hatkevich collected $0.58 from pot
Hatkevich: doesn't show hand 
*** SUMMARY ***
Total pot $0.60 | Rake $0.02 
Board [6d Qs Ts]
Seat 1: JayJayJohnson folded before Flop (didn't bet)
Seat 2: NoLove93 folded before Flop (didn't bet)
Seat 4: gmitoi folded before Flop (didn't bet)
Seat 5: Dorex2007 (button) folded before Flop (didn't bet)
Seat 6: AGVsmarT (small blind) folded on the Flop
Seat 7: Hatkevich (big blind) collected ($0.58)
Seat 8: mullski326 folded before Flop (didn't bet)
Seat 9: M@verick21 folded on the Flop



PokerStars Hand #238358316525:  Hold'em No Limit ($0.02/$0.05 USD) - 2022/09/01 16:25:09 PT [2022/09/01 19:25:09 ET]
Table 'Cornelia II' 9-max Seat #6 is the button
Seat 1: JayJayJohnson ($7.12 in chips) 
Seat 2: NoLove93 ($9.21 in chips) 
Seat 4: gmitoi ($13.71 in chips) 
Seat 5: Dorex2007 ($5.03 in chips) 
Seat 6: AGVsmarT ($3.54 in chips) 
Seat 7: Hatkevich ($6.31 in chips) 
Seat 8: mullski326 ($4.05 in chips) 
Seat 9: M@verick21 ($5.16 in chips) 
Hatkevich: posts small blind $0.02
mullski326: posts big blind $0.05
*** HOLE CARDS ***
Dealt to Dorex2007 [Td Qs]
M@verick21: folds 
JayJayJohnson: folds 
NoLove93: folds 
gmitoi: raises $0.10 to $0.15
Dorex2007: folds 
AGVsmarT: folds 
Hatkevich: folds 
mullski326: folds 
Uncalled bet ($0.10) returned to gmitoi
gmitoi collected $0.12 from pot
gmitoi: doesn't show hand 
*** SUMMARY ***
Total pot $0.12 | Rake $0 
Seat 1: JayJayJohnson folded before Flop (didn't bet)
Seat 2: NoLove93 folded before Flop (didn't bet)
Seat 4: gmitoi collected ($0.12)
Seat 5: Dorex2007 folded before Flop (didn't bet)
Seat 6: AGVsmarT (button) folded before Flop (didn't bet)
Seat 7: Hatkevich (small blind) folded before Flop
Seat 8: mullski326 (big blind) folded before Flop
Seat 9: M@verick21 folded before Flop (didn't bet)



PokerStars Hand #238358320900:  Hold'em No Limit ($0.02/$0.05 USD) - 2022/09/01 16:25:25 PT [2022/09/01 19:25:25 ET]
Table 'Cornelia II' 9-max Seat #7 is the button
Seat 1: JayJayJohnson ($7.12 in chips) 
Seat 2: NoLove93 ($9.21 in chips) 
Seat 4: gmitoi ($13.78 in chips) 
Seat 5: Dorex2007 ($5.03 in chips) 
Seat 6: AGVsmarT ($3.54 in chips) 
Seat 7: Hatkevich ($6.29 in chips) 
Seat 8: mullski326 ($4 in chips) 
Seat 9: M@verick21 ($5.16 in chips) 
mullski326: posts small blind $0.02
M@verick21: posts big blind $0.05
*** HOLE CARDS ***
Dealt to Dorex2007 [9d 6s]
JayJayJohnson: folds 
NoLove93: folds 
gmitoi: folds 
Dorex2007: folds 
AGVsmarT: folds 
Hatkevich: raises $0.07 to $0.12
mullski326: folds 
M@verick21: calls $0.07
*** FLOP *** [7s 5c 7h]
M@verick21: checks 
Hatkevich: checks 
*** TURN *** [7s 5c 7h] [4d]
M@verick21: checks 
Hatkevich: checks 
*** RIVER *** [7s 5c 7h 4d] [3h]
M@verick21: checks 
Hatkevich: checks 
*** SHOW DOWN ***
M@verick21: shows [Ac Jc] (a pair of Sevens)
Hatkevich: mucks hand 
M@verick21 collected $0.25 from pot
*** SUMMARY ***
Total pot $0.26 | Rake $0.01 
Board [7s 5c 7h 4d 3h]
Seat 1: JayJayJohnson folded before Flop (didn't bet)
Seat 2: NoLove93 folded before Flop (didn't bet)
Seat 4: gmitoi folded before Flop (didn't bet)
Seat 5: Dorex2007 folded before Flop (didn't bet)
Seat 6: AGVsmarT folded before Flop (didn't bet)
Seat 7: Hatkevich (button) mucked [Kc 8c]
Seat 8: mullski326 (small blind) folded before Flop
Seat 9: M@verick21 (big blind) showed [Ac Jc] and won ($0.25) with a pair of Sevens



PokerStars Hand #238358329988:  Hold'em No Limit ($0.02/$0.05 USD) - 2022/09/01 16:25:59 PT [2022/09/01 19:25:59 ET]
Table 'Cornelia II' 9-max Seat #8 is the button
Seat 1: JayJayJohnson ($7.12 in chips) 
Seat 2: NoLove93 ($9.21 in chips) 
Seat 3: GodzillaKK ($5 in chips) 
Seat 4: gmitoi ($13.78 in chips) 
Seat 5: Dorex2007 ($5.03 in chips) 
Seat 6: AGVsmarT ($3.54 in chips) 
Seat 7: Hatkevich ($6.17 in chips) 
Seat 8: mullski326 ($3.98 in chips) 
Seat 9: M@verick21 ($5.29 in chips) 
M@verick21: posts small blind $0.02
JayJayJohnson: posts big blind $0.05
*** HOLE CARDS ***
Dealt to Dorex2007 [3s 2c]
NoLove93: folds 
GodzillaKK: calls $0.05
gmitoi: folds 
Dorex2007: folds 
AGVsmarT: folds 
Hatkevich: raises $0.10 to $0.15
mullski326: folds 
M@verick21: folds 
JayJayJohnson: folds 
GodzillaKK: calls $0.10
*** FLOP *** [2h Js 4s]
GodzillaKK: bets $0.25
Hatkevich: calls $0.25
*** TURN *** [2h Js 4s] [8h]
GodzillaKK: bets $0.25
Hatkevich: raises $0.65 to $0.90
GodzillaKK: calls $0.65
*** RIVER *** [2h Js 4s 8h] [Ad]
GodzillaKK: bets $0.35
Hatkevich: raises $4.52 to $4.87 and is all-in
GodzillaKK: folds 
Uncalled bet ($4.52) returned to Hatkevich
Hatkevich collected $3.23 from pot
Hatkevich: doesn't show hand 
*** SUMMARY ***
Total pot $3.37 | Rake $0.14 
Board [2h Js 4s 8h Ad]
Seat 1: JayJayJohnson (big blind) folded before Flop
Seat 2: NoLove93 folded before Flop (didn't bet)
Seat 3: GodzillaKK folded on the River
Seat 4: gmitoi folded before Flop (didn't bet)
Seat 5: Dorex2007 folded before Flop (didn't bet)
Seat 6: AGVsmarT folded before Flop (didn't bet)
Seat 7: Hatkevich collected ($3.23)
Seat 8: mullski326 (button) folded before Flop (didn't bet)
Seat 9: M@verick21 (small blind) folded before Flop



PokerStars Hand #238358345930:  Hold'em No Limit ($0.02/$0.05 USD) - 2022/09/01 16:26:59 PT [2022/09/01 19:26:59 ET]
Table 'Cornelia II' 9-max Seat #9 is the button
Seat 1: JayJayJohnson ($7.07 in chips) 
Seat 2: NoLove93 ($9.21 in chips) 
Seat 3: GodzillaKK ($3.35 in chips) 
Seat 4: gmitoi ($13.78 in chips) 
Seat 5: Dorex2007 ($5.03 in chips) 
Seat 6: AGVsmarT ($3.54 in chips) 
Seat 7: Hatkevich ($7.75 in chips) 
Seat 8: mullski326 ($3.98 in chips) 
Seat 9: M@verick21 ($5.27 in chips) 
JayJayJohnson: posts small blind $0.02
NoLove93: posts big blind $0.05
*** HOLE CARDS ***
Dealt to Dorex2007 [3h 2d]
GodzillaKK: raises $0.30 to $0.35
gmitoi: folds 
Dorex2007: folds 
AGVsmarT: folds 
Hatkevich: folds 
mullski326: calls $0.35
M@verick21: folds 
JayJayJohnson: folds 
NoLove93: folds 
*** FLOP *** [Qh 6c 8h]
GodzillaKK: bets $0.30
mullski326: folds 
Uncalled bet ($0.30) returned to GodzillaKK
GodzillaKK collected $0.74 from pot
*** SUMMARY ***
Total pot $0.77 | Rake $0.03 
Board [Qh 6c 8h]
Seat 1: JayJayJohnson (small blind) folded before Flop
Seat 2: NoLove93 (big blind) folded before Flop
Seat 3: GodzillaKK collected ($0.74)
Seat 4: gmitoi folded before Flop (didn't bet)
Seat 5: Dorex2007 folded before Flop (didn't bet)
Seat 6: AGVsmarT folded before Flop (didn't bet)
Seat 7: Hatkevich folded before Flop (didn't bet)
Seat 8: mullski326 folded on the Flop
Seat 9: M@verick21 (button) folded before Flop (didn't bet)



PokerStars Hand #238358356192:  Hold'em No Limit ($0.02/$0.05 USD) - 2022/09/01 16:27:38 PT [2022/09/01 19:27:38 ET]
Table 'Cornelia II' 9-max Seat #1 is the button
Seat 1: JayJayJohnson ($7.05 in chips) 
Seat 2: NoLove93 ($9.16 in chips) 
Seat 3: GodzillaKK ($3.74 in chips) 
Seat 4: gmitoi ($13.78 in chips) 
Seat 5: Dorex2007 ($5.03 in chips) 
Seat 6: AGVsmarT ($3.54 in chips) 
Seat 7: Hatkevich ($7.75 in chips) 
Seat 8: mullski326 ($3.63 in chips) 
Seat 9: M@verick21 ($5.27 in chips) 
NoLove93: posts small blind $0.02
GodzillaKK: posts big blind $0.05
*** HOLE CARDS ***
Dealt to Dorex2007 [2s 8d]
gmitoi has timed out
gmitoi: folds 
Dorex2007: folds 
AGVsmarT: folds 
Hatkevich: folds 
mullski326: folds 
M@verick21: folds 
JayJayJohnson: raises $0.10 to $0.15
NoLove93: folds 
GodzillaKK: raises $0.20 to $0.35
JayJayJohnson: calls $0.20
*** FLOP *** [3s Jc 9c]
GodzillaKK: bets $0.45
JayJayJohnson: calls $0.45
*** TURN *** [3s Jc 9c] [Kd]
GodzillaKK: bets $2.94 and is all-in
JayJayJohnson: folds 
Uncalled bet ($2.94) returned to GodzillaKK
GodzillaKK collected $1.55 from pot
*** SUMMARY ***
Total pot $1.62 | Rake $0.07 
Board [3s Jc 9c Kd]
Seat 1: JayJayJohnson (button) folded on the Turn
Seat 2: NoLove93 (small blind) folded before Flop
Seat 3: GodzillaKK (big blind) collected ($1.55)
Seat 4: gmitoi folded before Flop (didn't bet)
Seat 5: Dorex2007 folded before Flop (didn't bet)
Seat 6: AGVsmarT folded before Flop (didn't bet)
Seat 7: Hatkevich folded before Flop (didn't bet)
Seat 8: mullski326 folded before Flop (didn't bet)
Seat 9: M@verick21 folded before Flop (didn't bet)



PokerStars Hand #238358368458:  Hold'em No Limit ($0.02/$0.05 USD) - 2022/09/01 16:28:25 PT [2022/09/01 19:28:25 ET]
Table 'Cornelia II' 9-max Seat #2 is the button
Seat 1: JayJayJohnson ($6.25 in chips) 
Seat 2: NoLove93 ($9.14 in chips) 
Seat 3: GodzillaKK ($4.49 in chips) 
Seat 4: gmitoi ($13.78 in chips) 
Seat 5: Dorex2007 ($5.03 in chips) 
Seat 6: AGVsmarT ($3.54 in chips) 
Seat 7: Hatkevich ($7.75 in chips) 
Seat 8: mullski326 ($3.63 in chips) 
Seat 9: M@verick21 ($5.27 in chips) 
GodzillaKK: posts small blind $0.02
gmitoi: posts big blind $0.05
*** HOLE CARDS ***
Dealt to Dorex2007 [Kd 9h]
Dorex2007: folds 
AGVsmarT: folds 
Hatkevich: folds 
mullski326: folds 
M@verick21: folds 
JayJayJohnson: folds 
NoLove93: raises $0.10 to $0.15
GodzillaKK: calls $0.13
gmitoi: calls $0.10
*** FLOP *** [5s 7d 5d]
GodzillaKK: checks 
gmitoi: checks 
NoLove93: checks 
*** TURN *** [5s 7d 5d] [As]
GodzillaKK: checks 
gmitoi: checks 
NoLove93: checks 
*** RIVER *** [5s 7d 5d As] [Th]
GodzillaKK: checks 
gmitoi: checks 
NoLove93: checks 
*** SHOW DOWN ***
GodzillaKK: shows [Js 8d] (a pair of Fives)
gmitoi: shows [Jd Ks] (a pair of Fives - Ace+King kicker)
NoLove93: shows [Ac 3s] (two pair, Aces and Fives)
NoLove93 collected $0.43 from pot
*** SUMMARY ***
Total pot $0.45 | Rake $0.02 
Board [5s 7d 5d As Th]
Seat 1: JayJayJohnson folded before Flop (didn't bet)
Seat 2: NoLove93 (button) showed [Ac 3s] and won ($0.43) with two pair, Aces and Fives
Seat 3: GodzillaKK (small blind) showed [Js 8d] and lost with a pair of Fives
Seat 4: gmitoi (big blind) showed [Jd Ks] and lost with a pair of Fives
Seat 5: Dorex2007 folded before Flop (didn't bet)
Seat 6: AGVsmarT folded before Flop (didn't bet)
Seat 7: Hatkevich folded before Flop (didn't bet)
Seat 8: mullski326 folded before Flop (didn't bet)
Seat 9: M@verick21 folded before Flop (didn't bet)



PokerStars Hand #238358388724:  Hold'em No Limit ($0.02/$0.05 USD) - 2022/09/01 16:29:42 PT [2022/09/01 19:29:42 ET]
Table 'Cornelia II' 9-max Seat #3 is the button
Seat 1: JayJayJohnson ($6.25 in chips) 
Seat 2: NoLove93 ($9.42 in chips) 
Seat 3: GodzillaKK ($4.34 in chips) 
Seat 4: gmitoi ($13.63 in chips) 
Seat 5: Dorex2007 ($5.03 in chips) 
Seat 6: AGVsmarT ($3.54 in chips) 
Seat 7: Hatkevich ($7.75 in chips) 
Seat 8: mullski326 ($3.63 in chips) 
Seat 9: M@verick21 ($5.27 in chips) 
gmitoi: posts small blind $0.02
Dorex2007: posts big blind $0.05
*** HOLE CARDS ***
Dealt to Dorex2007 [5c 5d]
AGVsmarT has timed out
AGVsmarT: folds 
Hatkevich: folds 
mullski326: folds 
M@verick21: folds 
JayJayJohnson: folds 
NoLove93: folds 
GodzillaKK: folds 
gmitoi: raises $0.10 to $0.15
Dorex2007: calls $0.10
*** FLOP *** [Kh 4h 6h]
gmitoi: checks 
Dorex2007: bets $0.19
gmitoi: folds 
Uncalled bet ($0.19) returned to Dorex2007
Dorex2007 collected $0.29 from pot
Dorex2007: doesn't show hand 
*** SUMMARY ***
Total pot $0.30 | Rake $0.01 
Board [Kh 4h 6h]
Seat 1: JayJayJohnson folded before Flop (didn't bet)
Seat 2: NoLove93 folded before Flop (didn't bet)
Seat 3: GodzillaKK (button) folded before Flop (didn't bet)
Seat 4: gmitoi (small blind) folded on the Flop
Seat 5: Dorex2007 (big blind) collected ($0.29)
Seat 6: AGVsmarT folded before Flop (didn't bet)
Seat 7: Hatkevich folded before Flop (didn't bet)
Seat 8: mullski326 folded before Flop (didn't bet)
Seat 9: M@verick21 folded before Flop (didn't bet)



PokerStars Hand #238358397285:  Hold'em No Limit ($0.02/$0.05 USD) - 2022/09/01 16:30:15 PT [2022/09/01 19:30:15 ET]
Table 'Cornelia II' 9-max Seat #4 is the button
Seat 1: JayJayJohnson ($6.25 in chips) 
Seat 2: NoLove93 ($9.42 in chips) 
Seat 3: GodzillaKK ($4.34 in chips) 
Seat 4: gmitoi ($13.48 in chips) 
Seat 5: Dorex2007 ($5.17 in chips) 
Seat 7: Hatkevich ($7.75 in chips) 
Seat 8: mullski326 ($3.63 in chips) 
Seat 9: M@verick21 ($5.27 in chips) 
Dorex2007: posts small blind $0.02
Hatkevich: posts big blind $0.05
*** HOLE CARDS ***
Dealt to Dorex2007 [7c 7d]
mullski326: folds 
M@verick21: folds 
JayJayJohnson: raises $0.10 to $0.15
NoLove93: folds 
GodzillaKK: raises $0.20 to $0.35
gmitoi: folds 
Dorex2007: folds 
Hatkevich: folds 
JayJayJohnson: calls $0.20
*** FLOP *** [7h Tc 2s]
JayJayJohnson: checks 
GodzillaKK: bets $0.35
JayJayJohnson: calls $0.35
*** TURN *** [7h Tc 2s] [Ac]
JayJayJohnson: checks 
GodzillaKK: bets $0.40
JayJayJohnson: calls $0.40
*** RIVER *** [7h Tc 2s Ac] [Qd]
JayJayJohnson: checks 
GodzillaKK: checks 
*** SHOW DOWN ***
JayJayJohnson: shows [Kh Th] (a pair of Tens)
GodzillaKK: shows [6h As] (a pair of Aces)
GodzillaKK collected $2.18 from pot
*** SUMMARY ***
Total pot $2.27 | Rake $0.09 
Board [7h Tc 2s Ac Qd]
Seat 1: JayJayJohnson showed [Kh Th] and lost with a pair of Tens
Seat 2: NoLove93 folded before Flop (didn't bet)
Seat 3: GodzillaKK showed [6h As] and won ($2.18) with a pair of Aces
Seat 4: gmitoi (button) folded before Flop (didn't bet)
Seat 5: Dorex2007 (small blind) folded before Flop
Seat 7: Hatkevich (big blind) folded before Flop
Seat 8: mullski326 folded before Flop (didn't bet)
Seat 9: M@verick21 folded before Flop (didn't bet)



PokerStars Hand #238358409894:  Hold'em No Limit ($0.02/$0.05 USD) - 2022/09/01 16:31:03 PT [2022/09/01 19:31:03 ET]
Table 'Cornelia II' 9-max Seat #5 is the button
Seat 1: JayJayJohnson ($5.15 in chips) 
Seat 2: NoLove93 ($9.42 in chips) 
Seat 3: GodzillaKK ($5.42 in chips) 
Seat 4: gmitoi ($13.48 in chips) 
Seat 5: Dorex2007 ($5.15 in chips) 
Seat 7: Hatkevich ($7.70 in chips) 
Seat 8: mullski326 ($3.63 in chips) 
Seat 9: M@verick21 ($5.27 in chips) 
Hatkevich: posts small blind $0.02
mullski326: posts big blind $0.05
*** HOLE CARDS ***
Dealt to Dorex2007 [Jd Qc]
M@verick21: folds 
JayJayJohnson: folds 
NoLove93: folds 
GodzillaKK: calls $0.05
gmitoi: calls $0.05
Dorex2007: calls $0.05
Hatkevich: folds 
mullski326: checks 
*** FLOP *** [5c Td 6c]
mullski326: checks 
GodzillaKK: checks 
gmitoi: checks 
Dorex2007: checks 
*** TURN *** [5c Td 6c] [Qd]
mullski326: checks 
GodzillaKK: checks 
gmitoi: bets $0.10
Dorex2007: calls $0.10
mullski326: calls $0.10
GodzillaKK: folds 
*** RIVER *** [5c Td 6c Qd] [7h]
mullski326: checks 
gmitoi: checks 
Dorex2007: checks 
*** SHOW DOWN ***
mullski326: shows [8h Jc] (high card Queen)
gmitoi: shows [8d 6d] (a pair of Sixes)
Dorex2007: shows [Jd Qc] (a pair of Queens)
Dorex2007 collected $0.50 from pot
*** SUMMARY ***
Total pot $0.52 | Rake $0.02 
Board [5c Td 6c Qd 7h]
Seat 1: JayJayJohnson folded before Flop (didn't bet)
Seat 2: NoLove93 folded before Flop (didn't bet)
Seat 3: GodzillaKK folded on the Turn
Seat 4: gmitoi showed [8d 6d] and lost with a pair of Sixes
Seat 5: Dorex2007 (button) showed [Jd Qc] and won ($0.50) with a pair of Queens
Seat 7: Hatkevich (small blind) folded before Flop
Seat 8: mullski326 (big blind) showed [8h Jc] and lost with high card Queen
Seat 9: M@verick21 folded before Flop (didn't bet)



PokerStars Hand #238358423674:  Hold'em No Limit ($0.02/$0.05 USD) - 2022/09/01 16:31:58 PT [2022/09/01 19:31:58 ET]
Table 'Cornelia II' 9-max Seat #7 is the button
Seat 1: JayJayJohnson ($5.15 in chips) 
Seat 2: NoLove93 ($9.42 in chips) 
Seat 3: GodzillaKK ($5.37 in chips) 
Seat 4: gmitoi ($13.33 in chips) 
Seat 5: Dorex2007 ($5.50 in chips) 
Seat 7: Hatkevich ($7.68 in chips) 
Seat 8: mullski326 ($3.48 in chips) 
Seat 9: M@verick21 ($5.27 in chips) 
mullski326: posts small blind $0.02
M@verick21: posts big blind $0.05
AGVsmarT: sits out 
*** HOLE CARDS ***
Dealt to Dorex2007 [Qs 6d]
JayJayJohnson: folds 
NoLove93: folds 
GodzillaKK: folds 
gmitoi: folds 
Dorex2007: folds 
Hatkevich: folds 
mullski326: calls $0.03
M@verick21: checks 
*** FLOP *** [4s 5d Qc]
mullski326: checks 
M@verick21: checks 
*** TURN *** [4s 5d Qc] [Kd]
mullski326: bets $0.05
M@verick21: calls $0.05
*** RIVER *** [4s 5d Qc Kd] [4d]
mullski326: bets $0.09
M@verick21: folds 
Uncalled bet ($0.09) returned to mullski326
mullski326 collected $0.19 from pot
*** SUMMARY ***
Total pot $0.20 | Rake $0.01 
Board [4s 5d Qc Kd 4d]
Seat 1: JayJayJohnson folded before Flop (didn't bet)
Seat 2: NoLove93 folded before Flop (didn't bet)
Seat 3: GodzillaKK folded before Flop (didn't bet)
Seat 4: gmitoi folded before Flop (didn't bet)
Seat 5: Dorex2007 folded before Flop (didn't bet)
Seat 7: Hatkevich (button) folded before Flop (didn't bet)
Seat 8: mullski326 (small blind) collected ($0.19)
Seat 9: M@verick21 (big blind) folded on the River



PokerStars Hand #238358435729:  Hold'em No Limit ($0.02/$0.05 USD) - 2022/09/01 16:32:45 PT [2022/09/01 19:32:45 ET]
Table 'Cornelia II' 9-max Seat #8 is the button
Seat 1: JayJayJohnson ($5.15 in chips) 
Seat 2: NoLove93 ($9.42 in chips) 
Seat 3: GodzillaKK ($5.37 in chips) 
Seat 4: gmitoi ($13.33 in chips) 
Seat 5: Dorex2007 ($5.50 in chips) 
Seat 7: Hatkevich ($7.68 in chips) 
Seat 8: mullski326 ($3.57 in chips) 
Seat 9: M@verick21 ($5.17 in chips) 
M@verick21: posts small blind $0.02
JayJayJohnson: posts big blind $0.05
AGVsmarT: sits out 
*** HOLE CARDS ***
Dealt to Dorex2007 [2d 3h]
NoLove93: folds 
GodzillaKK: folds 
gmitoi: folds 
Dorex2007: folds 
Hatkevich: raises $0.07 to $0.12
mullski326: folds 
M@verick21: calls $0.10
JayJayJohnson: calls $0.07
*** FLOP *** [Jc 4d Tc]
M@verick21: checks 
JayJayJohnson: checks 
Hatkevich: checks 
*** TURN *** [Jc 4d Tc] [Ac]
M@verick21: checks 
JayJayJohnson: checks 
Hatkevich: bets $0.25
M@verick21: folds 
JayJayJohnson: calls $0.25
*** RIVER *** [Jc 4d Tc Ac] [8h]
JayJayJohnson: checks 
Hatkevich: bets $0.35
JayJayJohnson: calls $0.35
*** SHOW DOWN ***
Hatkevich: shows [Kh Qs] (a straight, Ten to Ace)
JayJayJohnson: mucks hand 
Hatkevich collected $1.50 from pot
*** SUMMARY ***
Total pot $1.56 | Rake $0.06 
Board [Jc 4d Tc Ac 8h]
Seat 1: JayJayJohnson (big blind) mucked [6h Ah]
Seat 2: NoLove93 folded before Flop (didn't bet)
Seat 3: GodzillaKK folded before Flop (didn't bet)
Seat 4: gmitoi folded before Flop (didn't bet)
Seat 5: Dorex2007 folded before Flop (didn't bet)
Seat 7: Hatkevich showed [Kh Qs] and won ($1.50) with a straight, Ten to Ace
Seat 8: mullski326 (button) folded before Flop (didn't bet)
Seat 9: M@verick21 (small blind) folded on the Turn



PokerStars Hand #238358454335:  Hold'em No Limit ($0.02/$0.05 USD) - 2022/09/01 16:33:58 PT [2022/09/01 19:33:58 ET]
Table 'Cornelia II' 9-max Seat #9 is the button
Seat 1: JayJayJohnson ($4.43 in chips) 
Seat 2: NoLove93 ($9.42 in chips) 
Seat 3: GodzillaKK ($5.37 in chips) 
Seat 4: gmitoi ($13.33 in chips) 
Seat 5: Dorex2007 ($5.50 in chips) 
Seat 7: Hatkevich ($8.46 in chips) 
Seat 8: mullski326 ($3.57 in chips) 
Seat 9: M@verick21 ($5.05 in chips) 
JayJayJohnson: posts small blind $0.02
NoLove93: posts big blind $0.05
AGVsmarT: sits out 
*** HOLE CARDS ***
Dealt to Dorex2007 [Qs 7c]
GodzillaKK: calls $0.05
gmitoi: folds 
Dorex2007: folds 
Hatkevich: folds 
mullski326: folds 
M@verick21: folds 
JayJayJohnson: raises $0.15 to $0.20
NoLove93: folds 
GodzillaKK: folds 
Uncalled bet ($0.15) returned to JayJayJohnson
JayJayJohnson collected $0.15 from pot
*** SUMMARY ***
Total pot $0.15 | Rake $0 
Seat 1: JayJayJohnson (small blind) collected ($0.15)
Seat 2: NoLove93 (big blind) folded before Flop
Seat 3: GodzillaKK folded before Flop
Seat 4: gmitoi folded before Flop (didn't bet)
Seat 5: Dorex2007 folded before Flop (didn't bet)
Seat 7: Hatkevich folded before Flop (didn't bet)
Seat 8: mullski326 folded before Flop (didn't bet)
Seat 9: M@verick21 (button) folded before Flop (didn't bet)



PokerStars Hand #238358462223:  Hold'em No Limit ($0.02/$0.05 USD) - 2022/09/01 16:34:29 PT [2022/09/01 19:34:29 ET]
Table 'Cornelia II' 9-max Seat #1 is the button
Seat 1: JayJayJohnson ($4.53 in chips) 
Seat 2: NoLove93 ($9.37 in chips) 
Seat 3: GodzillaKK ($5.32 in chips) 
Seat 4: gmitoi ($13.33 in chips) 
Seat 5: Dorex2007 ($5.50 in chips) 
Seat 7: Hatkevich ($8.46 in chips) 
Seat 8: mullski326 ($3.57 in chips) 
Seat 9: M@verick21 ($5.05 in chips) 
NoLove93: posts small blind $0.02
GodzillaKK: posts big blind $0.05
AGVsmarT: sits out 
*** HOLE CARDS ***
Dealt to Dorex2007 [Kd Qh]
gmitoi: folds 
Dorex2007: folds 
Hatkevich: folds 
mullski326: folds 
M@verick21: folds 
JayJayJohnson: raises $0.10 to $0.15
NoLove93: folds 
GodzillaKK: calls $0.10
*** FLOP *** [2d Jd 6d]
GodzillaKK: bets $0.20
JayJayJohnson: raises $0.71 to $0.91
GodzillaKK: calls $0.71
*** TURN *** [2d Jd 6d] [3s]
GodzillaKK: checks 
JayJayJohnson: bets $1.32
GodzillaKK: calls $1.32
*** RIVER *** [2d Jd 6d 3s] [Ah]
GodzillaKK: bets $0.50
JayJayJohnson: raises $1.65 to $2.15 and is all-in
GodzillaKK: folds 
Uncalled bet ($1.65) returned to JayJayJohnson
JayJayJohnson collected $5.54 from pot
*** SUMMARY ***
Total pot $5.78 | Rake $0.24 
Board [2d Jd 6d 3s Ah]
Seat 1: JayJayJohnson (button) collected ($5.54)
Seat 2: NoLove93 (small blind) folded before Flop
Seat 3: GodzillaKK (big blind) folded on the River
Seat 4: gmitoi folded before Flop (didn't bet)
Seat 5: Dorex2007 folded before Flop (didn't bet)
Seat 7: Hatkevich folded before Flop (didn't bet)
Seat 8: mullski326 folded before Flop (didn't bet)
Seat 9: M@verick21 folded before Flop (didn't bet)



PokerStars Hand #238358476979:  Hold'em No Limit ($0.02/$0.05 USD) - 2022/09/01 16:35:28 PT [2022/09/01 19:35:28 ET]
Table 'Cornelia II' 9-max Seat #2 is the button
Seat 1: JayJayJohnson ($7.19 in chips) 
Seat 2: NoLove93 ($9.35 in chips) 
Seat 3: GodzillaKK ($2.44 in chips) 
Seat 4: gmitoi ($13.33 in chips) 
Seat 5: Dorex2007 ($5.50 in chips) 
Seat 7: Hatkevich ($8.46 in chips) 
Seat 8: mullski326 ($3.57 in chips) 
Seat 9: M@verick21 ($5.05 in chips) 
GodzillaKK: posts small blind $0.02
gmitoi: posts big blind $0.05
AGVsmarT: sits out 
*** HOLE CARDS ***
Dealt to Dorex2007 [Ac Kh]
Dorex2007: raises $0.10 to $0.15
Hatkevich: folds 
mullski326: calls $0.15
M@verick21: folds 
JayJayJohnson: folds 
NoLove93: folds 
GodzillaKK: raises $0.25 to $0.40
gmitoi: folds 
Dorex2007: folds 
mullski326: calls $0.25
*** FLOP *** [2h Ks 4s]
GodzillaKK: bets $0.40
mullski326: folds 
Uncalled bet ($0.40) returned to GodzillaKK
GodzillaKK collected $0.96 from pot
*** SUMMARY ***
Total pot $1 | Rake $0.04 
Board [2h Ks 4s]
Seat 1: JayJayJohnson folded before Flop (didn't bet)
Seat 2: NoLove93 (button) folded before Flop (didn't bet)
Seat 3: GodzillaKK (small blind) collected ($0.96)
Seat 4: gmitoi (big blind) folded before Flop
Seat 5: Dorex2007 folded before Flop
Seat 7: Hatkevich folded before Flop (didn't bet)
Seat 8: mullski326 folded on the Flop
Seat 9: M@verick21 folded before Flop (didn't bet)



PokerStars Hand #238358485074:  Hold'em No Limit ($0.02/$0.05 USD) - 2022/09/01 16:36:00 PT [2022/09/01 19:36:00 ET]
Table 'Cornelia II' 9-max Seat #3 is the button
Seat 1: JayJayJohnson ($7.19 in chips) 
Seat 2: NoLove93 ($9.35 in chips) 
Seat 3: GodzillaKK ($3 in chips) 
Seat 4: gmitoi ($13.28 in chips) 
Seat 5: Dorex2007 ($5.35 in chips) 
Seat 7: Hatkevich ($8.46 in chips) 
Seat 8: mullski326 ($3.17 in chips) 
Seat 9: M@verick21 ($5.05 in chips) 
gmitoi: posts small blind $0.02
Dorex2007: posts big blind $0.05
AGVsmarT: sits out 
*** HOLE CARDS ***
Dealt to Dorex2007 [Qc Ah]
Hatkevich: folds 
mullski326: folds 
M@verick21: folds 
JayJayJohnson: folds 
NoLove93: folds 
GodzillaKK: calls $0.05
gmitoi: calls $0.03
Dorex2007: raises $0.15 to $0.20
GodzillaKK: calls $0.15
gmitoi: folds 
*** FLOP *** [8h 2h Th]
Dorex2007: bets $0.43
GodzillaKK: folds 
Uncalled bet ($0.43) returned to Dorex2007
Dorex2007 collected $0.43 from pot
Dorex2007: doesn't show hand 
*** SUMMARY ***
Total pot $0.45 | Rake $0.02 
Board [8h 2h Th]
Seat 1: JayJayJohnson folded before Flop (didn't bet)
Seat 2: NoLove93 folded before Flop (didn't bet)
Seat 3: GodzillaKK (button) folded on the Flop
Seat 4: gmitoi (small blind) folded before Flop
Seat 5: Dorex2007 (big blind) collected ($0.43)
Seat 7: Hatkevich folded before Flop (didn't bet)
Seat 8: mullski326 folded before Flop (didn't bet)
Seat 9: M@verick21 folded before Flop (didn't bet)



PokerStars Hand #238358494278:  Hold'em No Limit ($0.02/$0.05 USD) - 2022/09/01 16:36:37 PT [2022/09/01 19:36:37 ET]
Table 'Cornelia II' 9-max Seat #4 is the button
Seat 1: JayJayJohnson ($7.19 in chips) 
Seat 2: NoLove93 ($9.35 in chips) 
Seat 3: GodzillaKK ($2.80 in chips) 
Seat 4: gmitoi ($13.23 in chips) 
Seat 5: Dorex2007 ($5.58 in chips) 
Seat 6: AGVsmarT ($5 in chips) 
Seat 7: Hatkevich ($8.46 in chips) 
Seat 8: mullski326 ($3.17 in chips) 
Seat 9: M@verick21 ($5.05 in chips) 
Dorex2007: posts small blind $0.02
AGVsmarT: posts big blind $0.05
*** HOLE CARDS ***
Dealt to Dorex2007 [7h 3d]
Hatkevich: raises $0.10 to $0.15
mullski326: folds 
M@verick21: folds 
JayJayJohnson: folds 
NoLove93: folds 
GodzillaKK: calls $0.15
gmitoi: folds 
Dorex2007: folds 
AGVsmarT: calls $0.10
*** FLOP *** [Qh 9h 6c]
AGVsmarT: checks 
Hatkevich: checks 
GodzillaKK: bets $0.50
AGVsmarT: folds 
Hatkevich: folds 
Uncalled bet ($0.50) returned to GodzillaKK
GodzillaKK collected $0.45 from pot
*** SUMMARY ***
Total pot $0.47 | Rake $0.02 
Board [Qh 9h 6c]
Seat 1: JayJayJohnson folded before Flop (didn't bet)
Seat 2: NoLove93 folded before Flop (didn't bet)
Seat 3: GodzillaKK collected ($0.45)
Seat 4: gmitoi (button) folded before Flop (didn't bet)
Seat 5: Dorex2007 (small blind) folded before Flop
Seat 6: AGVsmarT (big blind) folded on the Flop
Seat 7: Hatkevich folded on the Flop
Seat 8: mullski326 folded before Flop (didn't bet)
Seat 9: M@verick21 folded before Flop (didn't bet)



PokerStars Hand #238358504072:  Hold'em No Limit ($0.02/$0.05 USD) - 2022/09/01 16:37:16 PT [2022/09/01 19:37:16 ET]
Table 'Cornelia II' 9-max Seat #5 is the button
Seat 1: JayJayJohnson ($7.19 in chips) 
Seat 2: NoLove93 ($9.35 in chips) 
Seat 3: GodzillaKK ($3.10 in chips) 
Seat 4: gmitoi ($13.23 in chips) 
Seat 5: Dorex2007 ($5.56 in chips) 
Seat 6: AGVsmarT ($4.85 in chips) 
Seat 7: Hatkevich ($8.31 in chips) 
Seat 8: mullski326 ($3.17 in chips) 
Seat 9: M@verick21 ($5.05 in chips) 
AGVsmarT: posts small blind $0.02
Hatkevich: posts big blind $0.05
*** HOLE CARDS ***
Dealt to Dorex2007 [5d 8h]
mullski326: folds 
M@verick21: folds 
JayJayJohnson: folds 
NoLove93: folds 
GodzillaKK: calls $0.05
gmitoi: calls $0.05
Dorex2007: folds 
AGVsmarT: calls $0.03
Hatkevich: raises $0.25 to $0.30
GodzillaKK: folds 
gmitoi: calls $0.25
AGVsmarT: folds 
*** FLOP *** [Jc 2s As]
Hatkevich: bets $0.21
gmitoi: folds 
Uncalled bet ($0.21) returned to Hatkevich
Hatkevich collected $0.67 from pot
Hatkevich: doesn't show hand 
*** SUMMARY ***
Total pot $0.70 | Rake $0.03 
Board [Jc 2s As]
Seat 1: JayJayJohnson folded before Flop (didn't bet)
Seat 2: NoLove93 folded before Flop (didn't bet)
Seat 3: GodzillaKK folded before Flop
Seat 4: gmitoi folded on the Flop
Seat 5: Dorex2007 (button) folded before Flop (didn't bet)
Seat 6: AGVsmarT (small blind) folded before Flop
Seat 7: Hatkevich (big blind) collected ($0.67)
Seat 8: mullski326 folded before Flop (didn't bet)
Seat 9: M@verick21 folded before Flop (didn't bet)



PokerStars Hand #238358520571:  Hold'em No Limit ($0.02/$0.05 USD) - 2022/09/01 16:38:21 PT [2022/09/01 19:38:21 ET]
Table 'Cornelia II' 9-max Seat #6 is the button
Seat 1: JayJayJohnson ($7.19 in chips) 
Seat 2: NoLove93 ($9.35 in chips) 
Seat 3: GodzillaKK ($3.05 in chips) 
Seat 4: gmitoi ($12.93 in chips) 
Seat 5: Dorex2007 ($5.56 in chips) 
Seat 6: AGVsmarT ($4.80 in chips) 
Seat 7: Hatkevich ($8.68 in chips) 
Seat 8: mullski326 ($3.17 in chips) 
Seat 9: M@verick21 ($5.05 in chips) 
Hatkevich: posts small blind $0.02
mullski326: posts big blind $0.05
*** HOLE CARDS ***
Dealt to Dorex2007 [6d 6s]
M@verick21: folds 
JayJayJohnson: folds 
NoLove93: raises $0.07 to $0.12
GodzillaKK: raises $0.27 to $0.39
gmitoi: folds 
Dorex2007: folds 
AGVsmarT: folds 
Hatkevich: folds 
mullski326: folds 
NoLove93: calls $0.27
*** FLOP *** [Ks 4c 6c]
NoLove93: checks 
GodzillaKK: bets $0.45
NoLove93: folds 
Uncalled bet ($0.45) returned to GodzillaKK
GodzillaKK collected $0.81 from pot
*** SUMMARY ***
Total pot $0.85 | Rake $0.04 
Board [Ks 4c 6c]
Seat 1: JayJayJohnson folded before Flop (didn't bet)
Seat 2: NoLove93 folded on the Flop
Seat 3: GodzillaKK collected ($0.81)
Seat 4: gmitoi folded before Flop (didn't bet)
Seat 5: Dorex2007 folded before Flop (didn't bet)
Seat 6: AGVsmarT (button) folded before Flop (didn't bet)
Seat 7: Hatkevich (small blind) folded before Flop
Seat 8: mullski326 (big blind) folded before Flop
Seat 9: M@verick21 folded before Flop (didn't bet)



PokerStars Hand #238358532804:  Hold'em No Limit ($0.02/$0.05 USD) - 2022/09/01 16:39:10 PT [2022/09/01 19:39:10 ET]
Table 'Cornelia II' 9-max Seat #7 is the button
Seat 1: JayJayJohnson ($7.19 in chips) 
Seat 2: NoLove93 ($8.96 in chips) 
Seat 3: GodzillaKK ($3.47 in chips) 
Seat 4: gmitoi ($12.93 in chips) 
Seat 5: Dorex2007 ($5.56 in chips) 
Seat 6: AGVsmarT ($4.80 in chips) 
Seat 7: Hatkevich ($8.66 in chips) 
Seat 8: mullski326 ($3.12 in chips) 
Seat 9: M@verick21 ($5.05 in chips) 
mullski326: posts small blind $0.02
M@verick21: posts big blind $0.05
*** HOLE CARDS ***
Dealt to Dorex2007 [Jd 4c]
JayJayJohnson: folds 
NoLove93: folds 
GodzillaKK: calls $0.05
gmitoi: folds 
Dorex2007: folds 
AGVsmarT: folds 
Hatkevich: folds 
mullski326: calls $0.03
M@verick21: checks 
*** FLOP *** [6c As Qd]
mullski326: checks 
M@verick21: checks 
GodzillaKK: checks 
*** TURN *** [6c As Qd] [9s]
mullski326: checks 
M@verick21: bets $0.15
GodzillaKK: folds 
mullski326: calls $0.15
*** RIVER *** [6c As Qd 9s] [2s]
mullski326: checks 
M@verick21: checks 
*** SHOW DOWN ***
mullski326: shows [Kd Th] (high card Ace)
M@verick21: shows [Qc 5s] (a pair of Queens)
M@verick21 collected $0.43 from pot
*** SUMMARY ***
Total pot $0.45 | Rake $0.02 
Board [6c As Qd 9s 2s]
Seat 1: JayJayJohnson folded before Flop (didn't bet)
Seat 2: NoLove93 folded before Flop (didn't bet)
Seat 3: GodzillaKK folded on the Turn
Seat 4: gmitoi folded before Flop (didn't bet)
Seat 5: Dorex2007 folded before Flop (didn't bet)
Seat 6: AGVsmarT folded before Flop (didn't bet)
Seat 7: Hatkevich (button) folded before Flop (didn't bet)
Seat 8: mullski326 (small blind) showed [Kd Th] and lost with high card Ace
Seat 9: M@verick21 (big blind) showed [Qc 5s] and won ($0.43) with a pair of Queens



PokerStars Hand #238358542360:  Hold'em No Limit ($0.02/$0.05 USD) - 2022/09/01 16:39:48 PT [2022/09/01 19:39:48 ET]
Table 'Cornelia II' 9-max Seat #8 is the button
Seat 1: JayJayJohnson ($7.19 in chips) 
Seat 2: NoLove93 ($8.96 in chips) 
Seat 3: GodzillaKK ($3.42 in chips) 
Seat 4: gmitoi ($12.93 in chips) 
Seat 5: Dorex2007 ($5.56 in chips) 
Seat 6: AGVsmarT ($4.80 in chips) 
Seat 7: Hatkevich ($8.66 in chips) 
Seat 8: mullski326 ($2.92 in chips) 
Seat 9: M@verick21 ($5.28 in chips) 
M@verick21: posts small blind $0.02
JayJayJohnson: posts big blind $0.05
*** HOLE CARDS ***
Dealt to Dorex2007 [7s Jd]
NoLove93: folds 
GodzillaKK: calls $0.05
gmitoi: calls $0.05
Dorex2007: folds 
AGVsmarT: calls $0.05
Hatkevich: folds 
mullski326: folds 
M@verick21: calls $0.03
JayJayJohnson: checks 
*** FLOP *** [Kd 2h 2s]
M@verick21: checks 
JayJayJohnson: checks 
GodzillaKK: checks 
gmitoi: checks 
AGVsmarT has timed out
AGVsmarT: checks 
*** TURN *** [Kd 2h 2s] [Kh]
M@verick21: checks 
JayJayJohnson: checks 
GodzillaKK: checks 
gmitoi: checks 
AGVsmarT has timed out
AGVsmarT: checks 
*** RIVER *** [Kd 2h 2s Kh] [Tc]
M@verick21: bets $0.05
JayJayJohnson: folds 
GodzillaKK: folds 
gmitoi: calls $0.05
AGVsmarT has timed out
AGVsmarT: folds 
*** SHOW DOWN ***
M@verick21: shows [8c 8d] (two pair, Kings and Eights)
gmitoi: shows [8h Th] (two pair, Kings and Tens)
gmitoi collected $0.34 from pot
*** SUMMARY ***
Total pot $0.35 | Rake $0.01 
Board [Kd 2h 2s Kh Tc]
Seat 1: JayJayJohnson (big blind) folded on the River
Seat 2: NoLove93 folded before Flop (didn't bet)
Seat 3: GodzillaKK folded on the River
Seat 4: gmitoi showed [8h Th] and won ($0.34) with two pair, Kings and Tens
Seat 5: Dorex2007 folded before Flop (didn't bet)
Seat 6: AGVsmarT folded on the River
Seat 7: Hatkevich folded before Flop (didn't bet)
Seat 8: mullski326 (button) folded before Flop (didn't bet)
Seat 9: M@verick21 (small blind) showed [8c 8d] and lost with two pair, Kings and Eights



PokerStars Hand #238358570472:  Hold'em No Limit ($0.02/$0.05 USD) - 2022/09/01 16:41:42 PT [2022/09/01 19:41:42 ET]
Table 'Cornelia II' 9-max Seat #9 is the button
Seat 1: JayJayJohnson ($7.14 in chips) 
Seat 2: NoLove93 ($8.96 in chips) 
Seat 3: GodzillaKK ($3.37 in chips) 
Seat 4: gmitoi ($13.17 in chips) 
Seat 5: Dorex2007 ($5.56 in chips) 
Seat 7: Hatkevich ($8.66 in chips) 
Seat 8: mullski326 ($2.92 in chips) 
Seat 9: M@verick21 ($5.18 in chips) 
JayJayJohnson: posts small blind $0.02
NoLove93: posts big blind $0.05
*** HOLE CARDS ***
Dealt to Dorex2007 [8s Jd]
GodzillaKK: folds 
gmitoi: folds 
Dorex2007: folds 
Hatkevich: folds 
mullski326: raises $0.10 to $0.15
M@verick21: folds 
JayJayJohnson: folds 
NoLove93: folds 
Uncalled bet ($0.10) returned to mullski326
mullski326 collected $0.12 from pot
*** SUMMARY ***
Total pot $0.12 | Rake $0 
Seat 1: JayJayJohnson (small blind) folded before Flop
Seat 2: NoLove93 (big blind) folded before Flop
Seat 3: GodzillaKK folded before Flop (didn't bet)
Seat 4: gmitoi folded before Flop (didn't bet)
Seat 5: Dorex2007 folded before Flop (didn't bet)
Seat 7: Hatkevich folded before Flop (didn't bet)
Seat 8: mullski326 collected ($0.12)
Seat 9: M@verick21 (button) folded before Flop (didn't bet)



PokerStars Hand #238358574535:  Hold'em No Limit ($0.02/$0.05 USD) - 2022/09/01 16:41:58 PT [2022/09/01 19:41:58 ET]
Table 'Cornelia II' 9-max Seat #1 is the button
Seat 1: JayJayJohnson ($7.12 in chips) 
Seat 2: NoLove93 ($8.91 in chips) 
Seat 3: GodzillaKK ($3.37 in chips) 
Seat 4: gmitoi ($13.17 in chips) 
Seat 5: Dorex2007 ($5.56 in chips) 
Seat 7: Hatkevich ($8.66 in chips) 
Seat 8: mullski326 ($2.99 in chips) 
Seat 9: M@verick21 ($5.18 in chips) 
NoLove93: posts small blind $0.02
GodzillaKK: posts big blind $0.05
*** HOLE CARDS ***
Dealt to Dorex2007 [6d 6c]
gmitoi: folds 
Dorex2007: folds 
Hatkevich: folds 
mullski326: folds 
M@verick21: folds 
JayJayJohnson: raises $0.10 to $0.15
NoLove93: raises $0.45 to $0.60
GodzillaKK: folds 
JayJayJohnson: folds 
Uncalled bet ($0.45) returned to NoLove93
NoLove93 collected $0.35 from pot
*** SUMMARY ***
Total pot $0.35 | Rake $0 
Seat 1: JayJayJohnson (button) folded before Flop
Seat 2: NoLove93 (small blind) collected ($0.35)
Seat 3: GodzillaKK (big blind) folded before Flop
Seat 4: gmitoi folded before Flop (didn't bet)
Seat 5: Dorex2007 folded before Flop (didn't bet)
Seat 7: Hatkevich folded before Flop (didn't bet)
Seat 8: mullski326 folded before Flop (didn't bet)
Seat 9: M@verick21 folded before Flop (didn't bet)



PokerStars Hand #238358580808:  Hold'em No Limit ($0.02/$0.05 USD) - 2022/09/01 16:42:24 PT [2022/09/01 19:42:24 ET]
Table 'Cornelia II' 9-max Seat #2 is the button
Seat 1: JayJayJohnson ($6.97 in chips) 
Seat 2: NoLove93 ($9.11 in chips) 
Seat 3: GodzillaKK ($3.32 in chips) 
Seat 4: gmitoi ($13.17 in chips) 
Seat 5: Dorex2007 ($5.56 in chips) 
Seat 6: AGVsmarT ($4.75 in chips) 
Seat 7: Hatkevich ($8.66 in chips) 
Seat 8: mullski326 ($2.99 in chips) 
Seat 9: M@verick21 ($5.18 in chips) 
GodzillaKK: posts small blind $0.02
gmitoi: posts big blind $0.05
*** HOLE CARDS ***
Dealt to Dorex2007 [6s 9h]
Dorex2007: folds 
AGVsmarT: calls $0.05
Hatkevich: folds 
mullski326: folds 
M@verick21: folds 
JayJayJohnson: folds 
NoLove93: folds 
GodzillaKK: calls $0.03
gmitoi: checks 
*** FLOP *** [Ks 3c 7d]
GodzillaKK: checks 
gmitoi: checks 
AGVsmarT: bets $0.05
GodzillaKK: calls $0.05
gmitoi: folds 
*** TURN *** [Ks 3c 7d] [9d]
GodzillaKK: checks 
AGVsmarT: bets $0.24
GodzillaKK: folds 
Uncalled bet ($0.24) returned to AGVsmarT
AGVsmarT collected $0.24 from pot
*** SUMMARY ***
Total pot $0.25 | Rake $0.01 
Board [Ks 3c 7d 9d]
Seat 1: JayJayJohnson folded before Flop (didn't bet)
Seat 2: NoLove93 (button) folded before Flop (didn't bet)
Seat 3: GodzillaKK (small blind) folded on the Turn
Seat 4: gmitoi (big blind) folded on the Flop
Seat 5: Dorex2007 folded before Flop (didn't bet)
Seat 6: AGVsmarT collected ($0.24)
Seat 7: Hatkevich folded before Flop (didn't bet)
Seat 8: mullski326 folded before Flop (didn't bet)
Seat 9: M@verick21 folded before Flop (didn't bet)



PokerStars Hand #238358592991:  Hold'em No Limit ($0.02/$0.05 USD) - 2022/09/01 16:43:13 PT [2022/09/01 19:43:13 ET]
Table 'Cornelia II' 9-max Seat #3 is the button
Seat 1: JayJayJohnson ($6.97 in chips) 
Seat 2: NoLove93 ($9.11 in chips) 
Seat 3: GodzillaKK ($3.22 in chips) 
Seat 4: gmitoi ($13.12 in chips) 
Seat 5: Dorex2007 ($5.56 in chips) 
Seat 6: AGVsmarT ($4.89 in chips) 
Seat 7: Hatkevich ($8.66 in chips) 
Seat 8: mullski326 ($2.99 in chips) 
Seat 9: M@verick21 ($5.18 in chips) 
gmitoi: posts small blind $0.02
Dorex2007: posts big blind $0.05
*** HOLE CARDS ***
Dealt to Dorex2007 [Jd Jc]
AGVsmarT: calls $0.05
Hatkevich: folds 
mullski326: folds 
M@verick21: folds 
JayJayJohnson: folds 
NoLove93: folds 
GodzillaKK: folds 
gmitoi: folds 
Dorex2007: raises $0.25 to $0.30
AGVsmarT: folds 
Uncalled bet ($0.25) returned to Dorex2007
Dorex2007 collected $0.12 from pot
Dorex2007: doesn't show hand 
*** SUMMARY ***
Total pot $0.12 | Rake $0 
Seat 1: JayJayJohnson folded before Flop (didn't bet)
Seat 2: NoLove93 folded before Flop (didn't bet)
Seat 3: GodzillaKK (button) folded before Flop (didn't bet)
Seat 4: gmitoi (small blind) folded before Flop
Seat 5: Dorex2007 (big blind) collected ($0.12)
Seat 6: AGVsmarT folded before Flop
Seat 7: Hatkevich folded before Flop (didn't bet)
Seat 8: mullski326 folded before Flop (didn't bet)
Seat 9: M@verick21 folded before Flop (didn't bet)



PokerStars Hand #238358599015:  Hold'em No Limit ($0.02/$0.05 USD) - 2022/09/01 16:43:38 PT [2022/09/01 19:43:38 ET]
Table 'Cornelia II' 9-max Seat #4 is the button
Seat 1: JayJayJohnson ($6.97 in chips) 
Seat 2: NoLove93 ($9.11 in chips) 
Seat 3: GodzillaKK ($3.22 in chips) 
Seat 4: gmitoi ($13.10 in chips) 
Seat 5: Dorex2007 ($5.63 in chips) 
Seat 6: AGVsmarT ($4.84 in chips) 
Seat 7: Hatkevich ($8.66 in chips) 
Seat 8: mullski326 ($2.99 in chips) 
Seat 9: M@verick21 ($5.18 in chips) 
Dorex2007: posts small blind $0.02
AGVsmarT: posts big blind $0.05
*** HOLE CARDS ***
Dealt to Dorex2007 [3h As]
Hatkevich: folds 
mullski326: raises $0.10 to $0.15
M@verick21: folds 
JayJayJohnson: folds 
NoLove93: folds 
GodzillaKK: calls $0.15
gmitoi: folds 
Dorex2007: folds 
AGVsmarT: folds 
*** FLOP *** [9s Ac 4h]
mullski326: bets $0.17
GodzillaKK: folds 
Uncalled bet ($0.17) returned to mullski326
mullski326 collected $0.35 from pot
*** SUMMARY ***
Total pot $0.37 | Rake $0.02 
Board [9s Ac 4h]
Seat 1: JayJayJohnson folded before Flop (didn't bet)
Seat 2: NoLove93 folded before Flop (didn't bet)
Seat 3: GodzillaKK folded on the Flop
Seat 4: gmitoi (button) folded before Flop (didn't bet)
Seat 5: Dorex2007 (small blind) folded before Flop
Seat 6: AGVsmarT (big blind) folded before Flop
Seat 7: Hatkevich folded before Flop (didn't bet)
Seat 8: mullski326 collected ($0.35)
Seat 9: M@verick21 folded before Flop (didn't bet)



PokerStars Hand #238358605966:  Hold'em No Limit ($0.02/$0.05 USD) - 2022/09/01 16:44:06 PT [2022/09/01 19:44:06 ET]
Table 'Cornelia II' 9-max Seat #5 is the button
Seat 1: JayJayJohnson ($6.97 in chips) 
Seat 2: NoLove93 ($9.11 in chips) 
Seat 3: GodzillaKK ($3.07 in chips) 
Seat 4: gmitoi ($13.10 in chips) 
Seat 5: Dorex2007 ($5.61 in chips) 
Seat 6: AGVsmarT ($4.79 in chips) 
Seat 7: Hatkevich ($8.66 in chips) 
Seat 8: mullski326 ($3.19 in chips) 
Seat 9: M@verick21 ($5.18 in chips) 
AGVsmarT: posts small blind $0.02
Hatkevich: posts big blind $0.05
*** HOLE CARDS ***
Dealt to Dorex2007 [4d 3d]
mullski326: folds 
M@verick21: folds 
JayJayJohnson: folds 
NoLove93: folds 
GodzillaKK: raises $0.30 to $0.35
gmitoi: folds 
Dorex2007: folds 
AGVsmarT: raises $0.75 to $1.10
Hatkevich: folds 
GodzillaKK: calls $0.75
*** FLOP *** [6s 8c 9c]
AGVsmarT: bets $2.16
GodzillaKK: calls $1.97 and is all-in
Uncalled bet ($0.19) returned to AGVsmarT
*** TURN *** [6s 8c 9c] [Th]
*** RIVER *** [6s 8c 9c Th] [9d]
*** SHOW DOWN ***
AGVsmarT: shows [Kd Kc] (two pair, Kings and Nines)
GodzillaKK: shows [Js 9h] (three of a kind, Nines)
GodzillaKK cashed out the hand for $1.25 | Cash Out Fee $0.01
*** SUMMARY ***
Total pot $6.19 | Rake $0.26 
Board [6s 8c 9c Th 9d]
Seat 1: JayJayJohnson folded before Flop (didn't bet)
Seat 2: NoLove93 folded before Flop (didn't bet)
Seat 3: GodzillaKK showed [Js 9h] and won ($5.93) with three of a kind, Nines (pot not awarded as player cashed out)
Seat 4: gmitoi folded before Flop (didn't bet)
Seat 5: Dorex2007 (button) folded before Flop (didn't bet)
Seat 6: AGVsmarT (small blind) showed [Kd Kc] and lost with two pair, Kings and Nines
Seat 7: Hatkevich (big blind) folded before Flop
Seat 8: mullski326 folded before Flop (didn't bet)
Seat 9: M@verick21 folded before Flop (didn't bet)



PokerStars Hand #238358615237:  Hold'em No Limit ($0.02/$0.05 USD) - 2022/09/01 16:44:44 PT [2022/09/01 19:44:44 ET]
Table 'Cornelia II' 9-max Seat #6 is the button
Seat 1: JayJayJohnson ($6.97 in chips) 
Seat 2: NoLove93 ($9.11 in chips) 
Seat 3: GodzillaKK ($1.25 in chips) 
Seat 4: gmitoi ($13.10 in chips) 
Seat 5: Dorex2007 ($5.61 in chips) 
Seat 6: AGVsmarT ($1.72 in chips) 
Seat 7: Hatkevich ($8.61 in chips) 
Seat 8: mullski326 ($5 in chips) 
Seat 9: M@verick21 ($5.18 in chips) 
Hatkevich: posts small blind $0.02
mullski326: posts big blind $0.05
*** HOLE CARDS ***
Dealt to Dorex2007 [8d Kd]
M@verick21: folds 
JayJayJohnson: raises $0.10 to $0.15
NoLove93: folds 
GodzillaKK: folds 
gmitoi: folds 
Dorex2007: folds 
AGVsmarT: calls $0.15
Hatkevich: folds 
mullski326: calls $0.10
*** FLOP *** [4c 2c 9c]
mullski326: checks 
JayJayJohnson: checks 
AGVsmarT: checks 
*** TURN *** [4c 2c 9c] [Qh]
mullski326: checks 
JayJayJohnson: checks 
AGVsmarT: bets $0.15
mullski326: folds 
JayJayJohnson: folds 
Uncalled bet ($0.15) returned to AGVsmarT
AGVsmarT collected $0.45 from pot
*** SUMMARY ***
Total pot $0.47 | Rake $0.02 
Board [4c 2c 9c Qh]
Seat 1: JayJayJohnson folded on the Turn
Seat 2: NoLove93 folded before Flop (didn't bet)
Seat 3: GodzillaKK folded before Flop (didn't bet)
Seat 4: gmitoi folded before Flop (didn't bet)
Seat 5: Dorex2007 folded before Flop (didn't bet)
Seat 6: AGVsmarT (button) collected ($0.45)
Seat 7: Hatkevich (small blind) folded before Flop
Seat 8: mullski326 (big blind) folded on the Turn
Seat 9: M@verick21 folded before Flop (didn't bet)



PokerStars Hand #238358627452:  Hold'em No Limit ($0.02/$0.05 USD) - 2022/09/01 16:45:35 PT [2022/09/01 19:45:35 ET]
Table 'Cornelia II' 9-max Seat #7 is the button
Seat 1: JayJayJohnson ($6.82 in chips) 
Seat 2: NoLove93 ($9.11 in chips) 
Seat 3: GodzillaKK ($1.25 in chips) 
Seat 4: gmitoi ($13.10 in chips) 
Seat 5: Dorex2007 ($5.61 in chips) 
Seat 6: AGVsmarT ($4.02 in chips) 
Seat 7: Hatkevich ($8.59 in chips) 
Seat 8: mullski326 ($4.85 in chips) 
Seat 9: M@verick21 ($5.18 in chips) 
mullski326: posts small blind $0.02
M@verick21: posts big blind $0.05
*** HOLE CARDS ***
Dealt to Dorex2007 [Kh 6s]
JayJayJohnson: folds 
NoLove93: folds 
GodzillaKK: calls $0.05
gmitoi: folds 
Dorex2007: folds 
AGVsmarT: folds 
Hatkevich: folds 
mullski326: calls $0.03
M@verick21: checks 
*** FLOP *** [7s 8h Qc]
mullski326: checks 
M@verick21: checks 
GodzillaKK: bets $0.05
mullski326: calls $0.05
M@verick21: folds 
*** TURN *** [7s 8h Qc] [Ad]
mullski326: checks 
GodzillaKK: checks 
*** RIVER *** [7s 8h Qc Ad] [2h]
mullski326: checks 
GodzillaKK: checks 
*** SHOW DOWN ***
mullski326: shows [Tc Jh] (high card Ace)
GodzillaKK: mucks hand 
mullski326 collected $0.24 from pot
*** SUMMARY ***
Total pot $0.25 | Rake $0.01 
Board [7s 8h Qc Ad 2h]
Seat 1: JayJayJohnson folded before Flop (didn't bet)
Seat 2: NoLove93 folded before Flop (didn't bet)
Seat 3: GodzillaKK mucked [4h Th]
Seat 4: gmitoi folded before Flop (didn't bet)
Seat 5: Dorex2007 folded before Flop (didn't bet)
Seat 6: AGVsmarT folded before Flop (didn't bet)
Seat 7: Hatkevich (button) folded before Flop (didn't bet)
Seat 8: mullski326 (small blind) showed [Tc Jh] and won ($0.24) with high card Ace
Seat 9: M@verick21 (big blind) folded on the Flop



PokerStars Hand #238358643506:  Hold'em No Limit ($0.02/$0.05 USD) - 2022/09/01 16:46:40 PT [2022/09/01 19:46:40 ET]
Table 'Cornelia II' 9-max Seat #8 is the button
Seat 1: JayJayJohnson ($6.82 in chips) 
Seat 2: NoLove93 ($9.11 in chips) 
Seat 3: GodzillaKK ($1.15 in chips) 
Seat 4: gmitoi ($13.10 in chips) 
Seat 5: Dorex2007 ($5.61 in chips) 
Seat 6: AGVsmarT ($4.02 in chips) 
Seat 7: Hatkevich ($8.59 in chips) 
Seat 8: mullski326 ($4.99 in chips) 
Seat 9: M@verick21 ($5.13 in chips) 
M@verick21: posts small blind $0.02
JayJayJohnson: posts big blind $0.05
*** HOLE CARDS ***
Dealt to Dorex2007 [4c 5s]
NoLove93: raises $0.07 to $0.12
GodzillaKK: calls $0.12
gmitoi: folds 
Dorex2007: folds 
AGVsmarT: folds 
Hatkevich: raises $0.48 to $0.60
mullski326: folds 
M@verick21: folds 
JayJayJohnson: folds 
NoLove93: folds 
GodzillaKK: folds 
Uncalled bet ($0.48) returned to Hatkevich
Hatkevich collected $0.43 from pot
Hatkevich: doesn't show hand 
*** SUMMARY ***
Total pot $0.43 | Rake $0 
Seat 1: JayJayJohnson (big blind) folded before Flop
Seat 2: NoLove93 folded before Flop
Seat 3: GodzillaKK folded before Flop
Seat 4: gmitoi folded before Flop (didn't bet)
Seat 5: Dorex2007 folded before Flop (didn't bet)
Seat 6: AGVsmarT folded before Flop (didn't bet)
Seat 7: Hatkevich collected ($0.43)
Seat 8: mullski326 (button) folded before Flop (didn't bet)
Seat 9: M@verick21 (small blind) folded before Flop



PokerStars Hand #238358652939:  Hold'em No Limit ($0.02/$0.05 USD) - 2022/09/01 16:47:18 PT [2022/09/01 19:47:18 ET]
Table 'Cornelia II' 9-max Seat #9 is the button
Seat 1: JayJayJohnson ($6.77 in chips) 
Seat 2: NoLove93 ($8.99 in chips) 
Seat 3: GodzillaKK ($1.03 in chips) 
Seat 4: gmitoi ($13.10 in chips) 
Seat 5: Dorex2007 ($5.61 in chips) 
Seat 6: AGVsmarT ($4.02 in chips) 
Seat 7: Hatkevich ($8.90 in chips) 
Seat 8: mullski326 ($4.99 in chips) 
Seat 9: M@verick21 ($5.11 in chips) 
JayJayJohnson: posts small blind $0.02
NoLove93: posts big blind $0.05
*** HOLE CARDS ***
Dealt to Dorex2007 [5d 6h]
GodzillaKK: calls $0.05
gmitoi: folds 
Dorex2007: folds 
AGVsmarT: folds 
Hatkevich: folds 
mullski326: folds 
M@verick21: raises $0.17 to $0.22
JayJayJohnson: folds 
NoLove93: folds 
GodzillaKK: calls $0.17
*** FLOP *** [7s Kd 9c]
GodzillaKK: checks 
M@verick21: bets $0.49
GodzillaKK: folds 
Uncalled bet ($0.49) returned to M@verick21
M@verick21 collected $0.49 from pot
*** SUMMARY ***
Total pot $0.51 | Rake $0.02 
Board [7s Kd 9c]
Seat 1: JayJayJohnson (small blind) folded before Flop
Seat 2: NoLove93 (big blind) folded before Flop
Seat 3: GodzillaKK folded on the Flop
Seat 4: gmitoi folded before Flop (didn't bet)
Seat 5: Dorex2007 folded before Flop (didn't bet)
Seat 6: AGVsmarT folded before Flop (didn't bet)
Seat 7: Hatkevich folded before Flop (didn't bet)
Seat 8: mullski326 folded before Flop (didn't bet)
Seat 9: M@verick21 (button) collected ($0.49)



PokerStars Hand #238358660896:  Hold'em No Limit ($0.02/$0.05 USD) - 2022/09/01 16:47:51 PT [2022/09/01 19:47:51 ET]
Table 'Cornelia II' 9-max Seat #1 is the button
Seat 1: JayJayJohnson ($6.75 in chips) 
Seat 2: NoLove93 ($8.94 in chips) 
Seat 3: GodzillaKK ($0.81 in chips) 
Seat 4: gmitoi ($13.10 in chips) 
Seat 5: Dorex2007 ($5.61 in chips) 
Seat 6: AGVsmarT ($4.02 in chips) 
Seat 7: Hatkevich ($8.90 in chips) 
Seat 8: mullski326 ($4.99 in chips) 
Seat 9: M@verick21 ($5.38 in chips) 
NoLove93: posts small blind $0.02
GodzillaKK: posts big blind $0.05
*** HOLE CARDS ***
Dealt to Dorex2007 [Jc Kc]
gmitoi: folds 
Dorex2007: raises $0.05 to $0.10
AGVsmarT: folds 
Hatkevich: folds 
mullski326: folds 
M@verick21: calls $0.10
JayJayJohnson: calls $0.10
NoLove93: folds 
GodzillaKK: calls $0.05
*** FLOP *** [Tc Js Qs]
GodzillaKK: checks 
Dorex2007: checks 
M@verick21: bets $0.20
JayJayJohnson: calls $0.20
GodzillaKK: folds 
Dorex2007: calls $0.20
*** TURN *** [Tc Js Qs] [Ks]
Dorex2007: checks 
M@verick21: checks 
JayJayJohnson: checks 
*** RIVER *** [Tc Js Qs Ks] [6c]
Dorex2007: checks 
M@verick21: checks 
JayJayJohnson: bets $0.98
Dorex2007: folds 
M@verick21: folds 
Uncalled bet ($0.98) returned to JayJayJohnson
JayJayJohnson collected $0.98 from pot
*** SUMMARY ***
Total pot $1.02 | Rake $0.04 
Board [Tc Js Qs Ks 6c]
Seat 1: JayJayJohnson (button) collected ($0.98)
Seat 2: NoLove93 (small blind) folded before Flop
Seat 3: GodzillaKK (big blind) folded on the Flop
Seat 4: gmitoi folded before Flop (didn't bet)
Seat 5: Dorex2007 folded on the River
Seat 6: AGVsmarT folded before Flop (didn't bet)
Seat 7: Hatkevich folded before Flop (didn't bet)
Seat 8: mullski326 folded before Flop (didn't bet)
Seat 9: M@verick21 folded on the River



PokerStars Hand #238358677662:  Hold'em No Limit ($0.02/$0.05 USD) - 2022/09/01 16:49:00 PT [2022/09/01 19:49:00 ET]
Table 'Cornelia II' 9-max Seat #2 is the button
Seat 1: JayJayJohnson ($7.43 in chips) 
Seat 2: NoLove93 ($8.92 in chips) 
Seat 3: GodzillaKK ($0.71 in chips) 
Seat 4: gmitoi ($13.10 in chips) 
Seat 5: Dorex2007 ($5.31 in chips) 
Seat 6: AGVsmarT ($4.02 in chips) 
Seat 7: Hatkevich ($8.90 in chips) 
Seat 8: mullski326 ($4.99 in chips) 
Seat 9: M@verick21 ($5.08 in chips) 
GodzillaKK: posts small blind $0.02
gmitoi: posts big blind $0.05
*** HOLE CARDS ***
Dealt to Dorex2007 [7d Js]
Dorex2007: folds 
AGVsmarT: raises $0.12 to $0.17
Hatkevich: folds 
mullski326: folds 
M@verick21: folds 
JayJayJohnson: folds 
NoLove93: folds 
GodzillaKK: folds 
gmitoi: folds 
Uncalled bet ($0.12) returned to AGVsmarT
AGVsmarT collected $0.12 from pot
*** SUMMARY ***
Total pot $0.12 | Rake $0 
Seat 1: JayJayJohnson folded before Flop (didn't bet)
Seat 2: NoLove93 (button) folded before Flop (didn't bet)
Seat 3: GodzillaKK (small blind) folded before Flop
Seat 4: gmitoi (big blind) folded before Flop
Seat 5: Dorex2007 folded before Flop (didn't bet)
Seat 6: AGVsmarT collected ($0.12)
Seat 7: Hatkevich folded before Flop (didn't bet)
Seat 8: mullski326 folded before Flop (didn't bet)
Seat 9: M@verick21 folded before Flop (didn't bet)



PokerStars Hand #238358685234:  Hold'em No Limit ($0.02/$0.05 USD) - 2022/09/01 16:49:31 PT [2022/09/01 19:49:31 ET]
Table 'Cornelia II' 9-max Seat #3 is the button
Seat 1: JayJayJohnson ($7.43 in chips) 
Seat 2: NoLove93 ($8.92 in chips) 
Seat 3: GodzillaKK ($0.69 in chips) 
Seat 4: gmitoi ($13.05 in chips) 
Seat 5: Dorex2007 ($5.31 in chips) 
Seat 6: AGVsmarT ($4.09 in chips) 
Seat 7: Hatkevich ($8.90 in chips) 
Seat 8: mullski326 ($4.99 in chips) 
Seat 9: M@verick21 ($5.08 in chips) 
gmitoi: posts small blind $0.02
Dorex2007: posts big blind $0.05
*** HOLE CARDS ***
Dealt to Dorex2007 [Tc 6s]
AGVsmarT: folds 
Hatkevich: folds 
mullski326: calls $0.05
M@verick21: folds 
JayJayJohnson: folds 
NoLove93: folds 
GodzillaKK: raises $0.64 to $0.69 and is all-in
gmitoi: folds 
Dorex2007: folds 
mullski326: calls $0.64
*** FLOP *** [7h 6c 2h]
*** TURN *** [7h 6c 2h] [7c]
*** RIVER *** [7h 6c 2h 7c] [7d]
*** SHOW DOWN ***
mullski326: shows [Td Jd] (three of a kind, Sevens)
GodzillaKK: shows [8h 8d] (a full house, Sevens full of Eights)
GodzillaKK collected $1.39 from pot
*** SUMMARY ***
Total pot $1.45 | Rake $0.06 
Board [7h 6c 2h 7c 7d]
Seat 1: JayJayJohnson folded before Flop (didn't bet)
Seat 2: NoLove93 folded before Flop (didn't bet)
Seat 3: GodzillaKK (button) showed [8h 8d] and won ($1.39) with a full house, Sevens full of Eights
Seat 4: gmitoi (small blind) folded before Flop
Seat 5: Dorex2007 (big blind) folded before Flop
Seat 6: AGVsmarT folded before Flop (didn't bet)
Seat 7: Hatkevich folded before Flop (didn't bet)
Seat 8: mullski326 showed [Td Jd] and lost with three of a kind, Sevens
Seat 9: M@verick21 folded before Flop (didn't bet)



PokerStars Hand #238358693280:  Hold'em No Limit ($0.02/$0.05 USD) - 2022/09/01 16:50:05 PT [2022/09/01 19:50:05 ET]
Table 'Cornelia II' 9-max Seat #4 is the button
Seat 1: JayJayJohnson ($7.43 in chips) 
Seat 2: NoLove93 ($8.92 in chips) 
Seat 3: GodzillaKK ($1.39 in chips) 
Seat 4: gmitoi ($13.03 in chips) 
Seat 5: Dorex2007 ($5.26 in chips) 
Seat 6: AGVsmarT ($4.09 in chips) 
Seat 7: Hatkevich ($8.90 in chips) 
Seat 8: mullski326 ($4.30 in chips) 
Seat 9: M@verick21 ($5.08 in chips) 
Dorex2007: posts small blind $0.02
AGVsmarT: posts big blind $0.05
*** HOLE CARDS ***
Dealt to Dorex2007 [2d Jc]
Hatkevich: folds 
mullski326: folds 
M@verick21: folds 
JayJayJohnson: folds 
NoLove93: folds 
GodzillaKK: folds 
gmitoi: raises $0.10 to $0.15
Dorex2007: folds 
AGVsmarT: folds 
Uncalled bet ($0.10) returned to gmitoi
gmitoi collected $0.12 from pot
gmitoi: doesn't show hand 
*** SUMMARY ***
Total pot $0.12 | Rake $0 
Seat 1: JayJayJohnson folded before Flop (didn't bet)
Seat 2: NoLove93 folded before Flop (didn't bet)
Seat 3: GodzillaKK folded before Flop (didn't bet)
Seat 4: gmitoi (button) collected ($0.12)
Seat 5: Dorex2007 (small blind) folded before Flop
Seat 6: AGVsmarT (big blind) folded before Flop
Seat 7: Hatkevich folded before Flop (didn't bet)
Seat 8: mullski326 folded before Flop (didn't bet)
Seat 9: M@verick21 folded before Flop (didn't bet)



PokerStars Hand #238358698873:  Hold'em No Limit ($0.02/$0.05 USD) - 2022/09/01 16:50:28 PT [2022/09/01 19:50:28 ET]
Table 'Cornelia II' 9-max Seat #5 is the button
Seat 1: JayJayJohnson ($7.43 in chips) 
Seat 2: NoLove93 ($8.92 in chips) 
Seat 3: GodzillaKK ($1.39 in chips) 
Seat 4: gmitoi ($13.10 in chips) 
Seat 5: Dorex2007 ($5.24 in chips) 
Seat 6: AGVsmarT ($4.04 in chips) 
Seat 7: Hatkevich ($8.90 in chips) 
Seat 8: mullski326 ($4.30 in chips) 
Seat 9: M@verick21 ($5.08 in chips) 
AGVsmarT: posts small blind $0.02
Hatkevich: posts big blind $0.05
*** HOLE CARDS ***
Dealt to Dorex2007 [Js Th]
mullski326: folds 
M@verick21: folds 
JayJayJohnson: folds 
NoLove93: folds 
GodzillaKK: raises $0.05 to $0.10
gmitoi: folds 
Dorex2007: calls $0.10
AGVsmarT: calls $0.08
Hatkevich: folds 
*** FLOP *** [9s 4c Qd]
AGVsmarT: checks 
GodzillaKK: bets $0.15
Dorex2007: calls $0.15
AGVsmarT: calls $0.15
*** TURN *** [9s 4c Qd] [7c]
AGVsmarT: checks 
GodzillaKK: checks 
Dorex2007: checks 
*** RIVER *** [9s 4c Qd 7c] [2h]
AGVsmarT: checks 
GodzillaKK: checks 
Dorex2007: bets $0.51
AGVsmarT: folds 
GodzillaKK: folds 
Uncalled bet ($0.51) returned to Dorex2007
Dorex2007 collected $0.77 from pot
Dorex2007: doesn't show hand 
*** SUMMARY ***
Total pot $0.80 | Rake $0.03 
Board [9s 4c Qd 7c 2h]
Seat 1: JayJayJohnson folded before Flop (didn't bet)
Seat 2: NoLove93 folded before Flop (didn't bet)
Seat 3: GodzillaKK folded on the River
Seat 4: gmitoi folded before Flop (didn't bet)
Seat 5: Dorex2007 (button) collected ($0.77)
Seat 6: AGVsmarT (small blind) folded on the River
Seat 7: Hatkevich (big blind) folded before Flop
Seat 8: mullski326 folded before Flop (didn't bet)
Seat 9: M@verick21 folded before Flop (didn't bet)



PokerStars Hand #238358710754:  Hold'em No Limit ($0.02/$0.05 USD) - 2022/09/01 16:51:17 PT [2022/09/01 19:51:17 ET]
Table 'Cornelia II' 9-max Seat #6 is the button
Seat 1: JayJayJohnson ($7.43 in chips) 
Seat 2: NoLove93 ($8.92 in chips) 
Seat 3: GodzillaKK ($1.14 in chips) 
Seat 4: gmitoi ($13.10 in chips) 
Seat 5: Dorex2007 ($5.76 in chips) 
Seat 6: AGVsmarT ($3.79 in chips) 
Seat 7: Hatkevich ($8.85 in chips) 
Seat 8: mullski326 ($4.30 in chips) 
Seat 9: M@verick21 ($5.08 in chips) 
Hatkevich: posts small blind $0.02
mullski326: posts big blind $0.05
*** HOLE CARDS ***
Dealt to Dorex2007 [4s 7s]
M@verick21 has timed out
M@verick21: folds 
JayJayJohnson: folds 
NoLove93: folds 
GodzillaKK: calls $0.05
gmitoi: folds 
Dorex2007: folds 
AGVsmarT: calls $0.05
Hatkevich: folds 
mullski326: checks 
*** FLOP *** [Jh 5c 8h]
mullski326: checks 
GodzillaKK: bets $0.25
AGVsmarT: folds 
mullski326: calls $0.25
*** TURN *** [Jh 5c 8h] [3d]
mullski326: checks 
GodzillaKK: bets $0.84 and is all-in
mullski326: folds 
Uncalled bet ($0.84) returned to GodzillaKK
GodzillaKK collected $0.64 from pot
*** SUMMARY ***
Total pot $0.67 | Rake $0.03 
Board [Jh 5c 8h 3d]
Seat 1: JayJayJohnson folded before Flop (didn't bet)
Seat 2: NoLove93 folded before Flop (didn't bet)
Seat 3: GodzillaKK collected ($0.64)
Seat 4: gmitoi folded before Flop (didn't bet)
Seat 5: Dorex2007 folded before Flop (didn't bet)
Seat 6: AGVsmarT (button) folded on the Flop
Seat 7: Hatkevich (small blind) folded before Flop
Seat 8: mullski326 (big blind) folded on the Turn
Seat 9: M@verick21 folded before Flop (didn't bet)



PokerStars Hand #238358723248:  Hold'em No Limit ($0.02/$0.05 USD) - 2022/09/01 16:52:09 PT [2022/09/01 19:52:09 ET]
Table 'Cornelia II' 9-max Seat #8 is the button
Seat 1: JayJayJohnson ($7.43 in chips) 
Seat 2: NoLove93 ($8.92 in chips) 
Seat 3: GodzillaKK ($1.48 in chips) 
Seat 4: gmitoi ($13.10 in chips) 
Seat 5: Dorex2007 ($5.76 in chips) 
Seat 6: AGVsmarT ($3.74 in chips) 
Seat 8: mullski326 ($4 in chips) 
Seat 9: M@verick21 ($5.08 in chips) 
M@verick21: posts small blind $0.02
JayJayJohnson: posts big blind $0.05
*** HOLE CARDS ***
Dealt to Dorex2007 [Qc 9d]
NoLove93: folds 
GodzillaKK: folds 
gmitoi: folds 
Dorex2007: folds 
AGVsmarT: folds 
mullski326: folds 
M@verick21: folds 
Uncalled bet ($0.03) returned to JayJayJohnson
JayJayJohnson collected $0.04 from pot
*** SUMMARY ***
Total pot $0.04 | Rake $0 
Seat 1: JayJayJohnson (big blind) collected ($0.04)
Seat 2: NoLove93 folded before Flop (didn't bet)
Seat 3: GodzillaKK folded before Flop (didn't bet)
Seat 4: gmitoi folded before Flop (didn't bet)
Seat 5: Dorex2007 folded before Flop (didn't bet)
Seat 6: AGVsmarT folded before Flop (didn't bet)
Seat 8: mullski326 (button) folded before Flop (didn't bet)
Seat 9: M@verick21 (small blind) folded before Flop



PokerStars Hand #238358727637:  Hold'em No Limit ($0.02/$0.05 USD) - 2022/09/01 16:52:27 PT [2022/09/01 19:52:27 ET]
Table 'Cornelia II' 9-max Seat #9 is the button
Seat 1: JayJayJohnson ($7.45 in chips) 
Seat 2: NoLove93 ($8.92 in chips) 
Seat 4: gmitoi ($13.10 in chips) 
Seat 5: Dorex2007 ($5.76 in chips) 
Seat 6: AGVsmarT ($3.74 in chips) 
Seat 8: mullski326 ($4 in chips) 
Seat 9: M@verick21 ($5.06 in chips) 
JayJayJohnson: posts small blind $0.02
NoLove93: posts big blind $0.05
*** HOLE CARDS ***
Dealt to Dorex2007 [6c Ac]
gmitoi: folds 
Dorex2007: folds 
AGVsmarT: folds 
mullski326: folds 
M@verick21: folds 
JayJayJohnson: folds 
Uncalled bet ($0.03) returned to NoLove93
NoLove93 collected $0.04 from pot
*** SUMMARY ***
Total pot $0.04 | Rake $0 
Seat 1: JayJayJohnson (small blind) folded before Flop
Seat 2: NoLove93 (big blind) collected ($0.04)
Seat 4: gmitoi folded before Flop (didn't bet)
Seat 5: Dorex2007 folded before Flop (didn't bet)
Seat 6: AGVsmarT folded before Flop (didn't bet)
Seat 8: mullski326 folded before Flop (didn't bet)
Seat 9: M@verick21 (button) folded before Flop (didn't bet)



PokerStars Hand #238358729978:  Hold'em No Limit ($0.02/$0.05 USD) - 2022/09/01 16:52:37 PT [2022/09/01 19:52:37 ET]
Table 'Cornelia II' 9-max Seat #1 is the button
Seat 1: JayJayJohnson ($7.43 in chips) 
Seat 2: NoLove93 ($8.94 in chips) 
Seat 4: gmitoi ($13.10 in chips) 
Seat 5: Dorex2007 ($5.76 in chips) 
Seat 6: AGVsmarT ($3.74 in chips) 
Seat 8: mullski326 ($4 in chips) 
Seat 9: M@verick21 ($5.06 in chips) 
NoLove93: posts small blind $0.02
gmitoi: posts big blind $0.05
*** HOLE CARDS ***
Dealt to Dorex2007 [5c Qs]
Hatkevich leaves the table
Dorex2007: folds 
The Pokeiro joins the table at seat #7 
AGVsmarT: folds 
mullski326: folds 
M@verick21: folds 
JayJayJohnson: raises $0.10 to $0.15
NoLove93: folds 
gmitoi: folds 
Uncalled bet ($0.10) returned to JayJayJohnson
JayJayJohnson collected $0.12 from pot
*** SUMMARY ***
Total pot $0.12 | Rake $0 
Seat 1: JayJayJohnson (button) collected ($0.12)
Seat 2: NoLove93 (small blind) folded before Flop
Seat 4: gmitoi (big blind) folded before Flop
Seat 5: Dorex2007 folded before Flop (didn't bet)
Seat 6: AGVsmarT folded before Flop (didn't bet)
Seat 8: mullski326 folded before Flop (didn't bet)
Seat 9: M@verick21 folded before Flop (didn't bet)



PokerStars Hand #238358734530:  Hold'em No Limit ($0.02/$0.05 USD) - 2022/09/01 16:52:56 PT [2022/09/01 19:52:56 ET]
Table 'Cornelia II' 9-max Seat #2 is the button
Seat 1: JayJayJohnson ($7.50 in chips) 
Seat 2: NoLove93 ($8.92 in chips) 
Seat 4: gmitoi ($13.05 in chips) 
Seat 5: Dorex2007 ($5.76 in chips) 
Seat 6: AGVsmarT ($3.74 in chips) 
Seat 7: The Pokeiro ($5 in chips) 
Seat 8: mullski326 ($4 in chips) 
Seat 9: M@verick21 ($5.06 in chips) 
gmitoi: posts small blind $0.02
Dorex2007: posts big blind $0.05
The Pokeiro: posts big blind $0.05
*** HOLE CARDS ***
Dealt to Dorex2007 [Ac 5s]
AGVsmarT: folds 
The Pokeiro: checks 
mullski326: folds 
M@verick21: folds 
JayJayJohnson: folds 
NoLove93: folds 
gmitoi: folds 
Dorex2007: checks 
*** FLOP *** [4d 8d 8h]
Dorex2007: checks 
GodzillaKK is disconnected 
The Pokeiro: bets $0.05
Dorex2007: folds 
Uncalled bet ($0.05) returned to The Pokeiro
The Pokeiro collected $0.12 from pot
The Pokeiro: doesn't show hand 
*** SUMMARY ***
Total pot $0.12 | Rake $0 
Board [4d 8d 8h]
Seat 1: JayJayJohnson folded before Flop (didn't bet)
Seat 2: NoLove93 (button) folded before Flop (didn't bet)
Seat 4: gmitoi (small blind) folded before Flop
Seat 5: Dorex2007 (big blind) folded on the Flop
Seat 6: AGVsmarT folded before Flop (didn't bet)
Seat 7: The Pokeiro collected ($0.12)
Seat 8: mullski326 folded before Flop (didn't bet)
Seat 9: M@verick21 folded before Flop (didn't bet)



PokerStars Hand #238358743044:  Hold'em No Limit ($0.02/$0.05 USD) - 2022/09/01 16:53:32 PT [2022/09/01 19:53:32 ET]
Table 'Cornelia II' 9-max Seat #4 is the button
Seat 1: JayJayJohnson ($7.50 in chips) 
Seat 2: NoLove93 ($8.92 in chips) 
Seat 4: gmitoi ($13.03 in chips) 
Seat 5: Dorex2007 ($5.71 in chips) 
Seat 6: AGVsmarT ($3.74 in chips) 
Seat 7: The Pokeiro ($5.07 in chips) 
Seat 8: mullski326 ($4 in chips) 
Seat 9: M@verick21 ($5.06 in chips) 
Dorex2007: posts small blind $0.02
AGVsmarT: posts big blind $0.05
*** HOLE CARDS ***
Dealt to Dorex2007 [Ks 4d]
The Pokeiro: raises $0.05 to $0.10
mullski326: folds 
M@verick21: folds 
JayJayJohnson: calls $0.10
NoLove93: folds 
gmitoi: folds 
Dorex2007: folds 
AGVsmarT: folds 
*** FLOP *** [9h 3s 5h]
The Pokeiro: checks 
JayJayJohnson: bets $0.15
The Pokeiro: folds 
Uncalled bet ($0.15) returned to JayJayJohnson
JayJayJohnson collected $0.26 from pot
*** SUMMARY ***
Total pot $0.27 | Rake $0.01 
Board [9h 3s 5h]
Seat 1: JayJayJohnson collected ($0.26)
Seat 2: NoLove93 folded before Flop (didn't bet)
Seat 4: gmitoi (button) folded before Flop (didn't bet)
Seat 5: Dorex2007 (small blind) folded before Flop
Seat 6: AGVsmarT (big blind) folded before Flop
Seat 7: The Pokeiro folded on the Flop
Seat 8: mullski326 folded before Flop (didn't bet)
Seat 9: M@verick21 folded before Flop (didn't bet)



PokerStars Hand #238358749480:  Hold'em No Limit ($0.02/$0.05 USD) - 2022/09/01 16:53:58 PT [2022/09/01 19:53:58 ET]
Table 'Cornelia II' 9-max Seat #5 is the button
Seat 1: JayJayJohnson ($7.66 in chips) 
Seat 2: NoLove93 ($8.92 in chips) 
Seat 4: gmitoi ($13.03 in chips) 
Seat 5: Dorex2007 ($5.69 in chips) 
Seat 6: AGVsmarT ($3.69 in chips) 
Seat 7: The Pokeiro ($4.97 in chips) 
Seat 8: mullski326 ($4 in chips) 
Seat 9: M@verick21 ($5.06 in chips) 
AGVsmarT: posts small blind $0.02
The Pokeiro: posts big blind $0.05
*** HOLE CARDS ***
Dealt to Dorex2007 [Kh Kd]
mullski326: folds 
M@verick21: folds 
JayJayJohnson: folds 
NoLove93: folds 
gmitoi: folds 
Dorex2007: raises $0.15 to $0.20
AGVsmarT: folds 
The Pokeiro: calls $0.15
*** FLOP *** [6s 5h 3d]
The Pokeiro: checks 
Dorex2007: bets $0.40
The Pokeiro: folds 
Uncalled bet ($0.40) returned to Dorex2007
Dorex2007 collected $0.40 from pot
Dorex2007: doesn't show hand 
*** SUMMARY ***
Total pot $0.42 | Rake $0.02 
Board [6s 5h 3d]
Seat 1: JayJayJohnson folded before Flop (didn't bet)
Seat 2: NoLove93 folded before Flop (didn't bet)
Seat 4: gmitoi folded before Flop (didn't bet)
Seat 5: Dorex2007 (button) collected ($0.40)
Seat 6: AGVsmarT (small blind) folded before Flop
Seat 7: The Pokeiro (big blind) folded on the Flop
Seat 8: mullski326 folded before Flop (didn't bet)
Seat 9: M@verick21 folded before Flop (didn't bet)



PokerStars Hand #238358756955:  Hold'em No Limit ($0.02/$0.05 USD) - 2022/09/01 16:54:29 PT [2022/09/01 19:54:29 ET]
Table 'Cornelia II' 9-max Seat #6 is the button
Seat 1: JayJayJohnson ($7.66 in chips) 
Seat 2: NoLove93 ($8.92 in chips) 
Seat 4: gmitoi ($13.03 in chips) 
Seat 5: Dorex2007 ($5.89 in chips) 
Seat 6: AGVsmarT ($3.67 in chips) 
Seat 7: The Pokeiro ($4.77 in chips) 
Seat 8: mullski326 ($4 in chips) 
Seat 9: M@verick21 ($5.06 in chips) 
The Pokeiro: posts small blind $0.02
mullski326: posts big blind $0.05
*** HOLE CARDS ***
Dealt to Dorex2007 [3h 7s]
M@verick21: folds 
JayJayJohnson: folds 
NoLove93: folds 
gmitoi: folds 
Dorex2007: folds 
AGVsmarT: calls $0.05
The Pokeiro: folds 
mullski326: checks 
*** FLOP *** [Kd Ac Qh]
The Pokeiro leaves the table
mullski326: checks 
AGVsmarT: bets $0.05
mullski326: calls $0.05
*** TURN *** [Kd Ac Qh] [7d]
mullski326: checks 
AGVsmarT: bets $0.05
mullski326: calls $0.05
*** RIVER *** [Kd Ac Qh 7d] [5s]
mullski326: checks 
AGVsmarT: bets $0.05
mullski326: folds 
Uncalled bet ($0.05) returned to AGVsmarT
AGVsmarT collected $0.31 from pot
*** SUMMARY ***
Total pot $0.32 | Rake $0.01 
Board [Kd Ac Qh 7d 5s]
Seat 1: JayJayJohnson folded before Flop (didn't bet)
Seat 2: NoLove93 folded before Flop (didn't bet)
Seat 4: gmitoi folded before Flop (didn't bet)
Seat 5: Dorex2007 folded before Flop (didn't bet)
Seat 6: AGVsmarT (button) collected ($0.31)
Seat 7: The Pokeiro (small blind) folded before Flop
Seat 8: mullski326 (big blind) folded on the River
Seat 9: M@verick21 folded before Flop (didn't bet)



PokerStars Hand #238358764934:  Hold'em No Limit ($0.02/$0.05 USD) - 2022/09/01 16:55:02 PT [2022/09/01 19:55:02 ET]
Table 'Cornelia II' 9-max Seat #8 is the button
Seat 1: JayJayJohnson ($7.66 in chips) 
Seat 2: NoLove93 ($8.92 in chips) 
Seat 4: gmitoi ($13.03 in chips) 
Seat 5: Dorex2007 ($5.89 in chips) 
Seat 6: AGVsmarT ($3.83 in chips) 
Seat 8: mullski326 ($3.85 in chips) 
Seat 9: M@verick21 ($5.06 in chips) 
M@verick21: posts small blind $0.02
JayJayJohnson: posts big blind $0.05
*** HOLE CARDS ***
Dealt to Dorex2007 [7s 5d]
NoLove93: folds 
gmitoi: folds 
Dorex2007: folds 
AGVsmarT: folds 
mullski326: folds 
M@verick21: raises $0.10 to $0.15
JayJayJohnson: folds 
Uncalled bet ($0.10) returned to M@verick21
M@verick21 collected $0.10 from pot
*** SUMMARY ***
Total pot $0.10 | Rake $0 
Seat 1: JayJayJohnson (big blind) folded before Flop
Seat 2: NoLove93 folded before Flop (didn't bet)
Seat 4: gmitoi folded before Flop (didn't bet)
Seat 5: Dorex2007 folded before Flop (didn't bet)
Seat 6: AGVsmarT folded before Flop (didn't bet)
Seat 8: mullski326 (button) folded before Flop (didn't bet)
Seat 9: M@verick21 (small blind) collected ($0.10)



PokerStars Hand #238358768020:  Hold'em No Limit ($0.02/$0.05 USD) - 2022/09/01 16:55:16 PT [2022/09/01 19:55:16 ET]
Table 'Cornelia II' 9-max Seat #9 is the button
Seat 1: JayJayJohnson ($7.61 in chips) 
Seat 2: NoLove93 ($8.92 in chips) 
Seat 4: gmitoi ($13.03 in chips) 
Seat 5: Dorex2007 ($5.89 in chips) 
Seat 6: AGVsmarT ($3.83 in chips) 
Seat 8: mullski326 ($3.85 in chips) 
Seat 9: M@verick21 ($5.11 in chips) 
JayJayJohnson: posts small blind $0.02
NoLove93: posts big blind $0.05
*** HOLE CARDS ***
Dealt to Dorex2007 [Ah 4c]
gmitoi: folds 
Dorex2007: folds 
AGVsmarT: raises $0.12 to $0.17
mullski326: folds 
M@verick21: folds 
JayJayJohnson: folds 
NoLove93: folds 
Uncalled bet ($0.12) returned to AGVsmarT
AGVsmarT collected $0.12 from pot
*** SUMMARY ***
Total pot $0.12 | Rake $0 
Seat 1: JayJayJohnson (small blind) folded before Flop
Seat 2: NoLove93 (big blind) folded before Flop
Seat 4: gmitoi folded before Flop (didn't bet)
Seat 5: Dorex2007 folded before Flop (didn't bet)
Seat 6: AGVsmarT collected ($0.12)
Seat 8: mullski326 folded before Flop (didn't bet)
Seat 9: M@verick21 (button) folded before Flop (didn't bet)



PokerStars Hand #238358773796:  Hold'em No Limit ($0.02/$0.05 USD) - 2022/09/01 16:55:45 PT [2022/09/01 19:55:45 ET]
Table 'Cornelia II' 9-max Seat #1 is the button
Seat 1: JayJayJohnson ($7.59 in chips) 
Seat 2: NoLove93 ($8.87 in chips) 
Seat 4: gmitoi ($13.03 in chips) 
Seat 5: Dorex2007 ($5.89 in chips) 
Seat 6: AGVsmarT ($3.90 in chips) 
Seat 8: mullski326 ($3.85 in chips) 
Seat 9: M@verick21 ($5.11 in chips) 
NoLove93: posts small blind $0.02
gmitoi: posts big blind $0.05
*** HOLE CARDS ***
Dealt to Dorex2007 [Ah 3c]
Dorex2007: folds 
AGVsmarT: calls $0.05
mullski326: folds 
M@verick21: folds 
JayJayJohnson: calls $0.05
NoLove93: raises $0.20 to $0.25
gmitoi: folds 
AGVsmarT: folds 
JayJayJohnson: folds 
Uncalled bet ($0.20) returned to NoLove93
NoLove93 collected $0.20 from pot
JuanchiBasile14 joins the table at seat #7 
*** SUMMARY ***
Total pot $0.20 | Rake $0 
Seat 1: JayJayJohnson (button) folded before Flop
Seat 2: NoLove93 (small blind) collected ($0.20)
Seat 4: gmitoi (big blind) folded before Flop
Seat 5: Dorex2007 folded before Flop (didn't bet)
Seat 6: AGVsmarT folded before Flop
Seat 8: mullski326 folded before Flop (didn't bet)
Seat 9: M@verick21 folded before Flop (didn't bet)



PokerStars Hand #238358780138:  Hold'em No Limit ($0.02/$0.05 USD) - 2022/09/01 16:56:17 PT [2022/09/01 19:56:17 ET]
Table 'Cornelia II' 9-max Seat #2 is the button
Seat 1: JayJayJohnson ($7.54 in chips) 
Seat 2: NoLove93 ($9.02 in chips) 
Seat 4: gmitoi ($12.98 in chips) 
Seat 5: Dorex2007 ($5.89 in chips) 
Seat 6: AGVsmarT ($3.85 in chips) 
Seat 8: mullski326 ($3.85 in chips) 
Seat 9: M@verick21 ($5.11 in chips) 
gmitoi: posts small blind $0.02
Dorex2007: posts big blind $0.05
JuanchiBasile14: sits out 
*** HOLE CARDS ***
Dealt to Dorex2007 [9d 6h]
AGVsmarT: folds 
mullski326: folds 
M@verick21: calls $0.05
JayJayJohnson: raises $0.15 to $0.20
NoLove93: folds 
gmitoi: folds 
Dorex2007: folds 
M@verick21: folds 
Uncalled bet ($0.15) returned to JayJayJohnson
JayJayJohnson collected $0.17 from pot
*** SUMMARY ***
Total pot $0.17 | Rake $0 
Seat 1: JayJayJohnson collected ($0.17)
Seat 2: NoLove93 (button) folded before Flop (didn't bet)
Seat 4: gmitoi (small blind) folded before Flop
Seat 5: Dorex2007 (big blind) folded before Flop
Seat 6: AGVsmarT folded before Flop (didn't bet)
Seat 8: mullski326 folded before Flop (didn't bet)
Seat 9: M@verick21 folded before Flop



PokerStars Hand #238358785063:  Hold'em No Limit ($0.02/$0.05 USD) - 2022/09/01 16:56:42 PT [2022/09/01 19:56:42 ET]
Table 'Cornelia II' 9-max Seat #4 is the button
Seat 1: JayJayJohnson ($7.66 in chips) 
Seat 2: NoLove93 ($9.02 in chips) 
Seat 4: gmitoi ($12.96 in chips) 
Seat 5: Dorex2007 ($5.84 in chips) 
Seat 6: AGVsmarT ($3.85 in chips) 
Seat 8: mullski326 ($3.85 in chips) 
Seat 9: M@verick21 ($5.06 in chips) 
Dorex2007: posts small blind $0.02
AGVsmarT: posts big blind $0.05
JuanchiBasile14: sits out 
*** HOLE CARDS ***
Dealt to Dorex2007 [Kd Qd]
mullski326: folds 
M@verick21: folds 
JayJayJohnson: folds 
NoLove93: folds 
gmitoi: raises $0.10 to $0.15
Dorex2007: raises $0.35 to $0.50
AGVsmarT: folds 
gmitoi: raises $1.55 to $2.05
Dorex2007: calls $1.55
*** FLOP *** [2h 2s 7d]
Dorex2007: checks 
gmitoi: bets $10.91 and is all-in
Dorex2007: folds 
Uncalled bet ($10.91) returned to gmitoi
gmitoi collected $3.98 from pot
gmitoi: doesn't show hand 
*** SUMMARY ***
Total pot $4.15 | Rake $0.17 
Board [2h 2s 7d]
Seat 1: JayJayJohnson folded before Flop (didn't bet)
Seat 2: NoLove93 folded before Flop (didn't bet)
Seat 4: gmitoi (button) collected ($3.98)
Seat 5: Dorex2007 (small blind) folded on the Flop
Seat 6: AGVsmarT (big blind) folded before Flop
Seat 8: mullski326 folded before Flop (didn't bet)
Seat 9: M@verick21 folded before Flop (didn't bet)



PokerStars Hand #238358794750:  Hold'em No Limit ($0.02/$0.05 USD) - 2022/09/01 16:57:31 PT [2022/09/01 19:57:31 ET]
Table 'Cornelia II' 9-max Seat #5 is the button
Seat 1: JayJayJohnson ($7.66 in chips) 
Seat 2: NoLove93 ($9.02 in chips) 
Seat 4: gmitoi ($14.89 in chips) 
Seat 5: Dorex2007 ($5 in chips) 
Seat 6: AGVsmarT ($3.80 in chips) 
Seat 7: JuanchiBasile14 ($5 in chips) 
Seat 8: mullski326 ($3.85 in chips) 
Seat 9: M@verick21 ($5.06 in chips) 
AGVsmarT: posts small blind $0.02
JuanchiBasile14: posts big blind $0.05
*** HOLE CARDS ***
Dealt to Dorex2007 [2d 5h]
mullski326: folds 
M@verick21: folds 
JayJayJohnson: raises $0.10 to $0.15
NoLove93: folds 
gmitoi: calls $0.15
Dorex2007: folds 
AGVsmarT: folds 
JuanchiBasile14: folds 
*** FLOP *** [4h 5c 6s]
JayJayJohnson: checks 
gmitoi: checks 
*** TURN *** [4h 5c 6s] [2c]
JayJayJohnson: checks 
gmitoi: checks 
*** RIVER *** [4h 5c 6s 2c] [Qc]
JayJayJohnson: checks 
gmitoi: bets $0.17
JayJayJohnson: folds 
Uncalled bet ($0.17) returned to gmitoi
gmitoi collected $0.35 from pot
gmitoi: doesn't show hand 
*** SUMMARY ***
Total pot $0.37 | Rake $0.02 
Board [4h 5c 6s 2c Qc]
Seat 1: JayJayJohnson folded on the River
Seat 2: NoLove93 folded before Flop (didn't bet)
Seat 4: gmitoi collected ($0.35)
Seat 5: Dorex2007 (button) folded before Flop (didn't bet)
Seat 6: AGVsmarT (small blind) folded before Flop
Seat 7: JuanchiBasile14 (big blind) folded before Flop
Seat 8: mullski326 folded before Flop (didn't bet)
Seat 9: M@verick21 folded before Flop (didn't bet)



PokerStars Hand #238358803785:  Hold'em No Limit ($0.02/$0.05 USD) - 2022/09/01 16:58:16 PT [2022/09/01 19:58:16 ET]
Table 'Cornelia II' 9-max Seat #6 is the button
Seat 1: JayJayJohnson ($7.51 in chips) 
Seat 2: NoLove93 ($9.02 in chips) 
Seat 4: gmitoi ($15.09 in chips) 
Seat 5: Dorex2007 ($5 in chips) 
Seat 6: AGVsmarT ($3.78 in chips) 
Seat 7: JuanchiBasile14 ($4.95 in chips) 
Seat 8: mullski326 ($3.85 in chips) 
Seat 9: M@verick21 ($5.06 in chips) 
JuanchiBasile14: posts small blind $0.02
mullski326: posts big blind $0.05
*** HOLE CARDS ***
Dealt to Dorex2007 [Qs 9c]
M@verick21: folds 
JayJayJohnson: raises $0.10 to $0.15
NoLove93: folds 
gmitoi: folds 
Dorex2007: folds 
AGVsmarT has timed out
AGVsmarT: folds 
JuanchiBasile14: calls $0.13
mullski326: folds 
*** FLOP *** [9h 3d 4h]
JuanchiBasile14: checks 
JayJayJohnson: bets $0.20
JuanchiBasile14: calls $0.20
*** TURN *** [9h 3d 4h] [8d]
JuanchiBasile14: checks 
JayJayJohnson: bets $0.45
JuanchiBasile14: calls $0.45
*** RIVER *** [9h 3d 4h 8d] [Jc]
JuanchiBasile14: checks 
JayJayJohnson: bets $0.55
JuanchiBasile14: calls $0.55
*** SHOW DOWN ***
JayJayJohnson: shows [9s Ks] (a pair of Nines)
JuanchiBasile14: mucks hand 
JayJayJohnson collected $2.64 from pot
*** SUMMARY ***
Total pot $2.75 | Rake $0.11 
Board [9h 3d 4h 8d Jc]
Seat 1: JayJayJohnson showed [9s Ks] and won ($2.64) with a pair of Nines
Seat 2: NoLove93 folded before Flop (didn't bet)
Seat 4: gmitoi folded before Flop (didn't bet)
Seat 5: Dorex2007 folded before Flop (didn't bet)
Seat 6: AGVsmarT (button) folded before Flop (didn't bet)
Seat 7: JuanchiBasile14 (small blind) mucked [4s Ah]
Seat 8: mullski326 (big blind) folded before Flop
Seat 9: M@verick21 folded before Flop (didn't bet)



PokerStars Hand #238358816253:  Hold'em No Limit ($0.02/$0.05 USD) - 2022/09/01 16:59:19 PT [2022/09/01 19:59:19 ET]
Table 'Cornelia II' 9-max Seat #7 is the button
Seat 1: JayJayJohnson ($8.80 in chips) 
Seat 2: NoLove93 ($9.02 in chips) 
Seat 4: gmitoi ($15.09 in chips) 
Seat 5: Dorex2007 ($5 in chips) 
Seat 7: JuanchiBasile14 ($3.60 in chips) 
Seat 8: mullski326 ($3.80 in chips) 
Seat 9: M@verick21 ($5.06 in chips) 
mullski326: posts small blind $0.02
M@verick21: posts big blind $0.05
*** HOLE CARDS ***
Dealt to Dorex2007 [Qs Jd]
JayJayJohnson: raises $0.10 to $0.15
NoLove93: folds 
gmitoi: folds 
Dorex2007: folds 
JuanchiBasile14: folds 
mullski326: folds 
M@verick21: calls $0.10
*** FLOP *** [8d Td 4d]
M@verick21: checks 
JayJayJohnson: checks 
*** TURN *** [8d Td 4d] [Ad]
M@verick21: checks 
JayJayJohnson: checks 
*** RIVER *** [8d Td 4d Ad] [Ks]
M@verick21: checks 
JayJayJohnson: checks 
*** SHOW DOWN ***
M@verick21: shows [9h Kh] (a pair of Kings)
JayJayJohnson: mucks hand 
M@verick21 collected $0.31 from pot
*** SUMMARY ***
Total pot $0.32 | Rake $0.01 
Board [8d Td 4d Ad Ks]
Seat 1: JayJayJohnson mucked [Ts Js]
Seat 2: NoLove93 folded before Flop (didn't bet)
Seat 4: gmitoi folded before Flop (didn't bet)
Seat 5: Dorex2007 folded before Flop (didn't bet)
Seat 7: JuanchiBasile14 (button) folded before Flop (didn't bet)
Seat 8: mullski326 (small blind) folded before Flop
Seat 9: M@verick21 (big blind) showed [9h Kh] and won ($0.31) with a pair of Kings



PokerStars Hand #238358820931:  Hold'em No Limit ($0.02/$0.05 USD) - 2022/09/01 16:59:43 PT [2022/09/01 19:59:43 ET]
Table 'Cornelia II' 9-max Seat #8 is the button
Seat 1: JayJayJohnson ($8.65 in chips) 
Seat 2: NoLove93 ($9.02 in chips) 
Seat 4: gmitoi ($15.09 in chips) 
Seat 5: Dorex2007 ($5 in chips) 
Seat 7: JuanchiBasile14 ($3.60 in chips) 
Seat 8: mullski326 ($3.78 in chips) 
Seat 9: M@verick21 ($5.22 in chips) 
M@verick21: posts small blind $0.02
JayJayJohnson: posts big blind $0.05
*** HOLE CARDS ***
Dealt to Dorex2007 [7s Js]
NoLove93: folds 
gmitoi: folds 
Dorex2007: folds 
JuanchiBasile14: folds 
mullski326: folds 
M@verick21: folds 
Uncalled bet ($0.03) returned to JayJayJohnson
JayJayJohnson collected $0.04 from pot
*** SUMMARY ***
Total pot $0.04 | Rake $0 
Seat 1: JayJayJohnson (big blind) collected ($0.04)
Seat 2: NoLove93 folded before Flop (didn't bet)
Seat 4: gmitoi folded before Flop (didn't bet)
Seat 5: Dorex2007 folded before Flop (didn't bet)
Seat 7: JuanchiBasile14 folded before Flop (didn't bet)
Seat 8: mullski326 (button) folded before Flop (didn't bet)
Seat 9: M@verick21 (small blind) folded before Flop



PokerStars Hand #238358823946:  Hold'em No Limit ($0.02/$0.05 USD) - 2022/09/01 16:59:58 PT [2022/09/01 19:59:58 ET]
Table 'Cornelia II' 9-max Seat #9 is the button
Seat 1: JayJayJohnson ($8.67 in chips) 
Seat 2: NoLove93 ($9.02 in chips) 
Seat 4: gmitoi ($15.09 in chips) 
Seat 5: Dorex2007 ($5 in chips) 
Seat 7: JuanchiBasile14 ($3.60 in chips) 
Seat 8: mullski326 ($3.78 in chips) 
Seat 9: M@verick21 ($5.20 in chips) 
JayJayJohnson: posts small blind $0.02
NoLove93: posts big blind $0.05
*** HOLE CARDS ***
Dealt to Dorex2007 [6s 9d]
gmitoi: folds 
Dorex2007: folds 
JuanchiBasile14: folds 
mullski326: calls $0.05
M@verick21: folds 
JayJayJohnson: calls $0.03
NoLove93: checks 
*** FLOP *** [Kc Th 8s]
JayJayJohnson: checks 
NoLove93: checks 
mullski326: checks 
*** TURN *** [Kc Th 8s] [Tc]
JayJayJohnson: checks 
NoLove93: checks 
mullski326: bets $0.05
JayJayJohnson: calls $0.05
NoLove93: folds 
*** RIVER *** [Kc Th 8s Tc] [Jc]
JayJayJohnson: checks 
mullski326: bets $0.24
JayJayJohnson: folds 
Uncalled bet ($0.24) returned to mullski326
mullski326 collected $0.24 from pot
*** SUMMARY ***
Total pot $0.25 | Rake $0.01 
Board [Kc Th 8s Tc Jc]
Seat 1: JayJayJohnson (small blind) folded on the River
Seat 2: NoLove93 (big blind) folded on the Turn
Seat 4: gmitoi folded before Flop (didn't bet)
Seat 5: Dorex2007 folded before Flop (didn't bet)
Seat 7: JuanchiBasile14 folded before Flop (didn't bet)
Seat 8: mullski326 collected ($0.24)
Seat 9: M@verick21 (button) folded before Flop (didn't bet)



PokerStars Hand #238358832424:  Hold'em No Limit ($0.02/$0.05 USD) - 2022/09/01 17:00:40 PT [2022/09/01 20:00:40 ET]
Table 'Cornelia II' 9-max Seat #1 is the button
Seat 1: JayJayJohnson ($8.57 in chips) 
Seat 2: NoLove93 ($8.97 in chips) 
Seat 4: gmitoi ($15.09 in chips) 
Seat 5: Dorex2007 ($5 in chips) 
Seat 7: JuanchiBasile14 ($3.60 in chips) 
Seat 8: mullski326 ($3.92 in chips) 
Seat 9: M@verick21 ($5.20 in chips) 
NoLove93: posts small blind $0.02
gmitoi: posts big blind $0.05
*** HOLE CARDS ***
Dealt to Dorex2007 [Ah Ks]
Dorex2007: raises $0.10 to $0.15
JuanchiBasile14: folds 
mullski326: calls $0.15
M@verick21: folds 
JayJayJohnson: folds 
NoLove93: folds 
gmitoi: folds 
*** FLOP *** [7d 3c 5s]
Dorex2007: checks 
mullski326: checks 
*** TURN *** [7d 3c 5s] [Kd]
Dorex2007: checks 
mullski326: checks 
*** RIVER *** [7d 3c 5s Kd] [3d]
Dorex2007: bets $0.23
mullski326: folds 
Uncalled bet ($0.23) returned to Dorex2007
Dorex2007 collected $0.35 from pot
Dorex2007: doesn't show hand 
*** SUMMARY ***
Total pot $0.37 | Rake $0.02 
Board [7d 3c 5s Kd 3d]
Seat 1: JayJayJohnson (button) folded before Flop (didn't bet)
Seat 2: NoLove93 (small blind) folded before Flop
Seat 4: gmitoi (big blind) folded before Flop
Seat 5: Dorex2007 collected ($0.35)
Seat 7: JuanchiBasile14 folded before Flop (didn't bet)
Seat 8: mullski326 folded on the River
Seat 9: M@verick21 folded before Flop (didn't bet)



PokerStars Hand #238358840584:  Hold'em No Limit ($0.02/$0.05 USD) - 2022/09/01 17:01:16 PT [2022/09/01 20:01:16 ET]
Table 'Cornelia II' 9-max Seat #2 is the button
Seat 1: JayJayJohnson ($8.57 in chips) 
Seat 2: NoLove93 ($8.95 in chips) 
Seat 4: gmitoi ($15.04 in chips) 
Seat 5: Dorex2007 ($5.20 in chips) 
Seat 7: JuanchiBasile14 ($3.60 in chips) 
Seat 8: mullski326 ($3.77 in chips) 
Seat 9: M@verick21 ($5.20 in chips) 
gmitoi: posts small blind $0.02
Dorex2007: posts big blind $0.05
*** HOLE CARDS ***
Dealt to Dorex2007 [3d Ts]
JuanchiBasile14: raises $0.15 to $0.20
mullski326: folds 
M@verick21: folds 
JayJayJohnson: folds 
JayJayJohnson leaves the table
NoLove93: folds 
gmitoi: folds 
Dorex2007: folds 
Uncalled bet ($0.15) returned to JuanchiBasile14
JuanchiBasile14 collected $0.12 from pot
*** SUMMARY ***
Total pot $0.12 | Rake $0 
Seat 1: JayJayJohnson folded before Flop (didn't bet)
Seat 2: NoLove93 (button) folded before Flop (didn't bet)
Seat 4: gmitoi (small blind) folded before Flop
Seat 5: Dorex2007 (big blind) folded before Flop
Seat 7: JuanchiBasile14 collected ($0.12)
Seat 8: mullski326 folded before Flop (didn't bet)
Seat 9: M@verick21 folded before Flop (didn't bet)



PokerStars Hand #238358845023:  Hold'em No Limit ($0.02/$0.05 USD) - 2022/09/01 17:01:36 PT [2022/09/01 20:01:36 ET]
Table 'Cornelia II' 9-max Seat #4 is the button
Seat 2: NoLove93 ($8.95 in chips) 
Seat 4: gmitoi ($15.02 in chips) 
Seat 5: Dorex2007 ($5.15 in chips) 
Seat 7: JuanchiBasile14 ($3.67 in chips) 
Seat 8: mullski326 ($3.77 in chips) 
Seat 9: M@verick21 ($5.20 in chips) 
Dorex2007: posts small blind $0.02
JuanchiBasile14: posts big blind $0.05
*** HOLE CARDS ***
Dealt to Dorex2007 [6d 5c]
mullski326: folds 
M@verick21: calls $0.05
NoLove93: folds 
gmitoi: raises $0.10 to $0.15
Dorex2007: folds 
JuanchiBasile14: calls $0.10
M@verick21: calls $0.10
*** FLOP *** [8h 3d 7c]
JuanchiBasile14: checks 
M@verick21: checks 
gmitoi: checks 
*** TURN *** [8h 3d 7c] [Qc]
JuanchiBasile14: checks 
M@verick21: checks 
gmitoi: bets $0.25
JuanchiBasile14: folds 
M@verick21: folds 
Uncalled bet ($0.25) returned to gmitoi
gmitoi collected $0.45 from pot
gmitoi: doesn't show hand 
*** SUMMARY ***
Total pot $0.47 | Rake $0.02 
Board [8h 3d 7c Qc]
Seat 2: NoLove93 folded before Flop (didn't bet)
Seat 4: gmitoi (button) collected ($0.45)
Seat 5: Dorex2007 (small blind) folded before Flop
Seat 7: JuanchiBasile14 (big blind) folded on the Turn
Seat 8: mullski326 folded before Flop (didn't bet)
Seat 9: M@verick21 folded on the Turn



PokerStars Hand #238358854433:  Hold'em No Limit ($0.02/$0.05 USD) - 2022/09/01 17:02:17 PT [2022/09/01 20:02:17 ET]
Table 'Cornelia II' 9-max Seat #5 is the button
Seat 2: NoLove93 ($8.95 in chips) 
Seat 4: gmitoi ($15.32 in chips) 
Seat 5: Dorex2007 ($5.13 in chips) 
Seat 7: JuanchiBasile14 ($3.52 in chips) 
Seat 8: mullski326 ($3.77 in chips) 
Seat 9: M@verick21 ($5.05 in chips) 
JuanchiBasile14: posts small blind $0.02
mullski326: posts big blind $0.05
*** HOLE CARDS ***
Dealt to Dorex2007 [7h 5s]
M@verick21: calls $0.05
NoLove93: folds 
gmitoi: folds 
Dorex2007: folds 
JuanchiBasile14: calls $0.03
mullski326: checks 
*** FLOP *** [4s 2d 7c]
JuanchiBasile14: checks 
mullski326: bets $0.14
M@verick21: folds 
JuanchiBasile14: folds 
Uncalled bet ($0.14) returned to mullski326
mullski326 collected $0.14 from pot
*** SUMMARY ***
Total pot $0.15 | Rake $0.01 
Board [4s 2d 7c]
Seat 2: NoLove93 folded before Flop (didn't bet)
Seat 4: gmitoi folded before Flop (didn't bet)
Seat 5: Dorex2007 (button) folded before Flop (didn't bet)
Seat 7: JuanchiBasile14 (small blind) folded on the Flop
Seat 8: mullski326 (big blind) collected ($0.14)
Seat 9: M@verick21 folded on the Flop



PokerStars Hand #238358859618:  Hold'em No Limit ($0.02/$0.05 USD) - 2022/09/01 17:02:40 PT [2022/09/01 20:02:40 ET]
Table 'Cornelia II' 9-max Seat #7 is the button
Seat 2: NoLove93 ($8.95 in chips) 
Seat 4: gmitoi ($15.32 in chips) 
Seat 5: Dorex2007 ($5.13 in chips) 
Seat 7: JuanchiBasile14 ($3.47 in chips) 
Seat 8: mullski326 ($3.86 in chips) 
Seat 9: M@verick21 ($5 in chips) 
mullski326: posts small blind $0.02
M@verick21: posts big blind $0.05
*** HOLE CARDS ***
Dealt to Dorex2007 [4d Th]
NoLove93: folds 
gmitoi: raises $0.10 to $0.15
Dorex2007: folds 
JuanchiBasile14: folds 
mullski326: folds 
M@verick21: folds 
Uncalled bet ($0.10) returned to gmitoi
gmitoi collected $0.12 from pot
gmitoi: doesn't show hand 
*** SUMMARY ***
Total pot $0.12 | Rake $0 
Seat 2: NoLove93 folded before Flop (didn't bet)
Seat 4: gmitoi collected ($0.12)
Seat 5: Dorex2007 folded before Flop (didn't bet)
Seat 7: JuanchiBasile14 (button) folded before Flop (didn't bet)
Seat 8: mullski326 (small blind) folded before Flop
Seat 9: M@verick21 (big blind) folded before Flop



PokerStars Hand #238358863034:  Hold'em No Limit ($0.02/$0.05 USD) - 2022/09/01 17:02:55 PT [2022/09/01 20:02:55 ET]
Table 'Cornelia II' 9-max Seat #8 is the button
Seat 2: NoLove93 ($8.95 in chips) 
Seat 4: gmitoi ($15.39 in chips) 
Seat 5: Dorex2007 ($5.13 in chips) 
Seat 7: JuanchiBasile14 ($3.47 in chips) 
Seat 8: mullski326 ($3.84 in chips) 
Seat 9: M@verick21 ($4.95 in chips) 
M@verick21: posts small blind $0.02
NoLove93: posts big blind $0.05
*** HOLE CARDS ***
Dealt to Dorex2007 [Qd 2d]
gmitoi: raises $0.10 to $0.15
Mkmko joins the table at seat #1 
Dorex2007: folds 
JuanchiBasile14: folds 
mullski326: raises $0.20 to $0.35
M@verick21: folds 
NoLove93: folds 
gmitoi: calls $0.20
*** FLOP *** [7s 8d Ac]
gmitoi: checks 
mullski326: checks 
*** TURN *** [7s 8d Ac] [4h]
gmitoi: bets $0.37
mullski326: calls $0.37
*** RIVER *** [7s 8d Ac 4h] [5s]
GodzillaKK leaves the table
gmitoi: bets $0.90
mullski326: folds [Jd Jh]
Uncalled bet ($0.90) returned to gmitoi
gmitoi collected $1.45 from pot
gmitoi: doesn't show hand 
*** SUMMARY ***
Total pot $1.51 | Rake $0.06 
Board [7s 8d Ac 4h 5s]
Seat 2: NoLove93 (big blind) folded before Flop
Seat 4: gmitoi collected ($1.45)
Seat 5: Dorex2007 folded before Flop (didn't bet)
Seat 7: JuanchiBasile14 folded before Flop (didn't bet)
Seat 8: mullski326 (button) folded on the River
Seat 9: M@verick21 (small blind) folded before Flop



PokerStars Hand #238358872045:  Hold'em No Limit ($0.02/$0.05 USD) - 2022/09/01 17:03:33 PT [2022/09/01 20:03:33 ET]
Table 'Cornelia II' 9-max Seat #9 is the button
Seat 2: NoLove93 ($8.90 in chips) 
Seat 4: gmitoi ($16.12 in chips) 
Seat 5: Dorex2007 ($5.13 in chips) 
Seat 7: JuanchiBasile14 ($3.47 in chips) 
Seat 8: mullski326 ($3.12 in chips) 
Seat 9: M@verick21 ($4.93 in chips) 
NoLove93: posts small blind $0.02
gmitoi: posts big blind $0.05
*** HOLE CARDS ***
Dealt to Dorex2007 [As Kd]
Dorex2007: raises $0.10 to $0.15
JuanchiBasile14: folds 
mullski326: folds 
M@verick21: folds 
NoLove93: folds 
gmitoi: folds 
Uncalled bet ($0.10) returned to Dorex2007
Dorex2007 collected $0.12 from pot
Dorex2007: doesn't show hand 
*** SUMMARY ***
Total pot $0.12 | Rake $0 
Seat 2: NoLove93 (small blind) folded before Flop
Seat 4: gmitoi (big blind) folded before Flop
Seat 5: Dorex2007 collected ($0.12)
Seat 7: JuanchiBasile14 folded before Flop (didn't bet)
Seat 8: mullski326 folded before Flop (didn't bet)
Seat 9: M@verick21 (button) folded before Flop (didn't bet)



PokerStars Hand #238358875934:  Hold'em No Limit ($0.02/$0.05 USD) - 2022/09/01 17:03:50 PT [2022/09/01 20:03:50 ET]
Table 'Cornelia II' 9-max Seat #4 is the button
Seat 1: Mkmko ($2.60 in chips) 
Seat 4: gmitoi ($16.07 in chips) 
Seat 5: Dorex2007 ($5.20 in chips) 
Seat 7: JuanchiBasile14 ($3.47 in chips) 
Seat 8: mullski326 ($4.64 in chips) 
Seat 9: M@verick21 ($4.93 in chips) 
Dorex2007: posts small blind $0.02
JuanchiBasile14: posts big blind $0.05
Mkmko: posts big blind $0.05
*** HOLE CARDS ***
Dealt to Dorex2007 [Kd Th]
NoLove93 leaves the table
mullski326: folds 
M@verick21: folds 
Mkmko: checks 
gmitoi: folds 
Dorex2007: folds 
JuanchiBasile14: checks 
*** FLOP *** [7c 8s Jc]
JuanchiBasile14: checks 
Mkmko: checks 
*** TURN *** [7c 8s Jc] [8d]
JuanchiBasile14: bets $0.12
Mkmko: calls $0.12
*** RIVER *** [7c 8s Jc 8d] [5c]
JuanchiBasile14: checks 
Mkmko: bets $0.35
JuanchiBasile14: folds 
Uncalled bet ($0.35) returned to Mkmko
Mkmko collected $0.35 from pot
*** SUMMARY ***
Total pot $0.36 | Rake $0.01 
Board [7c 8s Jc 8d 5c]
Seat 1: Mkmko collected ($0.35)
Seat 4: gmitoi (button) folded before Flop (didn't bet)
Seat 5: Dorex2007 (small blind) folded before Flop
Seat 7: JuanchiBasile14 (big blind) folded on the River
Seat 8: mullski326 folded before Flop (didn't bet)
Seat 9: M@verick21 folded before Flop (didn't bet)



PokerStars Hand #238358884974:  Hold'em No Limit ($0.02/$0.05 USD) - 2022/09/01 17:04:29 PT [2022/09/01 20:04:29 ET]
Table 'Cornelia II' 9-max Seat #5 is the button
Seat 1: Mkmko ($2.78 in chips) 
Seat 4: gmitoi ($16.07 in chips) 
Seat 5: Dorex2007 ($5.18 in chips) 
Seat 7: JuanchiBasile14 ($3.30 in chips) 
Seat 8: mullski326 ($4.64 in chips) 
Seat 9: M@verick21 ($4.93 in chips) 
JuanchiBasile14: posts small blind $0.02
mullski326: posts big blind $0.05
*** HOLE CARDS ***
Dealt to Dorex2007 [Qs 9d]
M@verick21: folds 
Mkmko: calls $0.05
gmitoi: folds 
Al_pkr_plyr joins the table at seat #2 
Dorex2007: folds 
JuanchiBasile14: raises $0.05 to $0.10
mullski326: calls $0.05
Mkmko: calls $0.05
*** FLOP *** [4h 4d 5d]
txgabriel joins the table at seat #3 
JuanchiBasile14: bets $0.29
mullski326: folds 
Mkmko: folds 
Uncalled bet ($0.29) returned to JuanchiBasile14
JuanchiBasile14 collected $0.29 from pot
*** SUMMARY ***
Total pot $0.30 | Rake $0.01 
Board [4h 4d 5d]
Seat 1: Mkmko folded on the Flop
Seat 4: gmitoi folded before Flop (didn't bet)
Seat 5: Dorex2007 (button) folded before Flop (didn't bet)
Seat 7: JuanchiBasile14 (small blind) collected ($0.29)
Seat 8: mullski326 (big blind) folded on the Flop
Seat 9: M@verick21 folded before Flop (didn't bet)



PokerStars Hand #238358895132:  Hold'em No Limit ($0.02/$0.05 USD) - 2022/09/01 17:05:13 PT [2022/09/01 20:05:13 ET]
Table 'Cornelia II' 9-max Seat #7 is the button
Seat 1: Mkmko ($2.68 in chips) 
Seat 4: gmitoi ($16.07 in chips) 
Seat 5: Dorex2007 ($5.18 in chips) 
Seat 7: JuanchiBasile14 ($3.49 in chips) 
Seat 8: mullski326 ($4.54 in chips) 
Seat 9: M@verick21 ($4.93 in chips) 
mullski326: posts small blind $0.02
M@verick21: posts big blind $0.05
Al_pkr_plyr: sits out 
txgabriel: sits out 
*** HOLE CARDS ***
Dealt to Dorex2007 [Qc Ad]
Mkmko: raises $0.05 to $0.10
gmitoi: calls $0.10
Dorex2007: calls $0.10
JuanchiBasile14: folds 
mullski326: folds 
M@verick21: folds 
*** FLOP *** [8d Tc Jc]
Mkmko: checks 
gmitoi: checks 
Dorex2007: checks 
*** TURN *** [8d Tc Jc] [Kh]
Mkmko: bets $0.40
gmitoi: folds 
Dorex2007: raises $1.15 to $1.55
Mkmko: calls $1.15
*** RIVER *** [8d Tc Jc Kh] [Qh]
Mkmko: bets $1.03 and is all-in
Dorex2007: calls $1.03
*** SHOW DOWN ***
Mkmko: shows [Kc 4s] (a pair of Kings)
Dorex2007: shows [Qc Ad] (a straight, Ten to Ace)
Dorex2007 collected $5.30 from pot
*** SUMMARY ***
Total pot $5.53 | Rake $0.23 
Board [8d Tc Jc Kh Qh]
Seat 1: Mkmko showed [Kc 4s] and lost with a pair of Kings
Seat 4: gmitoi folded on the Turn
Seat 5: Dorex2007 showed [Qc Ad] and won ($5.30) with a straight, Ten to Ace
Seat 7: JuanchiBasile14 (button) folded before Flop (didn't bet)
Seat 8: mullski326 (small blind) folded before Flop
Seat 9: M@verick21 (big blind) folded before Flop



PokerStars Hand #238358907282:  Hold'em No Limit ($0.02/$0.05 USD) - 2022/09/01 17:06:05 PT [2022/09/01 20:06:05 ET]
Table 'Cornelia II' 9-max Seat #8 is the button
Seat 2: Al_pkr_plyr ($5 in chips) 
Seat 3: txgabriel ($2 in chips) 
Seat 4: gmitoi ($15.97 in chips) 
Seat 5: Dorex2007 ($7.80 in chips) 
Seat 7: JuanchiBasile14 ($3.49 in chips) 
Seat 8: mullski326 ($4.52 in chips) 
Seat 9: M@verick21 ($4.88 in chips) 
M@verick21: posts small blind $0.02
Al_pkr_plyr: posts big blind $0.05
txgabriel: posts big blind $0.05
AGVsmarT: sits out 
*** HOLE CARDS ***
Dealt to Dorex2007 [6s 4c]
txgabriel: checks 
gmitoi: folds 
Dorex2007: folds 
JuanchiBasile14: folds 
mullski326: folds 
M@verick21: calls $0.03
Al_pkr_plyr: checks 
*** FLOP *** [2d 6h 4h]
M@verick21: bets $0.14
Al_pkr_plyr: calls $0.14
txgabriel: calls $0.14
*** TURN *** [2d 6h 4h] [Qc]
M@verick21: bets $0.55
Al_pkr_plyr: folds 
txgabriel: calls $0.55
*** RIVER *** [2d 6h 4h Qc] [Jh]
M@verick21: bets $1.60
txgabriel: calls $1.26 and is all-in
Uncalled bet ($0.34) returned to M@verick21
*** SHOW DOWN ***
M@verick21: shows [Qh 8h] (a flush, Queen high)
txgabriel: shows [2c 5h] (a pair of Deuces)
M@verick21 collected $4.02 from pot
*** SUMMARY ***
Total pot $4.19 | Rake $0.17 
Board [2d 6h 4h Qc Jh]
Seat 2: Al_pkr_plyr (big blind) folded on the Turn
Seat 3: txgabriel showed [2c 5h] and lost with a pair of Deuces
Seat 4: gmitoi folded before Flop (didn't bet)
Seat 5: Dorex2007 folded before Flop (didn't bet)
Seat 7: JuanchiBasile14 folded before Flop (didn't bet)
Seat 8: mullski326 (button) folded before Flop (didn't bet)
Seat 9: M@verick21 (small blind) showed [Qh 8h] and won ($4.02) with a flush, Queen high



PokerStars Hand #238358923152:  Hold'em No Limit ($0.02/$0.05 USD) - 2022/09/01 17:07:14 PT [2022/09/01 20:07:14 ET]
Table 'Cornelia II' 9-max Seat #9 is the button
Seat 2: Al_pkr_plyr ($5 in chips) 
Seat 5: Dorex2007 ($7.80 in chips) 
Seat 7: JuanchiBasile14 ($3.49 in chips) 
Seat 8: mullski326 ($4.52 in chips) 
Seat 9: M@verick21 ($6.90 in chips) 
Al_pkr_plyr: posts small blind $0.02
gmitoi: is sitting out 
Dorex2007: posts big blind $0.05
gmitoi leaves the table
AGVsmarT: sits out 
*** HOLE CARDS ***
Dealt to Dorex2007 [Qs 3c]
JuanchiBasile14: folds 
mullski326: folds 
txgabriel leaves the table
M@verick21: folds 
Al_pkr_plyr: folds 
Uncalled bet ($0.03) returned to Dorex2007
Dorex2007 collected $0.04 from pot
Dorex2007: doesn't show hand 
*** SUMMARY ***
Total pot $0.04 | Rake $0 
Seat 2: Al_pkr_plyr (small blind) folded before Flop
Seat 5: Dorex2007 (big blind) collected ($0.04)
Seat 7: JuanchiBasile14 folded before Flop (didn't bet)
Seat 8: mullski326 folded before Flop (didn't bet)
Seat 9: M@verick21 (button) folded before Flop (didn't bet)



PokerStars Hand #238358925799:  Hold'em No Limit ($0.02/$0.05 USD) - 2022/09/01 17:07:25 PT [2022/09/01 20:07:25 ET]
Table 'Cornelia II' 9-max Seat #2 is the button
Seat 1: Mkmko ($2 in chips) 
Seat 2: Al_pkr_plyr ($5 in chips) 
Seat 5: Dorex2007 ($7.82 in chips) 
Seat 6: AGVsmarT ($3.78 in chips) 
Seat 7: JuanchiBasile14 ($3.49 in chips) 
Seat 8: mullski326 ($4.52 in chips) 
Seat 9: M@verick21 ($6.90 in chips) 
Dorex2007: posts small blind $0.02
AGVsmarT: posts big blind $0.05
Mkmko: posts small & big blinds $0.07
*** HOLE CARDS ***
Dealt to Dorex2007 [3s 9s]
JuanchiBasile14: folds 
mullski326: folds 
M@verick21: calls $0.05
Mkmko: checks 
Al_pkr_plyr: folds 
Dorex2007: folds 
AGVsmarT: checks 
*** FLOP *** [7s 3c 2h]
AGVsmarT: bets $0.05
M@verick21: calls $0.05
Mkmko: calls $0.05
*** TURN *** [7s 3c 2h] [4d]
AGVsmarT: bets $0.10
M@verick21: folds 
Mkmko: calls $0.10
*** RIVER *** [7s 3c 2h 4d] [2c]
AGVsmarT: bets $0.52
AQUIEGALOPORRA joins the table at seat #3 
mumisber joins the table at seat #4 
mumisber leaves the table
Dt_Hyde1 joins the table at seat #4 
Mkmko: folds 
Uncalled bet ($0.52) returned to AGVsmarT
AGVsmarT collected $0.52 from pot
*** SUMMARY ***
Total pot $0.54 | Rake $0.02 
Board [7s 3c 2h 4d 2c]
Seat 1: Mkmko folded on the River
Seat 2: Al_pkr_plyr (button) folded before Flop (didn't bet)
Seat 5: Dorex2007 (small blind) folded before Flop
Seat 6: AGVsmarT (big blind) collected ($0.52)
Seat 7: JuanchiBasile14 folded before Flop (didn't bet)
Seat 8: mullski326 folded before Flop (didn't bet)
Seat 9: M@verick21 folded on the Turn



PokerStars Hand #238358945563:  Hold'em No Limit ($0.02/$0.05 USD) - 2022/09/01 17:08:50 PT [2022/09/01 20:08:50 ET]
Table 'Cornelia II' 9-max Seat #5 is the button
Seat 1: Mkmko ($1.78 in chips) 
Seat 2: Al_pkr_plyr ($5 in chips) 
Seat 5: Dorex2007 ($7.80 in chips) 
Seat 6: AGVsmarT ($4.10 in chips) 
Seat 7: JuanchiBasile14 ($3.49 in chips) 
Seat 8: mullski326 ($4.52 in chips) 
Seat 9: M@verick21 ($6.80 in chips) 
AGVsmarT: posts small blind $0.02
JuanchiBasile14: posts big blind $0.05
AQUIEGALOPORRA: sits out 
Dt_Hyde1: sits out 
*** HOLE CARDS ***
Dealt to Dorex2007 [Jc Qd]
mullski326: folds 
M@verick21: folds 
Mkmko: calls $0.05
Al_pkr_plyr: raises $0.20 to $0.25
Dorex2007: folds 
AGVsmarT: folds 
JuanchiBasile14: folds 
Mkmko: calls $0.20
*** FLOP *** [9d Kh 5c]
Mkmko: checks 
Al_pkr_plyr: checks 
*** TURN *** [9d Kh 5c] [Jh]
Mkmko: checks 
Al_pkr_plyr: bets $0.30
Mkmko: calls $0.30
*** RIVER *** [9d Kh 5c Jh] [6c]
Mkmko: checks 
Al_pkr_plyr: checks 
*** SHOW DOWN ***
Mkmko: shows [3d Th] (high card King)
Al_pkr_plyr: shows [Js Ah] (a pair of Jacks)
Al_pkr_plyr collected $1.12 from pot
*** SUMMARY ***
Total pot $1.17 | Rake $0.05 
Board [9d Kh 5c Jh 6c]
Seat 1: Mkmko showed [3d Th] and lost with high card King
Seat 2: Al_pkr_plyr showed [Js Ah] and won ($1.12) with a pair of Jacks
Seat 5: Dorex2007 (button) folded before Flop (didn't bet)
Seat 6: AGVsmarT (small blind) folded before Flop
Seat 7: JuanchiBasile14 (big blind) folded before Flop
Seat 8: mullski326 folded before Flop (didn't bet)
Seat 9: M@verick21 folded before Flop (didn't bet)



PokerStars Hand #238358962676:  Hold'em No Limit ($0.02/$0.05 USD) - 2022/09/01 17:10:03 PT [2022/09/01 20:10:03 ET]
Table 'Cornelia II' 9-max Seat #6 is the button
Seat 1: Mkmko ($1.23 in chips) 
Seat 2: Al_pkr_plyr ($5.57 in chips) 
Seat 5: Dorex2007 ($7.80 in chips) 
Seat 6: AGVsmarT ($4.08 in chips) 
Seat 7: JuanchiBasile14 ($3.44 in chips) 
Seat 8: mullski326 ($4.52 in chips) 
Seat 9: M@verick21 ($6.80 in chips) 
JuanchiBasile14: posts small blind $0.02
mullski326: posts big blind $0.05
AQUIEGALOPORRA: sits out 
Dt_Hyde1: sits out 
*** HOLE CARDS ***
Dealt to Dorex2007 [9d 2s]
M@verick21: folds 
Mkmko: calls $0.05
Al_pkr_plyr: folds 
Dorex2007: folds 
AGVsmarT: folds 
JuanchiBasile14: calls $0.03
mullski326: checks 
*** FLOP *** [2c 9s 7s]
JuanchiBasile14: checks 
mullski326: bets $0.05
Mkmko: calls $0.05
JuanchiBasile14: calls $0.05
*** TURN *** [2c 9s 7s] [4h]
JuanchiBasile14: checks 
mullski326: bets $0.10
Mkmko: calls $0.10
JuanchiBasile14: calls $0.10
*** RIVER *** [2c 9s 7s 4h] [Ts]
JuanchiBasile14: checks 
mullski326: checks 
Mkmko: checks 
*** SHOW DOWN ***
JuanchiBasile14: shows [5h As] (high card Ace)
mullski326: shows [7c Td] (two pair, Tens and Sevens)
Mkmko: mucks hand 
mullski326 collected $0.58 from pot
*** SUMMARY ***
Total pot $0.60 | Rake $0.02 
Board [2c 9s 7s 4h Ts]
Seat 1: Mkmko mucked [5d Qs]
Seat 2: Al_pkr_plyr folded before Flop (didn't bet)
Seat 5: Dorex2007 folded before Flop (didn't bet)
Seat 6: AGVsmarT (button) folded before Flop (didn't bet)
Seat 7: JuanchiBasile14 (small blind) showed [5h As] and lost with high card Ace
Seat 8: mullski326 (big blind) showed [7c Td] and won ($0.58) with two pair, Tens and Sevens
Seat 9: M@verick21 folded before Flop (didn't bet)



PokerStars Hand #238358977080:  Hold'em No Limit ($0.02/$0.05 USD) - 2022/09/01 17:11:06 PT [2022/09/01 20:11:06 ET]
Table 'Cornelia II' 9-max Seat #7 is the button
Seat 1: Mkmko ($1.03 in chips) 
Seat 2: Al_pkr_plyr ($5.57 in chips) 
Seat 5: Dorex2007 ($7.80 in chips) 
Seat 6: AGVsmarT ($4.08 in chips) 
Seat 7: JuanchiBasile14 ($3.24 in chips) 
Seat 8: mullski326 ($4.90 in chips) 
Seat 9: M@verick21 ($6.80 in chips) 
mullski326: posts small blind $0.02
M@verick21: posts big blind $0.05
AQUIEGALOPORRA: sits out 
Dt_Hyde1: sits out 
*** HOLE CARDS ***
Dealt to Dorex2007 [6h 4d]
Mkmko: raises $0.05 to $0.10
Al_pkr_plyr: folds 
Dorex2007: folds 
AGVsmarT: folds 
JuanchiBasile14: folds 
mullski326: calls $0.08
M@verick21: calls $0.05
*** FLOP *** [8c Jd Qh]
mullski326: checks 
M@verick21: checks 
Mkmko: checks 
*** TURN *** [8c Jd Qh] [Tc]
mullski326: checks 
M@verick21: bets $0.29
Mkmko: folds 
mullski326: calls $0.29
*** RIVER *** [8c Jd Qh Tc] [6c]
mullski326: checks 
M@verick21: bets $0.42
mullski326: calls $0.42
*** SHOW DOWN ***
M@verick21: shows [Ad 9h] (a straight, Eight to Queen)
mullski326: mucks hand 
M@verick21 collected $1.65 from pot
*** SUMMARY ***
Total pot $1.72 | Rake $0.07 
Board [8c Jd Qh Tc 6c]
Seat 1: Mkmko folded on the Turn
Seat 2: Al_pkr_plyr folded before Flop (didn't bet)
Seat 5: Dorex2007 folded before Flop (didn't bet)
Seat 6: AGVsmarT folded before Flop (didn't bet)
Seat 7: JuanchiBasile14 (button) folded before Flop (didn't bet)
Seat 8: mullski326 (small blind) mucked [Td Qc]
Seat 9: M@verick21 (big blind) showed [Ad 9h] and won ($1.65) with a straight, Eight to Queen



PokerStars Hand #238358989369:  Hold'em No Limit ($0.02/$0.05 USD) - 2022/09/01 17:12:00 PT [2022/09/01 20:12:00 ET]
Table 'Cornelia II' 9-max Seat #8 is the button
Seat 1: Mkmko ($0.93 in chips) 
Seat 2: Al_pkr_plyr ($5.57 in chips) 
Seat 5: Dorex2007 ($7.80 in chips) 
Seat 6: AGVsmarT ($4.08 in chips) 
Seat 7: JuanchiBasile14 ($3.24 in chips) 
Seat 8: mullski326 ($4.09 in chips) 
Seat 9: M@verick21 ($7.64 in chips) 
M@verick21: posts small blind $0.02
Mkmko: posts big blind $0.05
AQUIEGALOPORRA: sits out 
Dt_Hyde1: sits out 
*** HOLE CARDS ***
Dealt to Dorex2007 [7d 2s]
Al_pkr_plyr: folds 
Dorex2007: folds 
AGVsmarT: calls $0.05
JuanchiBasile14: calls $0.05
mullski326: folds 
M@verick21: folds 
Mkmko: checks 
*** FLOP *** [Ts 8d 9h]
Mkmko: checks 
AGVsmarT: checks 
JuanchiBasile14: bets $0.05
Mkmko: raises $0.05 to $0.10
AGVsmarT: folds 
JuanchiBasile14: raises $0.15 to $0.25
Mkmko: calls $0.15
*** TURN *** [Ts 8d 9h] [Tc]
Mkmko: checks 
JuanchiBasile14: bets $2.94 and is all-in
Mkmko: calls $0.63 and is all-in
Uncalled bet ($2.31) returned to JuanchiBasile14
*** RIVER *** [Ts 8d 9h Tc] [Ac]
*** SHOW DOWN ***
Mkmko: shows [7s 5s] (a pair of Tens)
JuanchiBasile14: shows [Js Qs] (a straight, Eight to Queen)
JuanchiBasile14 collected $1.85 from pot
*** SUMMARY ***
Total pot $1.93 | Rake $0.08 
Board [Ts 8d 9h Tc Ac]
Seat 1: Mkmko (big blind) showed [7s 5s] and lost with a pair of Tens
Seat 2: Al_pkr_plyr folded before Flop (didn't bet)
Seat 5: Dorex2007 folded before Flop (didn't bet)
Seat 6: AGVsmarT folded on the Flop
Seat 7: JuanchiBasile14 showed [Js Qs] and won ($1.85) with a straight, Eight to Queen
Seat 8: mullski326 (button) folded before Flop (didn't bet)
Seat 9: M@verick21 (small blind) folded before Flop



PokerStars Hand #238359002735:  Hold'em No Limit ($0.02/$0.05 USD) - 2022/09/01 17:12:59 PT [2022/09/01 20:12:59 ET]
Table 'Cornelia II' 9-max Seat #9 is the button
Seat 2: Al_pkr_plyr ($5.57 in chips) 
Seat 3: AQUIEGALOPORRA ($3.21 in chips) 
Seat 5: Dorex2007 ($7.80 in chips) 
Seat 6: AGVsmarT ($4.03 in chips) 
Seat 7: JuanchiBasile14 ($4.16 in chips) 
Seat 8: mullski326 ($4.09 in chips) 
Seat 9: M@verick21 ($7.62 in chips) 
Al_pkr_plyr: posts small blind $0.02
AQUIEGALOPORRA: posts big blind $0.05
Dt_Hyde1: sits out 
*** HOLE CARDS ***
Dealt to Dorex2007 [6d Js]
Dorex2007: folds 
AGVsmarT: folds 
JuanchiBasile14: calls $0.05
mullski326: calls $0.05
M@verick21: folds 
Al_pkr_plyr: folds 
AQUIEGALOPORRA: checks 
*** FLOP *** [2h 5h As]
AQUIEGALOPORRA: bets $0.16
JuanchiBasile14: calls $0.16
mullski326: folds 
*** TURN *** [2h 5h As] [8d]
AQUIEGALOPORRA: bets $0.30
JuanchiBasile14: calls $0.30
*** RIVER *** [2h 5h As 8d] [8h]
AQUIEGALOPORRA: bets $0.52
JuanchiBasile14: raises $1.29 to $1.81
AQUIEGALOPORRA: calls $1.29
*** SHOW DOWN ***
JuanchiBasile14: shows [Qh 9h] (a flush, Queen high)
AQUIEGALOPORRA: mucks hand 
JuanchiBasile14 collected $4.51 from pot
*** SUMMARY ***
Total pot $4.71 | Rake $0.20 
Board [2h 5h As 8d 8h]
Seat 2: Al_pkr_plyr (small blind) folded before Flop
Seat 3: AQUIEGALOPORRA (big blind) mucked [4c 3s]
Seat 5: Dorex2007 folded before Flop (didn't bet)
Seat 6: AGVsmarT folded before Flop (didn't bet)
Seat 7: JuanchiBasile14 showed [Qh 9h] and won ($4.51) with a flush, Queen high
Seat 8: mullski326 folded on the Flop
Seat 9: M@verick21 (button) folded before Flop (didn't bet)



PokerStars Hand #238359023557:  Hold'em No Limit ($0.02/$0.05 USD) - 2022/09/01 17:14:31 PT [2022/09/01 20:14:31 ET]
Table 'Cornelia II' 9-max Seat #2 is the button
Seat 2: Al_pkr_plyr ($5.55 in chips) 
Seat 3: AQUIEGALOPORRA ($0.89 in chips) 
Seat 4: Dt_Hyde1 ($5 in chips) 
Seat 5: Dorex2007 ($7.80 in chips) 
Seat 6: AGVsmarT ($4.03 in chips) 
Seat 7: JuanchiBasile14 ($6.35 in chips) 
Seat 8: mullski326 ($4.04 in chips) 
Seat 9: M@verick21 ($7.62 in chips) 
AQUIEGALOPORRA: posts small blind $0.02
Dt_Hyde1: posts big blind $0.05
*** HOLE CARDS ***
Dealt to Dorex2007 [2d 8c]
Dorex2007: folds 
AGVsmarT has timed out
AGVsmarT: folds 
JuanchiBasile14: calls $0.05
mullski326: folds 
M@verick21: calls $0.05
Al_pkr_plyr: raises $0.20 to $0.25
AQUIEGALOPORRA: raises $0.64 to $0.89 and is all-in
Dt_Hyde1: folds 
JuanchiBasile14: folds 
M@verick21: folds 
Al_pkr_plyr: folds 
Uncalled bet ($0.64) returned to AQUIEGALOPORRA
AQUIEGALOPORRA collected $0.65 from pot
*** SUMMARY ***
Total pot $0.65 | Rake $0 
Seat 2: Al_pkr_plyr (button) folded before Flop
Seat 3: AQUIEGALOPORRA (small blind) collected ($0.65)
Seat 4: Dt_Hyde1 (big blind) folded before Flop
Seat 5: Dorex2007 folded before Flop (didn't bet)
Seat 6: AGVsmarT folded before Flop (didn't bet)
Seat 7: JuanchiBasile14 folded before Flop
Seat 8: mullski326 folded before Flop (didn't bet)
Seat 9: M@verick21 folded before Flop



PokerStars Hand #238359038593:  Hold'em No Limit ($0.02/$0.05 USD) - 2022/09/01 17:15:37 PT [2022/09/01 20:15:37 ET]
Table 'Cornelia II' 9-max Seat #3 is the button
Seat 2: Al_pkr_plyr ($5.30 in chips) 
Seat 3: AQUIEGALOPORRA ($1.29 in chips) 
Seat 4: Dt_Hyde1 ($5 in chips) 
Seat 5: Dorex2007 ($7.80 in chips) 
Seat 7: JuanchiBasile14 ($6.30 in chips) 
Seat 8: mullski326 ($4.04 in chips) 
Seat 9: M@verick21 ($7.57 in chips) 
Dt_Hyde1: posts small blind $0.02
Dorex2007: posts big blind $0.05
*** HOLE CARDS ***
Dealt to Dorex2007 [Jc Qc]
JuanchiBasile14: folds 
mullski326: folds 
M@verick21: folds 
Al_pkr_plyr: folds 
AQUIEGALOPORRA: raises $0.05 to $0.10
Dt_Hyde1: folds 
Dorex2007: calls $0.05
*** FLOP *** [8h 8c Kc]
Dorex2007: checks 
AQUIEGALOPORRA: checks 
*** TURN *** [8h 8c Kc] [Ah]
Dorex2007: checks 
AQUIEGALOPORRA: checks 
*** RIVER *** [8h 8c Kc Ah] [7d]
Dorex2007: bets $0.10
AQUIEGALOPORRA: calls $0.10
*** SHOW DOWN ***
Dorex2007: shows [Jc Qc] (a pair of Eights)
AQUIEGALOPORRA: shows [9c 7s] (two pair, Eights and Sevens)
AQUIEGALOPORRA collected $0.40 from pot
*** SUMMARY ***
Total pot $0.42 | Rake $0.02 
Board [8h 8c Kc Ah 7d]
Seat 2: Al_pkr_plyr folded before Flop (didn't bet)
Seat 3: AQUIEGALOPORRA (button) showed [9c 7s] and won ($0.40) with two pair, Eights and Sevens
Seat 4: Dt_Hyde1 (small blind) folded before Flop
Seat 5: Dorex2007 (big blind) showed [Jc Qc] and lost with a pair of Eights
Seat 7: JuanchiBasile14 folded before Flop (didn't bet)
Seat 8: mullski326 folded before Flop (didn't bet)
Seat 9: M@verick21 folded before Flop (didn't bet)



PokerStars Hand #238359050664:  Hold'em No Limit ($0.02/$0.05 USD) - 2022/09/01 17:16:30 PT [2022/09/01 20:16:30 ET]
Table 'Cornelia II' 9-max Seat #4 is the button
Seat 2: Al_pkr_plyr ($5.30 in chips) 
Seat 3: AQUIEGALOPORRA ($1.49 in chips) 
Seat 4: Dt_Hyde1 ($5 in chips) 
Seat 5: Dorex2007 ($7.60 in chips) 
Seat 6: AGVsmarT ($4.03 in chips) 
Seat 7: JuanchiBasile14 ($6.30 in chips) 
Seat 8: mullski326 ($4.04 in chips) 
Seat 9: M@verick21 ($7.57 in chips) 
Dorex2007: posts small blind $0.02
AGVsmarT: posts big blind $0.05
*** HOLE CARDS ***
Dealt to Dorex2007 [5h As]
JuanchiBasile14: folds 
mullski326: folds 
M@verick21: folds 
Al_pkr_plyr: folds 
AQUIEGALOPORRA: folds 
Dt_Hyde1: raises $0.15 to $0.20
Dorex2007: folds 
AGVsmarT: folds 
Uncalled bet ($0.15) returned to Dt_Hyde1
Dt_Hyde1 collected $0.12 from pot
Dt_Hyde1: doesn't show hand 
*** SUMMARY ***
Total pot $0.12 | Rake $0 
Seat 2: Al_pkr_plyr folded before Flop (didn't bet)
Seat 3: AQUIEGALOPORRA folded before Flop (didn't bet)
Seat 4: Dt_Hyde1 (button) collected ($0.12)
Seat 5: Dorex2007 (small blind) folded before Flop
Seat 6: AGVsmarT (big blind) folded before Flop
Seat 7: JuanchiBasile14 folded before Flop (didn't bet)
Seat 8: mullski326 folded before Flop (didn't bet)
Seat 9: M@verick21 folded before Flop (didn't bet)



PokerStars Hand #238359061431:  Hold'em No Limit ($0.02/$0.05 USD) - 2022/09/01 17:17:18 PT [2022/09/01 20:17:18 ET]
Table 'Cornelia II' 9-max Seat #5 is the button
Seat 2: Al_pkr_plyr ($5.30 in chips) 
Seat 3: AQUIEGALOPORRA ($1.49 in chips) 
Seat 4: Dt_Hyde1 ($5.07 in chips) 
Seat 5: Dorex2007 ($7.58 in chips) 
Seat 6: AGVsmarT ($3.98 in chips) 
Seat 7: JuanchiBasile14 ($6.30 in chips) 
Seat 8: mullski326 ($4.04 in chips) 
Seat 9: M@verick21 ($7.57 in chips) 
AGVsmarT: posts small blind $0.02
JuanchiBasile14: posts big blind $0.05
*** HOLE CARDS ***
Dealt to Dorex2007 [Kc 8h]
mullski326 has timed out
mullski326: folds 
M@verick21: folds 
Al_pkr_plyr: raises $0.10 to $0.15
AQUIEGALOPORRA: folds 
Dt_Hyde1: folds 
Dorex2007: folds 
AGVsmarT: folds 
JuanchiBasile14: calls $0.10
*** FLOP *** [Td Js 3c]
JuanchiBasile14: bets $0.05
Al_pkr_plyr: calls $0.05
*** TURN *** [Td Js 3c] [7d]
JuanchiBasile14: checks 
Al_pkr_plyr: bets $0.30
JuanchiBasile14: raises $1 to $1.30
Al_pkr_plyr: folds 
Uncalled bet ($1) returned to JuanchiBasile14
JuanchiBasile14 collected $0.98 from pot
*** SUMMARY ***
Total pot $1.02 | Rake $0.04 
Board [Td Js 3c 7d]
Seat 2: Al_pkr_plyr folded on the Turn
Seat 3: AQUIEGALOPORRA folded before Flop (didn't bet)
Seat 4: Dt_Hyde1 folded before Flop (didn't bet)
Seat 5: Dorex2007 (button) folded before Flop (didn't bet)
Seat 6: AGVsmarT (small blind) folded before Flop
Seat 7: JuanchiBasile14 (big blind) collected ($0.98)
Seat 8: mullski326 folded before Flop (didn't bet)
Seat 9: M@verick21 folded before Flop (didn't bet)



PokerStars Hand #238359076321:  Hold'em No Limit ($0.02/$0.05 USD) - 2022/09/01 17:18:24 PT [2022/09/01 20:18:24 ET]
Table 'Cornelia II' 9-max Seat #6 is the button
Seat 2: Al_pkr_plyr ($5 in chips) 
Seat 3: AQUIEGALOPORRA ($1.49 in chips) 
Seat 4: Dt_Hyde1 ($5.07 in chips) 
Seat 5: Dorex2007 ($7.58 in chips) 
Seat 6: AGVsmarT ($3.96 in chips) 
Seat 7: JuanchiBasile14 ($6.78 in chips) 
Seat 8: mullski326 ($4.04 in chips) 
Seat 9: M@verick21 ($7.57 in chips) 
JuanchiBasile14: posts small blind $0.02
mullski326: posts big blind $0.05
*** HOLE CARDS ***
Dealt to Dorex2007 [5h 9d]
M@verick21: raises $0.10 to $0.15
Al_pkr_plyr: folds 
AQUIEGALOPORRA: folds 
Dt_Hyde1: folds 
Dorex2007: folds 
AGVsmarT: calls $0.15
JuanchiBasile14: folds 
mullski326: folds 
*** FLOP *** [4c 8d Jd]
M@verick21: checks 
AGVsmarT: bets $0.35
M@verick21: folds 
Uncalled bet ($0.35) returned to AGVsmarT
AGVsmarT collected $0.35 from pot
*** SUMMARY ***
Total pot $0.37 | Rake $0.02 
Board [4c 8d Jd]
Seat 2: Al_pkr_plyr folded before Flop (didn't bet)
Seat 3: AQUIEGALOPORRA folded before Flop (didn't bet)
Seat 4: Dt_Hyde1 folded before Flop (didn't bet)
Seat 5: Dorex2007 folded before Flop (didn't bet)
Seat 6: AGVsmarT (button) collected ($0.35)
Seat 7: JuanchiBasile14 (small blind) folded before Flop
Seat 8: mullski326 (big blind) folded before Flop
Seat 9: M@verick21 folded on the Flop



PokerStars Hand #238359085410:  Hold'em No Limit ($0.02/$0.05 USD) - 2022/09/01 17:19:04 PT [2022/09/01 20:19:04 ET]
Table 'Cornelia II' 9-max Seat #7 is the button
Seat 2: Al_pkr_plyr ($5 in chips) 
Seat 3: AQUIEGALOPORRA ($1.49 in chips) 
Seat 4: Dt_Hyde1 ($5.07 in chips) 
Seat 5: Dorex2007 ($7.58 in chips) 
Seat 6: AGVsmarT ($4.16 in chips) 
Seat 7: JuanchiBasile14 ($6.76 in chips) 
Seat 8: mullski326 ($3.99 in chips) 
Seat 9: M@verick21 ($7.42 in chips) 
mullski326: posts small blind $0.02
M@verick21: posts big blind $0.05
*** HOLE CARDS ***
Dealt to Dorex2007 [Qh 3c]
Al_pkr_plyr: folds 
AQUIEGALOPORRA: folds 
Dt_Hyde1: folds 
Dorex2007: folds 
AGVsmarT: calls $0.05
JuanchiBasile14: calls $0.05
mullski326: folds 
M@verick21: raises $0.10 to $0.15
AGVsmarT: folds 
JuanchiBasile14: calls $0.10
*** FLOP *** [Ah 3d 8d]
M@verick21: checks 
JuanchiBasile14: checks 
*** TURN *** [Ah 3d 8d] [Qc]
M@verick21: checks 
JuanchiBasile14: bets $0.17
M@verick21: folds 
Uncalled bet ($0.17) returned to JuanchiBasile14
JuanchiBasile14 collected $0.35 from pot
*** SUMMARY ***
Total pot $0.37 | Rake $0.02 
Board [Ah 3d 8d Qc]
Seat 2: Al_pkr_plyr folded before Flop (didn't bet)
Seat 3: AQUIEGALOPORRA folded before Flop (didn't bet)
Seat 4: Dt_Hyde1 folded before Flop (didn't bet)
Seat 5: Dorex2007 folded before Flop (didn't bet)
Seat 6: AGVsmarT folded before Flop
Seat 7: JuanchiBasile14 (button) collected ($0.35)
Seat 8: mullski326 (small blind) folded before Flop
Seat 9: M@verick21 (big blind) folded on the Turn



PokerStars Hand #238359098468:  Hold'em No Limit ($0.02/$0.05 USD) - 2022/09/01 17:20:01 PT [2022/09/01 20:20:01 ET]
Table 'Cornelia II' 9-max Seat #8 is the button
Seat 2: Al_pkr_plyr ($5 in chips) 
Seat 3: AQUIEGALOPORRA ($1.49 in chips) 
Seat 4: Dt_Hyde1 ($5.07 in chips) 
Seat 5: Dorex2007 ($7.58 in chips) 
Seat 6: AGVsmarT ($4.11 in chips) 
Seat 7: JuanchiBasile14 ($6.96 in chips) 
Seat 8: mullski326 ($3.97 in chips) 
Seat 9: M@verick21 ($7.27 in chips) 
M@verick21: posts small blind $0.02
Al_pkr_plyr: posts big blind $0.05
*** HOLE CARDS ***
Dealt to Dorex2007 [Jc 2d]
AQUIEGALOPORRA: raises $0.12 to $0.17
Dt_Hyde1: raises $0.28 to $0.45
Dorex2007: folds 
AGVsmarT: calls $0.45
JuanchiBasile14: folds 
mullski326: folds 
M@verick21: folds 
Al_pkr_plyr: folds 
AQUIEGALOPORRA: raises $1.04 to $1.49 and is all-in
Dt_Hyde1: raises $3.50 to $4.99
AGVsmarT: folds 
Uncalled bet ($3.50) returned to Dt_Hyde1
*** FLOP *** [6d 3s 4s]
*** TURN *** [6d 3s 4s] [3d]
*** RIVER *** [6d 3s 4s 3d] [Kc]
*** SHOW DOWN ***
AQUIEGALOPORRA: shows [Jd Js] (two pair, Jacks and Threes)
Dt_Hyde1: shows [Ah Ks] (two pair, Kings and Threes)
Dt_Hyde1 cashed out the hand for $1.43 | Cash Out Fee $0.01
*** SUMMARY ***
Total pot $3.50 | Rake $0.15 
Board [6d 3s 4s 3d Kc]
Seat 2: Al_pkr_plyr (big blind) folded before Flop
Seat 3: AQUIEGALOPORRA showed [Jd Js] and lost with two pair, Jacks and Threes
Seat 4: Dt_Hyde1 showed [Ah Ks] and won ($3.35) with two pair, Kings and Threes (pot not awarded as player cashed out)
Seat 5: Dorex2007 folded before Flop (didn't bet)
Seat 6: AGVsmarT folded before Flop
Seat 7: JuanchiBasile14 folded before Flop (didn't bet)
Seat 8: mullski326 (button) folded before Flop (didn't bet)
Seat 9: M@verick21 (small blind) folded before Flop



PokerStars Hand #238359116059:  Hold'em No Limit ($0.02/$0.05 USD) - 2022/09/01 17:21:18 PT [2022/09/01 20:21:18 ET]
Table 'Cornelia II' 9-max Seat #9 is the button
Seat 2: Al_pkr_plyr ($5 in chips) 
Seat 4: Dt_Hyde1 ($5.01 in chips) 
Seat 5: Dorex2007 ($7.58 in chips) 
Seat 6: AGVsmarT ($3.66 in chips) 
Seat 7: JuanchiBasile14 ($6.96 in chips) 
Seat 8: mullski326 ($3.97 in chips) 
Seat 9: M@verick21 ($7.25 in chips) 
Al_pkr_plyr: posts small blind $0.02
Dt_Hyde1: posts big blind $0.05
*** HOLE CARDS ***
Dealt to Dorex2007 [3c 3s]
Dorex2007: folds 
AGVsmarT: calls $0.05
JuanchiBasile14: calls $0.05
mullski326: folds 
M@verick21: folds 
Al_pkr_plyr: folds 
Dt_Hyde1: checks 
*** FLOP *** [2h 9s 6h]
Dt_Hyde1: checks 
AQUIEGALOPORRA leaves the table
AGVsmarT: bets $0.16
JuanchiBasile14: folds 
Dt_Hyde1: calls $0.16
*** TURN *** [2h 9s 6h] [7h]
Dt_Hyde1: checks 
AGVsmarT: bets $0.47
Dt_Hyde1: calls $0.47
*** RIVER *** [2h 9s 6h 7h] [2d]
Dt_Hyde1: checks 
AGVsmarT: bets $0.45
Dt_Hyde1: calls $0.45
*** SHOW DOWN ***
AGVsmarT: shows [Th 9c] (two pair, Nines and Deuces)
Dt_Hyde1: mucks hand 
AGVsmarT collected $2.23 from pot
*** SUMMARY ***
Total pot $2.33 | Rake $0.10 
Board [2h 9s 6h 7h 2d]
Seat 2: Al_pkr_plyr (small blind) folded before Flop
Seat 4: Dt_Hyde1 (big blind) mucked [7d 6c]
Seat 5: Dorex2007 folded before Flop (didn't bet)
Seat 6: AGVsmarT showed [Th 9c] and won ($2.23) with two pair, Nines and Deuces
Seat 7: JuanchiBasile14 folded on the Flop
Seat 8: mullski326 folded before Flop (didn't bet)
Seat 9: M@verick21 (button) folded before Flop (didn't bet)



PokerStars Hand #238359132266:  Hold'em No Limit ($0.02/$0.05 USD) - 2022/09/01 17:22:29 PT [2022/09/01 20:22:29 ET]
Table 'Cornelia II' 9-max Seat #2 is the button
Seat 2: Al_pkr_plyr ($5 in chips) 
Seat 4: Dt_Hyde1 ($5 in chips) 
Seat 5: Dorex2007 ($7.58 in chips) 
Seat 6: AGVsmarT ($4.76 in chips) 
Seat 7: JuanchiBasile14 ($6.91 in chips) 
Seat 8: mullski326 ($3.97 in chips) 
Seat 9: M@verick21 ($7.25 in chips) 
Dt_Hyde1: posts small blind $0.02
Dorex2007: posts big blind $0.05
*** HOLE CARDS ***
Dealt to Dorex2007 [Qs Jc]
AGVsmarT: calls $0.05
JuanchiBasile14: calls $0.05
mullski326: folds 
M@verick21: folds 
Al_pkr_plyr: folds 
Dt_Hyde1: folds 
Dorex2007: checks 
*** FLOP *** [9s Qh 8h]
Dorex2007: checks 
AGVsmarT: bets $0.05
JuanchiBasile14: calls $0.05
Dorex2007: calls $0.05
*** TURN *** [9s Qh 8h] [Ks]
Dorex2007: checks 
AGVsmarT: bets $0.10
JuanchiBasile14: calls $0.10
Dorex2007: calls $0.10
*** RIVER *** [9s Qh 8h Ks] [9c]
Dorex2007: bets $0.29
AGVsmarT: raises $0.29 to $0.58
JuanchiBasile14: folds 
Dorex2007: folds 
Uncalled bet ($0.29) returned to AGVsmarT
AGVsmarT collected $1.15 from pot
*** SUMMARY ***
Total pot $1.20 | Rake $0.05 
Board [9s Qh 8h Ks 9c]
Seat 2: Al_pkr_plyr (button) folded before Flop (didn't bet)
Seat 4: Dt_Hyde1 (small blind) folded before Flop
Seat 5: Dorex2007 (big blind) folded on the River
Seat 6: AGVsmarT collected ($1.15)
Seat 7: JuanchiBasile14 folded on the River
Seat 8: mullski326 folded before Flop (didn't bet)
Seat 9: M@verick21 folded before Flop (didn't bet)



PokerStars Hand #238359147428:  Hold'em No Limit ($0.02/$0.05 USD) - 2022/09/01 17:23:36 PT [2022/09/01 20:23:36 ET]
Table 'Cornelia II' 9-max Seat #4 is the button
Seat 2: Al_pkr_plyr ($5 in chips) 
Seat 4: Dt_Hyde1 ($5 in chips) 
Seat 5: Dorex2007 ($7.09 in chips) 
Seat 6: AGVsmarT ($5.42 in chips) 
Seat 7: JuanchiBasile14 ($6.71 in chips) 
Seat 8: mullski326 ($3.97 in chips) 
Seat 9: M@verick21 ($7.25 in chips) 
Dorex2007: posts small blind $0.02
AGVsmarT: posts big blind $0.05
*** HOLE CARDS ***
Dealt to Dorex2007 [6h Ah]
JuanchiBasile14: folds 
mullski326: folds 
M@verick21: raises $0.15 to $0.20
Al_pkr_plyr: folds 
Dt_Hyde1: folds 
Dorex2007: folds 
AGVsmarT: folds 
Uncalled bet ($0.15) returned to M@verick21
M@verick21 collected $0.12 from pot
*** SUMMARY ***
Total pot $0.12 | Rake $0 
Seat 2: Al_pkr_plyr folded before Flop (didn't bet)
Seat 4: Dt_Hyde1 (button) folded before Flop (didn't bet)
Seat 5: Dorex2007 (small blind) folded before Flop
Seat 6: AGVsmarT (big blind) folded before Flop
Seat 7: JuanchiBasile14 folded before Flop (didn't bet)
Seat 8: mullski326 folded before Flop (didn't bet)
Seat 9: M@verick21 collected ($0.12)



PokerStars Hand #238359152908:  Hold'em No Limit ($0.02/$0.05 USD) - 2022/09/01 17:24:00 PT [2022/09/01 20:24:00 ET]
Table 'Cornelia II' 9-max Seat #5 is the button
Seat 2: Al_pkr_plyr ($5 in chips) 
Seat 4: Dt_Hyde1 ($5 in chips) 
Seat 5: Dorex2007 ($7.07 in chips) 
Seat 6: AGVsmarT ($5.37 in chips) 
Seat 7: JuanchiBasile14 ($6.71 in chips) 
Seat 8: mullski326 ($3.97 in chips) 
Seat 9: M@verick21 ($7.32 in chips) 
EMAZC07 joins the table at seat #3 
AGVsmarT: posts small blind $0.02
JuanchiBasile14: posts big blind $0.05
*** HOLE CARDS ***
Dealt to Dorex2007 [Qd Kd]
mullski326: folds 
Mkmko leaves the table
M@verick21: calls $0.05
Al_pkr_plyr: folds 
Dt_Hyde1: folds 
Dorex2007: raises $0.20 to $0.25
AGVsmarT: calls $0.23
JuanchiBasile14: folds 
M@verick21: folds 
*** FLOP *** [2h Qc 6h]
yuppie5510 joins the table at seat #1 
AGVsmarT: bets $0.29
Dorex2007: raises $1.16 to $1.45
AGVsmarT: folds 
Uncalled bet ($1.16) returned to Dorex2007
Dorex2007 collected $1.13 from pot
Dorex2007: doesn't show hand 
*** SUMMARY ***
Total pot $1.18 | Rake $0.05 
Board [2h Qc 6h]
Seat 2: Al_pkr_plyr folded before Flop (didn't bet)
Seat 4: Dt_Hyde1 folded before Flop (didn't bet)
Seat 5: Dorex2007 (button) collected ($1.13)
Seat 6: AGVsmarT (small blind) folded on the Flop
Seat 7: JuanchiBasile14 (big blind) folded before Flop
Seat 8: mullski326 folded before Flop (didn't bet)
Seat 9: M@verick21 folded before Flop



PokerStars Hand #238359165869:  Hold'em No Limit ($0.02/$0.05 USD) - 2022/09/01 17:24:58 PT [2022/09/01 20:24:58 ET]
Table 'Cornelia II' 9-max Seat #6 is the button
Seat 2: Al_pkr_plyr ($5 in chips) 
Seat 4: Dt_Hyde1 ($5 in chips) 
Seat 5: Dorex2007 ($7.66 in chips) 
Seat 6: AGVsmarT ($4.83 in chips) 
Seat 7: JuanchiBasile14 ($6.66 in chips) 
Seat 8: mullski326 ($3.97 in chips) 
Seat 9: M@verick21 ($7.27 in chips) 
JuanchiBasile14: posts small blind $0.02
mullski326: posts big blind $0.05
yuppie5510: sits out 
EMAZC07: sits out 
*** HOLE CARDS ***
Dealt to Dorex2007 [3h Th]
M@verick21: folds 
Al_pkr_plyr: raises $0.10 to $0.15
Dt_Hyde1: folds 
Dorex2007: folds 
AGVsmarT: folds 
AGVsmarT leaves the table
JuanchiBasile14: folds 
mullski326: calls $0.10
*** FLOP *** [Ts 4s 3c]
mullski326: checks 
Al_pkr_plyr: bets $0.15
mullski326: folds 
Uncalled bet ($0.15) returned to Al_pkr_plyr
Al_pkr_plyr collected $0.31 from pot
Al_pkr_plyr: doesn't show hand 
*** SUMMARY ***
Total pot $0.32 | Rake $0.01 
Board [Ts 4s 3c]
Seat 2: Al_pkr_plyr collected ($0.31)
Seat 4: Dt_Hyde1 folded before Flop (didn't bet)
Seat 5: Dorex2007 folded before Flop (didn't bet)
Seat 6: AGVsmarT (button) folded before Flop (didn't bet)
Seat 7: JuanchiBasile14 (small blind) folded before Flop
Seat 8: mullski326 (big blind) folded on the Flop
Seat 9: M@verick21 folded before Flop (didn't bet)



PokerStars Hand #238359174267:  Hold'em No Limit ($0.02/$0.05 USD) - 2022/09/01 17:25:35 PT [2022/09/01 20:25:35 ET]
Table 'Cornelia II' 9-max Seat #7 is the button
Seat 2: Al_pkr_plyr ($5.16 in chips) 
Seat 4: Dt_Hyde1 ($5 in chips) 
Seat 5: Dorex2007 ($7.66 in chips) 
Seat 7: JuanchiBasile14 ($6.64 in chips) 
Seat 8: mullski326 ($3.82 in chips) 
Seat 9: M@verick21 ($7.27 in chips) 
mullski326: posts small blind $0.02
M@verick21: posts big blind $0.05
yuppie5510: sits out 
EMAZC07: sits out 
*** HOLE CARDS ***
Dealt to Dorex2007 [6d Kd]
Al_pkr_plyr: folds 
Dt_Hyde1: folds 
Martev joins the table at seat #6 
Dorex2007: folds 
JuanchiBasile14: folds 
mullski326: calls $0.03
M@verick21: checks 
*** FLOP *** [4d 5s Ts]
mullski326: checks 
M@verick21: checks 
*** TURN *** [4d 5s Ts] [Ac]
mullski326: checks 
M@verick21: checks 
*** RIVER *** [4d 5s Ts Ac] [Th]
mullski326: checks 
M@verick21: checks 
*** SHOW DOWN ***
mullski326: shows [2s 9c] (a pair of Tens)
M@verick21: shows [2d Jc] (a pair of Tens - Ace+Jack kicker)
M@verick21 collected $0.10 from pot
*** SUMMARY ***
Total pot $0.10 | Rake $0 
Board [4d 5s Ts Ac Th]
Seat 2: Al_pkr_plyr folded before Flop (didn't bet)
Seat 4: Dt_Hyde1 folded before Flop (didn't bet)
Seat 5: Dorex2007 folded before Flop (didn't bet)
Seat 7: JuanchiBasile14 (button) folded before Flop (didn't bet)
Seat 8: mullski326 (small blind) showed [2s 9c] and lost with a pair of Tens
Seat 9: M@verick21 (big blind) showed [2d Jc] and won ($0.10) with a pair of Tens



PokerStars Hand #238359184763:  Hold'em No Limit ($0.02/$0.05 USD) - 2022/09/01 17:26:22 PT [2022/09/01 20:26:22 ET]
Table 'Cornelia II' 9-max Seat #8 is the button
Seat 1: yuppie5510 ($2 in chips) 
Seat 2: Al_pkr_plyr ($5.16 in chips) 
Seat 4: Dt_Hyde1 ($5 in chips) 
Seat 5: Dorex2007 ($7.66 in chips) 
Seat 7: JuanchiBasile14 ($6.64 in chips) 
Seat 8: mullski326 ($3.77 in chips) 
Seat 9: M@verick21 ($7.32 in chips) 
M@verick21: posts small blind $0.02
yuppie5510: posts big blind $0.05
EMAZC07: sits out 
Martev: sits out 
*** HOLE CARDS ***
Dealt to Dorex2007 [Qs 3s]
Al_pkr_plyr: folds 
Dt_Hyde1: folds 
Dorex2007: folds 
JuanchiBasile14: folds 
mullski326: folds 
M@verick21: calls $0.03
yuppie5510: raises $1.95 to $2 and is all-in
M@verick21: folds [2s 4s]
Uncalled bet ($1.95) returned to yuppie5510
yuppie5510 collected $0.10 from pot
yuppie5510: doesn't show hand 
*** SUMMARY ***
Total pot $0.10 | Rake $0 
Seat 1: yuppie5510 (big blind) collected ($0.10)
Seat 2: Al_pkr_plyr folded before Flop (didn't bet)
Seat 4: Dt_Hyde1 folded before Flop (didn't bet)
Seat 5: Dorex2007 folded before Flop (didn't bet)
Seat 7: JuanchiBasile14 folded before Flop (didn't bet)
Seat 8: mullski326 (button) folded before Flop (didn't bet)
Seat 9: M@verick21 (small blind) folded before Flop



PokerStars Hand #238359191831:  Hold'em No Limit ($0.02/$0.05 USD) - 2022/09/01 17:26:54 PT [2022/09/01 20:26:54 ET]
Table 'Cornelia II' 9-max Seat #9 is the button
Seat 1: yuppie5510 ($2.05 in chips) 
Seat 2: Al_pkr_plyr ($5.16 in chips) 
Seat 4: Dt_Hyde1 ($5 in chips) 
Seat 5: Dorex2007 ($7.66 in chips) 
Seat 7: JuanchiBasile14 ($6.64 in chips) 
Seat 8: mullski326 ($3.77 in chips) 
Seat 9: M@verick21 ($7.27 in chips) 
yuppie5510: posts small blind $0.02
Al_pkr_plyr: posts big blind $0.05
EMAZC07: sits out 
Martev: sits out 
*** HOLE CARDS ***
Dealt to Dorex2007 [Kh Ah]
Dt_Hyde1: folds 
Dorex2007: raises $0.20 to $0.25
JuanchiBasile14: folds 
mullski326: folds 
M@verick21: folds 
yuppie5510: calls $0.23
Al_pkr_plyr: folds 
*** FLOP *** [Jd Qs 4h]
yuppie5510: checks 
Dorex2007: checks 
*** TURN *** [Jd Qs 4h] [7s]
yuppie5510: bets $0.53
Dorex2007: folds 
Uncalled bet ($0.53) returned to yuppie5510
yuppie5510 collected $0.53 from pot
yuppie5510: doesn't show hand 
*** SUMMARY ***
Total pot $0.55 | Rake $0.02 
Board [Jd Qs 4h 7s]
Seat 1: yuppie5510 (small blind) collected ($0.53)
Seat 2: Al_pkr_plyr (big blind) folded before Flop
Seat 4: Dt_Hyde1 folded before Flop (didn't bet)
Seat 5: Dorex2007 folded on the Turn
Seat 7: JuanchiBasile14 folded before Flop (didn't bet)
Seat 8: mullski326 folded before Flop (didn't bet)
Seat 9: M@verick21 (button) folded before Flop (didn't bet)



PokerStars Hand #238359202305:  Hold'em No Limit ($0.02/$0.05 USD) - 2022/09/01 17:27:41 PT [2022/09/01 20:27:41 ET]
Table 'Cornelia II' 9-max Seat #1 is the button
Seat 1: yuppie5510 ($2.33 in chips) 
Seat 2: Al_pkr_plyr ($5.11 in chips) 
Seat 3: EMAZC07 ($5 in chips) 
Seat 4: Dt_Hyde1 ($5 in chips) 
Seat 5: Dorex2007 ($7.41 in chips) 
Seat 7: JuanchiBasile14 ($6.64 in chips) 
Seat 8: mullski326 ($3.77 in chips) 
Seat 9: M@verick21 ($7.27 in chips) 
Al_pkr_plyr: posts small blind $0.02
EMAZC07: posts big blind $0.05
Martev: sits out 
*** HOLE CARDS ***
Dealt to Dorex2007 [9c Tc]
Dt_Hyde1: folds 
Dorex2007: folds 
JuanchiBasile14: folds 
mullski326: raises $0.10 to $0.15
M@verick21: calls $0.15
yuppie5510: folds 
Al_pkr_plyr: calls $0.13
EMAZC07: folds 
*** FLOP *** [4c 2d 7c]
Al_pkr_plyr: checks 
mullski326: checks 
M@verick21: checks 
*** TURN *** [4c 2d 7c] [9s]
Al_pkr_plyr: bets $0.25
mullski326: calls $0.25
M@verick21: folds 
*** RIVER *** [4c 2d 7c 9s] [Js]
Al_pkr_plyr: checks 
mullski326: checks 
*** SHOW DOWN ***
Al_pkr_plyr: shows [8h 8c] (a pair of Eights)
mullski326: mucks hand 
Al_pkr_plyr collected $0.96 from pot
*** SUMMARY ***
Total pot $1 | Rake $0.04 
Board [4c 2d 7c 9s Js]
Seat 1: yuppie5510 (button) folded before Flop (didn't bet)
Seat 2: Al_pkr_plyr (small blind) showed [8h 8c] and won ($0.96) with a pair of Eights
Seat 3: EMAZC07 (big blind) folded before Flop
Seat 4: Dt_Hyde1 folded before Flop (didn't bet)
Seat 5: Dorex2007 folded before Flop (didn't bet)
Seat 7: JuanchiBasile14 folded before Flop (didn't bet)
Seat 8: mullski326 mucked [Ad Qd]
Seat 9: M@verick21 folded on the Turn



PokerStars Hand #238359213013:  Hold'em No Limit ($0.02/$0.05 USD) - 2022/09/01 17:28:30 PT [2022/09/01 20:28:30 ET]
Table 'Cornelia II' 9-max Seat #2 is the button
Seat 1: yuppie5510 ($2.33 in chips) 
Seat 2: Al_pkr_plyr ($5.67 in chips) 
Seat 3: EMAZC07 ($5 in chips) 
Seat 4: Dt_Hyde1 ($5 in chips) 
Seat 5: Dorex2007 ($7.41 in chips) 
Seat 7: JuanchiBasile14 ($6.64 in chips) 
Seat 8: mullski326 ($3.37 in chips) 
Seat 9: M@verick21 ($7.12 in chips) 
EMAZC07: posts small blind $0.02
Dt_Hyde1: posts big blind $0.05
Martev: sits out 
*** HOLE CARDS ***
Dealt to Dorex2007 [Tc Ac]
Dorex2007: raises $0.10 to $0.15
JuanchiBasile14: folds 
mullski326: folds 
M@verick21: folds 
yuppie5510: folds 
Al_pkr_plyr: folds 
EMAZC07: folds 
Dt_Hyde1: calls $0.10
*** FLOP *** [9d Qd 8h]
Dt_Hyde1: checks 
Dorex2007: checks 
*** TURN *** [9d Qd 8h] [Kc]
Dt_Hyde1: checks 
Dorex2007: checks 
*** RIVER *** [9d Qd 8h Kc] [7h]
Dt_Hyde1: bets $0.05
Dorex2007: folds 
Uncalled bet ($0.05) returned to Dt_Hyde1
Dt_Hyde1 collected $0.31 from pot
Dt_Hyde1: doesn't show hand 
*** SUMMARY ***
Total pot $0.32 | Rake $0.01 
Board [9d Qd 8h Kc 7h]
Seat 1: yuppie5510 folded before Flop (didn't bet)
Seat 2: Al_pkr_plyr (button) folded before Flop (didn't bet)
Seat 3: EMAZC07 (small blind) folded before Flop
Seat 4: Dt_Hyde1 (big blind) collected ($0.31)
Seat 5: Dorex2007 folded on the River
Seat 7: JuanchiBasile14 folded before Flop (didn't bet)
Seat 8: mullski326 folded before Flop (didn't bet)
Seat 9: M@verick21 folded before Flop (didn't bet)



PokerStars Hand #238359220601:  Hold'em No Limit ($0.02/$0.05 USD) - 2022/09/01 17:29:04 PT [2022/09/01 20:29:04 ET]
Table 'Cornelia II' 9-max Seat #3 is the button
Seat 1: yuppie5510 ($2.33 in chips) 
Seat 2: Al_pkr_plyr ($5.67 in chips) 
Seat 3: EMAZC07 ($5 in chips) 
Seat 4: Dt_Hyde1 ($5.16 in chips) 
Seat 5: Dorex2007 ($7.26 in chips) 
Seat 7: JuanchiBasile14 ($6.64 in chips) 
Seat 8: mullski326 ($3.37 in chips) 
Seat 9: M@verick21 ($7.12 in chips) 
Dt_Hyde1: posts small blind $0.02
Dorex2007: posts big blind $0.05
Martev: sits out 
*** HOLE CARDS ***
Dealt to Dorex2007 [Kc Qh]
JuanchiBasile14: folds 
mullski326: folds 
M@verick21: folds 
yuppie5510: raises $0.05 to $0.10
Al_pkr_plyr: folds 
EMAZC07: folds 
Dt_Hyde1: folds 
Dorex2007: calls $0.05
*** FLOP *** [Ah 7h Qs]
Dorex2007: checks 
yuppie5510: bets $0.21
Dorex2007: folds 
Uncalled bet ($0.21) returned to yuppie5510
yuppie5510 collected $0.21 from pot
yuppie5510: doesn't show hand 
*** SUMMARY ***
Total pot $0.22 | Rake $0.01 
Board [Ah 7h Qs]
Seat 1: yuppie5510 collected ($0.21)
Seat 2: Al_pkr_plyr folded before Flop (didn't bet)
Seat 3: EMAZC07 (button) folded before Flop (didn't bet)
Seat 4: Dt_Hyde1 (small blind) folded before Flop
Seat 5: Dorex2007 (big blind) folded on the Flop
Seat 7: JuanchiBasile14 folded before Flop (didn't bet)
Seat 8: mullski326 folded before Flop (didn't bet)
Seat 9: M@verick21 folded before Flop (didn't bet)



PokerStars Hand #238359225570:  Hold'em No Limit ($0.02/$0.05 USD) - 2022/09/01 17:29:27 PT [2022/09/01 20:29:27 ET]
Table 'Cornelia II' 9-max Seat #4 is the button
Seat 1: yuppie5510 ($2.44 in chips) 
Seat 2: Al_pkr_plyr ($5.67 in chips) 
Seat 3: EMAZC07 ($5 in chips) 
Seat 4: Dt_Hyde1 ($5.14 in chips) 
Seat 5: Dorex2007 ($7.16 in chips) 
Seat 6: Martev ($5 in chips) 
Seat 7: JuanchiBasile14 ($6.64 in chips) 
Seat 8: mullski326 ($3.37 in chips) 
Seat 9: M@verick21 ($7.12 in chips) 
Dorex2007: posts small blind $0.02
Martev: posts big blind $0.05
*** HOLE CARDS ***
Dealt to Dorex2007 [Jc Ks]
JuanchiBasile14: folds 
mullski326: folds 
M@verick21: folds 
yuppie5510: folds 
Al_pkr_plyr: folds 
EMAZC07: raises $0.10 to $0.15
Dt_Hyde1: folds 
Dorex2007: folds 
Martev: folds 
Uncalled bet ($0.10) returned to EMAZC07
EMAZC07 collected $0.12 from pot
EMAZC07: doesn't show hand 
*** SUMMARY ***
Total pot $0.12 | Rake $0 
Seat 1: yuppie5510 folded before Flop (didn't bet)
Seat 2: Al_pkr_plyr folded before Flop (didn't bet)
Seat 3: EMAZC07 collected ($0.12)
Seat 4: Dt_Hyde1 (button) folded before Flop (didn't bet)
Seat 5: Dorex2007 (small blind) folded before Flop
Seat 6: Martev (big blind) folded before Flop
Seat 7: JuanchiBasile14 folded before Flop (didn't bet)
Seat 8: mullski326 folded before Flop (didn't bet)
Seat 9: M@verick21 folded before Flop (didn't bet)



PokerStars Hand #238359230777:  Hold'em No Limit ($0.02/$0.05 USD) - 2022/09/01 17:29:51 PT [2022/09/01 20:29:51 ET]
Table 'Cornelia II' 9-max Seat #5 is the button
Seat 1: yuppie5510 ($2.44 in chips) 
Seat 2: Al_pkr_plyr ($5.67 in chips) 
Seat 3: EMAZC07 ($5.07 in chips) 
Seat 4: Dt_Hyde1 ($5.14 in chips) 
Seat 5: Dorex2007 ($7.14 in chips) 
Seat 6: Martev ($5 in chips) 
Seat 7: JuanchiBasile14 ($6.64 in chips) 
Seat 8: mullski326 ($3.37 in chips) 
Seat 9: M@verick21 ($7.12 in chips) 
Martev: posts small blind $0.02
JuanchiBasile14: posts big blind $0.05
*** HOLE CARDS ***
Dealt to Dorex2007 [7s 8c]
mullski326: folds 
M@verick21: folds 
yuppie5510: folds 
Al_pkr_plyr: folds 
EMAZC07: folds 
Dt_Hyde1: raises $0.15 to $0.20
Dorex2007: folds 
Martev: folds 
JuanchiBasile14: calls $0.15
*** FLOP *** [9s 2c 7h]
JuanchiBasile14: checks 
Dt_Hyde1: bets $0.32
JuanchiBasile14: folds 
Uncalled bet ($0.32) returned to Dt_Hyde1
Dt_Hyde1 collected $0.40 from pot
Dt_Hyde1: doesn't show hand 
*** SUMMARY ***
Total pot $0.42 | Rake $0.02 
Board [9s 2c 7h]
Seat 1: yuppie5510 folded before Flop (didn't bet)
Seat 2: Al_pkr_plyr folded before Flop (didn't bet)
Seat 3: EMAZC07 folded before Flop (didn't bet)
Seat 4: Dt_Hyde1 collected ($0.40)
Seat 5: Dorex2007 (button) folded before Flop (didn't bet)
Seat 6: Martev (small blind) folded before Flop
Seat 7: JuanchiBasile14 (big blind) folded on the Flop
Seat 8: mullski326 folded before Flop (didn't bet)
Seat 9: M@verick21 folded before Flop (didn't bet)



PokerStars Hand #238359237483:  Hold'em No Limit ($0.02/$0.05 USD) - 2022/09/01 17:30:21 PT [2022/09/01 20:30:21 ET]
Table 'Cornelia II' 9-max Seat #6 is the button
Seat 1: yuppie5510 ($2.44 in chips) 
Seat 2: Al_pkr_plyr ($5.67 in chips) 
Seat 3: EMAZC07 ($5.07 in chips) 
Seat 4: Dt_Hyde1 ($5.34 in chips) 
Seat 5: Dorex2007 ($7.14 in chips) 
Seat 6: Martev ($5 in chips) 
Seat 7: JuanchiBasile14 ($6.44 in chips) 
Seat 8: mullski326 ($3.37 in chips) 
Seat 9: M@verick21 ($7.12 in chips) 
JuanchiBasile14: posts small blind $0.02
mullski326: posts big blind $0.05
*** HOLE CARDS ***
Dealt to Dorex2007 [2d 4c]
M@verick21: calls $0.05
yuppie5510: folds 
Al_pkr_plyr: folds 
EMAZC07: folds 
Dt_Hyde1: folds 
Dorex2007: folds 
Martev: folds 
JuanchiBasile14: calls $0.03
mullski326: raises $3.32 to $3.37 and is all-in
M@verick21: folds 
JuanchiBasile14: folds 
Uncalled bet ($3.32) returned to mullski326
mullski326 collected $0.15 from pot
*** SUMMARY ***
Total pot $0.15 | Rake $0 
Seat 1: yuppie5510 folded before Flop (didn't bet)
Seat 2: Al_pkr_plyr folded before Flop (didn't bet)
Seat 3: EMAZC07 folded before Flop (didn't bet)
Seat 4: Dt_Hyde1 folded before Flop (didn't bet)
Seat 5: Dorex2007 folded before Flop (didn't bet)
Seat 6: Martev (button) folded before Flop (didn't bet)
Seat 7: JuanchiBasile14 (small blind) folded before Flop
Seat 8: mullski326 (big blind) collected ($0.15)
Seat 9: M@verick21 folded before Flop



PokerStars Hand #238359244469:  Hold'em No Limit ($0.02/$0.05 USD) - 2022/09/01 17:30:53 PT [2022/09/01 20:30:53 ET]
Table 'Cornelia II' 9-max Seat #7 is the button
Seat 1: yuppie5510 ($2.44 in chips) 
Seat 2: Al_pkr_plyr ($5.67 in chips) 
Seat 3: EMAZC07 ($5.07 in chips) 
Seat 4: Dt_Hyde1 ($5.34 in chips) 
Seat 5: Dorex2007 ($7.14 in chips) 
Seat 6: Martev ($5 in chips) 
Seat 7: JuanchiBasile14 ($6.39 in chips) 
Seat 8: mullski326 ($3.47 in chips) 
Seat 9: M@verick21 ($7.07 in chips) 
mullski326: posts small blind $0.02
M@verick21: posts big blind $0.05
*** HOLE CARDS ***
Dealt to Dorex2007 [Ac 7h]
yuppie5510: raises $0.10 to $0.15
Al_pkr_plyr: folds 
EMAZC07: folds 
Dt_Hyde1: folds 
Dorex2007: folds 
Martev: folds 
JuanchiBasile14: calls $0.15
mullski326: folds 
M@verick21: calls $0.10
*** FLOP *** [3s 4h 5h]
M@verick21: checks 
yuppie5510: bets $0.22
JuanchiBasile14: calls $0.22
M@verick21: folds 
*** TURN *** [3s 4h 5h] [8c]
yuppie5510: bets $2.07 and is all-in
JuanchiBasile14: folds 
Uncalled bet ($2.07) returned to yuppie5510
yuppie5510 collected $0.87 from pot
yuppie5510: doesn't show hand 
*** SUMMARY ***
Total pot $0.91 | Rake $0.04 
Board [3s 4h 5h 8c]
Seat 1: yuppie5510 collected ($0.87)
Seat 2: Al_pkr_plyr folded before Flop (didn't bet)
Seat 3: EMAZC07 folded before Flop (didn't bet)
Seat 4: Dt_Hyde1 folded before Flop (didn't bet)
Seat 5: Dorex2007 folded before Flop (didn't bet)
Seat 6: Martev folded before Flop (didn't bet)
Seat 7: JuanchiBasile14 (button) folded on the Turn
Seat 8: mullski326 (small blind) folded before Flop
Seat 9: M@verick21 (big blind) folded on the Flop



PokerStars Hand #238359252125:  Hold'em No Limit ($0.02/$0.05 USD) - 2022/09/01 17:31:28 PT [2022/09/01 20:31:28 ET]
Table 'Cornelia II' 9-max Seat #8 is the button
Seat 1: yuppie5510 ($2.94 in chips) 
Seat 2: Al_pkr_plyr ($5.67 in chips) 
Seat 3: EMAZC07 ($5.07 in chips) 
Seat 4: Dt_Hyde1 ($5.34 in chips) 
Seat 5: Dorex2007 ($7.14 in chips) 
Seat 6: Martev ($5 in chips) 
Seat 7: JuanchiBasile14 ($6.02 in chips) 
Seat 8: mullski326 ($3.45 in chips) 
Seat 9: M@verick21 ($6.92 in chips) 
M@verick21: posts small blind $0.02
yuppie5510: posts big blind $0.05
*** HOLE CARDS ***
Dealt to Dorex2007 [Ah Td]
Al_pkr_plyr: folds 
EMAZC07: folds 
Dt_Hyde1: folds 
Dorex2007: folds 
Martev: folds 
JuanchiBasile14: raises $0.05 to $0.10
mullski326: folds 
M@verick21: folds 
yuppie5510: calls $0.05
*** FLOP *** [5h 3c 7c]
yuppie5510: bets $2.84 and is all-in
JuanchiBasile14: folds 
Uncalled bet ($2.84) returned to yuppie5510
yuppie5510 collected $0.21 from pot
yuppie5510: doesn't show hand 
*** SUMMARY ***
Total pot $0.22 | Rake $0.01 
Board [5h 3c 7c]
Seat 1: yuppie5510 (big blind) collected ($0.21)
Seat 2: Al_pkr_plyr folded before Flop (didn't bet)
Seat 3: EMAZC07 folded before Flop (didn't bet)
Seat 4: Dt_Hyde1 folded before Flop (didn't bet)
Seat 5: Dorex2007 folded before Flop (didn't bet)
Seat 6: Martev folded before Flop (didn't bet)
Seat 7: JuanchiBasile14 folded on the Flop
Seat 8: mullski326 (button) folded before Flop (didn't bet)
Seat 9: M@verick21 (small blind) folded before Flop



PokerStars Hand #238359259226:  Hold'em No Limit ($0.02/$0.05 USD) - 2022/09/01 17:32:00 PT [2022/09/01 20:32:00 ET]
Table 'Cornelia II' 9-max Seat #9 is the button
Seat 1: yuppie5510 ($3.05 in chips) 
Seat 2: Al_pkr_plyr ($5.67 in chips) 
Seat 3: EMAZC07 ($5.07 in chips) 
Seat 4: Dt_Hyde1 ($5.34 in chips) 
Seat 5: Dorex2007 ($7.14 in chips) 
Seat 6: Martev ($5 in chips) 
Seat 7: JuanchiBasile14 ($5.92 in chips) 
Seat 8: mullski326 ($3.45 in chips) 
Seat 9: M@verick21 ($6.90 in chips) 
yuppie5510: posts small blind $0.02
Al_pkr_plyr: posts big blind $0.05
*** HOLE CARDS ***
Dealt to Dorex2007 [Kc 8c]
EMAZC07: folds 
Dt_Hyde1: folds 
Dorex2007: folds 
Martev: folds 
JuanchiBasile14: raises $0.10 to $0.15
mullski326: folds 
M@verick21: folds 
yuppie5510: folds 
Al_pkr_plyr: folds 
Uncalled bet ($0.10) returned to JuanchiBasile14
JuanchiBasile14 collected $0.12 from pot
yuppie5510 leaves the table
*** SUMMARY ***
Total pot $0.12 | Rake $0 
Seat 1: yuppie5510 (small blind) folded before Flop
Seat 2: Al_pkr_plyr (big blind) folded before Flop
Seat 3: EMAZC07 folded before Flop (didn't bet)
Seat 4: Dt_Hyde1 folded before Flop (didn't bet)
Seat 5: Dorex2007 folded before Flop (didn't bet)
Seat 6: Martev folded before Flop (didn't bet)
Seat 7: JuanchiBasile14 collected ($0.12)
Seat 8: mullski326 folded before Flop (didn't bet)
Seat 9: M@verick21 (button) folded before Flop (didn't bet)



PokerStars Hand #238359262890:  Hold'em No Limit ($0.02/$0.05 USD) - 2022/09/01 17:32:17 PT [2022/09/01 20:32:17 ET]
Table 'Cornelia II' 9-max Seat #2 is the button
Seat 2: Al_pkr_plyr ($5.62 in chips) 
Seat 3: EMAZC07 ($5.07 in chips) 
Seat 4: Dt_Hyde1 ($5.34 in chips) 
Seat 5: Dorex2007 ($7.14 in chips) 
Seat 6: Martev ($5 in chips) 
Seat 7: JuanchiBasile14 ($5.99 in chips) 
Seat 8: mullski326 ($3.45 in chips) 
Seat 9: M@verick21 ($6.90 in chips) 
EMAZC07: posts small blind $0.02
Dt_Hyde1: posts big blind $0.05
*** HOLE CARDS ***
Dealt to Dorex2007 [5c Qs]
Dorex2007: folds 
Martev: folds 
JuanchiBasile14: raises $0.10 to $0.15
mullski326: folds 
M@verick21: folds 
Al_pkr_plyr: calls $0.15
EMAZC07: folds 
Dt_Hyde1: folds 
*** FLOP *** [4d 3d 7h]
JuanchiBasile14: bets $0.35
Al_pkr_plyr: calls $0.35
*** TURN *** [4d 3d 7h] [Ah]
JuanchiBasile14: bets $0.51
Al_pkr_plyr: calls $0.51
*** RIVER *** [4d 3d 7h Ah] [5h]
JuanchiBasile14: checks 
Al_pkr_plyr: bets $1
JuanchiBasile14: calls $1
*** SHOW DOWN ***
Al_pkr_plyr: shows [6d 6s] (a straight, Three to Seven)
JuanchiBasile14: mucks hand 
Al_pkr_plyr collected $3.92 from pot
*** SUMMARY ***
Total pot $4.09 | Rake $0.17 
Board [4d 3d 7h Ah 5h]
Seat 2: Al_pkr_plyr (button) showed [6d 6s] and won ($3.92) with a straight, Three to Seven
Seat 3: EMAZC07 (small blind) folded before Flop
Seat 4: Dt_Hyde1 (big blind) folded before Flop
Seat 5: Dorex2007 folded before Flop (didn't bet)
Seat 6: Martev folded before Flop (didn't bet)
Seat 7: JuanchiBasile14 mucked [Kh Kc]
Seat 8: mullski326 folded before Flop (didn't bet)
Seat 9: M@verick21 folded before Flop (didn't bet)



PokerStars Hand #238359274449:  Hold'em No Limit ($0.02/$0.05 USD) - 2022/09/01 17:33:10 PT [2022/09/01 20:33:10 ET]
Table 'Cornelia II' 9-max Seat #3 is the button
Seat 2: Al_pkr_plyr ($7.53 in chips) 
Seat 3: EMAZC07 ($5.05 in chips) 
Seat 4: Dt_Hyde1 ($5.29 in chips) 
Seat 5: Dorex2007 ($7.14 in chips) 
Seat 6: Martev ($5 in chips) 
Seat 7: JuanchiBasile14 ($3.98 in chips) 
Seat 8: mullski326 ($3.45 in chips) 
Seat 9: M@verick21 ($6.90 in chips) 
Dt_Hyde1: posts small blind $0.02
Dorex2007: posts big blind $0.05
*** HOLE CARDS ***
Dealt to Dorex2007 [Kd 9s]
Martev: folds 
JuanchiBasile14: folds 
mullski326: folds 
M@verick21: raises $0.10 to $0.15
Al_pkr_plyr: calls $0.15
EMAZC07: folds 
Dt_Hyde1: calls $0.13
Dorex2007: folds 
*** FLOP *** [2d 8d 4s]
Dt_Hyde1: checks 
M@verick21: checks 
Al_pkr_plyr: checks 
*** TURN *** [2d 8d 4s] [2s]
Dt_Hyde1: checks 
M@verick21: checks 
Al_pkr_plyr: checks 
*** RIVER *** [2d 8d 4s 2s] [5c]
Dt_Hyde1: bets $0.29
M@verick21: folds 
Al_pkr_plyr: folds 
Uncalled bet ($0.29) returned to Dt_Hyde1
Dt_Hyde1 collected $0.48 from pot
Dt_Hyde1: doesn't show hand 
*** SUMMARY ***
Total pot $0.50 | Rake $0.02 
Board [2d 8d 4s 2s 5c]
Seat 2: Al_pkr_plyr folded on the River
Seat 3: EMAZC07 (button) folded before Flop (didn't bet)
Seat 4: Dt_Hyde1 (small blind) collected ($0.48)
Seat 5: Dorex2007 (big blind) folded before Flop
Seat 6: Martev folded before Flop (didn't bet)
Seat 7: JuanchiBasile14 folded before Flop (didn't bet)
Seat 8: mullski326 folded before Flop (didn't bet)
Seat 9: M@verick21 folded on the River



PokerStars Hand #238359286071:  Hold'em No Limit ($0.02/$0.05 USD) - 2022/09/01 17:34:03 PT [2022/09/01 20:34:03 ET]
Table 'Cornelia II' 9-max Seat #4 is the button
Seat 2: Al_pkr_plyr ($7.38 in chips) 
Seat 3: EMAZC07 ($5.05 in chips) 
Seat 4: Dt_Hyde1 ($5.62 in chips) 
Seat 5: Dorex2007 ($7.09 in chips) 
Seat 6: Martev ($5 in chips) 
Seat 7: JuanchiBasile14 ($3.98 in chips) 
Seat 8: mullski326 ($3.45 in chips) 
Seat 9: M@verick21 ($6.75 in chips) 
Dorex2007: posts small blind $0.02
Martev: posts big blind $0.05
*** HOLE CARDS ***
Dealt to Dorex2007 [Js 9s]
JuanchiBasile14: folds 
mullski326: folds 
M@verick21: folds 
M@verick21 leaves the table
Al_pkr_plyr: folds 
EMAZC07: folds 
Dt_Hyde1: raises $0.15 to $0.20
Coogar79 joins the table at seat #1 
Dorex2007: folds 
Martev: folds 
Uncalled bet ($0.15) returned to Dt_Hyde1
Dt_Hyde1 collected $0.12 from pot
Dt_Hyde1: doesn't show hand 
*** SUMMARY ***
Total pot $0.12 | Rake $0 
Seat 2: Al_pkr_plyr folded before Flop (didn't bet)
Seat 3: EMAZC07 folded before Flop (didn't bet)
Seat 4: Dt_Hyde1 (button) collected ($0.12)
Seat 5: Dorex2007 (small blind) folded before Flop
Seat 6: Martev (big blind) folded before Flop
Seat 7: JuanchiBasile14 folded before Flop (didn't bet)
Seat 8: mullski326 folded before Flop (didn't bet)
Seat 9: M@verick21 folded before Flop (didn't bet)



PokerStars Hand #238359289966:  Hold'em No Limit ($0.02/$0.05 USD) - 2022/09/01 17:34:21 PT [2022/09/01 20:34:21 ET]
Table 'Cornelia II' 9-max Seat #5 is the button
Seat 2: Al_pkr_plyr ($7.38 in chips) 
Seat 3: EMAZC07 ($5.05 in chips) 
Seat 4: Dt_Hyde1 ($5.69 in chips) 
Seat 5: Dorex2007 ($7.07 in chips) 
Seat 6: Martev ($5 in chips) 
Seat 7: JuanchiBasile14 ($3.98 in chips) 
Seat 8: mullski326 ($3.45 in chips) 
Martev: posts small blind $0.02
JuanchiBasile14: posts big blind $0.05
Coogar79: sits out 
*** HOLE CARDS ***
Dealt to Dorex2007 [Kd 8h]
mullski326: folds 
Al_pkr_plyr: folds 
EMAZC07: folds 
Dt_Hyde1: folds 
Dorex2007: folds 
Martev: folds 
Uncalled bet ($0.03) returned to JuanchiBasile14
JuanchiBasile14 collected $0.04 from pot
*** SUMMARY ***
Total pot $0.04 | Rake $0 
Seat 2: Al_pkr_plyr folded before Flop (didn't bet)
Seat 3: EMAZC07 folded before Flop (didn't bet)
Seat 4: Dt_Hyde1 folded before Flop (didn't bet)
Seat 5: Dorex2007 (button) folded before Flop (didn't bet)
Seat 6: Martev (small blind) folded before Flop
Seat 7: JuanchiBasile14 (big blind) collected ($0.04)
Seat 8: mullski326 folded before Flop (didn't bet)



PokerStars Hand #238359293428:  Hold'em No Limit ($0.02/$0.05 USD) - 2022/09/01 17:34:37 PT [2022/09/01 20:34:37 ET]
Table 'Cornelia II' 9-max Seat #6 is the button
Seat 1: Coogar79 ($5 in chips) 
Seat 2: Al_pkr_plyr ($7.38 in chips) 
Seat 3: EMAZC07 ($5.05 in chips) 
Seat 4: Dt_Hyde1 ($5.69 in chips) 
Seat 5: Dorex2007 ($7.07 in chips) 
Seat 6: Martev ($5 in chips) 
Seat 7: JuanchiBasile14 ($4 in chips) 
JuanchiBasile14: posts small blind $0.02
mullski326: is sitting out 
Coogar79: posts big blind $0.05
*** HOLE CARDS ***
Dealt to Dorex2007 [4c 7c]
Al_pkr_plyr: folds 
EMAZC07: folds 
Dt_Hyde1: folds 
Dorex2007: folds 
Martev: raises $0.10 to $0.15
JuanchiBasile14: raises $0.10 to $0.25
Coogar79: folds 
Martev: calls $0.10
*** FLOP *** [Ts 3s 9d]
JuanchiBasile14: bets $0.53
Martev: folds 
Uncalled bet ($0.53) returned to JuanchiBasile14
JuanchiBasile14 collected $0.53 from pot
*** SUMMARY ***
Total pot $0.55 | Rake $0.02 
Board [Ts 3s 9d]
Seat 1: Coogar79 (big blind) folded before Flop
Seat 2: Al_pkr_plyr folded before Flop (didn't bet)
Seat 3: EMAZC07 folded before Flop (didn't bet)
Seat 4: Dt_Hyde1 folded before Flop (didn't bet)
Seat 5: Dorex2007 folded before Flop (didn't bet)
Seat 6: Martev (button) folded on the Flop
Seat 7: JuanchiBasile14 (small blind) collected ($0.53)



PokerStars Hand #238359301734:  Hold'em No Limit ($0.02/$0.05 USD) - 2022/09/01 17:35:16 PT [2022/09/01 20:35:16 ET]
Table 'Cornelia II' 9-max Seat #7 is the button
Seat 1: Coogar79 ($4.95 in chips) 
Seat 2: Al_pkr_plyr ($7.38 in chips) 
Seat 3: EMAZC07 ($5.05 in chips) 
Seat 4: Dt_Hyde1 ($5.69 in chips) 
Seat 5: Dorex2007 ($7.07 in chips) 
Seat 6: Martev ($5 in chips) 
Seat 7: JuanchiBasile14 ($4.28 in chips) 
Coogar79: posts small blind $0.02
Al_pkr_plyr: posts big blind $0.05
*** HOLE CARDS ***
Dealt to Dorex2007 [2d 9c]
EMAZC07: folds 
Dt_Hyde1: folds 
Dorex2007: folds 
Martev: folds 
JuanchiBasile14: folds 
Coogar79: calls $0.03
Al_pkr_plyr: checks 
*** FLOP *** [7s 6d 8d]
Coogar79: checks 
Al_pkr_plyr: checks 
*** TURN *** [7s 6d 8d] [7h]
Coogar79: checks 
Al_pkr_plyr: bets $0.10
Coogar79: folds 
Uncalled bet ($0.10) returned to Al_pkr_plyr
Al_pkr_plyr collected $0.10 from pot
Al_pkr_plyr: doesn't show hand 
*** SUMMARY ***
Total pot $0.10 | Rake $0 
Board [7s 6d 8d 7h]
Seat 1: Coogar79 (small blind) folded on the Turn
Seat 2: Al_pkr_plyr (big blind) collected ($0.10)
Seat 3: EMAZC07 folded before Flop (didn't bet)
Seat 4: Dt_Hyde1 folded before Flop (didn't bet)
Seat 5: Dorex2007 folded before Flop (didn't bet)
Seat 6: Martev folded before Flop (didn't bet)
Seat 7: JuanchiBasile14 (button) folded before Flop (didn't bet)



PokerStars Hand #238359308758:  Hold'em No Limit ($0.02/$0.05 USD) - 2022/09/01 17:35:48 PT [2022/09/01 20:35:48 ET]
Table 'Cornelia II' 9-max Seat #1 is the button
Seat 1: Coogar79 ($4.90 in chips) 
Seat 2: Al_pkr_plyr ($7.43 in chips) 
Seat 3: EMAZC07 ($5.05 in chips) 
Seat 4: Dt_Hyde1 ($5.69 in chips) 
Seat 5: Dorex2007 ($7.07 in chips) 
Seat 6: Martev ($5 in chips) 
Seat 7: JuanchiBasile14 ($4.28 in chips) 
Al_pkr_plyr: posts small blind $0.02
EMAZC07: posts big blind $0.05
*** HOLE CARDS ***
Dealt to Dorex2007 [2s 5h]
Dt_Hyde1: folds 
Dorex2007: folds 
Martev: folds 
JuanchiBasile14: calls $0.05
Coogar79: raises $0.10 to $0.15
Al_pkr_plyr: folds 
EMAZC07: folds 
JuanchiBasile14: calls $0.10
*** FLOP *** [8h 3d 9s]
JuanchiBasile14: checks 
Coogar79: bets $0.17
JuanchiBasile14: calls $0.17
*** TURN *** [8h 3d 9s] [2d]
JuanchiBasile14: checks 
Coogar79: bets $0.34
JuanchiBasile14: folds 
Uncalled bet ($0.34) returned to Coogar79
Coogar79 collected $0.67 from pot
*** SUMMARY ***
Total pot $0.71 | Rake $0.04 
Board [8h 3d 9s 2d]
Seat 1: Coogar79 (button) collected ($0.67)
Seat 2: Al_pkr_plyr (small blind) folded before Flop
Seat 3: EMAZC07 (big blind) folded before Flop
Seat 4: Dt_Hyde1 folded before Flop (didn't bet)
Seat 5: Dorex2007 folded before Flop (didn't bet)
Seat 6: Martev folded before Flop (didn't bet)
Seat 7: JuanchiBasile14 folded on the Turn



PokerStars Hand #238359315644:  Hold'em No Limit ($0.02/$0.05 USD) - 2022/09/01 17:36:20 PT [2022/09/01 20:36:20 ET]
Table 'Cornelia II' 9-max Seat #2 is the button
Seat 1: Coogar79 ($5.25 in chips) 
Seat 2: Al_pkr_plyr ($7.41 in chips) 
Seat 3: EMAZC07 ($5 in chips) 
Seat 4: Dt_Hyde1 ($5.69 in chips) 
Seat 5: Dorex2007 ($7.07 in chips) 
Seat 6: Martev ($5 in chips) 
Seat 7: JuanchiBasile14 ($3.96 in chips) 
EMAZC07: posts small blind $0.02
Dt_Hyde1: posts big blind $0.05
mullski326: sits out 
*** HOLE CARDS ***
Dealt to Dorex2007 [Kh 9h]
Dorex2007: folds 
Martev: folds 
JuanchiBasile14: folds 
Coogar79: calls $0.05
fbf58 joins the table at seat #9 
Al_pkr_plyr: folds 
EMAZC07: folds 
Dt_Hyde1: checks 
*** FLOP *** [Td Ks Kc]
Dt_Hyde1: checks 
Coogar79: checks 
*** TURN *** [Td Ks Kc] [Qd]
Dt_Hyde1: bets $0.05
Coogar79: folds 
Uncalled bet ($0.05) returned to Dt_Hyde1
Dt_Hyde1 collected $0.12 from pot
Dt_Hyde1: doesn't show hand 
*** SUMMARY ***
Total pot $0.12 | Rake $0 
Board [Td Ks Kc Qd]
Seat 1: Coogar79 folded on the Turn
Seat 2: Al_pkr_plyr (button) folded before Flop (didn't bet)
Seat 3: EMAZC07 (small blind) folded before Flop
Seat 4: Dt_Hyde1 (big blind) collected ($0.12)
Seat 5: Dorex2007 folded before Flop (didn't bet)
Seat 6: Martev folded before Flop (didn't bet)
Seat 7: JuanchiBasile14 folded before Flop (didn't bet)



PokerStars Hand #238359321740:  Hold'em No Limit ($0.02/$0.05 USD) - 2022/09/01 17:36:48 PT [2022/09/01 20:36:48 ET]
Table 'Cornelia II' 9-max Seat #3 is the button
Seat 1: Coogar79 ($5.20 in chips) 
Seat 2: Al_pkr_plyr ($7.41 in chips) 
Seat 3: EMAZC07 ($5 in chips) 
Seat 4: Dt_Hyde1 ($5.76 in chips) 
Seat 5: Dorex2007 ($7.07 in chips) 
Seat 6: Martev ($5 in chips) 
Seat 7: JuanchiBasile14 ($3.96 in chips) 
Seat 9: fbf58 ($4.20 in chips) 
Dt_Hyde1: posts small blind $0.02
Dorex2007: posts big blind $0.05
mullski326: sits out 
fbf58: posts big blind $0.05
*** HOLE CARDS ***
Dealt to Dorex2007 [2d 4s]
Martev: folds 
JuanchiBasile14: calls $0.05
fbf58: checks 
Coogar79: raises $0.10 to $0.15
Al_pkr_plyr: calls $0.15
EMAZC07: folds 
Dt_Hyde1: folds 
Dorex2007: folds 
JuanchiBasile14: calls $0.10
fbf58: folds 
*** FLOP *** [9s 8h 9c]
JuanchiBasile14: checks 
Coogar79: checks 
Al_pkr_plyr: checks 
*** TURN *** [9s 8h 9c] [3s]
JuanchiBasile14: bets $0.27
Coogar79: folds 
Al_pkr_plyr: calls $0.27
*** RIVER *** [9s 8h 9c 3s] [8c]
JuanchiBasile14: bets $1.06
Al_pkr_plyr: folds 
Uncalled bet ($1.06) returned to JuanchiBasile14
JuanchiBasile14 collected $1.06 from pot
*** SUMMARY ***
Total pot $1.11 | Rake $0.05 
Board [9s 8h 9c 3s 8c]
Seat 1: Coogar79 folded on the Turn
Seat 2: Al_pkr_plyr folded on the River
Seat 3: EMAZC07 (button) folded before Flop (didn't bet)
Seat 4: Dt_Hyde1 (small blind) folded before Flop
Seat 5: Dorex2007 (big blind) folded before Flop
Seat 6: Martev folded before Flop (didn't bet)
Seat 7: JuanchiBasile14 collected ($1.06)
Seat 9: fbf58 folded before Flop (didn't bet)



