PokerStars Hand #238845677029:  Hold'em No Limit ($0.02/$0.05 USD) - 2022/09/24 17:47:15 PT [2022/09/24 20:47:15 ET]
Table 'Ariadne III' 9-max Seat #7 is the button
Seat 1: Maria1995587 ($6.94 in chips) 
Seat 2: iglesias150 ($3.95 in chips) 
Seat 3: MrWaffle_lol ($3.37 in chips) 
Seat 4: IMP_MENT ($2.16 in chips) 
Seat 5: Dorex2007 ($5 in chips) 
Seat 7: archzkie ($13.04 in chips) 
Seat 8: AssosManiki ($23.30 in chips) 
Seat 9: HAEMHuk2009 ($5.12 in chips) 
AssosManiki: posts small blind $0.02
HAEMHuk2009: posts big blind $0.05
Dorex2007: posts big blind $0.05
abobora71: sits out 
*** HOLE CARDS ***
Dealt to Dorex2007 [5d Ts]
Maria1995587: raises $0.10 to $0.15
iglesias150: raises $0.20 to $0.35
MrWaffle_lol: folds 
IMP_MENT: folds 
Dorex2007: folds 
archzkie: folds 
AssosManiki: folds 
HAEMHuk2009: folds 
Maria1995587: calls $0.20
*** FLOP *** [8c 4s 2d]
Maria1995587: checks 
iglesias150: bets $0.39
Maria1995587: folds 
Uncalled bet ($0.39) returned to iglesias150
iglesias150 collected $0.79 from pot
*** SUMMARY ***
Total pot $0.82 | Rake $0.03 
Board [8c 4s 2d]
Seat 1: Maria1995587 folded on the Flop
Seat 2: iglesias150 collected ($0.79)
Seat 3: MrWaffle_lol folded before Flop (didn't bet)
Seat 4: IMP_MENT folded before Flop (didn't bet)
Seat 5: Dorex2007 folded before Flop (didn't bet)
Seat 7: archzkie (button) folded before Flop (didn't bet)
Seat 8: AssosManiki (small blind) folded before Flop
Seat 9: HAEMHuk2009 (big blind) folded before Flop



PokerStars Hand #238845685297:  Hold'em No Limit ($0.02/$0.05 USD) - 2022/09/24 17:47:52 PT [2022/09/24 20:47:52 ET]
Table 'Ariadne III' 9-max Seat #8 is the button
Seat 1: Maria1995587 ($6.59 in chips) 
Seat 2: iglesias150 ($4.39 in chips) 
Seat 3: MrWaffle_lol ($3.37 in chips) 
Seat 4: IMP_MENT ($2.16 in chips) 
Seat 5: Dorex2007 ($5 in chips) 
Seat 7: archzkie ($13.04 in chips) 
Seat 8: AssosManiki ($23.28 in chips) 
Seat 9: HAEMHuk2009 ($5.07 in chips) 
HAEMHuk2009: posts small blind $0.02
Maria1995587: posts big blind $0.05
abobora71: sits out 
*** HOLE CARDS ***
Dealt to Dorex2007 [Ks 8d]
iglesias150: folds 
MrWaffle_lol: folds 
IMP_MENT: raises $0.05 to $0.10
Dorex2007: folds 
archzkie: folds 
AssosManiki: folds 
HAEMHuk2009: folds 
Maria1995587: calls $0.05
*** FLOP *** [2h Jc Ad]
Maria1995587: checks 
IMP_MENT: checks 
*** TURN *** [2h Jc Ad] [8c]
Maria1995587: checks 
IMP_MENT: bets $0.15
Maria1995587: folds 
Uncalled bet ($0.15) returned to IMP_MENT
IMP_MENT collected $0.21 from pot
*** SUMMARY ***
Total pot $0.22 | Rake $0.01 
Board [2h Jc Ad 8c]
Seat 1: Maria1995587 (big blind) folded on the Turn
Seat 2: iglesias150 folded before Flop (didn't bet)
Seat 3: MrWaffle_lol folded before Flop (didn't bet)
Seat 4: IMP_MENT collected ($0.21)
Seat 5: Dorex2007 folded before Flop (didn't bet)
Seat 7: archzkie folded before Flop (didn't bet)
Seat 8: AssosManiki (button) folded before Flop (didn't bet)
Seat 9: HAEMHuk2009 (small blind) folded before Flop



PokerStars Hand #238845695441:  Hold'em No Limit ($0.02/$0.05 USD) - 2022/09/24 17:48:39 PT [2022/09/24 20:48:39 ET]
Table 'Ariadne III' 9-max Seat #9 is the button
Seat 1: Maria1995587 ($6.49 in chips) 
Seat 2: iglesias150 ($4.39 in chips) 
Seat 3: MrWaffle_lol ($3.37 in chips) 
Seat 4: IMP_MENT ($2.27 in chips) 
Seat 5: Dorex2007 ($5 in chips) 
Seat 7: archzkie ($13.04 in chips) 
Seat 8: AssosManiki ($23.28 in chips) 
Seat 9: HAEMHuk2009 ($5.05 in chips) 
Maria1995587: posts small blind $0.02
iglesias150: posts big blind $0.05
abobora71: sits out 
*** HOLE CARDS ***
Dealt to Dorex2007 [Kd As]
MrWaffle_lol: folds 
IMP_MENT: raises $0.05 to $0.10
Dorex2007: calls $0.10
archzkie: folds 
AssosManiki: calls $0.10
HAEMHuk2009: folds 
Maria1995587: folds 
iglesias150: calls $0.05
*** FLOP *** [Ah 5h 7c]
iglesias150: checks 
IMP_MENT: checks 
Dorex2007: bets $0.20
AssosManiki: folds 
iglesias150: folds 
IMP_MENT: folds 
Uncalled bet ($0.20) returned to Dorex2007
Dorex2007 collected $0.40 from pot
Dorex2007: doesn't show hand 
*** SUMMARY ***
Total pot $0.42 | Rake $0.02 
Board [Ah 5h 7c]
Seat 1: Maria1995587 (small blind) folded before Flop
Seat 2: iglesias150 (big blind) folded on the Flop
Seat 3: MrWaffle_lol folded before Flop (didn't bet)
Seat 4: IMP_MENT folded on the Flop
Seat 5: Dorex2007 collected ($0.40)
Seat 7: archzkie folded before Flop (didn't bet)
Seat 8: AssosManiki folded on the Flop
Seat 9: HAEMHuk2009 (button) folded before Flop (didn't bet)



PokerStars Hand #238845703009:  Hold'em No Limit ($0.02/$0.05 USD) - 2022/09/24 17:49:13 PT [2022/09/24 20:49:13 ET]
Table 'Ariadne III' 9-max Seat #1 is the button
Seat 1: Maria1995587 ($6.47 in chips) 
Seat 2: iglesias150 ($4.29 in chips) 
Seat 3: MrWaffle_lol ($3.37 in chips) 
Seat 4: IMP_MENT ($2.17 in chips) 
Seat 5: Dorex2007 ($5.30 in chips) 
Seat 7: archzkie ($13.04 in chips) 
Seat 8: AssosManiki ($23.18 in chips) 
Seat 9: HAEMHuk2009 ($5.05 in chips) 
iglesias150: posts small blind $0.02
MrWaffle_lol: posts big blind $0.05
abobora71: sits out 
*** HOLE CARDS ***
Dealt to Dorex2007 [7h 4s]
IMP_MENT: raises $0.05 to $0.10
Dorex2007: folds 
archzkie: folds 
AssosManiki: folds 
HAEMHuk2009: folds 
Maria1995587: folds 
iglesias150: calls $0.08
MrWaffle_lol: folds 
*** FLOP *** [3h 8d Jc]
iglesias150: checks 
IMP_MENT: bets $0.15
iglesias150: folds 
Uncalled bet ($0.15) returned to IMP_MENT
IMP_MENT collected $0.24 from pot
IMP_MENT: doesn't show hand 
*** SUMMARY ***
Total pot $0.25 | Rake $0.01 
Board [3h 8d Jc]
Seat 1: Maria1995587 (button) folded before Flop (didn't bet)
Seat 2: iglesias150 (small blind) folded on the Flop
Seat 3: MrWaffle_lol (big blind) folded before Flop
Seat 4: IMP_MENT collected ($0.24)
Seat 5: Dorex2007 folded before Flop (didn't bet)
Seat 7: archzkie folded before Flop (didn't bet)
Seat 8: AssosManiki folded before Flop (didn't bet)
Seat 9: HAEMHuk2009 folded before Flop (didn't bet)



PokerStars Hand #238845710084:  Hold'em No Limit ($0.02/$0.05 USD) - 2022/09/24 17:49:46 PT [2022/09/24 20:49:46 ET]
Table 'Ariadne III' 9-max Seat #2 is the button
Seat 1: Maria1995587 ($6.47 in chips) 
Seat 2: iglesias150 ($4.19 in chips) 
Seat 3: MrWaffle_lol ($3.32 in chips) 
Seat 4: IMP_MENT ($2.31 in chips) 
Seat 5: Dorex2007 ($5.30 in chips) 
Seat 7: archzkie ($13.04 in chips) 
Seat 8: AssosManiki ($23.18 in chips) 
Seat 9: HAEMHuk2009 ($5.05 in chips) 
MrWaffle_lol: posts small blind $0.02
IMP_MENT: posts big blind $0.05
abobora71: sits out 
*** HOLE CARDS ***
Dealt to Dorex2007 [8c Jd]
Dorex2007: folds 
archzkie: folds 
AssosManiki: raises $0.08 to $0.13
HAEMHuk2009 is disconnected 
HAEMHuk2009 has timed out while disconnected
HAEMHuk2009: folds 
Maria1995587: folds 
iglesias150: folds 
MrWaffle_lol: folds 
IMP_MENT: folds 
Uncalled bet ($0.08) returned to AssosManiki
AssosManiki collected $0.12 from pot
AssosManiki: doesn't show hand 
*** SUMMARY ***
Total pot $0.12 | Rake $0 
Seat 1: Maria1995587 folded before Flop (didn't bet)
Seat 2: iglesias150 (button) folded before Flop (didn't bet)
Seat 3: MrWaffle_lol (small blind) folded before Flop
Seat 4: IMP_MENT (big blind) folded before Flop
Seat 5: Dorex2007 folded before Flop (didn't bet)
Seat 7: archzkie folded before Flop (didn't bet)
Seat 8: AssosManiki collected ($0.12)
Seat 9: HAEMHuk2009 folded before Flop (didn't bet)



PokerStars Hand #238845716337:  Hold'em No Limit ($0.02/$0.05 USD) - 2022/09/24 17:50:15 PT [2022/09/24 20:50:15 ET]
Table 'Ariadne III' 9-max Seat #3 is the button
Seat 1: Maria1995587 ($6.47 in chips) 
Seat 2: iglesias150 ($4.19 in chips) 
Seat 3: MrWaffle_lol ($3.30 in chips) 
Seat 4: IMP_MENT ($2.26 in chips) 
Seat 5: Dorex2007 ($5.30 in chips) 
Seat 7: archzkie ($13.04 in chips) 
Seat 8: AssosManiki ($23.25 in chips) 
IMP_MENT: posts small blind $0.02
Dorex2007: posts big blind $0.05
abobora71: sits out 
*** HOLE CARDS ***
Dealt to Dorex2007 [9c Ks]
archzkie: folds 
AssosManiki: folds 
Maria1995587: calls $0.05
iglesias150: folds 
MrWaffle_lol: folds 
IMP_MENT: calls $0.03
Dorex2007: checks 
*** FLOP *** [Qs 9d 6h]
IMP_MENT: checks 
Dorex2007: checks 
Maria1995587: bets $0.05
IMP_MENT: calls $0.05
Dorex2007: calls $0.05
*** TURN *** [Qs 9d 6h] [5s]
IMP_MENT: checks 
Dorex2007: checks 
Maria1995587: checks 
*** RIVER *** [Qs 9d 6h 5s] [8h]
IMP_MENT: bets $0.30
Dorex2007: folds 
Maria1995587: folds 
Uncalled bet ($0.30) returned to IMP_MENT
IMP_MENT collected $0.29 from pot
*** SUMMARY ***
Total pot $0.30 | Rake $0.01 
Board [Qs 9d 6h 5s 8h]
Seat 1: Maria1995587 folded on the River
Seat 2: iglesias150 folded before Flop (didn't bet)
Seat 3: MrWaffle_lol (button) folded before Flop (didn't bet)
Seat 4: IMP_MENT (small blind) collected ($0.29)
Seat 5: Dorex2007 (big blind) folded on the River
Seat 7: archzkie folded before Flop (didn't bet)
Seat 8: AssosManiki folded before Flop (didn't bet)



PokerStars Hand #238845727361:  Hold'em No Limit ($0.02/$0.05 USD) - 2022/09/24 17:51:07 PT [2022/09/24 20:51:07 ET]
Table 'Ariadne III' 9-max Seat #4 is the button
Seat 1: Maria1995587 ($6.37 in chips) 
Seat 2: iglesias150 ($4.19 in chips) 
Seat 3: MrWaffle_lol ($3.30 in chips) 
Seat 4: IMP_MENT ($2.45 in chips) 
Seat 5: Dorex2007 ($5.20 in chips) 
Seat 6: abobora71 ($4 in chips) 
Seat 7: archzkie ($13.04 in chips) 
Seat 8: AssosManiki ($23.25 in chips) 
Seat 9: HAEMHuk2009 ($5.05 in chips) 
Dorex2007: posts small blind $0.02
abobora71: posts big blind $0.05
*** HOLE CARDS ***
Dealt to Dorex2007 [Th 4c]
archzkie: raises $0.10 to $0.15
AssosManiki: folds 
HAEMHuk2009: folds 
Maria1995587: folds 
iglesias150: folds 
MrWaffle_lol: folds 
IMP_MENT: folds 
Dorex2007: folds 
abobora71: calls $0.10
*** FLOP *** [6h Kc 8h]
abobora71: checks 
archzkie: checks 
*** TURN *** [6h Kc 8h] [Kh]
abobora71: checks 
archzkie: checks 
*** RIVER *** [6h Kc 8h Kh] [2s]
abobora71: checks 
archzkie: checks 
*** SHOW DOWN ***
abobora71: shows [Jh Ac] (a pair of Kings)
archzkie: shows [Qs Ad] (a pair of Kings - Ace+Queen kicker)
archzkie collected $0.31 from pot
*** SUMMARY ***
Total pot $0.32 | Rake $0.01 
Board [6h Kc 8h Kh 2s]
Seat 1: Maria1995587 folded before Flop (didn't bet)
Seat 2: iglesias150 folded before Flop (didn't bet)
Seat 3: MrWaffle_lol folded before Flop (didn't bet)
Seat 4: IMP_MENT (button) folded before Flop (didn't bet)
Seat 5: Dorex2007 (small blind) folded before Flop
Seat 6: abobora71 (big blind) showed [Jh Ac] and lost with a pair of Kings
Seat 7: archzkie showed [Qs Ad] and won ($0.31) with a pair of Kings
Seat 8: AssosManiki folded before Flop (didn't bet)
Seat 9: HAEMHuk2009 folded before Flop (didn't bet)



PokerStars Hand #238845738716:  Hold'em No Limit ($0.02/$0.05 USD) - 2022/09/24 17:52:00 PT [2022/09/24 20:52:00 ET]
Table 'Ariadne III' 9-max Seat #5 is the button
Seat 1: Maria1995587 ($6.37 in chips) 
Seat 2: iglesias150 ($4.19 in chips) 
Seat 3: MrWaffle_lol ($3.30 in chips) 
Seat 4: IMP_MENT ($2.45 in chips) 
Seat 5: Dorex2007 ($5.18 in chips) 
Seat 6: abobora71 ($3.85 in chips) 
Seat 7: archzkie ($13.20 in chips) 
Seat 8: AssosManiki ($23.25 in chips) 
Seat 9: HAEMHuk2009 ($5.05 in chips) 
abobora71: posts small blind $0.02
archzkie: posts big blind $0.05
*** HOLE CARDS ***
Dealt to Dorex2007 [5h 5c]
AssosManiki: folds 
HAEMHuk2009: folds 
Maria1995587: calls $0.05
iglesias150: raises $0.17 to $0.22
MrWaffle_lol: folds 
IMP_MENT: folds 
Dorex2007: folds 
abobora71: folds 
archzkie: folds 
Maria1995587: calls $0.17
*** FLOP *** [6h 7h 7d]
Maria1995587: checks 
iglesias150: bets $0.24
Maria1995587: raises $0.97 to $1.21
iglesias150: folds 
Uncalled bet ($0.97) returned to Maria1995587
Maria1995587 collected $0.95 from pot
*** SUMMARY ***
Total pot $0.99 | Rake $0.04 
Board [6h 7h 7d]
Seat 1: Maria1995587 collected ($0.95)
Seat 2: iglesias150 folded on the Flop
Seat 3: MrWaffle_lol folded before Flop (didn't bet)
Seat 4: IMP_MENT folded before Flop (didn't bet)
Seat 5: Dorex2007 (button) folded before Flop (didn't bet)
Seat 6: abobora71 (small blind) folded before Flop
Seat 7: archzkie (big blind) folded before Flop
Seat 8: AssosManiki folded before Flop (didn't bet)
Seat 9: HAEMHuk2009 folded before Flop (didn't bet)



PokerStars Hand #238845751632:  Hold'em No Limit ($0.02/$0.05 USD) - 2022/09/24 17:53:01 PT [2022/09/24 20:53:01 ET]
Table 'Ariadne III' 9-max Seat #6 is the button
Seat 1: Maria1995587 ($6.86 in chips) 
Seat 2: iglesias150 ($3.73 in chips) 
Seat 3: MrWaffle_lol ($3.30 in chips) 
Seat 4: IMP_MENT ($2.45 in chips) 
Seat 5: Dorex2007 ($5.18 in chips) 
Seat 6: abobora71 ($3.83 in chips) 
Seat 7: archzkie ($13.15 in chips) 
Seat 8: AssosManiki ($23.25 in chips) 
Seat 9: HAEMHuk2009 ($5.05 in chips) 
archzkie: posts small blind $0.02
AssosManiki: posts big blind $0.05
*** HOLE CARDS ***
Dealt to Dorex2007 [Jh Ts]
HAEMHuk2009: raises $0.10 to $0.15
Maria1995587: folds 
iglesias150: folds 
MrWaffle_lol: folds 
IMP_MENT: folds 
Dorex2007: folds 
abobora71: folds 
archzkie: raises $0.30 to $0.45
AssosManiki: folds 
HAEMHuk2009: calls $0.30
*** FLOP *** [7h 2d 6s]
archzkie: bets $0.46
HAEMHuk2009: calls $0.46
*** TURN *** [7h 2d 6s] [6c]
archzkie: bets $0.90
HAEMHuk2009: folds 
Uncalled bet ($0.90) returned to archzkie
archzkie collected $1.79 from pot
archzkie: doesn't show hand 
*** SUMMARY ***
Total pot $1.87 | Rake $0.08 
Board [7h 2d 6s 6c]
Seat 1: Maria1995587 folded before Flop (didn't bet)
Seat 2: iglesias150 folded before Flop (didn't bet)
Seat 3: MrWaffle_lol folded before Flop (didn't bet)
Seat 4: IMP_MENT folded before Flop (didn't bet)
Seat 5: Dorex2007 folded before Flop (didn't bet)
Seat 6: abobora71 (button) folded before Flop (didn't bet)
Seat 7: archzkie (small blind) collected ($1.79)
Seat 8: AssosManiki (big blind) folded before Flop
Seat 9: HAEMHuk2009 folded on the Turn



PokerStars Hand #238845767902:  Hold'em No Limit ($0.02/$0.05 USD) - 2022/09/24 17:54:17 PT [2022/09/24 20:54:17 ET]
Table 'Ariadne III' 9-max Seat #7 is the button
Seat 1: Maria1995587 ($6.86 in chips) 
Seat 2: iglesias150 ($3.73 in chips) 
Seat 3: MrWaffle_lol ($3.30 in chips) 
Seat 4: IMP_MENT ($2.45 in chips) 
Seat 5: Dorex2007 ($5.18 in chips) 
Seat 6: abobora71 ($3.83 in chips) 
Seat 7: archzkie ($14.03 in chips) 
Seat 8: AssosManiki ($23.20 in chips) 
Seat 9: HAEMHuk2009 ($5 in chips) 
AssosManiki: posts small blind $0.02
HAEMHuk2009: posts big blind $0.05
*** HOLE CARDS ***
Dealt to Dorex2007 [5s Ac]
Maria1995587: folds 
iglesias150: folds 
MrWaffle_lol: folds 
IMP_MENT: folds 
Dorex2007: folds 
abobora71: calls $0.05
archzkie: folds 
AssosManiki: calls $0.03
HAEMHuk2009: checks 
*** FLOP *** [5d 9d 2h]
AssosManiki: bets $0.09
HAEMHuk2009: calls $0.09
abobora71: folds 
*** TURN *** [5d 9d 2h] [9h]
AssosManiki: bets $0.25
HAEMHuk2009: calls $0.25
*** RIVER *** [5d 9d 2h 9h] [Js]
AssosManiki: bets $0.26
HAEMHuk2009: folds 
Uncalled bet ($0.26) returned to AssosManiki
AssosManiki collected $0.80 from pot
AssosManiki: doesn't show hand 
*** SUMMARY ***
Total pot $0.83 | Rake $0.03 
Board [5d 9d 2h 9h Js]
Seat 1: Maria1995587 folded before Flop (didn't bet)
Seat 2: iglesias150 folded before Flop (didn't bet)
Seat 3: MrWaffle_lol folded before Flop (didn't bet)
Seat 4: IMP_MENT folded before Flop (didn't bet)
Seat 5: Dorex2007 folded before Flop (didn't bet)
Seat 6: abobora71 folded on the Flop
Seat 7: archzkie (button) folded before Flop (didn't bet)
Seat 8: AssosManiki (small blind) collected ($0.80)
Seat 9: HAEMHuk2009 (big blind) folded on the River



PokerStars Hand #238845779087:  Hold'em No Limit ($0.02/$0.05 USD) - 2022/09/24 17:55:10 PT [2022/09/24 20:55:10 ET]
Table 'Ariadne III' 9-max Seat #8 is the button
Seat 1: Maria1995587 ($6.86 in chips) 
Seat 2: iglesias150 ($3.73 in chips) 
Seat 3: MrWaffle_lol ($3.30 in chips) 
Seat 4: IMP_MENT ($2.45 in chips) 
Seat 5: Dorex2007 ($5.18 in chips) 
Seat 6: abobora71 ($3.78 in chips) 
Seat 7: archzkie ($14.03 in chips) 
Seat 8: AssosManiki ($23.61 in chips) 
Seat 9: HAEMHuk2009 ($5 in chips) 
HAEMHuk2009: posts small blind $0.02
Maria1995587: posts big blind $0.05
*** HOLE CARDS ***
Dealt to Dorex2007 [Td 6h]
iglesias150: folds 
MrWaffle_lol: folds 
IMP_MENT: raises $0.05 to $0.10
Dorex2007: folds 
abobora71: raises $0.15 to $0.25
archzkie: folds 
AssosManiki: folds 
HAEMHuk2009: folds 
Maria1995587: folds 
IMP_MENT: calls $0.15
*** FLOP *** [7h 2c Jd]
IMP_MENT: checks 
abobora71: bets $0.37
IMP_MENT: folds 
Uncalled bet ($0.37) returned to abobora71
abobora71 collected $0.55 from pot
abobora71: doesn't show hand 
*** SUMMARY ***
Total pot $0.57 | Rake $0.02 
Board [7h 2c Jd]
Seat 1: Maria1995587 (big blind) folded before Flop
Seat 2: iglesias150 folded before Flop (didn't bet)
Seat 3: MrWaffle_lol folded before Flop (didn't bet)
Seat 4: IMP_MENT folded on the Flop
Seat 5: Dorex2007 folded before Flop (didn't bet)
Seat 6: abobora71 collected ($0.55)
Seat 7: archzkie folded before Flop (didn't bet)
Seat 8: AssosManiki (button) folded before Flop (didn't bet)
Seat 9: HAEMHuk2009 (small blind) folded before Flop



PokerStars Hand #238845785646:  Hold'em No Limit ($0.02/$0.05 USD) - 2022/09/24 17:55:47 PT [2022/09/24 20:55:47 ET]
Table 'Ariadne III' 9-max Seat #9 is the button
Seat 1: Maria1995587 ($6.81 in chips) 
Seat 2: iglesias150 ($3.73 in chips) 
Seat 3: MrWaffle_lol ($3.30 in chips) 
Seat 4: IMP_MENT ($2.20 in chips) 
Seat 5: Dorex2007 ($5.18 in chips) 
Seat 6: abobora71 ($4.08 in chips) 
Seat 7: archzkie ($14.03 in chips) 
Seat 8: AssosManiki ($23.61 in chips) 
Seat 9: HAEMHuk2009 ($5 in chips) 
Maria1995587: posts small blind $0.02
iglesias150: posts big blind $0.05
*** HOLE CARDS ***
Dealt to Dorex2007 [5h Qd]
MrWaffle_lol: folds 
IMP_MENT: folds 
Dorex2007: folds 
abobora71: folds 
archzkie: folds 
AssosManiki: folds 
HAEMHuk2009: folds 
Maria1995587: folds 
Uncalled bet ($0.03) returned to iglesias150
iglesias150 collected $0.04 from pot
*** SUMMARY ***
Total pot $0.04 | Rake $0 
Seat 1: Maria1995587 (small blind) folded before Flop
Seat 2: iglesias150 (big blind) collected ($0.04)
Seat 3: MrWaffle_lol folded before Flop (didn't bet)
Seat 4: IMP_MENT folded before Flop (didn't bet)
Seat 5: Dorex2007 folded before Flop (didn't bet)
Seat 6: abobora71 folded before Flop (didn't bet)
Seat 7: archzkie folded before Flop (didn't bet)
Seat 8: AssosManiki folded before Flop (didn't bet)
Seat 9: HAEMHuk2009 (button) folded before Flop (didn't bet)



PokerStars Hand #238845813248:  Hold'em No Limit ($0.02/$0.05 USD) - 2022/09/24 17:58:24 PT [2022/09/24 20:58:24 ET]
Table 'Ariadne III' 9-max Seat #6 is the button
Seat 1: Maria1995587 ($6.97 in chips) 
Seat 2: iglesias150 ($3.05 in chips) 
Seat 3: MrWaffle_lol ($3.23 in chips) 
Seat 4: IMP_MENT ($2.15 in chips) 
Seat 5: Dorex2007 ($5.18 in chips) 
Seat 6: abobora71 ($4.01 in chips) 
Seat 7: archzkie ($14.80 in chips) 
Seat 8: AssosManiki ($23.48 in chips) 
Seat 9: HAEMHuk2009 ($5 in chips) 
archzkie: posts small blind $0.02
AssosManiki: posts big blind $0.05
Dorex2007: posts small & big blinds $0.07
*** HOLE CARDS ***
Dealt to Dorex2007 [6h 5s]
HAEMHuk2009 has timed out
HAEMHuk2009: folds 
Maria1995587: folds 
iglesias150: raises $0.19 to $0.24
MrWaffle_lol: folds 
IMP_MENT: folds 
Dorex2007: folds 
abobora71: calls $0.24
archzkie: folds 
AssosManiki: calls $0.19
*** FLOP *** [Th 5h 5d]
AssosManiki: checks 
iglesias150: bets $0.39
abobora71: calls $0.39
AssosManiki: folds 
*** TURN *** [Th 5h 5d] [2d]
iglesias150: bets $0.76
abobora71: calls $0.76
*** RIVER *** [Th 5h 5d 2d] [Ah]
iglesias150: checks 
abobora71: checks 
*** SHOW DOWN ***
iglesias150: shows [4s 4c] (two pair, Fives and Fours)
abobora71: shows [Jh Jc] (two pair, Jacks and Fives)
abobora71 collected $2.98 from pot
*** SUMMARY ***
Total pot $3.11 | Rake $0.13 
Board [Th 5h 5d 2d Ah]
Seat 1: Maria1995587 folded before Flop (didn't bet)
Seat 2: iglesias150 showed [4s 4c] and lost with two pair, Fives and Fours
Seat 3: MrWaffle_lol folded before Flop (didn't bet)
Seat 4: IMP_MENT folded before Flop (didn't bet)
Seat 5: Dorex2007 folded before Flop (didn't bet)
Seat 6: abobora71 (button) showed [Jh Jc] and won ($2.98) with two pair, Jacks and Fives
Seat 7: archzkie (small blind) folded before Flop
Seat 8: AssosManiki (big blind) folded on the Flop
Seat 9: HAEMHuk2009 folded before Flop (didn't bet)



PokerStars Hand #238845825840:  Hold'em No Limit ($0.02/$0.05 USD) - 2022/09/24 17:59:36 PT [2022/09/24 20:59:36 ET]
Table 'Ariadne III' 9-max Seat #7 is the button
Seat 1: Maria1995587 ($6.97 in chips) 
Seat 2: iglesias150 ($1.66 in chips) 
Seat 3: MrWaffle_lol ($3.23 in chips) 
Seat 4: IMP_MENT ($2.15 in chips) 
Seat 5: Dorex2007 ($5.11 in chips) 
Seat 6: abobora71 ($5.60 in chips) 
Seat 7: archzkie ($14.78 in chips) 
Seat 8: AssosManiki ($23.24 in chips) 
AssosManiki: posts small blind $0.02
Maria1995587: posts big blind $0.05
*** HOLE CARDS ***
Dealt to Dorex2007 [5h Ah]
iglesias150: calls $0.05
MrWaffle_lol: folds 
IMP_MENT: calls $0.05
Dorex2007: raises $0.05 to $0.10
abobora71: calls $0.10
archzkie: folds 
AssosManiki: calls $0.08
Maria1995587: folds 
iglesias150: calls $0.05
IMP_MENT: calls $0.05
*** FLOP *** [4c 5c 4d]
AssosManiki: checks 
iglesias150: bets $0.53
IMP_MENT: folds 
Dorex2007: folds 
abobora71: folds 
AssosManiki: folds 
Uncalled bet ($0.53) returned to iglesias150
iglesias150 collected $0.53 from pot
*** SUMMARY ***
Total pot $0.55 | Rake $0.02 
Board [4c 5c 4d]
Seat 1: Maria1995587 (big blind) folded before Flop
Seat 2: iglesias150 collected ($0.53)
Seat 3: MrWaffle_lol folded before Flop (didn't bet)
Seat 4: IMP_MENT folded on the Flop
Seat 5: Dorex2007 folded on the Flop
Seat 6: abobora71 folded on the Flop
Seat 7: archzkie (button) folded before Flop (didn't bet)
Seat 8: AssosManiki (small blind) folded on the Flop



PokerStars Hand #238845835498:  Hold'em No Limit ($0.02/$0.05 USD) - 2022/09/24 18:00:30 PT [2022/09/24 21:00:30 ET]
Table 'Ariadne III' 9-max Seat #8 is the button
Seat 1: Maria1995587 ($6.92 in chips) 
Seat 2: iglesias150 ($2.09 in chips) 
Seat 3: MrWaffle_lol ($3.23 in chips) 
Seat 4: IMP_MENT ($2.05 in chips) 
Seat 5: Dorex2007 ($5.01 in chips) 
Seat 6: abobora71 ($5.50 in chips) 
Seat 7: archzkie ($14.78 in chips) 
Seat 8: AssosManiki ($23.14 in chips) 
Maria1995587: posts small blind $0.02
iglesias150: posts big blind $0.05
*** HOLE CARDS ***
Dealt to Dorex2007 [Qs 5h]
MrWaffle_lol: folds 
IMP_MENT: calls $0.05
Dorex2007: folds 
abobora71: folds 
archzkie: raises $0.17 to $0.22
AssosManiki: folds 
Maria1995587: folds 
iglesias150: folds 
IMP_MENT: calls $0.17
*** FLOP *** [3d 8c 4c]
IMP_MENT: bets $0.15
archzkie: calls $0.15
*** TURN *** [3d 8c 4c] [Jh]
IMP_MENT: bets $0.45
archzkie: folds 
Uncalled bet ($0.45) returned to IMP_MENT
IMP_MENT collected $0.78 from pot
IMP_MENT: doesn't show hand 
*** SUMMARY ***
Total pot $0.81 | Rake $0.03 
Board [3d 8c 4c Jh]
Seat 1: Maria1995587 (small blind) folded before Flop
Seat 2: iglesias150 (big blind) folded before Flop
Seat 3: MrWaffle_lol folded before Flop (didn't bet)
Seat 4: IMP_MENT collected ($0.78)
Seat 5: Dorex2007 folded before Flop (didn't bet)
Seat 6: abobora71 folded before Flop (didn't bet)
Seat 7: archzkie folded on the Turn
Seat 8: AssosManiki (button) folded before Flop (didn't bet)



PokerStars Hand #238845849754:  Hold'em No Limit ($0.02/$0.05 USD) - 2022/09/24 18:01:41 PT [2022/09/24 21:01:41 ET]
Table 'Ariadne III' 9-max Seat #1 is the button
Seat 1: Maria1995587 ($6.90 in chips) 
Seat 2: iglesias150 ($4.04 in chips) 
Seat 3: MrWaffle_lol ($3.23 in chips) 
Seat 4: IMP_MENT ($2.46 in chips) 
Seat 5: Dorex2007 ($5.01 in chips) 
Seat 6: abobora71 ($5.50 in chips) 
Seat 7: archzkie ($14.41 in chips) 
Seat 8: AssosManiki ($23.14 in chips) 
iglesias150: posts small blind $0.02
MrWaffle_lol: posts big blind $0.05
HAEMHuk2009: sits out 
*** HOLE CARDS ***
Dealt to Dorex2007 [Qc Qs]
IMP_MENT: folds 
Dorex2007: raises $0.15 to $0.20
abobora71: folds 
archzkie: folds 
AssosManiki: folds 
Maria1995587: folds 
iglesias150: folds 
MrWaffle_lol: folds 
Uncalled bet ($0.15) returned to Dorex2007
Dorex2007 collected $0.12 from pot
Dorex2007: doesn't show hand 
*** SUMMARY ***
Total pot $0.12 | Rake $0 
Seat 1: Maria1995587 (button) folded before Flop (didn't bet)
Seat 2: iglesias150 (small blind) folded before Flop
Seat 3: MrWaffle_lol (big blind) folded before Flop
Seat 4: IMP_MENT folded before Flop (didn't bet)
Seat 5: Dorex2007 collected ($0.12)
Seat 6: abobora71 folded before Flop (didn't bet)
Seat 7: archzkie folded before Flop (didn't bet)
Seat 8: AssosManiki folded before Flop (didn't bet)



PokerStars Hand #238845853467:  Hold'em No Limit ($0.02/$0.05 USD) - 2022/09/24 18:01:59 PT [2022/09/24 21:01:59 ET]
Table 'Ariadne III' 9-max Seat #2 is the button
Seat 1: Maria1995587 ($6.90 in chips) 
Seat 2: iglesias150 ($4.02 in chips) 
Seat 3: MrWaffle_lol ($3.18 in chips) 
Seat 4: IMP_MENT ($2.46 in chips) 
Seat 5: Dorex2007 ($5.08 in chips) 
Seat 6: abobora71 ($5.50 in chips) 
Seat 7: archzkie ($14.41 in chips) 
Seat 8: AssosManiki ($23.14 in chips) 
MrWaffle_lol: posts small blind $0.02
IMP_MENT: posts big blind $0.05
HAEMHuk2009: sits out 
*** HOLE CARDS ***
Dealt to Dorex2007 [6s 2c]
Dorex2007: folds 
abobora71: calls $0.05
archzkie: folds 
AssosManiki: calls $0.05
Maria1995587: folds 
iglesias150: raises $0.27 to $0.32
MrWaffle_lol: folds 
IMP_MENT: folds 
abobora71: folds 
AssosManiki: calls $0.27
*** FLOP *** [5s Qs 4c]
AssosManiki: checks 
iglesias150: bets $0.36
AssosManiki: folds 
Uncalled bet ($0.36) returned to iglesias150
iglesias150 collected $0.73 from pot
*** SUMMARY ***
Total pot $0.76 | Rake $0.03 
Board [5s Qs 4c]
Seat 1: Maria1995587 folded before Flop (didn't bet)
Seat 2: iglesias150 (button) collected ($0.73)
Seat 3: MrWaffle_lol (small blind) folded before Flop
Seat 4: IMP_MENT (big blind) folded before Flop
Seat 5: Dorex2007 folded before Flop (didn't bet)
Seat 6: abobora71 folded before Flop
Seat 7: archzkie folded before Flop (didn't bet)
Seat 8: AssosManiki folded on the Flop



PokerStars Hand #238845862908:  Hold'em No Limit ($0.02/$0.05 USD) - 2022/09/24 18:02:45 PT [2022/09/24 21:02:45 ET]
Table 'Ariadne III' 9-max Seat #3 is the button
Seat 1: Maria1995587 ($6.90 in chips) 
Seat 2: iglesias150 ($4.43 in chips) 
Seat 3: MrWaffle_lol ($3.16 in chips) 
Seat 4: IMP_MENT ($2.41 in chips) 
Seat 5: Dorex2007 ($5.08 in chips) 
Seat 6: abobora71 ($5.45 in chips) 
Seat 7: archzkie ($14.41 in chips) 
Seat 8: AssosManiki ($22.82 in chips) 
IMP_MENT: posts small blind $0.02
Dorex2007: posts big blind $0.05
HAEMHuk2009: sits out 
*** HOLE CARDS ***
Dealt to Dorex2007 [As 9c]
abobora71: folds 
archzkie: raises $0.10 to $0.15
AssosManiki: calls $0.15
Maria1995587: folds 
iglesias150: calls $0.15
MrWaffle_lol: folds 
IMP_MENT: folds 
Dorex2007: folds 
*** FLOP *** [Qc Qd 4d]
archzkie: bets $0.17
AssosManiki: folds 
iglesias150: folds 
Uncalled bet ($0.17) returned to archzkie
archzkie collected $0.50 from pot
archzkie: doesn't show hand 
*** SUMMARY ***
Total pot $0.52 | Rake $0.02 
Board [Qc Qd 4d]
Seat 1: Maria1995587 folded before Flop (didn't bet)
Seat 2: iglesias150 folded on the Flop
Seat 3: MrWaffle_lol (button) folded before Flop (didn't bet)
Seat 4: IMP_MENT (small blind) folded before Flop
Seat 5: Dorex2007 (big blind) folded before Flop
Seat 6: abobora71 folded before Flop (didn't bet)
Seat 7: archzkie collected ($0.50)
Seat 8: AssosManiki folded on the Flop



PokerStars Hand #238845871130:  Hold'em No Limit ($0.02/$0.05 USD) - 2022/09/24 18:03:25 PT [2022/09/24 21:03:25 ET]
Table 'Ariadne III' 9-max Seat #4 is the button
Seat 1: Maria1995587 ($6.90 in chips) 
Seat 2: iglesias150 ($4.28 in chips) 
Seat 3: MrWaffle_lol ($3.16 in chips) 
Seat 4: IMP_MENT ($2.39 in chips) 
Seat 5: Dorex2007 ($5.03 in chips) 
Seat 6: abobora71 ($5.45 in chips) 
Seat 7: archzkie ($14.76 in chips) 
Seat 8: AssosManiki ($22.67 in chips) 
Dorex2007: posts small blind $0.02
abobora71: posts big blind $0.05
HAEMHuk2009: sits out 
*** HOLE CARDS ***
Dealt to Dorex2007 [6d 7c]
archzkie: folds 
AssosManiki: folds 
Maria1995587: calls $0.05
iglesias150: raises $0.17 to $0.22
MrWaffle_lol: folds 
IMP_MENT: folds 
Dorex2007: folds 
abobora71: calls $0.17
Maria1995587: calls $0.17
*** FLOP *** [3s Jc 5c]
abobora71: checks 
Maria1995587: checks 
iglesias150: bets $0.32
abobora71: folds 
Maria1995587: calls $0.32
*** TURN *** [3s Jc 5c] [7s]
Maria1995587: checks 
iglesias150: checks 
*** RIVER *** [3s Jc 5c 7s] [5h]
Maria1995587: bets $0.63
iglesias150: folds 
Uncalled bet ($0.63) returned to Maria1995587
Maria1995587 collected $1.27 from pot
*** SUMMARY ***
Total pot $1.32 | Rake $0.05 
Board [3s Jc 5c 7s 5h]
Seat 1: Maria1995587 collected ($1.27)
Seat 2: iglesias150 folded on the River
Seat 3: MrWaffle_lol folded before Flop (didn't bet)
Seat 4: IMP_MENT (button) folded before Flop (didn't bet)
Seat 5: Dorex2007 (small blind) folded before Flop
Seat 6: abobora71 (big blind) folded on the Flop
Seat 7: archzkie folded before Flop (didn't bet)
Seat 8: AssosManiki folded before Flop (didn't bet)



PokerStars Hand #238845888227:  Hold'em No Limit ($0.02/$0.05 USD) - 2022/09/24 18:04:46 PT [2022/09/24 21:04:46 ET]
Table 'Ariadne III' 9-max Seat #5 is the button
Seat 1: Maria1995587 ($7.63 in chips) 
Seat 2: iglesias150 ($3.74 in chips) 
Seat 3: MrWaffle_lol ($3.16 in chips) 
Seat 4: IMP_MENT ($2.39 in chips) 
Seat 5: Dorex2007 ($5.01 in chips) 
Seat 6: abobora71 ($5.23 in chips) 
Seat 7: archzkie ($14.76 in chips) 
Seat 8: AssosManiki ($22.67 in chips) 
abobora71: posts small blind $0.02
archzkie: posts big blind $0.05
HAEMHuk2009: sits out 
*** HOLE CARDS ***
Dealt to Dorex2007 [5d Kd]
AssosManiki: folds 
Maria1995587: folds 
iglesias150: folds 
MrWaffle_lol: raises $0.12 to $0.17
IMP_MENT: folds 
Dorex2007: folds 
abobora71: folds 
archzkie: folds 
Uncalled bet ($0.12) returned to MrWaffle_lol
MrWaffle_lol collected $0.12 from pot
MrWaffle_lol: doesn't show hand 
*** SUMMARY ***
Total pot $0.12 | Rake $0 
Seat 1: Maria1995587 folded before Flop (didn't bet)
Seat 2: iglesias150 folded before Flop (didn't bet)
Seat 3: MrWaffle_lol collected ($0.12)
Seat 4: IMP_MENT folded before Flop (didn't bet)
Seat 5: Dorex2007 (button) folded before Flop (didn't bet)
Seat 6: abobora71 (small blind) folded before Flop
Seat 7: archzkie (big blind) folded before Flop
Seat 8: AssosManiki folded before Flop (didn't bet)



PokerStars Hand #238845891260:  Hold'em No Limit ($0.02/$0.05 USD) - 2022/09/24 18:05:00 PT [2022/09/24 21:05:00 ET]
Table 'Ariadne III' 9-max Seat #6 is the button
Seat 1: Maria1995587 ($7.63 in chips) 
Seat 2: iglesias150 ($3.74 in chips) 
Seat 3: MrWaffle_lol ($3.23 in chips) 
Seat 4: IMP_MENT ($2.39 in chips) 
Seat 5: Dorex2007 ($5.01 in chips) 
Seat 6: abobora71 ($5.21 in chips) 
Seat 7: archzkie ($14.71 in chips) 
Seat 8: AssosManiki ($22.67 in chips) 
archzkie: posts small blind $0.02
AssosManiki: posts big blind $0.05
HAEMHuk2009: sits out 
*** HOLE CARDS ***
Dealt to Dorex2007 [Jd 8c]
Maria1995587: calls $0.05
iglesias150: folds 
MrWaffle_lol: folds 
IMP_MENT: calls $0.05
Dorex2007: folds 
abobora71: folds 
archzkie: folds 
AssosManiki: checks 
*** FLOP *** [2h As 4h]
AssosManiki: checks 
Maria1995587: bets $0.16
IMP_MENT: folds 
AssosManiki: folds 
Uncalled bet ($0.16) returned to Maria1995587
Maria1995587 collected $0.16 from pot
Maria1995587: doesn't show hand 
*** SUMMARY ***
Total pot $0.17 | Rake $0.01 
Board [2h As 4h]
Seat 1: Maria1995587 collected ($0.16)
Seat 2: iglesias150 folded before Flop (didn't bet)
Seat 3: MrWaffle_lol folded before Flop (didn't bet)
Seat 4: IMP_MENT folded on the Flop
Seat 5: Dorex2007 folded before Flop (didn't bet)
Seat 6: abobora71 (button) folded before Flop (didn't bet)
Seat 7: archzkie (small blind) folded before Flop
Seat 8: AssosManiki (big blind) folded on the Flop



PokerStars Hand #238845898344:  Hold'em No Limit ($0.02/$0.05 USD) - 2022/09/24 18:05:34 PT [2022/09/24 21:05:34 ET]
Table 'Ariadne III' 9-max Seat #8 is the button
Seat 1: Maria1995587 ($7.74 in chips) 
Seat 2: iglesias150 ($3.74 in chips) 
Seat 3: MrWaffle_lol ($3.23 in chips) 
Seat 4: IMP_MENT ($2.34 in chips) 
Seat 5: Dorex2007 ($5.01 in chips) 
Seat 6: abobora71 ($5.21 in chips) 
Seat 8: AssosManiki ($22.62 in chips) 
Maria1995587: posts small blind $0.02
iglesias150: posts big blind $0.05
*** HOLE CARDS ***
Dealt to Dorex2007 [4s 9d]
MrWaffle_lol: folds 
IMP_MENT: folds 
archzkie leaves the table
HAEMHuk2009 leaves the table
Dorex2007: folds 
abobora71: folds 
AssosManiki: folds 
Maria1995587: calls $0.03
iglesias150: checks 
*** FLOP *** [Qh 7s 8c]
Maria1995587: checks 
iglesias150: checks 
*** TURN *** [Qh 7s 8c] [3h]
Maria1995587: bets $0.10
iglesias150: folds 
Uncalled bet ($0.10) returned to Maria1995587
Maria1995587 collected $0.10 from pot
Maria1995587: doesn't show hand 
*** SUMMARY ***
Total pot $0.10 | Rake $0 
Board [Qh 7s 8c 3h]
Seat 1: Maria1995587 (small blind) collected ($0.10)
Seat 2: iglesias150 (big blind) folded on the Turn
Seat 3: MrWaffle_lol folded before Flop (didn't bet)
Seat 4: IMP_MENT folded before Flop (didn't bet)
Seat 5: Dorex2007 folded before Flop (didn't bet)
Seat 6: abobora71 folded before Flop (didn't bet)
Seat 8: AssosManiki (button) folded before Flop (didn't bet)



PokerStars Hand #238845910413:  Hold'em No Limit ($0.02/$0.05 USD) - 2022/09/24 18:06:33 PT [2022/09/24 21:06:33 ET]
Table 'Ariadne III' 9-max Seat #1 is the button
Seat 1: Maria1995587 ($7.79 in chips) 
Seat 2: iglesias150 ($3.69 in chips) 
Seat 3: MrWaffle_lol ($3.23 in chips) 
Seat 4: IMP_MENT ($2.34 in chips) 
Seat 5: Dorex2007 ($5.01 in chips) 
Seat 8: AssosManiki ($22.62 in chips) 
iglesias150: posts small blind $0.02
MrWaffle_lol: posts big blind $0.05
*** HOLE CARDS ***
Dealt to Dorex2007 [2h 4c]
IMP_MENT: folds 
Dorex2007: folds 
AssosManiki: folds 
Maria1995587: folds 
iglesias150: calls $0.03
MrWaffle_lol: raises $0.10 to $0.15
iglesias150: calls $0.10
*** FLOP *** [9s 5h 3s]
iglesias150: checks 
MrWaffle_lol: bets $0.15
iglesias150: raises $0.25 to $0.40
MrWaffle_lol: calls $0.25
*** TURN *** [9s 5h 3s] [5c]
iglesias150: checks 
MrWaffle_lol: checks 
*** RIVER *** [9s 5h 3s 5c] [Qs]
iglesias150: bets $0.62
MrWaffle_lol: calls $0.62
*** SHOW DOWN ***
iglesias150: shows [5d 7d] (three of a kind, Fives)
MrWaffle_lol: mucks hand 
iglesias150 collected $2.24 from pot
*** SUMMARY ***
Total pot $2.34 | Rake $0.10 
Board [9s 5h 3s 5c Qs]
Seat 1: Maria1995587 (button) folded before Flop (didn't bet)
Seat 2: iglesias150 (small blind) showed [5d 7d] and won ($2.24) with three of a kind, Fives
Seat 3: MrWaffle_lol (big blind) mucked [8h 8s]
Seat 4: IMP_MENT folded before Flop (didn't bet)
Seat 5: Dorex2007 folded before Flop (didn't bet)
Seat 8: AssosManiki folded before Flop (didn't bet)



PokerStars Hand #238845923962:  Hold'em No Limit ($0.02/$0.05 USD) - 2022/09/24 18:07:39 PT [2022/09/24 21:07:39 ET]
Table 'Ariadne III' 9-max Seat #2 is the button
Seat 1: Maria1995587 ($7.79 in chips) 
Seat 2: iglesias150 ($4.76 in chips) 
Seat 3: MrWaffle_lol ($2.06 in chips) 
Seat 4: IMP_MENT ($2.34 in chips) 
Seat 5: Dorex2007 ($5.01 in chips) 
Seat 8: AssosManiki ($22.62 in chips) 
MrWaffle_lol: posts small blind $0.02
IMP_MENT: posts big blind $0.05
*** HOLE CARDS ***
Dealt to Dorex2007 [Ad 9d]
Dorex2007: folds 
AssosManiki: raises $0.08 to $0.13
Maria1995587: folds 
iglesias150: folds 
MrWaffle_lol: folds 
IMP_MENT: folds 
Uncalled bet ($0.08) returned to AssosManiki
AssosManiki collected $0.12 from pot
AssosManiki: doesn't show hand 
*** SUMMARY ***
Total pot $0.12 | Rake $0 
Seat 1: Maria1995587 folded before Flop (didn't bet)
Seat 2: iglesias150 (button) folded before Flop (didn't bet)
Seat 3: MrWaffle_lol (small blind) folded before Flop
Seat 4: IMP_MENT (big blind) folded before Flop
Seat 5: Dorex2007 folded before Flop (didn't bet)
Seat 8: AssosManiki collected ($0.12)



PokerStars Hand #238845926910:  Hold'em No Limit ($0.02/$0.05 USD) - 2022/09/24 18:07:53 PT [2022/09/24 21:07:53 ET]
Table 'Ariadne III' 9-max Seat #3 is the button
Seat 1: Maria1995587 ($7.79 in chips) 
Seat 2: iglesias150 ($4.76 in chips) 
Seat 3: MrWaffle_lol ($2.04 in chips) 
Seat 4: IMP_MENT ($2.29 in chips) 
Seat 5: Dorex2007 ($5.01 in chips) 
Seat 8: AssosManiki ($22.69 in chips) 
IMP_MENT: posts small blind $0.02
Dorex2007: posts big blind $0.05
*** HOLE CARDS ***
Dealt to Dorex2007 [4d 8d]
AssosManiki: folds 
Maria1995587: calls $0.05
iglesias150: folds 
MrWaffle_lol: folds 
IMP_MENT: calls $0.03
Dorex2007: checks 
*** FLOP *** [Kd Td 9h]
IMP_MENT: checks 
Dorex2007: checks 
Maria1995587: bets $0.10
IMP_MENT: folds 
Dorex2007: calls $0.10
*** TURN *** [Kd Td 9h] [2h]
Dorex2007: checks 
richard4848 joins the table at seat #9 
Maria1995587: bets $0.20
Dorex2007: folds 
Uncalled bet ($0.20) returned to Maria1995587
Maria1995587 collected $0.34 from pot
*** SUMMARY ***
Total pot $0.35 | Rake $0.01 
Board [Kd Td 9h 2h]
Seat 1: Maria1995587 collected ($0.34)
Seat 2: iglesias150 folded before Flop (didn't bet)
Seat 3: MrWaffle_lol (button) folded before Flop (didn't bet)
Seat 4: IMP_MENT (small blind) folded on the Flop
Seat 5: Dorex2007 (big blind) folded on the Turn
Seat 8: AssosManiki folded before Flop (didn't bet)



PokerStars Hand #238845934453:  Hold'em No Limit ($0.02/$0.05 USD) - 2022/09/24 18:08:30 PT [2022/09/24 21:08:30 ET]
Table 'Ariadne III' 9-max Seat #4 is the button
Seat 1: Maria1995587 ($7.98 in chips) 
Seat 2: iglesias150 ($4.76 in chips) 
Seat 3: MrWaffle_lol ($2.04 in chips) 
Seat 4: IMP_MENT ($2.24 in chips) 
Seat 5: Dorex2007 ($5 in chips) 
Seat 8: AssosManiki ($22.69 in chips) 
Dorex2007: posts small blind $0.02
AssosManiki: posts big blind $0.05
richard4848: sits out 
*** HOLE CARDS ***
Dealt to Dorex2007 [2c 7c]
Maria1995587: calls $0.05
iglesias150: folds 
MrWaffle_lol: folds 
IMP_MENT: raises $0.05 to $0.10
Dorex2007: folds 
AssosManiki: folds 
Maria1995587: calls $0.05
*** FLOP *** [4s Jd Qs]
Maria1995587: checks 
IMP_MENT: bets $0.15
Maria1995587: folds 
Uncalled bet ($0.15) returned to IMP_MENT
IMP_MENT collected $0.26 from pot
*** SUMMARY ***
Total pot $0.27 | Rake $0.01 
Board [4s Jd Qs]
Seat 1: Maria1995587 folded on the Flop
Seat 2: iglesias150 folded before Flop (didn't bet)
Seat 3: MrWaffle_lol folded before Flop (didn't bet)
Seat 4: IMP_MENT (button) collected ($0.26)
Seat 5: Dorex2007 (small blind) folded before Flop
Seat 8: AssosManiki (big blind) folded before Flop



PokerStars Hand #238845939835:  Hold'em No Limit ($0.02/$0.05 USD) - 2022/09/24 18:08:56 PT [2022/09/24 21:08:56 ET]
Table 'Ariadne III' 9-max Seat #5 is the button
Seat 1: Maria1995587 ($7.88 in chips) 
Seat 2: iglesias150 ($4.76 in chips) 
Seat 3: MrWaffle_lol ($2.04 in chips) 
Seat 4: IMP_MENT ($2.40 in chips) 
Seat 5: Dorex2007 ($5 in chips) 
Seat 8: AssosManiki ($22.64 in chips) 
Seat 9: richard4848 ($5 in chips) 
AssosManiki: posts small blind $0.02
richard4848: posts big blind $0.05
*** HOLE CARDS ***
Dealt to Dorex2007 [Ks 7d]
ani87531 joins the table at seat #7 
Maria1995587: folds 
iglesias150: folds 
MrWaffle_lol: raises $0.12 to $0.17
IMP_MENT: folds 
Dorex2007: folds 
AssosManiki: folds 
richard4848: folds 
Uncalled bet ($0.12) returned to MrWaffle_lol
MrWaffle_lol collected $0.12 from pot
MrWaffle_lol: doesn't show hand 
*** SUMMARY ***
Total pot $0.12 | Rake $0 
Seat 1: Maria1995587 folded before Flop (didn't bet)
Seat 2: iglesias150 folded before Flop (didn't bet)
Seat 3: MrWaffle_lol collected ($0.12)
Seat 4: IMP_MENT folded before Flop (didn't bet)
Seat 5: Dorex2007 (button) folded before Flop (didn't bet)
Seat 8: AssosManiki (small blind) folded before Flop
Seat 9: richard4848 (big blind) folded before Flop



PokerStars Hand #238845944960:  Hold'em No Limit ($0.02/$0.05 USD) - 2022/09/24 18:09:21 PT [2022/09/24 21:09:21 ET]
Table 'Ariadne III' 9-max Seat #8 is the button
Seat 1: Maria1995587 ($7.88 in chips) 
Seat 2: iglesias150 ($4.76 in chips) 
Seat 3: MrWaffle_lol ($2.11 in chips) 
Seat 4: IMP_MENT ($2.40 in chips) 
Seat 5: Dorex2007 ($5 in chips) 
Seat 8: AssosManiki ($22.62 in chips) 
Seat 9: richard4848 ($4.95 in chips) 
richard4848: posts small blind $0.02
Maria1995587: posts big blind $0.05
ani87531: sits out 
*** HOLE CARDS ***
Dealt to Dorex2007 [Jh Qd]
iglesias150: folds 
MrWaffle_lol: folds 
IMP_MENT: calls $0.05
Dorex2007: folds 
AssosManiki: folds 
richard4848: calls $0.03
Maria1995587: raises $0.10 to $0.15
IMP_MENT: calls $0.10
richard4848: folds 
*** FLOP *** [6s 5h 2d]
Maria1995587: bets $0.17
IMP_MENT: calls $0.17
*** TURN *** [6s 5h 2d] [7h]
Maria1995587: checks 
IMP_MENT: bets $0.25
Maria1995587: calls $0.25
*** RIVER *** [6s 5h 2d 7h] [8d]
Maria1995587: checks 
IMP_MENT: bets $0.25
Maria1995587: calls $0.25
*** SHOW DOWN ***
IMP_MENT: shows [5s As] (a pair of Fives)
Maria1995587: shows [8c Ah] (a pair of Eights)
Maria1995587 collected $1.62 from pot
*** SUMMARY ***
Total pot $1.69 | Rake $0.07 
Board [6s 5h 2d 7h 8d]
Seat 1: Maria1995587 (big blind) showed [8c Ah] and won ($1.62) with a pair of Eights
Seat 2: iglesias150 folded before Flop (didn't bet)
Seat 3: MrWaffle_lol folded before Flop (didn't bet)
Seat 4: IMP_MENT showed [5s As] and lost with a pair of Fives
Seat 5: Dorex2007 folded before Flop (didn't bet)
Seat 8: AssosManiki (button) folded before Flop (didn't bet)
Seat 9: richard4848 (small blind) folded before Flop



PokerStars Hand #238845955513:  Hold'em No Limit ($0.02/$0.05 USD) - 2022/09/24 18:10:12 PT [2022/09/24 21:10:12 ET]
Table 'Ariadne III' 9-max Seat #9 is the button
Seat 1: Maria1995587 ($8.68 in chips) 
Seat 2: iglesias150 ($4.76 in chips) 
Seat 3: MrWaffle_lol ($2.11 in chips) 
Seat 4: IMP_MENT ($1.58 in chips) 
Seat 5: Dorex2007 ($5 in chips) 
Seat 8: AssosManiki ($22.62 in chips) 
Seat 9: richard4848 ($5 in chips) 
Maria1995587: posts small blind $0.02
iglesias150: posts big blind $0.05
ani87531: sits out 
*** HOLE CARDS ***
Dealt to Dorex2007 [8d 6s]
MrWaffle_lol: folds 
IMP_MENT: folds 
Dorex2007: folds 
AssosManiki: folds 
richard4848: raises $0.10 to $0.15
Maria1995587: calls $0.13
iglesias150: folds 
*** FLOP *** [9c 7d 4c]
Maria1995587: checks 
richard4848: checks 
*** TURN *** [9c 7d 4c] [5d]
Maria1995587: bets $0.17
richard4848: folds 
Uncalled bet ($0.17) returned to Maria1995587
Maria1995587 collected $0.34 from pot
*** SUMMARY ***
Total pot $0.35 | Rake $0.01 
Board [9c 7d 4c 5d]
Seat 1: Maria1995587 (small blind) collected ($0.34)
Seat 2: iglesias150 (big blind) folded before Flop
Seat 3: MrWaffle_lol folded before Flop (didn't bet)
Seat 4: IMP_MENT folded before Flop (didn't bet)
Seat 5: Dorex2007 folded before Flop (didn't bet)
Seat 8: AssosManiki folded before Flop (didn't bet)
Seat 9: richard4848 (button) folded on the Turn



PokerStars Hand #238845963536:  Hold'em No Limit ($0.02/$0.05 USD) - 2022/09/24 18:10:52 PT [2022/09/24 21:10:52 ET]
Table 'Ariadne III' 9-max Seat #1 is the button
Seat 1: Maria1995587 ($8.87 in chips) 
Seat 2: iglesias150 ($4.71 in chips) 
Seat 3: MrWaffle_lol ($2.11 in chips) 
Seat 4: IMP_MENT ($1.58 in chips) 
Seat 5: Dorex2007 ($5 in chips) 
Seat 8: AssosManiki ($22.62 in chips) 
Seat 9: richard4848 ($4.85 in chips) 
iglesias150: posts small blind $0.02
MrWaffle_lol: posts big blind $0.05
ani87531: sits out 
*** HOLE CARDS ***
Dealt to Dorex2007 [6c Qc]
IMP_MENT: calls $0.05
Dorex2007: folds 
AssosManiki: folds 
richard4848: folds 
Maria1995587: folds 
iglesias150: folds 
MrWaffle_lol: checks 
*** FLOP *** [Jd 5c 5h]
MrWaffle_lol: checks 
IMP_MENT: bets $0.10
ani87531 leaves the table
MrWaffle_lol: folds 
Uncalled bet ($0.10) returned to IMP_MENT
IMP_MENT collected $0.12 from pot
*** SUMMARY ***
Total pot $0.12 | Rake $0 
Board [Jd 5c 5h]
Seat 1: Maria1995587 (button) folded before Flop (didn't bet)
Seat 2: iglesias150 (small blind) folded before Flop
Seat 3: MrWaffle_lol (big blind) folded on the Flop
Seat 4: IMP_MENT collected ($0.12)
Seat 5: Dorex2007 folded before Flop (didn't bet)
Seat 8: AssosManiki folded before Flop (didn't bet)
Seat 9: richard4848 folded before Flop (didn't bet)



PokerStars Hand #238845968611:  Hold'em No Limit ($0.02/$0.05 USD) - 2022/09/24 18:11:17 PT [2022/09/24 21:11:17 ET]
Table 'Ariadne III' 9-max Seat #2 is the button
Seat 1: Maria1995587 ($8.87 in chips) 
Seat 2: iglesias150 ($4.69 in chips) 
Seat 3: MrWaffle_lol ($2.06 in chips) 
Seat 4: IMP_MENT ($1.65 in chips) 
Seat 5: Dorex2007 ($5 in chips) 
Seat 8: AssosManiki ($22.62 in chips) 
Seat 9: richard4848 ($5 in chips) 
MrWaffle_lol: posts small blind $0.02
IMP_MENT: posts big blind $0.05
*** HOLE CARDS ***
Dealt to Dorex2007 [6s 9d]
Dorex2007: folds 
AssosManiki: folds 
richard4848: raises $0.15 to $0.20
Maria1995587: folds 
iglesias150: calls $0.20
MrWaffle_lol: folds 
IMP_MENT: calls $0.15
*** FLOP *** [Ac 4h 7s]
IMP_MENT: checks 
richard4848: checks 
iglesias150: checks 
*** TURN *** [Ac 4h 7s] [As]
IMP_MENT: checks 
richard4848: bets $0.35
iglesias150: folds 
IMP_MENT: raises $0.55 to $0.90
richard4848: folds 
Uncalled bet ($0.55) returned to IMP_MENT
IMP_MENT collected $1.27 from pot
*** SUMMARY ***
Total pot $1.32 | Rake $0.05 
Board [Ac 4h 7s As]
Seat 1: Maria1995587 folded before Flop (didn't bet)
Seat 2: iglesias150 (button) folded on the Turn
Seat 3: MrWaffle_lol (small blind) folded before Flop
Seat 4: IMP_MENT (big blind) collected ($1.27)
Seat 5: Dorex2007 folded before Flop (didn't bet)
Seat 8: AssosManiki folded before Flop (didn't bet)
Seat 9: richard4848 folded on the Turn



PokerStars Hand #238845979853:  Hold'em No Limit ($0.02/$0.05 USD) - 2022/09/24 18:12:11 PT [2022/09/24 21:12:11 ET]
Table 'Ariadne III' 9-max Seat #3 is the button
Seat 1: Maria1995587 ($8.87 in chips) 
Seat 2: iglesias150 ($4.49 in chips) 
Seat 3: MrWaffle_lol ($2.04 in chips) 
Seat 4: IMP_MENT ($2.37 in chips) 
Seat 5: Dorex2007 ($5 in chips) 
Seat 8: AssosManiki ($22.62 in chips) 
Seat 9: richard4848 ($4.45 in chips) 
IMP_MENT: posts small blind $0.02
Dorex2007: posts big blind $0.05
*** HOLE CARDS ***
Dealt to Dorex2007 [9s 5s]
AssosManiki: folds 
richard4848: folds 
Maria1995587: folds 
iglesias150: folds 
MrWaffle_lol: folds 
IMP_MENT: folds 
Uncalled bet ($0.03) returned to Dorex2007
Dorex2007 collected $0.04 from pot
Dorex2007: doesn't show hand 
*** SUMMARY ***
Total pot $0.04 | Rake $0 
Seat 1: Maria1995587 folded before Flop (didn't bet)
Seat 2: iglesias150 folded before Flop (didn't bet)
Seat 3: MrWaffle_lol (button) folded before Flop (didn't bet)
Seat 4: IMP_MENT (small blind) folded before Flop
Seat 5: Dorex2007 (big blind) collected ($0.04)
Seat 8: AssosManiki folded before Flop (didn't bet)
Seat 9: richard4848 folded before Flop (didn't bet)



PokerStars Hand #238845982208:  Hold'em No Limit ($0.02/$0.05 USD) - 2022/09/24 18:12:23 PT [2022/09/24 21:12:23 ET]
Table 'Ariadne III' 9-max Seat #4 is the button
Seat 1: Maria1995587 ($8.87 in chips) 
Seat 2: iglesias150 ($4.49 in chips) 
Seat 3: MrWaffle_lol ($2.04 in chips) 
Seat 4: IMP_MENT ($2.35 in chips) 
Seat 5: Dorex2007 ($5.02 in chips) 
Seat 8: AssosManiki ($22.62 in chips) 
Seat 9: richard4848 ($5 in chips) 
Dorex2007: posts small blind $0.02
AssosManiki: posts big blind $0.05
*** HOLE CARDS ***
Dealt to Dorex2007 [Tc 3s]
richard4848: folds 
Maria1995587: raises $0.10 to $0.15
iglesias150: folds 
MrWaffle_lol: folds 
IMP_MENT: folds 
Dorex2007: folds 
AssosManiki: calls $0.10
*** FLOP *** [5h 4s 8c]
AssosManiki: checks 
Maria1995587: checks 
*** TURN *** [5h 4s 8c] [Jd]
AssosManiki: checks 
Maria1995587: bets $0.20
AssosManiki: folds 
Uncalled bet ($0.20) returned to Maria1995587
Maria1995587 collected $0.31 from pot
*** SUMMARY ***
Total pot $0.32 | Rake $0.01 
Board [5h 4s 8c Jd]
Seat 1: Maria1995587 collected ($0.31)
Seat 2: iglesias150 folded before Flop (didn't bet)
Seat 3: MrWaffle_lol folded before Flop (didn't bet)
Seat 4: IMP_MENT (button) folded before Flop (didn't bet)
Seat 5: Dorex2007 (small blind) folded before Flop
Seat 8: AssosManiki (big blind) folded on the Turn
Seat 9: richard4848 folded before Flop (didn't bet)



PokerStars Hand #238845989510:  Hold'em No Limit ($0.02/$0.05 USD) - 2022/09/24 18:13:00 PT [2022/09/24 21:13:00 ET]
Table 'Ariadne III' 9-max Seat #5 is the button
Seat 1: Maria1995587 ($9.03 in chips) 
Seat 2: iglesias150 ($4.49 in chips) 
Seat 3: MrWaffle_lol ($2.04 in chips) 
Seat 4: IMP_MENT ($2.35 in chips) 
Seat 5: Dorex2007 ($5 in chips) 
Seat 8: AssosManiki ($22.47 in chips) 
Seat 9: richard4848 ($5 in chips) 
AssosManiki: posts small blind $0.02
richard4848: posts big blind $0.05
*** HOLE CARDS ***
Dealt to Dorex2007 [2c Tc]
Maria1995587: calls $0.05
iglesias150: folds 
MrWaffle_lol: folds 
IMP_MENT: calls $0.05
Dorex2007: folds 
AssosManiki: calls $0.03
richard4848: checks 
*** FLOP *** [8c 6s 4s]
AssosManiki: bets $0.13
richard4848: raises $0.13 to $0.26
Maria1995587: folds 
IMP_MENT: folds 
AssosManiki: calls $0.13
*** TURN *** [8c 6s 4s] [Ks]
AssosManiki: checks 
richard4848: bets $0.40
AssosManiki: calls $0.40
*** RIVER *** [8c 6s 4s Ks] [3c]
AssosManiki: checks 
richard4848: checks 
*** SHOW DOWN ***
AssosManiki: shows [Ts Th] (a pair of Tens)
richard4848: shows [5c 7h] (a straight, Four to Eight)
richard4848 collected $1.46 from pot
*** SUMMARY ***
Total pot $1.52 | Rake $0.06 
Board [8c 6s 4s Ks 3c]
Seat 1: Maria1995587 folded on the Flop
Seat 2: iglesias150 folded before Flop (didn't bet)
Seat 3: MrWaffle_lol folded before Flop (didn't bet)
Seat 4: IMP_MENT folded on the Flop
Seat 5: Dorex2007 (button) folded before Flop (didn't bet)
Seat 8: AssosManiki (small blind) showed [Ts Th] and lost with a pair of Tens
Seat 9: richard4848 (big blind) showed [5c 7h] and won ($1.46) with a straight, Four to Eight



PokerStars Hand #238846000301:  Hold'em No Limit ($0.02/$0.05 USD) - 2022/09/24 18:13:53 PT [2022/09/24 21:13:53 ET]
Table 'Ariadne III' 9-max Seat #8 is the button
Seat 1: Maria1995587 ($8.98 in chips) 
Seat 2: iglesias150 ($4.49 in chips) 
Seat 3: MrWaffle_lol ($2.04 in chips) 
Seat 4: IMP_MENT ($2.30 in chips) 
Seat 5: Dorex2007 ($5 in chips) 
Seat 8: AssosManiki ($21.76 in chips) 
Seat 9: richard4848 ($5.75 in chips) 
richard4848: posts small blind $0.02
Maria1995587: posts big blind $0.05
*** HOLE CARDS ***
Dealt to Dorex2007 [2c Jh]
iglesias150: folds 
MrWaffle_lol: folds 
IMP_MENT: raises $0.05 to $0.10
Dorex2007: folds 
AssosManiki: folds 
richard4848: folds 
Maria1995587: calls $0.05
*** FLOP *** [8d Ks 6c]
Maria1995587: checks 
IMP_MENT: checks 
*** TURN *** [8d Ks 6c] [7h]
Maria1995587: checks 
IMP_MENT: checks 
*** RIVER *** [8d Ks 6c 7h] [Kh]
Maria1995587: bets $0.21
IMP_MENT: raises $0.29 to $0.50
Maria1995587: folds 
Uncalled bet ($0.29) returned to IMP_MENT
IMP_MENT collected $0.61 from pot
*** SUMMARY ***
Total pot $0.64 | Rake $0.03 
Board [8d Ks 6c 7h Kh]
Seat 1: Maria1995587 (big blind) folded on the River
Seat 2: iglesias150 folded before Flop (didn't bet)
Seat 3: MrWaffle_lol folded before Flop (didn't bet)
Seat 4: IMP_MENT collected ($0.61)
Seat 5: Dorex2007 folded before Flop (didn't bet)
Seat 8: AssosManiki (button) folded before Flop (didn't bet)
Seat 9: richard4848 (small blind) folded before Flop



PokerStars Hand #238846010105:  Hold'em No Limit ($0.02/$0.05 USD) - 2022/09/24 18:14:41 PT [2022/09/24 21:14:41 ET]
Table 'Ariadne III' 9-max Seat #9 is the button
Seat 1: Maria1995587 ($8.67 in chips) 
Seat 2: iglesias150 ($4.49 in chips) 
Seat 3: MrWaffle_lol ($2.04 in chips) 
Seat 4: IMP_MENT ($2.60 in chips) 
Seat 5: Dorex2007 ($5 in chips) 
Seat 8: AssosManiki ($21.76 in chips) 
Seat 9: richard4848 ($5.73 in chips) 
Maria1995587: posts small blind $0.02
iglesias150: posts big blind $0.05
abobora71: sits out 
*** HOLE CARDS ***
Dealt to Dorex2007 [Kc Kd]
MrWaffle_lol: folds 
IMP_MENT: calls $0.05
Dorex2007: raises $0.10 to $0.15
AssosManiki: folds 
richard4848: folds 
Maria1995587: folds 
iglesias150: calls $0.10
IMP_MENT: folds 
*** FLOP *** [7h 4h 7c]
iglesias150: checks 
Dorex2007: bets $0.23
iglesias150: folds 
Uncalled bet ($0.23) returned to Dorex2007
Dorex2007 collected $0.35 from pot
Dorex2007: doesn't show hand 
*** SUMMARY ***
Total pot $0.37 | Rake $0.02 
Board [7h 4h 7c]
Seat 1: Maria1995587 (small blind) folded before Flop
Seat 2: iglesias150 (big blind) folded on the Flop
Seat 3: MrWaffle_lol folded before Flop (didn't bet)
Seat 4: IMP_MENT folded before Flop
Seat 5: Dorex2007 collected ($0.35)
Seat 8: AssosManiki folded before Flop (didn't bet)
Seat 9: richard4848 (button) folded before Flop (didn't bet)



PokerStars Hand #238846016732:  Hold'em No Limit ($0.02/$0.05 USD) - 2022/09/24 18:15:15 PT [2022/09/24 21:15:15 ET]
Table 'Ariadne III' 9-max Seat #1 is the button
Seat 1: Maria1995587 ($8.65 in chips) 
Seat 2: iglesias150 ($4.34 in chips) 
Seat 3: MrWaffle_lol ($2.04 in chips) 
Seat 4: IMP_MENT ($2.55 in chips) 
Seat 5: Dorex2007 ($5.20 in chips) 
Seat 8: AssosManiki ($21.76 in chips) 
Seat 9: richard4848 ($5.73 in chips) 
iglesias150: posts small blind $0.02
MrWaffle_lol: posts big blind $0.05
abobora71: sits out 
*** HOLE CARDS ***
Dealt to Dorex2007 [Ks 5h]
IMP_MENT: calls $0.05
Dorex2007: folds 
AssosManiki: folds 
richard4848: folds 
Maria1995587: raises $0.15 to $0.20
iglesias150: folds 
MrWaffle_lol: folds 
IMP_MENT: calls $0.15
*** FLOP *** [Js 3s 9d]
IMP_MENT: checks 
Maria1995587: checks 
*** TURN *** [Js 3s 9d] [4h]
IMP_MENT: bets $0.15
Maria1995587: calls $0.15
*** RIVER *** [Js 3s 9d 4h] [Ts]
IMP_MENT: bets $0.20
Maria1995587: folds 
Uncalled bet ($0.20) returned to IMP_MENT
IMP_MENT collected $0.74 from pot
*** SUMMARY ***
Total pot $0.77 | Rake $0.03 
Board [Js 3s 9d 4h Ts]
Seat 1: Maria1995587 (button) folded on the River
Seat 2: iglesias150 (small blind) folded before Flop
Seat 3: MrWaffle_lol (big blind) folded before Flop
Seat 4: IMP_MENT collected ($0.74)
Seat 5: Dorex2007 folded before Flop (didn't bet)
Seat 8: AssosManiki folded before Flop (didn't bet)
Seat 9: richard4848 folded before Flop (didn't bet)



PokerStars Hand #238846023837:  Hold'em No Limit ($0.02/$0.05 USD) - 2022/09/24 18:15:50 PT [2022/09/24 21:15:50 ET]
Table 'Ariadne III' 9-max Seat #2 is the button
Seat 1: Maria1995587 ($8.30 in chips) 
Seat 2: iglesias150 ($4.32 in chips) 
Seat 3: MrWaffle_lol ($1.99 in chips) 
Seat 4: IMP_MENT ($2.94 in chips) 
Seat 5: Dorex2007 ($5.20 in chips) 
Seat 8: AssosManiki ($21.76 in chips) 
Seat 9: richard4848 ($5.73 in chips) 
MrWaffle_lol: posts small blind $0.02
IMP_MENT: posts big blind $0.05
abobora71: sits out 
*** HOLE CARDS ***
Dealt to Dorex2007 [Tc Qc]
Dorex2007: raises $0.05 to $0.10
patom73 joins the table at seat #7 
AssosManiki: calls $0.10
richard4848: folds 
Maria1995587: calls $0.10
iglesias150: folds 
MrWaffle_lol: folds 
IMP_MENT: calls $0.05
*** FLOP *** [3h 9d 9c]
IMP_MENT: checks 
Dorex2007: checks 
AssosManiki: checks 
Maria1995587: checks 
*** TURN *** [3h 9d 9c] [9h]
IMP_MENT: bets $0.15
Dorex2007: calls $0.15
AssosManiki: folds 
Maria1995587: folds 
*** RIVER *** [3h 9d 9c 9h] [Qs]
IMP_MENT: bets $0.15
Dorex2007: calls $0.15
*** SHOW DOWN ***
IMP_MENT: shows [2s 2c] (a full house, Nines full of Deuces)
Dorex2007: shows [Tc Qc] (a full house, Nines full of Queens)
Dorex2007 collected $0.98 from pot
*** SUMMARY ***
Total pot $1.02 | Rake $0.04 
Board [3h 9d 9c 9h Qs]
Seat 1: Maria1995587 folded on the Turn
Seat 2: iglesias150 (button) folded before Flop (didn't bet)
Seat 3: MrWaffle_lol (small blind) folded before Flop
Seat 4: IMP_MENT (big blind) showed [2s 2c] and lost with a full house, Nines full of Deuces
Seat 5: Dorex2007 showed [Tc Qc] and won ($0.98) with a full house, Nines full of Queens
Seat 8: AssosManiki folded on the Turn
Seat 9: richard4848 folded before Flop (didn't bet)



PokerStars Hand #238846031381:  Hold'em No Limit ($0.02/$0.05 USD) - 2022/09/24 18:16:28 PT [2022/09/24 21:16:28 ET]
Table 'Ariadne III' 9-max Seat #3 is the button
Seat 1: Maria1995587 ($8.20 in chips) 
Seat 2: iglesias150 ($4.32 in chips) 
Seat 3: MrWaffle_lol ($1.97 in chips) 
Seat 4: IMP_MENT ($2.54 in chips) 
Seat 5: Dorex2007 ($5.78 in chips) 
Seat 7: patom73 ($2 in chips) 
Seat 8: AssosManiki ($21.66 in chips) 
Seat 9: richard4848 ($5.73 in chips) 
IMP_MENT: posts small blind $0.02
Dorex2007: posts big blind $0.05
abobora71: sits out 
patom73: posts big blind $0.05
*** HOLE CARDS ***
Dealt to Dorex2007 [4c Ts]
patom73: checks 
AssosManiki: folds 
richard4848: folds 
Maria1995587: folds 
iglesias150: folds 
MrWaffle_lol: folds 
IMP_MENT: calls $0.03
Dorex2007: checks 
*** FLOP *** [8h Jc Kh]
IMP_MENT: bets $0.15
Dorex2007: folds 
patom73: folds 
Uncalled bet ($0.15) returned to IMP_MENT
IMP_MENT collected $0.14 from pot
*** SUMMARY ***
Total pot $0.15 | Rake $0.01 
Board [8h Jc Kh]
Seat 1: Maria1995587 folded before Flop (didn't bet)
Seat 2: iglesias150 folded before Flop (didn't bet)
Seat 3: MrWaffle_lol (button) folded before Flop (didn't bet)
Seat 4: IMP_MENT (small blind) collected ($0.14)
Seat 5: Dorex2007 (big blind) folded on the Flop
Seat 7: patom73 folded on the Flop (didn't bet)
Seat 8: AssosManiki folded before Flop (didn't bet)
Seat 9: richard4848 folded before Flop (didn't bet)



PokerStars Hand #238846036147:  Hold'em No Limit ($0.02/$0.05 USD) - 2022/09/24 18:16:52 PT [2022/09/24 21:16:52 ET]
Table 'Ariadne III' 9-max Seat #4 is the button
Seat 1: Maria1995587 ($8.20 in chips) 
Seat 2: iglesias150 ($4.32 in chips) 
Seat 3: MrWaffle_lol ($1.97 in chips) 
Seat 4: IMP_MENT ($2.63 in chips) 
Seat 5: Dorex2007 ($5.73 in chips) 
Seat 6: abobora71 ($5.21 in chips) 
Seat 7: patom73 ($1.95 in chips) 
Seat 8: AssosManiki ($21.66 in chips) 
Seat 9: richard4848 ($5.73 in chips) 
Dorex2007: posts small blind $0.02
abobora71: posts big blind $0.05
*** HOLE CARDS ***
Dealt to Dorex2007 [Js Td]
patom73: folds 
AssosManiki: folds 
richard4848 is disconnected 
richard4848 has timed out while disconnected
richard4848: folds 
Maria1995587: calls $0.05
iglesias150: folds 
MrWaffle_lol: folds 
IMP_MENT: calls $0.05
Dorex2007: calls $0.03
abobora71: checks 
*** FLOP *** [3d 7s Jc]
Dorex2007: bets $0.09
abobora71: folds 
Maria1995587: folds 
IMP_MENT: folds 
Uncalled bet ($0.09) returned to Dorex2007
Dorex2007 collected $0.19 from pot
Dorex2007: doesn't show hand 
*** SUMMARY ***
Total pot $0.20 | Rake $0.01 
Board [3d 7s Jc]
Seat 1: Maria1995587 folded on the Flop
Seat 2: iglesias150 folded before Flop (didn't bet)
Seat 3: MrWaffle_lol folded before Flop (didn't bet)
Seat 4: IMP_MENT (button) folded on the Flop
Seat 5: Dorex2007 (small blind) collected ($0.19)
Seat 6: abobora71 (big blind) folded on the Flop
Seat 7: patom73 folded before Flop (didn't bet)
Seat 8: AssosManiki folded before Flop (didn't bet)
Seat 9: richard4848 folded before Flop (didn't bet)



PokerStars Hand #238846044232:  Hold'em No Limit ($0.02/$0.05 USD) - 2022/09/24 18:17:32 PT [2022/09/24 21:17:32 ET]
Table 'Ariadne III' 9-max Seat #5 is the button
Seat 1: Maria1995587 ($8.15 in chips) 
Seat 2: iglesias150 ($4.32 in chips) 
Seat 3: MrWaffle_lol ($1.97 in chips) 
Seat 4: IMP_MENT ($2.58 in chips) 
Seat 5: Dorex2007 ($5.87 in chips) 
Seat 6: abobora71 ($5.16 in chips) 
Seat 7: patom73 ($1.95 in chips) 
Seat 8: AssosManiki ($21.66 in chips) 
abobora71: posts small blind $0.02
patom73: posts big blind $0.05
*** HOLE CARDS ***
Dealt to Dorex2007 [Ah 4c]
AssosManiki: folds 
Maria1995587: calls $0.05
iglesias150: raises $0.17 to $0.22
MrWaffle_lol: folds 
IMP_MENT: calls $0.22
Dorex2007: folds 
abobora71: folds 
patom73: folds 
Maria1995587: folds 
*** FLOP *** [Kd 2c Ts]
iglesias150: bets $0.15
IMP_MENT: raises $0.15 to $0.30
iglesias150: calls $0.15
*** TURN *** [Kd 2c Ts] [Jh]
iglesias150: checks 
IMP_MENT: bets $0.50
iglesias150: raises $0.50 to $1
IMP_MENT: folds 
Uncalled bet ($0.50) returned to iglesias150
iglesias150 collected $2.07 from pot
*** SUMMARY ***
Total pot $2.16 | Rake $0.09 
Board [Kd 2c Ts Jh]
Seat 1: Maria1995587 folded before Flop
Seat 2: iglesias150 collected ($2.07)
Seat 3: MrWaffle_lol folded before Flop (didn't bet)
Seat 4: IMP_MENT folded on the Turn
Seat 5: Dorex2007 (button) folded before Flop (didn't bet)
Seat 6: abobora71 (small blind) folded before Flop
Seat 7: patom73 (big blind) folded before Flop
Seat 8: AssosManiki folded before Flop (didn't bet)



PokerStars Hand #238846054032:  Hold'em No Limit ($0.02/$0.05 USD) - 2022/09/24 18:18:21 PT [2022/09/24 21:18:21 ET]
Table 'Ariadne III' 9-max Seat #6 is the button
Seat 1: Maria1995587 ($8.10 in chips) 
Seat 2: iglesias150 ($5.37 in chips) 
Seat 3: MrWaffle_lol ($1.97 in chips) 
Seat 4: IMP_MENT ($1.56 in chips) 
Seat 5: Dorex2007 ($5.87 in chips) 
Seat 6: abobora71 ($5.14 in chips) 
Seat 7: patom73 ($1.90 in chips) 
Seat 8: AssosManiki ($21.66 in chips) 
Seat 9: richard4848 ($5.73 in chips) 
patom73: posts small blind $0.02
AssosManiki: posts big blind $0.05
*** HOLE CARDS ***
Dealt to Dorex2007 [3d 4s]
richard4848: folds 
Maria1995587: folds 
iglesias150: folds 
MrWaffle_lol: folds 
IMP_MENT: raises $0.05 to $0.10
Dorex2007: folds 
abobora71: calls $0.10
patom73: folds 
AssosManiki: calls $0.05
*** FLOP *** [Qs 3s Qc]
AssosManiki: bets $0.14
IMP_MENT: folds 
abobora71: folds 
Uncalled bet ($0.14) returned to AssosManiki
AssosManiki collected $0.31 from pot
AssosManiki: doesn't show hand 
*** SUMMARY ***
Total pot $0.32 | Rake $0.01 
Board [Qs 3s Qc]
Seat 1: Maria1995587 folded before Flop (didn't bet)
Seat 2: iglesias150 folded before Flop (didn't bet)
Seat 3: MrWaffle_lol folded before Flop (didn't bet)
Seat 4: IMP_MENT folded on the Flop
Seat 5: Dorex2007 folded before Flop (didn't bet)
Seat 6: abobora71 (button) folded on the Flop
Seat 7: patom73 (small blind) folded before Flop
Seat 8: AssosManiki (big blind) collected ($0.31)
Seat 9: richard4848 folded before Flop (didn't bet)



PokerStars Hand #238846059758:  Hold'em No Limit ($0.02/$0.05 USD) - 2022/09/24 18:18:50 PT [2022/09/24 21:18:50 ET]
Table 'Ariadne III' 9-max Seat #7 is the button
Seat 1: Maria1995587 ($8.10 in chips) 
Seat 2: iglesias150 ($5.37 in chips) 
Seat 3: MrWaffle_lol ($1.97 in chips) 
Seat 4: IMP_MENT ($1.46 in chips) 
Seat 5: Dorex2007 ($5.87 in chips) 
Seat 6: abobora71 ($5.04 in chips) 
Seat 7: patom73 ($1.88 in chips) 
Seat 8: AssosManiki ($21.87 in chips) 
Seat 9: richard4848 ($5.73 in chips) 
AssosManiki: posts small blind $0.02
richard4848: posts big blind $0.05
*** HOLE CARDS ***
Dealt to Dorex2007 [3s As]
Maria1995587: folds 
iglesias150: folds 
MrWaffle_lol: folds 
IMP_MENT: raises $0.05 to $0.10
Dorex2007: folds 
abobora71: folds 
patom73: folds 
AssosManiki: folds 
richard4848: folds 
Uncalled bet ($0.05) returned to IMP_MENT
IMP_MENT collected $0.12 from pot
*** SUMMARY ***
Total pot $0.12 | Rake $0 
Seat 1: Maria1995587 folded before Flop (didn't bet)
Seat 2: iglesias150 folded before Flop (didn't bet)
Seat 3: MrWaffle_lol folded before Flop (didn't bet)
Seat 4: IMP_MENT collected ($0.12)
Seat 5: Dorex2007 folded before Flop (didn't bet)
Seat 6: abobora71 folded before Flop (didn't bet)
Seat 7: patom73 (button) folded before Flop (didn't bet)
Seat 8: AssosManiki (small blind) folded before Flop
Seat 9: richard4848 (big blind) folded before Flop



PokerStars Hand #238846063496:  Hold'em No Limit ($0.02/$0.05 USD) - 2022/09/24 18:19:09 PT [2022/09/24 21:19:09 ET]
Table 'Ariadne III' 9-max Seat #8 is the button
Seat 1: Maria1995587 ($8.10 in chips) 
Seat 2: iglesias150 ($5.37 in chips) 
Seat 3: MrWaffle_lol ($1.97 in chips) 
Seat 4: IMP_MENT ($1.53 in chips) 
Seat 5: Dorex2007 ($5.87 in chips) 
Seat 6: abobora71 ($5.04 in chips) 
Seat 7: patom73 ($1.88 in chips) 
Seat 8: AssosManiki ($21.85 in chips) 
Seat 9: richard4848 ($5.68 in chips) 
richard4848: posts small blind $0.02
Maria1995587: posts big blind $0.05
*** HOLE CARDS ***
Dealt to Dorex2007 [Ts 9d]
iglesias150: folds 
MrWaffle_lol: folds 
IMP_MENT: raises $0.05 to $0.10
Dorex2007: folds 
abobora71: folds 
patom73: folds 
AssosManiki: folds 
richard4848: raises $0.20 to $0.30
Maria1995587: folds 
IMP_MENT: calls $0.20
*** FLOP *** [Ac 7c 9h]
richard4848: checks 
IMP_MENT: checks 
*** TURN *** [Ac 7c 9h] [9s]
richard4848: bets $0.31
IMP_MENT: calls $0.31
*** RIVER *** [Ac 7c 9h 9s] [Jd]
richard4848: checks 
IMP_MENT: bets $0.92 and is all-in
richard4848: calls $0.92
*** SHOW DOWN ***
IMP_MENT: shows [8c Th] (a straight, Seven to Jack)
richard4848: shows [Ah Qd] (two pair, Aces and Nines)
IMP_MENT collected $2.98 from pot
*** SUMMARY ***
Total pot $3.11 | Rake $0.13 
Board [Ac 7c 9h 9s Jd]
Seat 1: Maria1995587 (big blind) folded before Flop
Seat 2: iglesias150 folded before Flop (didn't bet)
Seat 3: MrWaffle_lol folded before Flop (didn't bet)
Seat 4: IMP_MENT showed [8c Th] and won ($2.98) with a straight, Seven to Jack
Seat 5: Dorex2007 folded before Flop (didn't bet)
Seat 6: abobora71 folded before Flop (didn't bet)
Seat 7: patom73 folded before Flop (didn't bet)
Seat 8: AssosManiki (button) folded before Flop (didn't bet)
Seat 9: richard4848 (small blind) showed [Ah Qd] and lost with two pair, Aces and Nines



PokerStars Hand #238846071556:  Hold'em No Limit ($0.02/$0.05 USD) - 2022/09/24 18:19:49 PT [2022/09/24 21:19:49 ET]
Table 'Ariadne III' 9-max Seat #9 is the button
Seat 1: Maria1995587 ($8.05 in chips) 
Seat 2: iglesias150 ($5.37 in chips) 
Seat 3: MrWaffle_lol ($1.97 in chips) 
Seat 4: IMP_MENT ($2.98 in chips) 
Seat 5: Dorex2007 ($5.87 in chips) 
Seat 6: abobora71 ($5.04 in chips) 
Seat 7: patom73 ($1.88 in chips) 
Seat 8: AssosManiki ($21.85 in chips) 
Seat 9: richard4848 ($4.15 in chips) 
Maria1995587: posts small blind $0.02
iglesias150: posts big blind $0.05
*** HOLE CARDS ***
Dealt to Dorex2007 [6h 3c]
MrWaffle_lol: folds 
IMP_MENT: calls $0.05
Dorex2007: folds 
abobora71: folds 
patom73: folds 
AssosManiki: folds 
richard4848: folds 
Maria1995587: folds 
iglesias150: raises $0.12 to $0.17
IMP_MENT: calls $0.12
*** FLOP *** [Tc 5c 4s]
iglesias150: checks 
IMP_MENT: bets $0.15
iglesias150: calls $0.15
*** TURN *** [Tc 5c 4s] [7c]
iglesias150: checks 
IMP_MENT: bets $0.15
iglesias150: raises $0.25 to $0.40
IMP_MENT: calls $0.25
*** RIVER *** [Tc 5c 4s 7c] [Jc]
iglesias150: checks 
IMP_MENT: checks 
*** SHOW DOWN ***
iglesias150: shows [4c 4d] (a flush, Jack high)
IMP_MENT: mucks hand 
iglesias150 collected $1.40 from pot
*** SUMMARY ***
Total pot $1.46 | Rake $0.06 
Board [Tc 5c 4s 7c Jc]
Seat 1: Maria1995587 (small blind) folded before Flop
Seat 2: iglesias150 (big blind) showed [4c 4d] and won ($1.40) with a flush, Jack high
Seat 3: MrWaffle_lol folded before Flop (didn't bet)
Seat 4: IMP_MENT mucked [9s Td]
Seat 5: Dorex2007 folded before Flop (didn't bet)
Seat 6: abobora71 folded before Flop (didn't bet)
Seat 7: patom73 folded before Flop (didn't bet)
Seat 8: AssosManiki folded before Flop (didn't bet)
Seat 9: richard4848 (button) folded before Flop (didn't bet)



PokerStars Hand #238846082761:  Hold'em No Limit ($0.02/$0.05 USD) - 2022/09/24 18:20:45 PT [2022/09/24 21:20:45 ET]
Table 'Ariadne III' 9-max Seat #1 is the button
Seat 1: Maria1995587 ($8.03 in chips) 
Seat 2: iglesias150 ($6.05 in chips) 
Seat 3: MrWaffle_lol ($1.97 in chips) 
Seat 4: IMP_MENT ($2.26 in chips) 
Seat 5: Dorex2007 ($5.87 in chips) 
Seat 6: abobora71 ($5.04 in chips) 
Seat 7: patom73 ($1.88 in chips) 
Seat 8: AssosManiki ($21.85 in chips) 
Seat 9: richard4848 ($5 in chips) 
iglesias150: posts small blind $0.02
MrWaffle_lol: posts big blind $0.05
*** HOLE CARDS ***
Dealt to Dorex2007 [Th 2h]
IMP_MENT: folds 
Dorex2007: folds 
abobora71: folds 
patom73: folds 
AssosManiki: folds 
richard4848: raises $0.10 to $0.15
Maria1995587: calls $0.15
iglesias150: folds 
MrWaffle_lol: folds 
*** FLOP *** [Qs 6s 4d]
richard4848: bets $0.20
Maria1995587: calls $0.20
*** TURN *** [Qs 6s 4d] [2c]
richard4848: checks 
Maria1995587: bets $0.37
richard4848: folds 
Uncalled bet ($0.37) returned to Maria1995587
Maria1995587 collected $0.74 from pot
*** SUMMARY ***
Total pot $0.77 | Rake $0.03 
Board [Qs 6s 4d 2c]
Seat 1: Maria1995587 (button) collected ($0.74)
Seat 2: iglesias150 (small blind) folded before Flop
Seat 3: MrWaffle_lol (big blind) folded before Flop
Seat 4: IMP_MENT folded before Flop (didn't bet)
Seat 5: Dorex2007 folded before Flop (didn't bet)
Seat 6: abobora71 folded before Flop (didn't bet)
Seat 7: patom73 folded before Flop (didn't bet)
Seat 8: AssosManiki folded before Flop (didn't bet)
Seat 9: richard4848 folded on the Turn



PokerStars Hand #238846088885:  Hold'em No Limit ($0.02/$0.05 USD) - 2022/09/24 18:21:16 PT [2022/09/24 21:21:16 ET]
Table 'Ariadne III' 9-max Seat #2 is the button
Seat 1: Maria1995587 ($8.42 in chips) 
Seat 2: iglesias150 ($6.03 in chips) 
Seat 3: MrWaffle_lol ($1.92 in chips) 
Seat 4: IMP_MENT ($2.26 in chips) 
Seat 5: Dorex2007 ($5.87 in chips) 
Seat 6: abobora71 ($5.04 in chips) 
Seat 7: patom73 ($1.88 in chips) 
Seat 8: AssosManiki ($21.85 in chips) 
Seat 9: richard4848 ($4.65 in chips) 
MrWaffle_lol: posts small blind $0.02
IMP_MENT: posts big blind $0.05
*** HOLE CARDS ***
Dealt to Dorex2007 [As Tc]
Dorex2007: folds 
abobora71: folds 
patom73: folds 
AssosManiki: folds 
richard4848: folds 
Maria1995587: folds 
iglesias150: folds 
MrWaffle_lol: raises $0.10 to $0.15
IMP_MENT: calls $0.10
*** FLOP *** [9h 8c Qd]
MrWaffle_lol: bets $0.15
IMP_MENT: calls $0.15
*** TURN *** [9h 8c Qd] [2h]
MrWaffle_lol: checks 
IMP_MENT: bets $0.20
MrWaffle_lol: folds 
Uncalled bet ($0.20) returned to IMP_MENT
IMP_MENT collected $0.58 from pot
*** SUMMARY ***
Total pot $0.60 | Rake $0.02 
Board [9h 8c Qd 2h]
Seat 1: Maria1995587 folded before Flop (didn't bet)
Seat 2: iglesias150 (button) folded before Flop (didn't bet)
Seat 3: MrWaffle_lol (small blind) folded on the Turn
Seat 4: IMP_MENT (big blind) collected ($0.58)
Seat 5: Dorex2007 folded before Flop (didn't bet)
Seat 6: abobora71 folded before Flop (didn't bet)
Seat 7: patom73 folded before Flop (didn't bet)
Seat 8: AssosManiki folded before Flop (didn't bet)
Seat 9: richard4848 folded before Flop (didn't bet)



PokerStars Hand #238846097846:  Hold'em No Limit ($0.02/$0.05 USD) - 2022/09/24 18:22:02 PT [2022/09/24 21:22:02 ET]
Table 'Ariadne III' 9-max Seat #3 is the button
Seat 1: Maria1995587 ($8.42 in chips) 
Seat 2: iglesias150 ($6.03 in chips) 
Seat 3: MrWaffle_lol ($1.62 in chips) 
Seat 4: IMP_MENT ($2.54 in chips) 
Seat 5: Dorex2007 ($5.87 in chips) 
Seat 6: abobora71 ($5.04 in chips) 
Seat 7: patom73 ($1.88 in chips) 
Seat 8: AssosManiki ($21.85 in chips) 
Seat 9: richard4848 ($5 in chips) 
IMP_MENT: posts small blind $0.02
Dorex2007: posts big blind $0.05
*** HOLE CARDS ***
Dealt to Dorex2007 [5h 4s]
abobora71: calls $0.05
patom73: folds 
AssosManiki: raises $0.08 to $0.13
richard4848: folds 
Maria1995587: folds 
iglesias150: raises $0.18 to $0.31
MrWaffle_lol: folds 
IMP_MENT: calls $0.29
Dorex2007: folds 
abobora71: folds 
AssosManiki: calls $0.18
*** FLOP *** [As 4h 3s]
IMP_MENT: checks 
AssosManiki: checks 
iglesias150: bets $0.49
IMP_MENT: calls $0.49
AssosManiki: folds 
*** TURN *** [As 4h 3s] [3d]
IMP_MENT: checks 
iglesias150: checks 
*** RIVER *** [As 4h 3s 3d] [8d]
IMP_MENT: bets $0.60
iglesias150: folds 
Uncalled bet ($0.60) returned to IMP_MENT
IMP_MENT collected $1.93 from pot
*** SUMMARY ***
Total pot $2.01 | Rake $0.08 
Board [As 4h 3s 3d 8d]
Seat 1: Maria1995587 folded before Flop (didn't bet)
Seat 2: iglesias150 folded on the River
Seat 3: MrWaffle_lol (button) folded before Flop (didn't bet)
Seat 4: IMP_MENT (small blind) collected ($1.93)
Seat 5: Dorex2007 (big blind) folded before Flop
Seat 6: abobora71 folded before Flop
Seat 7: patom73 folded before Flop (didn't bet)
Seat 8: AssosManiki folded on the Flop
Seat 9: richard4848 folded before Flop (didn't bet)



PokerStars Hand #238846112493:  Hold'em No Limit ($0.02/$0.05 USD) - 2022/09/24 18:23:16 PT [2022/09/24 21:23:16 ET]
Table 'Ariadne III' 9-max Seat #4 is the button
Seat 1: Maria1995587 ($8.42 in chips) 
Seat 2: iglesias150 ($5.23 in chips) 
Seat 3: MrWaffle_lol ($1.62 in chips) 
Seat 4: IMP_MENT ($3.67 in chips) 
Seat 5: Dorex2007 ($5.82 in chips) 
Seat 6: abobora71 ($4.99 in chips) 
Seat 7: patom73 ($1.88 in chips) 
Seat 8: AssosManiki ($21.54 in chips) 
Seat 9: richard4848 ($5 in chips) 
Dorex2007: posts small blind $0.02
abobora71: posts big blind $0.05
*** HOLE CARDS ***
Dealt to Dorex2007 [Tc 6d]
patom73: folds 
AssosManiki: folds 
richard4848: folds 
Maria1995587: folds 
iglesias150: raises $0.10 to $0.15
MrWaffle_lol: folds 
IMP_MENT: calls $0.15
Dorex2007: folds 
abobora71: folds 
*** FLOP *** [2h 5h Jc]
iglesias150: bets $0.17
IMP_MENT: calls $0.17
*** TURN *** [2h 5h Jc] [9h]
iglesias150: bets $0.34
IMP_MENT: calls $0.34
*** RIVER *** [2h 5h Jc 9h] [Ad]
iglesias150: bets $0.66
IMP_MENT: folds 
Uncalled bet ($0.66) returned to iglesias150
iglesias150 collected $1.33 from pot
*** SUMMARY ***
Total pot $1.39 | Rake $0.06 
Board [2h 5h Jc 9h Ad]
Seat 1: Maria1995587 folded before Flop (didn't bet)
Seat 2: iglesias150 collected ($1.33)
Seat 3: MrWaffle_lol folded before Flop (didn't bet)
Seat 4: IMP_MENT (button) folded on the River
Seat 5: Dorex2007 (small blind) folded before Flop
Seat 6: abobora71 (big blind) folded before Flop
Seat 7: patom73 folded before Flop (didn't bet)
Seat 8: AssosManiki folded before Flop (didn't bet)
Seat 9: richard4848 folded before Flop (didn't bet)



PokerStars Hand #238846120129:  Hold'em No Limit ($0.02/$0.05 USD) - 2022/09/24 18:23:56 PT [2022/09/24 21:23:56 ET]
Table 'Ariadne III' 9-max Seat #5 is the button
Seat 1: Maria1995587 ($8.42 in chips) 
Seat 2: iglesias150 ($5.90 in chips) 
Seat 3: MrWaffle_lol ($1.62 in chips) 
Seat 4: IMP_MENT ($3.01 in chips) 
Seat 5: Dorex2007 ($5.80 in chips) 
Seat 6: abobora71 ($4.94 in chips) 
Seat 7: patom73 ($1.88 in chips) 
Seat 8: AssosManiki ($21.54 in chips) 
Seat 9: richard4848 ($5 in chips) 
abobora71: posts small blind $0.02
patom73: posts big blind $0.05
*** HOLE CARDS ***
Dealt to Dorex2007 [Js 6s]
AssosManiki: folds 
richard4848: raises $0.20 to $0.25
Maria1995587: folds 
iglesias150: calls $0.25
MrWaffle_lol: folds 
IMP_MENT: folds 
Dorex2007: folds 
abobora71: folds 
patom73: folds 
*** FLOP *** [Tc 5c 7c]
richard4848: checks 
iglesias150: checks 
*** TURN *** [Tc 5c 7c] [4c]
richard4848: checks 
iglesias150: bets $0.27
richard4848: calls $0.27
*** RIVER *** [Tc 5c 7c 4c] [Ad]
richard4848: checks 
iglesias150: bets $1.06
richard4848: calls $1.06
*** SHOW DOWN ***
iglesias150: shows [9d Td] (a pair of Tens)
richard4848: shows [Jc Ac] (a flush, Ace high)
richard4848 collected $3.10 from pot
*** SUMMARY ***
Total pot $3.23 | Rake $0.13 
Board [Tc 5c 7c 4c Ad]
Seat 1: Maria1995587 folded before Flop (didn't bet)
Seat 2: iglesias150 showed [9d Td] and lost with a pair of Tens
Seat 3: MrWaffle_lol folded before Flop (didn't bet)
Seat 4: IMP_MENT folded before Flop (didn't bet)
Seat 5: Dorex2007 (button) folded before Flop (didn't bet)
Seat 6: abobora71 (small blind) folded before Flop
Seat 7: patom73 (big blind) folded before Flop
Seat 8: AssosManiki folded before Flop (didn't bet)
Seat 9: richard4848 showed [Jc Ac] and won ($3.10) with a flush, Ace high



PokerStars Hand #238846129763:  Hold'em No Limit ($0.02/$0.05 USD) - 2022/09/24 18:24:45 PT [2022/09/24 21:24:45 ET]
Table 'Ariadne III' 9-max Seat #6 is the button
Seat 1: Maria1995587 ($8.42 in chips) 
Seat 2: iglesias150 ($4.32 in chips) 
Seat 3: MrWaffle_lol ($1.62 in chips) 
Seat 4: IMP_MENT ($3.01 in chips) 
Seat 5: Dorex2007 ($5.80 in chips) 
Seat 6: abobora71 ($4.92 in chips) 
Seat 7: patom73 ($1.83 in chips) 
Seat 8: AssosManiki ($21.54 in chips) 
Seat 9: richard4848 ($6.52 in chips) 
patom73: posts small blind $0.02
AssosManiki: posts big blind $0.05
*** HOLE CARDS ***
Dealt to Dorex2007 [9c 7h]
richard4848: folds 
Maria1995587: folds 
iglesias150: folds 
MrWaffle_lol: raises $0.12 to $0.17
IMP_MENT: folds 
Dorex2007: folds 
abobora71: folds 
patom73: folds 
AssosManiki: calls $0.12
*** FLOP *** [8d Ks Jh]
AssosManiki: checks 
MrWaffle_lol: bets $0.20
AssosManiki: folds 
Uncalled bet ($0.20) returned to MrWaffle_lol
MrWaffle_lol collected $0.35 from pot
MrWaffle_lol: doesn't show hand 
*** SUMMARY ***
Total pot $0.36 | Rake $0.01 
Board [8d Ks Jh]
Seat 1: Maria1995587 folded before Flop (didn't bet)
Seat 2: iglesias150 folded before Flop (didn't bet)
Seat 3: MrWaffle_lol collected ($0.35)
Seat 4: IMP_MENT folded before Flop (didn't bet)
Seat 5: Dorex2007 folded before Flop (didn't bet)
Seat 6: abobora71 (button) folded before Flop (didn't bet)
Seat 7: patom73 (small blind) folded before Flop
Seat 8: AssosManiki (big blind) folded on the Flop
Seat 9: richard4848 folded before Flop (didn't bet)



PokerStars Hand #238846137498:  Hold'em No Limit ($0.02/$0.05 USD) - 2022/09/24 18:25:25 PT [2022/09/24 21:25:25 ET]
Table 'Ariadne III' 9-max Seat #7 is the button
Seat 1: Maria1995587 ($8.42 in chips) 
Seat 2: iglesias150 ($4.32 in chips) 
Seat 3: MrWaffle_lol ($1.80 in chips) 
Seat 4: IMP_MENT ($3.01 in chips) 
Seat 5: Dorex2007 ($5.80 in chips) 
Seat 6: abobora71 ($4.92 in chips) 
Seat 7: patom73 ($1.81 in chips) 
Seat 8: AssosManiki ($21.37 in chips) 
Seat 9: richard4848 ($6.52 in chips) 
AssosManiki: posts small blind $0.02
richard4848: posts big blind $0.05
*** HOLE CARDS ***
Dealt to Dorex2007 [6d 3c]
Maria1995587: calls $0.05
iglesias150: folds 
MrWaffle_lol: folds 
IMP_MENT: raises $0.05 to $0.10
Dorex2007: folds 
abobora71: folds 
patom73: folds 
AssosManiki: folds 
richard4848: folds 
Maria1995587: calls $0.05
*** FLOP *** [2d 3d 2s]
Maria1995587: checks 
IMP_MENT: checks 
*** TURN *** [2d 3d 2s] [Jc]
Maria1995587: checks 
IMP_MENT: checks 
*** RIVER *** [2d 3d 2s Jc] [7s]
Maria1995587: checks 
IMP_MENT: bets $0.15
Maria1995587: folds 
Uncalled bet ($0.15) returned to IMP_MENT
IMP_MENT collected $0.26 from pot
*** SUMMARY ***
Total pot $0.27 | Rake $0.01 
Board [2d 3d 2s Jc 7s]
Seat 1: Maria1995587 folded on the River
Seat 2: iglesias150 folded before Flop (didn't bet)
Seat 3: MrWaffle_lol folded before Flop (didn't bet)
Seat 4: IMP_MENT collected ($0.26)
Seat 5: Dorex2007 folded before Flop (didn't bet)
Seat 6: abobora71 folded before Flop (didn't bet)
Seat 7: patom73 (button) folded before Flop (didn't bet)
Seat 8: AssosManiki (small blind) folded before Flop
Seat 9: richard4848 (big blind) folded before Flop



PokerStars Hand #238846149285:  Hold'em No Limit ($0.02/$0.05 USD) - 2022/09/24 18:26:27 PT [2022/09/24 21:26:27 ET]
Table 'Ariadne III' 9-max Seat #8 is the button
Seat 1: Maria1995587 ($8.32 in chips) 
Seat 2: iglesias150 ($4.32 in chips) 
Seat 3: MrWaffle_lol ($1.80 in chips) 
Seat 4: IMP_MENT ($3.17 in chips) 
Seat 5: Dorex2007 ($5.80 in chips) 
Seat 6: abobora71 ($4.92 in chips) 
Seat 7: patom73 ($1.81 in chips) 
Seat 8: AssosManiki ($21.35 in chips) 
Seat 9: richard4848 ($6.47 in chips) 
richard4848: posts small blind $0.02
Maria1995587: posts big blind $0.05
*** HOLE CARDS ***
Dealt to Dorex2007 [Kh 6d]
iglesias150: folds 
MrWaffle_lol: folds 
IMP_MENT: raises $0.05 to $0.10
Dorex2007: folds 
abobora71: folds 
patom73: calls $0.10
AssosManiki: folds 
richard4848: folds 
Maria1995587: folds 
*** FLOP *** [Jd 8d 5h]
IMP_MENT: bets $0.10
patom73: folds 
Uncalled bet ($0.10) returned to IMP_MENT
IMP_MENT collected $0.26 from pot
*** SUMMARY ***
Total pot $0.27 | Rake $0.01 
Board [Jd 8d 5h]
Seat 1: Maria1995587 (big blind) folded before Flop
Seat 2: iglesias150 folded before Flop (didn't bet)
Seat 3: MrWaffle_lol folded before Flop (didn't bet)
Seat 4: IMP_MENT collected ($0.26)
Seat 5: Dorex2007 folded before Flop (didn't bet)
Seat 6: abobora71 folded before Flop (didn't bet)
Seat 7: patom73 folded on the Flop
Seat 8: AssosManiki (button) folded before Flop (didn't bet)
Seat 9: richard4848 (small blind) folded before Flop



PokerStars Hand #238846154481:  Hold'em No Limit ($0.02/$0.05 USD) - 2022/09/24 18:26:54 PT [2022/09/24 21:26:54 ET]
Table 'Ariadne III' 9-max Seat #9 is the button
Seat 1: Maria1995587 ($8.27 in chips) 
Seat 2: iglesias150 ($4.32 in chips) 
Seat 3: MrWaffle_lol ($1.80 in chips) 
Seat 4: IMP_MENT ($3.33 in chips) 
Seat 5: Dorex2007 ($5.80 in chips) 
Seat 6: abobora71 ($4.92 in chips) 
Seat 7: patom73 ($1.71 in chips) 
Seat 8: AssosManiki ($21.35 in chips) 
Seat 9: richard4848 ($6.45 in chips) 
Maria1995587: posts small blind $0.02
iglesias150: posts big blind $0.05
*** HOLE CARDS ***
Dealt to Dorex2007 [Qh 3s]
MrWaffle_lol: folds 
IMP_MENT: raises $0.05 to $0.10
Dorex2007: folds 
abobora71: folds 
patom73: calls $0.10
AssosManiki: calls $0.10
richard4848: folds 
Maria1995587: folds 
iglesias150: folds 
*** FLOP *** [5s Ks Jd]
IMP_MENT: checks 
patom73: checks 
AssosManiki: checks 
*** TURN *** [5s Ks Jd] [8s]
IMP_MENT: bets $0.15
patom73: folds 
AssosManiki: calls $0.15
*** RIVER *** [5s Ks Jd 8s] [5d]
IMP_MENT: bets $0.15
AssosManiki: calls $0.15
*** SHOW DOWN ***
IMP_MENT: shows [Jh Ac] (two pair, Jacks and Fives)
AssosManiki: mucks hand 
IMP_MENT collected $0.93 from pot
*** SUMMARY ***
Total pot $0.97 | Rake $0.04 
Board [5s Ks Jd 8s 5d]
Seat 1: Maria1995587 (small blind) folded before Flop
Seat 2: iglesias150 (big blind) folded before Flop
Seat 3: MrWaffle_lol folded before Flop (didn't bet)
Seat 4: IMP_MENT showed [Jh Ac] and won ($0.93) with two pair, Jacks and Fives
Seat 5: Dorex2007 folded before Flop (didn't bet)
Seat 6: abobora71 folded before Flop (didn't bet)
Seat 7: patom73 folded on the Turn
Seat 8: AssosManiki mucked [Ad Td]
Seat 9: richard4848 (button) folded before Flop (didn't bet)



PokerStars Hand #238846163821:  Hold'em No Limit ($0.02/$0.05 USD) - 2022/09/24 18:27:42 PT [2022/09/24 21:27:42 ET]
Table 'Ariadne III' 9-max Seat #1 is the button
Seat 1: Maria1995587 ($8.25 in chips) 
Seat 2: iglesias150 ($4.27 in chips) 
Seat 3: MrWaffle_lol ($1.80 in chips) 
Seat 4: IMP_MENT ($3.86 in chips) 
Seat 5: Dorex2007 ($5.80 in chips) 
Seat 7: patom73 ($1.61 in chips) 
Seat 8: AssosManiki ($20.95 in chips) 
Seat 9: richard4848 ($6.45 in chips) 
iglesias150: posts small blind $0.02
MrWaffle_lol: posts big blind $0.05
*** HOLE CARDS ***
Dealt to Dorex2007 [Jd 2d]
IMP_MENT: raises $0.05 to $0.10
Dorex2007: folds 
patom73: folds 
AssosManiki: folds 
richard4848: folds 
Maria1995587: calls $0.10
iglesias150: folds 
MrWaffle_lol: folds 
*** FLOP *** [8h Ks 5s]
IMP_MENT: checks 
Maria1995587: bets $0.26
IMP_MENT: folds 
Uncalled bet ($0.26) returned to Maria1995587
Maria1995587 collected $0.26 from pot
Maria1995587: doesn't show hand 
*** SUMMARY ***
Total pot $0.27 | Rake $0.01 
Board [8h Ks 5s]
Seat 1: Maria1995587 (button) collected ($0.26)
Seat 2: iglesias150 (small blind) folded before Flop
Seat 3: MrWaffle_lol (big blind) folded before Flop
Seat 4: IMP_MENT folded on the Flop
Seat 5: Dorex2007 folded before Flop (didn't bet)
Seat 7: patom73 folded before Flop (didn't bet)
Seat 8: AssosManiki folded before Flop (didn't bet)
Seat 9: richard4848 folded before Flop (didn't bet)



PokerStars Hand #238846170000:  Hold'em No Limit ($0.02/$0.05 USD) - 2022/09/24 18:28:14 PT [2022/09/24 21:28:14 ET]
Table 'Ariadne III' 9-max Seat #2 is the button
Seat 1: Maria1995587 ($8.41 in chips) 
Seat 2: iglesias150 ($4.25 in chips) 
Seat 3: MrWaffle_lol ($1.75 in chips) 
Seat 4: IMP_MENT ($3.76 in chips) 
Seat 5: Dorex2007 ($5.80 in chips) 
Seat 7: patom73 ($1.61 in chips) 
Seat 8: AssosManiki ($20.95 in chips) 
Seat 9: richard4848 ($6.45 in chips) 
MrWaffle_lol: posts small blind $0.02
IMP_MENT: posts big blind $0.05
*** HOLE CARDS ***
Dealt to Dorex2007 [3s 3c]
Dorex2007: calls $0.05
patom73: calls $0.05
AssosManiki: folds 
richard4848: folds 
Maria1995587: folds 
iglesias150: folds 
MrWaffle_lol: calls $0.03
IMP_MENT: checks 
*** FLOP *** [8h 2s Qc]
MrWaffle_lol: bets $0.10
IMP_MENT: folds 
Dorex2007: folds 
patom73: calls $0.10
*** TURN *** [8h 2s Qc] [3h]
MrWaffle_lol: bets $0.20
patom73: calls $0.20
*** RIVER *** [8h 2s Qc 3h] [Qs]
MrWaffle_lol: bets $0.38
patom73: calls $0.38
*** SHOW DOWN ***
MrWaffle_lol: shows [Td Qd] (three of a kind, Queens)
patom73: mucks hand 
MrWaffle_lol collected $1.50 from pot
*** SUMMARY ***
Total pot $1.56 | Rake $0.06 
Board [8h 2s Qc 3h Qs]
Seat 1: Maria1995587 folded before Flop (didn't bet)
Seat 2: iglesias150 (button) folded before Flop (didn't bet)
Seat 3: MrWaffle_lol (small blind) showed [Td Qd] and won ($1.50) with three of a kind, Queens
Seat 4: IMP_MENT (big blind) folded on the Flop
Seat 5: Dorex2007 folded on the Flop
Seat 7: patom73 mucked [Ad Ah]
Seat 8: AssosManiki folded before Flop (didn't bet)
Seat 9: richard4848 folded before Flop (didn't bet)



PokerStars Hand #238846180210:  Hold'em No Limit ($0.02/$0.05 USD) - 2022/09/24 18:29:06 PT [2022/09/24 21:29:06 ET]
Table 'Ariadne III' 9-max Seat #3 is the button
Seat 1: Maria1995587 ($8.41 in chips) 
Seat 2: iglesias150 ($4.25 in chips) 
Seat 3: MrWaffle_lol ($2.52 in chips) 
Seat 4: IMP_MENT ($3.71 in chips) 
Seat 5: Dorex2007 ($5.75 in chips) 
Seat 6: abobora71 ($4.92 in chips) 
Seat 7: patom73 ($0.88 in chips) 
Seat 8: AssosManiki ($20.95 in chips) 
Seat 9: richard4848 ($6.45 in chips) 
IMP_MENT: posts small blind $0.02
Dorex2007: posts big blind $0.05
*** HOLE CARDS ***
Dealt to Dorex2007 [2h 7c]
abobora71: folds 
patom73: calls $0.05
AssosManiki: folds 
richard4848: folds 
Maria1995587: folds 
iglesias150: folds 
MrWaffle_lol: raises $0.17 to $0.22
IMP_MENT: folds 
Dorex2007: folds 
patom73: calls $0.17
*** FLOP *** [2s Tc 2d]
patom73: checks 
MrWaffle_lol: bets $0.25
patom73: calls $0.25
*** TURN *** [2s Tc 2d] [5d]
patom73: checks 
MrWaffle_lol: checks 
*** RIVER *** [2s Tc 2d 5d] [9h]
patom73: bets $0.05
MrWaffle_lol: calls $0.05
*** SHOW DOWN ***
patom73: shows [8d 8c] (two pair, Eights and Deuces)
MrWaffle_lol: mucks hand 
patom73 collected $1.06 from pot
*** SUMMARY ***
Total pot $1.11 | Rake $0.05 
Board [2s Tc 2d 5d 9h]
Seat 1: Maria1995587 folded before Flop (didn't bet)
Seat 2: iglesias150 folded before Flop (didn't bet)
Seat 3: MrWaffle_lol (button) mucked [Js Ac]
Seat 4: IMP_MENT (small blind) folded before Flop
Seat 5: Dorex2007 (big blind) folded before Flop
Seat 6: abobora71 folded before Flop (didn't bet)
Seat 7: patom73 showed [8d 8c] and won ($1.06) with two pair, Eights and Deuces
Seat 8: AssosManiki folded before Flop (didn't bet)
Seat 9: richard4848 folded before Flop (didn't bet)



PokerStars Hand #238846187559:  Hold'em No Limit ($0.02/$0.05 USD) - 2022/09/24 18:29:45 PT [2022/09/24 21:29:45 ET]
Table 'Ariadne III' 9-max Seat #4 is the button
Seat 1: Maria1995587 ($8.41 in chips) 
Seat 2: iglesias150 ($4.25 in chips) 
Seat 3: MrWaffle_lol ($2 in chips) 
Seat 4: IMP_MENT ($3.69 in chips) 
Seat 5: Dorex2007 ($5.70 in chips) 
Seat 6: abobora71 ($4.92 in chips) 
Seat 7: patom73 ($1.42 in chips) 
Seat 8: AssosManiki ($20.95 in chips) 
Seat 9: richard4848 ($6.45 in chips) 
Dorex2007: posts small blind $0.02
abobora71: posts big blind $0.05
*** HOLE CARDS ***
Dealt to Dorex2007 [Ah Jc]
patom73: folds 
AssosManiki: folds 
richard4848: folds 
Maria1995587: folds 
iglesias150: folds 
MrWaffle_lol: raises $0.10 to $0.15
IMP_MENT: folds 
Dorex2007: folds 
abobora71: folds 
Uncalled bet ($0.10) returned to MrWaffle_lol
MrWaffle_lol collected $0.12 from pot
MrWaffle_lol: doesn't show hand 
*** SUMMARY ***
Total pot $0.12 | Rake $0 
Seat 1: Maria1995587 folded before Flop (didn't bet)
Seat 2: iglesias150 folded before Flop (didn't bet)
Seat 3: MrWaffle_lol collected ($0.12)
Seat 4: IMP_MENT (button) folded before Flop (didn't bet)
Seat 5: Dorex2007 (small blind) folded before Flop
Seat 6: abobora71 (big blind) folded before Flop
Seat 7: patom73 folded before Flop (didn't bet)
Seat 8: AssosManiki folded before Flop (didn't bet)
Seat 9: richard4848 folded before Flop (didn't bet)



PokerStars Hand #238846194231:  Hold'em No Limit ($0.02/$0.05 USD) - 2022/09/24 18:30:19 PT [2022/09/24 21:30:19 ET]
Table 'Ariadne III' 9-max Seat #5 is the button
Seat 1: Maria1995587 ($8.41 in chips) 
Seat 2: iglesias150 ($4.25 in chips) 
Seat 3: MrWaffle_lol ($2.07 in chips) 
Seat 4: IMP_MENT ($3.69 in chips) 
Seat 5: Dorex2007 ($5.68 in chips) 
Seat 6: abobora71 ($4.87 in chips) 
Seat 7: patom73 ($1.42 in chips) 
Seat 8: AssosManiki ($20.95 in chips) 
Seat 9: richard4848 ($6.45 in chips) 
abobora71: posts small blind $0.02
patom73: posts big blind $0.05
*** HOLE CARDS ***
Dealt to Dorex2007 [2h Kh]
AssosManiki: folds 
richard4848: folds 
Maria1995587: calls $0.05
iglesias150: folds 
MrWaffle_lol: folds 
IMP_MENT: calls $0.05
Dorex2007: folds 
abobora71: folds 
patom73: checks 
*** FLOP *** [As 7c 5s]
patom73: checks 
Maria1995587: checks 
IMP_MENT: checks 
*** TURN *** [As 7c 5s] [4c]
patom73: bets $0.05
Maria1995587: folds 
IMP_MENT: raises $0.10 to $0.15
patom73: folds 
Uncalled bet ($0.10) returned to IMP_MENT
IMP_MENT collected $0.26 from pot
*** SUMMARY ***
Total pot $0.27 | Rake $0.01 
Board [As 7c 5s 4c]
Seat 1: Maria1995587 folded on the Turn
Seat 2: iglesias150 folded before Flop (didn't bet)
Seat 3: MrWaffle_lol folded before Flop (didn't bet)
Seat 4: IMP_MENT collected ($0.26)
Seat 5: Dorex2007 (button) folded before Flop (didn't bet)
Seat 6: abobora71 (small blind) folded before Flop
Seat 7: patom73 (big blind) folded on the Turn
Seat 8: AssosManiki folded before Flop (didn't bet)
Seat 9: richard4848 folded before Flop (didn't bet)



PokerStars Hand #238846203291:  Hold'em No Limit ($0.02/$0.05 USD) - 2022/09/24 18:31:07 PT [2022/09/24 21:31:07 ET]
Table 'Ariadne III' 9-max Seat #6 is the button
Seat 1: Maria1995587 ($8.36 in chips) 
Seat 2: iglesias150 ($4.25 in chips) 
Seat 3: MrWaffle_lol ($2.07 in chips) 
Seat 4: IMP_MENT ($3.85 in chips) 
Seat 5: Dorex2007 ($5.68 in chips) 
Seat 6: abobora71 ($4.85 in chips) 
Seat 7: patom73 ($1.32 in chips) 
Seat 8: AssosManiki ($20.95 in chips) 
Seat 9: richard4848 ($6.45 in chips) 
patom73: posts small blind $0.02
AssosManiki: posts big blind $0.05
*** HOLE CARDS ***
Dealt to Dorex2007 [9h 2s]
richard4848: folds 
Maria1995587: folds 
iglesias150: folds 
MrWaffle_lol: folds 
IMP_MENT: calls $0.05
Dorex2007: folds 
abobora71: folds 
patom73: folds 
AssosManiki: checks 
*** FLOP *** [4d 5c Td]
AssosManiki: checks 
IMP_MENT: bets $0.10
AssosManiki: folds 
Uncalled bet ($0.10) returned to IMP_MENT
IMP_MENT collected $0.12 from pot
*** SUMMARY ***
Total pot $0.12 | Rake $0 
Board [4d 5c Td]
Seat 1: Maria1995587 folded before Flop (didn't bet)
Seat 2: iglesias150 folded before Flop (didn't bet)
Seat 3: MrWaffle_lol folded before Flop (didn't bet)
Seat 4: IMP_MENT collected ($0.12)
Seat 5: Dorex2007 folded before Flop (didn't bet)
Seat 6: abobora71 (button) folded before Flop (didn't bet)
Seat 7: patom73 (small blind) folded before Flop
Seat 8: AssosManiki (big blind) folded on the Flop
Seat 9: richard4848 folded before Flop (didn't bet)



PokerStars Hand #238846210219:  Hold'em No Limit ($0.02/$0.05 USD) - 2022/09/24 18:31:43 PT [2022/09/24 21:31:43 ET]
Table 'Ariadne III' 9-max Seat #7 is the button
Seat 1: Maria1995587 ($8.36 in chips) 
Seat 2: iglesias150 ($4.25 in chips) 
Seat 3: MrWaffle_lol ($2.07 in chips) 
Seat 4: IMP_MENT ($3.92 in chips) 
Seat 5: Dorex2007 ($5.68 in chips) 
Seat 6: abobora71 ($4.85 in chips) 
Seat 7: patom73 ($1.30 in chips) 
Seat 8: AssosManiki ($20.90 in chips) 
Seat 9: richard4848 ($6.45 in chips) 
AssosManiki: posts small blind $0.02
richard4848: posts big blind $0.05
*** HOLE CARDS ***
Dealt to Dorex2007 [2c Qs]
Maria1995587: calls $0.05
iglesias150: folds 
MrWaffle_lol: folds 
IMP_MENT: raises $0.05 to $0.10
Dorex2007: folds 
abobora71: folds 
patom73: folds 
AssosManiki: calls $0.08
richard4848: folds 
Maria1995587: calls $0.05
*** FLOP *** [3h 9c 4c]
AssosManiki: bets $0.22
Maria1995587: folds 
IMP_MENT: folds 
Uncalled bet ($0.22) returned to AssosManiki
AssosManiki collected $0.34 from pot
AssosManiki: doesn't show hand 
*** SUMMARY ***
Total pot $0.35 | Rake $0.01 
Board [3h 9c 4c]
Seat 1: Maria1995587 folded on the Flop
Seat 2: iglesias150 folded before Flop (didn't bet)
Seat 3: MrWaffle_lol folded before Flop (didn't bet)
Seat 4: IMP_MENT folded on the Flop
Seat 5: Dorex2007 folded before Flop (didn't bet)
Seat 6: abobora71 folded before Flop (didn't bet)
Seat 7: patom73 (button) folded before Flop (didn't bet)
Seat 8: AssosManiki (small blind) collected ($0.34)
Seat 9: richard4848 (big blind) folded before Flop



PokerStars Hand #238846220486:  Hold'em No Limit ($0.02/$0.05 USD) - 2022/09/24 18:32:36 PT [2022/09/24 21:32:36 ET]
Table 'Ariadne III' 9-max Seat #8 is the button
Seat 1: Maria1995587 ($8.26 in chips) 
Seat 2: iglesias150 ($4.25 in chips) 
Seat 3: MrWaffle_lol ($2.07 in chips) 
Seat 4: IMP_MENT ($3.82 in chips) 
Seat 5: Dorex2007 ($5.68 in chips) 
Seat 6: abobora71 ($4.85 in chips) 
Seat 7: patom73 ($1.30 in chips) 
Seat 8: AssosManiki ($21.14 in chips) 
Seat 9: richard4848 ($6.40 in chips) 
richard4848: posts small blind $0.02
Maria1995587: posts big blind $0.05
*** HOLE CARDS ***
Dealt to Dorex2007 [8d 3s]
iglesias150: folds 
MrWaffle_lol: folds 
IMP_MENT: calls $0.05
Dorex2007: folds 
abobora71: calls $0.05
patom73: folds 
AssosManiki: folds 
richard4848: folds 
Maria1995587: folds 
*** FLOP *** [4c 8s 7h]
Maria1995587 leaves the table
IMP_MENT: bets $0.15
ohfcampanha joins the table at seat #1 
abobora71: folds 
Uncalled bet ($0.15) returned to IMP_MENT
IMP_MENT collected $0.16 from pot
IMP_MENT: doesn't show hand 
*** SUMMARY ***
Total pot $0.17 | Rake $0.01 
Board [4c 8s 7h]
Seat 1: Maria1995587 (big blind) folded before Flop
Seat 2: iglesias150 folded before Flop (didn't bet)
Seat 3: MrWaffle_lol folded before Flop (didn't bet)
Seat 4: IMP_MENT collected ($0.16)
Seat 5: Dorex2007 folded before Flop (didn't bet)
Seat 6: abobora71 folded on the Flop
Seat 7: patom73 folded before Flop (didn't bet)
Seat 8: AssosManiki (button) folded before Flop (didn't bet)
Seat 9: richard4848 (small blind) folded before Flop



PokerStars Hand #238846230577:  Hold'em No Limit ($0.02/$0.05 USD) - 2022/09/24 18:33:29 PT [2022/09/24 21:33:29 ET]
Table 'Ariadne III' 9-max Seat #9 is the button
Seat 2: iglesias150 ($4.25 in chips) 
Seat 4: IMP_MENT ($3.93 in chips) 
Seat 5: Dorex2007 ($5.68 in chips) 
Seat 6: abobora71 ($4.80 in chips) 
Seat 7: patom73 ($1.30 in chips) 
Seat 8: AssosManiki ($21.14 in chips) 
Seat 9: richard4848 ($6.38 in chips) 
iglesias150: posts small blind $0.02
MrWaffle_lol: is sitting out 
IMP_MENT: posts big blind $0.05
*** HOLE CARDS ***
Dealt to Dorex2007 [4s Kd]
Dorex2007: folds 
abobora71: folds 
patom73: folds 
AssosManiki: raises $0.08 to $0.13
richard4848: calls $0.13
iglesias150: folds 
MrWaffle_lol leaves the table
IMP_MENT: folds 
*** FLOP *** [4c 9h 9c]
AssosManiki: bets $0.14
richard4848: folds 
Uncalled bet ($0.14) returned to AssosManiki
AssosManiki collected $0.32 from pot
AssosManiki: doesn't show hand 
*** SUMMARY ***
Total pot $0.33 | Rake $0.01 
Board [4c 9h 9c]
Seat 2: iglesias150 (small blind) folded before Flop
Seat 4: IMP_MENT (big blind) folded before Flop
Seat 5: Dorex2007 folded before Flop (didn't bet)
Seat 6: abobora71 folded before Flop (didn't bet)
Seat 7: patom73 folded before Flop (didn't bet)
Seat 8: AssosManiki collected ($0.32)
Seat 9: richard4848 (button) folded on the Flop



PokerStars Hand #238846236542:  Hold'em No Limit ($0.02/$0.05 USD) - 2022/09/24 18:34:00 PT [2022/09/24 21:34:00 ET]
Table 'Ariadne III' 9-max Seat #2 is the button
Seat 2: iglesias150 ($4.23 in chips) 
Seat 4: IMP_MENT ($3.88 in chips) 
Seat 5: Dorex2007 ($5.68 in chips) 
Seat 6: abobora71 ($4.80 in chips) 
Seat 7: patom73 ($1.30 in chips) 
Seat 8: AssosManiki ($21.33 in chips) 
Seat 9: richard4848 ($6.25 in chips) 
IMP_MENT: posts small blind $0.02
Dorex2007: posts big blind $0.05
ohfcampanha: sits out 
*** HOLE CARDS ***
Dealt to Dorex2007 [7c 9s]
abobora71: folds 
patom73: calls $0.05
AssosManiki: folds 
richard4848: folds 
AssosManiki leaves the table
iglesias150: folds 
IMP_MENT: calls $0.03
Dorex2007: checks 
*** FLOP *** [7h 2h 8h]
rpatenau91 joins the table at seat #8 
IMP_MENT: checks 
Dorex2007: checks 
patom73: checks 
*** TURN *** [7h 2h 8h] [7s]
IMP_MENT: bets $0.10
Dorex2007: calls $0.10
alan27924 joins the table at seat #3 
patom73: folds 
*** RIVER *** [7h 2h 8h 7s] [4c]
IMP_MENT: checks 
Dorex2007: checks 
*** SHOW DOWN ***
IMP_MENT: shows [Ac Ks] (a pair of Sevens)
Dorex2007: shows [7c 9s] (three of a kind, Sevens)
Dorex2007 collected $0.34 from pot
*** SUMMARY ***
Total pot $0.35 | Rake $0.01 
Board [7h 2h 8h 7s 4c]
Seat 2: iglesias150 (button) folded before Flop (didn't bet)
Seat 4: IMP_MENT (small blind) showed [Ac Ks] and lost with a pair of Sevens
Seat 5: Dorex2007 (big blind) showed [7c 9s] and won ($0.34) with three of a kind, Sevens
Seat 6: abobora71 folded before Flop (didn't bet)
Seat 7: patom73 folded on the Turn
Seat 8: AssosManiki folded before Flop (didn't bet)
Seat 9: richard4848 folded before Flop (didn't bet)



PokerStars Hand #238846245074:  Hold'em No Limit ($0.02/$0.05 USD) - 2022/09/24 18:34:45 PT [2022/09/24 21:34:45 ET]
Table 'Ariadne III' 9-max Seat #4 is the button
Seat 2: iglesias150 ($4.23 in chips) 
Seat 3: alan27924 ($5 in chips) 
Seat 4: IMP_MENT ($3.73 in chips) 
Seat 5: Dorex2007 ($5.87 in chips) 
Seat 6: abobora71 ($4.80 in chips) 
Seat 7: patom73 ($1.25 in chips) 
Seat 9: richard4848 ($6.25 in chips) 
Dorex2007: posts small blind $0.02
abobora71: posts big blind $0.05
rpatenau91: sits out 
ohfcampanha: sits out 
alan27924: posts big blind $0.05
*** HOLE CARDS ***
Dealt to Dorex2007 [Kd Jd]
patom73: folds 
richard4848 is disconnected 
richard4848 has timed out while disconnected
richard4848: folds 
iglesias150: folds 
alan27924: checks 
IMP_MENT: calls $0.05
Dorex2007: calls $0.03
abobora71: checks 
*** FLOP *** [3h 6s Qh]
Dorex2007: checks 
abobora71: checks 
alan27924: checks 
IMP_MENT: checks 
*** TURN *** [3h 6s Qh] [Jh]
Dorex2007: bets $0.09
abobora71: folds 
alan27924: folds 
IMP_MENT: folds 
Uncalled bet ($0.09) returned to Dorex2007
Dorex2007 collected $0.19 from pot
Dorex2007: doesn't show hand 
*** SUMMARY ***
Total pot $0.20 | Rake $0.01 
Board [3h 6s Qh Jh]
Seat 2: iglesias150 folded before Flop (didn't bet)
Seat 3: alan27924 folded on the Turn (didn't bet)
Seat 4: IMP_MENT (button) folded on the Turn
Seat 5: Dorex2007 (small blind) collected ($0.19)
Seat 6: abobora71 (big blind) folded on the Turn
Seat 7: patom73 folded before Flop (didn't bet)
Seat 9: richard4848 folded before Flop (didn't bet)



PokerStars Hand #238846254082:  Hold'em No Limit ($0.02/$0.05 USD) - 2022/09/24 18:35:32 PT [2022/09/24 21:35:32 ET]
Table 'Ariadne III' 9-max Seat #5 is the button
Seat 2: iglesias150 ($4.23 in chips) 
Seat 3: alan27924 ($4.95 in chips) 
Seat 4: IMP_MENT ($3.68 in chips) 
Seat 5: Dorex2007 ($6.01 in chips) 
Seat 6: abobora71 ($4.75 in chips) 
Seat 7: patom73 ($1.25 in chips) 
Seat 9: richard4848 ($6.25 in chips) 
abobora71: posts small blind $0.02
patom73: posts big blind $0.05
rpatenau91: sits out 
ohfcampanha: sits out 
*** HOLE CARDS ***
Dealt to Dorex2007 [Td Qc]
richard4848: folds 
iglesias150: raises $0.10 to $0.15
alan27924: calls $0.15
IMP_MENT: folds 
Dorex2007: calls $0.15
abobora71: calls $0.13
patom73: folds 
*** FLOP *** [5d 9d 6d]
abobora71: checks 
iglesias150: checks 
alan27924: bets $0.62
Dorex2007: folds 
abobora71: folds 
iglesias150: folds 
Uncalled bet ($0.62) returned to alan27924
alan27924 collected $0.62 from pot
*** SUMMARY ***
Total pot $0.65 | Rake $0.03 
Board [5d 9d 6d]
Seat 2: iglesias150 folded on the Flop
Seat 3: alan27924 collected ($0.62)
Seat 4: IMP_MENT folded before Flop (didn't bet)
Seat 5: Dorex2007 (button) folded on the Flop
Seat 6: abobora71 (small blind) folded on the Flop
Seat 7: patom73 (big blind) folded before Flop
Seat 9: richard4848 folded before Flop (didn't bet)



PokerStars Hand #238846261204:  Hold'em No Limit ($0.02/$0.05 USD) - 2022/09/24 18:36:08 PT [2022/09/24 21:36:08 ET]
Table 'Ariadne III' 9-max Seat #6 is the button
Seat 2: iglesias150 ($4.08 in chips) 
Seat 3: alan27924 ($5.42 in chips) 
Seat 4: IMP_MENT ($3.68 in chips) 
Seat 5: Dorex2007 ($5.86 in chips) 
Seat 6: abobora71 ($4.60 in chips) 
Seat 7: patom73 ($1.20 in chips) 
Seat 8: rpatenau91 ($2 in chips) 
Seat 9: richard4848 ($6.25 in chips) 
patom73: posts small blind $0.02
rpatenau91: posts big blind $0.05
ohfcampanha: sits out 
*** HOLE CARDS ***
Dealt to Dorex2007 [6h 3h]
richard4848: raises $0.20 to $0.25
iglesias150: folds 
alan27924: folds 
IMP_MENT: calls $0.25
Dorex2007: folds 
abobora71: folds 
patom73: folds 
rpatenau91: folds 
*** FLOP *** [2s 6c 8h]
richard4848: checks 
IMP_MENT: checks 
*** TURN *** [2s 6c 8h] [As]
richard4848: checks 
IMP_MENT: checks 
*** RIVER *** [2s 6c 8h As] [Ah]
richard4848: bets $0.27
IMP_MENT: folds 
Uncalled bet ($0.27) returned to richard4848
richard4848 collected $0.55 from pot
richard4848: doesn't show hand 
*** SUMMARY ***
Total pot $0.57 | Rake $0.02 
Board [2s 6c 8h As Ah]
Seat 2: iglesias150 folded before Flop (didn't bet)
Seat 3: alan27924 folded before Flop (didn't bet)
Seat 4: IMP_MENT folded on the River
Seat 5: Dorex2007 folded before Flop (didn't bet)
Seat 6: abobora71 (button) folded before Flop (didn't bet)
Seat 7: patom73 (small blind) folded before Flop
Seat 8: rpatenau91 (big blind) folded before Flop
Seat 9: richard4848 collected ($0.55)



PokerStars Hand #238846267793:  Hold'em No Limit ($0.02/$0.05 USD) - 2022/09/24 18:36:42 PT [2022/09/24 21:36:42 ET]
Table 'Ariadne III' 9-max Seat #7 is the button
Seat 2: iglesias150 ($4.08 in chips) 
Seat 3: alan27924 ($5.42 in chips) 
Seat 4: IMP_MENT ($3.43 in chips) 
Seat 5: Dorex2007 ($5.86 in chips) 
Seat 6: abobora71 ($4.60 in chips) 
Seat 7: patom73 ($1.18 in chips) 
Seat 8: rpatenau91 ($1.95 in chips) 
Seat 9: richard4848 ($6.55 in chips) 
rpatenau91: posts small blind $0.02
richard4848: posts big blind $0.05
ohfcampanha: sits out 
*** HOLE CARDS ***
Dealt to Dorex2007 [Tc 4h]
iglesias150: folds 
alan27924: raises $0.10 to $0.15
IMP_MENT: folds 
Dorex2007: folds 
abobora71: folds 
patom73: folds 
rpatenau91: folds 
richard4848: folds 
Uncalled bet ($0.10) returned to alan27924
alan27924 collected $0.12 from pot
*** SUMMARY ***
Total pot $0.12 | Rake $0 
Seat 2: iglesias150 folded before Flop (didn't bet)
Seat 3: alan27924 collected ($0.12)
Seat 4: IMP_MENT folded before Flop (didn't bet)
Seat 5: Dorex2007 folded before Flop (didn't bet)
Seat 6: abobora71 folded before Flop (didn't bet)
Seat 7: patom73 (button) folded before Flop (didn't bet)
Seat 8: rpatenau91 (small blind) folded before Flop
Seat 9: richard4848 (big blind) folded before Flop



PokerStars Hand #238846270831:  Hold'em No Limit ($0.02/$0.05 USD) - 2022/09/24 18:36:57 PT [2022/09/24 21:36:57 ET]
Table 'Ariadne III' 9-max Seat #8 is the button
Seat 1: ohfcampanha ($5 in chips) 
Seat 2: iglesias150 ($4.08 in chips) 
Seat 3: alan27924 ($5.49 in chips) 
Seat 4: IMP_MENT ($3.43 in chips) 
Seat 5: Dorex2007 ($5.86 in chips) 
Seat 6: abobora71 ($4.60 in chips) 
Seat 7: patom73 ($1.18 in chips) 
Seat 8: rpatenau91 ($1.93 in chips) 
Seat 9: richard4848 ($6.50 in chips) 
richard4848: posts small blind $0.02
ohfcampanha: posts big blind $0.05
*** HOLE CARDS ***
Dealt to Dorex2007 [7d Kh]
iglesias150: folds 
alan27924: calls $0.05
IMP_MENT: calls $0.05
Dorex2007: folds 
abobora71: folds 
patom73: calls $0.05
rpatenau91: folds 
richard4848: calls $0.03
ohfcampanha: checks 
*** FLOP *** [Td Ks Js]
richard4848: checks 
ohfcampanha: checks 
alan27924: bets $0.24
IMP_MENT: folds 
patom73: folds 
richard4848: calls $0.24
ohfcampanha: folds 
*** TURN *** [Td Ks Js] [Jd]
richard4848: checks 
alan27924: bets $0.70
richard4848: calls $0.70
*** RIVER *** [Td Ks Js Jd] [Ac]
richard4848: checks 
alan27924: bets $1.02
richard4848: folds 
Uncalled bet ($1.02) returned to alan27924
alan27924 collected $2.04 from pot
*** SUMMARY ***
Total pot $2.13 | Rake $0.09 
Board [Td Ks Js Jd Ac]
Seat 1: ohfcampanha (big blind) folded on the Flop
Seat 2: iglesias150 folded before Flop (didn't bet)
Seat 3: alan27924 collected ($2.04)
Seat 4: IMP_MENT folded on the Flop
Seat 5: Dorex2007 folded before Flop (didn't bet)
Seat 6: abobora71 folded before Flop (didn't bet)
Seat 7: patom73 folded on the Flop
Seat 8: rpatenau91 (button) folded before Flop (didn't bet)
Seat 9: richard4848 (small blind) folded on the River



PokerStars Hand #238846284550:  Hold'em No Limit ($0.02/$0.05 USD) - 2022/09/24 18:38:08 PT [2022/09/24 21:38:08 ET]
Table 'Ariadne III' 9-max Seat #9 is the button
Seat 1: ohfcampanha ($5 in chips) 
Seat 2: iglesias150 ($4.08 in chips) 
Seat 3: alan27924 ($6.54 in chips) 
Seat 4: IMP_MENT ($3.38 in chips) 
Seat 5: Dorex2007 ($5.86 in chips) 
Seat 6: abobora71 ($4.60 in chips) 
Seat 7: patom73 ($1.13 in chips) 
Seat 8: rpatenau91 ($1.93 in chips) 
Seat 9: richard4848 ($5.51 in chips) 
ohfcampanha: posts small blind $0.02
iglesias150: posts big blind $0.05
*** HOLE CARDS ***
Dealt to Dorex2007 [5c 3s]
alan27924: calls $0.05
IMP_MENT: calls $0.05
Dorex2007: folds 
abobora71: folds 
patom73: folds 
rpatenau91: calls $0.05
richard4848: folds 
ohfcampanha: calls $0.03
iglesias150: checks 
*** FLOP *** [4s 7c 3h]
ohfcampanha: checks 
iglesias150: checks 
alan27924: bets $0.24
IMP_MENT: calls $0.24
rpatenau91: folds 
ohfcampanha: folds 
iglesias150: folds 
*** TURN *** [4s 7c 3h] [8c]
alan27924: bets $0.70
IMP_MENT: calls $0.70
*** RIVER *** [4s 7c 3h 8c] [8d]
alan27924: bets $1.02
IMP_MENT: calls $1.02
*** SHOW DOWN ***
alan27924: shows [Tc Ac] (a pair of Eights)
IMP_MENT: shows [8h 6h] (three of a kind, Eights)
IMP_MENT collected $4 from pot
*** SUMMARY ***
Total pot $4.17 | Rake $0.17 
Board [4s 7c 3h 8c 8d]
Seat 1: ohfcampanha (small blind) folded on the Flop
Seat 2: iglesias150 (big blind) folded on the Flop
Seat 3: alan27924 showed [Tc Ac] and lost with a pair of Eights
Seat 4: IMP_MENT showed [8h 6h] and won ($4) with three of a kind, Eights
Seat 5: Dorex2007 folded before Flop (didn't bet)
Seat 6: abobora71 folded before Flop (didn't bet)
Seat 7: patom73 folded before Flop (didn't bet)
Seat 8: rpatenau91 folded on the Flop
Seat 9: richard4848 (button) folded before Flop (didn't bet)



PokerStars Hand #238846300698:  Hold'em No Limit ($0.02/$0.05 USD) - 2022/09/24 18:39:30 PT [2022/09/24 21:39:30 ET]
Table 'Ariadne III' 9-max Seat #1 is the button
Seat 1: ohfcampanha ($5 in chips) 
Seat 2: iglesias150 ($4.03 in chips) 
Seat 3: alan27924 ($4.53 in chips) 
Seat 4: IMP_MENT ($5.37 in chips) 
Seat 5: Dorex2007 ($5.86 in chips) 
Seat 6: abobora71 ($4.60 in chips) 
Seat 7: patom73 ($1.13 in chips) 
Seat 8: rpatenau91 ($1.88 in chips) 
Seat 9: richard4848 ($5.51 in chips) 
iglesias150: posts small blind $0.02
alan27924: posts big blind $0.05
*** HOLE CARDS ***
Dealt to Dorex2007 [8s Ts]
IMP_MENT: calls $0.05
Dorex2007: folds 
abobora71: folds 
patom73: folds 
rpatenau91: folds 
richard4848: raises $0.10 to $0.15
ohfcampanha: calls $0.15
iglesias150: folds 
alan27924: calls $0.10
IMP_MENT: calls $0.10
*** FLOP *** [Tc Jc Ah]
alan27924: bets $0.29
IMP_MENT: calls $0.29
richard4848: folds 
ohfcampanha: folds 
*** TURN *** [Tc Jc Ah] [Ad]
alan27924: bets $0.57
IMP_MENT: folds 
Uncalled bet ($0.57) returned to alan27924
alan27924 collected $1.15 from pot
*** SUMMARY ***
Total pot $1.20 | Rake $0.05 
Board [Tc Jc Ah Ad]
Seat 1: ohfcampanha (button) folded on the Flop
Seat 2: iglesias150 (small blind) folded before Flop
Seat 3: alan27924 (big blind) collected ($1.15)
Seat 4: IMP_MENT folded on the Turn
Seat 5: Dorex2007 folded before Flop (didn't bet)
Seat 6: abobora71 folded before Flop (didn't bet)
Seat 7: patom73 folded before Flop (didn't bet)
Seat 8: rpatenau91 folded before Flop (didn't bet)
Seat 9: richard4848 folded on the Flop



PokerStars Hand #238846310703:  Hold'em No Limit ($0.02/$0.05 USD) - 2022/09/24 18:40:22 PT [2022/09/24 21:40:22 ET]
Table 'Ariadne III' 9-max Seat #2 is the button
Seat 1: ohfcampanha ($5 in chips) 
Seat 2: iglesias150 ($4.01 in chips) 
Seat 3: alan27924 ($5.24 in chips) 
Seat 4: IMP_MENT ($4.93 in chips) 
Seat 5: Dorex2007 ($5.86 in chips) 
Seat 6: abobora71 ($4.60 in chips) 
Seat 7: patom73 ($1.13 in chips) 
Seat 8: rpatenau91 ($1.88 in chips) 
Seat 9: richard4848 ($5.36 in chips) 
alan27924: posts small blind $0.02
IMP_MENT: posts big blind $0.05
*** HOLE CARDS ***
Dealt to Dorex2007 [7c Qh]
Dorex2007: folds 
abobora71: folds 
patom73: calls $0.05
rpatenau91: folds 
richard4848: folds 
ohfcampanha: folds 
iglesias150: folds 
alan27924: folds 
IMP_MENT: checks 
*** FLOP *** [3h Ts 8s]
IMP_MENT: bets $0.10
patom73: folds 
Uncalled bet ($0.10) returned to IMP_MENT
IMP_MENT collected $0.12 from pot
IMP_MENT: doesn't show hand 
*** SUMMARY ***
Total pot $0.12 | Rake $0 
Board [3h Ts 8s]
Seat 1: ohfcampanha folded before Flop (didn't bet)
Seat 2: iglesias150 (button) folded before Flop (didn't bet)
Seat 3: alan27924 (small blind) folded before Flop
Seat 4: IMP_MENT (big blind) collected ($0.12)
Seat 5: Dorex2007 folded before Flop (didn't bet)
Seat 6: abobora71 folded before Flop (didn't bet)
Seat 7: patom73 folded on the Flop
Seat 8: rpatenau91 folded before Flop (didn't bet)
Seat 9: richard4848 folded before Flop (didn't bet)



PokerStars Hand #238846394043:  Hold'em No Limit ($0.02/$0.05 USD) - 2022/09/24 18:47:41 PT [2022/09/24 21:47:41 ET]
Table 'Ariadne III' 9-max Seat #6 is the button
Seat 1: ohfcampanha ($5 in chips) 
Seat 2: iglesias150 ($3.49 in chips) 
Seat 3: alan27924 ($6.17 in chips) 
Seat 4: IMP_MENT ($7.92 in chips) 
Seat 5: Dorex2007 ($5.86 in chips) 
Seat 6: abobora71 ($5.88 in chips) 
Seat 7: patom73 ($3.90 in chips) 
Seat 8: rpatenau91 ($1.36 in chips) 
Seat 9: richard4848 ($5.29 in chips) 
patom73: posts small blind $0.02
rpatenau91: posts big blind $0.05
Dorex2007: posts small & big blinds $0.07
*** HOLE CARDS ***
Dealt to Dorex2007 [6s Jh]
richard4848: folds 
ohfcampanha: folds 
iglesias150: folds 
alan27924: folds 
IMP_MENT: raises $0.05 to $0.10
Dorex2007: folds 
abobora71: folds 
patom73: folds 
rpatenau91: folds 
Uncalled bet ($0.05) returned to IMP_MENT
IMP_MENT collected $0.19 from pot
*** SUMMARY ***
Total pot $0.19 | Rake $0 
Seat 1: ohfcampanha folded before Flop (didn't bet)
Seat 2: iglesias150 folded before Flop (didn't bet)
Seat 3: alan27924 folded before Flop (didn't bet)
Seat 4: IMP_MENT collected ($0.19)
Seat 5: Dorex2007 folded before Flop (didn't bet)
Seat 6: abobora71 (button) folded before Flop (didn't bet)
Seat 7: patom73 (small blind) folded before Flop
Seat 8: rpatenau91 (big blind) folded before Flop
Seat 9: richard4848 folded before Flop (didn't bet)



PokerStars Hand #238846398568:  Hold'em No Limit ($0.02/$0.05 USD) - 2022/09/24 18:48:05 PT [2022/09/24 21:48:05 ET]
Table 'Ariadne III' 9-max Seat #7 is the button
Seat 1: ohfcampanha ($5 in chips) 
Seat 2: iglesias150 ($3.49 in chips) 
Seat 3: alan27924 ($6.17 in chips) 
Seat 4: IMP_MENT ($8.06 in chips) 
Seat 5: Dorex2007 ($5.79 in chips) 
Seat 6: abobora71 ($5.88 in chips) 
Seat 7: patom73 ($3.88 in chips) 
Seat 8: rpatenau91 ($1.31 in chips) 
Seat 9: richard4848 ($5.29 in chips) 
rpatenau91: posts small blind $0.02
richard4848: posts big blind $0.05
*** HOLE CARDS ***
Dealt to Dorex2007 [4s Ks]
ohfcampanha: folds 
iglesias150: folds 
alan27924: raises $0.05 to $0.10
IMP_MENT: calls $0.10
Dorex2007: folds 
abobora71: folds 
patom73: folds 
rpatenau91: folds 
richard4848: raises $0.35 to $0.45
alan27924: calls $0.35
IMP_MENT: folds 
*** FLOP *** [2d 4h 2h]
richard4848: bets $0.70
alan27924: folds 
Uncalled bet ($0.70) returned to richard4848
richard4848 collected $0.98 from pot
richard4848: doesn't show hand 
*** SUMMARY ***
Total pot $1.02 | Rake $0.04 
Board [2d 4h 2h]
Seat 1: ohfcampanha folded before Flop (didn't bet)
Seat 2: iglesias150 folded before Flop (didn't bet)
Seat 3: alan27924 folded on the Flop
Seat 4: IMP_MENT folded before Flop
Seat 5: Dorex2007 folded before Flop (didn't bet)
Seat 6: abobora71 folded before Flop (didn't bet)
Seat 7: patom73 (button) folded before Flop (didn't bet)
Seat 8: rpatenau91 (small blind) folded before Flop
Seat 9: richard4848 (big blind) collected ($0.98)



PokerStars Hand #238846411225:  Hold'em No Limit ($0.02/$0.05 USD) - 2022/09/24 18:49:12 PT [2022/09/24 21:49:12 ET]
Table 'Ariadne III' 9-max Seat #8 is the button
Seat 1: ohfcampanha ($5 in chips) 
Seat 2: iglesias150 ($3.49 in chips) 
Seat 3: alan27924 ($5.72 in chips) 
Seat 4: IMP_MENT ($7.96 in chips) 
Seat 5: Dorex2007 ($5.79 in chips) 
Seat 6: abobora71 ($5.88 in chips) 
Seat 7: patom73 ($3.88 in chips) 
Seat 8: rpatenau91 ($1.29 in chips) 
Seat 9: richard4848 ($5.82 in chips) 
richard4848: posts small blind $0.02
ohfcampanha: posts big blind $0.05
*** HOLE CARDS ***
Dealt to Dorex2007 [6c 8c]
iglesias150: folds 
alan27924: calls $0.05
IMP_MENT: calls $0.05
Dorex2007: folds 
abobora71: folds 
patom73: folds 
rpatenau91: folds 
richard4848: calls $0.03
ohfcampanha: checks 
*** FLOP *** [5s 3s 5h]
richard4848: checks 
ohfcampanha: checks 
alan27924: checks 
IMP_MENT: bets $0.15
richard4848: folds 
ohfcampanha: folds 
alan27924: calls $0.15
*** TURN *** [5s 3s 5h] [Qd]
alan27924: checks 
IMP_MENT: bets $0.15
alan27924: calls $0.15
*** RIVER *** [5s 3s 5h Qd] [2s]
alan27924: checks 
IMP_MENT: bets $0.15
alan27924: folds 
Uncalled bet ($0.15) returned to IMP_MENT
IMP_MENT collected $0.77 from pot
*** SUMMARY ***
Total pot $0.80 | Rake $0.03 
Board [5s 3s 5h Qd 2s]
Seat 1: ohfcampanha (big blind) folded on the Flop
Seat 2: iglesias150 folded before Flop (didn't bet)
Seat 3: alan27924 folded on the River
Seat 4: IMP_MENT collected ($0.77)
Seat 5: Dorex2007 folded before Flop (didn't bet)
Seat 6: abobora71 folded before Flop (didn't bet)
Seat 7: patom73 folded before Flop (didn't bet)
Seat 8: rpatenau91 (button) folded before Flop (didn't bet)
Seat 9: richard4848 (small blind) folded on the Flop



PokerStars Hand #238846423459:  Hold'em No Limit ($0.02/$0.05 USD) - 2022/09/24 18:50:17 PT [2022/09/24 21:50:17 ET]
Table 'Ariadne III' 9-max Seat #9 is the button
Seat 1: ohfcampanha ($5 in chips) 
Seat 2: iglesias150 ($3.49 in chips) 
Seat 3: alan27924 ($5.37 in chips) 
Seat 4: IMP_MENT ($8.38 in chips) 
Seat 5: Dorex2007 ($5.79 in chips) 
Seat 6: abobora71 ($5.88 in chips) 
Seat 7: patom73 ($3.88 in chips) 
Seat 8: rpatenau91 ($2 in chips) 
Seat 9: richard4848 ($5.77 in chips) 
ohfcampanha: posts small blind $0.02
iglesias150: posts big blind $0.05
*** HOLE CARDS ***
Dealt to Dorex2007 [Th 9d]
alan27924: calls $0.05
IMP_MENT: folds 
Dorex2007: folds 
abobora71: folds 
patom73: folds 
rpatenau91: folds 
richard4848: raises $0.10 to $0.15
ohfcampanha: folds 
iglesias150: folds 
alan27924: calls $0.10
*** FLOP *** [Kh 3h Qd]
alan27924: checks 
richard4848: checks 
*** TURN *** [Kh 3h Qd] [5d]
alan27924: checks 
richard4848: checks 
*** RIVER *** [Kh 3h Qd 5d] [Ac]
alan27924: bets $0.35
richard4848: folds 
Uncalled bet ($0.35) returned to alan27924
alan27924 collected $0.35 from pot
*** SUMMARY ***
Total pot $0.37 | Rake $0.02 
Board [Kh 3h Qd 5d Ac]
Seat 1: ohfcampanha (small blind) folded before Flop
Seat 2: iglesias150 (big blind) folded before Flop
Seat 3: alan27924 collected ($0.35)
Seat 4: IMP_MENT folded before Flop (didn't bet)
Seat 5: Dorex2007 folded before Flop (didn't bet)
Seat 6: abobora71 folded before Flop (didn't bet)
Seat 7: patom73 folded before Flop (didn't bet)
Seat 8: rpatenau91 folded before Flop (didn't bet)
Seat 9: richard4848 (button) folded on the River



PokerStars Hand #238846429680:  Hold'em No Limit ($0.02/$0.05 USD) - 2022/09/24 18:50:50 PT [2022/09/24 21:50:50 ET]
Table 'Ariadne III' 9-max Seat #1 is the button
Seat 1: ohfcampanha ($5 in chips) 
Seat 2: iglesias150 ($3.44 in chips) 
Seat 3: alan27924 ($5.57 in chips) 
Seat 4: IMP_MENT ($8.38 in chips) 
Seat 5: Dorex2007 ($5.79 in chips) 
Seat 6: abobora71 ($5.88 in chips) 
Seat 7: patom73 ($3.88 in chips) 
Seat 8: rpatenau91 ($2 in chips) 
Seat 9: richard4848 ($5.62 in chips) 
iglesias150: posts small blind $0.02
alan27924: posts big blind $0.05
*** HOLE CARDS ***
Dealt to Dorex2007 [4c Kc]
IMP_MENT: raises $0.05 to $0.10
Dorex2007: folds 
abobora71: folds 
patom73: folds 
rpatenau91: folds 
richard4848: folds 
ohfcampanha: raises $0.20 to $0.30
iglesias150: folds 
alan27924: folds 
rpatenau91 leaves the table
IMP_MENT: folds 
Uncalled bet ($0.20) returned to ohfcampanha
ohfcampanha collected $0.27 from pot
*** SUMMARY ***
Total pot $0.27 | Rake $0 
Seat 1: ohfcampanha (button) collected ($0.27)
Seat 2: iglesias150 (small blind) folded before Flop
Seat 3: alan27924 (big blind) folded before Flop
Seat 4: IMP_MENT folded before Flop
Seat 5: Dorex2007 folded before Flop (didn't bet)
Seat 6: abobora71 folded before Flop (didn't bet)
Seat 7: patom73 folded before Flop (didn't bet)
Seat 8: rpatenau91 folded before Flop (didn't bet)
Seat 9: richard4848 folded before Flop (didn't bet)



PokerStars Hand #238846432558:  Hold'em No Limit ($0.02/$0.05 USD) - 2022/09/24 18:51:06 PT [2022/09/24 21:51:06 ET]
Table 'Ariadne III' 9-max Seat #2 is the button
Seat 1: ohfcampanha ($5.17 in chips) 
Seat 2: iglesias150 ($3.42 in chips) 
Seat 3: alan27924 ($5.52 in chips) 
Seat 4: IMP_MENT ($8.28 in chips) 
Seat 5: Dorex2007 ($5.79 in chips) 
Seat 6: abobora71 ($5.88 in chips) 
Seat 7: patom73 ($3.88 in chips) 
Seat 9: richard4848 ($5.62 in chips) 
alan27924: posts small blind $0.02
IMP_MENT: posts big blind $0.05
*** HOLE CARDS ***
Dealt to Dorex2007 [7s Ad]
Dorex2007: folds 
abobora71: folds 
patom73: folds 
richard4848: folds 
JTBKEB joins the table at seat #8 
ohfcampanha: raises $0.10 to $0.15
iglesias150: folds 
alan27924: folds 
IMP_MENT: folds 
Uncalled bet ($0.10) returned to ohfcampanha
ohfcampanha collected $0.12 from pot
*** SUMMARY ***
Total pot $0.12 | Rake $0 
Seat 1: ohfcampanha collected ($0.12)
Seat 2: iglesias150 (button) folded before Flop (didn't bet)
Seat 3: alan27924 (small blind) folded before Flop
Seat 4: IMP_MENT (big blind) folded before Flop
Seat 5: Dorex2007 folded before Flop (didn't bet)
Seat 6: abobora71 folded before Flop (didn't bet)
Seat 7: patom73 folded before Flop (didn't bet)
Seat 9: richard4848 folded before Flop (didn't bet)



PokerStars Hand #238846436374:  Hold'em No Limit ($0.02/$0.05 USD) - 2022/09/24 18:51:27 PT [2022/09/24 21:51:27 ET]
Table 'Ariadne III' 9-max Seat #3 is the button
Seat 1: ohfcampanha ($5.24 in chips) 
Seat 2: iglesias150 ($3.42 in chips) 
Seat 3: alan27924 ($5.50 in chips) 
Seat 4: IMP_MENT ($8.23 in chips) 
Seat 5: Dorex2007 ($5.79 in chips) 
Seat 6: abobora71 ($5.88 in chips) 
Seat 7: patom73 ($3.88 in chips) 
Seat 9: richard4848 ($5.62 in chips) 
IMP_MENT: posts small blind $0.02
Dorex2007: posts big blind $0.05
JTBKEB: sits out 
*** HOLE CARDS ***
Dealt to Dorex2007 [Jc 6h]
abobora71: folds 
patom73: folds 
richard4848: raises $0.15 to $0.20
ohfcampanha: folds 
iglesias150: folds 
alan27924: calls $0.20
IMP_MENT: calls $0.18
Dorex2007: folds 
*** FLOP *** [Qc 3s 5s]
IMP_MENT: checks 
richard4848: bets $0.45
alan27924: calls $0.45
IMP_MENT: folds 
*** TURN *** [Qc 3s 5s] [Ts]
richard4848: checks 
alan27924: checks 
*** RIVER *** [Qc 3s 5s Ts] [Jh]
richard4848: bets $0.74
alan27924: calls $0.74
*** SHOW DOWN ***
richard4848: shows [As Qd] (a pair of Queens)
alan27924: mucks hand 
richard4848 collected $2.90 from pot
*** SUMMARY ***
Total pot $3.03 | Rake $0.13 
Board [Qc 3s 5s Ts Jh]
Seat 1: ohfcampanha folded before Flop (didn't bet)
Seat 2: iglesias150 folded before Flop (didn't bet)
Seat 3: alan27924 (button) mucked [Ah 3h]
Seat 4: IMP_MENT (small blind) folded on the Flop
Seat 5: Dorex2007 (big blind) folded before Flop
Seat 6: abobora71 folded before Flop (didn't bet)
Seat 7: patom73 folded before Flop (didn't bet)
Seat 9: richard4848 showed [As Qd] and won ($2.90) with a pair of Queens



PokerStars Hand #238846447743:  Hold'em No Limit ($0.02/$0.05 USD) - 2022/09/24 18:52:28 PT [2022/09/24 21:52:28 ET]
Table 'Ariadne III' 9-max Seat #4 is the button
Seat 1: ohfcampanha ($5.24 in chips) 
Seat 2: iglesias150 ($4.42 in chips) 
Seat 3: alan27924 ($4.11 in chips) 
Seat 4: IMP_MENT ($8.03 in chips) 
Seat 5: Dorex2007 ($5.74 in chips) 
Seat 6: abobora71 ($5.88 in chips) 
Seat 7: patom73 ($3.88 in chips) 
Seat 8: JTBKEB ($5 in chips) 
Seat 9: richard4848 ($7.13 in chips) 
Dorex2007: posts small blind $0.02
abobora71: posts big blind $0.05
JTBKEB: posts big blind $0.05
*** HOLE CARDS ***
Dealt to Dorex2007 [4s 5d]
patom73: folds 
JTBKEB: checks 
richard4848: calls $0.05
ohfcampanha: raises $0.15 to $0.20
iglesias150: folds 
alan27924: calls $0.20
IMP_MENT: calls $0.20
Dorex2007: folds 
abobora71: folds 
JTBKEB: calls $0.15
richard4848: calls $0.15
*** FLOP *** [Qh Qc Ts]
JTBKEB: checks 
richard4848: checks 
ohfcampanha: checks 
alan27924: bets $0.51
IMP_MENT: folds 
JTBKEB: calls $0.51
richard4848: folds 
ohfcampanha: folds 
*** TURN *** [Qh Qc Ts] [4c]
JTBKEB: checks 
alan27924: checks 
*** RIVER *** [Qh Qc Ts 4c] [3s]
JTBKEB: bets $1
alan27924: calls $1
*** SHOW DOWN ***
JTBKEB: shows [Tc 6d] (two pair, Queens and Tens)
alan27924: mucks hand 
JTBKEB collected $3.92 from pot
*** SUMMARY ***
Total pot $4.09 | Rake $0.17 
Board [Qh Qc Ts 4c 3s]
Seat 1: ohfcampanha folded on the Flop
Seat 2: iglesias150 folded before Flop (didn't bet)
Seat 3: alan27924 mucked [3h 2d]
Seat 4: IMP_MENT (button) folded on the Flop
Seat 5: Dorex2007 (small blind) folded before Flop
Seat 6: abobora71 (big blind) folded before Flop
Seat 7: patom73 folded before Flop (didn't bet)
Seat 8: JTBKEB showed [Tc 6d] and won ($3.92) with two pair, Queens and Tens
Seat 9: richard4848 folded on the Flop



PokerStars Hand #238846465668:  Hold'em No Limit ($0.02/$0.05 USD) - 2022/09/24 18:54:04 PT [2022/09/24 21:54:04 ET]
Table 'Ariadne III' 9-max Seat #5 is the button
Seat 1: ohfcampanha ($5.04 in chips) 
Seat 2: iglesias150 ($4.42 in chips) 
Seat 3: alan27924 ($3.29 in chips) 
Seat 4: IMP_MENT ($7.83 in chips) 
Seat 5: Dorex2007 ($5.72 in chips) 
Seat 7: patom73 ($3.88 in chips) 
Seat 8: JTBKEB ($7.21 in chips) 
Seat 9: richard4848 ($6.93 in chips) 
patom73: posts small blind $0.02
JTBKEB: posts big blind $0.05
*** HOLE CARDS ***
Dealt to Dorex2007 [4c 2s]
richard4848: folds 
ohfcampanha: folds 
iglesias150: folds 
alan27924: calls $0.05
IMP_MENT: calls $0.05
Dorex2007: folds 
patom73: folds 
JTBKEB: checks 
*** FLOP *** [9h 6s Ts]
JTBKEB: checks 
alan27924: checks 
IMP_MENT: checks 
*** TURN *** [9h 6s Ts] [3h]
JTBKEB: checks 
alan27924: bets $0.08
IMP_MENT: calls $0.08
JTBKEB: calls $0.08
*** RIVER *** [9h 6s Ts 3h] [8s]
JTBKEB: bets $0.19
alan27924: folds 
IMP_MENT: folds 
Uncalled bet ($0.19) returned to JTBKEB
JTBKEB collected $0.39 from pot
*** SUMMARY ***
Total pot $0.41 | Rake $0.02 
Board [9h 6s Ts 3h 8s]
Seat 1: ohfcampanha folded before Flop (didn't bet)
Seat 2: iglesias150 folded before Flop (didn't bet)
Seat 3: alan27924 folded on the River
Seat 4: IMP_MENT folded on the River
Seat 5: Dorex2007 (button) folded before Flop (didn't bet)
Seat 7: patom73 (small blind) folded before Flop
Seat 8: JTBKEB (big blind) collected ($0.39)
Seat 9: richard4848 folded before Flop (didn't bet)



