PokerStars Hand #237837270197:  Hold'em No Limit ($0.02/$0.05 USD) - 2022/08/06 21:29:58 PT [2022/08/07 0:29:58 ET]
Table 'Juewa III' 9-max Seat #6 is the button
Seat 1: cups00013 ($5 in chips) 
Seat 2: BlackWinegum ($3.73 in chips) 
Seat 3: Almanza63 ($6.27 in chips) 
Seat 4: Dorex2007 ($5.48 in chips) 
Seat 5: Lionel.M.R.- ($7.77 in chips) 
Seat 6: OuthitPlayer ($5.84 in chips) 
Seat 7: BUTAW701 ($10.48 in chips) 
Seat 8: TheMugger170 ($5.02 in chips) 
Seat 9: fivefivetwo ($14.07 in chips) 
BUTAW701: posts small blind $0.02
TheMugger170: posts big blind $0.05
Dorex2007: posts big blind $0.05
*** HOLE CARDS ***
Dealt to Dorex2007 [Td 9d]
fivefivetwo: raises $0.10 to $0.15
cups00013: folds 
BlackWinegum: folds 
Almanza63: folds 
Dorex2007: folds 
Lionel.M.R.-: folds 
OuthitPlayer: folds 
BUTAW701: folds 
TheMugger170: folds 
Uncalled bet ($0.10) returned to fivefivetwo
fivefivetwo collected $0.17 from pot
*** SUMMARY ***
Total pot $0.17 | Rake $0 
Seat 1: cups00013 folded before Flop (didn't bet)
Seat 2: BlackWinegum folded before Flop (didn't bet)
Seat 3: Almanza63 folded before Flop (didn't bet)
Seat 4: Dorex2007 folded before Flop (didn't bet)
Seat 5: Lionel.M.R.- folded before Flop (didn't bet)
Seat 6: OuthitPlayer (button) folded before Flop (didn't bet)
Seat 7: BUTAW701 (small blind) folded before Flop
Seat 8: TheMugger170 (big blind) folded before Flop
Seat 9: fivefivetwo collected ($0.17)



PokerStars Hand #237837274993:  Hold'em No Limit ($0.02/$0.05 USD) - 2022/08/06 21:30:34 PT [2022/08/07 0:30:34 ET]
Table 'Juewa III' 9-max Seat #7 is the button
Seat 1: cups00013 ($5 in chips) 
Seat 2: BlackWinegum ($3.73 in chips) 
Seat 3: Almanza63 ($6.27 in chips) 
Seat 4: Dorex2007 ($5.43 in chips) 
Seat 5: Lionel.M.R.- ($7.77 in chips) 
Seat 6: OuthitPlayer ($5.84 in chips) 
Seat 7: BUTAW701 ($10.46 in chips) 
Seat 8: TheMugger170 ($4.97 in chips) 
Seat 9: fivefivetwo ($14.19 in chips) 
TheMugger170: posts small blind $0.02
fivefivetwo: posts big blind $0.05
*** HOLE CARDS ***
Dealt to Dorex2007 [2d 7c]
cups00013: raises $0.10 to $0.15
BlackWinegum: folds 
Almanza63: folds 
Dorex2007: folds 
Lionel.M.R.-: folds 
OuthitPlayer: folds 
BUTAW701: calls $0.15
TheMugger170: folds 
fivefivetwo: calls $0.10
*** FLOP *** [Qs 9d Th]
fivefivetwo: checks 
cups00013: bets $0.22
BUTAW701: calls $0.22
fivefivetwo: folds 
*** TURN *** [Qs 9d Th] [6d]
cups00013: checks 
BUTAW701: checks 
*** RIVER *** [Qs 9d Th 6d] [7d]
cups00013: checks 
BUTAW701: bets $0.50
cups00013: calls $0.50
*** SHOW DOWN ***
BUTAW701: shows [Qh 8h] (a straight, Six to Ten)
cups00013: mucks hand 
BUTAW701 collected $1.83 from pot
*** SUMMARY ***
Total pot $1.91 | Rake $0.08 
Board [Qs 9d Th 6d 7d]
Seat 1: cups00013 mucked [Qc As]
Seat 2: BlackWinegum folded before Flop (didn't bet)
Seat 3: Almanza63 folded before Flop (didn't bet)
Seat 4: Dorex2007 folded before Flop (didn't bet)
Seat 5: Lionel.M.R.- folded before Flop (didn't bet)
Seat 6: OuthitPlayer folded before Flop (didn't bet)
Seat 7: BUTAW701 (button) showed [Qh 8h] and won ($1.83) with a straight, Six to Ten
Seat 8: TheMugger170 (small blind) folded before Flop
Seat 9: fivefivetwo (big blind) folded on the Flop



PokerStars Hand #237837287683:  Hold'em No Limit ($0.02/$0.05 USD) - 2022/08/06 21:32:08 PT [2022/08/07 0:32:08 ET]
Table 'Juewa III' 9-max Seat #8 is the button
Seat 1: cups00013 ($5 in chips) 
Seat 2: BlackWinegum ($3.73 in chips) 
Seat 3: Almanza63 ($6.27 in chips) 
Seat 4: Dorex2007 ($5.43 in chips) 
Seat 5: Lionel.M.R.- ($7.77 in chips) 
Seat 6: OuthitPlayer ($5.84 in chips) 
Seat 7: BUTAW701 ($11.42 in chips) 
Seat 8: TheMugger170 ($4.95 in chips) 
Seat 9: fivefivetwo ($14.04 in chips) 
fivefivetwo: posts small blind $0.02
cups00013: posts big blind $0.05
*** HOLE CARDS ***
Dealt to Dorex2007 [7d 3s]
BlackWinegum: folds 
Almanza63: folds 
Dorex2007: folds 
Lionel.M.R.-: calls $0.05
OuthitPlayer: raises $0.20 to $0.25
BUTAW701: folds 
TheMugger170: calls $0.25
fivefivetwo: calls $0.23
cups00013: calls $0.20
Lionel.M.R.-: folds 
*** FLOP *** [7s Kd 5h]
fivefivetwo: checks 
cups00013: checks 
OuthitPlayer: bets $0.55
TheMugger170: folds 
fivefivetwo: calls $0.55
cups00013: folds 
*** TURN *** [7s Kd 5h] [Ts]
fivefivetwo: checks 
OuthitPlayer: bets $1.20
fivefivetwo: folds 
Uncalled bet ($1.20) returned to OuthitPlayer
OuthitPlayer collected $2.06 from pot
OuthitPlayer: doesn't show hand 
*** SUMMARY ***
Total pot $2.15 | Rake $0.09 
Board [7s Kd 5h Ts]
Seat 1: cups00013 (big blind) folded on the Flop
Seat 2: BlackWinegum folded before Flop (didn't bet)
Seat 3: Almanza63 folded before Flop (didn't bet)
Seat 4: Dorex2007 folded before Flop (didn't bet)
Seat 5: Lionel.M.R.- folded before Flop
Seat 6: OuthitPlayer collected ($2.06)
Seat 7: BUTAW701 folded before Flop (didn't bet)
Seat 8: TheMugger170 (button) folded on the Flop
Seat 9: fivefivetwo (small blind) folded on the Turn



PokerStars Hand #237837297381:  Hold'em No Limit ($0.02/$0.05 USD) - 2022/08/06 21:33:22 PT [2022/08/07 0:33:22 ET]
Table 'Juewa III' 9-max Seat #9 is the button
Seat 1: cups00013 ($5 in chips) 
Seat 2: BlackWinegum ($3.73 in chips) 
Seat 3: Almanza63 ($6.27 in chips) 
Seat 4: Dorex2007 ($5.43 in chips) 
Seat 5: Lionel.M.R.- ($7.72 in chips) 
Seat 6: OuthitPlayer ($7.10 in chips) 
Seat 7: BUTAW701 ($11.42 in chips) 
Seat 8: TheMugger170 ($4.70 in chips) 
Seat 9: fivefivetwo ($13.24 in chips) 
cups00013: posts small blind $0.02
BlackWinegum: posts big blind $0.05
*** HOLE CARDS ***
Dealt to Dorex2007 [6h 2d]
Almanza63: folds 
Dorex2007: folds 
Lionel.M.R.-: folds 
OuthitPlayer: folds 
BUTAW701: folds 
TheMugger170: folds 
fivefivetwo: calls $0.05
cups00013: raises $0.15 to $0.20
BlackWinegum: folds 
fivefivetwo: calls $0.15
*** FLOP *** [4c 2c Ah]
cups00013: bets $0.21
fivefivetwo: calls $0.21
*** TURN *** [4c 2c Ah] [Jd]
cups00013: bets $0.41
fivefivetwo: calls $0.41
*** RIVER *** [4c 2c Ah Jd] [Qc]
cups00013: checks 
fivefivetwo: bets $1.62
cups00013: folds 
Uncalled bet ($1.62) returned to fivefivetwo
fivefivetwo collected $1.62 from pot
*** SUMMARY ***
Total pot $1.69 | Rake $0.07 
Board [4c 2c Ah Jd Qc]
Seat 1: cups00013 (small blind) folded on the River
Seat 2: BlackWinegum (big blind) folded before Flop
Seat 3: Almanza63 folded before Flop (didn't bet)
Seat 4: Dorex2007 folded before Flop (didn't bet)
Seat 5: Lionel.M.R.- folded before Flop (didn't bet)
Seat 6: OuthitPlayer folded before Flop (didn't bet)
Seat 7: BUTAW701 folded before Flop (didn't bet)
Seat 8: TheMugger170 folded before Flop (didn't bet)
Seat 9: fivefivetwo (button) collected ($1.62)



PokerStars Hand #237837304488:  Hold'em No Limit ($0.02/$0.05 USD) - 2022/08/06 21:34:15 PT [2022/08/07 0:34:15 ET]
Table 'Juewa III' 9-max Seat #1 is the button
Seat 1: cups00013 ($5 in chips) 
Seat 2: BlackWinegum ($3.68 in chips) 
Seat 3: Almanza63 ($6.27 in chips) 
Seat 4: Dorex2007 ($5.43 in chips) 
Seat 5: Lionel.M.R.- ($7.72 in chips) 
Seat 6: OuthitPlayer ($7.10 in chips) 
Seat 7: BUTAW701 ($11.42 in chips) 
Seat 8: TheMugger170 ($4.70 in chips) 
Seat 9: fivefivetwo ($14.04 in chips) 
BlackWinegum: posts small blind $0.02
Almanza63: posts big blind $0.05
*** HOLE CARDS ***
Dealt to Dorex2007 [2c Kh]
Dorex2007: folds 
Lionel.M.R.-: calls $0.05
OuthitPlayer: folds 
BUTAW701: folds 
TheMugger170: folds 
fivefivetwo: calls $0.05
cups00013: folds 
BlackWinegum: folds 
Almanza63: checks 
*** FLOP *** [Ts 7s 2d]
Almanza63: bets $0.10
Lionel.M.R.-: calls $0.10
fivefivetwo: folds 
*** TURN *** [Ts 7s 2d] [8s]
Almanza63: bets $0.23
Lionel.M.R.-: calls $0.23
*** RIVER *** [Ts 7s 2d 8s] [Th]
Almanza63: checks 
Lionel.M.R.-: bets $0.40
Almanza63: calls $0.40
*** SHOW DOWN ***
Lionel.M.R.-: shows [9d 6d] (a straight, Six to Ten)
Almanza63: mucks hand 
Lionel.M.R.- collected $1.56 from pot
*** SUMMARY ***
Total pot $1.63 | Rake $0.07 
Board [Ts 7s 2d 8s Th]
Seat 1: cups00013 (button) folded before Flop (didn't bet)
Seat 2: BlackWinegum (small blind) folded before Flop
Seat 3: Almanza63 (big blind) mucked [Kd Tc]
Seat 4: Dorex2007 folded before Flop (didn't bet)
Seat 5: Lionel.M.R.- showed [9d 6d] and won ($1.56) with a straight, Six to Ten
Seat 6: OuthitPlayer folded before Flop (didn't bet)
Seat 7: BUTAW701 folded before Flop (didn't bet)
Seat 8: TheMugger170 folded before Flop (didn't bet)
Seat 9: fivefivetwo folded on the Flop



PokerStars Hand #237837311891:  Hold'em No Limit ($0.02/$0.05 USD) - 2022/08/06 21:35:11 PT [2022/08/07 0:35:11 ET]
Table 'Juewa III' 9-max Seat #2 is the button
Seat 1: cups00013 ($5 in chips) 
Seat 2: BlackWinegum ($3.66 in chips) 
Seat 3: Almanza63 ($5.49 in chips) 
Seat 4: Dorex2007 ($5.43 in chips) 
Seat 5: Lionel.M.R.- ($8.50 in chips) 
Seat 6: OuthitPlayer ($7.10 in chips) 
Seat 7: BUTAW701 ($11.42 in chips) 
Seat 8: TheMugger170 ($4.70 in chips) 
Seat 9: fivefivetwo ($13.99 in chips) 
Almanza63: posts small blind $0.02
Dorex2007: posts big blind $0.05
*** HOLE CARDS ***
Dealt to Dorex2007 [3c Qs]
Lionel.M.R.-: folds 
OuthitPlayer: folds 
BUTAW701: folds 
TheMugger170: raises $0.10 to $0.15
fivefivetwo: calls $0.15
cups00013: folds 
BlackWinegum: folds 
Almanza63: folds 
Dorex2007: folds 
*** FLOP *** [Jd Ah 9s]
TheMugger170: checks 
fivefivetwo: checks 
*** TURN *** [Jd Ah 9s] [Tc]
TheMugger170: bets $0.15
fivefivetwo: calls $0.15
*** RIVER *** [Jd Ah 9s Tc] [Qd]
TheMugger170: bets $0.32
fivefivetwo: calls $0.32
*** SHOW DOWN ***
TheMugger170: shows [Ac 8s] (a straight, Eight to Queen)
fivefivetwo: mucks hand 
TheMugger170 collected $1.26 from pot
*** SUMMARY ***
Total pot $1.31 | Rake $0.05 
Board [Jd Ah 9s Tc Qd]
Seat 1: cups00013 folded before Flop (didn't bet)
Seat 2: BlackWinegum (button) folded before Flop (didn't bet)
Seat 3: Almanza63 (small blind) folded before Flop
Seat 4: Dorex2007 (big blind) folded before Flop
Seat 5: Lionel.M.R.- folded before Flop (didn't bet)
Seat 6: OuthitPlayer folded before Flop (didn't bet)
Seat 7: BUTAW701 folded before Flop (didn't bet)
Seat 8: TheMugger170 showed [Ac 8s] and won ($1.26) with a straight, Eight to Queen
Seat 9: fivefivetwo mucked [Ad 9d]



PokerStars Hand #237837319146:  Hold'em No Limit ($0.02/$0.05 USD) - 2022/08/06 21:36:04 PT [2022/08/07 0:36:04 ET]
Table 'Juewa III' 9-max Seat #3 is the button
Seat 1: cups00013 ($5 in chips) 
Seat 2: BlackWinegum ($3.66 in chips) 
Seat 3: Almanza63 ($5.47 in chips) 
Seat 4: Dorex2007 ($5.38 in chips) 
Seat 5: Lionel.M.R.- ($8.50 in chips) 
Seat 6: OuthitPlayer ($7.10 in chips) 
Seat 7: BUTAW701 ($11.42 in chips) 
Seat 8: TheMugger170 ($5.34 in chips) 
Seat 9: fivefivetwo ($13.37 in chips) 
Dorex2007: posts small blind $0.02
Lionel.M.R.-: posts big blind $0.05
*** HOLE CARDS ***
Dealt to Dorex2007 [6h 4h]
OuthitPlayer: raises $0.10 to $0.15
BUTAW701: calls $0.15
TheMugger170: calls $0.15
fivefivetwo: calls $0.15
cups00013: folds 
BlackWinegum: folds 
Almanza63: folds 
Dorex2007: folds 
Lionel.M.R.-: calls $0.10
*** FLOP *** [5d Kh Qh]
Lionel.M.R.-: checks 
OuthitPlayer: bets $0.57
BUTAW701: folds 
TheMugger170: folds 
fivefivetwo: folds 
Lionel.M.R.-: folds [5s]
Uncalled bet ($0.57) returned to OuthitPlayer
OuthitPlayer collected $0.74 from pot
OuthitPlayer: doesn't show hand 
*** SUMMARY ***
Total pot $0.77 | Rake $0.03 
Board [5d Kh Qh]
Seat 1: cups00013 folded before Flop (didn't bet)
Seat 2: BlackWinegum folded before Flop (didn't bet)
Seat 3: Almanza63 (button) folded before Flop (didn't bet)
Seat 4: Dorex2007 (small blind) folded before Flop
Seat 5: Lionel.M.R.- (big blind) folded on the Flop
Seat 6: OuthitPlayer collected ($0.74)
Seat 7: BUTAW701 folded on the Flop
Seat 8: TheMugger170 folded on the Flop
Seat 9: fivefivetwo folded on the Flop



PokerStars Hand #237837326093:  Hold'em No Limit ($0.02/$0.05 USD) - 2022/08/06 21:36:56 PT [2022/08/07 0:36:56 ET]
Table 'Juewa III' 9-max Seat #4 is the button
Seat 1: cups00013 ($5 in chips) 
Seat 2: BlackWinegum ($3.66 in chips) 
Seat 3: Almanza63 ($5.47 in chips) 
Seat 4: Dorex2007 ($5.36 in chips) 
Seat 5: Lionel.M.R.- ($8.35 in chips) 
Seat 6: OuthitPlayer ($7.69 in chips) 
Seat 7: BUTAW701 ($11.27 in chips) 
Seat 8: TheMugger170 ($5.19 in chips) 
Seat 9: fivefivetwo ($13.22 in chips) 
Lionel.M.R.-: posts small blind $0.02
OuthitPlayer: posts big blind $0.05
*** HOLE CARDS ***
Dealt to Dorex2007 [6d Jd]
BUTAW701: folds 
TheMugger170: folds 
fivefivetwo: calls $0.05
cups00013: folds 
BlackWinegum: folds 
Almanza63: folds 
Dorex2007: folds 
Lionel.M.R.-: calls $0.03
OuthitPlayer: checks 
*** FLOP *** [Ts 9c 3c]
Lionel.M.R.-: bets $0.10
OuthitPlayer: calls $0.10
fivefivetwo: calls $0.10
*** TURN *** [Ts 9c 3c] [Qc]
Lionel.M.R.-: bets $0.10
OuthitPlayer: calls $0.10
fivefivetwo: calls $0.10
*** RIVER *** [Ts 9c 3c Qc] [3d]
Lionel.M.R.-: bets $0.10
OuthitPlayer: folds 
fivefivetwo: calls $0.10
*** SHOW DOWN ***
Lionel.M.R.-: shows [As 9s] (two pair, Nines and Threes)
fivefivetwo: mucks hand 
Lionel.M.R.- collected $0.91 from pot
*** SUMMARY ***
Total pot $0.95 | Rake $0.04 
Board [Ts 9c 3c Qc 3d]
Seat 1: cups00013 folded before Flop (didn't bet)
Seat 2: BlackWinegum folded before Flop (didn't bet)
Seat 3: Almanza63 folded before Flop (didn't bet)
Seat 4: Dorex2007 (button) folded before Flop (didn't bet)
Seat 5: Lionel.M.R.- (small blind) showed [As 9s] and won ($0.91) with two pair, Nines and Threes
Seat 6: OuthitPlayer (big blind) folded on the River
Seat 7: BUTAW701 folded before Flop (didn't bet)
Seat 8: TheMugger170 folded before Flop (didn't bet)
Seat 9: fivefivetwo mucked [5s 5h]



PokerStars Hand #237837335352:  Hold'em No Limit ($0.02/$0.05 USD) - 2022/08/06 21:38:06 PT [2022/08/07 0:38:06 ET]
Table 'Juewa III' 9-max Seat #5 is the button
Seat 1: cups00013 ($5 in chips) 
Seat 2: BlackWinegum ($3.66 in chips) 
Seat 3: Almanza63 ($5.47 in chips) 
Seat 4: Dorex2007 ($5.36 in chips) 
Seat 5: Lionel.M.R.- ($8.91 in chips) 
Seat 6: OuthitPlayer ($7.44 in chips) 
Seat 7: BUTAW701 ($11.27 in chips) 
Seat 8: TheMugger170 ($5.19 in chips) 
Seat 9: fivefivetwo ($12.87 in chips) 
OuthitPlayer: posts small blind $0.02
BUTAW701: posts big blind $0.05
*** HOLE CARDS ***
Dealt to Dorex2007 [4c As]
TheMugger170: folds 
fivefivetwo: calls $0.05
cups00013: folds 
BlackWinegum: folds 
Almanza63: raises $0.10 to $0.15
Dorex2007: folds 
Lionel.M.R.-: calls $0.15
OuthitPlayer: folds 
BUTAW701: calls $0.10
fivefivetwo: calls $0.10
*** FLOP *** [7h 2h 3s]
BUTAW701: checks 
fivefivetwo: checks 
Almanza63: checks 
Lionel.M.R.-: checks 
*** TURN *** [7h 2h 3s] [7d]
BUTAW701: checks 
fivefivetwo: checks 
Almanza63: checks 
Lionel.M.R.-: checks 
*** RIVER *** [7h 2h 3s 7d] [Qd]
BUTAW701: checks 
fivefivetwo: checks 
Almanza63: bets $0.39
Lionel.M.R.-: calls $0.39
BUTAW701: folds 
fivefivetwo: folds 
*** SHOW DOWN ***
Almanza63: shows [Qs Jd] (two pair, Queens and Sevens)
Lionel.M.R.-: mucks hand 
Almanza63 collected $1.34 from pot
*** SUMMARY ***
Total pot $1.40 | Rake $0.06 
Board [7h 2h 3s 7d Qd]
Seat 1: cups00013 folded before Flop (didn't bet)
Seat 2: BlackWinegum folded before Flop (didn't bet)
Seat 3: Almanza63 showed [Qs Jd] and won ($1.34) with two pair, Queens and Sevens
Seat 4: Dorex2007 folded before Flop (didn't bet)
Seat 5: Lionel.M.R.- (button) mucked [Qh 9c]
Seat 6: OuthitPlayer (small blind) folded before Flop
Seat 7: BUTAW701 (big blind) folded on the River
Seat 8: TheMugger170 folded before Flop (didn't bet)
Seat 9: fivefivetwo folded on the River



PokerStars Hand #237837347420:  Hold'em No Limit ($0.02/$0.05 USD) - 2022/08/06 21:39:37 PT [2022/08/07 0:39:37 ET]
Table 'Juewa III' 9-max Seat #6 is the button
Seat 1: cups00013 ($5 in chips) 
Seat 2: BlackWinegum ($3.66 in chips) 
Seat 3: Almanza63 ($6.27 in chips) 
Seat 4: Dorex2007 ($5.36 in chips) 
Seat 5: Lionel.M.R.- ($8.37 in chips) 
Seat 6: OuthitPlayer ($7.42 in chips) 
Seat 7: BUTAW701 ($11.12 in chips) 
Seat 8: TheMugger170 ($5.19 in chips) 
Seat 9: fivefivetwo ($12.72 in chips) 
BUTAW701: posts small blind $0.02
TheMugger170: posts big blind $0.05
*** HOLE CARDS ***
Dealt to Dorex2007 [6s 5h]
fivefivetwo: folds 
cups00013: folds 
BlackWinegum: folds 
Almanza63: folds 
Dorex2007: folds 
Lionel.M.R.-: calls $0.05
OuthitPlayer: folds 
BUTAW701: folds 
TheMugger170: checks 
*** FLOP *** [Kd Kh As]
TheMugger170: checks 
Lionel.M.R.-: bets $0.10
TheMugger170: folds 
Uncalled bet ($0.10) returned to Lionel.M.R.-
Lionel.M.R.- collected $0.12 from pot
Lionel.M.R.-: doesn't show hand 
*** SUMMARY ***
Total pot $0.12 | Rake $0 
Board [Kd Kh As]
Seat 1: cups00013 folded before Flop (didn't bet)
Seat 2: BlackWinegum folded before Flop (didn't bet)
Seat 3: Almanza63 folded before Flop (didn't bet)
Seat 4: Dorex2007 folded before Flop (didn't bet)
Seat 5: Lionel.M.R.- collected ($0.12)
Seat 6: OuthitPlayer (button) folded before Flop (didn't bet)
Seat 7: BUTAW701 (small blind) folded before Flop
Seat 8: TheMugger170 (big blind) folded on the Flop
Seat 9: fivefivetwo folded before Flop (didn't bet)



PokerStars Hand #237837351124:  Hold'em No Limit ($0.02/$0.05 USD) - 2022/08/06 21:40:04 PT [2022/08/07 0:40:04 ET]
Table 'Juewa III' 9-max Seat #7 is the button
Seat 1: cups00013 ($5 in chips) 
Seat 2: BlackWinegum ($3.66 in chips) 
Seat 3: Almanza63 ($6.27 in chips) 
Seat 4: Dorex2007 ($5.36 in chips) 
Seat 5: Lionel.M.R.- ($8.44 in chips) 
Seat 6: OuthitPlayer ($7.42 in chips) 
Seat 7: BUTAW701 ($11.10 in chips) 
Seat 8: TheMugger170 ($5.14 in chips) 
Seat 9: fivefivetwo ($12.72 in chips) 
TheMugger170: posts small blind $0.02
fivefivetwo: posts big blind $0.05
*** HOLE CARDS ***
Dealt to Dorex2007 [5h Ac]
cups00013: folds 
BlackWinegum: folds 
Almanza63: folds 
Dorex2007: folds 
Lionel.M.R.-: calls $0.05
OuthitPlayer: folds 
BUTAW701: calls $0.05
TheMugger170: folds 
fivefivetwo: checks 
*** FLOP *** [3d 3h 2c]
fivefivetwo: checks 
Lionel.M.R.-: bets $0.05
BUTAW701: folds 
fivefivetwo: folds 
Uncalled bet ($0.05) returned to Lionel.M.R.-
Lionel.M.R.- collected $0.16 from pot
Lionel.M.R.-: doesn't show hand 
*** SUMMARY ***
Total pot $0.17 | Rake $0.01 
Board [3d 3h 2c]
Seat 1: cups00013 folded before Flop (didn't bet)
Seat 2: BlackWinegum folded before Flop (didn't bet)
Seat 3: Almanza63 folded before Flop (didn't bet)
Seat 4: Dorex2007 folded before Flop (didn't bet)
Seat 5: Lionel.M.R.- collected ($0.16)
Seat 6: OuthitPlayer folded before Flop (didn't bet)
Seat 7: BUTAW701 (button) folded on the Flop
Seat 8: TheMugger170 (small blind) folded before Flop
Seat 9: fivefivetwo (big blind) folded on the Flop



PokerStars Hand #237837363202:  Hold'em No Limit ($0.02/$0.05 USD) - 2022/08/06 21:40:36 PT [2022/08/07 0:40:36 ET]
Table 'Juewa III' 9-max Seat #8 is the button
Seat 1: cups00013 ($5 in chips) 
Seat 2: BlackWinegum ($3.66 in chips) 
Seat 3: Almanza63 ($6.27 in chips) 
Seat 4: Dorex2007 ($5.36 in chips) 
Seat 5: Lionel.M.R.- ($8.55 in chips) 
Seat 6: OuthitPlayer ($7.42 in chips) 
Seat 7: BUTAW701 ($11.05 in chips) 
Seat 8: TheMugger170 ($5.12 in chips) 
Seat 9: fivefivetwo ($12.67 in chips) 
fivefivetwo: posts small blind $0.02
cups00013: posts big blind $0.05
*** HOLE CARDS ***
Dealt to Dorex2007 [6d 8h]
BlackWinegum: folds 
Almanza63: folds 
Dorex2007: folds 
Lionel.M.R.-: folds 
OuthitPlayer: folds 
BUTAW701: folds 
TheMugger170: raises $0.10 to $0.15
fivefivetwo: calls $0.13
cups00013: folds 
*** FLOP *** [5d 9h Kc]
fivefivetwo: checks 
TheMugger170: bets $0.10
fivefivetwo: folds 
Uncalled bet ($0.10) returned to TheMugger170
TheMugger170 collected $0.34 from pot
TheMugger170: doesn't show hand 
*** SUMMARY ***
Total pot $0.35 | Rake $0.01 
Board [5d 9h Kc]
Seat 1: cups00013 (big blind) folded before Flop
Seat 2: BlackWinegum folded before Flop (didn't bet)
Seat 3: Almanza63 folded before Flop (didn't bet)
Seat 4: Dorex2007 folded before Flop (didn't bet)
Seat 5: Lionel.M.R.- folded before Flop (didn't bet)
Seat 6: OuthitPlayer folded before Flop (didn't bet)
Seat 7: BUTAW701 folded before Flop (didn't bet)
Seat 8: TheMugger170 (button) collected ($0.34)
Seat 9: fivefivetwo (small blind) folded on the Flop



PokerStars Hand #237837370204:  Hold'em No Limit ($0.02/$0.05 USD) - 2022/08/06 21:41:29 PT [2022/08/07 0:41:29 ET]
Table 'Juewa III' 9-max Seat #9 is the button
Seat 1: cups00013 ($5 in chips) 
Seat 2: BlackWinegum ($3.66 in chips) 
Seat 3: Almanza63 ($6.27 in chips) 
Seat 4: Dorex2007 ($5.36 in chips) 
Seat 5: Lionel.M.R.- ($8.55 in chips) 
Seat 6: OuthitPlayer ($7.42 in chips) 
Seat 7: BUTAW701 ($11.05 in chips) 
Seat 8: TheMugger170 ($5.31 in chips) 
Seat 9: fivefivetwo ($12.52 in chips) 
cups00013: posts small blind $0.02
BlackWinegum: posts big blind $0.05
*** HOLE CARDS ***
Dealt to Dorex2007 [Qc Jc]
Almanza63: folds 
Dorex2007: raises $0.05 to $0.10
Lionel.M.R.-: calls $0.10
OuthitPlayer: folds 
BUTAW701: calls $0.10
TheMugger170: calls $0.10
fivefivetwo: folds 
cups00013: folds 
BlackWinegum: folds 
*** FLOP *** [4h 5s Ah]
Dorex2007: checks 
Lionel.M.R.-: bets $0.05
BUTAW701: folds 
TheMugger170: raises $0.20 to $0.25
Dorex2007: folds 
Lionel.M.R.-: calls $0.20
*** TURN *** [4h 5s Ah] [6h]
Lionel.M.R.-: bets $0.20
TheMugger170: calls $0.20
*** RIVER *** [4h 5s Ah 6h] [7h]
Lionel.M.R.-: checks 
TheMugger170: checks 
*** SHOW DOWN ***
Lionel.M.R.-: shows [4c 6c] (two pair, Sixes and Fours)
TheMugger170: shows [7s Ac] (two pair, Aces and Sevens)
TheMugger170 collected $1.31 from pot
*** SUMMARY ***
Total pot $1.37 | Rake $0.06 
Board [4h 5s Ah 6h 7h]
Seat 1: cups00013 (small blind) folded before Flop
Seat 2: BlackWinegum (big blind) folded before Flop
Seat 3: Almanza63 folded before Flop (didn't bet)
Seat 4: Dorex2007 folded on the Flop
Seat 5: Lionel.M.R.- showed [4c 6c] and lost with two pair, Sixes and Fours
Seat 6: OuthitPlayer folded before Flop (didn't bet)
Seat 7: BUTAW701 folded on the Flop
Seat 8: TheMugger170 showed [7s Ac] and won ($1.31) with two pair, Aces and Sevens
Seat 9: fivefivetwo (button) folded before Flop (didn't bet)



PokerStars Hand #237837384673:  Hold'em No Limit ($0.02/$0.05 USD) - 2022/08/06 21:43:19 PT [2022/08/07 0:43:19 ET]
Table 'Juewa III' 9-max Seat #1 is the button
Seat 1: cups00013 ($5 in chips) 
Seat 2: BlackWinegum ($5 in chips) 
Seat 3: Almanza63 ($6.27 in chips) 
Seat 4: Dorex2007 ($5.26 in chips) 
Seat 5: Lionel.M.R.- ($8 in chips) 
Seat 6: OuthitPlayer ($7.42 in chips) 
Seat 7: BUTAW701 ($10.95 in chips) 
Seat 8: TheMugger170 ($6.07 in chips) 
Seat 9: fivefivetwo ($12.52 in chips) 
BlackWinegum: posts small blind $0.02
Almanza63: posts big blind $0.05
*** HOLE CARDS ***
Dealt to Dorex2007 [9d Jh]
Dorex2007: folds 
Lionel.M.R.-: folds 
OuthitPlayer: folds 
BUTAW701: folds 
TheMugger170: folds 
fivefivetwo: calls $0.05
cups00013: folds 
BlackWinegum: folds 
Almanza63: checks 
*** FLOP *** [5c Qs 8d]
Almanza63: checks 
fivefivetwo: checks 
*** TURN *** [5c Qs 8d] [9c]
Almanza63: checks 
fivefivetwo: bets $0.12
Almanza63: folds 
Uncalled bet ($0.12) returned to fivefivetwo
fivefivetwo collected $0.12 from pot
*** SUMMARY ***
Total pot $0.12 | Rake $0 
Board [5c Qs 8d 9c]
Seat 1: cups00013 (button) folded before Flop (didn't bet)
Seat 2: BlackWinegum (small blind) folded before Flop
Seat 3: Almanza63 (big blind) folded on the Turn
Seat 4: Dorex2007 folded before Flop (didn't bet)
Seat 5: Lionel.M.R.- folded before Flop (didn't bet)
Seat 6: OuthitPlayer folded before Flop (didn't bet)
Seat 7: BUTAW701 folded before Flop (didn't bet)
Seat 8: TheMugger170 folded before Flop (didn't bet)
Seat 9: fivefivetwo collected ($0.12)



PokerStars Hand #237837389520:  Hold'em No Limit ($0.02/$0.05 USD) - 2022/08/06 21:43:56 PT [2022/08/07 0:43:56 ET]
Table 'Juewa III' 9-max Seat #2 is the button
Seat 1: cups00013 ($5 in chips) 
Seat 2: BlackWinegum ($4.98 in chips) 
Seat 3: Almanza63 ($6.22 in chips) 
Seat 4: Dorex2007 ($5.26 in chips) 
Seat 5: Lionel.M.R.- ($8 in chips) 
Seat 6: OuthitPlayer ($7.42 in chips) 
Seat 7: BUTAW701 ($10.95 in chips) 
Seat 8: TheMugger170 ($6.07 in chips) 
Seat 9: fivefivetwo ($12.59 in chips) 
Almanza63: posts small blind $0.02
Dorex2007: posts big blind $0.05
*** HOLE CARDS ***
Dealt to Dorex2007 [2c 5c]
Lionel.M.R.-: folds 
OuthitPlayer: raises $0.05 to $0.10
BUTAW701: folds 
TheMugger170: folds 
fivefivetwo: calls $0.10
Lionel.M.R.- leaves the table
cups00013: calls $0.10
BlackWinegum: folds 
dini1969 joins the table at seat #5 
Almanza63: folds 
Dorex2007: folds 
*** FLOP *** [2h Th 6s]
OuthitPlayer: checks 
fivefivetwo: checks 
cups00013: checks 
*** TURN *** [2h Th 6s] [7h]
OuthitPlayer: checks 
fivefivetwo: checks 
cups00013: checks 
*** RIVER *** [2h Th 6s 7h] [Qh]
OuthitPlayer: checks 
fivefivetwo: checks 
cups00013: bets $0.05
OuthitPlayer: folds 
fivefivetwo: folds 
Uncalled bet ($0.05) returned to cups00013
cups00013 collected $0.35 from pot
cups00013: doesn't show hand 
*** SUMMARY ***
Total pot $0.37 | Rake $0.02 
Board [2h Th 6s 7h Qh]
Seat 1: cups00013 collected ($0.35)
Seat 2: BlackWinegum (button) folded before Flop (didn't bet)
Seat 3: Almanza63 (small blind) folded before Flop
Seat 4: Dorex2007 (big blind) folded before Flop
Seat 5: Lionel.M.R.- folded before Flop (didn't bet)
Seat 6: OuthitPlayer folded on the River
Seat 7: BUTAW701 folded before Flop (didn't bet)
Seat 8: TheMugger170 folded before Flop (didn't bet)
Seat 9: fivefivetwo folded on the River



PokerStars Hand #237837395218:  Hold'em No Limit ($0.02/$0.05 USD) - 2022/08/06 21:44:40 PT [2022/08/07 0:44:40 ET]
Table 'Juewa III' 9-max Seat #3 is the button
Seat 1: cups00013 ($5.25 in chips) 
Seat 2: BlackWinegum ($4.98 in chips) 
Seat 3: Almanza63 ($6.20 in chips) 
Seat 4: Dorex2007 ($5.21 in chips) 
Seat 5: dini1969 ($4 in chips) 
Seat 6: OuthitPlayer ($7.32 in chips) 
Seat 7: BUTAW701 ($10.95 in chips) 
Seat 8: TheMugger170 ($6.07 in chips) 
Seat 9: fivefivetwo ($12.49 in chips) 
Dorex2007: posts small blind $0.02
dini1969: posts big blind $0.05
*** HOLE CARDS ***
Dealt to Dorex2007 [7c Js]
OuthitPlayer: raises $0.05 to $0.10
BUTAW701: folds 
TheMugger170: calls $0.10
fivefivetwo: folds 
cups00013: folds 
BlackWinegum: folds 
Almanza63: folds 
Dorex2007: folds 
dini1969: calls $0.05
*** FLOP *** [8h 9h 3s]
dini1969: checks 
OuthitPlayer: checks 
TheMugger170: checks 
*** TURN *** [8h 9h 3s] [5c]
BUTAW701 leaves the table
dini1969: bets $0.31
OuthitPlayer: folds 
TheMugger170: calls $0.31
*** RIVER *** [8h 9h 3s 5c] [4c]
dini1969: bets $0.90
TheMugger170: folds 
Uncalled bet ($0.90) returned to dini1969
dini1969 collected $0.90 from pot
*** SUMMARY ***
Total pot $0.94 | Rake $0.04 
Board [8h 9h 3s 5c 4c]
Seat 1: cups00013 folded before Flop (didn't bet)
Seat 2: BlackWinegum folded before Flop (didn't bet)
Seat 3: Almanza63 (button) folded before Flop (didn't bet)
Seat 4: Dorex2007 (small blind) folded before Flop
Seat 5: dini1969 (big blind) collected ($0.90)
Seat 6: OuthitPlayer folded on the Turn
Seat 7: BUTAW701 folded before Flop (didn't bet)
Seat 8: TheMugger170 folded on the River
Seat 9: fivefivetwo folded before Flop (didn't bet)



PokerStars Hand #237837403262:  Hold'em No Limit ($0.02/$0.05 USD) - 2022/08/06 21:45:42 PT [2022/08/07 0:45:42 ET]
Table 'Juewa III' 9-max Seat #4 is the button
Seat 1: cups00013 ($5.25 in chips) 
Seat 2: BlackWinegum ($4.98 in chips) 
Seat 3: Almanza63 ($6.20 in chips) 
Seat 4: Dorex2007 ($5.19 in chips) 
Seat 5: dini1969 ($4.49 in chips) 
Seat 8: TheMugger170 ($5.66 in chips) 
Seat 9: fivefivetwo ($12.49 in chips) 
dini1969: posts small blind $0.02
OuthitPlayer: is sitting out 
TheMugger170: posts big blind $0.05
*** HOLE CARDS ***
Dealt to Dorex2007 [3c Kd]
Dak Spur joins the table at seat #7 
fivefivetwo: calls $0.05
cups00013: folds 
BlackWinegum: folds 
Almanza63: folds 
Dorex2007: folds 
dini1969: calls $0.03
TheMugger170: checks 
*** FLOP *** [Kc Js Ks]
dini1969: checks 
TheMugger170: checks 
fivefivetwo: checks 
*** TURN *** [Kc Js Ks] [Kh]
dini1969: checks 
TheMugger170: checks 
fivefivetwo: bets $0.05
dini1969: folds 
TheMugger170: folds 
Uncalled bet ($0.05) returned to fivefivetwo
fivefivetwo collected $0.14 from pot
*** SUMMARY ***
Total pot $0.15 | Rake $0.01 
Board [Kc Js Ks Kh]
Seat 1: cups00013 folded before Flop (didn't bet)
Seat 2: BlackWinegum folded before Flop (didn't bet)
Seat 3: Almanza63 folded before Flop (didn't bet)
Seat 4: Dorex2007 (button) folded before Flop (didn't bet)
Seat 5: dini1969 (small blind) folded on the Turn
Seat 8: TheMugger170 (big blind) folded on the Turn
Seat 9: fivefivetwo collected ($0.14)



PokerStars Hand #237837409449:  Hold'em No Limit ($0.02/$0.05 USD) - 2022/08/06 21:46:29 PT [2022/08/07 0:46:29 ET]
Table 'Juewa III' 9-max Seat #5 is the button
Seat 1: cups00013 ($5.25 in chips) 
Seat 2: BlackWinegum ($4.98 in chips) 
Seat 3: Almanza63 ($6.20 in chips) 
Seat 4: Dorex2007 ($5.19 in chips) 
Seat 5: dini1969 ($4.44 in chips) 
Seat 8: TheMugger170 ($5.61 in chips) 
Seat 9: fivefivetwo ($12.58 in chips) 
TheMugger170: posts small blind $0.02
fivefivetwo: posts big blind $0.05
*** HOLE CARDS ***
Dealt to Dorex2007 [6c Th]
cups00013: folds 
BlackWinegum: folds 
Almanza63: folds 
Dorex2007: folds 
dini1969: calls $0.05
TheMugger170: folds 
fivefivetwo: checks 
*** FLOP *** [9c 8h 2h]
fivefivetwo: checks 
dini1969: checks 
*** TURN *** [9c 8h 2h] [Tc]
fivefivetwo: checks 
dini1969: checks 
*** RIVER *** [9c 8h 2h Tc] [Kc]
fivefivetwo: checks 
dini1969: checks 
*** SHOW DOWN ***
fivefivetwo: shows [Qd 4c] (high card King)
dini1969: mucks hand 
fivefivetwo collected $0.12 from pot
*** SUMMARY ***
Total pot $0.12 | Rake $0 
Board [9c 8h 2h Tc Kc]
Seat 1: cups00013 folded before Flop (didn't bet)
Seat 2: BlackWinegum folded before Flop (didn't bet)
Seat 3: Almanza63 folded before Flop (didn't bet)
Seat 4: Dorex2007 folded before Flop (didn't bet)
Seat 5: dini1969 (button) mucked [Js 3c]
Seat 8: TheMugger170 (small blind) folded before Flop
Seat 9: fivefivetwo (big blind) showed [Qd 4c] and won ($0.12) with high card King



PokerStars Hand #237837414528:  Hold'em No Limit ($0.02/$0.05 USD) - 2022/08/06 21:47:09 PT [2022/08/07 0:47:09 ET]
Table 'Juewa III' 9-max Seat #8 is the button
Seat 1: cups00013 ($5.25 in chips) 
Seat 2: BlackWinegum ($4.98 in chips) 
Seat 3: Almanza63 ($6.20 in chips) 
Seat 4: Dorex2007 ($5.19 in chips) 
Seat 5: dini1969 ($4.39 in chips) 
Seat 7: Dak Spur ($4 in chips) 
Seat 8: TheMugger170 ($5.59 in chips) 
Seat 9: fivefivetwo ($12.65 in chips) 
fivefivetwo: posts small blind $0.02
cups00013: posts big blind $0.05
Dak Spur: posts big blind $0.05
*** HOLE CARDS ***
Dealt to Dorex2007 [9h Td]
BlackWinegum: folds 
Almanza63: folds 
Dorex2007: folds 
dini1969: folds 
Dak Spur: raises $0.09 to $0.14
TheMugger170: calls $0.14
fivefivetwo: calls $0.12
cups00013: folds 
*** FLOP *** [Kc 6c 5h]
fivefivetwo: checks 
Dak Spur: bets $0.30
TheMugger170: calls $0.30
fivefivetwo: folds 
*** TURN *** [Kc 6c 5h] [4h]
Dak Spur: bets $0.50
TheMugger170: folds 
Uncalled bet ($0.50) returned to Dak Spur
Dak Spur collected $1.03 from pot
*** SUMMARY ***
Total pot $1.07 | Rake $0.04 
Board [Kc 6c 5h 4h]
Seat 1: cups00013 (big blind) folded before Flop
Seat 2: BlackWinegum folded before Flop (didn't bet)
Seat 3: Almanza63 folded before Flop (didn't bet)
Seat 4: Dorex2007 folded before Flop (didn't bet)
Seat 5: dini1969 folded before Flop (didn't bet)
Seat 7: Dak Spur collected ($1.03)
Seat 8: TheMugger170 (button) folded on the Turn
Seat 9: fivefivetwo (small blind) folded on the Flop



PokerStars Hand #237837427591:  Hold'em No Limit ($0.02/$0.05 USD) - 2022/08/06 21:48:25 PT [2022/08/07 0:48:25 ET]
Table 'Juewa III' 9-max Seat #9 is the button
Seat 1: cups00013 ($5.20 in chips) 
Seat 2: BlackWinegum ($4.98 in chips) 
Seat 3: Almanza63 ($6.20 in chips) 
Seat 4: Dorex2007 ($5.19 in chips) 
Seat 5: dini1969 ($4.39 in chips) 
Seat 7: Dak Spur ($4.59 in chips) 
Seat 8: TheMugger170 ($5.15 in chips) 
Seat 9: fivefivetwo ($12.51 in chips) 
cups00013: posts small blind $0.02
BlackWinegum: posts big blind $0.05
*** HOLE CARDS ***
Dealt to Dorex2007 [2d 8h]
Almanza63: folds 
Dorex2007: folds 
dini1969: calls $0.05
Dak Spur: raises $0.13 to $0.18
TheMugger170 has timed out
TheMugger170: folds 
fivefivetwo: calls $0.18
cups00013: calls $0.16
BlackWinegum: folds 
dini1969: folds 
*** FLOP *** [4h 9d 9h]
cups00013: checks 
Dak Spur: bets $0.30
fivefivetwo: folds 
cups00013: folds 
Uncalled bet ($0.30) returned to Dak Spur
Dak Spur collected $0.61 from pot
*** SUMMARY ***
Total pot $0.64 | Rake $0.03 
Board [4h 9d 9h]
Seat 1: cups00013 (small blind) folded on the Flop
Seat 2: BlackWinegum (big blind) folded before Flop
Seat 3: Almanza63 folded before Flop (didn't bet)
Seat 4: Dorex2007 folded before Flop (didn't bet)
Seat 5: dini1969 folded before Flop
Seat 7: Dak Spur collected ($0.61)
Seat 8: TheMugger170 folded before Flop (didn't bet)
Seat 9: fivefivetwo (button) folded on the Flop



PokerStars Hand #237837436525:  Hold'em No Limit ($0.02/$0.05 USD) - 2022/08/06 21:49:33 PT [2022/08/07 0:49:33 ET]
Table 'Juewa III' 9-max Seat #1 is the button
Seat 1: cups00013 ($5.02 in chips) 
Seat 2: BlackWinegum ($4.93 in chips) 
Seat 3: Almanza63 ($6.20 in chips) 
Seat 4: Dorex2007 ($5.19 in chips) 
Seat 5: dini1969 ($4.34 in chips) 
Seat 7: Dak Spur ($5.02 in chips) 
Seat 8: TheMugger170 ($5.15 in chips) 
Seat 9: fivefivetwo ($12.33 in chips) 
BlackWinegum: posts small blind $0.02
Almanza63: posts big blind $0.05
*** HOLE CARDS ***
Dealt to Dorex2007 [Jc Td]
Dorex2007 has timed out
Dorex2007: folds 
dini1969: folds 
Dak Spur: folds 
TheMugger170: folds 
fivefivetwo: calls $0.05
cups00013: folds 
BlackWinegum: folds 
Almanza63: checks 
*** FLOP *** [7c 2h 8c]
Almanza63: checks 
fivefivetwo: checks 
*** TURN *** [7c 2h 8c] [Qd]
Almanza63: checks 
fivefivetwo: checks 
*** RIVER *** [7c 2h 8c Qd] [Kc]
Almanza63: checks 
fivefivetwo: checks 
*** SHOW DOWN ***
Almanza63: shows [Ah 6c] (high card Ace)
fivefivetwo: shows [5h Ks] (a pair of Kings)
fivefivetwo collected $0.12 from pot
*** SUMMARY ***
Total pot $0.12 | Rake $0 
Board [7c 2h 8c Qd Kc]
Seat 1: cups00013 (button) folded before Flop (didn't bet)
Seat 2: BlackWinegum (small blind) folded before Flop
Seat 3: Almanza63 (big blind) showed [Ah 6c] and lost with high card Ace
Seat 4: Dorex2007 folded before Flop (didn't bet)
Seat 5: dini1969 folded before Flop (didn't bet)
Seat 7: Dak Spur folded before Flop (didn't bet)
Seat 8: TheMugger170 folded before Flop (didn't bet)
Seat 9: fivefivetwo showed [5h Ks] and won ($0.12) with a pair of Kings



PokerStars Hand #237837454802:  Hold'em No Limit ($0.02/$0.05 USD) - 2022/08/06 21:51:54 PT [2022/08/07 0:51:54 ET]
Table 'Juewa III' 9-max Seat #5 is the button
Seat 1: cups00013 ($5.02 in chips) 
Seat 2: BlackWinegum ($4.91 in chips) 
Seat 3: Almanza63 ($6.10 in chips) 
Seat 4: Dorex2007 ($5.19 in chips) 
Seat 5: dini1969 ($4.13 in chips) 
Seat 8: TheMugger170 ($5.43 in chips) 
Seat 9: fivefivetwo ($12.35 in chips) 
TheMugger170: posts small blind $0.02
fivefivetwo: posts big blind $0.05
Dorex2007: posts small & big blinds $0.07
*** HOLE CARDS ***
Dealt to Dorex2007 [9c 6s]
cups00013: folds 
BlackWinegum: folds 
Almanza63: folds 
Dorex2007: checks 
dini1969: folds 
TheMugger170: raises $0.10 to $0.15
fivefivetwo: folds 
Dorex2007: folds 
Uncalled bet ($0.10) returned to TheMugger170
TheMugger170 collected $0.17 from pot
TheMugger170: doesn't show hand 
*** SUMMARY ***
Total pot $0.17 | Rake $0 
Seat 1: cups00013 folded before Flop (didn't bet)
Seat 2: BlackWinegum folded before Flop (didn't bet)
Seat 3: Almanza63 folded before Flop (didn't bet)
Seat 4: Dorex2007 folded before Flop (didn't bet)
Seat 5: dini1969 (button) folded before Flop (didn't bet)
Seat 8: TheMugger170 (small blind) collected ($0.17)
Seat 9: fivefivetwo (big blind) folded before Flop



PokerStars Hand #237837459896:  Hold'em No Limit ($0.02/$0.05 USD) - 2022/08/06 21:52:33 PT [2022/08/07 0:52:33 ET]
Table 'Juewa III' 9-max Seat #8 is the button
Seat 1: cups00013 ($5.02 in chips) 
Seat 2: BlackWinegum ($4.91 in chips) 
Seat 3: Almanza63 ($6.10 in chips) 
Seat 4: Dorex2007 ($5.12 in chips) 
Seat 5: dini1969 ($4.13 in chips) 
Seat 8: TheMugger170 ($5.55 in chips) 
Seat 9: fivefivetwo ($12.30 in chips) 
fivefivetwo: posts small blind $0.02
cups00013: posts big blind $0.05
OuthitPlayer: sits out 
*** HOLE CARDS ***
Dealt to Dorex2007 [7s Jc]
BlackWinegum: folds 
Almanza63: folds 
Dorex2007: folds 
dini1969: calls $0.05
TheMugger170: calls $0.05
fivefivetwo: calls $0.03
cups00013: checks 
*** FLOP *** [6s 4s Qc]
fivefivetwo: checks 
cups00013: checks 
dini1969: bets $0.19
TheMugger170: folds 
fivefivetwo: calls $0.19
cups00013: calls $0.19
*** TURN *** [6s 4s Qc] [5s]
fivefivetwo: bets $0.74
cups00013: calls $0.74
dini1969: folds 
*** RIVER *** [6s 4s Qc 5s] [6h]
fivefivetwo: bets $2.16
cups00013: calls $2.16
*** SHOW DOWN ***
fivefivetwo: shows [2h 3h] (a straight, Deuce to Six)
cups00013: mucks hand 
fivefivetwo collected $6.30 from pot
*** SUMMARY ***
Total pot $6.57 | Rake $0.27 
Board [6s 4s Qc 5s 6h]
Seat 1: cups00013 (big blind) mucked [As 6c]
Seat 2: BlackWinegum folded before Flop (didn't bet)
Seat 3: Almanza63 folded before Flop (didn't bet)
Seat 4: Dorex2007 folded before Flop (didn't bet)
Seat 5: dini1969 folded on the Turn
Seat 8: TheMugger170 (button) folded on the Flop
Seat 9: fivefivetwo (small blind) showed [2h 3h] and won ($6.30) with a straight, Deuce to Six



PokerStars Hand #237837469952:  Hold'em No Limit ($0.02/$0.05 USD) - 2022/08/06 21:53:52 PT [2022/08/07 0:53:52 ET]
Table 'Juewa III' 9-max Seat #9 is the button
Seat 1: cups00013 ($5 in chips) 
Seat 2: BlackWinegum ($4.91 in chips) 
Seat 3: Almanza63 ($6.10 in chips) 
Seat 4: Dorex2007 ($5.12 in chips) 
Seat 5: dini1969 ($3.89 in chips) 
Seat 8: TheMugger170 ($5.50 in chips) 
Seat 9: fivefivetwo ($15.46 in chips) 
cups00013: posts small blind $0.02
BlackWinegum: posts big blind $0.05
OuthitPlayer: sits out 
*** HOLE CARDS ***
Dealt to Dorex2007 [5d Ks]
Almanza63: folds 
Dorex2007: folds 
dini1969: folds 
TheMugger170: folds 
fivefivetwo: folds 
cups00013: calls $0.03
BlackWinegum: checks 
*** FLOP *** [Ah Qc 7h]
cups00013: checks 
BlackWinegum: bets $0.05
cups00013: calls $0.05
*** TURN *** [Ah Qc 7h] [Kd]
cups00013: checks 
BlackWinegum: checks 
*** RIVER *** [Ah Qc 7h Kd] [Qd]
cups00013: checks 
BlackWinegum: checks 
*** SHOW DOWN ***
cups00013: shows [Kc Td] (two pair, Kings and Queens)
BlackWinegum: shows [Ad 9c] (two pair, Aces and Queens)
BlackWinegum collected $0.19 from pot
*** SUMMARY ***
Total pot $0.20 | Rake $0.01 
Board [Ah Qc 7h Kd Qd]
Seat 1: cups00013 (small blind) showed [Kc Td] and lost with two pair, Kings and Queens
Seat 2: BlackWinegum (big blind) showed [Ad 9c] and won ($0.19) with two pair, Aces and Queens
Seat 3: Almanza63 folded before Flop (didn't bet)
Seat 4: Dorex2007 folded before Flop (didn't bet)
Seat 5: dini1969 folded before Flop (didn't bet)
Seat 8: TheMugger170 folded before Flop (didn't bet)
Seat 9: fivefivetwo (button) folded before Flop (didn't bet)



PokerStars Hand #237837478710:  Hold'em No Limit ($0.02/$0.05 USD) - 2022/08/06 21:54:59 PT [2022/08/07 0:54:59 ET]
Table 'Juewa III' 9-max Seat #1 is the button
Seat 1: cups00013 ($5 in chips) 
Seat 2: BlackWinegum ($5 in chips) 
Seat 3: Almanza63 ($6.10 in chips) 
Seat 4: Dorex2007 ($5.12 in chips) 
Seat 5: dini1969 ($3.89 in chips) 
Seat 7: Dak Spur ($5.02 in chips) 
Seat 8: TheMugger170 ($5.50 in chips) 
Seat 9: fivefivetwo ($15.46 in chips) 
BlackWinegum: posts small blind $0.02
Almanza63: posts big blind $0.05
OuthitPlayer: sits out 
Dak Spur: posts small & big blinds $0.07
*** HOLE CARDS ***
Dealt to Dorex2007 [5h 4h]
Dorex2007: folds 
dini1969: calls $0.05
Dak Spur: raises $0.19 to $0.24
TheMugger170: folds 
fivefivetwo: raises $0.19 to $0.43
cups00013: folds 
BlackWinegum: folds 
Almanza63: folds 
dini1969: folds 
Dak Spur: raises $1.07 to $1.50
fivefivetwo: raises $13.96 to $15.46 and is all-in
Dak Spur: calls $3.50 and is all-in
Uncalled bet ($10.46) returned to fivefivetwo
*** FLOP *** [4s Ac 9h]
*** TURN *** [4s Ac 9h] [5s]
*** RIVER *** [4s Ac 9h 5s] [4d]
*** SHOW DOWN ***
Dak Spur: shows [Jh Jc] (two pair, Jacks and Fours)
fivefivetwo: shows [Ad As] (a full house, Aces full of Fours)
Dak Spur cashed out the hand for $1.88 | Cash Out Fee $0.02
fivefivetwo cashed out the hand for $7.74 | Cash Out Fee $0.08
*** SUMMARY ***
Total pot $10.14 | Rake $0.42 
Board [4s Ac 9h 5s 4d]
Seat 1: cups00013 (button) folded before Flop (didn't bet)
Seat 2: BlackWinegum (small blind) folded before Flop
Seat 3: Almanza63 (big blind) folded before Flop
Seat 4: Dorex2007 folded before Flop (didn't bet)
Seat 5: dini1969 folded before Flop
Seat 7: Dak Spur showed [Jh Jc] and lost with two pair, Jacks and Fours (cashed out).
Seat 8: TheMugger170 folded before Flop (didn't bet)
Seat 9: fivefivetwo showed [Ad As] and won ($9.72) with a full house, Aces full of Fours (pot not awarded as player cashed out)



PokerStars Hand #237837485786:  Hold'em No Limit ($0.02/$0.05 USD) - 2022/08/06 21:56:00 PT [2022/08/07 0:56:00 ET]
Table 'Juewa III' 9-max Seat #2 is the button
Seat 1: cups00013 ($5 in chips) 
Seat 2: BlackWinegum ($4.98 in chips) 
Seat 3: Almanza63 ($6.05 in chips) 
Seat 4: Dorex2007 ($5.12 in chips) 
Seat 5: dini1969 ($3.84 in chips) 
Seat 7: Dak Spur ($1.88 in chips) 
Seat 8: TheMugger170 ($5.50 in chips) 
Seat 9: fivefivetwo ($18.20 in chips) 
Almanza63: posts small blind $0.02
Dorex2007: posts big blind $0.05
OuthitPlayer: sits out 
*** HOLE CARDS ***
Dealt to Dorex2007 [2s Ks]
dini1969: calls $0.05
Dak Spur: folds 
TheMugger170: folds 
fivefivetwo: folds 
cups00013: folds 
BlackWinegum: folds 
Almanza63: folds 
Dorex2007: checks 
*** FLOP *** [Qs 7h 2d]
Dorex2007: checks 
dini1969: checks 
*** TURN *** [Qs 7h 2d] [Kd]
Dorex2007: bets $0.12
dini1969: folds 
Uncalled bet ($0.12) returned to Dorex2007
Dorex2007 collected $0.12 from pot
Dorex2007: doesn't show hand 
*** SUMMARY ***
Total pot $0.12 | Rake $0 
Board [Qs 7h 2d Kd]
Seat 1: cups00013 folded before Flop (didn't bet)
Seat 2: BlackWinegum (button) folded before Flop (didn't bet)
Seat 3: Almanza63 (small blind) folded before Flop
Seat 4: Dorex2007 (big blind) collected ($0.12)
Seat 5: dini1969 folded on the Turn
Seat 7: Dak Spur folded before Flop (didn't bet)
Seat 8: TheMugger170 folded before Flop (didn't bet)
Seat 9: fivefivetwo folded before Flop (didn't bet)



PokerStars Hand #237837491310:  Hold'em No Limit ($0.02/$0.05 USD) - 2022/08/06 21:56:50 PT [2022/08/07 0:56:50 ET]
Table 'Juewa III' 9-max Seat #3 is the button
Seat 1: cups00013 ($5 in chips) 
Seat 2: BlackWinegum ($4.98 in chips) 
Seat 3: Almanza63 ($6.03 in chips) 
Seat 4: Dorex2007 ($5.19 in chips) 
Seat 5: dini1969 ($3.79 in chips) 
Seat 7: Dak Spur ($3.88 in chips) 
Seat 8: TheMugger170 ($5.50 in chips) 
Seat 9: fivefivetwo ($18.20 in chips) 
Dorex2007: posts small blind $0.02
dini1969: posts big blind $0.05
OuthitPlayer: sits out 
*** HOLE CARDS ***
Dealt to Dorex2007 [9d 5s]
Dak Spur: folds 
TheMugger170: raises $0.10 to $0.15
fivefivetwo: calls $0.15
cups00013: calls $0.15
BlackWinegum: raises $0.40 to $0.55
Almanza63: folds 
Dorex2007: folds 
dini1969: folds 
TheMugger170: folds 
fivefivetwo: calls $0.40
cups00013: calls $0.40
*** FLOP *** [3h 5d Ac]
fivefivetwo: checks 
cups00013: checks 
BlackWinegum: bets $0.89
fivefivetwo: folds 
cups00013: folds 
Uncalled bet ($0.89) returned to BlackWinegum
BlackWinegum collected $1.79 from pot
BlackWinegum: doesn't show hand 
*** SUMMARY ***
Total pot $1.87 | Rake $0.08 
Board [3h 5d Ac]
Seat 1: cups00013 folded on the Flop
Seat 2: BlackWinegum collected ($1.79)
Seat 3: Almanza63 (button) folded before Flop (didn't bet)
Seat 4: Dorex2007 (small blind) folded before Flop
Seat 5: dini1969 (big blind) folded before Flop
Seat 7: Dak Spur folded before Flop (didn't bet)
Seat 8: TheMugger170 folded before Flop
Seat 9: fivefivetwo folded on the Flop



PokerStars Hand #237837499232:  Hold'em No Limit ($0.02/$0.05 USD) - 2022/08/06 21:58:01 PT [2022/08/07 0:58:01 ET]
Table 'Juewa III' 9-max Seat #4 is the button
Seat 1: cups00013 ($5 in chips) 
Seat 2: BlackWinegum ($6.22 in chips) 
Seat 3: Almanza63 ($6.03 in chips) 
Seat 4: Dorex2007 ($5.17 in chips) 
Seat 5: dini1969 ($3.74 in chips) 
Seat 6: OuthitPlayer ($7.22 in chips) 
Seat 7: Dak Spur ($3.88 in chips) 
Seat 8: TheMugger170 ($5.35 in chips) 
Seat 9: fivefivetwo ($17.65 in chips) 
dini1969: posts small blind $0.02
OuthitPlayer: posts big blind $0.05
*** HOLE CARDS ***
Dealt to Dorex2007 [8c Jh]
Dak Spur: folds 
TheMugger170: raises $0.20 to $0.25
fivefivetwo: calls $0.25
cups00013: raises $0.82 to $1.07
BlackWinegum: folds 
Almanza63: folds 
Dorex2007: folds 
dini1969: folds 
OuthitPlayer: folds 
TheMugger170: raises $4.28 to $5.35 and is all-in
fivefivetwo: folds 
cups00013: folds 
Uncalled bet ($4.28) returned to TheMugger170
TheMugger170 collected $2.46 from pot
TheMugger170: doesn't show hand 
*** SUMMARY ***
Total pot $2.46 | Rake $0 
Seat 1: cups00013 folded before Flop
Seat 2: BlackWinegum folded before Flop (didn't bet)
Seat 3: Almanza63 folded before Flop (didn't bet)
Seat 4: Dorex2007 (button) folded before Flop (didn't bet)
Seat 5: dini1969 (small blind) folded before Flop
Seat 6: OuthitPlayer (big blind) folded before Flop
Seat 7: Dak Spur folded before Flop (didn't bet)
Seat 8: TheMugger170 collected ($2.46)
Seat 9: fivefivetwo folded before Flop



PokerStars Hand #237837504235:  Hold'em No Limit ($0.02/$0.05 USD) - 2022/08/06 21:58:47 PT [2022/08/07 0:58:47 ET]
Table 'Juewa III' 9-max Seat #5 is the button
Seat 1: cups00013 ($5 in chips) 
Seat 2: BlackWinegum ($6.22 in chips) 
Seat 3: Almanza63 ($6.03 in chips) 
Seat 4: Dorex2007 ($5.17 in chips) 
Seat 5: dini1969 ($3.72 in chips) 
Seat 6: OuthitPlayer ($7.17 in chips) 
Seat 7: Dak Spur ($3.88 in chips) 
Seat 8: TheMugger170 ($6.74 in chips) 
Seat 9: fivefivetwo ($17.40 in chips) 
OuthitPlayer: posts small blind $0.02
Dak Spur: posts big blind $0.05
*** HOLE CARDS ***
Dealt to Dorex2007 [Tc Jh]
TheMugger170: folds 
fivefivetwo: folds 
cups00013: raises $0.10 to $0.15
BlackWinegum: folds 
Almanza63: folds 
Dorex2007: folds 
dini1969: calls $0.15
OuthitPlayer: folds 
Dak Spur: folds 
*** FLOP *** [9s Ac 3d]
cups00013: checks 
dini1969: checks 
*** TURN *** [9s Ac 3d] [5d]
cups00013: bets $0.17
fivefivetwo leaves the table
dini1969: folds 
Uncalled bet ($0.17) returned to cups00013
cups00013 collected $0.35 from pot
cups00013: doesn't show hand 
*** SUMMARY ***
Total pot $0.37 | Rake $0.02 
Board [9s Ac 3d 5d]
Seat 1: cups00013 collected ($0.35)
Seat 2: BlackWinegum folded before Flop (didn't bet)
Seat 3: Almanza63 folded before Flop (didn't bet)
Seat 4: Dorex2007 folded before Flop (didn't bet)
Seat 5: dini1969 (button) folded on the Turn
Seat 6: OuthitPlayer (small blind) folded before Flop
Seat 7: Dak Spur (big blind) folded before Flop
Seat 8: TheMugger170 folded before Flop (didn't bet)
Seat 9: fivefivetwo folded before Flop (didn't bet)



PokerStars Hand #237837509518:  Hold'em No Limit ($0.02/$0.05 USD) - 2022/08/06 21:59:34 PT [2022/08/07 0:59:34 ET]
Table 'Juewa III' 9-max Seat #6 is the button
Seat 1: cups00013 ($5.20 in chips) 
Seat 2: BlackWinegum ($6.22 in chips) 
Seat 3: Almanza63 ($6.03 in chips) 
Seat 4: Dorex2007 ($5.17 in chips) 
Seat 5: dini1969 ($3.57 in chips) 
Seat 6: OuthitPlayer ($7.15 in chips) 
Seat 7: Dak Spur ($3.83 in chips) 
Seat 8: TheMugger170 ($6.74 in chips) 
Dak Spur: posts small blind $0.02
TheMugger170: posts big blind $0.05
*** HOLE CARDS ***
Dealt to Dorex2007 [2c 9d]
cups00013: folds 
BlackWinegum: folds 
Almanza63: folds 
Dorex2007: folds 
dini1969: raises $0.15 to $0.20
OuthitPlayer: folds 
Dak Spur: calls $0.18
TheMugger170: folds 
*** FLOP *** [8c Qs Tc]
Dak Spur: checks 
dini1969: checks 
*** TURN *** [8c Qs Tc] [4c]
Dak Spur: checks 
dini1969: checks 
*** RIVER *** [8c Qs Tc 4c] [Kc]
Dak Spur: checks 
dini1969: bets $0.43
Dak Spur: folds 
Uncalled bet ($0.43) returned to dini1969
dini1969 collected $0.43 from pot
*** SUMMARY ***
Total pot $0.45 | Rake $0.02 
Board [8c Qs Tc 4c Kc]
Seat 1: cups00013 folded before Flop (didn't bet)
Seat 2: BlackWinegum folded before Flop (didn't bet)
Seat 3: Almanza63 folded before Flop (didn't bet)
Seat 4: Dorex2007 folded before Flop (didn't bet)
Seat 5: dini1969 collected ($0.43)
Seat 6: OuthitPlayer (button) folded before Flop (didn't bet)
Seat 7: Dak Spur (small blind) folded on the River
Seat 8: TheMugger170 (big blind) folded before Flop



PokerStars Hand #237837515577:  Hold'em No Limit ($0.02/$0.05 USD) - 2022/08/06 22:00:27 PT [2022/08/07 1:00:27 ET]
Table 'Juewa III' 9-max Seat #7 is the button
Seat 2: BlackWinegum ($6.22 in chips) 
Seat 3: Almanza63 ($6.03 in chips) 
Seat 4: Dorex2007 ($5.17 in chips) 
Seat 5: dini1969 ($3.80 in chips) 
Seat 6: OuthitPlayer ($7.15 in chips) 
Seat 7: Dak Spur ($3.63 in chips) 
Seat 8: TheMugger170 ($6.69 in chips) 
TheMugger170: posts small blind $0.02
cups00013: is sitting out 
BlackWinegum: posts big blind $0.05
*** HOLE CARDS ***
Dealt to Dorex2007 [2h 5s]
Almanza63: folds 
cups00013 leaves the table
Dorex2007: folds 
dini1969: calls $0.05
OuthitPlayer: raises $0.10 to $0.15
Dak Spur: folds 
TheMugger170: calls $0.13
BlackWinegum: raises $0.45 to $0.60
dini1969: folds 
OuthitPlayer: folds 
TheMugger170: folds 
Uncalled bet ($0.45) returned to BlackWinegum
BlackWinegum collected $0.50 from pot
BlackWinegum: doesn't show hand 
*** SUMMARY ***
Total pot $0.50 | Rake $0 
Seat 2: BlackWinegum (big blind) collected ($0.50)
Seat 3: Almanza63 folded before Flop (didn't bet)
Seat 4: Dorex2007 folded before Flop (didn't bet)
Seat 5: dini1969 folded before Flop
Seat 6: OuthitPlayer folded before Flop
Seat 7: Dak Spur (button) folded before Flop (didn't bet)
Seat 8: TheMugger170 (small blind) folded before Flop



PokerStars Hand #237837520179:  Hold'em No Limit ($0.02/$0.05 USD) - 2022/08/06 22:01:04 PT [2022/08/07 1:01:04 ET]
Table 'Juewa III' 9-max Seat #8 is the button
Seat 2: BlackWinegum ($6.57 in chips) 
Seat 3: Almanza63 ($6.03 in chips) 
Seat 4: Dorex2007 ($5.17 in chips) 
Seat 5: dini1969 ($3.75 in chips) 
Seat 6: OuthitPlayer ($7 in chips) 
Seat 7: Dak Spur ($3.63 in chips) 
Seat 8: TheMugger170 ($6.54 in chips) 
BlackWinegum: posts small blind $0.02
Almanza63: posts big blind $0.05
*** HOLE CARDS ***
Dealt to Dorex2007 [5h Th]
Dorex2007: folds 
dini1969: folds 
OuthitPlayer: folds 
Dak Spur: folds 
TheMugger170: folds 
BlackWinegum: folds 
Uncalled bet ($0.03) returned to Almanza63
Almanza63 collected $0.04 from pot
Almanza63: doesn't show hand 
*** SUMMARY ***
Total pot $0.04 | Rake $0 
Seat 2: BlackWinegum (small blind) folded before Flop
Seat 3: Almanza63 (big blind) collected ($0.04)
Seat 4: Dorex2007 folded before Flop (didn't bet)
Seat 5: dini1969 folded before Flop (didn't bet)
Seat 6: OuthitPlayer folded before Flop (didn't bet)
Seat 7: Dak Spur folded before Flop (didn't bet)
Seat 8: TheMugger170 (button) folded before Flop (didn't bet)



PokerStars Hand #237837521703:  Hold'em No Limit ($0.02/$0.05 USD) - 2022/08/06 22:01:17 PT [2022/08/07 1:01:17 ET]
Table 'Juewa III' 9-max Seat #2 is the button
Seat 2: BlackWinegum ($6.55 in chips) 
Seat 3: Almanza63 ($6.05 in chips) 
Seat 4: Dorex2007 ($5.17 in chips) 
Seat 5: dini1969 ($3.75 in chips) 
Seat 6: OuthitPlayer ($7 in chips) 
Seat 7: Dak Spur ($3.63 in chips) 
Seat 8: TheMugger170 ($6.54 in chips) 
Almanza63: posts small blind $0.02
Dorex2007: posts big blind $0.05
*** HOLE CARDS ***
Dealt to Dorex2007 [6h Ks]
dini1969: folds 
OuthitPlayer: folds 
Dak Spur: folds 
TheMugger170: folds 
BlackWinegum: raises $0.10 to $0.15
Almanza63: calls $0.13
Dorex2007: folds 
*** FLOP *** [2s Th 4s]
Almanza63: bets $0.21
BlackWinegum: folds 
Uncalled bet ($0.21) returned to Almanza63
ustin72 joins the table at seat #9 
Almanza63 collected $0.34 from pot
Almanza63: doesn't show hand 
*** SUMMARY ***
Total pot $0.35 | Rake $0.01 
Board [2s Th 4s]
Seat 2: BlackWinegum (button) folded on the Flop
Seat 3: Almanza63 (small blind) collected ($0.34)
Seat 4: Dorex2007 (big blind) folded before Flop
Seat 5: dini1969 folded before Flop (didn't bet)
Seat 6: OuthitPlayer folded before Flop (didn't bet)
Seat 7: Dak Spur folded before Flop (didn't bet)
Seat 8: TheMugger170 folded before Flop (didn't bet)



