PokerStars Hand #237936616262:  Hold'em No Limit ($0.02/$0.05 USD) - 2022/08/11 18:16:03 PT [2022/08/11 21:16:03 ET]
Table 'Koronis III' 9-max Seat #6 is the button
Seat 1: mumisber ($1.99 in chips) 
Seat 2: ValmiJunior ($4.30 in chips) 
Seat 3: vmrwin ($6.26 in chips) 
Seat 4: masonada213 ($4.04 in chips) 
Seat 5: Dorex2007 ($5 in chips) 
Seat 6: woody099 ($5.87 in chips) 
Seat 7: In-Solem ($5.89 in chips) 
Seat 8: Fullator ($6.54 in chips) 
Seat 9: eurosmile505 ($7.54 in chips) 
In-Solem: posts small blind $0.02
Fullator: posts big blind $0.05
Dorex2007: posts big blind $0.05
*** HOLE CARDS ***
Dealt to Dorex2007 [Kc Kd]
eurosmile505: folds 
mumisber: raises $0.10 to $0.15
eurosmile505 leaves the table
enixblr joins the table at seat #9 
ValmiJunior has timed out
ValmiJunior: folds 
vmrwin: folds 
masonada213: folds 
Dorex2007: raises $0.30 to $0.45
woody099: folds 
In-Solem: folds 
Fullator: calls $0.40
mumisber: calls $0.30
*** FLOP *** [4d 3s Ts]
Fullator: checks 
mumisber: checks 
Dorex2007: bets $1.31
Fullator: calls $1.31
mumisber: folds 
*** TURN *** [4d 3s Ts] [Qs]
Fullator: checks 
Dorex2007: checks 
*** RIVER *** [4d 3s Ts Qs] [8h]
Fullator: bets $4.78 and is all-in
Dorex2007: folds 
Uncalled bet ($4.78) returned to Fullator
Fullator collected $3.82 from pot
Fullator: doesn't show hand 
*** SUMMARY ***
Total pot $3.99 | Rake $0.17 
Board [4d 3s Ts Qs 8h]
Seat 1: mumisber folded on the Flop
Seat 2: ValmiJunior folded before Flop (didn't bet)
Seat 3: vmrwin folded before Flop (didn't bet)
Seat 4: masonada213 folded before Flop (didn't bet)
Seat 5: Dorex2007 folded on the River
Seat 6: woody099 (button) folded before Flop (didn't bet)
Seat 7: In-Solem (small blind) folded before Flop
Seat 8: Fullator (big blind) collected ($3.82)
Seat 9: eurosmile505 folded before Flop (didn't bet)



PokerStars Hand #237936639982:  Hold'em No Limit ($0.02/$0.05 USD) - 2022/08/11 18:17:56 PT [2022/08/11 21:17:56 ET]
Table 'Koronis III' 9-max Seat #7 is the button
Seat 1: mumisber ($5 in chips) 
Seat 2: ValmiJunior ($4.30 in chips) 
Seat 3: vmrwin ($6.26 in chips) 
Seat 4: masonada213 ($4.04 in chips) 
Seat 5: Dorex2007 ($5 in chips) 
Seat 6: woody099 ($5.87 in chips) 
Seat 7: In-Solem ($5.87 in chips) 
Seat 8: Fullator ($8.60 in chips) 
Seat 9: enixblr ($5 in chips) 
Fullator: posts small blind $0.02
enixblr: posts big blind $0.05
*** HOLE CARDS ***
Dealt to Dorex2007 [2h Qc]
mumisber: folds 
ValmiJunior: calls $0.05
vmrwin: folds 
masonada213: folds 
Dorex2007: folds 
woody099: folds 
In-Solem: raises $0.17 to $0.22
Fullator: folds 
enixblr: folds 
ValmiJunior: calls $0.17
*** FLOP *** [Ac As Ks]
ValmiJunior: checks 
In-Solem: bets $0.49
ValmiJunior: folds 
Uncalled bet ($0.49) returned to In-Solem
In-Solem collected $0.49 from pot
*** SUMMARY ***
Total pot $0.51 | Rake $0.02 
Board [Ac As Ks]
Seat 1: mumisber folded before Flop (didn't bet)
Seat 2: ValmiJunior folded on the Flop
Seat 3: vmrwin folded before Flop (didn't bet)
Seat 4: masonada213 folded before Flop (didn't bet)
Seat 5: Dorex2007 folded before Flop (didn't bet)
Seat 6: woody099 folded before Flop (didn't bet)
Seat 7: In-Solem (button) collected ($0.49)
Seat 8: Fullator (small blind) folded before Flop
Seat 9: enixblr (big blind) folded before Flop



PokerStars Hand #237936652946:  Hold'em No Limit ($0.02/$0.05 USD) - 2022/08/11 18:18:58 PT [2022/08/11 21:18:58 ET]
Table 'Koronis III' 9-max Seat #8 is the button
Seat 1: mumisber ($5 in chips) 
Seat 2: ValmiJunior ($4.08 in chips) 
Seat 3: vmrwin ($6.26 in chips) 
Seat 4: masonada213 ($4.04 in chips) 
Seat 5: Dorex2007 ($5 in chips) 
Seat 6: woody099 ($5.87 in chips) 
Seat 7: In-Solem ($6.14 in chips) 
Seat 8: Fullator ($8.58 in chips) 
Seat 9: enixblr ($5 in chips) 
enixblr: posts small blind $0.02
mumisber: posts big blind $0.05
*** HOLE CARDS ***
Dealt to Dorex2007 [8c Ts]
ValmiJunior has timed out
ValmiJunior: folds 
vmrwin: folds 
masonada213: folds 
Dorex2007: folds 
woody099: folds 
In-Solem: folds 
Fullator: folds 
enixblr: raises $0.10 to $0.15
mumisber: folds 
Uncalled bet ($0.10) returned to enixblr
enixblr collected $0.10 from pot
enixblr: doesn't show hand 
*** SUMMARY ***
Total pot $0.10 | Rake $0 
Seat 1: mumisber (big blind) folded before Flop
Seat 2: ValmiJunior folded before Flop (didn't bet)
Seat 3: vmrwin folded before Flop (didn't bet)
Seat 4: masonada213 folded before Flop (didn't bet)
Seat 5: Dorex2007 folded before Flop (didn't bet)
Seat 6: woody099 folded before Flop (didn't bet)
Seat 7: In-Solem folded before Flop (didn't bet)
Seat 8: Fullator (button) folded before Flop (didn't bet)
Seat 9: enixblr (small blind) collected ($0.10)



PokerStars Hand #237936659153:  Hold'em No Limit ($0.02/$0.05 USD) - 2022/08/11 18:19:28 PT [2022/08/11 21:19:28 ET]
Table 'Koronis III' 9-max Seat #9 is the button
Seat 1: mumisber ($4.95 in chips) 
Seat 2: ValmiJunior ($4.08 in chips) 
Seat 3: vmrwin ($6.26 in chips) 
Seat 4: masonada213 ($4.04 in chips) 
Seat 5: Dorex2007 ($5 in chips) 
Seat 6: woody099 ($5.87 in chips) 
Seat 7: In-Solem ($6.14 in chips) 
Seat 8: Fullator ($8.58 in chips) 
Seat 9: enixblr ($5.05 in chips) 
mumisber: posts small blind $0.02
ValmiJunior: posts big blind $0.05
*** HOLE CARDS ***
Dealt to Dorex2007 [Qs 6s]
vmrwin has timed out
vmrwin: folds 
masonada213: folds 
Dorex2007: folds 
woody099: folds 
In-Solem: folds 
Fullator: calls $0.05
enixblr: folds 
vmrwin leaves the table
mumisber: folds 
ValmiJunior: raises $0.10 to $0.15
geniuss joins the table at seat #3 
Fullator: calls $0.10
*** FLOP *** [7h 7c 9d]
ValmiJunior: checks 
Fullator: bets $0.15
ValmiJunior: calls $0.15
*** TURN *** [7h 7c 9d] [Jd]
ValmiJunior: checks 
Fullator: bets $4
ValmiJunior: calls $3.78 and is all-in
Uncalled bet ($0.22) returned to Fullator
*** RIVER *** [7h 7c 9d Jd] [3c]
*** SHOW DOWN ***
ValmiJunior: shows [Qd Ad] (a pair of Sevens)
Fullator: shows [Jc Jh] (a full house, Jacks full of Sevens)
Fullator collected $7.84 from pot
*** SUMMARY ***
Total pot $8.18 | Rake $0.34 
Board [7h 7c 9d Jd 3c]
Seat 1: mumisber (small blind) folded before Flop
Seat 2: ValmiJunior (big blind) showed [Qd Ad] and lost with a pair of Sevens
Seat 3: vmrwin folded before Flop (didn't bet)
Seat 4: masonada213 folded before Flop (didn't bet)
Seat 5: Dorex2007 folded before Flop (didn't bet)
Seat 6: woody099 folded before Flop (didn't bet)
Seat 7: In-Solem folded before Flop (didn't bet)
Seat 8: Fullator showed [Jc Jh] and won ($7.84) with a full house, Jacks full of Sevens
Seat 9: enixblr (button) folded before Flop (didn't bet)



PokerStars Hand #237936673270:  Hold'em No Limit ($0.02/$0.05 USD) - 2022/08/11 18:20:34 PT [2022/08/11 21:20:34 ET]
Table 'Koronis III' 9-max Seat #1 is the button
Seat 1: mumisber ($4.93 in chips) 
Seat 4: masonada213 ($4.04 in chips) 
Seat 5: Dorex2007 ($5 in chips) 
Seat 6: woody099 ($5.87 in chips) 
Seat 7: In-Solem ($6.14 in chips) 
Seat 8: Fullator ($12.34 in chips) 
Seat 9: enixblr ($5.05 in chips) 
masonada213: posts small blind $0.02
Dorex2007: posts big blind $0.05
*** HOLE CARDS ***
Dealt to Dorex2007 [7d 6h]
woody099: calls $0.05
In-Solem: folds 
Fullator: calls $0.05
enixblr: folds 
mumisber: folds 
masonada213: folds 
Dorex2007: checks 
*** FLOP *** [4s 5c Jc]
ValmiJunior leaves the table
Dorex2007: checks 
woody099: checks 
Fullator: checks 
*** TURN *** [4s 5c Jc] [6c]
Dorex2007: checks 
woody099: checks 
OSO-456 joins the table at seat #2 
Fullator: checks 
*** RIVER *** [4s 5c Jc 6c] [Qc]
Dorex2007: checks 
woody099: bets $0.30
Fullator: folds 
Dorex2007: folds 
Uncalled bet ($0.30) returned to woody099
woody099 collected $0.16 from pot
*** SUMMARY ***
Total pot $0.17 | Rake $0.01 
Board [4s 5c Jc 6c Qc]
Seat 1: mumisber (button) folded before Flop (didn't bet)
Seat 4: masonada213 (small blind) folded before Flop
Seat 5: Dorex2007 (big blind) folded on the River
Seat 6: woody099 collected ($0.16)
Seat 7: In-Solem folded before Flop (didn't bet)
Seat 8: Fullator folded on the River
Seat 9: enixblr folded before Flop (didn't bet)



PokerStars Hand #237936681209:  Hold'em No Limit ($0.02/$0.05 USD) - 2022/08/11 18:21:12 PT [2022/08/11 21:21:12 ET]
Table 'Koronis III' 9-max Seat #4 is the button
Seat 1: mumisber ($4.93 in chips) 
Seat 4: masonada213 ($4.02 in chips) 
Seat 5: Dorex2007 ($5 in chips) 
Seat 6: woody099 ($5.98 in chips) 
Seat 7: In-Solem ($6.14 in chips) 
Seat 8: Fullator ($12.29 in chips) 
Seat 9: enixblr ($5.05 in chips) 
Dorex2007: posts small blind $0.02
woody099: posts big blind $0.05
OSO-456: sits out 
geniuss: sits out 
*** HOLE CARDS ***
Dealt to Dorex2007 [6d Ad]
In-Solem: folds 
Fullator: calls $0.05
enixblr: folds 
mumisber has timed out
mumisber: folds 
masonada213: raises $0.17 to $0.22
Dorex2007: folds 
woody099: folds 
Fullator: calls $0.17
*** FLOP *** [Kh 3d 4s]
Fullator: checks 
masonada213: checks 
*** TURN *** [Kh 3d 4s] [Kd]
Fullator: checks 
masonada213: bets $0.32
Fullator: calls $0.32
*** RIVER *** [Kh 3d 4s Kd] [Tc]
Fullator: checks 
masonada213: checks 
*** SHOW DOWN ***
Fullator: shows [Qs Js] (a pair of Kings)
masonada213: shows [As Jc] (a pair of Kings - Ace kicker)
masonada213 collected $1.09 from pot
*** SUMMARY ***
Total pot $1.15 | Rake $0.06 
Board [Kh 3d 4s Kd Tc]
Seat 1: mumisber folded before Flop (didn't bet)
Seat 4: masonada213 (button) showed [As Jc] and won ($1.09) with a pair of Kings
Seat 5: Dorex2007 (small blind) folded before Flop
Seat 6: woody099 (big blind) folded before Flop
Seat 7: In-Solem folded before Flop (didn't bet)
Seat 8: Fullator showed [Qs Js] and lost with a pair of Kings
Seat 9: enixblr folded before Flop (didn't bet)



PokerStars Hand #237936694082:  Hold'em No Limit ($0.02/$0.05 USD) - 2022/08/11 18:22:14 PT [2022/08/11 21:22:14 ET]
Table 'Koronis III' 9-max Seat #5 is the button
Seat 1: mumisber ($4.93 in chips) 
Seat 4: masonada213 ($4.57 in chips) 
Seat 5: Dorex2007 ($5 in chips) 
Seat 6: woody099 ($5.93 in chips) 
Seat 7: In-Solem ($6.14 in chips) 
Seat 8: Fullator ($11.75 in chips) 
woody099: posts small blind $0.02
In-Solem: posts big blind $0.05
OSO-456: sits out 
geniuss: sits out 
*** HOLE CARDS ***
Dealt to Dorex2007 [4d 5h]
Fullator: folds 
mumisber: folds 
masonada213: folds 
Dorex2007: folds 
woody099: calls $0.03
In-Solem: raises $0.10 to $0.15
woody099: calls $0.10
*** FLOP *** [Jd Ts 5d]
woody099: checks 
In-Solem: bets $0.29
woody099: folds 
Uncalled bet ($0.29) returned to In-Solem
In-Solem collected $0.29 from pot
*** SUMMARY ***
Total pot $0.30 | Rake $0.01 
Board [Jd Ts 5d]
Seat 1: mumisber folded before Flop (didn't bet)
Seat 4: masonada213 folded before Flop (didn't bet)
Seat 5: Dorex2007 (button) folded before Flop (didn't bet)
Seat 6: woody099 (small blind) folded on the Flop
Seat 7: In-Solem (big blind) collected ($0.29)
Seat 8: Fullator folded before Flop (didn't bet)



PokerStars Hand #237936699726:  Hold'em No Limit ($0.02/$0.05 USD) - 2022/08/11 18:22:41 PT [2022/08/11 21:22:41 ET]
Table 'Koronis III' 9-max Seat #6 is the button
Seat 1: mumisber ($4.93 in chips) 
Seat 4: masonada213 ($4.57 in chips) 
Seat 5: Dorex2007 ($5 in chips) 
Seat 6: woody099 ($5.78 in chips) 
Seat 7: In-Solem ($6.28 in chips) 
Seat 8: Fullator ($11.75 in chips) 
In-Solem: posts small blind $0.02
Fullator: posts big blind $0.05
OSO-456: sits out 
geniuss: sits out 
*** HOLE CARDS ***
Dealt to Dorex2007 [3c 2s]
mumisber: folds 
masonada213: folds 
Dorex2007: folds 
woody099: folds 
In-Solem: raises $0.10 to $0.15
Fullator: calls $0.10
*** FLOP *** [5d 5h 3s]
In-Solem: bets $0.15
Fullator: calls $0.15
*** TURN *** [5d 5h 3s] [9c]
In-Solem: bets $0.15
Fullator: calls $0.15
*** RIVER *** [5d 5h 3s 9c] [7c]
In-Solem: bets $0.15
Fullator: folds 
Uncalled bet ($0.15) returned to In-Solem
In-Solem collected $0.86 from pot
*** SUMMARY ***
Total pot $0.90 | Rake $0.04 
Board [5d 5h 3s 9c 7c]
Seat 1: mumisber folded before Flop (didn't bet)
Seat 4: masonada213 folded before Flop (didn't bet)
Seat 5: Dorex2007 folded before Flop (didn't bet)
Seat 6: woody099 (button) folded before Flop (didn't bet)
Seat 7: In-Solem (small blind) collected ($0.86)
Seat 8: Fullator (big blind) folded on the River



PokerStars Hand #237936708951:  Hold'em No Limit ($0.02/$0.05 USD) - 2022/08/11 18:23:26 PT [2022/08/11 21:23:26 ET]
Table 'Koronis III' 9-max Seat #7 is the button
Seat 2: OSO-456 ($5 in chips) 
Seat 4: masonada213 ($4.57 in chips) 
Seat 5: Dorex2007 ($5 in chips) 
Seat 6: woody099 ($5.78 in chips) 
Seat 7: In-Solem ($6.69 in chips) 
Seat 8: Fullator ($11.30 in chips) 
Fullator: posts small blind $0.02
mumisber: is sitting out 
OSO-456: posts big blind $0.05
geniuss: sits out 
*** HOLE CARDS ***
Dealt to Dorex2007 [Qh 3c]
masonada213: folds 
Dorex2007: folds 
mumisber leaves the table
woody099: calls $0.05
In-Solem: folds 
Fullator: folds 
OSO-456: checks 
*** FLOP *** [4d 7h 7c]
OSO-456: checks 
woody099: checks 
*** TURN *** [4d 7h 7c] [2c]
OSO-456: bets $0.09
woody099: folds 
Uncalled bet ($0.09) returned to OSO-456
OSO-456 collected $0.12 from pot
OSO-456: doesn't show hand 
*** SUMMARY ***
Total pot $0.12 | Rake $0 
Board [4d 7h 7c 2c]
Seat 2: OSO-456 (big blind) collected ($0.12)
Seat 4: masonada213 folded before Flop (didn't bet)
Seat 5: Dorex2007 folded before Flop (didn't bet)
Seat 6: woody099 folded on the Turn
Seat 7: In-Solem (button) folded before Flop (didn't bet)
Seat 8: Fullator (small blind) folded before Flop



PokerStars Hand #237936719228:  Hold'em No Limit ($0.02/$0.05 USD) - 2022/08/11 18:24:16 PT [2022/08/11 21:24:16 ET]
Table 'Koronis III' 9-max Seat #8 is the button
Seat 2: OSO-456 ($5.07 in chips) 
Seat 3: geniuss ($5 in chips) 
Seat 4: masonada213 ($4.57 in chips) 
Seat 5: Dorex2007 ($5 in chips) 
Seat 6: woody099 ($5.73 in chips) 
Seat 7: In-Solem ($6.69 in chips) 
Seat 8: Fullator ($11.28 in chips) 
OSO-456: posts small blind $0.02
geniuss: posts big blind $0.05
*** HOLE CARDS ***
Dealt to Dorex2007 [6h 8c]
masonada213: raises $0.07 to $0.12
Dorex2007: folds 
woody099: folds 
In-Solem: calls $0.12
Fullator: calls $0.12
OSO-456: folds 
geniuss: folds 
*** FLOP *** [Kh Ac Qs]
masonada213: checks 
In-Solem: checks 
Fullator: bets $0.15
masonada213: folds 
In-Solem: folds 
Uncalled bet ($0.15) returned to Fullator
Fullator collected $0.41 from pot
Fullator: doesn't show hand 
*** SUMMARY ***
Total pot $0.43 | Rake $0.02 
Board [Kh Ac Qs]
Seat 2: OSO-456 (small blind) folded before Flop
Seat 3: geniuss (big blind) folded before Flop
Seat 4: masonada213 folded on the Flop
Seat 5: Dorex2007 folded before Flop (didn't bet)
Seat 6: woody099 folded before Flop (didn't bet)
Seat 7: In-Solem folded on the Flop
Seat 8: Fullator (button) collected ($0.41)



PokerStars Hand #237936727856:  Hold'em No Limit ($0.02/$0.05 USD) - 2022/08/11 18:24:58 PT [2022/08/11 21:24:58 ET]
Table 'Koronis III' 9-max Seat #2 is the button
Seat 2: OSO-456 ($5.05 in chips) 
Seat 3: geniuss ($5 in chips) 
Seat 4: masonada213 ($4.45 in chips) 
Seat 5: Dorex2007 ($5 in chips) 
Seat 6: woody099 ($5.73 in chips) 
Seat 7: In-Solem ($6.57 in chips) 
Seat 8: Fullator ($11.57 in chips) 
geniuss: posts small blind $0.02
masonada213: posts big blind $0.05
*** HOLE CARDS ***
Dealt to Dorex2007 [6d 2h]
Dorex2007: folds 
woody099: folds 
In-Solem: folds 
Fullator: folds 
OSO-456: raises $0.10 to $0.15
geniuss: folds 
masonada213: folds 
Uncalled bet ($0.10) returned to OSO-456
OSO-456 collected $0.12 from pot
OSO-456: doesn't show hand 
*** SUMMARY ***
Total pot $0.12 | Rake $0 
Seat 2: OSO-456 (button) collected ($0.12)
Seat 3: geniuss (small blind) folded before Flop
Seat 4: masonada213 (big blind) folded before Flop
Seat 5: Dorex2007 folded before Flop (didn't bet)
Seat 6: woody099 folded before Flop (didn't bet)
Seat 7: In-Solem folded before Flop (didn't bet)
Seat 8: Fullator folded before Flop (didn't bet)



PokerStars Hand #237936734490:  Hold'em No Limit ($0.02/$0.05 USD) - 2022/08/11 18:25:31 PT [2022/08/11 21:25:31 ET]
Table 'Koronis III' 9-max Seat #3 is the button
Seat 2: OSO-456 ($5.12 in chips) 
Seat 3: geniuss ($5 in chips) 
Seat 4: masonada213 ($4.40 in chips) 
Seat 5: Dorex2007 ($5 in chips) 
Seat 6: woody099 ($5.73 in chips) 
Seat 7: In-Solem ($6.57 in chips) 
Seat 8: Fullator ($11.57 in chips) 
masonada213: posts small blind $0.02
Dorex2007: posts big blind $0.05
*** HOLE CARDS ***
Dealt to Dorex2007 [7d Ts]
woody099: calls $0.05
In-Solem: folds 
Fullator: folds 
OSO-456: folds 
geniuss: folds 
masonada213: calls $0.03
Dorex2007: checks 
*** FLOP *** [Qs 7h Th]
qzmp123 joins the table at seat #1 
masonada213: checks 
Dorex2007: bets $0.25
woody099: folds 
masonada213: folds 
Uncalled bet ($0.25) returned to Dorex2007
Dorex2007 collected $0.14 from pot
Dorex2007: doesn't show hand 
*** SUMMARY ***
Total pot $0.15 | Rake $0.01 
Board [Qs 7h Th]
Seat 2: OSO-456 folded before Flop (didn't bet)
Seat 3: geniuss (button) folded before Flop (didn't bet)
Seat 4: masonada213 (small blind) folded on the Flop
Seat 5: Dorex2007 (big blind) collected ($0.14)
Seat 6: woody099 folded on the Flop
Seat 7: In-Solem folded before Flop (didn't bet)
Seat 8: Fullator folded before Flop (didn't bet)



PokerStars Hand #237936746316:  Hold'em No Limit ($0.02/$0.05 USD) - 2022/08/11 18:26:28 PT [2022/08/11 21:26:28 ET]
Table 'Koronis III' 9-max Seat #4 is the button
Seat 2: OSO-456 ($5.12 in chips) 
Seat 3: geniuss ($5 in chips) 
Seat 4: masonada213 ($4.35 in chips) 
Seat 5: Dorex2007 ($5.09 in chips) 
Seat 6: woody099 ($5.68 in chips) 
Seat 7: In-Solem ($6.57 in chips) 
Seat 8: Fullator ($11.57 in chips) 
Dorex2007: posts small blind $0.02
woody099: posts big blind $0.05
qzmp123: sits out 
*** HOLE CARDS ***
Dealt to Dorex2007 [Ac 7d]
In-Solem: folds 
Fullator: folds 
OSO-456: folds 
geniuss: folds 
masonada213: folds 
Dorex2007: raises $0.05 to $0.10
woody099: folds 
Uncalled bet ($0.05) returned to Dorex2007
Dorex2007 collected $0.10 from pot
Dorex2007: doesn't show hand 
*** SUMMARY ***
Total pot $0.10 | Rake $0 
Seat 2: OSO-456 folded before Flop (didn't bet)
Seat 3: geniuss folded before Flop (didn't bet)
Seat 4: masonada213 (button) folded before Flop (didn't bet)
Seat 5: Dorex2007 (small blind) collected ($0.10)
Seat 6: woody099 (big blind) folded before Flop
Seat 7: In-Solem folded before Flop (didn't bet)
Seat 8: Fullator folded before Flop (didn't bet)



PokerStars Hand #237936753659:  Hold'em No Limit ($0.02/$0.05 USD) - 2022/08/11 18:26:49 PT [2022/08/11 21:26:49 ET]
Table 'Koronis III' 9-max Seat #5 is the button
Seat 2: OSO-456 ($5.12 in chips) 
Seat 3: geniuss ($5 in chips) 
Seat 4: masonada213 ($4.35 in chips) 
Seat 5: Dorex2007 ($5.14 in chips) 
Seat 6: woody099 ($5.63 in chips) 
Seat 7: In-Solem ($6.57 in chips) 
Seat 8: Fullator ($11.57 in chips) 
woody099: posts small blind $0.02
In-Solem: posts big blind $0.05
qzmp123: sits out 
*** HOLE CARDS ***
Dealt to Dorex2007 [Ts 4s]
Fullator: folds 
OSO-456: folds 
geniuss: folds 
masonada213: raises $0.12 to $0.17
Dorex2007: folds 
woody099: folds 
In-Solem: folds 
Uncalled bet ($0.12) returned to masonada213
masonada213 collected $0.12 from pot
masonada213: doesn't show hand 
*** SUMMARY ***
Total pot $0.12 | Rake $0 
Seat 2: OSO-456 folded before Flop (didn't bet)
Seat 3: geniuss folded before Flop (didn't bet)
Seat 4: masonada213 collected ($0.12)
Seat 5: Dorex2007 (button) folded before Flop (didn't bet)
Seat 6: woody099 (small blind) folded before Flop
Seat 7: In-Solem (big blind) folded before Flop
Seat 8: Fullator folded before Flop (didn't bet)



PokerStars Hand #237936758465:  Hold'em No Limit ($0.02/$0.05 USD) - 2022/08/11 18:27:13 PT [2022/08/11 21:27:13 ET]
Table 'Koronis III' 9-max Seat #6 is the button
Seat 2: OSO-456 ($5.12 in chips) 
Seat 3: geniuss ($5 in chips) 
Seat 4: masonada213 ($4.42 in chips) 
Seat 5: Dorex2007 ($5.14 in chips) 
Seat 6: woody099 ($5.61 in chips) 
Seat 7: In-Solem ($6.52 in chips) 
Seat 8: Fullator ($11.57 in chips) 
In-Solem: posts small blind $0.02
Fullator: posts big blind $0.05
qzmp123: sits out 
*** HOLE CARDS ***
Dealt to Dorex2007 [Ac 7h]
OSO-456: raises $0.07 to $0.12
geniuss: folds 
masonada213: folds 
Dorex2007: folds 
woody099: folds 
In-Solem: raises $0.23 to $0.35
Fullator: folds 
OSO-456: calls $0.23
*** FLOP *** [6c 8h Jc]
In-Solem: bets $0.95
OSO-456: folds 
Uncalled bet ($0.95) returned to In-Solem
In-Solem collected $0.72 from pot
*** SUMMARY ***
Total pot $0.75 | Rake $0.03 
Board [6c 8h Jc]
Seat 2: OSO-456 folded on the Flop
Seat 3: geniuss folded before Flop (didn't bet)
Seat 4: masonada213 folded before Flop (didn't bet)
Seat 5: Dorex2007 folded before Flop (didn't bet)
Seat 6: woody099 (button) folded before Flop (didn't bet)
Seat 7: In-Solem (small blind) collected ($0.72)
Seat 8: Fullator (big blind) folded before Flop



PokerStars Hand #237936769724:  Hold'em No Limit ($0.02/$0.05 USD) - 2022/08/11 18:28:08 PT [2022/08/11 21:28:08 ET]
Table 'Koronis III' 9-max Seat #7 is the button
Seat 1: qzmp123 ($5 in chips) 
Seat 2: OSO-456 ($5 in chips) 
Seat 3: geniuss ($5 in chips) 
Seat 4: masonada213 ($4.42 in chips) 
Seat 5: Dorex2007 ($5.14 in chips) 
Seat 6: woody099 ($5.61 in chips) 
Seat 7: In-Solem ($6.89 in chips) 
Seat 8: Fullator ($11.52 in chips) 
Fullator: posts small blind $0.02
qzmp123: posts big blind $0.05
*** HOLE CARDS ***
Dealt to Dorex2007 [5d 9c]
OSO-456: folds 
geniuss: folds 
masonada213: raises $0.07 to $0.12
Dorex2007: folds 
woody099: folds 
In-Solem: calls $0.12
Fullator: calls $0.10
qzmp123: calls $0.07
*** FLOP *** [Qd 2d Jd]
Fullator: bets $0.25
qzmp123: folds 
masonada213: folds 
In-Solem: folds 
Uncalled bet ($0.25) returned to Fullator
Fullator collected $0.46 from pot
Fullator: doesn't show hand 
*** SUMMARY ***
Total pot $0.48 | Rake $0.02 
Board [Qd 2d Jd]
Seat 1: qzmp123 (big blind) folded on the Flop
Seat 2: OSO-456 folded before Flop (didn't bet)
Seat 3: geniuss folded before Flop (didn't bet)
Seat 4: masonada213 folded on the Flop
Seat 5: Dorex2007 folded before Flop (didn't bet)
Seat 6: woody099 folded before Flop (didn't bet)
Seat 7: In-Solem (button) folded on the Flop
Seat 8: Fullator (small blind) collected ($0.46)



PokerStars Hand #237936775653:  Hold'em No Limit ($0.02/$0.05 USD) - 2022/08/11 18:28:37 PT [2022/08/11 21:28:37 ET]
Table 'Koronis III' 9-max Seat #8 is the button
Seat 1: qzmp123 ($5 in chips) 
Seat 2: OSO-456 ($5 in chips) 
Seat 3: geniuss ($5 in chips) 
Seat 4: masonada213 ($4.30 in chips) 
Seat 5: Dorex2007 ($5.14 in chips) 
Seat 6: woody099 ($5.61 in chips) 
Seat 7: In-Solem ($6.77 in chips) 
Seat 8: Fullator ($11.86 in chips) 
qzmp123: posts small blind $0.02
OSO-456: posts big blind $0.05
*** HOLE CARDS ***
Dealt to Dorex2007 [2h 5d]
geniuss: folds 
masonada213: folds 
Dorex2007: folds 
woody099: folds 
In-Solem: folds 
Fullator: calls $0.05
qzmp123: raises $0.20 to $0.25
OSO-456: folds 
Fullator: folds 
Uncalled bet ($0.20) returned to qzmp123
qzmp123 collected $0.15 from pot
qzmp123: doesn't show hand 
*** SUMMARY ***
Total pot $0.15 | Rake $0 
Seat 1: qzmp123 (small blind) collected ($0.15)
Seat 2: OSO-456 (big blind) folded before Flop
Seat 3: geniuss folded before Flop (didn't bet)
Seat 4: masonada213 folded before Flop (didn't bet)
Seat 5: Dorex2007 folded before Flop (didn't bet)
Seat 6: woody099 folded before Flop (didn't bet)
Seat 7: In-Solem folded before Flop (didn't bet)
Seat 8: Fullator (button) folded before Flop



PokerStars Hand #237936782748:  Hold'em No Limit ($0.02/$0.05 USD) - 2022/08/11 18:29:13 PT [2022/08/11 21:29:13 ET]
Table 'Koronis III' 9-max Seat #1 is the button
Seat 1: qzmp123 ($5.10 in chips) 
Seat 2: OSO-456 ($5 in chips) 
Seat 3: geniuss ($5 in chips) 
Seat 4: masonada213 ($4.30 in chips) 
Seat 5: Dorex2007 ($5.14 in chips) 
Seat 6: woody099 ($5.61 in chips) 
Seat 7: In-Solem ($6.77 in chips) 
Seat 8: Fullator ($11.81 in chips) 
OSO-456: posts small blind $0.02
geniuss: posts big blind $0.05
enixblr: sits out 
*** HOLE CARDS ***
Dealt to Dorex2007 [Ks Qd]
masonada213: folds 
Dorex2007: raises $0.10 to $0.15
woody099: calls $0.15
In-Solem: folds 
Fullator: calls $0.15
qzmp123: folds 
OSO-456: folds 
geniuss: folds 
*** FLOP *** [Kd 6h 2d]
Dorex2007: bets $0.50
woody099: calls $0.50
Fullator: calls $0.50
*** TURN *** [Kd 6h 2d] [5s]
Dorex2007: checks 
woody099: bets $0.50
Fullator: calls $0.50
Dorex2007: calls $0.50
*** RIVER *** [Kd 6h 2d 5s] [5h]
Dorex2007: bets $0.50
woody099: calls $0.50
Fullator: folds [Qs Qc]
*** SHOW DOWN ***
Dorex2007: shows [Ks Qd] (two pair, Kings and Fives)
woody099: shows [Ac Kh] (two pair, Kings and Fives - Ace kicker)
woody099 collected $4.33 from pot
*** SUMMARY ***
Total pot $4.52 | Rake $0.19 
Board [Kd 6h 2d 5s 5h]
Seat 1: qzmp123 (button) folded before Flop (didn't bet)
Seat 2: OSO-456 (small blind) folded before Flop
Seat 3: geniuss (big blind) folded before Flop
Seat 4: masonada213 folded before Flop (didn't bet)
Seat 5: Dorex2007 showed [Ks Qd] and lost with two pair, Kings and Fives
Seat 6: woody099 showed [Ac Kh] and won ($4.33) with two pair, Kings and Fives
Seat 7: In-Solem folded before Flop (didn't bet)
Seat 8: Fullator folded on the River



