PokerStars Hand #237259370798:  Hold'em No Limit ($0.01/$0.02 USD) - 2022/07/09 12:37:26 PT [2022/07/09 15:37:26 ET]
Table 'Galvarino III' 9-max Seat #6 is the button
Seat 1: mataski ($2.59 in chips) 
Seat 2: Kid_Polton ($2.60 in chips) 
Seat 3: bustedwithaces ($1.93 in chips) 
Seat 4: LeandroAku ($2.15 in chips) 
Seat 5: Dorex2007 ($2 in chips) 
Seat 6: Ethomikse ($6.72 in chips) 
Seat 7: paul6776 ($4.20 in chips) 
Seat 8: Leon 1063 ($2.48 in chips) 
Seat 9: pinbotani ($4.02 in chips) 
paul6776: posts small blind $0.01
Leon 1063: posts big blind $0.02
Dorex2007: posts big blind $0.02
*** HOLE CARDS ***
Dealt to Dorex2007 [9c Th]
pinbotani: folds 
mataski: folds 
Kid_Polton: folds 
bustedwithaces: folds 
LeandroAku: folds 
Dorex2007: checks 
Ethomikse: folds 
paul6776: calls $0.01
Leon 1063: checks 
*** FLOP *** [8d 3d 7h]
paul6776: checks 
Leon 1063: checks 
Dorex2007: checks 
*** TURN *** [8d 3d 7h] [8c]
paul6776: checks 
Leon 1063: checks 
Dorex2007: checks 
*** RIVER *** [8d 3d 7h 8c] [6s]
paul6776: bets $0.05
Leon 1063: folds 
Dorex2007: raises $0.07 to $0.12
paul6776: folds 
Uncalled bet ($0.07) returned to Dorex2007
Dorex2007 collected $0.15 from pot
*** SUMMARY ***
Total pot $0.16 | Rake $0.01 
Board [8d 3d 7h 8c 6s]
Seat 1: mataski folded before Flop (didn't bet)
Seat 2: Kid_Polton folded before Flop (didn't bet)
Seat 3: bustedwithaces folded before Flop (didn't bet)
Seat 4: LeandroAku folded before Flop (didn't bet)
Seat 5: Dorex2007 collected ($0.15)
Seat 6: Ethomikse (button) folded before Flop (didn't bet)
Seat 7: paul6776 (small blind) folded on the River
Seat 8: Leon 1063 (big blind) folded on the River
Seat 9: pinbotani folded before Flop (didn't bet)



PokerStars Hand #237259391404:  Hold'em No Limit ($0.01/$0.02 USD) - 2022/07/09 12:38:26 PT [2022/07/09 15:38:26 ET]
Table 'Galvarino III' 9-max Seat #7 is the button
Seat 1: mataski ($2.59 in chips) 
Seat 2: Kid_Polton ($2.60 in chips) 
Seat 3: bustedwithaces ($1.93 in chips) 
Seat 4: LeandroAku ($2.15 in chips) 
Seat 5: Dorex2007 ($2.08 in chips) 
Seat 6: Ethomikse ($6.72 in chips) 
Seat 7: paul6776 ($4.13 in chips) 
Seat 8: Leon 1063 ($2.46 in chips) 
Leon 1063: posts small blind $0.01
pinbotani: is sitting out 
mataski: posts big blind $0.02
*** HOLE CARDS ***
Dealt to Dorex2007 [Js 2c]
pinbotani leaves the table
Kid_Polton: folds 
bustedwithaces: folds 
LeandroAku: folds 
Dorex2007: folds 
Ethomikse: raises $0.02 to $0.04
paul6776: folds 
Leon 1063: folds 
mataski: folds 
Uncalled bet ($0.02) returned to Ethomikse
Ethomikse collected $0.05 from pot
*** SUMMARY ***
Total pot $0.05 | Rake $0 
Seat 1: mataski (big blind) folded before Flop
Seat 2: Kid_Polton folded before Flop (didn't bet)
Seat 3: bustedwithaces folded before Flop (didn't bet)
Seat 4: LeandroAku folded before Flop (didn't bet)
Seat 5: Dorex2007 folded before Flop (didn't bet)
Seat 6: Ethomikse collected ($0.05)
Seat 7: paul6776 (button) folded before Flop (didn't bet)
Seat 8: Leon 1063 (small blind) folded before Flop



PokerStars Hand #237259398128:  Hold'em No Limit ($0.01/$0.02 USD) - 2022/07/09 12:38:46 PT [2022/07/09 15:38:46 ET]
Table 'Galvarino III' 9-max Seat #8 is the button
Seat 1: mataski ($2.57 in chips) 
Seat 2: Kid_Polton ($2.60 in chips) 
Seat 3: bustedwithaces ($1.93 in chips) 
Seat 4: LeandroAku ($2.15 in chips) 
Seat 5: Dorex2007 ($2.08 in chips) 
Seat 6: Ethomikse ($6.75 in chips) 
Seat 7: paul6776 ($4.13 in chips) 
Seat 8: Leon 1063 ($2.45 in chips) 
mataski: posts small blind $0.01
Kid_Polton: posts big blind $0.02
*** HOLE CARDS ***
Dealt to Dorex2007 [4d Ks]
bustedwithaces: folds 
LeandroAku: folds 
Dorex2007: folds 
Ethomikse: folds 
paul6776: raises $0.04 to $0.06
Leon 1063: folds 
mataski: folds 
Kid_Polton: folds 
Uncalled bet ($0.04) returned to paul6776
paul6776 collected $0.05 from pot
*** SUMMARY ***
Total pot $0.05 | Rake $0 
Seat 1: mataski (small blind) folded before Flop
Seat 2: Kid_Polton (big blind) folded before Flop
Seat 3: bustedwithaces folded before Flop (didn't bet)
Seat 4: LeandroAku folded before Flop (didn't bet)
Seat 5: Dorex2007 folded before Flop (didn't bet)
Seat 6: Ethomikse folded before Flop (didn't bet)
Seat 7: paul6776 collected ($0.05)
Seat 8: Leon 1063 (button) folded before Flop (didn't bet)



PokerStars Hand #237259409098:  Hold'em No Limit ($0.01/$0.02 USD) - 2022/07/09 12:39:17 PT [2022/07/09 15:39:17 ET]
Table 'Galvarino III' 9-max Seat #1 is the button
Seat 1: mataski ($2.56 in chips) 
Seat 2: Kid_Polton ($2.58 in chips) 
Seat 3: bustedwithaces ($1.93 in chips) 
Seat 4: LeandroAku ($2.15 in chips) 
Seat 5: Dorex2007 ($2.08 in chips) 
Seat 6: Ethomikse ($6.75 in chips) 
Seat 7: paul6776 ($4.16 in chips) 
Seat 8: Leon 1063 ($2.45 in chips) 
Kid_Polton: posts small blind $0.01
bustedwithaces: posts big blind $0.02
*** HOLE CARDS ***
Dealt to Dorex2007 [Ts 6d]
LeandroAku: folds 
Dorex2007: folds 
Ethomikse: folds 
paul6776: raises $0.04 to $0.06
Leon 1063: folds 
mataski: folds 
Kid_Polton: folds 
bustedwithaces: calls $0.04
*** FLOP *** [7d 4h 8s]
bustedwithaces: checks 
paul6776: bets $0.06
bustedwithaces: calls $0.06
*** TURN *** [7d 4h 8s] [Td]
bustedwithaces: checks 
19Dima87 joins the table at seat #9 
paul6776: checks 
*** RIVER *** [7d 4h 8s Td] [3s]
bustedwithaces: checks 
paul6776: bets $0.18
bustedwithaces: calls $0.18
*** SHOW DOWN ***
paul6776: shows [2h 2c] (a pair of Deuces)
bustedwithaces: shows [As 7h] (a pair of Sevens)
bustedwithaces collected $0.59 from pot
*** SUMMARY ***
Total pot $0.61 | Rake $0.02 
Board [7d 4h 8s Td 3s]
Seat 1: mataski (button) folded before Flop (didn't bet)
Seat 2: Kid_Polton (small blind) folded before Flop
Seat 3: bustedwithaces (big blind) showed [As 7h] and won ($0.59) with a pair of Sevens
Seat 4: LeandroAku folded before Flop (didn't bet)
Seat 5: Dorex2007 folded before Flop (didn't bet)
Seat 6: Ethomikse folded before Flop (didn't bet)
Seat 7: paul6776 showed [2h 2c] and lost with a pair of Deuces
Seat 8: Leon 1063 folded before Flop (didn't bet)



PokerStars Hand #237259434841:  Hold'em No Limit ($0.01/$0.02 USD) - 2022/07/09 12:40:31 PT [2022/07/09 15:40:31 ET]
Table 'Galvarino III' 9-max Seat #2 is the button
Seat 1: mataski ($2.56 in chips) 
Seat 2: Kid_Polton ($2.57 in chips) 
Seat 3: bustedwithaces ($2.22 in chips) 
Seat 4: LeandroAku ($2.15 in chips) 
Seat 5: Dorex2007 ($2.08 in chips) 
Seat 6: Ethomikse ($6.75 in chips) 
Seat 7: paul6776 ($3.86 in chips) 
Seat 8: Leon 1063 ($2.45 in chips) 
bustedwithaces: posts small blind $0.01
LeandroAku: posts big blind $0.02
19Dima87: sits out 
*** HOLE CARDS ***
Dealt to Dorex2007 [7d Kd]
Dorex2007: folds 
Ethomikse: folds 
paul6776: raises $0.05 to $0.07
Leon 1063: folds 
mataski: folds 
Kid_Polton: folds 
mataski leaves the table
mss40 joins the table at seat #1 
bustedwithaces: folds 
LeandroAku: folds 
Uncalled bet ($0.05) returned to paul6776
paul6776 collected $0.05 from pot
*** SUMMARY ***
Total pot $0.05 | Rake $0 
Seat 1: mataski folded before Flop (didn't bet)
Seat 2: Kid_Polton (button) folded before Flop (didn't bet)
Seat 3: bustedwithaces (small blind) folded before Flop
Seat 4: LeandroAku (big blind) folded before Flop
Seat 5: Dorex2007 folded before Flop (didn't bet)
Seat 6: Ethomikse folded before Flop (didn't bet)
Seat 7: paul6776 collected ($0.05)
Seat 8: Leon 1063 folded before Flop (didn't bet)



PokerStars Hand #237259446121:  Hold'em No Limit ($0.01/$0.02 USD) - 2022/07/09 12:41:04 PT [2022/07/09 15:41:04 ET]
Table 'Galvarino III' 9-max Seat #3 is the button
Seat 2: Kid_Polton ($2.57 in chips) 
Seat 3: bustedwithaces ($2.21 in chips) 
Seat 4: LeandroAku ($2.13 in chips) 
Seat 5: Dorex2007 ($2.08 in chips) 
Seat 6: Ethomikse ($6.75 in chips) 
Seat 7: paul6776 ($3.89 in chips) 
Seat 8: Leon 1063 ($2.45 in chips) 
LeandroAku: posts small blind $0.01
Dorex2007: posts big blind $0.02
19Dima87: sits out 
mss40: sits out 
*** HOLE CARDS ***
Dealt to Dorex2007 [7d Jc]
Ethomikse: folds 
paul6776: raises $0.05 to $0.07
Leon 1063: folds 
Kid_Polton: folds 
bustedwithaces: folds 
LeandroAku: folds 
Dorex2007: folds 
Uncalled bet ($0.05) returned to paul6776
paul6776 collected $0.05 from pot
*** SUMMARY ***
Total pot $0.05 | Rake $0 
Seat 2: Kid_Polton folded before Flop (didn't bet)
Seat 3: bustedwithaces (button) folded before Flop (didn't bet)
Seat 4: LeandroAku (small blind) folded before Flop
Seat 5: Dorex2007 (big blind) folded before Flop
Seat 6: Ethomikse folded before Flop (didn't bet)
Seat 7: paul6776 collected ($0.05)
Seat 8: Leon 1063 folded before Flop (didn't bet)



PokerStars Hand #237259455823:  Hold'em No Limit ($0.01/$0.02 USD) - 2022/07/09 12:41:33 PT [2022/07/09 15:41:33 ET]
Table 'Galvarino III' 9-max Seat #4 is the button
Seat 1: mss40 ($2 in chips) 
Seat 2: Kid_Polton ($2.57 in chips) 
Seat 3: bustedwithaces ($2.21 in chips) 
Seat 4: LeandroAku ($2.12 in chips) 
Seat 5: Dorex2007 ($2.06 in chips) 
Seat 6: Ethomikse ($6.75 in chips) 
Seat 7: paul6776 ($3.92 in chips) 
Seat 8: Leon 1063 ($2.45 in chips) 
Dorex2007: posts small blind $0.01
Ethomikse: posts big blind $0.02
19Dima87: sits out 
mss40: posts big blind $0.02
*** HOLE CARDS ***
Dealt to Dorex2007 [Kd Qs]
paul6776: folds 
Leon 1063: folds 
mss40: checks 
Kid_Polton: folds 
bustedwithaces: folds 
LeandroAku: raises $0.04 to $0.06
paul6776 leaves the table
Dorex2007: folds 
Ethomikse: calls $0.04
mss40: raises $0.06 to $0.12
LeandroAku: calls $0.06
Ethomikse: calls $0.06
*** FLOP *** [9d 9h 8c]
Ethomikse: checks 
mss40: checks 
LeandroAku: bets $0.27
Ethomikse: folds 
mss40: folds 
Uncalled bet ($0.27) returned to LeandroAku
LeandroAku collected $0.36 from pot
*** SUMMARY ***
Total pot $0.37 | Rake $0.01 
Board [9d 9h 8c]
Seat 1: mss40 folded on the Flop
Seat 2: Kid_Polton folded before Flop (didn't bet)
Seat 3: bustedwithaces folded before Flop (didn't bet)
Seat 4: LeandroAku (button) collected ($0.36)
Seat 5: Dorex2007 (small blind) folded before Flop
Seat 6: Ethomikse (big blind) folded on the Flop
Seat 7: paul6776 folded before Flop (didn't bet)
Seat 8: Leon 1063 folded before Flop (didn't bet)



PokerStars Hand #237259484630:  Hold'em No Limit ($0.01/$0.02 USD) - 2022/07/09 12:42:56 PT [2022/07/09 15:42:56 ET]
Table 'Galvarino III' 9-max Seat #5 is the button
Seat 1: mss40 ($1.88 in chips) 
Seat 2: Kid_Polton ($2.57 in chips) 
Seat 3: bustedwithaces ($2.21 in chips) 
Seat 4: LeandroAku ($2.36 in chips) 
Seat 5: Dorex2007 ($2.05 in chips) 
Seat 6: Ethomikse ($6.63 in chips) 
Seat 8: Leon 1063 ($2.45 in chips) 
Ethomikse: posts small blind $0.01
Leon 1063: posts big blind $0.02
19Dima87: sits out 
*** HOLE CARDS ***
Dealt to Dorex2007 [3c Qh]
mss40: calls $0.02
Kid_Polton: folds 
bustedwithaces has timed out
bustedwithaces: folds 
zoleeuk22 joins the table at seat #7 
LeandroAku: folds 
Dorex2007: folds 
Ethomikse: folds 
Leon 1063: checks 
*** FLOP *** [8c 5d Jc]
Leon 1063: checks 
mss40: checks 
*** TURN *** [8c 5d Jc] [8h]
Leon 1063: bets $0.02
mss40: raises $0.02 to $0.04
Leon 1063: calls $0.02
*** RIVER *** [8c 5d Jc 8h] [Ks]
Leon 1063: bets $0.04
mss40: folds 
Uncalled bet ($0.04) returned to Leon 1063
Leon 1063 collected $0.13 from pot
*** SUMMARY ***
Total pot $0.13 | Rake $0 
Board [8c 5d Jc 8h Ks]
Seat 1: mss40 folded on the River
Seat 2: Kid_Polton folded before Flop (didn't bet)
Seat 3: bustedwithaces folded before Flop (didn't bet)
Seat 4: LeandroAku folded before Flop (didn't bet)
Seat 5: Dorex2007 (button) folded before Flop (didn't bet)
Seat 6: Ethomikse (small blind) folded before Flop
Seat 8: Leon 1063 (big blind) collected ($0.13)



PokerStars Hand #237259510570:  Hold'em No Limit ($0.01/$0.02 USD) - 2022/07/09 12:43:57 PT [2022/07/09 15:43:57 ET]
Table 'Galvarino III' 9-max Seat #6 is the button
Seat 1: mss40 ($1.82 in chips) 
Seat 2: Kid_Polton ($2.57 in chips) 
Seat 3: bustedwithaces ($2.21 in chips) 
Seat 4: LeandroAku ($2.36 in chips) 
Seat 5: Dorex2007 ($2.05 in chips) 
Seat 6: Ethomikse ($6.62 in chips) 
Seat 8: Leon 1063 ($2.52 in chips) 
Seat 9: 19Dima87 ($0.80 in chips) 
Leon 1063: posts small blind $0.01
19Dima87: posts big blind $0.02
*** HOLE CARDS ***
Dealt to Dorex2007 [Kd 9d]
mss40: calls $0.02
Kid_Polton: folds 
bustedwithaces: folds 
LeandroAku: folds 
Dorex2007: folds 
Ethomikse: folds 
Leon 1063: raises $0.04 to $0.06
19Dima87: calls $0.04
mss40: calls $0.04
*** FLOP *** [As 5s 8c]
Leon 1063: checks 
19Dima87: checks 
mss40: checks 
*** TURN *** [As 5s 8c] [8s]
Leon 1063: checks 
19Dima87: checks 
mss40: bets $0.08
Leon 1063: folds 
19Dima87: folds 
Uncalled bet ($0.08) returned to mss40
mss40 collected $0.17 from pot
*** SUMMARY ***
Total pot $0.18 | Rake $0.01 
Board [As 5s 8c 8s]
Seat 1: mss40 collected ($0.17)
Seat 2: Kid_Polton folded before Flop (didn't bet)
Seat 3: bustedwithaces folded before Flop (didn't bet)
Seat 4: LeandroAku folded before Flop (didn't bet)
Seat 5: Dorex2007 folded before Flop (didn't bet)
Seat 6: Ethomikse (button) folded before Flop (didn't bet)
Seat 8: Leon 1063 (small blind) folded on the Turn
Seat 9: 19Dima87 (big blind) folded on the Turn



PokerStars Hand #237259533563:  Hold'em No Limit ($0.01/$0.02 USD) - 2022/07/09 12:45:04 PT [2022/07/09 15:45:04 ET]
Table 'Galvarino III' 9-max Seat #8 is the button
Seat 1: mss40 ($1.93 in chips) 
Seat 2: Kid_Polton ($2.57 in chips) 
Seat 3: bustedwithaces ($2.21 in chips) 
Seat 4: LeandroAku ($2.36 in chips) 
Seat 5: Dorex2007 ($2.05 in chips) 
Seat 6: Ethomikse ($6.62 in chips) 
Seat 7: zoleeuk22 ($1.86 in chips) 
Seat 8: Leon 1063 ($2.46 in chips) 
Seat 9: 19Dima87 ($0.74 in chips) 
19Dima87: posts small blind $0.01
mss40: posts big blind $0.02
zoleeuk22: posts big blind $0.02
*** HOLE CARDS ***
Dealt to Dorex2007 [5s 9d]
Kid_Polton: raises $0.06 to $0.08
bustedwithaces: folds 
LeandroAku: folds 
Dorex2007: folds 
Ethomikse: folds 
zoleeuk22: folds 
Leon 1063: folds 
19Dima87: calls $0.07
mss40: folds 
*** FLOP *** [8h Ks Jd]
19Dima87: checks 
Kid_Polton: checks 
*** TURN *** [8h Ks Jd] [Kd]
19Dima87: checks 
Kid_Polton: checks 
*** RIVER *** [8h Ks Jd Kd] [5c]
19Dima87: bets $0.02
Kid_Polton: calls $0.02
*** SHOW DOWN ***
19Dima87: shows [Td Th] (two pair, Kings and Tens)
Kid_Polton: shows [Tc Jc] (two pair, Kings and Jacks)
Kid_Polton collected $0.23 from pot
*** SUMMARY ***
Total pot $0.24 | Rake $0.01 
Board [8h Ks Jd Kd 5c]
Seat 1: mss40 (big blind) folded before Flop
Seat 2: Kid_Polton showed [Tc Jc] and won ($0.23) with two pair, Kings and Jacks
Seat 3: bustedwithaces folded before Flop (didn't bet)
Seat 4: LeandroAku folded before Flop (didn't bet)
Seat 5: Dorex2007 folded before Flop (didn't bet)
Seat 6: Ethomikse folded before Flop (didn't bet)
Seat 7: zoleeuk22 folded before Flop (didn't bet)
Seat 8: Leon 1063 (button) folded before Flop (didn't bet)
Seat 9: 19Dima87 (small blind) showed [Td Th] and lost with two pair, Kings and Tens



PokerStars Hand #237259551008:  Hold'em No Limit ($0.01/$0.02 USD) - 2022/07/09 12:45:54 PT [2022/07/09 15:45:54 ET]
Table 'Galvarino III' 9-max Seat #9 is the button
Seat 1: mss40 ($1.91 in chips) 
Seat 2: Kid_Polton ($2.70 in chips) 
Seat 3: bustedwithaces ($2.21 in chips) 
Seat 4: LeandroAku ($2.36 in chips) 
Seat 5: Dorex2007 ($2.05 in chips) 
Seat 7: zoleeuk22 ($1.84 in chips) 
Seat 8: Leon 1063 ($2.46 in chips) 
Seat 9: 19Dima87 ($0.64 in chips) 
mss40: posts small blind $0.01
Kid_Polton: posts big blind $0.02
*** HOLE CARDS ***
Dealt to Dorex2007 [2h Jd]
bustedwithaces has timed out
bustedwithaces: folds 
LeandroAku: folds 
Dorex2007: folds 
zoleeuk22: raises $0.02 to $0.04
Leon 1063: folds 
19Dima87: folds 
mss40: raises $0.02 to $0.06
Kid_Polton: folds 
zoleeuk22: raises $0.02 to $0.08
mss40: calls $0.02
*** FLOP *** [6s 4h Ah]
mss40: checks 
zoleeuk22: bets $0.16
mss40: folds 
Uncalled bet ($0.16) returned to zoleeuk22
zoleeuk22 collected $0.17 from pot
*** SUMMARY ***
Total pot $0.18 | Rake $0.01 
Board [6s 4h Ah]
Seat 1: mss40 (small blind) folded on the Flop
Seat 2: Kid_Polton (big blind) folded before Flop
Seat 3: bustedwithaces folded before Flop (didn't bet)
Seat 4: LeandroAku folded before Flop (didn't bet)
Seat 5: Dorex2007 folded before Flop (didn't bet)
Seat 7: zoleeuk22 collected ($0.17)
Seat 8: Leon 1063 folded before Flop (didn't bet)
Seat 9: 19Dima87 (button) folded before Flop (didn't bet)



PokerStars Hand #237259565382:  Hold'em No Limit ($0.01/$0.02 USD) - 2022/07/09 12:46:36 PT [2022/07/09 15:46:36 ET]
Table 'Galvarino III' 9-max Seat #1 is the button
Seat 1: mss40 ($1.83 in chips) 
Seat 2: Kid_Polton ($2.68 in chips) 
Seat 3: bustedwithaces ($2.21 in chips) 
Seat 4: LeandroAku ($2.36 in chips) 
Seat 5: Dorex2007 ($2.05 in chips) 
Seat 7: zoleeuk22 ($1.93 in chips) 
Seat 8: Leon 1063 ($2.46 in chips) 
Seat 9: 19Dima87 ($0.64 in chips) 
Kid_Polton: posts small blind $0.01
bustedwithaces: posts big blind $0.02
*** HOLE CARDS ***
Dealt to Dorex2007 [Kc Td]
LeandroAku: folds 
Dorex2007: folds 
zoleeuk22: calls $0.02
Leon 1063: folds 
19Dima87: folds 
mss40: calls $0.02
Kid_Polton: folds 
bustedwithaces has timed out
bustedwithaces: checks 
*** FLOP *** [Jd 5c Ad]
bustedwithaces: checks 
zoleeuk22: checks 
mss40: checks 
*** TURN *** [Jd 5c Ad] [6d]
bustedwithaces: checks 
zoleeuk22: bets $0.03
mss40: raises $0.05 to $0.08
bustedwithaces: folds 
zoleeuk22: folds 
Uncalled bet ($0.05) returned to mss40
mss40 collected $0.13 from pot
*** SUMMARY ***
Total pot $0.13 | Rake $0 
Board [Jd 5c Ad 6d]
Seat 1: mss40 (button) collected ($0.13)
Seat 2: Kid_Polton (small blind) folded before Flop
Seat 3: bustedwithaces (big blind) folded on the Turn
Seat 4: LeandroAku folded before Flop (didn't bet)
Seat 5: Dorex2007 folded before Flop (didn't bet)
Seat 7: zoleeuk22 folded on the Turn
Seat 8: Leon 1063 folded before Flop (didn't bet)
Seat 9: 19Dima87 folded before Flop (didn't bet)



PokerStars Hand #237259604525:  Hold'em No Limit ($0.01/$0.02 USD) - 2022/07/09 12:48:30 PT [2022/07/09 15:48:30 ET]
Table 'Galvarino III' 9-max Seat #2 is the button
Seat 1: mss40 ($1.91 in chips) 
Seat 2: Kid_Polton ($2.67 in chips) 
Seat 3: bustedwithaces ($2.19 in chips) 
Seat 4: LeandroAku ($2.36 in chips) 
Seat 5: Dorex2007 ($2.05 in chips) 
Seat 7: zoleeuk22 ($1.88 in chips) 
Seat 8: Leon 1063 ($2.46 in chips) 
Seat 9: 19Dima87 ($0.64 in chips) 
bustedwithaces: posts small blind $0.01
LeandroAku: posts big blind $0.02
*** HOLE CARDS ***
Dealt to Dorex2007 [4c Js]
Dorex2007: folds 
zoleeuk22: folds 
Leon 1063: folds 
19Dima87: folds 
mss40: calls $0.02
Kid_Polton: raises $0.06 to $0.08
bustedwithaces: folds 
LeandroAku: folds 
mss40: folds 
Uncalled bet ($0.06) returned to Kid_Polton
Kid_Polton collected $0.07 from pot
*** SUMMARY ***
Total pot $0.07 | Rake $0 
Seat 1: mss40 folded before Flop
Seat 2: Kid_Polton (button) collected ($0.07)
Seat 3: bustedwithaces (small blind) folded before Flop
Seat 4: LeandroAku (big blind) folded before Flop
Seat 5: Dorex2007 folded before Flop (didn't bet)
Seat 7: zoleeuk22 folded before Flop (didn't bet)
Seat 8: Leon 1063 folded before Flop (didn't bet)
Seat 9: 19Dima87 folded before Flop (didn't bet)



PokerStars Hand #237259617954:  Hold'em No Limit ($0.01/$0.02 USD) - 2022/07/09 12:49:09 PT [2022/07/09 15:49:09 ET]
Table 'Galvarino III' 9-max Seat #3 is the button
Seat 1: mss40 ($1.89 in chips) 
Seat 2: Kid_Polton ($2.72 in chips) 
Seat 3: bustedwithaces ($2.18 in chips) 
Seat 4: LeandroAku ($2.34 in chips) 
Seat 5: Dorex2007 ($2.05 in chips) 
Seat 7: zoleeuk22 ($1.88 in chips) 
Seat 8: Leon 1063 ($2.46 in chips) 
Seat 9: 19Dima87 ($0.64 in chips) 
LeandroAku: posts small blind $0.01
Dorex2007: posts big blind $0.02
*** HOLE CARDS ***
Dealt to Dorex2007 [7s 9d]
zoleeuk22: calls $0.02
Leon 1063: folds 
19Dima87: calls $0.02
mss40 has timed out
mss40: folds 
Kid_Polton: folds 
bustedwithaces: folds 
LeandroAku: folds 
Dorex2007: checks 
*** FLOP *** [2h Ad 9h]
Dorex2007: checks 
zoleeuk22: bets $0.04
19Dima87: folds 
Dorex2007: folds 
Uncalled bet ($0.04) returned to zoleeuk22
zoleeuk22 collected $0.07 from pot
*** SUMMARY ***
Total pot $0.07 | Rake $0 
Board [2h Ad 9h]
Seat 1: mss40 folded before Flop (didn't bet)
Seat 2: Kid_Polton folded before Flop (didn't bet)
Seat 3: bustedwithaces (button) folded before Flop (didn't bet)
Seat 4: LeandroAku (small blind) folded before Flop
Seat 5: Dorex2007 (big blind) folded on the Flop
Seat 7: zoleeuk22 collected ($0.07)
Seat 8: Leon 1063 folded before Flop (didn't bet)
Seat 9: 19Dima87 folded on the Flop



PokerStars Hand #237259634085:  Hold'em No Limit ($0.01/$0.02 USD) - 2022/07/09 12:49:56 PT [2022/07/09 15:49:56 ET]
Table 'Galvarino III' 9-max Seat #5 is the button
Seat 1: mss40 ($1.89 in chips) 
Seat 2: Kid_Polton ($2.72 in chips) 
Seat 3: bustedwithaces ($2.18 in chips) 
Seat 5: Dorex2007 ($2.03 in chips) 
Seat 7: zoleeuk22 ($1.93 in chips) 
Seat 8: Leon 1063 ($2.46 in chips) 
Seat 9: 19Dima87 ($0.62 in chips) 
zoleeuk22: posts small blind $0.01
Leon 1063: posts big blind $0.02
*** HOLE CARDS ***
Dealt to Dorex2007 [9d 2d]
19Dima87: calls $0.02
mss40: calls $0.02
Kid_Polton: folds 
bustedwithaces: calls $0.02
Dorex2007: folds 
zoleeuk22: folds 
Leon 1063: checks 
*** FLOP *** [Qh 3s Th]
Leon 1063: checks 
19Dima87: checks 
mss40: checks 
bustedwithaces: bets $0.06
Leon 1063: calls $0.06
19Dima87: folds 
mss40: calls $0.06
*** TURN *** [Qh 3s Th] [7s]
Leon 1063: checks 
mss40: checks 
bustedwithaces: checks 
*** RIVER *** [Qh 3s Th 7s] [9s]
Leon 1063: checks 
mss40: bets $0.13
bustedwithaces: folds 
Leon 1063: folds 
Uncalled bet ($0.13) returned to mss40
mss40 collected $0.26 from pot
*** SUMMARY ***
Total pot $0.27 | Rake $0.01 
Board [Qh 3s Th 7s 9s]
Seat 1: mss40 collected ($0.26)
Seat 2: Kid_Polton folded before Flop (didn't bet)
Seat 3: bustedwithaces folded on the River
Seat 5: Dorex2007 (button) folded before Flop (didn't bet)
Seat 7: zoleeuk22 (small blind) folded before Flop
Seat 8: Leon 1063 (big blind) folded on the River
Seat 9: 19Dima87 folded on the Flop



PokerStars Hand #237259678384:  Hold'em No Limit ($0.01/$0.02 USD) - 2022/07/09 12:52:05 PT [2022/07/09 15:52:05 ET]
Table 'Galvarino III' 9-max Seat #7 is the button
Seat 1: mss40 ($2.07 in chips) 
Seat 2: Kid_Polton ($2.72 in chips) 
Seat 3: bustedwithaces ($2.10 in chips) 
Seat 5: Dorex2007 ($2.03 in chips) 
Seat 7: zoleeuk22 ($1.92 in chips) 
Seat 8: Leon 1063 ($2.38 in chips) 
Seat 9: 19Dima87 ($0.60 in chips) 
Leon 1063: posts small blind $0.01
19Dima87: posts big blind $0.02
Ethomikse: sits out 
*** HOLE CARDS ***
Dealt to Dorex2007 [Kd Jc]
mss40: calls $0.02
Kid_Polton: folds 
bustedwithaces: folds 
Dorex2007: raises $0.06 to $0.08
zoleeuk22: folds 
Leon 1063: folds 
19Dima87: folds 
mss40: calls $0.06
*** FLOP *** [Ac 9s 7h]
mss40: checks 
Dorex2007: bets $0.09
mss40: folds 
Uncalled bet ($0.09) returned to Dorex2007
Dorex2007 collected $0.18 from pot
*** SUMMARY ***
Total pot $0.19 | Rake $0.01 
Board [Ac 9s 7h]
Seat 1: mss40 folded on the Flop
Seat 2: Kid_Polton folded before Flop (didn't bet)
Seat 3: bustedwithaces folded before Flop (didn't bet)
Seat 5: Dorex2007 collected ($0.18)
Seat 7: zoleeuk22 (button) folded before Flop (didn't bet)
Seat 8: Leon 1063 (small blind) folded before Flop
Seat 9: 19Dima87 (big blind) folded before Flop



PokerStars Hand #237259688836:  Hold'em No Limit ($0.01/$0.02 USD) - 2022/07/09 12:52:35 PT [2022/07/09 15:52:35 ET]
Table 'Galvarino III' 9-max Seat #8 is the button
Seat 1: mss40 ($1.99 in chips) 
Seat 2: Kid_Polton ($2.72 in chips) 
Seat 3: bustedwithaces ($2.10 in chips) 
Seat 5: Dorex2007 ($2.13 in chips) 
Seat 6: Ethomikse ($6.62 in chips) 
Seat 7: zoleeuk22 ($1.92 in chips) 
Seat 8: Leon 1063 ($2.37 in chips) 
Seat 9: 19Dima87 ($0.58 in chips) 
19Dima87: posts small blind $0.01
mss40: posts big blind $0.02
Ethomikse: posts small blind $0.01
*** HOLE CARDS ***
Dealt to Dorex2007 [5h Qh]
Kid_Polton: folds 
bustedwithaces: folds 
Dorex2007: folds 
Ethomikse: folds 
zoleeuk22: folds 
Leon 1063: folds 
19Dima87: calls $0.01
mss40: raises $0.02 to $0.04
19Dima87: calls $0.02
*** FLOP *** [Kd Jc Qd]
19Dima87: checks 
mss40: checks 
*** TURN *** [Kd Jc Qd] [Qs]
19Dima87: checks 
mss40: bets $0.06
19Dima87: folds 
Uncalled bet ($0.06) returned to mss40
mss40 collected $0.09 from pot
*** SUMMARY ***
Total pot $0.09 | Rake $0 
Board [Kd Jc Qd Qs]
Seat 1: mss40 (big blind) collected ($0.09)
Seat 2: Kid_Polton folded before Flop (didn't bet)
Seat 3: bustedwithaces folded before Flop (didn't bet)
Seat 5: Dorex2007 folded before Flop (didn't bet)
Seat 6: Ethomikse folded before Flop (didn't bet)
Seat 7: zoleeuk22 folded before Flop (didn't bet)
Seat 8: Leon 1063 (button) folded before Flop (didn't bet)
Seat 9: 19Dima87 (small blind) folded on the Turn



PokerStars Hand #237259718266:  Hold'em No Limit ($0.01/$0.02 USD) - 2022/07/09 12:53:49 PT [2022/07/09 15:53:49 ET]
Table 'Galvarino III' 9-max Seat #9 is the button
Seat 1: mss40 ($2.04 in chips) 
Seat 2: Kid_Polton ($2.72 in chips) 
Seat 3: bustedwithaces ($2.10 in chips) 
Seat 5: Dorex2007 ($2.13 in chips) 
Seat 6: Ethomikse ($6.61 in chips) 
Seat 7: zoleeuk22 ($1.92 in chips) 
Seat 8: Leon 1063 ($2.37 in chips) 
Seat 9: 19Dima87 ($0.54 in chips) 
mss40: posts small blind $0.01
Kid_Polton: posts big blind $0.02
*** HOLE CARDS ***
Dealt to Dorex2007 [Qd 9h]
bustedwithaces: folds 
Dorex2007: folds 
Ethomikse: raises $0.07 to $0.09
zoleeuk22: folds 
Leon 1063: folds 
19Dima87: calls $0.09
mss40: calls $0.08
Kid_Polton: folds 
*** FLOP *** [5c 4d Jh]
mss40: checks 
Ethomikse: bets $0.28
19Dima87: raises $0.17 to $0.45 and is all-in
mss40: folds 
Ethomikse: calls $0.17
*** TURN *** [5c 4d Jh] [3s]
*** RIVER *** [5c 4d Jh 3s] [8h]
*** SHOW DOWN ***
Ethomikse: shows [As Jd] (a pair of Jacks)
19Dima87: shows [Kh 4h] (a pair of Fours)
Ethomikse cashed out the hand for $0.87 | Cash Out Fee $0.01
*** SUMMARY ***
Total pot $1.19 | Rake $0.04 
Board [5c 4d Jh 3s 8h]
Seat 1: mss40 (small blind) folded on the Flop
Seat 2: Kid_Polton (big blind) folded before Flop
Seat 3: bustedwithaces folded before Flop (didn't bet)
Seat 5: Dorex2007 folded before Flop (didn't bet)
Seat 6: Ethomikse showed [As Jd] and won ($1.15) with a pair of Jacks (pot not awarded as player cashed out)
Seat 7: zoleeuk22 folded before Flop (didn't bet)
Seat 8: Leon 1063 folded before Flop (didn't bet)
Seat 9: 19Dima87 (button) showed [Kh 4h] and lost with a pair of Fours



PokerStars Hand #237259739974:  Hold'em No Limit ($0.01/$0.02 USD) - 2022/07/09 12:54:53 PT [2022/07/09 15:54:53 ET]
Table 'Galvarino III' 9-max Seat #1 is the button
Seat 1: mss40 ($1.95 in chips) 
Seat 2: Kid_Polton ($2.70 in chips) 
Seat 3: bustedwithaces ($2.10 in chips) 
Seat 5: Dorex2007 ($2.13 in chips) 
Seat 6: Ethomikse ($6.94 in chips) 
Seat 7: zoleeuk22 ($1.92 in chips) 
Seat 8: Leon 1063 ($2.37 in chips) 
Kid_Polton: posts small blind $0.01
bustedwithaces: posts big blind $0.02
*** HOLE CARDS ***
Dealt to Dorex2007 [7c Ks]
Dorex2007: folds 
Ethomikse: folds 
zoleeuk22: calls $0.02
Leon 1063: folds 
mss40: raises $0.04 to $0.06
Kid_Polton: folds 
bustedwithaces: folds 
zoleeuk22: calls $0.04
*** FLOP *** [5h 8s Jd]
zoleeuk22: checks 
mss40: bets $0.06
zoleeuk22: folds 
Uncalled bet ($0.06) returned to mss40
mss40 collected $0.14 from pot
*** SUMMARY ***
Total pot $0.15 | Rake $0.01 
Board [5h 8s Jd]
Seat 1: mss40 (button) collected ($0.14)
Seat 2: Kid_Polton (small blind) folded before Flop
Seat 3: bustedwithaces (big blind) folded before Flop
Seat 5: Dorex2007 folded before Flop (didn't bet)
Seat 6: Ethomikse folded before Flop (didn't bet)
Seat 7: zoleeuk22 folded on the Flop
Seat 8: Leon 1063 folded before Flop (didn't bet)



PokerStars Hand #237259752034:  Hold'em No Limit ($0.01/$0.02 USD) - 2022/07/09 12:55:39 PT [2022/07/09 15:55:39 ET]
Table 'Galvarino III' 9-max Seat #2 is the button
Seat 1: mss40 ($2.03 in chips) 
Seat 2: Kid_Polton ($2.69 in chips) 
Seat 3: bustedwithaces ($2.08 in chips) 
Seat 5: Dorex2007 ($2.13 in chips) 
Seat 6: Ethomikse ($6.94 in chips) 
Seat 7: zoleeuk22 ($1.86 in chips) 
Seat 8: Leon 1063 ($2.37 in chips) 
Seat 9: 19Dima87 ($0.80 in chips) 
bustedwithaces: posts small blind $0.01
Dorex2007: posts big blind $0.02
*** HOLE CARDS ***
Dealt to Dorex2007 [2h 9h]
Ethomikse: folds 
zoleeuk22: folds 
Leon 1063: folds 
19Dima87: calls $0.02
mss40: calls $0.02
Kid_Polton: folds 
bustedwithaces: folds 
Dorex2007: checks 
*** FLOP *** [2c 3c 9d]
Dorex2007: bets $0.05
19Dima87: folds 
mss40: folds 
Uncalled bet ($0.05) returned to Dorex2007
Dorex2007 collected $0.07 from pot
*** SUMMARY ***
Total pot $0.07 | Rake $0 
Board [2c 3c 9d]
Seat 1: mss40 folded on the Flop
Seat 2: Kid_Polton (button) folded before Flop (didn't bet)
Seat 3: bustedwithaces (small blind) folded before Flop
Seat 5: Dorex2007 (big blind) collected ($0.07)
Seat 6: Ethomikse folded before Flop (didn't bet)
Seat 7: zoleeuk22 folded before Flop (didn't bet)
Seat 8: Leon 1063 folded before Flop (didn't bet)
Seat 9: 19Dima87 folded on the Flop



PokerStars Hand #237259759645:  Hold'em No Limit ($0.01/$0.02 USD) - 2022/07/09 12:56:09 PT [2022/07/09 15:56:09 ET]
Table 'Galvarino III' 9-max Seat #3 is the button
Seat 1: mss40 ($2.01 in chips) 
Seat 2: Kid_Polton ($2.69 in chips) 
Seat 3: bustedwithaces ($2.07 in chips) 
Seat 5: Dorex2007 ($2.18 in chips) 
Seat 6: Ethomikse ($6.94 in chips) 
Seat 7: zoleeuk22 ($1.86 in chips) 
Seat 8: Leon 1063 ($2.37 in chips) 
Seat 9: 19Dima87 ($0.78 in chips) 
Dorex2007: posts small blind $0.01
Ethomikse: posts big blind $0.02
*** HOLE CARDS ***
Dealt to Dorex2007 [9h Kh]
zoleeuk22: folds 
Leon 1063: folds 
19Dima87: calls $0.02
mss40: calls $0.02
Leon 1063 leaves the table
Kid_Polton: folds 
bustedwithaces: folds 
Dorex2007: calls $0.01
Ethomikse: checks 
*** FLOP *** [2h 7d 6h]
Dorex2007: checks 
Ethomikse: checks 
talento0013 joins the table at seat #8 
19Dima87: checks 
mss40: checks 
*** TURN *** [2h 7d 6h] [7h]
Dorex2007: bets $0.04
Ethomikse: folds 
19Dima87: folds 
mss40: raises $0.04 to $0.08
Dorex2007: calls $0.04
*** RIVER *** [2h 7d 6h 7h] [7s]
Dorex2007: bets $0.15
mss40: folds 
Uncalled bet ($0.15) returned to Dorex2007
Dorex2007 collected $0.23 from pot
*** SUMMARY ***
Total pot $0.24 | Rake $0.01 
Board [2h 7d 6h 7h 7s]
Seat 1: mss40 folded on the River
Seat 2: Kid_Polton folded before Flop (didn't bet)
Seat 3: bustedwithaces (button) folded before Flop (didn't bet)
Seat 5: Dorex2007 (small blind) collected ($0.23)
Seat 6: Ethomikse (big blind) folded on the Turn
Seat 7: zoleeuk22 folded before Flop (didn't bet)
Seat 8: Leon 1063 folded before Flop (didn't bet)
Seat 9: 19Dima87 folded on the Turn



PokerStars Hand #237259781845:  Hold'em No Limit ($0.01/$0.02 USD) - 2022/07/09 12:57:38 PT [2022/07/09 15:57:38 ET]
Table 'Galvarino III' 9-max Seat #5 is the button
Seat 1: mss40 ($1.91 in chips) 
Seat 2: Kid_Polton ($2.69 in chips) 
Seat 3: bustedwithaces ($2.07 in chips) 
Seat 5: Dorex2007 ($2.31 in chips) 
Seat 6: Ethomikse ($6.92 in chips) 
Seat 7: zoleeuk22 ($1.86 in chips) 
Seat 8: talento0013 ($0.80 in chips) 
Seat 9: 19Dima87 ($0.76 in chips) 
Ethomikse: posts small blind $0.01
zoleeuk22: posts big blind $0.02
talento0013: posts big blind $0.02
*** HOLE CARDS ***
Dealt to Dorex2007 [Td Ad]
talento0013: raises $0.06 to $0.08
19Dima87: calls $0.08
mss40: raises $0.06 to $0.14
Kid_Polton: folds 
bustedwithaces: folds 
Dorex2007: folds 
Ethomikse: folds 
zoleeuk22: folds 
talento0013: calls $0.06
19Dima87: calls $0.06
*** FLOP *** [2c 3h Kc]
talento0013: checks 
19Dima87: checks 
mss40: checks 
*** TURN *** [2c 3h Kc] [7h]
talento0013: bets $0.06
19Dima87: calls $0.06
mss40: raises $0.06 to $0.12
talento0013: folds 
19Dima87: calls $0.06
*** RIVER *** [2c 3h Kc 7h] [Kh]
19Dima87: checks 
mss40: checks 
*** SHOW DOWN ***
19Dima87: shows [7c 9c] (two pair, Kings and Sevens)
mss40: mucks hand 
19Dima87 collected $0.71 from pot
*** SUMMARY ***
Total pot $0.75 | Rake $0.04 
Board [2c 3h Kc 7h Kh]
Seat 1: mss40 mucked [5h 5s]
Seat 2: Kid_Polton folded before Flop (didn't bet)
Seat 3: bustedwithaces folded before Flop (didn't bet)
Seat 5: Dorex2007 (button) folded before Flop (didn't bet)
Seat 6: Ethomikse (small blind) folded before Flop
Seat 7: zoleeuk22 (big blind) folded before Flop
Seat 8: talento0013 folded on the Turn
Seat 9: 19Dima87 showed [7c 9c] and won ($0.71) with two pair, Kings and Sevens



PokerStars Hand #237259803556:  Hold'em No Limit ($0.01/$0.02 USD) - 2022/07/09 12:59:03 PT [2022/07/09 15:59:03 ET]
Table 'Galvarino III' 9-max Seat #6 is the button
Seat 1: mss40 ($1.65 in chips) 
Seat 2: Kid_Polton ($2.69 in chips) 
Seat 3: bustedwithaces ($2.07 in chips) 
Seat 5: Dorex2007 ($2.31 in chips) 
Seat 6: Ethomikse ($6.91 in chips) 
Seat 7: zoleeuk22 ($1.84 in chips) 
Seat 8: talento0013 ($0.60 in chips) 
Seat 9: 19Dima87 ($1.21 in chips) 
zoleeuk22: posts small blind $0.01
talento0013: posts big blind $0.02
LeandroAku: sits out 
*** HOLE CARDS ***
Dealt to Dorex2007 [3d 3s]
19Dima87: folds 
mss40: calls $0.02
Kid_Polton: folds 
bustedwithaces: raises $0.07 to $0.09
Dorex2007: folds 
Ethomikse: folds 
zoleeuk22: folds 
talento0013: folds 
mss40: folds 
Uncalled bet ($0.07) returned to bustedwithaces
bustedwithaces collected $0.07 from pot
*** SUMMARY ***
Total pot $0.07 | Rake $0 
Seat 1: mss40 folded before Flop
Seat 2: Kid_Polton folded before Flop (didn't bet)
Seat 3: bustedwithaces collected ($0.07)
Seat 5: Dorex2007 folded before Flop (didn't bet)
Seat 6: Ethomikse (button) folded before Flop (didn't bet)
Seat 7: zoleeuk22 (small blind) folded before Flop
Seat 8: talento0013 (big blind) folded before Flop
Seat 9: 19Dima87 folded before Flop (didn't bet)



PokerStars Hand #237259810041:  Hold'em No Limit ($0.01/$0.02 USD) - 2022/07/09 12:59:29 PT [2022/07/09 15:59:29 ET]
Table 'Galvarino III' 9-max Seat #7 is the button
Seat 1: mss40 ($1.63 in chips) 
Seat 2: Kid_Polton ($2.69 in chips) 
Seat 3: bustedwithaces ($2.12 in chips) 
Seat 5: Dorex2007 ($2.31 in chips) 
Seat 6: Ethomikse ($6.91 in chips) 
Seat 7: zoleeuk22 ($1.83 in chips) 
Seat 8: talento0013 ($0.58 in chips) 
Seat 9: 19Dima87 ($1.21 in chips) 
talento0013: posts small blind $0.01
19Dima87: posts big blind $0.02
LeandroAku: sits out 
*** HOLE CARDS ***
Dealt to Dorex2007 [7s 3h]
mss40: folds 
Kid_Polton: folds 
bustedwithaces: folds 
Dorex2007: folds 
Ethomikse: folds 
zoleeuk22: raises $0.11 to $0.13
talento0013: calls $0.12
19Dima87: calls $0.11
*** FLOP *** [9s 3c 5h]
talento0013: checks 
19Dima87: checks 
zoleeuk22: bets $0.40
talento0013: folds 
19Dima87: folds 
Uncalled bet ($0.40) returned to zoleeuk22
zoleeuk22 collected $0.38 from pot
*** SUMMARY ***
Total pot $0.39 | Rake $0.01 
Board [9s 3c 5h]
Seat 1: mss40 folded before Flop (didn't bet)
Seat 2: Kid_Polton folded before Flop (didn't bet)
Seat 3: bustedwithaces folded before Flop (didn't bet)
Seat 5: Dorex2007 folded before Flop (didn't bet)
Seat 6: Ethomikse folded before Flop (didn't bet)
Seat 7: zoleeuk22 (button) collected ($0.38)
Seat 8: talento0013 (small blind) folded on the Flop
Seat 9: 19Dima87 (big blind) folded on the Flop



PokerStars Hand #237259821782:  Hold'em No Limit ($0.01/$0.02 USD) - 2022/07/09 13:00:15 PT [2022/07/09 16:00:15 ET]
Table 'Galvarino III' 9-max Seat #8 is the button
Seat 1: mss40 ($1.63 in chips) 
Seat 2: Kid_Polton ($2.69 in chips) 
Seat 3: bustedwithaces ($2.12 in chips) 
Seat 5: Dorex2007 ($2.31 in chips) 
Seat 6: Ethomikse ($6.91 in chips) 
Seat 7: zoleeuk22 ($2.08 in chips) 
Seat 8: talento0013 ($0.45 in chips) 
Seat 9: 19Dima87 ($1.08 in chips) 
19Dima87: posts small blind $0.01
mss40: posts big blind $0.02
LeandroAku: sits out 
*** HOLE CARDS ***
Dealt to Dorex2007 [Jc 6s]
Kid_Polton: folds 
bustedwithaces: raises $0.05 to $0.07
Dorex2007: folds 
Ethomikse: folds 
zoleeuk22: folds 
talento0013: calls $0.07
Kid_Polton leaves the table
19Dima87: folds 
mss40: folds 
*** FLOP *** [9c 3c Tc]
marcuscup joins the table at seat #2 
bustedwithaces: bets $0.11
talento0013: folds 
Uncalled bet ($0.11) returned to bustedwithaces
bustedwithaces collected $0.16 from pot
*** SUMMARY ***
Total pot $0.17 | Rake $0.01 
Board [9c 3c Tc]
Seat 1: mss40 (big blind) folded before Flop
Seat 2: Kid_Polton folded before Flop (didn't bet)
Seat 3: bustedwithaces collected ($0.16)
Seat 5: Dorex2007 folded before Flop (didn't bet)
Seat 6: Ethomikse folded before Flop (didn't bet)
Seat 7: zoleeuk22 folded before Flop (didn't bet)
Seat 8: talento0013 (button) folded on the Flop
Seat 9: 19Dima87 (small blind) folded before Flop



PokerStars Hand #237259840001:  Hold'em No Limit ($0.01/$0.02 USD) - 2022/07/09 13:01:16 PT [2022/07/09 16:01:16 ET]
Table 'Galvarino III' 9-max Seat #9 is the button
Seat 1: mss40 ($1.61 in chips) 
Seat 2: marcuscup ($2 in chips) 
Seat 3: bustedwithaces ($2.21 in chips) 
Seat 5: Dorex2007 ($2.31 in chips) 
Seat 6: Ethomikse ($6.91 in chips) 
Seat 7: zoleeuk22 ($2.08 in chips) 
Seat 8: talento0013 ($0.38 in chips) 
Seat 9: 19Dima87 ($1.07 in chips) 
mss40: posts small blind $0.01
marcuscup: posts big blind $0.02
LeandroAku: sits out 
*** HOLE CARDS ***
Dealt to Dorex2007 [Jh Jd]
bustedwithaces: folds 
Dorex2007: raises $0.06 to $0.08
Ethomikse: folds 
zoleeuk22: calls $0.08
talento0013: raises $0.12 to $0.20
19Dima87: folds 
mss40: folds 
marcuscup: folds 
Dorex2007: raises $0.22 to $0.42
zoleeuk22: folds 
talento0013: calls $0.18 and is all-in
Uncalled bet ($0.04) returned to Dorex2007
*** FLOP *** [Th Ad 3d]
*** TURN *** [Th Ad 3d] [3s]
*** RIVER *** [Th Ad 3d 3s] [8s]
*** SHOW DOWN ***
Dorex2007: shows [Jh Jd] (two pair, Jacks and Threes)
talento0013: shows [5h Kh] (a pair of Threes)
Dorex2007 cashed out the hand for $0.57 | Cash Out Fee $0.01
*** SUMMARY ***
Total pot $0.87 | Rake $0.03 
Board [Th Ad 3d 3s 8s]
Seat 1: mss40 (small blind) folded before Flop
Seat 2: marcuscup (big blind) folded before Flop
Seat 3: bustedwithaces folded before Flop (didn't bet)
Seat 5: Dorex2007 showed [Jh Jd] and won ($0.84) with two pair, Jacks and Threes (pot not awarded as player cashed out)
Seat 6: Ethomikse folded before Flop (didn't bet)
Seat 7: zoleeuk22 folded before Flop
Seat 8: talento0013 showed [5h Kh] and lost with a pair of Threes
Seat 9: 19Dima87 (button) folded before Flop (didn't bet)



PokerStars Hand #237259855743:  Hold'em No Limit ($0.01/$0.02 USD) - 2022/07/09 13:02:05 PT [2022/07/09 16:02:05 ET]
Table 'Galvarino III' 9-max Seat #1 is the button
Seat 1: mss40 ($1.60 in chips) 
Seat 2: marcuscup ($1.98 in chips) 
Seat 3: bustedwithaces ($2.21 in chips) 
Seat 5: Dorex2007 ($2.50 in chips) 
Seat 6: Ethomikse ($6.91 in chips) 
Seat 7: zoleeuk22 ($2 in chips) 
Seat 9: 19Dima87 ($1.07 in chips) 
marcuscup: posts small blind $0.01
bustedwithaces: posts big blind $0.02
LeandroAku: sits out 
*** HOLE CARDS ***
Dealt to Dorex2007 [Qd 8h]
Dorex2007: folds 
Ethomikse: calls $0.02
zoleeuk22: calls $0.02
19Dima87: folds 
talento0013 leaves the table
mss40: calls $0.02
marcuscup: calls $0.01
bustedwithaces: checks 
*** FLOP *** [3d Kc Qc]
marcuscup: checks 
bustedwithaces has timed out
bustedwithaces: checks 
Ethomikse: checks 
zoleeuk22: checks 
mss40: bets $0.08
marcuscup: calls $0.08
bustedwithaces has timed out
bustedwithaces: folds 
Ethomikse: folds 
zoleeuk22: folds 
*** TURN *** [3d Kc Qc] [Th]
HellNative joins the table at seat #8 
marcuscup: checks 
mss40: checks 
*** RIVER *** [3d Kc Qc Th] [Ts]
marcuscup: checks 
mss40: bets $0.12
marcuscup: folds 
Uncalled bet ($0.12) returned to mss40
mss40 collected $0.25 from pot
*** SUMMARY ***
Total pot $0.26 | Rake $0.01 
Board [3d Kc Qc Th Ts]
Seat 1: mss40 (button) collected ($0.25)
Seat 2: marcuscup (small blind) folded on the River
Seat 3: bustedwithaces (big blind) folded on the Flop
Seat 5: Dorex2007 folded before Flop (didn't bet)
Seat 6: Ethomikse folded on the Flop
Seat 7: zoleeuk22 folded on the Flop
Seat 9: 19Dima87 folded before Flop (didn't bet)



PokerStars Hand #237259897826:  Hold'em No Limit ($0.01/$0.02 USD) - 2022/07/09 13:04:05 PT [2022/07/09 16:04:05 ET]
Table 'Galvarino III' 9-max Seat #2 is the button
Seat 1: mss40 ($1.75 in chips) 
Seat 2: marcuscup ($1.88 in chips) 
Seat 5: Dorex2007 ($2.50 in chips) 
Seat 6: Ethomikse ($6.89 in chips) 
Seat 7: zoleeuk22 ($1.98 in chips) 
Seat 9: 19Dima87 ($1.07 in chips) 
Dorex2007: posts small blind $0.01
Ethomikse: posts big blind $0.02
HellNative: sits out 
*** HOLE CARDS ***
Dealt to Dorex2007 [3c 5s]
zoleeuk22: calls $0.02
19Dima87: calls $0.02
mss40: calls $0.02
marcuscup: folds 
Dorex2007: folds 
Ethomikse: checks 
*** FLOP *** [9d As 7c]
Ethomikse: checks 
zoleeuk22: checks 
19Dima87: checks 
mss40: checks 
*** TURN *** [9d As 7c] [5c]
Ethomikse: checks 
zoleeuk22: bets $0.06
19Dima87: calls $0.06
mss40: folds 
Ethomikse: folds 
*** RIVER *** [9d As 7c 5c] [2c]
zoleeuk22: checks 
19Dima87: checks 
*** SHOW DOWN ***
zoleeuk22: shows [Jh 9c] (a pair of Nines)
19Dima87: mucks hand 
zoleeuk22 collected $0.20 from pot
*** SUMMARY ***
Total pot $0.21 | Rake $0.01 
Board [9d As 7c 5c 2c]
Seat 1: mss40 folded on the Turn
Seat 2: marcuscup (button) folded before Flop (didn't bet)
Seat 5: Dorex2007 (small blind) folded before Flop
Seat 6: Ethomikse (big blind) folded on the Turn
Seat 7: zoleeuk22 showed [Jh 9c] and won ($0.20) with a pair of Nines
Seat 9: 19Dima87 mucked [7h 6h]



PokerStars Hand #237259913345:  Hold'em No Limit ($0.01/$0.02 USD) - 2022/07/09 13:04:50 PT [2022/07/09 16:04:50 ET]
Table 'Galvarino III' 9-max Seat #5 is the button
Seat 1: mss40 ($1.73 in chips) 
Seat 2: marcuscup ($1.88 in chips) 
Seat 5: Dorex2007 ($2.49 in chips) 
Seat 6: Ethomikse ($6.87 in chips) 
Seat 7: zoleeuk22 ($2.10 in chips) 
Seat 9: 19Dima87 ($0.99 in chips) 
Ethomikse: posts small blind $0.01
zoleeuk22: posts big blind $0.02
HellNative: sits out 
LeandroAku: sits out 
*** HOLE CARDS ***
Dealt to Dorex2007 [5h Ad]
19Dima87: folds 
mss40: folds 
marcuscup: folds 
Dorex2007: folds 
Ethomikse: raises $0.02 to $0.04
zoleeuk22: raises $0.04 to $0.08
Ethomikse: calls $0.04
*** FLOP *** [Qh Js 3d]
Ethomikse: bets $0.07
zoleeuk22: folds 
Uncalled bet ($0.07) returned to Ethomikse
Ethomikse collected $0.15 from pot
*** SUMMARY ***
Total pot $0.16 | Rake $0.01 
Board [Qh Js 3d]
Seat 1: mss40 folded before Flop (didn't bet)
Seat 2: marcuscup folded before Flop (didn't bet)
Seat 5: Dorex2007 (button) folded before Flop (didn't bet)
Seat 6: Ethomikse (small blind) collected ($0.15)
Seat 7: zoleeuk22 (big blind) folded on the Flop
Seat 9: 19Dima87 folded before Flop (didn't bet)



PokerStars Hand #237259924072:  Hold'em No Limit ($0.01/$0.02 USD) - 2022/07/09 13:05:20 PT [2022/07/09 16:05:20 ET]
Table 'Galvarino III' 9-max Seat #6 is the button
Seat 1: mss40 ($1.73 in chips) 
Seat 2: marcuscup ($1.88 in chips) 
Seat 5: Dorex2007 ($2.49 in chips) 
Seat 6: Ethomikse ($6.94 in chips) 
Seat 7: zoleeuk22 ($2.02 in chips) 
Seat 8: HellNative ($2 in chips) 
Seat 9: 19Dima87 ($0.99 in chips) 
zoleeuk22: posts small blind $0.01
HellNative: posts big blind $0.02
LeandroAku: sits out 
*** HOLE CARDS ***
Dealt to Dorex2007 [5d Jc]
19Dima87: folds 
mss40: calls $0.02
marcuscup: folds 
Dorex2007: folds 
Ethomikse: folds 
zoleeuk22: calls $0.01
HellNative: checks 
*** FLOP *** [As 6d Kh]
zoleeuk22: checks 
HellNative: checks 
mss40: checks 
*** TURN *** [As 6d Kh] [8s]
zoleeuk22: checks 
HellNative: checks 
mss40: checks 
*** RIVER *** [As 6d Kh 8s] [3s]
zoleeuk22: checks 
HellNative: checks 
mss40: checks 
*** SHOW DOWN ***
zoleeuk22: shows [6c 2c] (a pair of Sixes)
HellNative: mucks hand 
mss40: mucks hand 
zoleeuk22 collected $0.06 from pot
*** SUMMARY ***
Total pot $0.06 | Rake $0 
Board [As 6d Kh 8s 3s]
Seat 1: mss40 mucked [3h 2s]
Seat 2: marcuscup folded before Flop (didn't bet)
Seat 5: Dorex2007 folded before Flop (didn't bet)
Seat 6: Ethomikse (button) folded before Flop (didn't bet)
Seat 7: zoleeuk22 (small blind) showed [6c 2c] and won ($0.06) with a pair of Sixes
Seat 8: HellNative (big blind) mucked [Qh 2h]
Seat 9: 19Dima87 folded before Flop (didn't bet)



PokerStars Hand #237259939319:  Hold'em No Limit ($0.01/$0.02 USD) - 2022/07/09 13:06:04 PT [2022/07/09 16:06:04 ET]
Table 'Galvarino III' 9-max Seat #7 is the button
Seat 1: mss40 ($1.71 in chips) 
Seat 2: marcuscup ($1.88 in chips) 
Seat 5: Dorex2007 ($2.49 in chips) 
Seat 6: Ethomikse ($6.94 in chips) 
Seat 7: zoleeuk22 ($2.06 in chips) 
Seat 8: HellNative ($2 in chips) 
Seat 9: 19Dima87 ($0.99 in chips) 
HellNative: posts small blind $0.01
19Dima87: posts big blind $0.02
LeandroAku: sits out 
*** HOLE CARDS ***
Dealt to Dorex2007 [Qc 3c]
mss40: raises $0.02 to $0.04
marcuscup: folds 
Dorex2007: folds 
Ethomikse: folds 
zoleeuk22: calls $0.04
HellNative: folds 
19Dima87: calls $0.02
*** FLOP *** [Qh 8s Kc]
19Dima87: checks 
mss40: bets $0.04
zoleeuk22: folds 
19Dima87: calls $0.04
*** TURN *** [Qh 8s Kc] [2s]
19Dima87: checks 
mss40: bets $0.10
19Dima87: calls $0.10
*** RIVER *** [Qh 8s Kc 2s] [8h]
19Dima87: checks 
mss40: checks 
*** SHOW DOWN ***
19Dima87: shows [Kh 7c] (two pair, Kings and Eights)
mss40: mucks hand 
19Dima87 collected $0.40 from pot
*** SUMMARY ***
Total pot $0.41 | Rake $0.01 
Board [Qh 8s Kc 2s 8h]
Seat 1: mss40 mucked [Jd Qd]
Seat 2: marcuscup folded before Flop (didn't bet)
Seat 5: Dorex2007 folded before Flop (didn't bet)
Seat 6: Ethomikse folded before Flop (didn't bet)
Seat 7: zoleeuk22 (button) folded on the Flop
Seat 8: HellNative (small blind) folded before Flop
Seat 9: 19Dima87 (big blind) showed [Kh 7c] and won ($0.40) with two pair, Kings and Eights



PokerStars Hand #237259971560:  Hold'em No Limit ($0.01/$0.02 USD) - 2022/07/09 13:07:09 PT [2022/07/09 16:07:09 ET]
Table 'Galvarino III' 9-max Seat #8 is the button
Seat 1: mss40 ($1.53 in chips) 
Seat 2: marcuscup ($1.88 in chips) 
Seat 5: Dorex2007 ($2.49 in chips) 
Seat 6: Ethomikse ($6.94 in chips) 
Seat 7: zoleeuk22 ($2.02 in chips) 
Seat 8: HellNative ($2 in chips) 
Seat 9: 19Dima87 ($1.21 in chips) 
19Dima87: posts small blind $0.01
mss40: posts big blind $0.02
LeandroAku: sits out 
*** HOLE CARDS ***
Dealt to Dorex2007 [8d Qh]
marcuscup: folds 
Dorex2007: folds 
Ethomikse: folds 
zoleeuk22: calls $0.02
HellNative: folds 
19Dima87: calls $0.01
mss40: raises $0.02 to $0.04
zoleeuk22: raises $0.02 to $0.06
19Dima87: folds 
mss40: raises $0.02 to $0.08
zoleeuk22: calls $0.02
*** FLOP *** [2s 6c Td]
mss40: bets $0.06
zoleeuk22: calls $0.06
*** TURN *** [2s 6c Td] [5c]
mss40: checks 
zoleeuk22: checks 
*** RIVER *** [2s 6c Td 5c] [5d]
mss40: bets $0.08
zoleeuk22: calls $0.08
*** SHOW DOWN ***
mss40: shows [Qs 6s] (two pair, Sixes and Fives)
zoleeuk22: mucks hand 
mss40 collected $0.44 from pot
*** SUMMARY ***
Total pot $0.46 | Rake $0.02 
Board [2s 6c Td 5c 5d]
Seat 1: mss40 (big blind) showed [Qs 6s] and won ($0.44) with two pair, Sixes and Fives
Seat 2: marcuscup folded before Flop (didn't bet)
Seat 5: Dorex2007 folded before Flop (didn't bet)
Seat 6: Ethomikse folded before Flop (didn't bet)
Seat 7: zoleeuk22 mucked [Kc 9c]
Seat 8: HellNative (button) folded before Flop (didn't bet)
Seat 9: 19Dima87 (small blind) folded before Flop



PokerStars Hand #237259990746:  Hold'em No Limit ($0.01/$0.02 USD) - 2022/07/09 13:08:04 PT [2022/07/09 16:08:04 ET]
Table 'Galvarino III' 9-max Seat #9 is the button
Seat 1: mss40 ($1.75 in chips) 
Seat 2: marcuscup ($2 in chips) 
Seat 5: Dorex2007 ($2.49 in chips) 
Seat 6: Ethomikse ($6.94 in chips) 
Seat 7: zoleeuk22 ($1.80 in chips) 
Seat 8: HellNative ($2 in chips) 
Seat 9: 19Dima87 ($1.19 in chips) 
mss40: posts small blind $0.01
marcuscup: posts big blind $0.02
LeandroAku: sits out 
*** HOLE CARDS ***
Dealt to Dorex2007 [Qc 8d]
Dorex2007: folds 
Ethomikse: folds 
zoleeuk22: calls $0.02
HellNative: folds 
19Dima87: calls $0.02
mss40: calls $0.01
marcuscup: checks 
*** FLOP *** [5d 5c 6c]
mss40: checks 
marcuscup: checks 
zoleeuk22: checks 
19Dima87: checks 
*** TURN *** [5d 5c 6c] [6s]
mss40: checks 
marcuscup: checks 
zoleeuk22: bets $0.08
19Dima87: folds 
mss40: folds 
marcuscup: folds 
Uncalled bet ($0.08) returned to zoleeuk22
zoleeuk22 collected $0.08 from pot
*** SUMMARY ***
Total pot $0.08 | Rake $0 
Board [5d 5c 6c 6s]
Seat 1: mss40 (small blind) folded on the Turn
Seat 2: marcuscup (big blind) folded on the Turn
Seat 5: Dorex2007 folded before Flop (didn't bet)
Seat 6: Ethomikse folded before Flop (didn't bet)
Seat 7: zoleeuk22 collected ($0.08)
Seat 8: HellNative folded before Flop (didn't bet)
Seat 9: 19Dima87 (button) folded on the Turn



PokerStars Hand #237260008388:  Hold'em No Limit ($0.01/$0.02 USD) - 2022/07/09 13:08:54 PT [2022/07/09 16:08:54 ET]
Table 'Galvarino III' 9-max Seat #1 is the button
Seat 1: mss40 ($1.73 in chips) 
Seat 2: marcuscup ($1.98 in chips) 
Seat 4: LeandroAku ($2.33 in chips) 
Seat 5: Dorex2007 ($2.49 in chips) 
Seat 6: Ethomikse ($6.94 in chips) 
Seat 7: zoleeuk22 ($1.86 in chips) 
Seat 8: HellNative ($2 in chips) 
Seat 9: 19Dima87 ($1.17 in chips) 
marcuscup: posts small blind $0.01
LeandroAku: posts big blind $0.02
*** HOLE CARDS ***
Dealt to Dorex2007 [9h 6h]
Dorex2007: folds 
Ethomikse: folds 
zoleeuk22: folds 
HellNative: folds 
19Dima87: folds 
mss40: calls $0.02
marcuscup: calls $0.01
LeandroAku: raises $0.04 to $0.06
mss40: raises $0.04 to $0.10
marcuscup: folds 
LeandroAku: raises $0.36 to $0.46
mss40: folds 
Uncalled bet ($0.36) returned to LeandroAku
LeandroAku collected $0.22 from pot
*** SUMMARY ***
Total pot $0.22 | Rake $0 
Seat 1: mss40 (button) folded before Flop
Seat 2: marcuscup (small blind) folded before Flop
Seat 4: LeandroAku (big blind) collected ($0.22)
Seat 5: Dorex2007 folded before Flop (didn't bet)
Seat 6: Ethomikse folded before Flop (didn't bet)
Seat 7: zoleeuk22 folded before Flop (didn't bet)
Seat 8: HellNative folded before Flop (didn't bet)
Seat 9: 19Dima87 folded before Flop (didn't bet)



PokerStars Hand #237260023852:  Hold'em No Limit ($0.01/$0.02 USD) - 2022/07/09 13:09:39 PT [2022/07/09 16:09:39 ET]
Table 'Galvarino III' 9-max Seat #2 is the button
Seat 1: mss40 ($1.63 in chips) 
Seat 2: marcuscup ($1.96 in chips) 
Seat 4: LeandroAku ($2.45 in chips) 
Seat 5: Dorex2007 ($2.49 in chips) 
Seat 6: Ethomikse ($6.94 in chips) 
Seat 7: zoleeuk22 ($1.86 in chips) 
Seat 8: HellNative ($2 in chips) 
Seat 9: 19Dima87 ($1.17 in chips) 
LeandroAku: posts small blind $0.01
Dorex2007: posts big blind $0.02
*** HOLE CARDS ***
Dealt to Dorex2007 [Kc 9c]
Ethomikse: folds 
zoleeuk22: folds 
HellNative: folds 
19Dima87 has timed out
19Dima87: folds 
mss40 has timed out
mss40: folds 
marcuscup: folds 
mss40 is disconnected 
LeandroAku: raises $0.04 to $0.06
Dorex2007: folds 
Uncalled bet ($0.04) returned to LeandroAku
LeandroAku collected $0.04 from pot
*** SUMMARY ***
Total pot $0.04 | Rake $0 
Seat 1: mss40 folded before Flop (didn't bet)
Seat 2: marcuscup (button) folded before Flop (didn't bet)
Seat 4: LeandroAku (small blind) collected ($0.04)
Seat 5: Dorex2007 (big blind) folded before Flop
Seat 6: Ethomikse folded before Flop (didn't bet)
Seat 7: zoleeuk22 folded before Flop (didn't bet)
Seat 8: HellNative folded before Flop (didn't bet)
Seat 9: 19Dima87 folded before Flop (didn't bet)



PokerStars Hand #237260040687:  Hold'em No Limit ($0.01/$0.02 USD) - 2022/07/09 13:10:27 PT [2022/07/09 16:10:27 ET]
Table 'Galvarino III' 9-max Seat #4 is the button
Seat 2: marcuscup ($1.96 in chips) 
Seat 4: LeandroAku ($2.47 in chips) 
Seat 5: Dorex2007 ($2.47 in chips) 
Seat 6: Ethomikse ($6.94 in chips) 
Seat 7: zoleeuk22 ($1.86 in chips) 
Seat 8: HellNative ($2 in chips) 
Seat 9: 19Dima87 ($1.17 in chips) 
Dorex2007: posts small blind $0.01
Ethomikse: posts big blind $0.02
*** HOLE CARDS ***
Dealt to Dorex2007 [7h Kh]
zoleeuk22: folds 
HellNative: folds 
19Dima87: raises $0.04 to $0.06
marcuscup: calls $0.06
LeandroAku: folds 
Dorex2007: folds 
Ethomikse: calls $0.04
*** FLOP *** [Ac 4c 8h]
Ethomikse: checks 
19Dima87: bets $0.11
marcuscup: folds 
Ethomikse: folds 
Uncalled bet ($0.11) returned to 19Dima87
19Dima87 collected $0.18 from pot
*** SUMMARY ***
Total pot $0.19 | Rake $0.01 
Board [Ac 4c 8h]
Seat 2: marcuscup folded on the Flop
Seat 4: LeandroAku (button) folded before Flop (didn't bet)
Seat 5: Dorex2007 (small blind) folded before Flop
Seat 6: Ethomikse (big blind) folded on the Flop
Seat 7: zoleeuk22 folded before Flop (didn't bet)
Seat 8: HellNative folded before Flop (didn't bet)
Seat 9: 19Dima87 collected ($0.18)



PokerStars Hand #237260052911:  Hold'em No Limit ($0.01/$0.02 USD) - 2022/07/09 13:11:02 PT [2022/07/09 16:11:02 ET]
Table 'Galvarino III' 9-max Seat #5 is the button
Seat 2: marcuscup ($1.90 in chips) 
Seat 4: LeandroAku ($2.47 in chips) 
Seat 5: Dorex2007 ($2.46 in chips) 
Seat 6: Ethomikse ($6.88 in chips) 
Seat 7: zoleeuk22 ($1.86 in chips) 
Seat 8: HellNative ($2 in chips) 
Seat 9: 19Dima87 ($1.29 in chips) 
Ethomikse: posts small blind $0.01
zoleeuk22: posts big blind $0.02
*** HOLE CARDS ***
Dealt to Dorex2007 [5s 4d]
HellNative: folds 
19Dima87: calls $0.02
marcuscup: folds 
LeandroAku: folds 
Dorex2007: folds 
Ethomikse: folds 
zoleeuk22: checks 
*** FLOP *** [Th Ac Qd]
zoleeuk22: checks 
19Dima87: checks 
*** TURN *** [Th Ac Qd] [7h]
mss40 leaves the table
zoleeuk22: checks 
19Dima87: checks 
*** RIVER *** [Th Ac Qd 7h] [4s]
zoleeuk22: checks 
19Dima87: checks 
*** SHOW DOWN ***
zoleeuk22: shows [Ks 2d] (high card Ace)
19Dima87: mucks hand 
zoleeuk22 collected $0.05 from pot
*** SUMMARY ***
Total pot $0.05 | Rake $0 
Board [Th Ac Qd 7h 4s]
Seat 2: marcuscup folded before Flop (didn't bet)
Seat 4: LeandroAku folded before Flop (didn't bet)
Seat 5: Dorex2007 (button) folded before Flop (didn't bet)
Seat 6: Ethomikse (small blind) folded before Flop
Seat 7: zoleeuk22 (big blind) showed [Ks 2d] and won ($0.05) with high card Ace
Seat 8: HellNative folded before Flop (didn't bet)
Seat 9: 19Dima87 mucked [5c 6c]



PokerStars Hand #237260071266:  Hold'em No Limit ($0.01/$0.02 USD) - 2022/07/09 13:11:55 PT [2022/07/09 16:11:55 ET]
Table 'Galvarino III' 9-max Seat #6 is the button
Seat 2: marcuscup ($1.90 in chips) 
Seat 4: LeandroAku ($2.47 in chips) 
Seat 5: Dorex2007 ($2.46 in chips) 
Seat 6: Ethomikse ($6.87 in chips) 
Seat 7: zoleeuk22 ($1.89 in chips) 
Seat 8: HellNative ($2 in chips) 
Seat 9: 19Dima87 ($1.27 in chips) 
zoleeuk22: posts small blind $0.01
HellNative: posts big blind $0.02
*** HOLE CARDS ***
Dealt to Dorex2007 [Ac 2h]
19Dima87: folds 
marcuscup: raises $0.04 to $0.06
LeandroAku: folds 
Dorex2007: folds 
Ethomikse: calls $0.06
zoleeuk22: calls $0.05
HellNative: folds 
*** FLOP *** [Ad 2c Th]
zoleeuk22: checks 
marcuscup: bets $0.08
Ethomikse: folds 
zoleeuk22: calls $0.08
*** TURN *** [Ad 2c Th] [8c]
zoleeuk22: checks 
marcuscup: bets $0.12
zoleeuk22: folds 
Uncalled bet ($0.12) returned to marcuscup
marcuscup collected $0.35 from pot
*** SUMMARY ***
Total pot $0.36 | Rake $0.01 
Board [Ad 2c Th 8c]
Seat 2: marcuscup collected ($0.35)
Seat 4: LeandroAku folded before Flop (didn't bet)
Seat 5: Dorex2007 folded before Flop (didn't bet)
Seat 6: Ethomikse (button) folded on the Flop
Seat 7: zoleeuk22 (small blind) folded on the Turn
Seat 8: HellNative (big blind) folded before Flop
Seat 9: 19Dima87 folded before Flop (didn't bet)



PokerStars Hand #237260094590:  Hold'em No Limit ($0.01/$0.02 USD) - 2022/07/09 13:12:44 PT [2022/07/09 16:12:44 ET]
Table 'Galvarino III' 9-max Seat #7 is the button
Seat 2: marcuscup ($2.11 in chips) 
Seat 4: LeandroAku ($2.47 in chips) 
Seat 5: Dorex2007 ($2.46 in chips) 
Seat 6: Ethomikse ($6.81 in chips) 
Seat 7: zoleeuk22 ($1.75 in chips) 
Seat 8: HellNative ($2 in chips) 
Seat 9: 19Dima87 ($1.27 in chips) 
HellNative: posts small blind $0.01
19Dima87: posts big blind $0.02
*** HOLE CARDS ***
Dealt to Dorex2007 [Jc 9c]
marcuscup: folds 
LeandroAku: folds 
Dorex2007: raises $0.02 to $0.04
Ethomikse: folds 
zoleeuk22: calls $0.04
HellNative: calls $0.03
watersofain joins the table at seat #1 
19Dima87: calls $0.02
*** FLOP *** [4c 7d Jh]
HellNative: checks 
19Dima87: checks 
Dorex2007: bets $0.15
zoleeuk22: raises $0.16 to $0.31
HellNative: folds 
19Dima87: folds 
Dorex2007: calls $0.16
*** TURN *** [4c 7d Jh] [3h]
Dorex2007: bets $2.11 and is all-in
zoleeuk22: calls $1.40 and is all-in
Uncalled bet ($0.71) returned to Dorex2007
*** RIVER *** [4c 7d Jh 3h] [9h]
*** SHOW DOWN ***
Dorex2007: shows [Jc 9c] (two pair, Jacks and Nines)
zoleeuk22: shows [As Ad] (a pair of Aces)
Dorex2007 collected $3.45 from pot
*** SUMMARY ***
Total pot $3.58 | Rake $0.13 
Board [4c 7d Jh 3h 9h]
Seat 2: marcuscup folded before Flop (didn't bet)
Seat 4: LeandroAku folded before Flop (didn't bet)
Seat 5: Dorex2007 showed [Jc 9c] and won ($3.45) with two pair, Jacks and Nines
Seat 6: Ethomikse folded before Flop (didn't bet)
Seat 7: zoleeuk22 (button) showed [As Ad] and lost with a pair of Aces
Seat 8: HellNative (small blind) folded on the Flop
Seat 9: 19Dima87 (big blind) folded on the Flop



PokerStars Hand #237260115431:  Hold'em No Limit ($0.01/$0.02 USD) - 2022/07/09 13:13:43 PT [2022/07/09 16:13:43 ET]
Table 'Galvarino III' 9-max Seat #8 is the button
Seat 1: watersofain ($0.80 in chips) 
Seat 2: marcuscup ($2.11 in chips) 
Seat 4: LeandroAku ($2.47 in chips) 
Seat 5: Dorex2007 ($4.16 in chips) 
Seat 6: Ethomikse ($6.81 in chips) 
Seat 8: HellNative ($2 in chips) 
Seat 9: 19Dima87 ($1.23 in chips) 
19Dima87: posts small blind $0.01
watersofain: posts big blind $0.02
*** HOLE CARDS ***
Dealt to Dorex2007 [6h 3h]
marcuscup: folds 
LeandroAku: folds 
Dorex2007: folds 
Ethomikse: folds 
HellNative: raises $0.03 to $0.05
19Dima87: folds 
zoleeuk22 leaves the table
watersofain: calls $0.03
*** FLOP *** [4d 9h 2c]
watersofain: checks 
HellNative: checks 
*** TURN *** [4d 9h 2c] [Qs]
watersofain: bets $0.06
HellNative: folds 
Uncalled bet ($0.06) returned to watersofain
watersofain collected $0.11 from pot
*** SUMMARY ***
Total pot $0.11 | Rake $0 
Board [4d 9h 2c Qs]
Seat 1: watersofain (big blind) collected ($0.11)
Seat 2: marcuscup folded before Flop (didn't bet)
Seat 4: LeandroAku folded before Flop (didn't bet)
Seat 5: Dorex2007 folded before Flop (didn't bet)
Seat 6: Ethomikse folded before Flop (didn't bet)
Seat 8: HellNative (button) folded on the Turn
Seat 9: 19Dima87 (small blind) folded before Flop



PokerStars Hand #237260127774:  Hold'em No Limit ($0.01/$0.02 USD) - 2022/07/09 13:14:18 PT [2022/07/09 16:14:18 ET]
Table 'Galvarino III' 9-max Seat #9 is the button
Seat 1: watersofain ($0.86 in chips) 
Seat 2: marcuscup ($2.11 in chips) 
Seat 4: LeandroAku ($2.47 in chips) 
Seat 5: Dorex2007 ($4.16 in chips) 
Seat 6: Ethomikse ($6.81 in chips) 
Seat 8: HellNative ($2 in chips) 
Seat 9: 19Dima87 ($1.22 in chips) 
watersofain: posts small blind $0.01
marcuscup: posts big blind $0.02
*** HOLE CARDS ***
Dealt to Dorex2007 [5h 3s]
LeandroAku: folds 
Dorex2007: folds 
Ethomikse: raises $0.07 to $0.09
HellNative: folds 
19Dima87: folds 
watersofain: raises $0.77 to $0.86 and is all-in
marcuscup: folds 
Ethomikse: folds 
Uncalled bet ($0.77) returned to watersofain
watersofain collected $0.20 from pot
*** SUMMARY ***
Total pot $0.20 | Rake $0 
Seat 1: watersofain (small blind) collected ($0.20)
Seat 2: marcuscup (big blind) folded before Flop
Seat 4: LeandroAku folded before Flop (didn't bet)
Seat 5: Dorex2007 folded before Flop (didn't bet)
Seat 6: Ethomikse folded before Flop
Seat 8: HellNative folded before Flop (didn't bet)
Seat 9: 19Dima87 (button) folded before Flop (didn't bet)



PokerStars Hand #237260136660:  Hold'em No Limit ($0.01/$0.02 USD) - 2022/07/09 13:14:44 PT [2022/07/09 16:14:44 ET]
Table 'Galvarino III' 9-max Seat #1 is the button
Seat 1: watersofain ($0.97 in chips) 
Seat 2: marcuscup ($2.09 in chips) 
Seat 4: LeandroAku ($2.47 in chips) 
Seat 5: Dorex2007 ($4.16 in chips) 
Seat 6: Ethomikse ($6.72 in chips) 
Seat 8: HellNative ($2 in chips) 
Seat 9: 19Dima87 ($1.22 in chips) 
marcuscup: posts small blind $0.01
LeandroAku: posts big blind $0.02
*** HOLE CARDS ***
Dealt to Dorex2007 [7h 2h]
Dorex2007: folds 
Ethomikse: calls $0.02
HellNative: folds 
19Dima87: calls $0.02
watersofain: raises $0.04 to $0.06
Nagy Iván Illés joins the table at seat #7 
marcuscup: calls $0.05
LeandroAku: folds 
Ethomikse: calls $0.04
19Dima87: calls $0.04
*** FLOP *** [5c Kh 7d]
bustedwithaces leaves the table
marcuscup: checks 
Ethomikse: checks 
19Dima87: checks 
watersofain: bets $0.12
marcuscup: calls $0.12
Ethomikse: folds 
19Dima87: folds 
*** TURN *** [5c Kh 7d] [6d]
marcuscup: checks 
watersofain: checks 
*** RIVER *** [5c Kh 7d 6d] [2d]
marcuscup: checks 
watersofain: bets $0.14
marcuscup: calls $0.14
*** SHOW DOWN ***
watersofain: shows [Ks Th] (a pair of Kings)
marcuscup: mucks hand 
watersofain collected $0.75 from pot
*** SUMMARY ***
Total pot $0.78 | Rake $0.03 
Board [5c Kh 7d 6d 2d]
Seat 1: watersofain (button) showed [Ks Th] and won ($0.75) with a pair of Kings
Seat 2: marcuscup (small blind) mucked [Ac Qh]
Seat 4: LeandroAku (big blind) folded before Flop
Seat 5: Dorex2007 folded before Flop (didn't bet)
Seat 6: Ethomikse folded on the Flop
Seat 8: HellNative folded before Flop (didn't bet)
Seat 9: 19Dima87 folded on the Flop



PokerStars Hand #237260159430:  Hold'em No Limit ($0.01/$0.02 USD) - 2022/07/09 13:15:48 PT [2022/07/09 16:15:48 ET]
Table 'Galvarino III' 9-max Seat #2 is the button
Seat 1: watersofain ($1.40 in chips) 
Seat 2: marcuscup ($1.77 in chips) 
Seat 4: LeandroAku ($2.45 in chips) 
Seat 5: Dorex2007 ($4.16 in chips) 
Seat 6: Ethomikse ($6.66 in chips) 
Seat 8: HellNative ($2 in chips) 
Seat 9: 19Dima87 ($1.16 in chips) 
LeandroAku: posts small blind $0.01
Dorex2007: posts big blind $0.02
Nagy Iván Illés: sits out 
*** HOLE CARDS ***
Dealt to Dorex2007 [Qh 9s]
Hannuman joins the table at seat #3 
Ethomikse: calls $0.02
HellNative: folds 
19Dima87: folds 
watersofain: raises $0.04 to $0.06
marcuscup: calls $0.06
LeandroAku: folds 
Dorex2007: folds 
Ethomikse: raises $6.60 to $6.66 and is all-in
watersofain: folds 
marcuscup: folds 
Uncalled bet ($6.60) returned to Ethomikse
Ethomikse collected $0.21 from pot
*** SUMMARY ***
Total pot $0.21 | Rake $0 
Seat 1: watersofain folded before Flop
Seat 2: marcuscup (button) folded before Flop
Seat 4: LeandroAku (small blind) folded before Flop
Seat 5: Dorex2007 (big blind) folded before Flop
Seat 6: Ethomikse collected ($0.21)
Seat 8: HellNative folded before Flop (didn't bet)
Seat 9: 19Dima87 folded before Flop (didn't bet)



PokerStars Hand #237260171434:  Hold'em No Limit ($0.01/$0.02 USD) - 2022/07/09 13:16:22 PT [2022/07/09 16:16:22 ET]
Table 'Galvarino III' 9-max Seat #4 is the button
Seat 1: watersofain ($1.34 in chips) 
Seat 2: marcuscup ($1.71 in chips) 
Seat 3: Hannuman ($2 in chips) 
Seat 4: LeandroAku ($2.44 in chips) 
Seat 5: Dorex2007 ($4.14 in chips) 
Seat 6: Ethomikse ($6.81 in chips) 
Seat 8: HellNative ($2 in chips) 
Seat 9: 19Dima87 ($1.16 in chips) 
Dorex2007: posts small blind $0.01
Ethomikse: posts big blind $0.02
Nagy Iván Illés: sits out 
Hannuman: posts big blind $0.02
*** HOLE CARDS ***
Dealt to Dorex2007 [6d 4c]
HellNative: folds 
19Dima87: folds 
watersofain has timed out
watersofain: folds 
marcuscup: calls $0.02
Hannuman: checks 
LeandroAku: raises $0.04 to $0.06
Dorex2007: folds 
Ethomikse: folds 
marcuscup: calls $0.04
Hannuman: calls $0.04
*** FLOP *** [6h Ad 5d]
marcuscup: checks 
Hannuman: checks 
LeandroAku: bets $0.10
marcuscup: folds 
Hannuman: calls $0.10
*** TURN *** [6h Ad 5d] [6c]
Hannuman: checks 
LeandroAku: checks 
*** RIVER *** [6h Ad 5d 6c] [3s]
Hannuman: checks 
LeandroAku: bets $0.10
Hannuman: calls $0.10
*** SHOW DOWN ***
LeandroAku: shows [Qd Ac] (two pair, Aces and Sixes)
Hannuman: mucks hand 
LeandroAku collected $0.59 from pot
*** SUMMARY ***
Total pot $0.61 | Rake $0.02 
Board [6h Ad 5d 6c 3s]
Seat 1: watersofain folded before Flop (didn't bet)
Seat 2: marcuscup folded on the Flop
Seat 3: Hannuman mucked [5h Kd]
Seat 4: LeandroAku (button) showed [Qd Ac] and won ($0.59) with two pair, Aces and Sixes
Seat 5: Dorex2007 (small blind) folded before Flop
Seat 6: Ethomikse (big blind) folded before Flop
Seat 8: HellNative folded before Flop (didn't bet)
Seat 9: 19Dima87 folded before Flop (didn't bet)



PokerStars Hand #237260192312:  Hold'em No Limit ($0.01/$0.02 USD) - 2022/07/09 13:17:20 PT [2022/07/09 16:17:20 ET]
Table 'Galvarino III' 9-max Seat #5 is the button
Seat 1: watersofain ($1.34 in chips) 
Seat 2: marcuscup ($2 in chips) 
Seat 3: Hannuman ($1.74 in chips) 
Seat 4: LeandroAku ($2.77 in chips) 
Seat 5: Dorex2007 ($4.13 in chips) 
Seat 6: Ethomikse ($6.79 in chips) 
Seat 7: Nagy Iván Illés ($1 in chips) 
Seat 8: HellNative ($2 in chips) 
Seat 9: 19Dima87 ($1.16 in chips) 
Ethomikse: posts small blind $0.01
Nagy Iván Illés: posts big blind $0.02
*** HOLE CARDS ***
Dealt to Dorex2007 [5h 3s]
HellNative: folds 
19Dima87: calls $0.02
watersofain: folds 
marcuscup: folds 
Hannuman: folds 
LeandroAku: folds 
Dorex2007: folds 
Ethomikse: folds 
Nagy Iván Illés: raises $0.02 to $0.04
19Dima87: calls $0.02
*** FLOP *** [Qs 4s Qc]
Nagy Iván Illés: checks 
19Dima87: checks 
*** TURN *** [Qs 4s Qc] [4c]
Nagy Iván Illés: bets $0.06
19Dima87: folds 
Uncalled bet ($0.06) returned to Nagy Iván Illés
Nagy Iván Illés collected $0.09 from pot
*** SUMMARY ***
Total pot $0.09 | Rake $0 
Board [Qs 4s Qc 4c]
Seat 1: watersofain folded before Flop (didn't bet)
Seat 2: marcuscup folded before Flop (didn't bet)
Seat 3: Hannuman folded before Flop (didn't bet)
Seat 4: LeandroAku folded before Flop (didn't bet)
Seat 5: Dorex2007 (button) folded before Flop (didn't bet)
Seat 6: Ethomikse (small blind) folded before Flop
Seat 7: Nagy Iván Illés (big blind) collected ($0.09)
Seat 8: HellNative folded before Flop (didn't bet)
Seat 9: 19Dima87 folded on the Turn



PokerStars Hand #237260205288:  Hold'em No Limit ($0.01/$0.02 USD) - 2022/07/09 13:17:56 PT [2022/07/09 16:17:56 ET]
Table 'Galvarino III' 9-max Seat #6 is the button
Seat 1: watersofain ($1.34 in chips) 
Seat 2: marcuscup ($2 in chips) 
Seat 3: Hannuman ($1.74 in chips) 
Seat 4: LeandroAku ($2.77 in chips) 
Seat 5: Dorex2007 ($4.13 in chips) 
Seat 6: Ethomikse ($6.78 in chips) 
Seat 7: Nagy Iván Illés ($1.05 in chips) 
Seat 8: HellNative ($2 in chips) 
Seat 9: 19Dima87 ($1.12 in chips) 
Nagy Iván Illés: posts small blind $0.01
HellNative: posts big blind $0.02
*** HOLE CARDS ***
Dealt to Dorex2007 [9d 9h]
19Dima87: folds 
watersofain: calls $0.02
marcuscup: folds 
Hannuman: folds 
LeandroAku: folds 
Dorex2007: raises $0.06 to $0.08
Ethomikse: folds 
Nagy Iván Illés: calls $0.07
HellNative: folds 
watersofain: calls $0.06
*** FLOP *** [4c 3c Kh]
Nagy Iván Illés: bets $0.12
watersofain: raises $1.14 to $1.26 and is all-in
Dorex2007: folds 
Nagy Iván Illés: calls $0.85 and is all-in
Uncalled bet ($0.29) returned to watersofain
Ethomikse leaves the table
*** TURN *** [4c 3c Kh] [5c]
*** RIVER *** [4c 3c Kh 5c] [7s]
*** SHOW DOWN ***
Nagy Iván Illés: shows [Kc Jd] (a pair of Kings)
watersofain: shows [4h 4d] (three of a kind, Fours)
watersofain collected $2.12 from pot
*** SUMMARY ***
Total pot $2.20 | Rake $0.08 
Board [4c 3c Kh 5c 7s]
Seat 1: watersofain showed [4h 4d] and won ($2.12) with three of a kind, Fours
Seat 2: marcuscup folded before Flop (didn't bet)
Seat 3: Hannuman folded before Flop (didn't bet)
Seat 4: LeandroAku folded before Flop (didn't bet)
Seat 5: Dorex2007 folded on the Flop
Seat 6: Ethomikse (button) folded before Flop (didn't bet)
Seat 7: Nagy Iván Illés (small blind) showed [Kc Jd] and lost with a pair of Kings
Seat 8: HellNative (big blind) folded before Flop
Seat 9: 19Dima87 folded before Flop (didn't bet)



PokerStars Hand #237260228250:  Hold'em No Limit ($0.01/$0.02 USD) - 2022/07/09 13:19:00 PT [2022/07/09 16:19:00 ET]
Table 'Galvarino III' 9-max Seat #8 is the button
Seat 1: watersofain ($2.41 in chips) 
Seat 2: marcuscup ($2 in chips) 
Seat 3: Hannuman ($1.74 in chips) 
Seat 4: LeandroAku ($2.77 in chips) 
Seat 5: Dorex2007 ($4.05 in chips) 
Seat 8: HellNative ($2 in chips) 
Seat 9: 19Dima87 ($1.12 in chips) 
19Dima87: posts small blind $0.01
watersofain: posts big blind $0.02
*** HOLE CARDS ***
Dealt to Dorex2007 [7s Ah]
marcuscup: folds 
Hannuman: raises $0.04 to $0.06
LeandroAku: folds 
Dorex2007: folds 
HellNative: folds 
19Dima87: calls $0.05
watersofain: folds 
*** FLOP *** [4s 8s Qs]
19Dima87: checks 
little red12 joins the table at seat #6 
Hannuman: bets $0.02
19Dima87: folds 
Uncalled bet ($0.02) returned to Hannuman
Hannuman collected $0.14 from pot
*** SUMMARY ***
Total pot $0.14 | Rake $0 
Board [4s 8s Qs]
Seat 1: watersofain (big blind) folded before Flop
Seat 2: marcuscup folded before Flop (didn't bet)
Seat 3: Hannuman collected ($0.14)
Seat 4: LeandroAku folded before Flop (didn't bet)
Seat 5: Dorex2007 folded before Flop (didn't bet)
Seat 8: HellNative (button) folded before Flop (didn't bet)
Seat 9: 19Dima87 (small blind) folded on the Flop



PokerStars Hand #237260238612:  Hold'em No Limit ($0.01/$0.02 USD) - 2022/07/09 13:19:29 PT [2022/07/09 16:19:29 ET]
Table 'Galvarino III' 9-max Seat #9 is the button
Seat 1: watersofain ($2.39 in chips) 
Seat 2: marcuscup ($2 in chips) 
Seat 3: Hannuman ($1.82 in chips) 
Seat 4: LeandroAku ($2.77 in chips) 
Seat 5: Dorex2007 ($4.05 in chips) 
Seat 6: little red12 ($1.06 in chips) 
Seat 7: Nagy Iván Illés ($1 in chips) 
Seat 8: HellNative ($2 in chips) 
Seat 9: 19Dima87 ($1.06 in chips) 
watersofain: posts small blind $0.01
marcuscup: posts big blind $0.02
little red12 is connected 
little red12: posts big blind $0.02
*** HOLE CARDS ***
Dealt to Dorex2007 [Ks 6d]
Hannuman: calls $0.02
LeandroAku: folds 
Dorex2007 has timed out
Dorex2007: folds 
little red12: checks 
Nagy Iván Illés: folds 
HellNative: folds 
19Dima87: calls $0.02
watersofain: raises $0.04 to $0.06
marcuscup: calls $0.04
Hannuman: calls $0.04
little red12: calls $0.04
19Dima87: calls $0.04
*** FLOP *** [7c 3h 4d]
watersofain: checks 
marcuscup: checks 
Hannuman: bets $0.14
little red12: folds 
19Dima87: calls $0.14
watersofain: folds 
marcuscup: folds 
*** TURN *** [7c 3h 4d] [Ac]
Hannuman: checks 
19Dima87: bets $0.32
Hannuman: folds 
Uncalled bet ($0.32) returned to 19Dima87
19Dima87 collected $0.56 from pot
*** SUMMARY ***
Total pot $0.58 | Rake $0.02 
Board [7c 3h 4d Ac]
Seat 1: watersofain (small blind) folded on the Flop
Seat 2: marcuscup (big blind) folded on the Flop
Seat 3: Hannuman folded on the Turn
Seat 4: LeandroAku folded before Flop (didn't bet)
Seat 5: Dorex2007 folded before Flop (didn't bet)
Seat 6: little red12 folded on the Flop
Seat 7: Nagy Iván Illés folded before Flop (didn't bet)
Seat 8: HellNative folded before Flop (didn't bet)
Seat 9: 19Dima87 (button) collected ($0.56)



PokerStars Hand #237260273682:  Hold'em No Limit ($0.01/$0.02 USD) - 2022/07/09 13:21:07 PT [2022/07/09 16:21:07 ET]
Table 'Galvarino III' 9-max Seat #1 is the button
Seat 1: watersofain ($2.33 in chips) 
Seat 2: marcuscup ($1.94 in chips) 
Seat 3: Hannuman ($1.62 in chips) 
Seat 4: LeandroAku ($2.77 in chips) 
Seat 5: Dorex2007 ($4.05 in chips) 
Seat 6: little red12 ($1 in chips) 
Seat 7: Nagy Iván Illés ($1 in chips) 
Seat 8: HellNative ($2 in chips) 
Seat 9: 19Dima87 ($1.42 in chips) 
marcuscup: posts small blind $0.01
Hannuman: posts big blind $0.02
*** HOLE CARDS ***
Dealt to Dorex2007 [4h Ad]
LeandroAku: folds 
Dorex2007: folds 
little red12: calls $0.02
Nagy Iván Illés: folds 
HellNative: folds 
19Dima87: folds 
watersofain: folds 
marcuscup: calls $0.01
Hannuman: checks 
*** FLOP *** [Th 7s Ah]
marcuscup: bets $0.02
Hannuman: calls $0.02
little red12: calls $0.02
*** TURN *** [Th 7s Ah] [Jd]
marcuscup: bets $0.04
Hannuman: calls $0.04
little red12: raises $0.04 to $0.08
marcuscup: calls $0.04
watersofain leaves the table
Hannuman: calls $0.04
*** RIVER *** [Th 7s Ah Jd] [5h]
LukJak72 joins the table at seat #1 
marcuscup: checks 
Hannuman: checks 
little red12: bets $0.06
marcuscup: calls $0.06
Hannuman: calls $0.06
*** SHOW DOWN ***
little red12: shows [Qs Ks] (a straight, Ten to Ace)
marcuscup: mucks hand 
Hannuman: mucks hand 
little red12 collected $0.52 from pot
*** SUMMARY ***
Total pot $0.54 | Rake $0.02 
Board [Th 7s Ah Jd 5h]
Seat 1: watersofain (button) folded before Flop (didn't bet)
Seat 2: marcuscup (small blind) mucked [Ac 2d]
Seat 3: Hannuman (big blind) mucked [As 7c]
Seat 4: LeandroAku folded before Flop (didn't bet)
Seat 5: Dorex2007 folded before Flop (didn't bet)
Seat 6: little red12 showed [Qs Ks] and won ($0.52) with a straight, Ten to Ace
Seat 7: Nagy Iván Illés folded before Flop (didn't bet)
Seat 8: HellNative folded before Flop (didn't bet)
Seat 9: 19Dima87 folded before Flop (didn't bet)



PokerStars Hand #237260295686:  Hold'em No Limit ($0.01/$0.02 USD) - 2022/07/09 13:22:08 PT [2022/07/09 16:22:08 ET]
Table 'Galvarino III' 9-max Seat #2 is the button
Seat 1: LukJak72 ($2 in chips) 
Seat 2: marcuscup ($1.76 in chips) 
Seat 3: Hannuman ($1.44 in chips) 
Seat 4: LeandroAku ($2.77 in chips) 
Seat 5: Dorex2007 ($4.05 in chips) 
Seat 6: little red12 ($1.34 in chips) 
Seat 7: Nagy Iván Illés ($1 in chips) 
Seat 8: HellNative ($2 in chips) 
Seat 9: 19Dima87 ($1.42 in chips) 
Hannuman: posts small blind $0.01
LeandroAku: posts big blind $0.02
LukJak72: posts big blind $0.02
*** HOLE CARDS ***
Dealt to Dorex2007 [Ac Qd]
Dorex2007: raises $0.02 to $0.04
little red12: calls $0.04
Nagy Iván Illés: folds 
HellNative: folds 
19Dima87: calls $0.04
LukJak72: calls $0.02
marcuscup: calls $0.04
Hannuman: calls $0.03
LeandroAku: folds 
*** FLOP *** [9d 3d 7h]
Hannuman: checks 
Dorex2007: checks 
little red12: checks 
19Dima87: checks 
LukJak72: checks 
marcuscup: bets $0.06
Hannuman: calls $0.06
Dorex2007: folds 
little red12: calls $0.06
19Dima87: calls $0.06
LukJak72: folds 
*** TURN *** [9d 3d 7h] [Th]
Hannuman: checks 
little red12: checks 
19Dima87: checks 
marcuscup: checks 
*** RIVER *** [9d 3d 7h Th] [7d]
Hannuman: checks 
little red12: checks 
19Dima87: checks 
marcuscup: bets $0.10
Hannuman: folds 
little red12: calls $0.10
19Dima87: folds 
*** SHOW DOWN ***
marcuscup: shows [7s 6s] (three of a kind, Sevens)
little red12: mucks hand 
marcuscup collected $0.68 from pot
*** SUMMARY ***
Total pot $0.70 | Rake $0.02 
Board [9d 3d 7h Th 7d]
Seat 1: LukJak72 folded on the Flop
Seat 2: marcuscup (button) showed [7s 6s] and won ($0.68) with three of a kind, Sevens
Seat 3: Hannuman (small blind) folded on the River
Seat 4: LeandroAku (big blind) folded before Flop
Seat 5: Dorex2007 folded on the Flop
Seat 6: little red12 mucked [Jd Tc]
Seat 7: Nagy Iván Illés folded before Flop (didn't bet)
Seat 8: HellNative folded before Flop (didn't bet)
Seat 9: 19Dima87 folded on the River



PokerStars Hand #237260337374:  Hold'em No Limit ($0.01/$0.02 USD) - 2022/07/09 13:24:03 PT [2022/07/09 16:24:03 ET]
Table 'Galvarino III' 9-max Seat #3 is the button
Seat 1: LukJak72 ($1.96 in chips) 
Seat 2: marcuscup ($2.24 in chips) 
Seat 3: Hannuman ($1.34 in chips) 
Seat 4: LeandroAku ($2.75 in chips) 
Seat 5: Dorex2007 ($4.01 in chips) 
Seat 6: little red12 ($1.14 in chips) 
Seat 7: Nagy Iván Illés ($1 in chips) 
Seat 8: HellNative ($2 in chips) 
Seat 9: 19Dima87 ($1.32 in chips) 
LeandroAku: posts small blind $0.01
Dorex2007: posts big blind $0.02
*** HOLE CARDS ***
Dealt to Dorex2007 [3c Ah]
little red12: folds 
Nagy Iván Illés: folds 
HellNative: folds 
19Dima87: raises $0.04 to $0.06
LukJak72: folds 
marcuscup: calls $0.06
Hannuman: calls $0.06
LeandroAku: folds 
Dorex2007: folds 
*** FLOP *** [2d Js Th]
19Dima87: bets $0.12
marcuscup: calls $0.12
Hannuman: folds 
*** TURN *** [2d Js Th] [Td]
19Dima87: bets $0.21
marcuscup: calls $0.21
*** RIVER *** [2d Js Th Td] [Jd]
19Dima87: checks 
marcuscup: checks 
*** SHOW DOWN ***
19Dima87: shows [Qd Kc] (two pair, Jacks and Tens)
marcuscup: shows [Ad Kh] (two pair, Jacks and Tens - Ace kicker)
marcuscup collected $0.84 from pot
*** SUMMARY ***
Total pot $0.87 | Rake $0.03 
Board [2d Js Th Td Jd]
Seat 1: LukJak72 folded before Flop (didn't bet)
Seat 2: marcuscup showed [Ad Kh] and won ($0.84) with two pair, Jacks and Tens
Seat 3: Hannuman (button) folded on the Flop
Seat 4: LeandroAku (small blind) folded before Flop
Seat 5: Dorex2007 (big blind) folded before Flop
Seat 6: little red12 folded before Flop (didn't bet)
Seat 7: Nagy Iván Illés folded before Flop (didn't bet)
Seat 8: HellNative folded before Flop (didn't bet)
Seat 9: 19Dima87 showed [Qd Kc] and lost with two pair, Jacks and Tens



PokerStars Hand #237260362686:  Hold'em No Limit ($0.01/$0.02 USD) - 2022/07/09 13:25:13 PT [2022/07/09 16:25:13 ET]
Table 'Galvarino III' 9-max Seat #4 is the button
Seat 1: LukJak72 ($1.96 in chips) 
Seat 2: marcuscup ($2.69 in chips) 
Seat 3: Hannuman ($1.28 in chips) 
Seat 4: LeandroAku ($2.74 in chips) 
Seat 5: Dorex2007 ($3.99 in chips) 
Seat 6: little red12 ($1.14 in chips) 
Seat 7: Nagy Iván Illés ($1 in chips) 
Seat 8: HellNative ($2 in chips) 
Seat 9: 19Dima87 ($0.93 in chips) 
Dorex2007: posts small blind $0.01
little red12: posts big blind $0.02
*** HOLE CARDS ***
Dealt to Dorex2007 [2s Jh]
Nagy Iván Illés: folds 
HellNative: folds 
19Dima87: folds 
LukJak72: raises $0.03 to $0.05
marcuscup: folds 
Hannuman: folds 
LeandroAku: folds 
Dorex2007: folds 
little red12: folds 
Uncalled bet ($0.03) returned to LukJak72
LukJak72 collected $0.05 from pot
*** SUMMARY ***
Total pot $0.05 | Rake $0 
Seat 1: LukJak72 collected ($0.05)
Seat 2: marcuscup folded before Flop (didn't bet)
Seat 3: Hannuman folded before Flop (didn't bet)
Seat 4: LeandroAku (button) folded before Flop (didn't bet)
Seat 5: Dorex2007 (small blind) folded before Flop
Seat 6: little red12 (big blind) folded before Flop
Seat 7: Nagy Iván Illés folded before Flop (didn't bet)
Seat 8: HellNative folded before Flop (didn't bet)
Seat 9: 19Dima87 folded before Flop (didn't bet)



PokerStars Hand #237260368834:  Hold'em No Limit ($0.01/$0.02 USD) - 2022/07/09 13:25:30 PT [2022/07/09 16:25:30 ET]
Table 'Galvarino III' 9-max Seat #5 is the button
Seat 1: LukJak72 ($1.99 in chips) 
Seat 2: marcuscup ($2.69 in chips) 
Seat 3: Hannuman ($1.28 in chips) 
Seat 4: LeandroAku ($2.74 in chips) 
Seat 5: Dorex2007 ($3.98 in chips) 
Seat 6: little red12 ($1.12 in chips) 
Seat 7: Nagy Iván Illés ($1 in chips) 
Seat 8: HellNative ($2 in chips) 
Seat 9: 19Dima87 ($0.93 in chips) 
little red12: posts small blind $0.01
Nagy Iván Illés: posts big blind $0.02
*** HOLE CARDS ***
Dealt to Dorex2007 [3h 6d]
HellNative: folds 
19Dima87: calls $0.02
LukJak72: raises $0.05 to $0.07
marcuscup: folds 
Hannuman: folds 
LeandroAku: folds 
Dorex2007: folds 
little red12: folds 
Nagy Iván Illés: folds 
19Dima87: calls $0.05
*** FLOP *** [Kh 8s Kd]
19Dima87: checks 
LukJak72: bets $0.08
19Dima87: folds 
Uncalled bet ($0.08) returned to LukJak72
LukJak72 collected $0.16 from pot
*** SUMMARY ***
Total pot $0.17 | Rake $0.01 
Board [Kh 8s Kd]
Seat 1: LukJak72 collected ($0.16)
Seat 2: marcuscup folded before Flop (didn't bet)
Seat 3: Hannuman folded before Flop (didn't bet)
Seat 4: LeandroAku folded before Flop (didn't bet)
Seat 5: Dorex2007 (button) folded before Flop (didn't bet)
Seat 6: little red12 (small blind) folded before Flop
Seat 7: Nagy Iván Illés (big blind) folded before Flop
Seat 8: HellNative folded before Flop (didn't bet)
Seat 9: 19Dima87 folded on the Flop



PokerStars Hand #237260383185:  Hold'em No Limit ($0.01/$0.02 USD) - 2022/07/09 13:26:10 PT [2022/07/09 16:26:10 ET]
Table 'Galvarino III' 9-max Seat #6 is the button
Seat 1: LukJak72 ($2.08 in chips) 
Seat 2: marcuscup ($2.69 in chips) 
Seat 3: Hannuman ($1.28 in chips) 
Seat 4: LeandroAku ($2.74 in chips) 
Seat 5: Dorex2007 ($3.98 in chips) 
Seat 6: little red12 ($1.11 in chips) 
Seat 7: Nagy Iván Illés ($0.98 in chips) 
Seat 8: HellNative ($2 in chips) 
Seat 9: 19Dima87 ($0.86 in chips) 
Nagy Iván Illés: posts small blind $0.01
HellNative: posts big blind $0.02
*** HOLE CARDS ***
Dealt to Dorex2007 [3d 2h]
19Dima87: calls $0.02
LukJak72: folds 
marcuscup: calls $0.02
Hannuman: folds 
LeandroAku: folds 
Dorex2007: folds 
little red12: folds 
Nagy Iván Illés: folds 
HellNative: checks 
*** FLOP *** [6c 6h 7d]
HellNative: checks 
19Dima87: checks 
marcuscup: checks 
*** TURN *** [6c 6h 7d] [Qh]
HellNative: checks 
19Dima87: checks 
marcuscup: bets $0.04
HellNative: folds 
19Dima87: folds 
Uncalled bet ($0.04) returned to marcuscup
marcuscup collected $0.07 from pot
*** SUMMARY ***
Total pot $0.07 | Rake $0 
Board [6c 6h 7d Qh]
Seat 1: LukJak72 folded before Flop (didn't bet)
Seat 2: marcuscup collected ($0.07)
Seat 3: Hannuman folded before Flop (didn't bet)
Seat 4: LeandroAku folded before Flop (didn't bet)
Seat 5: Dorex2007 folded before Flop (didn't bet)
Seat 6: little red12 (button) folded before Flop (didn't bet)
Seat 7: Nagy Iván Illés (small blind) folded before Flop
Seat 8: HellNative (big blind) folded on the Turn
Seat 9: 19Dima87 folded on the Turn



PokerStars Hand #237260406448:  Hold'em No Limit ($0.01/$0.02 USD) - 2022/07/09 13:27:14 PT [2022/07/09 16:27:14 ET]
Table 'Galvarino III' 9-max Seat #7 is the button
Seat 1: LukJak72 ($2.08 in chips) 
Seat 2: marcuscup ($2.74 in chips) 
Seat 3: Hannuman ($1.28 in chips) 
Seat 4: LeandroAku ($2.74 in chips) 
Seat 5: Dorex2007 ($3.98 in chips) 
Seat 6: little red12 ($1.11 in chips) 
Seat 7: Nagy Iván Illés ($0.97 in chips) 
Seat 8: HellNative ($2 in chips) 
Seat 9: 19Dima87 ($0.84 in chips) 
HellNative: posts small blind $0.01
19Dima87: posts big blind $0.02
*** HOLE CARDS ***
Dealt to Dorex2007 [9s 9c]
LukJak72: folds 
marcuscup: raises $0.02 to $0.04
Hannuman: folds 
LeandroAku: folds 
Dorex2007: calls $0.04
little red12: folds 
Nagy Iván Illés: folds 
HellNative: folds 
19Dima87: calls $0.02
*** FLOP *** [Js 5d 8s]
19Dima87: checks 
marcuscup: bets $0.06
Dorex2007: folds 
19Dima87: folds 
Uncalled bet ($0.06) returned to marcuscup
marcuscup collected $0.13 from pot
*** SUMMARY ***
Total pot $0.13 | Rake $0 
Board [Js 5d 8s]
Seat 1: LukJak72 folded before Flop (didn't bet)
Seat 2: marcuscup collected ($0.13)
Seat 3: Hannuman folded before Flop (didn't bet)
Seat 4: LeandroAku folded before Flop (didn't bet)
Seat 5: Dorex2007 folded on the Flop
Seat 6: little red12 folded before Flop (didn't bet)
Seat 7: Nagy Iván Illés (button) folded before Flop (didn't bet)
Seat 8: HellNative (small blind) folded before Flop
Seat 9: 19Dima87 (big blind) folded on the Flop



PokerStars Hand #237260417517:  Hold'em No Limit ($0.01/$0.02 USD) - 2022/07/09 13:27:45 PT [2022/07/09 16:27:45 ET]
Table 'Galvarino III' 9-max Seat #8 is the button
Seat 1: LukJak72 ($2.08 in chips) 
Seat 2: marcuscup ($2.83 in chips) 
Seat 3: Hannuman ($1.28 in chips) 
Seat 4: LeandroAku ($2.74 in chips) 
Seat 5: Dorex2007 ($3.94 in chips) 
Seat 6: little red12 ($1.11 in chips) 
Seat 7: Nagy Iván Illés ($0.97 in chips) 
Seat 8: HellNative ($2 in chips) 
Seat 9: 19Dima87 ($0.80 in chips) 
19Dima87: posts small blind $0.01
LukJak72: posts big blind $0.02
*** HOLE CARDS ***
Dealt to Dorex2007 [8h 2d]
marcuscup: folds 
Hannuman: calls $0.02
LeandroAku: folds 
Dorex2007: folds 
little red12: folds 
Nagy Iván Illés: folds 
HellNative: folds 
19Dima87: calls $0.01
LukJak72: checks 
*** FLOP *** [2c 3s Tc]
19Dima87: bets $0.03
LukJak72: folds 
Hannuman: calls $0.03
*** TURN *** [2c 3s Tc] [Js]
19Dima87: bets $0.06
Hannuman: calls $0.06
*** RIVER *** [2c 3s Tc Js] [9d]
19Dima87: bets $0.15
Hannuman: calls $0.15
*** SHOW DOWN ***
19Dima87: shows [8c 5c] (high card Jack)
Hannuman: shows [Ts Ks] (a pair of Tens)
Hannuman collected $0.52 from pot
*** SUMMARY ***
Total pot $0.54 | Rake $0.02 
Board [2c 3s Tc Js 9d]
Seat 1: LukJak72 (big blind) folded on the Flop
Seat 2: marcuscup folded before Flop (didn't bet)
Seat 3: Hannuman showed [Ts Ks] and won ($0.52) with a pair of Tens
Seat 4: LeandroAku folded before Flop (didn't bet)
Seat 5: Dorex2007 folded before Flop (didn't bet)
Seat 6: little red12 folded before Flop (didn't bet)
Seat 7: Nagy Iván Illés folded before Flop (didn't bet)
Seat 8: HellNative (button) folded before Flop (didn't bet)
Seat 9: 19Dima87 (small blind) showed [8c 5c] and lost with high card Jack



PokerStars Hand #237260444063:  Hold'em No Limit ($0.01/$0.02 USD) - 2022/07/09 13:28:59 PT [2022/07/09 16:28:59 ET]
Table 'Galvarino III' 9-max Seat #9 is the button
Seat 1: LukJak72 ($2.06 in chips) 
Seat 2: marcuscup ($2.83 in chips) 
Seat 3: Hannuman ($1.54 in chips) 
Seat 4: LeandroAku ($2.74 in chips) 
Seat 5: Dorex2007 ($3.94 in chips) 
Seat 6: little red12 ($1.11 in chips) 
Seat 7: Nagy Iván Illés ($0.97 in chips) 
Seat 8: HellNative ($2 in chips) 
Seat 9: 19Dima87 ($0.54 in chips) 
LukJak72: posts small blind $0.01
marcuscup: posts big blind $0.02
*** HOLE CARDS ***
Dealt to Dorex2007 [6d Ad]
Hannuman: calls $0.02
LeandroAku: folds 
Dorex2007: calls $0.02
little red12: calls $0.02
Nagy Iván Illés: folds 
HellNative: folds 
19Dima87: folds 
LukJak72: calls $0.01
marcuscup: checks 
*** FLOP *** [7h 6s 2s]
LukJak72: checks 
marcuscup: checks 
Hannuman: checks 
Dorex2007: bets $0.10
little red12: calls $0.10
LukJak72: folds 
marcuscup: folds 
Hannuman: calls $0.10
*** TURN *** [7h 6s 2s] [Ah]
Hannuman: checks 
Dorex2007: bets $0.39
little red12: calls $0.39
Hannuman: folds 
*** RIVER *** [7h 6s 2s Ah] [Qh]
Dorex2007: bets $1.14
little red12: calls $0.60 and is all-in
Uncalled bet ($0.54) returned to Dorex2007
*** SHOW DOWN ***
Dorex2007: shows [6d Ad] (two pair, Aces and Sixes)
little red12: shows [7s Qs] (two pair, Queens and Sevens)
Dorex2007 collected $2.30 from pot
*** SUMMARY ***
Total pot $2.38 | Rake $0.08 
Board [7h 6s 2s Ah Qh]
Seat 1: LukJak72 (small blind) folded on the Flop
Seat 2: marcuscup (big blind) folded on the Flop
Seat 3: Hannuman folded on the Turn
Seat 4: LeandroAku folded before Flop (didn't bet)
Seat 5: Dorex2007 showed [6d Ad] and won ($2.30) with two pair, Aces and Sixes
Seat 6: little red12 showed [7s Qs] and lost with two pair, Queens and Sevens
Seat 7: Nagy Iván Illés folded before Flop (didn't bet)
Seat 8: HellNative folded before Flop (didn't bet)
Seat 9: 19Dima87 (button) folded before Flop (didn't bet)



PokerStars Hand #237260467393:  Hold'em No Limit ($0.01/$0.02 USD) - 2022/07/09 13:30:03 PT [2022/07/09 16:30:03 ET]
Table 'Galvarino III' 9-max Seat #1 is the button
Seat 1: LukJak72 ($2.04 in chips) 
Seat 2: marcuscup ($2.81 in chips) 
Seat 3: Hannuman ($1.42 in chips) 
Seat 4: LeandroAku ($2.74 in chips) 
Seat 5: Dorex2007 ($5.13 in chips) 
Seat 7: Nagy Iván Illés ($0.97 in chips) 
Seat 8: HellNative ($2 in chips) 
Seat 9: 19Dima87 ($0.54 in chips) 
marcuscup: posts small blind $0.01
Hannuman: posts big blind $0.02
*** HOLE CARDS ***
Dealt to Dorex2007 [As 5c]
LeandroAku: folds 
Dorex2007: folds 
Nagy Iván Illés has timed out
Nagy Iván Illés: folds 
HellNative: folds 
19Dima87: folds 
LukJak72: folds 
marcuscup: raises $0.06 to $0.08
Hannuman: folds 
Uncalled bet ($0.06) returned to marcuscup
marcuscup collected $0.04 from pot
*** SUMMARY ***
Total pot $0.04 | Rake $0 
Seat 1: LukJak72 (button) folded before Flop (didn't bet)
Seat 2: marcuscup (small blind) collected ($0.04)
Seat 3: Hannuman (big blind) folded before Flop
Seat 4: LeandroAku folded before Flop (didn't bet)
Seat 5: Dorex2007 folded before Flop (didn't bet)
Seat 7: Nagy Iván Illés folded before Flop (didn't bet)
Seat 8: HellNative folded before Flop (didn't bet)
Seat 9: 19Dima87 folded before Flop (didn't bet)



PokerStars Hand #237260480867:  Hold'em No Limit ($0.01/$0.02 USD) - 2022/07/09 13:30:36 PT [2022/07/09 16:30:36 ET]
Table 'Galvarino III' 9-max Seat #2 is the button
Seat 1: LukJak72 ($2.04 in chips) 
Seat 2: marcuscup ($2.83 in chips) 
Seat 3: Hannuman ($1.40 in chips) 
Seat 4: LeandroAku ($2.74 in chips) 
Seat 5: Dorex2007 ($5.13 in chips) 
Seat 6: little red12 ($1.06 in chips) 
Seat 8: HellNative ($2 in chips) 
Seat 9: 19Dima87 ($0.54 in chips) 
Hannuman: posts small blind $0.01
LeandroAku: posts big blind $0.02
*** HOLE CARDS ***
Dealt to Dorex2007 [Kd As]
Dorex2007: raises $0.04 to $0.06
little red12: folds 
HellNative: folds 
19Dima87: calls $0.06
LukJak72: folds 
marcuscup: folds 
Hannuman: folds 
LeandroAku: folds 
*** FLOP *** [6c 9d 7c]
Dorex2007: checks 
19Dima87: bets $0.07
Dorex2007: calls $0.07
*** TURN *** [6c 9d 7c] [2c]
Dorex2007: checks 
19Dima87: checks 
*** RIVER *** [6c 9d 7c 2c] [3h]
Dorex2007: bets $0.28
19Dima87: calls $0.28
*** SHOW DOWN ***
Dorex2007: shows [Kd As] (high card Ace)
19Dima87: shows [6s 8s] (a pair of Sixes)
19Dima87 collected $0.81 from pot
*** SUMMARY ***
Total pot $0.85 | Rake $0.04 
Board [6c 9d 7c 2c 3h]
Seat 1: LukJak72 folded before Flop (didn't bet)
Seat 2: marcuscup (button) folded before Flop (didn't bet)
Seat 3: Hannuman (small blind) folded before Flop
Seat 4: LeandroAku (big blind) folded before Flop
Seat 5: Dorex2007 showed [Kd As] and lost with high card Ace
Seat 6: little red12 folded before Flop (didn't bet)
Seat 8: HellNative folded before Flop (didn't bet)
Seat 9: 19Dima87 showed [6s 8s] and won ($0.81) with a pair of Sixes



PokerStars Hand #237260494221:  Hold'em No Limit ($0.01/$0.02 USD) - 2022/07/09 13:31:13 PT [2022/07/09 16:31:13 ET]
Table 'Galvarino III' 9-max Seat #3 is the button
Seat 1: LukJak72 ($2.04 in chips) 
Seat 2: marcuscup ($2.83 in chips) 
Seat 3: Hannuman ($1.39 in chips) 
Seat 4: LeandroAku ($2.72 in chips) 
Seat 5: Dorex2007 ($4.72 in chips) 
Seat 6: little red12 ($1.06 in chips) 
Seat 7: Nagy Iván Illés ($0.97 in chips) 
Seat 8: HellNative ($2 in chips) 
Seat 9: 19Dima87 ($0.94 in chips) 
LeandroAku: posts small blind $0.01
Dorex2007: posts big blind $0.02
*** HOLE CARDS ***
Dealt to Dorex2007 [4h 8s]
little red12: folds 
Nagy Iván Illés: folds 
HellNative: folds 
19Dima87: calls $0.02
LukJak72: raises $0.05 to $0.07
marcuscup: folds 
Hannuman: folds 
LeandroAku: folds 
Dorex2007: folds 
19Dima87: calls $0.05
*** FLOP *** [3c As Qd]
19Dima87: checks 
LukJak72: bets $0.08
19Dima87: calls $0.08
*** TURN *** [3c As Qd] [3s]
19Dima87: checks 
LukJak72: bets $0.16
19Dima87: calls $0.16
*** RIVER *** [3c As Qd 3s] [8d]
19Dima87: checks 
LukJak72: bets $0.38
19Dima87: calls $0.38
*** SHOW DOWN ***
LukJak72: shows [Kc Jc] (a pair of Threes)
19Dima87: shows [Ts Qc] (two pair, Queens and Threes)
19Dima87 collected $1.35 from pot
*** SUMMARY ***
Total pot $1.41 | Rake $0.06 
Board [3c As Qd 3s 8d]
Seat 1: LukJak72 showed [Kc Jc] and lost with a pair of Threes
Seat 2: marcuscup folded before Flop (didn't bet)
Seat 3: Hannuman (button) folded before Flop (didn't bet)
Seat 4: LeandroAku (small blind) folded before Flop
Seat 5: Dorex2007 (big blind) folded before Flop
Seat 6: little red12 folded before Flop (didn't bet)
Seat 7: Nagy Iván Illés folded before Flop (didn't bet)
Seat 8: HellNative folded before Flop (didn't bet)
Seat 9: 19Dima87 showed [Ts Qc] and won ($1.35) with two pair, Queens and Threes



PokerStars Hand #237260540150:  Hold'em No Limit ($0.01/$0.02 USD) - 2022/07/09 13:33:19 PT [2022/07/09 16:33:19 ET]
Table 'Galvarino III' 9-max Seat #4 is the button
Seat 1: LukJak72 ($1.35 in chips) 
Seat 2: marcuscup ($2.83 in chips) 
Seat 3: Hannuman ($1.39 in chips) 
Seat 4: LeandroAku ($2.71 in chips) 
Seat 5: Dorex2007 ($4.70 in chips) 
Seat 6: little red12 ($1.06 in chips) 
Seat 7: Nagy Iván Illés ($0.97 in chips) 
Seat 8: HellNative ($2 in chips) 
Seat 9: 19Dima87 ($1.60 in chips) 
Dorex2007: posts small blind $0.01
little red12: posts big blind $0.02
*** HOLE CARDS ***
Dealt to Dorex2007 [Jh 2h]
Nagy Iván Illés: folds 
HellNative: folds 
19Dima87: folds 
LukJak72: raises $0.03 to $0.05
marcuscup: folds 
Hannuman: folds 
LeandroAku: folds 
Dorex2007: folds 
little red12: folds 
Uncalled bet ($0.03) returned to LukJak72
LukJak72 collected $0.05 from pot
*** SUMMARY ***
Total pot $0.05 | Rake $0 
Seat 1: LukJak72 collected ($0.05)
Seat 2: marcuscup folded before Flop (didn't bet)
Seat 3: Hannuman folded before Flop (didn't bet)
Seat 4: LeandroAku (button) folded before Flop (didn't bet)
Seat 5: Dorex2007 (small blind) folded before Flop
Seat 6: little red12 (big blind) folded before Flop
Seat 7: Nagy Iván Illés folded before Flop (didn't bet)
Seat 8: HellNative folded before Flop (didn't bet)
Seat 9: 19Dima87 folded before Flop (didn't bet)



PokerStars Hand #237260546603:  Hold'em No Limit ($0.01/$0.02 USD) - 2022/07/09 13:33:37 PT [2022/07/09 16:33:37 ET]
Table 'Galvarino III' 9-max Seat #5 is the button
Seat 1: LukJak72 ($2 in chips) 
Seat 2: marcuscup ($2.83 in chips) 
Seat 3: Hannuman ($1.39 in chips) 
Seat 5: Dorex2007 ($4.69 in chips) 
Seat 6: little red12 ($1.04 in chips) 
Seat 7: Nagy Iván Illés ($0.97 in chips) 
Seat 8: HellNative ($2 in chips) 
Seat 9: 19Dima87 ($1.60 in chips) 
little red12: posts small blind $0.01
Nagy Iván Illés: posts big blind $0.02
*** HOLE CARDS ***
Dealt to Dorex2007 [3h 9s]
HellNative: raises $0.04 to $0.06
19Dima87: folds 
LukJak72: folds 
marcuscup: folds 
Hannuman: folds 
Dorex2007: folds 
little red12: raises $0.14 to $0.20
Nagy Iván Illés: folds 
HellNative: folds 
Uncalled bet ($0.14) returned to little red12
little red12 collected $0.14 from pot
*** SUMMARY ***
Total pot $0.14 | Rake $0 
Seat 1: LukJak72 folded before Flop (didn't bet)
Seat 2: marcuscup folded before Flop (didn't bet)
Seat 3: Hannuman folded before Flop (didn't bet)
Seat 5: Dorex2007 (button) folded before Flop (didn't bet)
Seat 6: little red12 (small blind) collected ($0.14)
Seat 7: Nagy Iván Illés (big blind) folded before Flop
Seat 8: HellNative folded before Flop
Seat 9: 19Dima87 folded before Flop (didn't bet)



PokerStars Hand #237260556947:  Hold'em No Limit ($0.01/$0.02 USD) - 2022/07/09 13:34:06 PT [2022/07/09 16:34:06 ET]
Table 'Galvarino III' 9-max Seat #6 is the button
Seat 1: LukJak72 ($2 in chips) 
Seat 2: marcuscup ($2.83 in chips) 
Seat 3: Hannuman ($1.39 in chips) 
Seat 5: Dorex2007 ($4.69 in chips) 
Seat 6: little red12 ($1.12 in chips) 
Seat 7: Nagy Iván Illés ($0.95 in chips) 
Seat 8: HellNative ($2 in chips) 
Seat 9: 19Dima87 ($1.60 in chips) 
Nagy Iván Illés: posts small blind $0.01
HellNative: posts big blind $0.02
*** HOLE CARDS ***
Dealt to Dorex2007 [7d 2c]
19Dima87: folds 
LukJak72: raises $0.03 to $0.05
marcuscup: calls $0.05
Hannuman: folds 
Dorex2007: folds 
little red12: folds 
Nagy Iván Illés: folds 
HellNative: folds 
*** FLOP *** [Td 5h Ad]
LukJak72: bets $0.06
marcuscup: calls $0.06
*** TURN *** [Td 5h Ad] [6d]
LukJak72: bets $0.12
marcuscup: folds 
Uncalled bet ($0.12) returned to LukJak72
LukJak72 collected $0.24 from pot
*** SUMMARY ***
Total pot $0.25 | Rake $0.01 
Board [Td 5h Ad 6d]
Seat 1: LukJak72 collected ($0.24)
Seat 2: marcuscup folded on the Turn
Seat 3: Hannuman folded before Flop (didn't bet)
Seat 5: Dorex2007 folded before Flop (didn't bet)
Seat 6: little red12 (button) folded before Flop (didn't bet)
Seat 7: Nagy Iván Illés (small blind) folded before Flop
Seat 8: HellNative (big blind) folded before Flop
Seat 9: 19Dima87 folded before Flop (didn't bet)



PokerStars Hand #237260572721:  Hold'em No Limit ($0.01/$0.02 USD) - 2022/07/09 13:34:49 PT [2022/07/09 16:34:49 ET]
Table 'Galvarino III' 9-max Seat #7 is the button
Seat 1: LukJak72 ($2.13 in chips) 
Seat 2: marcuscup ($2.72 in chips) 
Seat 3: Hannuman ($1.39 in chips) 
Seat 5: Dorex2007 ($4.69 in chips) 
Seat 6: little red12 ($1.12 in chips) 
Seat 7: Nagy Iván Illés ($0.94 in chips) 
Seat 8: HellNative ($2 in chips) 
Seat 9: 19Dima87 ($1.60 in chips) 
HellNative: posts small blind $0.01
19Dima87: posts big blind $0.02
*** HOLE CARDS ***
Dealt to Dorex2007 [7d Kd]
LukJak72: folds 
marcuscup: folds 
Hannuman: folds 
Dorex2007: calls $0.02
little red12: folds 
Nagy Iván Illés: folds 
HellNative: folds 
19Dima87: raises $0.05 to $0.07
Dorex2007: calls $0.05
*** FLOP *** [5h Qd Ah]
19Dima87: bets $0.09
Dorex2007: folds 
Uncalled bet ($0.09) returned to 19Dima87
19Dima87 collected $0.14 from pot
*** SUMMARY ***
Total pot $0.15 | Rake $0.01 
Board [5h Qd Ah]
Seat 1: LukJak72 folded before Flop (didn't bet)
Seat 2: marcuscup folded before Flop (didn't bet)
Seat 3: Hannuman folded before Flop (didn't bet)
Seat 5: Dorex2007 folded on the Flop
Seat 6: little red12 folded before Flop (didn't bet)
Seat 7: Nagy Iván Illés (button) folded before Flop (didn't bet)
Seat 8: HellNative (small blind) folded before Flop
Seat 9: 19Dima87 (big blind) collected ($0.14)



PokerStars Hand #237260584057:  Hold'em No Limit ($0.01/$0.02 USD) - 2022/07/09 13:35:20 PT [2022/07/09 16:35:20 ET]
Table 'Galvarino III' 9-max Seat #8 is the button
Seat 1: LukJak72 ($2.13 in chips) 
Seat 2: marcuscup ($2.72 in chips) 
Seat 3: Hannuman ($1.39 in chips) 
Seat 5: Dorex2007 ($4.62 in chips) 
Seat 6: little red12 ($1.12 in chips) 
Seat 7: Nagy Iván Illés ($0.94 in chips) 
Seat 8: HellNative ($2 in chips) 
Seat 9: 19Dima87 ($1.67 in chips) 
19Dima87: posts small blind $0.01
LukJak72: posts big blind $0.02
*** HOLE CARDS ***
Dealt to Dorex2007 [7c Jd]
marcuscup: folds 
Hannuman: folds 
Dorex2007: folds 
little red12: folds 
Nagy Iván Illés: folds 
HellNative: raises $0.03 to $0.05
19Dima87: folds 
LukJak72: folds 
Uncalled bet ($0.03) returned to HellNative
HellNative collected $0.05 from pot
*** SUMMARY ***
Total pot $0.05 | Rake $0 
Seat 1: LukJak72 (big blind) folded before Flop
Seat 2: marcuscup folded before Flop (didn't bet)
Seat 3: Hannuman folded before Flop (didn't bet)
Seat 5: Dorex2007 folded before Flop (didn't bet)
Seat 6: little red12 folded before Flop (didn't bet)
Seat 7: Nagy Iván Illés folded before Flop (didn't bet)
Seat 8: HellNative (button) collected ($0.05)
Seat 9: 19Dima87 (small blind) folded before Flop



PokerStars Hand #237260593129:  Hold'em No Limit ($0.01/$0.02 USD) - 2022/07/09 13:35:45 PT [2022/07/09 16:35:45 ET]
Table 'Galvarino III' 9-max Seat #9 is the button
Seat 1: LukJak72 ($2.11 in chips) 
Seat 2: marcuscup ($2.72 in chips) 
Seat 3: Hannuman ($1.39 in chips) 
Seat 5: Dorex2007 ($4.62 in chips) 
Seat 6: little red12 ($1.12 in chips) 
Seat 7: Nagy Iván Illés ($0.94 in chips) 
Seat 8: HellNative ($2.03 in chips) 
Seat 9: 19Dima87 ($1.66 in chips) 
LukJak72: posts small blind $0.01
marcuscup: posts big blind $0.02
*** HOLE CARDS ***
Dealt to Dorex2007 [8c Jd]
Hannuman: folds 
Dorex2007 has timed out
Dorex2007: folds 
little red12: folds 
Nagy Iván Illés: folds 
HellNative: raises $0.04 to $0.06
19Dima87: calls $0.06
LukJak72: calls $0.05
marcuscup: calls $0.04
*** FLOP *** [5h 9h 6h]
LukJak72: checks 
marcuscup: checks 
HellNative: checks 
19Dima87: bets $0.13
LukJak72: calls $0.13
marcuscup: calls $0.13
HellNative: folds 
*** TURN *** [5h 9h 6h] [4c]
LukJak72: checks 
marcuscup: checks 
19Dima87: bets $0.38
LukJak72: calls $0.38
marcuscup: calls $0.38
*** RIVER *** [5h 9h 6h 4c] [3c]
LukJak72: checks 
marcuscup: checks 
19Dima87: bets $1.09 and is all-in
LukJak72: raises $0.45 to $1.54 and is all-in
marcuscup: folds 
Uncalled bet ($0.45) returned to LukJak72
*** SHOW DOWN ***
LukJak72: shows [2h Ah] (a flush, Ace high)
19Dima87: shows [8h 4h] (a flush, Nine high)
LukJak72 collected $3.81 from pot
*** SUMMARY ***
Total pot $3.95 | Rake $0.14 
Board [5h 9h 6h 4c 3c]
Seat 1: LukJak72 (small blind) showed [2h Ah] and won ($3.81) with a flush, Ace high
Seat 2: marcuscup (big blind) folded on the River
Seat 3: Hannuman folded before Flop (didn't bet)
Seat 5: Dorex2007 folded before Flop (didn't bet)
Seat 6: little red12 folded before Flop (didn't bet)
Seat 7: Nagy Iván Illés folded before Flop (didn't bet)
Seat 8: HellNative folded on the Flop
Seat 9: 19Dima87 (button) showed [8h 4h] and lost with a flush, Nine high



PokerStars Hand #237260633998:  Hold'em No Limit ($0.01/$0.02 USD) - 2022/07/09 13:37:36 PT [2022/07/09 16:37:36 ET]
Table 'Galvarino III' 9-max Seat #1 is the button
Seat 1: LukJak72 ($4.26 in chips) 
Seat 2: marcuscup ($2.15 in chips) 
Seat 3: Hannuman ($1.39 in chips) 
Seat 5: Dorex2007 ($4.62 in chips) 
Seat 6: little red12 ($1.12 in chips) 
Seat 7: Nagy Iván Illés ($0.94 in chips) 
Seat 8: HellNative ($2 in chips) 
marcuscup: posts small blind $0.01
Hannuman: posts big blind $0.02
*** HOLE CARDS ***
Dealt to Dorex2007 [8h 6s]
Dorex2007: folds 
little red12: calls $0.02
Nagy Iván Illés: folds 
HellNative: folds 
LukJak72: raises $0.02 to $0.04
marcuscup: calls $0.03
Hannuman: calls $0.02
little red12: calls $0.02
*** FLOP *** [Qd Ks 4d]
marcuscup: checks 
Hannuman: checks 
19Dima87 leaves the table
little red12: bets $0.07
LukJak72: folds 
marcuscup: folds 
Hannuman: calls $0.07
*** TURN *** [Qd Ks 4d] [3d]
Hannuman: checks 
little red12: checks 
*** RIVER *** [Qd Ks 4d 3d] [Qh]
NobrainMC joins the table at seat #9 
Hannuman: checks 
little red12: checks 
*** SHOW DOWN ***
Hannuman: shows [Kc 2c] (two pair, Kings and Queens)
little red12: shows [Kh 7h] (two pair, Kings and Queens - Seven kicker)
little red12 collected $0.29 from pot
*** SUMMARY ***
Total pot $0.30 | Rake $0.01 
Board [Qd Ks 4d 3d Qh]
Seat 1: LukJak72 (button) folded on the Flop
Seat 2: marcuscup (small blind) folded on the Flop
Seat 3: Hannuman (big blind) showed [Kc 2c] and lost with two pair, Kings and Queens
Seat 5: Dorex2007 folded before Flop (didn't bet)
Seat 6: little red12 showed [Kh 7h] and won ($0.29) with two pair, Kings and Queens
Seat 7: Nagy Iván Illés folded before Flop (didn't bet)
Seat 8: HellNative folded before Flop (didn't bet)



PokerStars Hand #237260651709:  Hold'em No Limit ($0.01/$0.02 USD) - 2022/07/09 13:38:25 PT [2022/07/09 16:38:25 ET]
Table 'Galvarino III' 9-max Seat #2 is the button
Seat 1: LukJak72 ($4.22 in chips) 
Seat 2: marcuscup ($2.11 in chips) 
Seat 3: Hannuman ($1.28 in chips) 
Seat 5: Dorex2007 ($4.62 in chips) 
Seat 6: little red12 ($1.30 in chips) 
Seat 7: Nagy Iván Illés ($0.94 in chips) 
Seat 8: HellNative ($2 in chips) 
Hannuman: posts small blind $0.01
Dorex2007: posts big blind $0.02
NobrainMC: sits out 
*** HOLE CARDS ***
Dealt to Dorex2007 [4d 6h]
little red12: folds 
Nagy Iván Illés: folds 
HellNative: folds 
LukJak72: raises $0.03 to $0.05
marcuscup: folds 
Hannuman: calls $0.04
Dorex2007: folds 
*** FLOP *** [3s 4s Kd]
Hannuman: checks 
LukJak72: bets $0.09
Hannuman: calls $0.09
*** TURN *** [3s 4s Kd] [Js]
Hannuman: checks 
LukJak72: checks 
*** RIVER *** [3s 4s Kd Js] [Jc]
Hannuman: bets $0.29
LukJak72: calls $0.29
*** SHOW DOWN ***
Hannuman: shows [8d 9d] (a pair of Jacks)
LukJak72: shows [Kh 8h] (two pair, Kings and Jacks)
LukJak72 collected $0.85 from pot
*** SUMMARY ***
Total pot $0.88 | Rake $0.03 
Board [3s 4s Kd Js Jc]
Seat 1: LukJak72 showed [Kh 8h] and won ($0.85) with two pair, Kings and Jacks
Seat 2: marcuscup (button) folded before Flop (didn't bet)
Seat 3: Hannuman (small blind) showed [8d 9d] and lost with a pair of Jacks
Seat 5: Dorex2007 (big blind) folded before Flop
Seat 6: little red12 folded before Flop (didn't bet)
Seat 7: Nagy Iván Illés folded before Flop (didn't bet)
Seat 8: HellNative folded before Flop (didn't bet)



PokerStars Hand #237260663826:  Hold'em No Limit ($0.01/$0.02 USD) - 2022/07/09 13:38:59 PT [2022/07/09 16:38:59 ET]
Table 'Galvarino III' 9-max Seat #3 is the button
Seat 1: LukJak72 ($4.64 in chips) 
Seat 2: marcuscup ($2.11 in chips) 
Seat 3: Hannuman ($0.85 in chips) 
Seat 5: Dorex2007 ($4.60 in chips) 
Seat 6: little red12 ($1.30 in chips) 
Seat 7: Nagy Iván Illés ($0.94 in chips) 
Seat 8: HellNative ($2 in chips) 
Seat 9: NobrainMC ($1.60 in chips) 
Dorex2007: posts small blind $0.01
little red12: posts big blind $0.02
NobrainMC: posts big blind $0.02
*** HOLE CARDS ***
Dealt to Dorex2007 [5h 8c]
Nagy Iván Illés: folds 
HellNative: folds 
NobrainMC: checks 
LukJak72: folds 
marcuscup: folds 
Hannuman: calls $0.02
Dorex2007: folds 
little red12: checks 
*** FLOP *** [Jd Kh 6h]
little red12: checks 
NobrainMC: bets $0.03
Hannuman: raises $0.03 to $0.06
little red12: folds 
NobrainMC: calls $0.03
*** TURN *** [Jd Kh 6h] [6s]
NobrainMC: checks 
Hannuman: bets $0.18
NobrainMC: calls $0.18
*** RIVER *** [Jd Kh 6h 6s] [6d]
NobrainMC: bets $0.53
Hannuman: raises $0.06 to $0.59 and is all-in
NobrainMC: calls $0.06
*** SHOW DOWN ***
Hannuman: shows [6c Jc] (four of a kind, Sixes)
NobrainMC: shows [Ks 7s] (a full house, Sixes full of Kings)
Hannuman collected $1.67 from pot
*** SUMMARY ***
Total pot $1.73 | Rake $0.06 
Board [Jd Kh 6h 6s 6d]
Seat 1: LukJak72 folded before Flop (didn't bet)
Seat 2: marcuscup folded before Flop (didn't bet)
Seat 3: Hannuman (button) showed [6c Jc] and won ($1.67) with four of a kind, Sixes
Seat 5: Dorex2007 (small blind) folded before Flop
Seat 6: little red12 (big blind) folded on the Flop
Seat 7: Nagy Iván Illés folded before Flop (didn't bet)
Seat 8: HellNative folded before Flop (didn't bet)
Seat 9: NobrainMC showed [Ks 7s] and lost with a full house, Sixes full of Kings



PokerStars Hand #237260685494:  Hold'em No Limit ($0.01/$0.02 USD) - 2022/07/09 13:40:00 PT [2022/07/09 16:40:00 ET]
Table 'Galvarino III' 9-max Seat #5 is the button
Seat 1: LukJak72 ($4.64 in chips) 
Seat 2: marcuscup ($2.11 in chips) 
Seat 3: Hannuman ($1.67 in chips) 
Seat 5: Dorex2007 ($4.59 in chips) 
Seat 6: little red12 ($1.28 in chips) 
Seat 7: Nagy Iván Illés ($0.94 in chips) 
Seat 8: HellNative ($2 in chips) 
Seat 9: NobrainMC ($0.75 in chips) 
little red12: posts small blind $0.01
Nagy Iván Illés: posts big blind $0.02
*** HOLE CARDS ***
Dealt to Dorex2007 [6c Ah]
HellNative: folds 
NobrainMC: folds 
LukJak72: folds 
marcuscup: folds 
Hannuman: folds 
Dorex2007: folds 
little red12: calls $0.01
Nagy Iván Illés: checks 
*** FLOP *** [4d 9s 2d]
little red12: checks 
Nagy Iván Illés: checks 
*** TURN *** [4d 9s 2d] [Qh]
little red12: checks 
Nagy Iván Illés: checks 
*** RIVER *** [4d 9s 2d Qh] [Qs]
little red12: checks 
Nagy Iván Illés: checks 
*** SHOW DOWN ***
little red12: shows [As Th] (a pair of Queens)
Nagy Iván Illés: shows [8c 4s] (two pair, Queens and Fours)
Nagy Iván Illés collected $0.04 from pot
*** SUMMARY ***
Total pot $0.04 | Rake $0 
Board [4d 9s 2d Qh Qs]
Seat 1: LukJak72 folded before Flop (didn't bet)
Seat 2: marcuscup folded before Flop (didn't bet)
Seat 3: Hannuman folded before Flop (didn't bet)
Seat 5: Dorex2007 (button) folded before Flop (didn't bet)
Seat 6: little red12 (small blind) showed [As Th] and lost with a pair of Queens
Seat 7: Nagy Iván Illés (big blind) showed [8c 4s] and won ($0.04) with two pair, Queens and Fours
Seat 8: HellNative folded before Flop (didn't bet)
Seat 9: NobrainMC folded before Flop (didn't bet)



PokerStars Hand #237260698610:  Hold'em No Limit ($0.01/$0.02 USD) - 2022/07/09 13:40:36 PT [2022/07/09 16:40:36 ET]
Table 'Galvarino III' 9-max Seat #6 is the button
Seat 1: LukJak72 ($4.64 in chips) 
Seat 2: marcuscup ($2.11 in chips) 
Seat 3: Hannuman ($1.67 in chips) 
Seat 5: Dorex2007 ($4.59 in chips) 
Seat 6: little red12 ($1.26 in chips) 
Seat 7: Nagy Iván Illés ($0.96 in chips) 
Seat 8: HellNative ($2 in chips) 
Seat 9: NobrainMC ($2 in chips) 
Nagy Iván Illés: posts small blind $0.01
HellNative: posts big blind $0.02
*** HOLE CARDS ***
Dealt to Dorex2007 [7d Qc]
NobrainMC: folds 
LukJak72: folds 
marcuscup: folds 
Hannuman: folds 
Dorex2007: folds 
little red12: folds 
Nagy Iván Illés: raises $0.04 to $0.06
HellNative: folds 
Uncalled bet ($0.04) returned to Nagy Iván Illés
Nagy Iván Illés collected $0.04 from pot
*** SUMMARY ***
Total pot $0.04 | Rake $0 
Seat 1: LukJak72 folded before Flop (didn't bet)
Seat 2: marcuscup folded before Flop (didn't bet)
Seat 3: Hannuman folded before Flop (didn't bet)
Seat 5: Dorex2007 folded before Flop (didn't bet)
Seat 6: little red12 (button) folded before Flop (didn't bet)
Seat 7: Nagy Iván Illés (small blind) collected ($0.04)
Seat 8: HellNative (big blind) folded before Flop
Seat 9: NobrainMC folded before Flop (didn't bet)



PokerStars Hand #237260711992:  Hold'em No Limit ($0.01/$0.02 USD) - 2022/07/09 13:40:48 PT [2022/07/09 16:40:48 ET]
Table 'Galvarino III' 9-max Seat #7 is the button
Seat 1: LukJak72 ($4.64 in chips) 
Seat 2: marcuscup ($2.11 in chips) 
Seat 3: Hannuman ($1.67 in chips) 
Seat 5: Dorex2007 ($4.59 in chips) 
Seat 6: little red12 ($1.26 in chips) 
Seat 7: Nagy Iván Illés ($0.98 in chips) 
Seat 8: HellNative ($2 in chips) 
Seat 9: NobrainMC ($2 in chips) 
HellNative: posts small blind $0.01
NobrainMC: posts big blind $0.02
*** HOLE CARDS ***
Dealt to Dorex2007 [3c 9c]
LukJak72: raises $0.03 to $0.05
marcuscup: folds 
Hannuman: calls $0.05
Dorex2007: folds 
little red12: calls $0.05
Nagy Iván Illés: folds 
HellNative: folds 
NobrainMC: folds 
*** FLOP *** [9s Kh 3d]
LukJak72: bets $0.08
Hannuman: folds 
little red12: calls $0.08
*** TURN *** [9s Kh 3d] [Qs]
LukJak72: bets $0.16
little red12: calls $0.16
*** RIVER *** [9s Kh 3d Qs] [8d]
LukJak72: bets $0.42
little red12: calls $0.42
*** SHOW DOWN ***
LukJak72: shows [Kc Qd] (two pair, Kings and Queens)
little red12: mucks hand 
LukJak72 collected $1.45 from pot
*** SUMMARY ***
Total pot $1.50 | Rake $0.05 
Board [9s Kh 3d Qs 8d]
Seat 1: LukJak72 showed [Kc Qd] and won ($1.45) with two pair, Kings and Queens
Seat 2: marcuscup folded before Flop (didn't bet)
Seat 3: Hannuman folded on the Flop
Seat 5: Dorex2007 folded before Flop (didn't bet)
Seat 6: little red12 mucked [Ks 2s]
Seat 7: Nagy Iván Illés (button) folded before Flop (didn't bet)
Seat 8: HellNative (small blind) folded before Flop
Seat 9: NobrainMC (big blind) folded before Flop



PokerStars Hand #237260731327:  Hold'em No Limit ($0.01/$0.02 USD) - 2022/07/09 13:41:42 PT [2022/07/09 16:41:42 ET]
Table 'Galvarino III' 9-max Seat #8 is the button
Seat 1: LukJak72 ($5.38 in chips) 
Seat 2: marcuscup ($2.11 in chips) 
Seat 3: Hannuman ($1.62 in chips) 
Seat 5: Dorex2007 ($4.59 in chips) 
Seat 6: little red12 ($0.55 in chips) 
Seat 7: Nagy Iván Illés ($0.98 in chips) 
Seat 8: HellNative ($2 in chips) 
Seat 9: NobrainMC ($1.98 in chips) 
NobrainMC: posts small blind $0.01
LukJak72: posts big blind $0.02
*** HOLE CARDS ***
Dealt to Dorex2007 [Jh 4s]
marcuscup: folds 
Hannuman: calls $0.02
Dorex2007: folds 
little red12: folds 
Nagy Iván Illés: folds 
HellNative: folds 
NobrainMC: raises $0.05 to $0.07
LukJak72: folds 
Hannuman: calls $0.05
*** FLOP *** [4c 8c 7s]
NobrainMC: bets $0.10
Hannuman: folds 
Uncalled bet ($0.10) returned to NobrainMC
NobrainMC collected $0.15 from pot
*** SUMMARY ***
Total pot $0.16 | Rake $0.01 
Board [4c 8c 7s]
Seat 1: LukJak72 (big blind) folded before Flop
Seat 2: marcuscup folded before Flop (didn't bet)
Seat 3: Hannuman folded on the Flop
Seat 5: Dorex2007 folded before Flop (didn't bet)
Seat 6: little red12 folded before Flop (didn't bet)
Seat 7: Nagy Iván Illés folded before Flop (didn't bet)
Seat 8: HellNative (button) folded before Flop (didn't bet)
Seat 9: NobrainMC (small blind) collected ($0.15)



PokerStars Hand #237260744374:  Hold'em No Limit ($0.01/$0.02 USD) - 2022/07/09 13:42:19 PT [2022/07/09 16:42:19 ET]
Table 'Galvarino III' 9-max Seat #9 is the button
Seat 1: LukJak72 ($5.36 in chips) 
Seat 2: marcuscup ($2.11 in chips) 
Seat 3: Hannuman ($1.55 in chips) 
Seat 5: Dorex2007 ($4.59 in chips) 
Seat 6: little red12 ($0.55 in chips) 
Seat 7: Nagy Iván Illés ($0.98 in chips) 
Seat 8: HellNative ($2 in chips) 
Seat 9: NobrainMC ($2.06 in chips) 
LukJak72: posts small blind $0.01
marcuscup: posts big blind $0.02
*** HOLE CARDS ***
Dealt to Dorex2007 [8c 6h]
Hannuman: folds 
Dorex2007: folds 
little red12: calls $0.02
Nagy Iván Illés: raises $0.02 to $0.04
HellNative: folds 
NobrainMC: folds 
LukJak72: raises $0.03 to $0.07
marcuscup: folds 
little red12: calls $0.05
Nagy Iván Illés: calls $0.03
*** FLOP *** [Td 8h 8d]
LukJak72: checks 
little red12: bets $0.48 and is all-in
Nagy Iván Illés: folds 
LukJak72: folds 
Uncalled bet ($0.48) returned to little red12
little red12 collected $0.22 from pot
*** SUMMARY ***
Total pot $0.23 | Rake $0.01 
Board [Td 8h 8d]
Seat 1: LukJak72 (small blind) folded on the Flop
Seat 2: marcuscup (big blind) folded before Flop
Seat 3: Hannuman folded before Flop (didn't bet)
Seat 5: Dorex2007 folded before Flop (didn't bet)
Seat 6: little red12 collected ($0.22)
Seat 7: Nagy Iván Illés folded on the Flop
Seat 8: HellNative folded before Flop (didn't bet)
Seat 9: NobrainMC (button) folded before Flop (didn't bet)



PokerStars Hand #237260758439:  Hold'em No Limit ($0.01/$0.02 USD) - 2022/07/09 13:43:00 PT [2022/07/09 16:43:00 ET]
Table 'Galvarino III' 9-max Seat #1 is the button
Seat 1: LukJak72 ($5.29 in chips) 
Seat 2: marcuscup ($2.09 in chips) 
Seat 3: Hannuman ($1.55 in chips) 
Seat 5: Dorex2007 ($4.59 in chips) 
Seat 6: little red12 ($0.70 in chips) 
Seat 7: Nagy Iván Illés ($0.91 in chips) 
Seat 8: HellNative ($2 in chips) 
Seat 9: NobrainMC ($2.06 in chips) 
marcuscup: posts small blind $0.01
Hannuman: posts big blind $0.02
*** HOLE CARDS ***
Dealt to Dorex2007 [9c Js]
Dorex2007: folds 
little red12: folds 
Nagy Iván Illés: folds 
HellNative: raises $0.04 to $0.06
NobrainMC: folds 
LukJak72: folds 
marcuscup: folds 
Hannuman: folds 
Uncalled bet ($0.04) returned to HellNative
HellNative collected $0.05 from pot
*** SUMMARY ***
Total pot $0.05 | Rake $0 
Seat 1: LukJak72 (button) folded before Flop (didn't bet)
Seat 2: marcuscup (small blind) folded before Flop
Seat 3: Hannuman (big blind) folded before Flop
Seat 5: Dorex2007 folded before Flop (didn't bet)
Seat 6: little red12 folded before Flop (didn't bet)
Seat 7: Nagy Iván Illés folded before Flop (didn't bet)
Seat 8: HellNative collected ($0.05)
Seat 9: NobrainMC folded before Flop (didn't bet)



PokerStars Hand #237260765070:  Hold'em No Limit ($0.01/$0.02 USD) - 2022/07/09 13:43:18 PT [2022/07/09 16:43:18 ET]
Table 'Galvarino III' 9-max Seat #2 is the button
Seat 1: LukJak72 ($5.29 in chips) 
Seat 2: marcuscup ($2.08 in chips) 
Seat 3: Hannuman ($1.53 in chips) 
Seat 5: Dorex2007 ($4.59 in chips) 
Seat 6: little red12 ($0.70 in chips) 
Seat 7: Nagy Iván Illés ($0.91 in chips) 
Seat 8: HellNative ($2.03 in chips) 
Seat 9: NobrainMC ($2.06 in chips) 
Hannuman: posts small blind $0.01
Dorex2007: posts big blind $0.02
*** HOLE CARDS ***
Dealt to Dorex2007 [Tc 7d]
little red12: folds 
Nagy Iván Illés: folds 
HellNative: raises $0.04 to $0.06
NobrainMC: folds 
LukJak72: calls $0.06
marcuscup: raises $0.21 to $0.27
Hannuman: folds 
Dorex2007: folds 
HellNative: folds 
LukJak72: folds 
Uncalled bet ($0.21) returned to marcuscup
marcuscup collected $0.21 from pot
*** SUMMARY ***
Total pot $0.21 | Rake $0 
Seat 1: LukJak72 folded before Flop
Seat 2: marcuscup (button) collected ($0.21)
Seat 3: Hannuman (small blind) folded before Flop
Seat 5: Dorex2007 (big blind) folded before Flop
Seat 6: little red12 folded before Flop (didn't bet)
Seat 7: Nagy Iván Illés folded before Flop (didn't bet)
Seat 8: HellNative folded before Flop
Seat 9: NobrainMC folded before Flop (didn't bet)



PokerStars Hand #237260775244:  Hold'em No Limit ($0.01/$0.02 USD) - 2022/07/09 13:43:47 PT [2022/07/09 16:43:47 ET]
Table 'Galvarino III' 9-max Seat #3 is the button
Seat 1: LukJak72 ($5.23 in chips) 
Seat 2: marcuscup ($2.23 in chips) 
Seat 3: Hannuman ($1.52 in chips) 
Seat 5: Dorex2007 ($4.57 in chips) 
Seat 6: little red12 ($0.70 in chips) 
Seat 7: Nagy Iván Illés ($0.91 in chips) 
Seat 8: HellNative ($2 in chips) 
Seat 9: NobrainMC ($2.06 in chips) 
Dorex2007: posts small blind $0.01
little red12: posts big blind $0.02
*** HOLE CARDS ***
Dealt to Dorex2007 [8d 7c]
Nagy Iván Illés: folds 
HellNative: folds 
NobrainMC: raises $0.04 to $0.06
LukJak72: folds 
marcuscup: folds 
Hannuman: calls $0.06
Dorex2007: folds 
little red12: calls $0.04
*** FLOP *** [2s Ac Kc]
little red12: checks 
NobrainMC: bets $0.06
Hannuman: folds 
little red12: folds 
Uncalled bet ($0.06) returned to NobrainMC
NobrainMC collected $0.18 from pot
*** SUMMARY ***
Total pot $0.19 | Rake $0.01 
Board [2s Ac Kc]
Seat 1: LukJak72 folded before Flop (didn't bet)
Seat 2: marcuscup folded before Flop (didn't bet)
Seat 3: Hannuman (button) folded on the Flop
Seat 5: Dorex2007 (small blind) folded before Flop
Seat 6: little red12 (big blind) folded on the Flop
Seat 7: Nagy Iván Illés folded before Flop (didn't bet)
Seat 8: HellNative folded before Flop (didn't bet)
Seat 9: NobrainMC collected ($0.18)



PokerStars Hand #237260789093:  Hold'em No Limit ($0.01/$0.02 USD) - 2022/07/09 13:44:27 PT [2022/07/09 16:44:27 ET]
Table 'Galvarino III' 9-max Seat #5 is the button
Seat 1: LukJak72 ($5.23 in chips) 
Seat 2: marcuscup ($2.23 in chips) 
Seat 3: Hannuman ($1.46 in chips) 
Seat 5: Dorex2007 ($4.56 in chips) 
Seat 6: little red12 ($0.64 in chips) 
Seat 7: Nagy Iván Illés ($0.91 in chips) 
Seat 8: HellNative ($2 in chips) 
Seat 9: NobrainMC ($2.18 in chips) 
little red12: posts small blind $0.01
Nagy Iván Illés: posts big blind $0.02
*** HOLE CARDS ***
Dealt to Dorex2007 [7s Kh]
HellNative: folds 
NobrainMC: folds 
LukJak72: folds 
marcuscup: folds 
Hannuman: calls $0.02
Dorex2007: folds 
little red12: calls $0.01
Nagy Iván Illés: checks 
*** FLOP *** [Ks Th Ts]
little red12: checks 
Nagy Iván Illés: checks 
Hannuman: bets $0.02
little red12: calls $0.02
Nagy Iván Illés: calls $0.02
*** TURN *** [Ks Th Ts] [8c]
little red12: checks 
Nagy Iván Illés: checks 
Hannuman: bets $0.02
little red12: calls $0.02
Nagy Iván Illés: calls $0.02
*** RIVER *** [Ks Th Ts 8c] [4h]
little red12: bets $0.08
Nagy Iván Illés: folds 
Hannuman: calls $0.08
*** SHOW DOWN ***
little red12: shows [Kd Td] (a full house, Tens full of Kings)
Hannuman: mucks hand 
little red12 collected $0.33 from pot
*** SUMMARY ***
Total pot $0.34 | Rake $0.01 
Board [Ks Th Ts 8c 4h]
Seat 1: LukJak72 folded before Flop (didn't bet)
Seat 2: marcuscup folded before Flop (didn't bet)
Seat 3: Hannuman mucked [4c Kc]
Seat 5: Dorex2007 (button) folded before Flop (didn't bet)
Seat 6: little red12 (small blind) showed [Kd Td] and won ($0.33) with a full house, Tens full of Kings
Seat 7: Nagy Iván Illés (big blind) folded on the River
Seat 8: HellNative folded before Flop (didn't bet)
Seat 9: NobrainMC folded before Flop (didn't bet)



PokerStars Hand #237260809696:  Hold'em No Limit ($0.01/$0.02 USD) - 2022/07/09 13:45:25 PT [2022/07/09 16:45:25 ET]
Table 'Galvarino III' 9-max Seat #6 is the button
Seat 1: LukJak72 ($5.23 in chips) 
Seat 2: marcuscup ($2.23 in chips) 
Seat 3: Hannuman ($1.32 in chips) 
Seat 5: Dorex2007 ($4.56 in chips) 
Seat 6: little red12 ($0.83 in chips) 
Seat 7: Nagy Iván Illés ($0.85 in chips) 
Seat 8: HellNative ($2 in chips) 
Seat 9: NobrainMC ($2.18 in chips) 
Nagy Iván Illés: posts small blind $0.01
HellNative: posts big blind $0.02
*** HOLE CARDS ***
Dealt to Dorex2007 [9s Ad]
NobrainMC: folds 
LukJak72: raises $0.03 to $0.05
marcuscup: folds 
Hannuman: folds 
Dorex2007: folds 
little red12: folds 
Nagy Iván Illés: folds 
HellNative: folds 
Uncalled bet ($0.03) returned to LukJak72
LukJak72 collected $0.05 from pot
*** SUMMARY ***
Total pot $0.05 | Rake $0 
Seat 1: LukJak72 collected ($0.05)
Seat 2: marcuscup folded before Flop (didn't bet)
Seat 3: Hannuman folded before Flop (didn't bet)
Seat 5: Dorex2007 folded before Flop (didn't bet)
Seat 6: little red12 (button) folded before Flop (didn't bet)
Seat 7: Nagy Iván Illés (small blind) folded before Flop
Seat 8: HellNative (big blind) folded before Flop
Seat 9: NobrainMC folded before Flop (didn't bet)



PokerStars Hand #237260813958:  Hold'em No Limit ($0.01/$0.02 USD) - 2022/07/09 13:45:37 PT [2022/07/09 16:45:37 ET]
Table 'Galvarino III' 9-max Seat #7 is the button
Seat 1: LukJak72 ($5.26 in chips) 
Seat 2: marcuscup ($2.23 in chips) 
Seat 3: Hannuman ($1.32 in chips) 
Seat 5: Dorex2007 ($4.56 in chips) 
Seat 6: little red12 ($0.83 in chips) 
Seat 7: Nagy Iván Illés ($0.84 in chips) 
Seat 8: HellNative ($2 in chips) 
Seat 9: NobrainMC ($2.18 in chips) 
HellNative: posts small blind $0.01
NobrainMC: posts big blind $0.02
*** HOLE CARDS ***
Dealt to Dorex2007 [3d 7c]
LukJak72: folds 
marcuscup has timed out
marcuscup: folds 
Hannuman: calls $0.02
Dorex2007: folds 
little red12: folds 
Nagy Iván Illés: folds 
HellNative: folds 
NobrainMC: checks 
*** FLOP *** [Ad Ac Tc]
NobrainMC: checks 
Hannuman: bets $0.02
NobrainMC: folds 
Uncalled bet ($0.02) returned to Hannuman
Hannuman collected $0.05 from pot
*** SUMMARY ***
Total pot $0.05 | Rake $0 
Board [Ad Ac Tc]
Seat 1: LukJak72 folded before Flop (didn't bet)
Seat 2: marcuscup folded before Flop (didn't bet)
Seat 3: Hannuman collected ($0.05)
Seat 5: Dorex2007 folded before Flop (didn't bet)
Seat 6: little red12 folded before Flop (didn't bet)
Seat 7: Nagy Iván Illés (button) folded before Flop (didn't bet)
Seat 8: HellNative (small blind) folded before Flop
Seat 9: NobrainMC (big blind) folded on the Flop



PokerStars Hand #237260822940:  Hold'em No Limit ($0.01/$0.02 USD) - 2022/07/09 13:46:02 PT [2022/07/09 16:46:02 ET]
Table 'Galvarino III' 9-max Seat #8 is the button
Seat 1: LukJak72 ($5.26 in chips) 
Seat 3: Hannuman ($1.35 in chips) 
Seat 5: Dorex2007 ($4.56 in chips) 
Seat 6: little red12 ($0.83 in chips) 
Seat 7: Nagy Iván Illés ($0.84 in chips) 
Seat 8: HellNative ($2 in chips) 
Seat 9: NobrainMC ($2.16 in chips) 
NobrainMC: posts small blind $0.01
LukJak72: posts big blind $0.02
*** HOLE CARDS ***
Dealt to Dorex2007 [Qh 2d]
Hannuman: folds 
Dorex2007: folds 
little red12: folds 
Nagy Iván Illés: folds 
HellNative: raises $0.03 to $0.05
NobrainMC: folds 
LukJak72: folds 
Uncalled bet ($0.03) returned to HellNative
HellNative collected $0.05 from pot
*** SUMMARY ***
Total pot $0.05 | Rake $0 
Seat 1: LukJak72 (big blind) folded before Flop
Seat 3: Hannuman folded before Flop (didn't bet)
Seat 5: Dorex2007 folded before Flop (didn't bet)
Seat 6: little red12 folded before Flop (didn't bet)
Seat 7: Nagy Iván Illés folded before Flop (didn't bet)
Seat 8: HellNative (button) collected ($0.05)
Seat 9: NobrainMC (small blind) folded before Flop



PokerStars Hand #237260833812:  Hold'em No Limit ($0.01/$0.02 USD) - 2022/07/09 13:46:32 PT [2022/07/09 16:46:32 ET]
Table 'Galvarino III' 9-max Seat #9 is the button
Seat 1: LukJak72 ($5.24 in chips) 
Seat 2: marcuscup ($2.23 in chips) 
Seat 3: Hannuman ($1.35 in chips) 
Seat 5: Dorex2007 ($4.56 in chips) 
Seat 6: little red12 ($0.83 in chips) 
Seat 7: Nagy Iván Illés ($0.84 in chips) 
Seat 8: HellNative ($2.03 in chips) 
Seat 9: NobrainMC ($2.15 in chips) 
LukJak72: posts small blind $0.01
marcuscup: posts big blind $0.02
*** HOLE CARDS ***
Dealt to Dorex2007 [3c 6h]
Hannuman has timed out
Hannuman: folds 
Dorex2007: folds 
little red12: folds 
Nagy Iván Illés: folds 
HellNative: folds 
NobrainMC: folds 
LukJak72: calls $0.01
marcuscup: checks 
*** FLOP *** [4s Kd 4c]
LukJak72: checks 
marcuscup: bets $0.02
LukJak72: folds 
Uncalled bet ($0.02) returned to marcuscup
marcuscup collected $0.04 from pot
*** SUMMARY ***
Total pot $0.04 | Rake $0 
Board [4s Kd 4c]
Seat 1: LukJak72 (small blind) folded on the Flop
Seat 2: marcuscup (big blind) collected ($0.04)
Seat 3: Hannuman folded before Flop (didn't bet)
Seat 5: Dorex2007 folded before Flop (didn't bet)
Seat 6: little red12 folded before Flop (didn't bet)
Seat 7: Nagy Iván Illés folded before Flop (didn't bet)
Seat 8: HellNative folded before Flop (didn't bet)
Seat 9: NobrainMC (button) folded before Flop (didn't bet)



PokerStars Hand #237260853098:  Hold'em No Limit ($0.01/$0.02 USD) - 2022/07/09 13:47:08 PT [2022/07/09 16:47:08 ET]
Table 'Galvarino III' 9-max Seat #1 is the button
Seat 1: LukJak72 ($5.22 in chips) 
Seat 2: marcuscup ($2.25 in chips) 
Seat 3: Hannuman ($1.35 in chips) 
Seat 5: Dorex2007 ($4.56 in chips) 
Seat 6: little red12 ($0.83 in chips) 
Seat 7: Nagy Iván Illés ($0.84 in chips) 
Seat 8: HellNative ($2.03 in chips) 
Seat 9: NobrainMC ($2.15 in chips) 
marcuscup: posts small blind $0.01
Hannuman: posts big blind $0.02
*** HOLE CARDS ***
Dealt to Dorex2007 [8c 3d]
Dorex2007: folds 
little red12: calls $0.02
Nagy Iván Illés: calls $0.02
HellNative: folds 
NobrainMC: folds 
LukJak72: folds 
marcuscup: raises $0.06 to $0.08
Hannuman: folds 
little red12: calls $0.06
Nagy Iván Illés: folds 
*** FLOP *** [8s 2h 3c]
marcuscup: bets $0.07
little red12: calls $0.07
*** TURN *** [8s 2h 3c] [Js]
marcuscup: bets $0.10
little red12: calls $0.10
*** RIVER *** [8s 2h 3c Js] [4h]
marcuscup: bets $0.12
little red12: calls $0.12
*** SHOW DOWN ***
marcuscup: shows [7c 7s] (a pair of Sevens)
little red12: mucks hand 
marcuscup collected $0.75 from pot
*** SUMMARY ***
Total pot $0.78 | Rake $0.03 
Board [8s 2h 3c Js 4h]
Seat 1: LukJak72 (button) folded before Flop (didn't bet)
Seat 2: marcuscup (small blind) showed [7c 7s] and won ($0.75) with a pair of Sevens
Seat 3: Hannuman (big blind) folded before Flop
Seat 5: Dorex2007 folded before Flop (didn't bet)
Seat 6: little red12 mucked [5s 4s]
Seat 7: Nagy Iván Illés folded before Flop
Seat 8: HellNative folded before Flop (didn't bet)
Seat 9: NobrainMC folded before Flop (didn't bet)



PokerStars Hand #237260876102:  Hold'em No Limit ($0.01/$0.02 USD) - 2022/07/09 13:48:12 PT [2022/07/09 16:48:12 ET]
Table 'Galvarino III' 9-max Seat #2 is the button
Seat 1: LukJak72 ($5.22 in chips) 
Seat 2: marcuscup ($2.63 in chips) 
Seat 3: Hannuman ($1.33 in chips) 
Seat 5: Dorex2007 ($4.56 in chips) 
Seat 6: little red12 ($0.46 in chips) 
Seat 7: Nagy Iván Illés ($0.82 in chips) 
Seat 8: HellNative ($2.03 in chips) 
Seat 9: NobrainMC ($2.15 in chips) 
Hannuman: posts small blind $0.01
Dorex2007: posts big blind $0.02
*** HOLE CARDS ***
Dealt to Dorex2007 [5h Jc]
little red12: folds 
Nagy Iván Illés: folds 
HellNative: folds 
NobrainMC: folds 
LukJak72: folds 
marcuscup: folds 
Hannuman: folds 
Uncalled bet ($0.01) returned to Dorex2007
Dorex2007 collected $0.02 from pot
*** SUMMARY ***
Total pot $0.02 | Rake $0 
Seat 1: LukJak72 folded before Flop (didn't bet)
Seat 2: marcuscup (button) folded before Flop (didn't bet)
Seat 3: Hannuman (small blind) folded before Flop
Seat 5: Dorex2007 (big blind) collected ($0.02)
Seat 6: little red12 folded before Flop (didn't bet)
Seat 7: Nagy Iván Illés folded before Flop (didn't bet)
Seat 8: HellNative folded before Flop (didn't bet)
Seat 9: NobrainMC folded before Flop (didn't bet)



PokerStars Hand #237260878715:  Hold'em No Limit ($0.01/$0.02 USD) - 2022/07/09 13:48:19 PT [2022/07/09 16:48:19 ET]
Table 'Galvarino III' 9-max Seat #3 is the button
Seat 1: LukJak72 ($5.22 in chips) 
Seat 2: marcuscup ($2.63 in chips) 
Seat 3: Hannuman ($1.32 in chips) 
Seat 5: Dorex2007 ($4.57 in chips) 
Seat 6: little red12 ($0.46 in chips) 
Seat 7: Nagy Iván Illés ($0.82 in chips) 
Seat 8: HellNative ($2.03 in chips) 
Seat 9: NobrainMC ($2.15 in chips) 
Dorex2007: posts small blind $0.01
little red12: posts big blind $0.02
*** HOLE CARDS ***
Dealt to Dorex2007 [Kd Kh]
Nagy Iván Illés: folds 
HellNative: folds 
NobrainMC: folds 
LukJak72: raises $0.03 to $0.05
marcuscup: folds 
Hannuman: calls $0.05
Dorex2007: raises $0.05 to $0.10
little red12: calls $0.08
LukJak72: folds 
Hannuman: calls $0.05
*** FLOP *** [2s 6d 4d]
Dorex2007: bets $4.47 and is all-in
little red12: folds 
Hannuman: folds 
Uncalled bet ($4.47) returned to Dorex2007
Dorex2007 collected $0.34 from pot
*** SUMMARY ***
Total pot $0.35 | Rake $0.01 
Board [2s 6d 4d]
Seat 1: LukJak72 folded before Flop
Seat 2: marcuscup folded before Flop (didn't bet)
Seat 3: Hannuman (button) folded on the Flop
Seat 5: Dorex2007 (small blind) collected ($0.34)
Seat 6: little red12 (big blind) folded on the Flop
Seat 7: Nagy Iván Illés folded before Flop (didn't bet)
Seat 8: HellNative folded before Flop (didn't bet)
Seat 9: NobrainMC folded before Flop (didn't bet)



PokerStars Hand #237260895549:  Hold'em No Limit ($0.01/$0.02 USD) - 2022/07/09 13:49:06 PT [2022/07/09 16:49:06 ET]
Table 'Galvarino III' 9-max Seat #5 is the button
Seat 1: LukJak72 ($5.17 in chips) 
Seat 2: marcuscup ($2.63 in chips) 
Seat 3: Hannuman ($1.22 in chips) 
Seat 5: Dorex2007 ($4.81 in chips) 
Seat 6: little red12 ($0.36 in chips) 
Seat 7: Nagy Iván Illés ($0.82 in chips) 
Seat 8: HellNative ($2.03 in chips) 
Seat 9: NobrainMC ($2.15 in chips) 
little red12: posts small blind $0.01
Nagy Iván Illés: posts big blind $0.02
*** HOLE CARDS ***
Dealt to Dorex2007 [2d 3d]
HellNative: folds 
NobrainMC: raises $0.04 to $0.06
LukJak72: calls $0.06
marcuscup: folds 
Hannuman: folds 
Dorex2007: folds 
little red12: folds 
Nagy Iván Illés: folds 
*** FLOP *** [3h 9s Qh]
NobrainMC: bets $0.04
LukJak72: calls $0.04
*** TURN *** [3h 9s Qh] [Kd]
NobrainMC: bets $0.08
LukJak72: calls $0.08
*** RIVER *** [3h 9s Qh Kd] [4s]
NobrainMC: bets $0.16
LukJak72: folds 
Uncalled bet ($0.16) returned to NobrainMC
NobrainMC collected $0.38 from pot
*** SUMMARY ***
Total pot $0.39 | Rake $0.01 
Board [3h 9s Qh Kd 4s]
Seat 1: LukJak72 folded on the River
Seat 2: marcuscup folded before Flop (didn't bet)
Seat 3: Hannuman folded before Flop (didn't bet)
Seat 5: Dorex2007 (button) folded before Flop (didn't bet)
Seat 6: little red12 (small blind) folded before Flop
Seat 7: Nagy Iván Illés (big blind) folded before Flop
Seat 8: HellNative folded before Flop (didn't bet)
Seat 9: NobrainMC collected ($0.38)



PokerStars Hand #237260915419:  Hold'em No Limit ($0.01/$0.02 USD) - 2022/07/09 13:50:02 PT [2022/07/09 16:50:02 ET]
Table 'Galvarino III' 9-max Seat #6 is the button
Seat 1: LukJak72 ($4.99 in chips) 
Seat 2: marcuscup ($2.63 in chips) 
Seat 3: Hannuman ($1.22 in chips) 
Seat 5: Dorex2007 ($4.81 in chips) 
Seat 6: little red12 ($0.35 in chips) 
Seat 7: Nagy Iván Illés ($0.80 in chips) 
Seat 8: HellNative ($2.03 in chips) 
Seat 9: NobrainMC ($2.35 in chips) 
Nagy Iván Illés: posts small blind $0.01
HellNative: posts big blind $0.02
LeandroAku: sits out 
*** HOLE CARDS ***
Dealt to Dorex2007 [Kc 8c]
NobrainMC: folds 
LukJak72: raises $0.03 to $0.05
marcuscup: calls $0.05
Hannuman: folds 
Dorex2007: folds 
little red12: folds 
Nagy Iván Illés: folds 
HellNative: calls $0.03
*** FLOP *** [Qs 9s 4c]
LeandroAku leaves the table
HellNative: checks 
LukJak72: bets $0.07
marcuscup: calls $0.07
Heli AIS joins the table at seat #4 
HellNative: folds 
*** TURN *** [Qs 9s 4c] [3d]
LukJak72: bets $0.18
marcuscup: calls $0.18
*** RIVER *** [Qs 9s 4c 3d] [Qd]
LukJak72: bets $0.32
marcuscup: folds 
Uncalled bet ($0.32) returned to LukJak72
LukJak72 collected $0.64 from pot
*** SUMMARY ***
Total pot $0.66 | Rake $0.02 
Board [Qs 9s 4c 3d Qd]
Seat 1: LukJak72 collected ($0.64)
Seat 2: marcuscup folded on the River
Seat 3: Hannuman folded before Flop (didn't bet)
Seat 5: Dorex2007 folded before Flop (didn't bet)
Seat 6: little red12 (button) folded before Flop (didn't bet)
Seat 7: Nagy Iván Illés (small blind) folded before Flop
Seat 8: HellNative (big blind) folded on the Flop
Seat 9: NobrainMC folded before Flop (didn't bet)



PokerStars Hand #237260934504:  Hold'em No Limit ($0.01/$0.02 USD) - 2022/07/09 13:50:56 PT [2022/07/09 16:50:56 ET]
Table 'Galvarino III' 9-max Seat #7 is the button
Seat 1: LukJak72 ($5.33 in chips) 
Seat 2: marcuscup ($2.33 in chips) 
Seat 3: Hannuman ($1.22 in chips) 
Seat 5: Dorex2007 ($4.81 in chips) 
Seat 6: little red12 ($0.35 in chips) 
Seat 7: Nagy Iván Illés ($0.79 in chips) 
Seat 8: HellNative ($2 in chips) 
Seat 9: NobrainMC ($2.35 in chips) 
HellNative: posts small blind $0.01
NobrainMC: posts big blind $0.02
Heli AIS: sits out 
*** HOLE CARDS ***
Dealt to Dorex2007 [Ts Qd]
LukJak72: folds 
marcuscup: folds 
Hannuman: folds 
Dorex2007: raises $0.02 to $0.04
little red12: folds 
Nagy Iván Illés: folds 
HellNative: folds 
NobrainMC: folds 
Uncalled bet ($0.02) returned to Dorex2007
Dorex2007 collected $0.05 from pot
*** SUMMARY ***
Total pot $0.05 | Rake $0 
Seat 1: LukJak72 folded before Flop (didn't bet)
Seat 2: marcuscup folded before Flop (didn't bet)
Seat 3: Hannuman folded before Flop (didn't bet)
Seat 5: Dorex2007 collected ($0.05)
Seat 6: little red12 folded before Flop (didn't bet)
Seat 7: Nagy Iván Illés (button) folded before Flop (didn't bet)
Seat 8: HellNative (small blind) folded before Flop
Seat 9: NobrainMC (big blind) folded before Flop



PokerStars Hand #237260943469:  Hold'em No Limit ($0.01/$0.02 USD) - 2022/07/09 13:51:21 PT [2022/07/09 16:51:21 ET]
Table 'Galvarino III' 9-max Seat #8 is the button
Seat 1: LukJak72 ($5.33 in chips) 
Seat 2: marcuscup ($2.33 in chips) 
Seat 3: Hannuman ($1.22 in chips) 
Seat 5: Dorex2007 ($4.84 in chips) 
Seat 6: little red12 ($0.35 in chips) 
Seat 7: Nagy Iván Illés ($0.79 in chips) 
Seat 8: HellNative ($2 in chips) 
Seat 9: NobrainMC ($2.33 in chips) 
NobrainMC: posts small blind $0.01
LukJak72: posts big blind $0.02
Heli AIS: sits out 
*** HOLE CARDS ***
Dealt to Dorex2007 [7d Kh]
marcuscup: folds 
Hannuman: folds 
Dorex2007: folds 
little red12: calls $0.02
Nagy Iván Illés: calls $0.02
HellNative: folds 
NobrainMC: folds 
LukJak72: checks 
*** FLOP *** [3d 2d 9s]
LukJak72: checks 
little red12: checks 
Nagy Iván Illés: checks 
*** TURN *** [3d 2d 9s] [4h]
LukJak72: bets $0.03
little red12: folds 
Nagy Iván Illés: raises $0.05 to $0.08
LukJak72: folds 
Uncalled bet ($0.05) returned to Nagy Iván Illés
Nagy Iván Illés collected $0.13 from pot
*** SUMMARY ***
Total pot $0.13 | Rake $0 
Board [3d 2d 9s 4h]
Seat 1: LukJak72 (big blind) folded on the Turn
Seat 2: marcuscup folded before Flop (didn't bet)
Seat 3: Hannuman folded before Flop (didn't bet)
Seat 5: Dorex2007 folded before Flop (didn't bet)
Seat 6: little red12 folded on the Turn
Seat 7: Nagy Iván Illés collected ($0.13)
Seat 8: HellNative (button) folded before Flop (didn't bet)
Seat 9: NobrainMC (small blind) folded before Flop



PokerStars Hand #237260959135:  Hold'em No Limit ($0.01/$0.02 USD) - 2022/07/09 13:52:06 PT [2022/07/09 16:52:06 ET]
Table 'Galvarino III' 9-max Seat #9 is the button
Seat 1: LukJak72 ($5.28 in chips) 
Seat 2: marcuscup ($2.33 in chips) 
Seat 3: Hannuman ($1.22 in chips) 
Seat 5: Dorex2007 ($4.84 in chips) 
Seat 6: little red12 ($0.33 in chips) 
Seat 7: Nagy Iván Illés ($0.87 in chips) 
Seat 8: HellNative ($2 in chips) 
Seat 9: NobrainMC ($2.32 in chips) 
LukJak72: posts small blind $0.01
marcuscup: posts big blind $0.02
Heli AIS: sits out 
*** HOLE CARDS ***
Dealt to Dorex2007 [5d 6h]
Hannuman: folds 
Dorex2007: folds 
little red12: folds 
Nagy Iván Illés: folds 
HellNative: folds 
NobrainMC: folds 
LukJak72: raises $0.02 to $0.04
marcuscup: calls $0.02
*** FLOP *** [4d Kh 2d]
LukJak72: bets $0.04
marcuscup: calls $0.04
*** TURN *** [4d Kh 2d] [Ks]
LukJak72: checks 
marcuscup: bets $0.06
LukJak72: raises $0.06 to $0.12
marcuscup: calls $0.06
*** RIVER *** [4d Kh 2d Ks] [Tc]
LukJak72: bets $0.26
marcuscup: folds 
Uncalled bet ($0.26) returned to LukJak72
LukJak72 collected $0.39 from pot
*** SUMMARY ***
Total pot $0.40 | Rake $0.01 
Board [4d Kh 2d Ks Tc]
Seat 1: LukJak72 (small blind) collected ($0.39)
Seat 2: marcuscup (big blind) folded on the River
Seat 3: Hannuman folded before Flop (didn't bet)
Seat 5: Dorex2007 folded before Flop (didn't bet)
Seat 6: little red12 folded before Flop (didn't bet)
Seat 7: Nagy Iván Illés folded before Flop (didn't bet)
Seat 8: HellNative folded before Flop (didn't bet)
Seat 9: NobrainMC (button) folded before Flop (didn't bet)



PokerStars Hand #237260979327:  Hold'em No Limit ($0.01/$0.02 USD) - 2022/07/09 13:53:03 PT [2022/07/09 16:53:03 ET]
Table 'Galvarino III' 9-max Seat #1 is the button
Seat 1: LukJak72 ($5.47 in chips) 
Seat 2: marcuscup ($2.13 in chips) 
Seat 3: Hannuman ($1.22 in chips) 
Seat 5: Dorex2007 ($4.84 in chips) 
Seat 6: little red12 ($0.33 in chips) 
Seat 7: Nagy Iván Illés ($0.87 in chips) 
Seat 8: HellNative ($2 in chips) 
Seat 9: NobrainMC ($2.32 in chips) 
marcuscup: posts small blind $0.01
Hannuman: posts big blind $0.02
Heli AIS: sits out 
*** HOLE CARDS ***
Dealt to Dorex2007 [Ac Jd]
Dorex2007: calls $0.02
little red12: folds 
Nagy Iván Illés: folds 
HellNative: folds 
NobrainMC: folds 
LukJak72: folds 
marcuscup: raises $0.04 to $0.06
Hannuman: folds 
Dorex2007: calls $0.04
*** FLOP *** [5s 2s 3d]
marcuscup: bets $0.06
Dorex2007: raises $0.08 to $0.14
marcuscup: calls $0.08
*** TURN *** [5s 2s 3d] [5h]
marcuscup: checks 
Dorex2007: checks 
*** RIVER *** [5s 2s 3d 5h] [8d]
marcuscup: checks 
Dorex2007: bets $0.20
marcuscup: folds 
Uncalled bet ($0.20) returned to Dorex2007
Dorex2007 collected $0.41 from pot
*** SUMMARY ***
Total pot $0.42 | Rake $0.01 
Board [5s 2s 3d 5h 8d]
Seat 1: LukJak72 (button) folded before Flop (didn't bet)
Seat 2: marcuscup (small blind) folded on the River
Seat 3: Hannuman (big blind) folded before Flop
Seat 5: Dorex2007 collected ($0.41)
Seat 6: little red12 folded before Flop (didn't bet)
Seat 7: Nagy Iván Illés folded before Flop (didn't bet)
Seat 8: HellNative folded before Flop (didn't bet)
Seat 9: NobrainMC folded before Flop (didn't bet)



PokerStars Hand #237261000488:  Hold'em No Limit ($0.01/$0.02 USD) - 2022/07/09 13:54:03 PT [2022/07/09 16:54:03 ET]
Table 'Galvarino III' 9-max Seat #2 is the button
Seat 1: LukJak72 ($5.47 in chips) 
Seat 2: marcuscup ($1.93 in chips) 
Seat 3: Hannuman ($1.20 in chips) 
Seat 4: Heli AIS ($1.60 in chips) 
Seat 5: Dorex2007 ($5.05 in chips) 
Seat 6: little red12 ($0.33 in chips) 
Seat 7: Nagy Iván Illés ($0.87 in chips) 
Seat 8: HellNative ($2 in chips) 
Seat 9: NobrainMC ($2.32 in chips) 
Hannuman: posts small blind $0.01
Heli AIS: posts big blind $0.02
*** HOLE CARDS ***
Dealt to Dorex2007 [Jh Kh]
Dorex2007: calls $0.02
little red12: folds 
Nagy Iván Illés: raises $0.04 to $0.06
HellNative: folds 
NobrainMC: folds 
LukJak72: folds 
marcuscup: folds 
Hannuman: folds 
Heli AIS: folds 
Dorex2007: calls $0.04
*** FLOP *** [4c 2s 5h]
Dorex2007: checks 
Nagy Iván Illés: bets $0.06
Dorex2007: calls $0.06
*** TURN *** [4c 2s 5h] [Qs]
Dorex2007: bets $0.13
Nagy Iván Illés: raises $0.13 to $0.26
Dorex2007: folds 
Uncalled bet ($0.13) returned to Nagy Iván Illés
Nagy Iván Illés collected $0.51 from pot
*** SUMMARY ***
Total pot $0.53 | Rake $0.02 
Board [4c 2s 5h Qs]
Seat 1: LukJak72 folded before Flop (didn't bet)
Seat 2: marcuscup (button) folded before Flop (didn't bet)
Seat 3: Hannuman (small blind) folded before Flop
Seat 4: Heli AIS (big blind) folded before Flop
Seat 5: Dorex2007 folded on the Turn
Seat 6: little red12 folded before Flop (didn't bet)
Seat 7: Nagy Iván Illés collected ($0.51)
Seat 8: HellNative folded before Flop (didn't bet)
Seat 9: NobrainMC folded before Flop (didn't bet)



PokerStars Hand #237261011642:  Hold'em No Limit ($0.01/$0.02 USD) - 2022/07/09 13:54:34 PT [2022/07/09 16:54:34 ET]
Table 'Galvarino III' 9-max Seat #3 is the button
Seat 1: LukJak72 ($5.47 in chips) 
Seat 2: marcuscup ($1.93 in chips) 
Seat 3: Hannuman ($1.19 in chips) 
Seat 4: Heli AIS ($1.58 in chips) 
Seat 5: Dorex2007 ($4.80 in chips) 
Seat 6: little red12 ($0.33 in chips) 
Seat 7: Nagy Iván Illés ($1.13 in chips) 
Seat 8: HellNative ($2 in chips) 
Seat 9: NobrainMC ($2.32 in chips) 
Heli AIS: posts small blind $0.01
Dorex2007: posts big blind $0.02
*** HOLE CARDS ***
Dealt to Dorex2007 [8d 3d]
little red12: folds 
Nagy Iván Illés: folds 
HellNative: folds 
NobrainMC: folds 
LukJak72: folds 
marcuscup: raises $0.04 to $0.06
little red12 leaves the table
Hannuman: calls $0.06
Heli AIS: folds 
Dorex2007: folds 
*** FLOP *** [5s 7c 7d]
marcuscup: bets $0.06
Hannuman: calls $0.06
*** TURN *** [5s 7c 7d] [5d]
fritz233 joins the table at seat #6 
marcuscup: bets $0.08
Hannuman: calls $0.08
*** RIVER *** [5s 7c 7d 5d] [8h]
marcuscup: bets $0.16
Hannuman: folds 
Uncalled bet ($0.16) returned to marcuscup
marcuscup collected $0.41 from pot
*** SUMMARY ***
Total pot $0.43 | Rake $0.02 
Board [5s 7c 7d 5d 8h]
Seat 1: LukJak72 folded before Flop (didn't bet)
Seat 2: marcuscup collected ($0.41)
Seat 3: Hannuman (button) folded on the River
Seat 4: Heli AIS (small blind) folded before Flop
Seat 5: Dorex2007 (big blind) folded before Flop
Seat 6: little red12 folded before Flop (didn't bet)
Seat 7: Nagy Iván Illés folded before Flop (didn't bet)
Seat 8: HellNative folded before Flop (didn't bet)
Seat 9: NobrainMC folded before Flop (didn't bet)



PokerStars Hand #237261025413:  Hold'em No Limit ($0.01/$0.02 USD) - 2022/07/09 13:55:17 PT [2022/07/09 16:55:17 ET]
Table 'Galvarino III' 9-max Seat #4 is the button
Seat 1: LukJak72 ($5.47 in chips) 
Seat 2: marcuscup ($2.14 in chips) 
Seat 3: Hannuman ($0.99 in chips) 
Seat 4: Heli AIS ($1.57 in chips) 
Seat 5: Dorex2007 ($4.78 in chips) 
Seat 6: fritz233 ($2 in chips) 
Seat 7: Nagy Iván Illés ($1.13 in chips) 
Seat 8: HellNative ($2 in chips) 
Seat 9: NobrainMC ($2.32 in chips) 
Dorex2007: posts small blind $0.01
fritz233: posts big blind $0.02
*** HOLE CARDS ***
Dealt to Dorex2007 [Jc 8c]
Nagy Iván Illés: folds 
HellNative: folds 
NobrainMC: folds 
LukJak72: folds 
marcuscup: folds 
Hannuman: folds 
Heli AIS: folds 
Dorex2007: folds 
Uncalled bet ($0.01) returned to fritz233
fritz233 collected $0.02 from pot
*** SUMMARY ***
Total pot $0.02 | Rake $0 
Seat 1: LukJak72 folded before Flop (didn't bet)
Seat 2: marcuscup folded before Flop (didn't bet)
Seat 3: Hannuman folded before Flop (didn't bet)
Seat 4: Heli AIS (button) folded before Flop (didn't bet)
Seat 5: Dorex2007 (small blind) folded before Flop
Seat 6: fritz233 (big blind) collected ($0.02)
Seat 7: Nagy Iván Illés folded before Flop (didn't bet)
Seat 8: HellNative folded before Flop (didn't bet)
Seat 9: NobrainMC folded before Flop (didn't bet)



PokerStars Hand #237261030803:  Hold'em No Limit ($0.01/$0.02 USD) - 2022/07/09 13:55:38 PT [2022/07/09 16:55:38 ET]
Table 'Galvarino III' 9-max Seat #5 is the button
Seat 1: LukJak72 ($5.47 in chips) 
Seat 2: marcuscup ($2.14 in chips) 
Seat 3: Hannuman ($0.99 in chips) 
Seat 4: Heli AIS ($1.57 in chips) 
Seat 5: Dorex2007 ($4.77 in chips) 
Seat 6: fritz233 ($2.01 in chips) 
Seat 7: Nagy Iván Illés ($1.13 in chips) 
Seat 8: HellNative ($2 in chips) 
Seat 9: NobrainMC ($2.32 in chips) 
fritz233: posts small blind $0.01
Nagy Iván Illés: posts big blind $0.02
*** HOLE CARDS ***
Dealt to Dorex2007 [4s 7s]
HellNative: folds 
NobrainMC has timed out
NobrainMC: folds 
LukJak72: folds 
marcuscup: folds 
Hannuman: folds 
Heli AIS: calls $0.02
Dorex2007: folds 
fritz233: calls $0.01
Nagy Iván Illés: raises $0.04 to $0.06
Heli AIS: calls $0.04
fritz233: calls $0.04
*** FLOP *** [5s 2s Kd]
fritz233: checks 
Nagy Iván Illés: bets $0.06
Heli AIS: folds 
fritz233: folds 
Uncalled bet ($0.06) returned to Nagy Iván Illés
Nagy Iván Illés collected $0.17 from pot
*** SUMMARY ***
Total pot $0.18 | Rake $0.01 
Board [5s 2s Kd]
Seat 1: LukJak72 folded before Flop (didn't bet)
Seat 2: marcuscup folded before Flop (didn't bet)
Seat 3: Hannuman folded before Flop (didn't bet)
Seat 4: Heli AIS folded on the Flop
Seat 5: Dorex2007 (button) folded before Flop (didn't bet)
Seat 6: fritz233 (small blind) folded on the Flop
Seat 7: Nagy Iván Illés (big blind) collected ($0.17)
Seat 8: HellNative folded before Flop (didn't bet)
Seat 9: NobrainMC folded before Flop (didn't bet)



PokerStars Hand #237261048902:  Hold'em No Limit ($0.01/$0.02 USD) - 2022/07/09 13:56:46 PT [2022/07/09 16:56:46 ET]
Table 'Galvarino III' 9-max Seat #6 is the button
Seat 1: LukJak72 ($5.47 in chips) 
Seat 2: marcuscup ($2.14 in chips) 
Seat 3: Hannuman ($0.99 in chips) 
Seat 4: Heli AIS ($1.51 in chips) 
Seat 5: Dorex2007 ($4.77 in chips) 
Seat 6: fritz233 ($2 in chips) 
Seat 7: Nagy Iván Illés ($1.24 in chips) 
Seat 8: HellNative ($2 in chips) 
Seat 9: NobrainMC ($2.32 in chips) 
Nagy Iván Illés: posts small blind $0.01
HellNative: posts big blind $0.02
*** HOLE CARDS ***
Dealt to Dorex2007 [Kh 2h]
NobrainMC: raises $0.04 to $0.06
LukJak72: folds 
marcuscup: calls $0.06
Hannuman: calls $0.06
Heli AIS: folds 
Dorex2007: folds 
fritz233: folds 
Nagy Iván Illés: calls $0.05
HellNative: calls $0.04
*** FLOP *** [9s 2d 9c]
Nagy Iván Illés: bets $0.10
HellNative: folds 
NobrainMC: calls $0.10
marcuscup: folds 
Hannuman: folds 
*** TURN *** [9s 2d 9c] [8h]
Nagy Iván Illés: bets $0.16
NobrainMC: folds 
Uncalled bet ($0.16) returned to Nagy Iván Illés
Nagy Iván Illés collected $0.48 from pot
*** SUMMARY ***
Total pot $0.50 | Rake $0.02 
Board [9s 2d 9c 8h]
Seat 1: LukJak72 folded before Flop (didn't bet)
Seat 2: marcuscup folded on the Flop
Seat 3: Hannuman folded on the Flop
Seat 4: Heli AIS folded before Flop (didn't bet)
Seat 5: Dorex2007 folded before Flop (didn't bet)
Seat 6: fritz233 (button) folded before Flop (didn't bet)
Seat 7: Nagy Iván Illés (small blind) collected ($0.48)
Seat 8: HellNative (big blind) folded on the Flop
Seat 9: NobrainMC folded on the Turn



PokerStars Hand #237261064872:  Hold'em No Limit ($0.01/$0.02 USD) - 2022/07/09 13:57:45 PT [2022/07/09 16:57:45 ET]
Table 'Galvarino III' 9-max Seat #7 is the button
Seat 1: LukJak72 ($5.47 in chips) 
Seat 2: marcuscup ($2.08 in chips) 
Seat 3: Hannuman ($0.93 in chips) 
Seat 4: Heli AIS ($1.51 in chips) 
Seat 5: Dorex2007 ($4.77 in chips) 
Seat 6: fritz233 ($2 in chips) 
Seat 7: Nagy Iván Illés ($1.56 in chips) 
Seat 8: HellNative ($2 in chips) 
Seat 9: NobrainMC ($2.16 in chips) 
HellNative: posts small blind $0.01
NobrainMC: posts big blind $0.02
*** HOLE CARDS ***
Dealt to Dorex2007 [Ks 8s]
LukJak72: folds 
marcuscup: folds 
Hannuman: folds 
Heli AIS: raises $0.02 to $0.04
Dorex2007: folds 
LukJak72 leaves the table
fritz233: folds 
Nagy Iván Illés: calls $0.04
HellNative: folds 
NobrainMC: folds 
*** FLOP *** [4c 8c As]
Heli AIS: bets $0.05
Nagy Iván Illés: folds 
Uncalled bet ($0.05) returned to Heli AIS
Heli AIS collected $0.11 from pot
*** SUMMARY ***
Total pot $0.11 | Rake $0 
Board [4c 8c As]
Seat 1: LukJak72 folded before Flop (didn't bet)
Seat 2: marcuscup folded before Flop (didn't bet)
Seat 3: Hannuman folded before Flop (didn't bet)
Seat 4: Heli AIS collected ($0.11)
Seat 5: Dorex2007 folded before Flop (didn't bet)
Seat 6: fritz233 folded before Flop (didn't bet)
Seat 7: Nagy Iván Illés (button) folded on the Flop
Seat 8: HellNative (small blind) folded before Flop
Seat 9: NobrainMC (big blind) folded before Flop



PokerStars Hand #237261073016:  Hold'em No Limit ($0.01/$0.02 USD) - 2022/07/09 13:58:17 PT [2022/07/09 16:58:17 ET]
Table 'Galvarino III' 9-max Seat #8 is the button
Seat 2: marcuscup ($2.08 in chips) 
Seat 3: Hannuman ($0.93 in chips) 
Seat 4: Heli AIS ($1.58 in chips) 
Seat 5: Dorex2007 ($4.77 in chips) 
Seat 6: fritz233 ($2 in chips) 
Seat 7: Nagy Iván Illés ($1.52 in chips) 
Seat 8: HellNative ($2 in chips) 
Seat 9: NobrainMC ($2.14 in chips) 
NobrainMC: posts small blind $0.01
marcuscup: posts big blind $0.02
*** HOLE CARDS ***
Dealt to Dorex2007 [Tc 8s]
Hannuman: raises $0.04 to $0.06
Heli AIS: folds 
Dorex2007: folds 
fritz233: folds 
Nagy Iván Illés: folds 
HellNative: folds 
NobrainMC: folds 
marcuscup: calls $0.04
*** FLOP *** [4c Qc 2d]
marcuscup: checks 
Hannuman: bets $0.06
marcuscup: folds 
Uncalled bet ($0.06) returned to Hannuman
Hannuman collected $0.13 from pot
*** SUMMARY ***
Total pot $0.13 | Rake $0 
Board [4c Qc 2d]
Seat 2: marcuscup (big blind) folded on the Flop
Seat 3: Hannuman collected ($0.13)
Seat 4: Heli AIS folded before Flop (didn't bet)
Seat 5: Dorex2007 folded before Flop (didn't bet)
Seat 6: fritz233 folded before Flop (didn't bet)
Seat 7: Nagy Iván Illés folded before Flop (didn't bet)
Seat 8: HellNative (button) folded before Flop (didn't bet)
Seat 9: NobrainMC (small blind) folded before Flop



PokerStars Hand #237261079292:  Hold'em No Limit ($0.01/$0.02 USD) - 2022/07/09 13:58:40 PT [2022/07/09 16:58:40 ET]
Table 'Galvarino III' 9-max Seat #9 is the button
Seat 2: marcuscup ($2.02 in chips) 
Seat 3: Hannuman ($1 in chips) 
Seat 4: Heli AIS ($1.58 in chips) 
Seat 5: Dorex2007 ($4.77 in chips) 
Seat 6: fritz233 ($2 in chips) 
Seat 7: Nagy Iván Illés ($1.52 in chips) 
Seat 8: HellNative ($2 in chips) 
Seat 9: NobrainMC ($2.13 in chips) 
marcuscup: posts small blind $0.01
Hannuman: posts big blind $0.02
*** HOLE CARDS ***
Dealt to Dorex2007 [8c 2d]
Heli AIS: folds 
Dorex2007: folds 
fritz233: folds 
Nagy Iván Illés: folds 
HellNative: folds 
NobrainMC: raises $0.04 to $0.06
marcuscup: calls $0.05
Hannuman: folds 
*** FLOP *** [8h 3d As]
marcuscup: checks 
NobrainMC: bets $0.06
marcuscup: calls $0.06
*** TURN *** [8h 3d As] [7h]
marcuscup: checks 
NobrainMC: checks 
*** RIVER *** [8h 3d As 7h] [Jd]
marcuscup: checks 
NobrainMC: checks 
*** SHOW DOWN ***
marcuscup: shows [Kh Jh] (a pair of Jacks)
NobrainMC: mucks hand 
marcuscup collected $0.25 from pot
*** SUMMARY ***
Total pot $0.26 | Rake $0.01 
Board [8h 3d As 7h Jd]
Seat 2: marcuscup (small blind) showed [Kh Jh] and won ($0.25) with a pair of Jacks
Seat 3: Hannuman (big blind) folded before Flop
Seat 4: Heli AIS folded before Flop (didn't bet)
Seat 5: Dorex2007 folded before Flop (didn't bet)
Seat 6: fritz233 folded before Flop (didn't bet)
Seat 7: Nagy Iván Illés folded before Flop (didn't bet)
Seat 8: HellNative folded before Flop (didn't bet)
Seat 9: NobrainMC (button) mucked [Kc Qh]



PokerStars Hand #237261092338:  Hold'em No Limit ($0.01/$0.02 USD) - 2022/07/09 13:59:29 PT [2022/07/09 16:59:29 ET]
Table 'Galvarino III' 9-max Seat #2 is the button
Seat 2: marcuscup ($2.15 in chips) 
Seat 3: Hannuman ($0.98 in chips) 
Seat 4: Heli AIS ($1.58 in chips) 
Seat 5: Dorex2007 ($4.77 in chips) 
Seat 6: fritz233 ($2 in chips) 
Seat 7: Nagy Iván Illés ($1.52 in chips) 
Seat 8: HellNative ($2 in chips) 
Seat 9: NobrainMC ($2.01 in chips) 
Hannuman: posts small blind $0.01
Heli AIS: posts big blind $0.02
*** HOLE CARDS ***
Dealt to Dorex2007 [8s 2h]
Dorex2007: folds 
fritz233: folds 
Nagy Iván Illés: folds 
HellNative: folds 
NobrainMC: folds 
marcuscup: folds 
Hannuman: raises $0.04 to $0.06
Heli AIS: folds 
Uncalled bet ($0.04) returned to Hannuman
Hannuman collected $0.04 from pot
*** SUMMARY ***
Total pot $0.04 | Rake $0 
Seat 2: marcuscup (button) folded before Flop (didn't bet)
Seat 3: Hannuman (small blind) collected ($0.04)
Seat 4: Heli AIS (big blind) folded before Flop
Seat 5: Dorex2007 folded before Flop (didn't bet)
Seat 6: fritz233 folded before Flop (didn't bet)
Seat 7: Nagy Iván Illés folded before Flop (didn't bet)
Seat 8: HellNative folded before Flop (didn't bet)
Seat 9: NobrainMC folded before Flop (didn't bet)



PokerStars Hand #237261095701:  Hold'em No Limit ($0.01/$0.02 USD) - 2022/07/09 13:59:42 PT [2022/07/09 16:59:42 ET]
Table 'Galvarino III' 9-max Seat #3 is the button
Seat 2: marcuscup ($2.15 in chips) 
Seat 3: Hannuman ($1 in chips) 
Seat 4: Heli AIS ($1.56 in chips) 
Seat 5: Dorex2007 ($4.77 in chips) 
Seat 6: fritz233 ($2 in chips) 
Seat 7: Nagy Iván Illés ($1.52 in chips) 
Seat 8: HellNative ($2 in chips) 
Seat 9: NobrainMC ($2.01 in chips) 
Heli AIS: posts small blind $0.01
Dorex2007: posts big blind $0.02
*** HOLE CARDS ***
Dealt to Dorex2007 [Kc 8d]
fritz233: folds 
Nagy Iván Illés: folds 
HellNative: folds 
NobrainMC: raises $0.04 to $0.06
marcuscup: raises $0.12 to $0.18
Hannuman: folds 
Heli AIS: folds 
Dorex2007: folds 
NobrainMC: calls $0.12
*** FLOP *** [Jc 3c Jh]
NobrainMC: bets $0.38
marcuscup: calls $0.38
*** TURN *** [Jc 3c Jh] [Ts]
NobrainMC: bets $1.45 and is all-in
marcuscup: calls $1.45
*** RIVER *** [Jc 3c Jh Ts] [6d]
*** SHOW DOWN ***
NobrainMC: shows [5s 3s] (two pair, Jacks and Threes)
marcuscup: shows [Jd Js] (four of a kind, Jacks)
marcuscup collected $3.91 from pot
*** SUMMARY ***
Total pot $4.05 | Rake $0.14 
Board [Jc 3c Jh Ts 6d]
Seat 2: marcuscup showed [Jd Js] and won ($3.91) with four of a kind, Jacks
Seat 3: Hannuman (button) folded before Flop (didn't bet)
Seat 4: Heli AIS (small blind) folded before Flop
Seat 5: Dorex2007 (big blind) folded before Flop
Seat 6: fritz233 folded before Flop (didn't bet)
Seat 7: Nagy Iván Illés folded before Flop (didn't bet)
Seat 8: HellNative folded before Flop (didn't bet)
Seat 9: NobrainMC showed [5s 3s] and lost with two pair, Jacks and Threes



PokerStars Hand #237261114110:  Hold'em No Limit ($0.01/$0.02 USD) - 2022/07/09 14:00:35 PT [2022/07/09 17:00:35 ET]
Table 'Galvarino III' 9-max Seat #4 is the button
Seat 2: marcuscup ($4.05 in chips) 
Seat 3: Hannuman ($1 in chips) 
Seat 4: Heli AIS ($1.55 in chips) 
Seat 5: Dorex2007 ($4.75 in chips) 
Seat 6: fritz233 ($2 in chips) 
Seat 7: Nagy Iván Illés ($1.52 in chips) 
Seat 8: HellNative ($2 in chips) 
Dorex2007: posts small blind $0.01
fritz233: posts big blind $0.02
*** HOLE CARDS ***
Dealt to Dorex2007 [2h Js]
Nagy Iván Illés: calls $0.02
HellNative: folds 
marcuscup: calls $0.02
Hannuman: raises $0.04 to $0.06
Heli AIS is connected 
Heli AIS has timed out
Heli AIS: folds 
Dorex2007: folds 
fritz233: folds 
Nagy Iván Illés: folds 
marcuscup: calls $0.04
*** FLOP *** [Ks 2s As]
marcuscup: checks 
Hannuman: bets $0.08
marcuscup: folds 
Uncalled bet ($0.08) returned to Hannuman
Hannuman collected $0.16 from pot
*** SUMMARY ***
Total pot $0.17 | Rake $0.01 
Board [Ks 2s As]
Seat 2: marcuscup folded on the Flop
Seat 3: Hannuman collected ($0.16)
Seat 4: Heli AIS (button) folded before Flop (didn't bet)
Seat 5: Dorex2007 (small blind) folded before Flop
Seat 6: fritz233 (big blind) folded before Flop
Seat 7: Nagy Iván Illés folded before Flop
Seat 8: HellNative folded before Flop (didn't bet)



PokerStars Hand #237261128828:  Hold'em No Limit ($0.01/$0.02 USD) - 2022/07/09 14:01:23 PT [2022/07/09 17:01:23 ET]
Table 'Galvarino III' 9-max Seat #5 is the button
Seat 2: marcuscup ($3.99 in chips) 
Seat 3: Hannuman ($1.10 in chips) 
Seat 4: Heli AIS ($1.55 in chips) 
Seat 5: Dorex2007 ($4.74 in chips) 
Seat 6: fritz233 ($2 in chips) 
Seat 7: Nagy Iván Illés ($1.50 in chips) 
Seat 8: HellNative ($2 in chips) 
fritz233: posts small blind $0.01
Nagy Iván Illés: posts big blind $0.02
*** HOLE CARDS ***
Dealt to Dorex2007 [6c 3c]
NobrainMC is disconnected 
HellNative: folds 
marcuscup: folds 
Hannuman: folds 
Heli AIS: folds 
Dorex2007: folds 
Om@rx7 joins the table at seat #1 
fritz233: raises $0.03 to $0.05
Nagy Iván Illés: calls $0.03
*** FLOP *** [2s 7d Ad]
fritz233: bets $0.05
Nagy Iván Illés: raises $0.05 to $0.10
fritz233: calls $0.05
*** TURN *** [2s 7d Ad] [9s]
fritz233: bets $0.16
Nagy Iván Illés: calls $0.16
*** RIVER *** [2s 7d Ad 9s] [Ah]
fritz233: bets $0.22
Nagy Iván Illés: raises $0.97 to $1.19 and is all-in
fritz233: folds 
Uncalled bet ($0.97) returned to Nagy Iván Illés
Nagy Iván Illés collected $1.02 from pot
*** SUMMARY ***
Total pot $1.06 | Rake $0.04 
Board [2s 7d Ad 9s Ah]
Seat 2: marcuscup folded before Flop (didn't bet)
Seat 3: Hannuman folded before Flop (didn't bet)
Seat 4: Heli AIS folded before Flop (didn't bet)
Seat 5: Dorex2007 (button) folded before Flop (didn't bet)
Seat 6: fritz233 (small blind) folded on the River
Seat 7: Nagy Iván Illés (big blind) collected ($1.02)
Seat 8: HellNative folded before Flop (didn't bet)



PokerStars Hand #237261158850:  Hold'em No Limit ($0.01/$0.02 USD) - 2022/07/09 14:02:48 PT [2022/07/09 17:02:48 ET]
Table 'Galvarino III' 9-max Seat #6 is the button
Seat 2: marcuscup ($3.99 in chips) 
Seat 3: Hannuman ($1.10 in chips) 
Seat 4: Heli AIS ($1.55 in chips) 
Seat 5: Dorex2007 ($4.74 in chips) 
Seat 6: fritz233 ($2 in chips) 
Seat 7: Nagy Iván Illés ($1.99 in chips) 
Seat 8: HellNative ($2 in chips) 
Nagy Iván Illés: posts small blind $0.01
HellNative: posts big blind $0.02
Om@rx7: sits out 
*** HOLE CARDS ***
Dealt to Dorex2007 [9s 2d]
marcuscup: folds 
Hannuman: raises $0.05 to $0.07
Heli AIS: folds 
marcuscup leaves the table
Dorex2007: folds 
fritz233: folds 
Nagy Iván Illés: calls $0.06
HellNative: folds 
*** FLOP *** [Qs Jc 6h]
Nagy Iván Illés: checks 
Hannuman: bets $0.15
Nagy Iván Illés: folds 
Uncalled bet ($0.15) returned to Hannuman
Hannuman collected $0.15 from pot
*** SUMMARY ***
Total pot $0.16 | Rake $0.01 
Board [Qs Jc 6h]
Seat 2: marcuscup folded before Flop (didn't bet)
Seat 3: Hannuman collected ($0.15)
Seat 4: Heli AIS folded before Flop (didn't bet)
Seat 5: Dorex2007 folded before Flop (didn't bet)
Seat 6: fritz233 (button) folded before Flop (didn't bet)
Seat 7: Nagy Iván Illés (small blind) folded on the Flop
Seat 8: HellNative (big blind) folded before Flop



PokerStars Hand #237261167300:  Hold'em No Limit ($0.01/$0.02 USD) - 2022/07/09 14:03:12 PT [2022/07/09 17:03:12 ET]
Table 'Galvarino III' 9-max Seat #7 is the button
Seat 1: Om@rx7 ($2 in chips) 
Seat 3: Hannuman ($1.18 in chips) 
Seat 4: Heli AIS ($1.55 in chips) 
Seat 5: Dorex2007 ($4.74 in chips) 
Seat 6: fritz233 ($2 in chips) 
Seat 7: Nagy Iván Illés ($1.92 in chips) 
Seat 8: HellNative ($2 in chips) 
HellNative: posts small blind $0.01
Om@rx7: posts big blind $0.02
*** HOLE CARDS ***
Dealt to Dorex2007 [4s Ac]
alex15vlz joins the table at seat #2 
Hannuman: calls $0.02
Heli AIS: calls $0.02
Dorex2007: folds 
fritz233: folds 
Nagy Iván Illés: calls $0.02
HellNative: raises $0.14 to $0.16
Om@rx7: folds 
Hannuman: folds 
Heli AIS: folds 
Nagy Iván Illés: folds 
Uncalled bet ($0.14) returned to HellNative
HellNative collected $0.10 from pot
*** SUMMARY ***
Total pot $0.10 | Rake $0 
Seat 1: Om@rx7 (big blind) folded before Flop
Seat 3: Hannuman folded before Flop
Seat 4: Heli AIS folded before Flop
Seat 5: Dorex2007 folded before Flop (didn't bet)
Seat 6: fritz233 folded before Flop (didn't bet)
Seat 7: Nagy Iván Illés (button) folded before Flop
Seat 8: HellNative (small blind) collected ($0.10)



PokerStars Hand #237261176947:  Hold'em No Limit ($0.01/$0.02 USD) - 2022/07/09 14:03:39 PT [2022/07/09 17:03:39 ET]
Table 'Galvarino III' 9-max Seat #8 is the button
Seat 1: Om@rx7 ($2 in chips) 
Seat 2: alex15vlz ($2 in chips) 
Seat 3: Hannuman ($1.16 in chips) 
Seat 4: Heli AIS ($1.53 in chips) 
Seat 5: Dorex2007 ($4.74 in chips) 
Seat 6: fritz233 ($2 in chips) 
Seat 7: Nagy Iván Illés ($1.90 in chips) 
Seat 8: HellNative ($2.08 in chips) 
Om@rx7: posts small blind $0.01
alex15vlz: posts big blind $0.02
*** HOLE CARDS ***
Dealt to Dorex2007 [6c Jc]
Hannuman: folds 
Heli AIS: folds 
Dorex2007: folds 
fritz233: folds 
Nagy Iván Illés: folds 
HellNative: raises $0.03 to $0.05
Om@rx7: folds 
alex15vlz: folds 
Uncalled bet ($0.03) returned to HellNative
HellNative collected $0.05 from pot
*** SUMMARY ***
Total pot $0.05 | Rake $0 
Seat 1: Om@rx7 (small blind) folded before Flop
Seat 2: alex15vlz (big blind) folded before Flop
Seat 3: Hannuman folded before Flop (didn't bet)
Seat 4: Heli AIS folded before Flop (didn't bet)
Seat 5: Dorex2007 folded before Flop (didn't bet)
Seat 6: fritz233 folded before Flop (didn't bet)
Seat 7: Nagy Iván Illés folded before Flop (didn't bet)
Seat 8: HellNative (button) collected ($0.05)



PokerStars Hand #237261182766:  Hold'em No Limit ($0.01/$0.02 USD) - 2022/07/09 14:03:55 PT [2022/07/09 17:03:55 ET]
Table 'Galvarino III' 9-max Seat #1 is the button
Seat 1: Om@rx7 ($2 in chips) 
Seat 2: alex15vlz ($2 in chips) 
Seat 3: Hannuman ($1.16 in chips) 
Seat 4: Heli AIS ($1.53 in chips) 
Seat 5: Dorex2007 ($4.74 in chips) 
Seat 6: fritz233 ($2 in chips) 
Seat 7: Nagy Iván Illés ($1.90 in chips) 
Seat 8: HellNative ($2.11 in chips) 
alex15vlz: posts small blind $0.01
Hannuman: posts big blind $0.02
*** HOLE CARDS ***
Dealt to Dorex2007 [7h 5h]
Heli AIS: folds 
Dorex2007: folds 
fritz233: folds 
Nagy Iván Illés: folds 
HellNative: raises $0.04 to $0.06
Nagy Iván Illés leaves the table
Om@rx7: folds 
alex15vlz: folds 
Hannuman: raises $0.04 to $0.10
HellNative: calls $0.04
*** FLOP *** [4h 9h 2c]
Hannuman: bets $0.10
HellNative: folds 
Uncalled bet ($0.10) returned to Hannuman
Hannuman collected $0.20 from pot
*** SUMMARY ***
Total pot $0.21 | Rake $0.01 
Board [4h 9h 2c]
Seat 1: Om@rx7 (button) folded before Flop (didn't bet)
Seat 2: alex15vlz (small blind) folded before Flop
Seat 3: Hannuman (big blind) collected ($0.20)
Seat 4: Heli AIS folded before Flop (didn't bet)
Seat 5: Dorex2007 folded before Flop (didn't bet)
Seat 6: fritz233 folded before Flop (didn't bet)
Seat 7: Nagy Iván Illés folded before Flop (didn't bet)
Seat 8: HellNative folded on the Flop



PokerStars Hand #237261195948:  Hold'em No Limit ($0.01/$0.02 USD) - 2022/07/09 14:04:32 PT [2022/07/09 17:04:32 ET]
Table 'Galvarino III' 9-max Seat #2 is the button
Seat 1: Om@rx7 ($2 in chips) 
Seat 2: alex15vlz ($2 in chips) 
Seat 3: Hannuman ($1.26 in chips) 
Seat 4: Heli AIS ($1.53 in chips) 
Seat 5: Dorex2007 ($4.74 in chips) 
Seat 6: fritz233 ($2 in chips) 
Seat 8: HellNative ($2.01 in chips) 
Hannuman: posts small blind $0.01
Heli AIS: posts big blind $0.02
*** HOLE CARDS ***
Dealt to Dorex2007 [Jd Ad]
Dorex2007: raises $0.02 to $0.04
fritz233: folds 
HellNative: folds 
Om@rx7: folds 
alex15vlz: folds 
Hannuman: folds 
Heli AIS: calls $0.02
*** FLOP *** [Ac 6c 5c]
Heli AIS: checks 
Dorex2007: bets $0.09
Heli AIS: folds 
Uncalled bet ($0.09) returned to Dorex2007
Dorex2007 collected $0.09 from pot
*** SUMMARY ***
Total pot $0.09 | Rake $0 
Board [Ac 6c 5c]
Seat 1: Om@rx7 folded before Flop (didn't bet)
Seat 2: alex15vlz (button) folded before Flop (didn't bet)
Seat 3: Hannuman (small blind) folded before Flop
Seat 4: Heli AIS (big blind) folded on the Flop
Seat 5: Dorex2007 collected ($0.09)
Seat 6: fritz233 folded before Flop (didn't bet)
Seat 8: HellNative folded before Flop (didn't bet)



PokerStars Hand #237261205219:  Hold'em No Limit ($0.01/$0.02 USD) - 2022/07/09 14:04:59 PT [2022/07/09 17:04:59 ET]
Table 'Galvarino III' 9-max Seat #3 is the button
Seat 1: Om@rx7 ($2 in chips) 
Seat 2: alex15vlz ($2 in chips) 
Seat 3: Hannuman ($1.25 in chips) 
Seat 4: Heli AIS ($1.49 in chips) 
Seat 5: Dorex2007 ($4.79 in chips) 
Seat 6: fritz233 ($2 in chips) 
Seat 8: HellNative ($2.01 in chips) 
Heli AIS: posts small blind $0.01
Dorex2007: posts big blind $0.02
*** HOLE CARDS ***
Dealt to Dorex2007 [Ad Qd]
fritz233 has timed out
fritz233: folds 
HellNative: folds 
Om@rx7: folds 
alex15vlz: folds 
Hannuman: folds 
Heli AIS: folds 
Uncalled bet ($0.01) returned to Dorex2007
Dorex2007 collected $0.02 from pot
*** SUMMARY ***
Total pot $0.02 | Rake $0 
Seat 1: Om@rx7 folded before Flop (didn't bet)
Seat 2: alex15vlz folded before Flop (didn't bet)
Seat 3: Hannuman (button) folded before Flop (didn't bet)
Seat 4: Heli AIS (small blind) folded before Flop
Seat 5: Dorex2007 (big blind) collected ($0.02)
Seat 6: fritz233 folded before Flop (didn't bet)
Seat 8: HellNative folded before Flop (didn't bet)



PokerStars Hand #237261212259:  Hold'em No Limit ($0.01/$0.02 USD) - 2022/07/09 14:05:18 PT [2022/07/09 17:05:18 ET]
Table 'Galvarino III' 9-max Seat #4 is the button
Seat 1: Om@rx7 ($2 in chips) 
Seat 2: alex15vlz ($2 in chips) 
Seat 3: Hannuman ($1.25 in chips) 
Seat 4: Heli AIS ($1.48 in chips) 
Seat 5: Dorex2007 ($4.80 in chips) 
Seat 6: fritz233 ($2 in chips) 
Seat 8: HellNative ($2.01 in chips) 
Seat 9: NobrainMC ($2 in chips) 
Dorex2007: posts small blind $0.01
fritz233: posts big blind $0.02
NobrainMC: posts small & big blinds $0.03
*** HOLE CARDS ***
Dealt to Dorex2007 [7h Ac]
HellNative: raises $0.06 to $0.08
NobrainMC: folds 
Om@rx7: folds 
alex15vlz: folds 
Hannuman: folds 
Heli AIS: folds 
Dorex2007: folds 
fritz233: folds 
Uncalled bet ($0.06) returned to HellNative
HellNative collected $0.08 from pot
*** SUMMARY ***
Total pot $0.08 | Rake $0 
Seat 1: Om@rx7 folded before Flop (didn't bet)
Seat 2: alex15vlz folded before Flop (didn't bet)
Seat 3: Hannuman folded before Flop (didn't bet)
Seat 4: Heli AIS (button) folded before Flop (didn't bet)
Seat 5: Dorex2007 (small blind) folded before Flop
Seat 6: fritz233 (big blind) folded before Flop
Seat 8: HellNative collected ($0.08)
Seat 9: NobrainMC folded before Flop (didn't bet)



PokerStars Hand #237261219246:  Hold'em No Limit ($0.01/$0.02 USD) - 2022/07/09 14:05:38 PT [2022/07/09 17:05:38 ET]
Table 'Galvarino III' 9-max Seat #5 is the button
Seat 1: Om@rx7 ($2 in chips) 
Seat 2: alex15vlz ($2 in chips) 
Seat 3: Hannuman ($1.25 in chips) 
Seat 4: Heli AIS ($1.48 in chips) 
Seat 5: Dorex2007 ($4.79 in chips) 
Seat 6: fritz233 ($2 in chips) 
Seat 8: HellNative ($2.07 in chips) 
Seat 9: NobrainMC ($1.97 in chips) 
fritz233: posts small blind $0.01
HellNative: posts big blind $0.02
*** HOLE CARDS ***
Dealt to Dorex2007 [Jh 2h]
kelson_freire joins the table at seat #7 
NobrainMC: folds 
Om@rx7: folds 
alex15vlz: folds 
Hannuman: folds 
Heli AIS: folds 
Dorex2007: folds 
fritz233: raises $0.03 to $0.05
HellNative: calls $0.03
*** FLOP *** [Ks 5c Ts]
fritz233: bets $0.06
HellNative: raises $0.13 to $0.19
fritz233: calls $0.13
*** TURN *** [Ks 5c Ts] [8h]
fritz233: checks 
HellNative: checks 
*** RIVER *** [Ks 5c Ts 8h] [8d]
fritz233: bets $0.22
HellNative: folds 
Uncalled bet ($0.22) returned to fritz233
fritz233 collected $0.46 from pot
*** SUMMARY ***
Total pot $0.48 | Rake $0.02 
Board [Ks 5c Ts 8h 8d]
Seat 1: Om@rx7 folded before Flop (didn't bet)
Seat 2: alex15vlz folded before Flop (didn't bet)
Seat 3: Hannuman folded before Flop (didn't bet)
Seat 4: Heli AIS folded before Flop (didn't bet)
Seat 5: Dorex2007 (button) folded before Flop (didn't bet)
Seat 6: fritz233 (small blind) collected ($0.46)
Seat 8: HellNative (big blind) folded on the River
Seat 9: NobrainMC folded before Flop (didn't bet)



PokerStars Hand #237262192700:  Hold'em No Limit ($0.01/$0.02 USD) - 2022/07/09 14:52:09 PT [2022/07/09 17:52:09 ET]
Table 'Galvarino III' 9-max Seat #6 is the button
Seat 1: Om@rx7 ($2.26 in chips) 
Seat 2: alex15vlz ($4.55 in chips) 
Seat 3: Carvalhopp ($1.44 in chips) 
Seat 4: perffect16 ($2.62 in chips) 
Seat 5: Dorex2007 ($4.79 in chips) 
Seat 6: fritz233 ($2.07 in chips) 
Seat 7: catakliss ($3.31 in chips) 
Seat 8: HellNative ($2 in chips) 
Seat 9: Pipsiu ($2.48 in chips) 
catakliss: posts small blind $0.01
HellNative: posts big blind $0.02
Dorex2007: posts big blind $0.02
*** HOLE CARDS ***
Dealt to Dorex2007 [9d Kd]
Pipsiu has timed out
Pipsiu: folds 
Om@rx7: folds 
alex15vlz: folds 
Carvalhopp: folds 
perffect16: folds 
Dorex2007: checks 
fritz233: folds 
catakliss: raises $0.02 to $0.04
HellNative: calls $0.02
Dorex2007: calls $0.02
*** FLOP *** [7h Ah Ac]
catakliss: checks 
HellNative: checks 
Dorex2007: checks 
*** TURN *** [7h Ah Ac] [3d]
catakliss: checks 
HellNative: checks 
Dorex2007: bets $0.02
catakliss: folds 
HellNative: folds 
Uncalled bet ($0.02) returned to Dorex2007
Dorex2007 collected $0.12 from pot
*** SUMMARY ***
Total pot $0.12 | Rake $0 
Board [7h Ah Ac 3d]
Seat 1: Om@rx7 folded before Flop (didn't bet)
Seat 2: alex15vlz folded before Flop (didn't bet)
Seat 3: Carvalhopp folded before Flop (didn't bet)
Seat 4: perffect16 folded before Flop (didn't bet)
Seat 5: Dorex2007 collected ($0.12)
Seat 6: fritz233 (button) folded before Flop (didn't bet)
Seat 7: catakliss (small blind) folded on the Turn
Seat 8: HellNative (big blind) folded on the Turn
Seat 9: Pipsiu folded before Flop (didn't bet)



PokerStars Hand #237262215446:  Hold'em No Limit ($0.01/$0.02 USD) - 2022/07/09 14:53:20 PT [2022/07/09 17:53:20 ET]
Table 'Galvarino III' 9-max Seat #7 is the button
Seat 1: Om@rx7 ($2.26 in chips) 
Seat 2: alex15vlz ($4.55 in chips) 
Seat 3: Carvalhopp ($1.44 in chips) 
Seat 4: perffect16 ($2.62 in chips) 
Seat 5: Dorex2007 ($4.87 in chips) 
Seat 6: fritz233 ($2.07 in chips) 
Seat 7: catakliss ($3.27 in chips) 
Seat 8: HellNative ($2 in chips) 
HellNative: posts small blind $0.01
Om@rx7: posts big blind $0.02
*** HOLE CARDS ***
Dealt to Dorex2007 [Ad Qh]
alex15vlz: folds 
Carvalhopp: folds 
perffect16: folds 
Dorex2007: raises $0.04 to $0.06
fritz233: folds 
catakliss: folds 
HellNative: folds 
Om@rx7: folds 
Uncalled bet ($0.04) returned to Dorex2007
Dorex2007 collected $0.05 from pot
*** SUMMARY ***
Total pot $0.05 | Rake $0 
Seat 1: Om@rx7 (big blind) folded before Flop
Seat 2: alex15vlz folded before Flop (didn't bet)
Seat 3: Carvalhopp folded before Flop (didn't bet)
Seat 4: perffect16 folded before Flop (didn't bet)
Seat 5: Dorex2007 collected ($0.05)
Seat 6: fritz233 folded before Flop (didn't bet)
Seat 7: catakliss (button) folded before Flop (didn't bet)
Seat 8: HellNative (small blind) folded before Flop



