PokerStars Hand #237185973498:  Hold'em No Limit ($0.01/$0.02 USD) - 2022/07/05 17:07:06 PT [2022/07/05 20:07:06 ET]
Table 'Lilium II' 9-max Seat #3 is the button
Seat 1: Dorex2007 ($2 in chips) 
Seat 3: melculparan ($1.30 in chips) 
Seat 4: Br0wnCheese ($2.63 in chips) 
Seat 5: daiju0830 ($2.83 in chips) 
Seat 6: TolikG55 ($1.03 in chips) 
Seat 7: Rockefeller0926 ($0.90 in chips) 
Seat 8: Filip_123213 ($1.09 in chips) 
Seat 9: Hogline66 ($3.38 in chips) 
Br0wnCheese: posts small blind $0.01
daiju0830: posts big blind $0.02
Dorex2007: posts big blind $0.02
polAAgt: sits out 
*** HOLE CARDS ***
Dealt to Dorex2007 [3d Td]
TolikG55: folds 
Rockefeller0926: folds 
Filip_123213: folds 
Hogline66: folds 
Dorex2007: checks 
melculparan: folds 
Br0wnCheese: folds 
daiju0830: checks 
*** FLOP *** [6h 9s 9c]
daiju0830: checks 
Dorex2007: checks 
*** TURN *** [6h 9s 9c] [6s]
daiju0830: checks 
Dorex2007: checks 
*** RIVER *** [6h 9s 9c 6s] [7s]
daiju0830: checks 
Dorex2007: checks 
*** SHOW DOWN ***
daiju0830: shows [Jc 5d] (two pair, Nines and Sixes)
Dorex2007: mucks hand 
daiju0830 collected $0.05 from pot
*** SUMMARY ***
Total pot $0.05 | Rake $0 
Board [6h 9s 9c 6s 7s]
Seat 1: Dorex2007 mucked [3d Td]
Seat 3: melculparan (button) folded before Flop (didn't bet)
Seat 4: Br0wnCheese (small blind) folded before Flop
Seat 5: daiju0830 (big blind) showed [Jc 5d] and won ($0.05) with two pair, Nines and Sixes
Seat 6: TolikG55 folded before Flop (didn't bet)
Seat 7: Rockefeller0926 folded before Flop (didn't bet)
Seat 8: Filip_123213 folded before Flop (didn't bet)
Seat 9: Hogline66 folded before Flop (didn't bet)



PokerStars Hand #237185983731:  Hold'em No Limit ($0.01/$0.02 USD) - 2022/07/05 17:07:50 PT [2022/07/05 20:07:50 ET]
Table 'Lilium II' 9-max Seat #4 is the button
Seat 1: Dorex2007 ($2 in chips) 
Seat 3: melculparan ($1.30 in chips) 
Seat 4: Br0wnCheese ($2.62 in chips) 
Seat 5: daiju0830 ($2.86 in chips) 
Seat 6: TolikG55 ($1.03 in chips) 
Seat 7: Rockefeller0926 ($0.90 in chips) 
Seat 8: Filip_123213 ($1.09 in chips) 
Seat 9: Hogline66 ($3.38 in chips) 
daiju0830: posts small blind $0.01
TolikG55: posts big blind $0.02
polAAgt: sits out 
*** HOLE CARDS ***
Dealt to Dorex2007 [Jd 2d]
Rockefeller0926: calls $0.02
Filip_123213: raises $0.05 to $0.07
Hogline66: folds 
Dorex2007: folds 
melculparan: calls $0.07
Br0wnCheese: folds 
daiju0830: folds 
TolikG55: folds 
Rockefeller0926: calls $0.05
*** FLOP *** [2s 7d Td]
Rockefeller0926: checks 
Filip_123213: bets $0.10
melculparan: calls $0.10
Rockefeller0926: calls $0.10
*** TURN *** [2s 7d Td] [8s]
Rockefeller0926: checks 
Filip_123213: bets $0.18
melculparan: raises $0.18 to $0.36
Rockefeller0926: folds 
Filip_123213: calls $0.18
*** RIVER *** [2s 7d Td 8s] [Qd]
Filip_123213: checks 
melculparan: checks 
*** SHOW DOWN ***
Filip_123213: shows [9d 9s] (a pair of Nines)
melculparan: shows [Kc Ts] (a pair of Tens)
melculparan collected $1.22 from pot
*** SUMMARY ***
Total pot $1.26 | Rake $0.04 
Board [2s 7d Td 8s Qd]
Seat 1: Dorex2007 folded before Flop (didn't bet)
Seat 3: melculparan showed [Kc Ts] and won ($1.22) with a pair of Tens
Seat 4: Br0wnCheese (button) folded before Flop (didn't bet)
Seat 5: daiju0830 (small blind) folded before Flop
Seat 6: TolikG55 (big blind) folded before Flop
Seat 7: Rockefeller0926 folded on the Turn
Seat 8: Filip_123213 showed [9d 9s] and lost with a pair of Nines
Seat 9: Hogline66 folded before Flop (didn't bet)



PokerStars Hand #237186018802:  Hold'em No Limit ($0.01/$0.02 USD) - 2022/07/05 17:09:58 PT [2022/07/05 20:09:58 ET]
Table 'Lilium II' 9-max Seat #5 is the button
Seat 1: Dorex2007 ($2 in chips) 
Seat 3: melculparan ($1.99 in chips) 
Seat 4: Br0wnCheese ($2.62 in chips) 
Seat 5: daiju0830 ($2.85 in chips) 
Seat 6: TolikG55 ($1.01 in chips) 
Seat 7: Rockefeller0926 ($0.73 in chips) 
Seat 8: Filip_123213 ($0.56 in chips) 
Seat 9: Hogline66 ($3.38 in chips) 
TolikG55: posts small blind $0.01
Rockefeller0926: posts big blind $0.02
polAAgt: sits out 
*** HOLE CARDS ***
Dealt to Dorex2007 [5c 9s]
Filip_123213: raises $0.02 to $0.04
Hogline66: calls $0.04
Dorex2007: folds 
melculparan: folds 
Br0wnCheese: folds 
daiju0830: calls $0.04
melculparan leaves the table
TolikG55: calls $0.03
Rockefeller0926: folds 
*** FLOP *** [Ah Js 5h]
TolikG55: checks 
Filip_123213: bets $0.06
rkur0409 joins the table at seat #3 
Hogline66: folds 
daiju0830: raises $0.08 to $0.14
TolikG55: calls $0.14
Filip_123213: folds 
*** TURN *** [Ah Js 5h] [3c]
Filip_123213 leaves the table
TolikG55: bets $0.25
daiju0830: raises $0.27 to $0.52
TolikG55: calls $0.27
*** RIVER *** [Ah Js 5h 3c] [6d]
TolikG55: bets $0.31 and is all-in
daiju0830: calls $0.31
*** SHOW DOWN ***
TolikG55: shows [Ac 8c] (a pair of Aces)
daiju0830: shows [Jh Kd] (a pair of Jacks)
TolikG55 collected $2.10 from pot
*** SUMMARY ***
Total pot $2.18 | Rake $0.08 
Board [Ah Js 5h 3c 6d]
Seat 1: Dorex2007 folded before Flop (didn't bet)
Seat 3: melculparan folded before Flop (didn't bet)
Seat 4: Br0wnCheese folded before Flop (didn't bet)
Seat 5: daiju0830 (button) showed [Jh Kd] and lost with a pair of Jacks
Seat 6: TolikG55 (small blind) showed [Ac 8c] and won ($2.10) with a pair of Aces
Seat 7: Rockefeller0926 (big blind) folded before Flop
Seat 8: Filip_123213 folded on the Flop
Seat 9: Hogline66 folded on the Flop



PokerStars Hand #237186033270:  Hold'em No Limit ($0.01/$0.02 USD) - 2022/07/05 17:11:01 PT [2022/07/05 20:11:01 ET]
Table 'Lilium II' 9-max Seat #6 is the button
Seat 1: Dorex2007 ($2 in chips) 
Seat 3: rkur0409 ($1.20 in chips) 
Seat 4: Br0wnCheese ($2.62 in chips) 
Seat 5: daiju0830 ($1.84 in chips) 
Seat 6: TolikG55 ($2.10 in chips) 
Seat 7: Rockefeller0926 ($0.71 in chips) 
Seat 9: Hogline66 ($3.34 in chips) 
Rockefeller0926: posts small blind $0.01
Hogline66: posts big blind $0.02
polAAgt: sits out 
rkur0409: posts big blind $0.02
*** HOLE CARDS ***
Dealt to Dorex2007 [8d Qs]
Dorex2007 has timed out
Dorex2007: folds 
rkur0409: checks 
Br0wnCheese: folds 
daiju0830: folds 
TolikG55: folds 
zvieira33 joins the table at seat #8 
Rockefeller0926: calls $0.01
Hogline66: checks 
*** FLOP *** [Kd 5d 3h]
Rockefeller0926: checks 
Hogline66: checks 
rkur0409: bets $0.02
Rockefeller0926: calls $0.02
Hogline66: folds 
*** TURN *** [Kd 5d 3h] [5c]
Rockefeller0926: checks 
rkur0409: checks 
*** RIVER *** [Kd 5d 3h 5c] [6s]
Rockefeller0926: checks 
rkur0409: bets $0.04
Rockefeller0926: calls $0.04
*** SHOW DOWN ***
rkur0409: shows [6c 9d] (two pair, Sixes and Fives)
Rockefeller0926: mucks hand 
rkur0409 collected $0.17 from pot
*** SUMMARY ***
Total pot $0.18 | Rake $0.01 
Board [Kd 5d 3h 5c 6s]
Seat 1: Dorex2007 folded before Flop (didn't bet)
Seat 3: rkur0409 showed [6c 9d] and won ($0.17) with two pair, Sixes and Fives
Seat 4: Br0wnCheese folded before Flop (didn't bet)
Seat 5: daiju0830 folded before Flop (didn't bet)
Seat 6: TolikG55 (button) folded before Flop (didn't bet)
Seat 7: Rockefeller0926 (small blind) mucked [Ad 3d]
Seat 9: Hogline66 (big blind) folded on the Flop



PokerStars Hand #237186052679:  Hold'em No Limit ($0.01/$0.02 USD) - 2022/07/05 17:12:26 PT [2022/07/05 20:12:26 ET]
Table 'Lilium II' 9-max Seat #7 is the button
Seat 1: Dorex2007 ($2 in chips) 
Seat 3: rkur0409 ($1.29 in chips) 
Seat 4: Br0wnCheese ($2.62 in chips) 
Seat 5: daiju0830 ($1.84 in chips) 
Seat 6: TolikG55 ($2.10 in chips) 
Seat 7: Rockefeller0926 ($0.63 in chips) 
Seat 9: Hogline66 ($3.32 in chips) 
Hogline66: posts small blind $0.01
Dorex2007: posts big blind $0.02
polAAgt: sits out 
*** HOLE CARDS ***
Dealt to Dorex2007 [Qc 8s]
rkur0409: raises $0.02 to $0.04
Br0wnCheese: folds 
daiju0830: raises $0.04 to $0.08
TolikG55: folds 
Rockefeller0926: folds 
Hogline66: folds 
Dorex2007: folds 
rkur0409: calls $0.04
*** FLOP *** [9c Ad 7s]
rkur0409: bets $0.08
daiju0830: raises $1.68 to $1.76 and is all-in
rkur0409: folds 
Uncalled bet ($1.68) returned to daiju0830
daiju0830 collected $0.34 from pot
*** SUMMARY ***
Total pot $0.35 | Rake $0.01 
Board [9c Ad 7s]
Seat 1: Dorex2007 (big blind) folded before Flop
Seat 3: rkur0409 folded on the Flop
Seat 4: Br0wnCheese folded before Flop (didn't bet)
Seat 5: daiju0830 collected ($0.34)
Seat 6: TolikG55 folded before Flop (didn't bet)
Seat 7: Rockefeller0926 (button) folded before Flop (didn't bet)
Seat 9: Hogline66 (small blind) folded before Flop



PokerStars Hand #237186063104:  Hold'em No Limit ($0.01/$0.02 USD) - 2022/07/05 17:13:12 PT [2022/07/05 20:13:12 ET]
Table 'Lilium II' 9-max Seat #9 is the button
Seat 1: Dorex2007 ($2 in chips) 
Seat 2: polAAgt ($1.73 in chips) 
Seat 3: rkur0409 ($1.13 in chips) 
Seat 4: Br0wnCheese ($2.62 in chips) 
Seat 5: daiju0830 ($2.02 in chips) 
Seat 6: TolikG55 ($2.10 in chips) 
Seat 7: Rockefeller0926 ($0.63 in chips) 
Seat 8: zvieira33 ($2 in chips) 
Seat 9: Hogline66 ($3.31 in chips) 
Dorex2007: posts small blind $0.01
polAAgt: posts big blind $0.02
zvieira33: posts big blind $0.02
*** HOLE CARDS ***
Dealt to Dorex2007 [9s 6s]
rkur0409: calls $0.02
Br0wnCheese: folds 
daiju0830: folds 
TolikG55: calls $0.02
daiju0830 leaves the table
Rockefeller0926: calls $0.02
marktb joins the table at seat #5 
zvieira33: checks 
Hogline66: calls $0.02
Dorex2007: folds 
polAAgt: checks 
*** FLOP *** [Ks Ac 4h]
polAAgt: checks 
rkur0409: checks 
TolikG55: checks 
Rockefeller0926: checks 
zvieira33: checks 
Hogline66: checks 
*** TURN *** [Ks Ac 4h] [2s]
polAAgt: checks 
rkur0409: bets $0.02
TolikG55: calls $0.02
Rockefeller0926: calls $0.02
zvieira33: folds 
Hogline66: folds 
polAAgt: folds 
*** RIVER *** [Ks Ac 4h 2s] [7d]
rkur0409: checks 
TolikG55: checks 
Rockefeller0926: bets $0.30
rkur0409: folds 
TolikG55: folds 
Uncalled bet ($0.30) returned to Rockefeller0926
Rockefeller0926 collected $0.18 from pot
*** SUMMARY ***
Total pot $0.19 | Rake $0.01 
Board [Ks Ac 4h 2s 7d]
Seat 1: Dorex2007 (small blind) folded before Flop
Seat 2: polAAgt (big blind) folded on the Turn
Seat 3: rkur0409 folded on the River
Seat 4: Br0wnCheese folded before Flop (didn't bet)
Seat 5: daiju0830 folded before Flop (didn't bet)
Seat 6: TolikG55 folded on the River
Seat 7: Rockefeller0926 collected ($0.18)
Seat 8: zvieira33 folded on the Turn (didn't bet)
Seat 9: Hogline66 (button) folded on the Turn



PokerStars Hand #237186084304:  Hold'em No Limit ($0.01/$0.02 USD) - 2022/07/05 17:14:45 PT [2022/07/05 20:14:45 ET]
Table 'Lilium II' 9-max Seat #1 is the button
Seat 1: Dorex2007 ($2 in chips) 
Seat 2: polAAgt ($1.71 in chips) 
Seat 3: rkur0409 ($1.09 in chips) 
Seat 4: Br0wnCheese ($2.62 in chips) 
Seat 5: marktb ($2.89 in chips) 
Seat 6: TolikG55 ($2.06 in chips) 
Seat 7: Rockefeller0926 ($0.77 in chips) 
Seat 8: zvieira33 ($1.98 in chips) 
Seat 9: Hogline66 ($3.29 in chips) 
polAAgt: posts small blind $0.01
rkur0409: posts big blind $0.02
marktb: posts big blind $0.02
*** HOLE CARDS ***
Dealt to Dorex2007 [Ad 7s]
Br0wnCheese: folds 
marktb: checks 
TolikG55: raises $0.06 to $0.08
Rockefeller0926: calls $0.08
zvieira33: folds 
Hogline66: folds 
Dorex2007: folds 
polAAgt: folds 
rkur0409: folds 
marktb: calls $0.06
*** FLOP *** [8s Ks 6s]
marktb: checks 
TolikG55: bets $0.13
Rockefeller0926: folds 
marktb: calls $0.13
*** TURN *** [8s Ks 6s] [Jh]
marktb: checks 
TolikG55: bets $0.35
marktb: folds 
Uncalled bet ($0.35) returned to TolikG55
TolikG55 collected $0.51 from pot
*** SUMMARY ***
Total pot $0.53 | Rake $0.02 
Board [8s Ks 6s Jh]
Seat 1: Dorex2007 (button) folded before Flop (didn't bet)
Seat 2: polAAgt (small blind) folded before Flop
Seat 3: rkur0409 (big blind) folded before Flop
Seat 4: Br0wnCheese folded before Flop (didn't bet)
Seat 5: marktb folded on the Turn
Seat 6: TolikG55 collected ($0.51)
Seat 7: Rockefeller0926 folded on the Flop
Seat 8: zvieira33 folded before Flop (didn't bet)
Seat 9: Hogline66 folded before Flop (didn't bet)



PokerStars Hand #237186097190:  Hold'em No Limit ($0.01/$0.02 USD) - 2022/07/05 17:15:41 PT [2022/07/05 20:15:41 ET]
Table 'Lilium II' 9-max Seat #2 is the button
Seat 1: Dorex2007 ($2 in chips) 
Seat 2: polAAgt ($1.70 in chips) 
Seat 3: rkur0409 ($1.07 in chips) 
Seat 4: Br0wnCheese ($2.62 in chips) 
Seat 5: marktb ($2.68 in chips) 
Seat 6: TolikG55 ($2.36 in chips) 
Seat 7: Rockefeller0926 ($0.69 in chips) 
Seat 8: zvieira33 ($1.98 in chips) 
Seat 9: Hogline66 ($3.29 in chips) 
rkur0409: posts small blind $0.01
Br0wnCheese: posts big blind $0.02
*** HOLE CARDS ***
Dealt to Dorex2007 [4s 7s]
marktb: folds 
TolikG55: calls $0.02
Rockefeller0926: folds 
zvieira33: folds 
Hogline66: folds 
Dorex2007: folds 
polAAgt: folds 
rkur0409: calls $0.01
Br0wnCheese: checks 
*** FLOP *** [9h Ah Kc]
rkur0409: bets $0.02
Br0wnCheese: calls $0.02
TolikG55: calls $0.02
*** TURN *** [9h Ah Kc] [9s]
rkur0409: checks 
Br0wnCheese: checks 
TolikG55: bets $0.02
rkur0409: folds 
Br0wnCheese: calls $0.02
*** RIVER *** [9h Ah Kc 9s] [Kh]
Br0wnCheese: checks 
TolikG55: checks 
*** SHOW DOWN ***
Br0wnCheese: shows [Kd 8s] (a full house, Kings full of Nines)
TolikG55: mucks hand 
Br0wnCheese collected $0.15 from pot
*** SUMMARY ***
Total pot $0.16 | Rake $0.01 
Board [9h Ah Kc 9s Kh]
Seat 1: Dorex2007 folded before Flop (didn't bet)
Seat 2: polAAgt (button) folded before Flop (didn't bet)
Seat 3: rkur0409 (small blind) folded on the Turn
Seat 4: Br0wnCheese (big blind) showed [Kd 8s] and won ($0.15) with a full house, Kings full of Nines
Seat 5: marktb folded before Flop (didn't bet)
Seat 6: TolikG55 mucked [Ac 8c]
Seat 7: Rockefeller0926 folded before Flop (didn't bet)
Seat 8: zvieira33 folded before Flop (didn't bet)
Seat 9: Hogline66 folded before Flop (didn't bet)



PokerStars Hand #237186110741:  Hold'em No Limit ($0.01/$0.02 USD) - 2022/07/05 17:16:40 PT [2022/07/05 20:16:40 ET]
Table 'Lilium II' 9-max Seat #3 is the button
Seat 1: Dorex2007 ($2 in chips) 
Seat 2: polAAgt ($1.70 in chips) 
Seat 3: rkur0409 ($1.03 in chips) 
Seat 4: Br0wnCheese ($2.71 in chips) 
Seat 5: marktb ($2.68 in chips) 
Seat 6: TolikG55 ($2.30 in chips) 
Seat 7: Rockefeller0926 ($0.69 in chips) 
Seat 8: zvieira33 ($1.98 in chips) 
Seat 9: Hogline66 ($3.29 in chips) 
Br0wnCheese: posts small blind $0.01
marktb: posts big blind $0.02
*** HOLE CARDS ***
Dealt to Dorex2007 [Qc Ks]
TolikG55: folds 
Rockefeller0926: calls $0.02
zvieira33: folds 
Hogline66: calls $0.02
Dorex2007: calls $0.02
polAAgt: folds 
rkur0409: calls $0.02
Br0wnCheese: folds 
marktb: checks 
*** FLOP *** [Qs 8c Jd]
marktb: checks 
Rockefeller0926: checks 
Hogline66: checks 
Dorex2007: bets $0.11
rkur0409: folds 
marktb: folds 
Rockefeller0926: folds 
Hogline66: folds 
Uncalled bet ($0.11) returned to Dorex2007
Dorex2007 collected $0.11 from pot
*** SUMMARY ***
Total pot $0.11 | Rake $0 
Board [Qs 8c Jd]
Seat 1: Dorex2007 collected ($0.11)
Seat 2: polAAgt folded before Flop (didn't bet)
Seat 3: rkur0409 (button) folded on the Flop
Seat 4: Br0wnCheese (small blind) folded before Flop
Seat 5: marktb (big blind) folded on the Flop
Seat 6: TolikG55 folded before Flop (didn't bet)
Seat 7: Rockefeller0926 folded on the Flop
Seat 8: zvieira33 folded before Flop (didn't bet)
Seat 9: Hogline66 folded on the Flop



PokerStars Hand #237186123821:  Hold'em No Limit ($0.01/$0.02 USD) - 2022/07/05 17:17:38 PT [2022/07/05 20:17:38 ET]
Table 'Lilium II' 9-max Seat #4 is the button
Seat 1: Dorex2007 ($2.09 in chips) 
Seat 2: polAAgt ($1.70 in chips) 
Seat 3: rkur0409 ($1.01 in chips) 
Seat 4: Br0wnCheese ($2.70 in chips) 
Seat 5: marktb ($2.66 in chips) 
Seat 6: TolikG55 ($2.30 in chips) 
Seat 7: Rockefeller0926 ($0.67 in chips) 
Seat 8: zvieira33 ($1.98 in chips) 
Seat 9: Hogline66 ($3.27 in chips) 
marktb: posts small blind $0.01
TolikG55: posts big blind $0.02
*** HOLE CARDS ***
Dealt to Dorex2007 [5s 6d]
Rockefeller0926: calls $0.02
zvieira33: calls $0.02
Hogline66: calls $0.02
Dorex2007: folds 
polAAgt: folds 
rkur0409: folds 
Br0wnCheese: folds 
marktb: calls $0.01
TolikG55: checks 
*** FLOP *** [8s 2d 4c]
marktb: bets $0.07
TolikG55: folds 
Rockefeller0926: calls $0.07
zvieira33: folds 
Hogline66: folds 
*** TURN *** [8s 2d 4c] [6c]
marktb: bets $0.11
Rockefeller0926: folds 
Uncalled bet ($0.11) returned to marktb
marktb collected $0.23 from pot
*** SUMMARY ***
Total pot $0.24 | Rake $0.01 
Board [8s 2d 4c 6c]
Seat 1: Dorex2007 folded before Flop (didn't bet)
Seat 2: polAAgt folded before Flop (didn't bet)
Seat 3: rkur0409 folded before Flop (didn't bet)
Seat 4: Br0wnCheese (button) folded before Flop (didn't bet)
Seat 5: marktb (small blind) collected ($0.23)
Seat 6: TolikG55 (big blind) folded on the Flop
Seat 7: Rockefeller0926 folded on the Turn
Seat 8: zvieira33 folded on the Flop
Seat 9: Hogline66 folded on the Flop



PokerStars Hand #237186137196:  Hold'em No Limit ($0.01/$0.02 USD) - 2022/07/05 17:18:37 PT [2022/07/05 20:18:37 ET]
Table 'Lilium II' 9-max Seat #5 is the button
Seat 1: Dorex2007 ($2.09 in chips) 
Seat 2: polAAgt ($1.70 in chips) 
Seat 3: rkur0409 ($1.01 in chips) 
Seat 4: Br0wnCheese ($2.70 in chips) 
Seat 5: marktb ($2.80 in chips) 
Seat 6: TolikG55 ($2.28 in chips) 
Seat 7: Rockefeller0926 ($0.58 in chips) 
Seat 8: zvieira33 ($1.96 in chips) 
Seat 9: Hogline66 ($3.25 in chips) 
TolikG55: posts small blind $0.01
Rockefeller0926: posts big blind $0.02
*** HOLE CARDS ***
Dealt to Dorex2007 [2d 9s]
zvieira33: folds 
Hogline66: calls $0.02
Dorex2007: folds 
polAAgt: folds 
rkur0409: folds 
Br0wnCheese: folds 
marktb: folds 
TolikG55: raises $0.06 to $0.08
Rockefeller0926: folds 
Hogline66: folds 
Uncalled bet ($0.06) returned to TolikG55
TolikG55 collected $0.06 from pot
*** SUMMARY ***
Total pot $0.06 | Rake $0 
Seat 1: Dorex2007 folded before Flop (didn't bet)
Seat 2: polAAgt folded before Flop (didn't bet)
Seat 3: rkur0409 folded before Flop (didn't bet)
Seat 4: Br0wnCheese folded before Flop (didn't bet)
Seat 5: marktb (button) folded before Flop (didn't bet)
Seat 6: TolikG55 (small blind) collected ($0.06)
Seat 7: Rockefeller0926 (big blind) folded before Flop
Seat 8: zvieira33 folded before Flop (didn't bet)
Seat 9: Hogline66 folded before Flop



PokerStars Hand #237186145707:  Hold'em No Limit ($0.01/$0.02 USD) - 2022/07/05 17:19:14 PT [2022/07/05 20:19:14 ET]
Table 'Lilium II' 9-max Seat #6 is the button
Seat 1: Dorex2007 ($2.09 in chips) 
Seat 2: polAAgt ($1.70 in chips) 
Seat 3: rkur0409 ($1.01 in chips) 
Seat 4: Br0wnCheese ($2.70 in chips) 
Seat 5: marktb ($2.80 in chips) 
Seat 6: TolikG55 ($2.32 in chips) 
Seat 7: Rockefeller0926 ($0.56 in chips) 
Seat 8: zvieira33 ($1.96 in chips) 
Seat 9: Hogline66 ($3.23 in chips) 
Rockefeller0926: posts small blind $0.01
zvieira33: posts big blind $0.02
*** HOLE CARDS ***
Dealt to Dorex2007 [Qs Ts]
Hogline66: folds 
Dorex2007: raises $0.04 to $0.06
polAAgt: folds 
rkur0409: calls $0.06
Br0wnCheese: folds 
marktb: folds 
TolikG55: folds 
Rockefeller0926: folds 
zvieira33: folds 
*** FLOP *** [Jh As 5d]
Dorex2007: checks 
rkur0409: bets $0.06
Dorex2007: calls $0.06
*** TURN *** [Jh As 5d] [Qd]
Dorex2007: bets $0.13
rkur0409: folds 
Uncalled bet ($0.13) returned to Dorex2007
Dorex2007 collected $0.26 from pot
*** SUMMARY ***
Total pot $0.27 | Rake $0.01 
Board [Jh As 5d Qd]
Seat 1: Dorex2007 collected ($0.26)
Seat 2: polAAgt folded before Flop (didn't bet)
Seat 3: rkur0409 folded on the Turn
Seat 4: Br0wnCheese folded before Flop (didn't bet)
Seat 5: marktb folded before Flop (didn't bet)
Seat 6: TolikG55 (button) folded before Flop (didn't bet)
Seat 7: Rockefeller0926 (small blind) folded before Flop
Seat 8: zvieira33 (big blind) folded before Flop
Seat 9: Hogline66 folded before Flop (didn't bet)



PokerStars Hand #237186167008:  Hold'em No Limit ($0.01/$0.02 USD) - 2022/07/05 17:20:30 PT [2022/07/05 20:20:30 ET]
Table 'Lilium II' 9-max Seat #7 is the button
Seat 1: Dorex2007 ($2.23 in chips) 
Seat 2: polAAgt ($1.70 in chips) 
Seat 3: rkur0409 ($0.89 in chips) 
Seat 4: Br0wnCheese ($2.70 in chips) 
Seat 5: marktb ($2.80 in chips) 
Seat 6: TolikG55 ($2.32 in chips) 
Seat 7: Rockefeller0926 ($0.55 in chips) 
Seat 8: zvieira33 ($1.94 in chips) 
Seat 9: Hogline66 ($3.23 in chips) 
zvieira33: posts small blind $0.01
Hogline66: posts big blind $0.02
*** HOLE CARDS ***
Dealt to Dorex2007 [4h 9h]
Dorex2007: folds 
polAAgt: folds 
rkur0409: calls $0.02
Br0wnCheese: folds 
marktb: raises $0.04 to $0.06
TolikG55: calls $0.06
Rockefeller0926: folds 
zvieira33: folds 
Hogline66: folds 
rkur0409: calls $0.04
*** FLOP *** [3h 5h Jh]
rkur0409: bets $0.08
marktb: folds 
TolikG55: calls $0.08
*** TURN *** [3h 5h Jh] [4c]
rkur0409: bets $0.08
TolikG55: raises $0.28 to $0.36
rkur0409: calls $0.28
*** RIVER *** [3h 5h Jh 4c] [7h]
rkur0409: checks 
TolikG55: checks 
*** SHOW DOWN ***
rkur0409: shows [8s Js] (a pair of Jacks)
TolikG55: shows [Jd As] (a pair of Jacks - Ace kicker)
TolikG55 collected $1.05 from pot
*** SUMMARY ***
Total pot $1.09 | Rake $0.04 
Board [3h 5h Jh 4c 7h]
Seat 1: Dorex2007 folded before Flop (didn't bet)
Seat 2: polAAgt folded before Flop (didn't bet)
Seat 3: rkur0409 showed [8s Js] and lost with a pair of Jacks
Seat 4: Br0wnCheese folded before Flop (didn't bet)
Seat 5: marktb folded on the Flop
Seat 6: TolikG55 showed [Jd As] and won ($1.05) with a pair of Jacks
Seat 7: Rockefeller0926 (button) folded before Flop (didn't bet)
Seat 8: zvieira33 (small blind) folded before Flop
Seat 9: Hogline66 (big blind) folded before Flop



PokerStars Hand #237186182979:  Hold'em No Limit ($0.01/$0.02 USD) - 2022/07/05 17:21:40 PT [2022/07/05 20:21:40 ET]
Table 'Lilium II' 9-max Seat #8 is the button
Seat 1: Dorex2007 ($2.23 in chips) 
Seat 2: polAAgt ($1.70 in chips) 
Seat 3: rkur0409 ($0.39 in chips) 
Seat 4: Br0wnCheese ($2.70 in chips) 
Seat 5: marktb ($2.74 in chips) 
Seat 6: TolikG55 ($2.87 in chips) 
Seat 7: Rockefeller0926 ($0.55 in chips) 
Seat 8: zvieira33 ($1.93 in chips) 
Seat 9: Hogline66 ($3.21 in chips) 
Hogline66: posts small blind $0.01
Dorex2007: posts big blind $0.02
*** HOLE CARDS ***
Dealt to Dorex2007 [Ad 3d]
polAAgt: folds 
polAAgt leaves the table
rkur0409: folds 
rkur0409 leaves the table
Br0wnCheese: folds 
marktb: folds 
TolikG55: folds 
Rockefeller0926: folds 
zvieira33: folds 
Hogline66: calls $0.01
Dorex2007: checks 
*** FLOP *** [Kc 6s Th]
Hogline66: checks 
Dorex2007: checks 
*** TURN *** [Kc 6s Th] [Ks]
Hogline66: bets $0.02
Dorex2007: folds 
Uncalled bet ($0.02) returned to Hogline66
Hogline66 collected $0.04 from pot
*** SUMMARY ***
Total pot $0.04 | Rake $0 
Board [Kc 6s Th Ks]
Seat 1: Dorex2007 (big blind) folded on the Turn
Seat 2: polAAgt folded before Flop (didn't bet)
Seat 3: rkur0409 folded before Flop (didn't bet)
Seat 4: Br0wnCheese folded before Flop (didn't bet)
Seat 5: marktb folded before Flop (didn't bet)
Seat 6: TolikG55 folded before Flop (didn't bet)
Seat 7: Rockefeller0926 folded before Flop (didn't bet)
Seat 8: zvieira33 (button) folded before Flop (didn't bet)
Seat 9: Hogline66 (small blind) collected ($0.04)



PokerStars Hand #237186194289:  Hold'em No Limit ($0.01/$0.02 USD) - 2022/07/05 17:22:30 PT [2022/07/05 20:22:30 ET]
Table 'Lilium II' 9-max Seat #9 is the button
Seat 1: Dorex2007 ($2.21 in chips) 
Seat 4: Br0wnCheese ($2.70 in chips) 
Seat 5: marktb ($2.74 in chips) 
Seat 6: TolikG55 ($2.87 in chips) 
Seat 7: Rockefeller0926 ($0.55 in chips) 
Seat 8: zvieira33 ($1.93 in chips) 
Seat 9: Hogline66 ($3.23 in chips) 
Dorex2007: posts small blind $0.01
Br0wnCheese: posts big blind $0.02
*** HOLE CARDS ***
Dealt to Dorex2007 [9d Qh]
marktb: folds 
TolikG55: calls $0.02
Rockefeller0926: folds 
zvieira33: folds 
zvieira33 leaves the table
Hogline66: folds 
Dorex2007: folds 
Br0wnCheese: checks 
*** FLOP *** [7c 5h 3s]
Br0wnCheese: checks 
TolikG55: bets $0.02
Br0wnCheese: folds 
Uncalled bet ($0.02) returned to TolikG55
TolikG55 collected $0.05 from pot
*** SUMMARY ***
Total pot $0.05 | Rake $0 
Board [7c 5h 3s]
Seat 1: Dorex2007 (small blind) folded before Flop
Seat 4: Br0wnCheese (big blind) folded on the Flop
Seat 5: marktb folded before Flop (didn't bet)
Seat 6: TolikG55 collected ($0.05)
Seat 7: Rockefeller0926 folded before Flop (didn't bet)
Seat 8: zvieira33 folded before Flop (didn't bet)
Seat 9: Hogline66 (button) folded before Flop (didn't bet)



PokerStars Hand #237186202010:  Hold'em No Limit ($0.01/$0.02 USD) - 2022/07/05 17:23:04 PT [2022/07/05 20:23:04 ET]
Table 'Lilium II' 9-max Seat #1 is the button
Seat 1: Dorex2007 ($2.20 in chips) 
Seat 4: Br0wnCheese ($2.68 in chips) 
Seat 5: marktb ($2.74 in chips) 
Seat 6: TolikG55 ($2.90 in chips) 
Seat 7: Rockefeller0926 ($0.55 in chips) 
Seat 9: Hogline66 ($3.23 in chips) 
Br0wnCheese: posts small blind $0.01
marktb: posts big blind $0.02
*** HOLE CARDS ***
Dealt to Dorex2007 [2c 2d]
TolikG55: calls $0.02
Rockefeller0926: folds 
carbonero59 joins the table at seat #8 
Hogline66: raises $0.04 to $0.06
Dorex2007: calls $0.06
Br0wnCheese: calls $0.05
marktb: calls $0.04
CoolHandJames85 joins the table at seat #3 
AMululo joins the table at seat #2 
TolikG55: calls $0.04
*** FLOP *** [3s Td Th]
Br0wnCheese: checks 
marktb: checks 
TolikG55: checks 
Hogline66: bets $0.14
Dorex2007: folds 
Br0wnCheese: folds 
marktb: folds 
TolikG55: folds 
Uncalled bet ($0.14) returned to Hogline66
Hogline66 collected $0.29 from pot
*** SUMMARY ***
Total pot $0.30 | Rake $0.01 
Board [3s Td Th]
Seat 1: Dorex2007 (button) folded on the Flop
Seat 4: Br0wnCheese (small blind) folded on the Flop
Seat 5: marktb (big blind) folded on the Flop
Seat 6: TolikG55 folded on the Flop
Seat 7: Rockefeller0926 folded before Flop (didn't bet)
Seat 9: Hogline66 collected ($0.29)



PokerStars Hand #237186212053:  Hold'em No Limit ($0.01/$0.02 USD) - 2022/07/05 17:23:49 PT [2022/07/05 20:23:49 ET]
Table 'Lilium II' 9-max Seat #4 is the button
Seat 1: Dorex2007 ($2.14 in chips) 
Seat 3: CoolHandJames85 ($0.80 in chips) 
Seat 4: Br0wnCheese ($2.62 in chips) 
Seat 5: marktb ($2.68 in chips) 
Seat 6: TolikG55 ($2.84 in chips) 
Seat 7: Rockefeller0926 ($0.55 in chips) 
Seat 9: Hogline66 ($3.46 in chips) 
marktb: posts small blind $0.01
TolikG55: posts big blind $0.02
carbonero59: sits out 
AMululo: sits out 
CoolHandJames85: posts big blind $0.02
*** HOLE CARDS ***
Dealt to Dorex2007 [2h 6h]
Rockefeller0926: calls $0.02
Hogline66: raises $0.04 to $0.06
Dorex2007: folds 
CoolHandJames85: folds 
Br0wnCheese: folds 
marktb: calls $0.05
TolikG55: folds 
Rockefeller0926: folds 
*** FLOP *** [2s Jh 3h]
marktb: checks 
Hogline66: bets $0.06
marktb: calls $0.06
*** TURN *** [2s Jh 3h] [Jd]
marktb: checks 
Hogline66: bets $0.14
marktb: calls $0.14
*** RIVER *** [2s Jh 3h Jd] [Ah]
marktb: checks 
Hogline66: bets $0.28
marktb: calls $0.28
*** SHOW DOWN ***
Hogline66: shows [As Ac] (a full house, Aces full of Jacks)
marktb: mucks hand 
Hogline66 collected $1.10 from pot
*** SUMMARY ***
Total pot $1.14 | Rake $0.04 
Board [2s Jh 3h Jd Ah]
Seat 1: Dorex2007 folded before Flop (didn't bet)
Seat 3: CoolHandJames85 folded before Flop (didn't bet)
Seat 4: Br0wnCheese (button) folded before Flop (didn't bet)
Seat 5: marktb (small blind) mucked [4d 5h]
Seat 6: TolikG55 (big blind) folded before Flop
Seat 7: Rockefeller0926 folded before Flop
Seat 9: Hogline66 showed [As Ac] and won ($1.10) with a full house, Aces full of Jacks



PokerStars Hand #237186231742:  Hold'em No Limit ($0.01/$0.02 USD) - 2022/07/05 17:24:45 PT [2022/07/05 20:24:45 ET]
Table 'Lilium II' 9-max Seat #5 is the button
Seat 1: Dorex2007 ($2.14 in chips) 
Seat 2: AMululo ($2 in chips) 
Seat 3: CoolHandJames85 ($0.78 in chips) 
Seat 4: Br0wnCheese ($2.62 in chips) 
Seat 5: marktb ($2.14 in chips) 
Seat 6: TolikG55 ($2.82 in chips) 
Seat 7: Rockefeller0926 ($0.53 in chips) 
Seat 9: Hogline66 ($4.02 in chips) 
TolikG55: posts small blind $0.01
Rockefeller0926: posts big blind $0.02
carbonero59: sits out 
AMululo: posts big blind $0.02
*** HOLE CARDS ***
Dealt to Dorex2007 [Qd 3h]
Hogline66: calls $0.02
Dorex2007: folds 
AMululo: checks 
CoolHandJames85: calls $0.02
Br0wnCheese: calls $0.02
marktb: folds 
TolikG55: calls $0.01
Rockefeller0926: checks 
*** FLOP *** [4c 2d Kd]
TolikG55: checks 
Rockefeller0926: folds 
Rockefeller0926 leaves the table
Hogline66: bets $0.06
AMululo: folds 
CoolHandJames85: folds 
ZergXVI joins the table at seat #7 
Br0wnCheese: calls $0.06
TolikG55: calls $0.06
*** TURN *** [4c 2d Kd] [Qh]
TolikG55: checks 
Hogline66: bets $0.14
Br0wnCheese: folds 
TolikG55: folds 
Uncalled bet ($0.14) returned to Hogline66
Hogline66 collected $0.29 from pot
*** SUMMARY ***
Total pot $0.30 | Rake $0.01 
Board [4c 2d Kd Qh]
Seat 1: Dorex2007 folded before Flop (didn't bet)
Seat 2: AMululo folded on the Flop (didn't bet)
Seat 3: CoolHandJames85 folded on the Flop
Seat 4: Br0wnCheese folded on the Turn
Seat 5: marktb (button) folded before Flop (didn't bet)
Seat 6: TolikG55 (small blind) folded on the Turn
Seat 7: Rockefeller0926 (big blind) folded on the Flop
Seat 9: Hogline66 collected ($0.29)



PokerStars Hand #237186243145:  Hold'em No Limit ($0.01/$0.02 USD) - 2022/07/05 17:25:36 PT [2022/07/05 20:25:36 ET]
Table 'Lilium II' 9-max Seat #6 is the button
Seat 1: Dorex2007 ($2.14 in chips) 
Seat 2: AMululo ($1.98 in chips) 
Seat 3: CoolHandJames85 ($0.76 in chips) 
Seat 4: Br0wnCheese ($2.54 in chips) 
Seat 5: marktb ($2.14 in chips) 
Seat 6: TolikG55 ($2.74 in chips) 
Seat 9: Hogline66 ($4.23 in chips) 
Hogline66: posts small blind $0.01
Dorex2007: posts big blind $0.02
*** HOLE CARDS ***
Dealt to Dorex2007 [5h 3c]
AMululo: raises $0.02 to $0.04
CoolHandJames85: folds 
Br0wnCheese: folds 
marktb: calls $0.04
TolikG55: calls $0.04
Hogline66: folds 
Dorex2007: folds 
*** FLOP *** [Qd 5s 9d]
AMululo: checks 
marktb: bets $0.09
TolikG55: folds 
AMululo: raises $0.59 to $0.68
marktb: folds 
Uncalled bet ($0.59) returned to AMululo
AMululo collected $0.32 from pot
*** SUMMARY ***
Total pot $0.33 | Rake $0.01 
Board [Qd 5s 9d]
Seat 1: Dorex2007 (big blind) folded before Flop
Seat 2: AMululo collected ($0.32)
Seat 3: CoolHandJames85 folded before Flop (didn't bet)
Seat 4: Br0wnCheese folded before Flop (didn't bet)
Seat 5: marktb folded on the Flop
Seat 6: TolikG55 (button) folded on the Flop
Seat 9: Hogline66 (small blind) folded before Flop



PokerStars Hand #237186252175:  Hold'em No Limit ($0.01/$0.02 USD) - 2022/07/05 17:26:17 PT [2022/07/05 20:26:17 ET]
Table 'Lilium II' 9-max Seat #9 is the button
Seat 1: Dorex2007 ($2.12 in chips) 
Seat 2: AMululo ($2.17 in chips) 
Seat 3: CoolHandJames85 ($0.76 in chips) 
Seat 4: Br0wnCheese ($2.54 in chips) 
Seat 5: marktb ($2.01 in chips) 
Seat 6: TolikG55 ($2.70 in chips) 
Seat 7: ZergXVI ($1.60 in chips) 
Seat 9: Hogline66 ($4.22 in chips) 
Dorex2007: posts small blind $0.01
AMululo: posts big blind $0.02
ZergXVI: posts big blind $0.02
carbonero59: sits out 
*** HOLE CARDS ***
Dealt to Dorex2007 [7h 3h]
CoolHandJames85: calls $0.02
Br0wnCheese: folds 
marktb: folds 
TolikG55: calls $0.02
ZergXVI: checks 
Hogline66: calls $0.02
Dorex2007: folds 
AMululo: checks 
*** FLOP *** [Qd 3d Td]
AMululo: checks 
CoolHandJames85: bets $0.04
TolikG55: folds 
ZergXVI: calls $0.04
Hogline66: folds 
AMululo: folds 
*** TURN *** [Qd 3d Td] [Kh]
CoolHandJames85: bets $0.06
ZergXVI: calls $0.06
*** RIVER *** [Qd 3d Td Kh] [5s]
CoolHandJames85: bets $0.08
ZergXVI: calls $0.08
*** SHOW DOWN ***
CoolHandJames85: shows [2c 2s] (a pair of Deuces)
ZergXVI: shows [Qh 5d] (two pair, Queens and Fives)
ZergXVI collected $0.45 from pot
*** SUMMARY ***
Total pot $0.47 | Rake $0.02 
Board [Qd 3d Td Kh 5s]
Seat 1: Dorex2007 (small blind) folded before Flop
Seat 2: AMululo (big blind) folded on the Flop
Seat 3: CoolHandJames85 showed [2c 2s] and lost with a pair of Deuces
Seat 4: Br0wnCheese folded before Flop (didn't bet)
Seat 5: marktb folded before Flop (didn't bet)
Seat 6: TolikG55 folded on the Flop
Seat 7: ZergXVI showed [Qh 5d] and won ($0.45) with two pair, Queens and Fives
Seat 9: Hogline66 (button) folded on the Flop



PokerStars Hand #237186263981:  Hold'em No Limit ($0.01/$0.02 USD) - 2022/07/05 17:27:09 PT [2022/07/05 20:27:09 ET]
Table 'Lilium II' 9-max Seat #1 is the button
Seat 1: Dorex2007 ($2.11 in chips) 
Seat 2: AMululo ($2.15 in chips) 
Seat 3: CoolHandJames85 ($0.56 in chips) 
Seat 4: Br0wnCheese ($2.54 in chips) 
Seat 5: marktb ($2.01 in chips) 
Seat 6: TolikG55 ($2.68 in chips) 
Seat 7: ZergXVI ($1.85 in chips) 
Seat 9: Hogline66 ($4.20 in chips) 
AMululo: posts small blind $0.01
CoolHandJames85: posts big blind $0.02
carbonero59: sits out 
*** HOLE CARDS ***
Dealt to Dorex2007 [As Ad]
Br0wnCheese has timed out
Br0wnCheese: folds 
marktb: raises $0.04 to $0.06
TolikG55: folds 
ZergXVI: folds 
Hogline66: folds 
Dorex2007: raises $0.12 to $0.18
AMululo: folds 
CoolHandJames85: calls $0.16
marktb: calls $0.12
*** FLOP *** [Qc 5s 5h]
CoolHandJames85: bets $0.38 and is all-in
marktb: calls $0.38
Dorex2007: calls $0.38
*** TURN *** [Qc 5s 5h] [Jh]
marktb: checks 
Dorex2007: bets $1.55 and is all-in
marktb: calls $1.45 and is all-in
Uncalled bet ($0.10) returned to Dorex2007
*** RIVER *** [Qc 5s 5h Jh] [5c]
*** SHOW DOWN ***
marktb: shows [Js Jc] (a full house, Jacks full of Fives)
Dorex2007: shows [As Ad] (a full house, Fives full of Aces)
CoolHandJames85: shows [Kd Qh] (a full house, Fives full of Queens)
Dorex2007 cashed out the hand for $0.20
marktb cashed out the hand for $4.11 | Cash Out Fee $0.04
*** SUMMARY ***
Total pot $4.59 Main pot $1.63. Side pot $2.80. | Rake $0.16 
Board [Qc 5s 5h Jh 5c]
Seat 1: Dorex2007 (button) showed [As Ad] and lost with a full house, Fives full of Aces (cashed out).
Seat 2: AMululo (small blind) folded before Flop
Seat 3: CoolHandJames85 (big blind) showed [Kd Qh] and lost with a full house, Fives full of Queens
Seat 4: Br0wnCheese folded before Flop (didn't bet)
Seat 5: marktb showed [Js Jc] and won ($4.43) with a full house, Jacks full of Fives (pot not awarded as player cashed out)
Seat 6: TolikG55 folded before Flop (didn't bet)
Seat 7: ZergXVI folded before Flop (didn't bet)
Seat 9: Hogline66 folded before Flop (didn't bet)



PokerStars Hand #237186292410:  Hold'em No Limit ($0.01/$0.02 USD) - 2022/07/05 17:28:36 PT [2022/07/05 20:28:36 ET]
Table 'Lilium II' 9-max Seat #2 is the button
Seat 1: Dorex2007 ($2 in chips) 
Seat 2: AMululo ($2.14 in chips) 
Seat 4: Br0wnCheese ($2.54 in chips) 
Seat 5: marktb ($4.11 in chips) 
Seat 6: TolikG55 ($2.68 in chips) 
Seat 7: ZergXVI ($1.85 in chips) 
Seat 9: Hogline66 ($4.20 in chips) 
Br0wnCheese: posts small blind $0.01
marktb: posts big blind $0.02
carbonero59: sits out 
*** HOLE CARDS ***
Dealt to Dorex2007 [Ad Th]
TolikG55: folds 
ZergXVI: folds 
CoolHandJames85 leaves the table
Hogline66: folds 
Dorex2007: raises $0.02 to $0.04
AMululo: folds 
Br0wnCheese: calls $0.03
marktb: calls $0.02
*** FLOP *** [7h As Kd]
Br0wnCheese: checks 
marktb: checks 
Dorex2007: bets $0.08
Br0wnCheese: calls $0.08
marktb: folds 
*** TURN *** [7h As Kd] [2c]
Br0wnCheese: checks 
Dorex2007: checks 
*** RIVER *** [7h As Kd 2c] [Jh]
Br0wnCheese: checks 
Dorex2007: checks 
*** SHOW DOWN ***
Br0wnCheese: shows [Ks 6s] (a pair of Kings)
Dorex2007: shows [Ad Th] (a pair of Aces)
Dorex2007 collected $0.27 from pot
*** SUMMARY ***
Total pot $0.28 | Rake $0.01 
Board [7h As Kd 2c Jh]
Seat 1: Dorex2007 showed [Ad Th] and won ($0.27) with a pair of Aces
Seat 2: AMululo (button) folded before Flop (didn't bet)
Seat 4: Br0wnCheese (small blind) showed [Ks 6s] and lost with a pair of Kings
Seat 5: marktb (big blind) folded on the Flop
Seat 6: TolikG55 folded before Flop (didn't bet)
Seat 7: ZergXVI folded before Flop (didn't bet)
Seat 9: Hogline66 folded before Flop (didn't bet)



PokerStars Hand #237186304750:  Hold'em No Limit ($0.01/$0.02 USD) - 2022/07/05 17:29:27 PT [2022/07/05 20:29:27 ET]
Table 'Lilium II' 9-max Seat #4 is the button
Seat 1: Dorex2007 ($2.15 in chips) 
Seat 2: AMululo ($2.14 in chips) 
Seat 4: Br0wnCheese ($2.42 in chips) 
Seat 5: marktb ($4.07 in chips) 
Seat 6: TolikG55 ($2.68 in chips) 
Seat 7: ZergXVI ($1.85 in chips) 
Seat 9: Hogline66 ($4.20 in chips) 
marktb: posts small blind $0.01
TolikG55: posts big blind $0.02
carbonero59: sits out 
*** HOLE CARDS ***
Dealt to Dorex2007 [8s 8c]
ZergXVI: folds 
Hogline66: calls $0.02
quentle1 joins the table at seat #3 
Dorex2007: raises $0.04 to $0.06
AMululo: calls $0.06
Br0wnCheese: calls $0.06
marktb: folds 
TolikG55: folds 
Hogline66: calls $0.04
*** FLOP *** [Ks 5h 5c]
Hogline66: checks 
Dorex2007: bets $0.17
AMululo: folds 
Br0wnCheese: calls $0.17
Hogline66: folds 
*** TURN *** [Ks 5h 5c] [4c]
Dorex2007: checks 
Br0wnCheese: checks 
*** RIVER *** [Ks 5h 5c 4c] [9s]
Dorex2007: bets $0.18
Br0wnCheese: calls $0.18
*** SHOW DOWN ***
Dorex2007: shows [8s 8c] (two pair, Eights and Fives)
Br0wnCheese: shows [Kd Qc] (two pair, Kings and Fives)
Br0wnCheese collected $0.94 from pot
*** SUMMARY ***
Total pot $0.97 | Rake $0.03 
Board [Ks 5h 5c 4c 9s]
Seat 1: Dorex2007 showed [8s 8c] and lost with two pair, Eights and Fives
Seat 2: AMululo folded on the Flop
Seat 4: Br0wnCheese (button) showed [Kd Qc] and won ($0.94) with two pair, Kings and Fives
Seat 5: marktb (small blind) folded before Flop
Seat 6: TolikG55 (big blind) folded before Flop
Seat 7: ZergXVI folded before Flop (didn't bet)
Seat 9: Hogline66 folded on the Flop



PokerStars Hand #237186317424:  Hold'em No Limit ($0.01/$0.02 USD) - 2022/07/05 17:30:24 PT [2022/07/05 20:30:24 ET]
Table 'Lilium II' 9-max Seat #5 is the button
Seat 1: Dorex2007 ($2 in chips) 
Seat 2: AMululo ($2.08 in chips) 
Seat 3: quentle1 ($1.60 in chips) 
Seat 4: Br0wnCheese ($2.95 in chips) 
Seat 5: marktb ($4.06 in chips) 
Seat 6: TolikG55 ($2.66 in chips) 
Seat 7: ZergXVI ($1.85 in chips) 
Seat 9: Hogline66 ($4.14 in chips) 
TolikG55: posts small blind $0.01
ZergXVI: posts big blind $0.02
carbonero59: sits out 
quentle1: posts big blind $0.02
*** HOLE CARDS ***
Dealt to Dorex2007 [Tc Ad]
Hogline66: folds 
Dorex2007: raises $0.02 to $0.04
AMululo: folds 
quentle1: calls $0.02
Br0wnCheese: folds 
marktb: calls $0.04
TolikG55: calls $0.03
ZergXVI: calls $0.02
*** FLOP *** [Qs 6c Td]
TolikG55: checks 
ZergXVI: checks 
Dorex2007: checks 
quentle1: bets $0.02
marktb: calls $0.02
TolikG55: calls $0.02
ZergXVI: folds 
Dorex2007: calls $0.02
*** TURN *** [Qs 6c Td] [9c]
TolikG55: checks 
Dorex2007: checks 
quentle1: bets $0.06
marktb: folds 
TolikG55: raises $0.20 to $0.26
Dorex2007: folds 
quentle1: folds 
Uncalled bet ($0.20) returned to TolikG55
TolikG55 collected $0.39 from pot
*** SUMMARY ***
Total pot $0.40 | Rake $0.01 
Board [Qs 6c Td 9c]
Seat 1: Dorex2007 folded on the Turn
Seat 2: AMululo folded before Flop (didn't bet)
Seat 3: quentle1 folded on the Turn
Seat 4: Br0wnCheese folded before Flop (didn't bet)
Seat 5: marktb (button) folded on the Turn
Seat 6: TolikG55 (small blind) collected ($0.39)
Seat 7: ZergXVI (big blind) folded on the Flop
Seat 9: Hogline66 folded before Flop (didn't bet)



PokerStars Hand #237186337362:  Hold'em No Limit ($0.01/$0.02 USD) - 2022/07/05 17:31:29 PT [2022/07/05 20:31:29 ET]
Table 'Lilium II' 9-max Seat #6 is the button
Seat 1: Dorex2007 ($2 in chips) 
Seat 2: AMululo ($2.08 in chips) 
Seat 3: quentle1 ($1.48 in chips) 
Seat 4: Br0wnCheese ($2.95 in chips) 
Seat 5: marktb ($4 in chips) 
Seat 6: TolikG55 ($2.93 in chips) 
Seat 7: ZergXVI ($1.81 in chips) 
Seat 8: carbonero59 ($2 in chips) 
Seat 9: Hogline66 ($4.14 in chips) 
ZergXVI: posts small blind $0.01
carbonero59: posts big blind $0.02
*** HOLE CARDS ***
Dealt to Dorex2007 [Kh 5c]
Hogline66: folds 
Dorex2007: folds 
AMululo has timed out
AMululo: folds 
quentle1: raises $0.02 to $0.04
Br0wnCheese has timed out
Br0wnCheese: folds 
marktb: folds 
TolikG55: folds 
ZergXVI: folds 
carbonero59: calls $0.02
*** FLOP *** [7c Qs 8s]
carbonero59: checks 
quentle1: bets $0.09
carbonero59: folds 
Uncalled bet ($0.09) returned to quentle1
quentle1 collected $0.09 from pot
*** SUMMARY ***
Total pot $0.09 | Rake $0 
Board [7c Qs 8s]
Seat 1: Dorex2007 folded before Flop (didn't bet)
Seat 2: AMululo folded before Flop (didn't bet)
Seat 3: quentle1 collected ($0.09)
Seat 4: Br0wnCheese folded before Flop (didn't bet)
Seat 5: marktb folded before Flop (didn't bet)
Seat 6: TolikG55 (button) folded before Flop (didn't bet)
Seat 7: ZergXVI (small blind) folded before Flop
Seat 8: carbonero59 (big blind) folded on the Flop
Seat 9: Hogline66 folded before Flop (didn't bet)



PokerStars Hand #237186351619:  Hold'em No Limit ($0.01/$0.02 USD) - 2022/07/05 17:32:33 PT [2022/07/05 20:32:33 ET]
Table 'Lilium II' 9-max Seat #7 is the button
Seat 1: Dorex2007 ($2 in chips) 
Seat 3: quentle1 ($1.53 in chips) 
Seat 4: Br0wnCheese ($2.95 in chips) 
Seat 5: marktb ($4 in chips) 
Seat 6: TolikG55 ($2.93 in chips) 
Seat 7: ZergXVI ($1.80 in chips) 
Seat 8: carbonero59 ($1.96 in chips) 
Seat 9: Hogline66 ($4.14 in chips) 
carbonero59: posts small blind $0.01
Hogline66: posts big blind $0.02
*** HOLE CARDS ***
Dealt to Dorex2007 [8c 7c]
Dorex2007: folds 
quentle1: folds 
Br0wnCheese: folds 
marktb: folds 
TolikG55: raises $0.02 to $0.04
ZergXVI: folds 
carbonero59: calls $0.03
Hogline66: calls $0.02
*** FLOP *** [8s Ks Td]
carbonero59: checks 
Hogline66: bets $0.06
TolikG55: folds 
carbonero59: folds 
Uncalled bet ($0.06) returned to Hogline66
Hogline66 collected $0.12 from pot
*** SUMMARY ***
Total pot $0.12 | Rake $0 
Board [8s Ks Td]
Seat 1: Dorex2007 folded before Flop (didn't bet)
Seat 3: quentle1 folded before Flop (didn't bet)
Seat 4: Br0wnCheese folded before Flop (didn't bet)
Seat 5: marktb folded before Flop (didn't bet)
Seat 6: TolikG55 folded on the Flop
Seat 7: ZergXVI (button) folded before Flop (didn't bet)
Seat 8: carbonero59 (small blind) folded on the Flop
Seat 9: Hogline66 (big blind) collected ($0.12)



PokerStars Hand #237186358105:  Hold'em No Limit ($0.01/$0.02 USD) - 2022/07/05 17:33:02 PT [2022/07/05 20:33:02 ET]
Table 'Lilium II' 9-max Seat #8 is the button
Seat 1: Dorex2007 ($2 in chips) 
Seat 3: quentle1 ($1.53 in chips) 
Seat 4: Br0wnCheese ($2.95 in chips) 
Seat 5: marktb ($4 in chips) 
Seat 6: TolikG55 ($2.89 in chips) 
Seat 7: ZergXVI ($1.80 in chips) 
Seat 8: carbonero59 ($1.92 in chips) 
Seat 9: Hogline66 ($4.22 in chips) 
Hogline66: posts small blind $0.01
Dorex2007: posts big blind $0.02
*** HOLE CARDS ***
Dealt to Dorex2007 [3h 4d]
quentle1: calls $0.02
Br0wnCheese: folds 
marktb: folds 
TolikG55: folds 
ZergXVI: calls $0.02
carbonero59: folds 
Hogline66: calls $0.01
Dorex2007: checks 
*** FLOP *** [7d Ks Ah]
Hogline66: bets $0.02
Dorex2007: folds 
quentle1: calls $0.02
ZergXVI: calls $0.02
*** TURN *** [7d Ks Ah] [Jh]
Hogline66: bets $0.04
quentle1: calls $0.04
ZergXVI: raises $0.04 to $0.08
Hogline66: calls $0.04
quentle1: calls $0.04
*** RIVER *** [7d Ks Ah Jh] [4s]
Hogline66: bets $0.06
quentle1: folds 
ZergXVI: calls $0.06
*** SHOW DOWN ***
Hogline66: shows [4h Ad] (two pair, Aces and Fours)
ZergXVI: shows [As Js] (two pair, Aces and Jacks)
ZergXVI collected $0.48 from pot
*** SUMMARY ***
Total pot $0.50 | Rake $0.02 
Board [7d Ks Ah Jh 4s]
Seat 1: Dorex2007 (big blind) folded on the Flop
Seat 3: quentle1 folded on the River
Seat 4: Br0wnCheese folded before Flop (didn't bet)
Seat 5: marktb folded before Flop (didn't bet)
Seat 6: TolikG55 folded before Flop (didn't bet)
Seat 7: ZergXVI showed [As Js] and won ($0.48) with two pair, Aces and Jacks
Seat 8: carbonero59 (button) folded before Flop (didn't bet)
Seat 9: Hogline66 (small blind) showed [4h Ad] and lost with two pair, Aces and Fours



PokerStars Hand #237186369174:  Hold'em No Limit ($0.01/$0.02 USD) - 2022/07/05 17:33:53 PT [2022/07/05 20:33:53 ET]
Table 'Lilium II' 9-max Seat #9 is the button
Seat 1: Dorex2007 ($2 in chips) 
Seat 3: quentle1 ($1.41 in chips) 
Seat 4: Br0wnCheese ($2.95 in chips) 
Seat 5: marktb ($4 in chips) 
Seat 6: TolikG55 ($2.89 in chips) 
Seat 7: ZergXVI ($2.10 in chips) 
Seat 8: carbonero59 ($1.92 in chips) 
Seat 9: Hogline66 ($4.04 in chips) 
Dorex2007: posts small blind $0.01
quentle1: posts big blind $0.02
*** HOLE CARDS ***
Dealt to Dorex2007 [2h Js]
Br0wnCheese: folds 
marktb: raises $0.04 to $0.06
TolikG55: folds 
ZergXVI: folds 
carbonero59: folds 
Hogline66: folds 
Dorex2007: folds 
quentle1: folds 
Uncalled bet ($0.04) returned to marktb
marktb collected $0.05 from pot
*** SUMMARY ***
Total pot $0.05 | Rake $0 
Seat 1: Dorex2007 (small blind) folded before Flop
Seat 3: quentle1 (big blind) folded before Flop
Seat 4: Br0wnCheese folded before Flop (didn't bet)
Seat 5: marktb collected ($0.05)
Seat 6: TolikG55 folded before Flop (didn't bet)
Seat 7: ZergXVI folded before Flop (didn't bet)
Seat 8: carbonero59 folded before Flop (didn't bet)
Seat 9: Hogline66 (button) folded before Flop (didn't bet)



PokerStars Hand #237186375964:  Hold'em No Limit ($0.01/$0.02 USD) - 2022/07/05 17:34:24 PT [2022/07/05 20:34:24 ET]
Table 'Lilium II' 9-max Seat #1 is the button
Seat 1: Dorex2007 ($2 in chips) 
Seat 3: quentle1 ($1.39 in chips) 
Seat 4: Br0wnCheese ($2.95 in chips) 
Seat 5: marktb ($4.03 in chips) 
Seat 6: TolikG55 ($2.89 in chips) 
Seat 7: ZergXVI ($2.10 in chips) 
Seat 8: carbonero59 ($1.92 in chips) 
Seat 9: Hogline66 ($4.04 in chips) 
quentle1: posts small blind $0.01
Br0wnCheese: posts big blind $0.02
*** HOLE CARDS ***
Dealt to Dorex2007 [2s 5d]
marktb: folds 
TolikG55: folds 
ZergXVI: folds 
carbonero59: folds 
Hogline66: folds 
Dorex2007 has timed out
Dorex2007: folds 
quentle1: calls $0.01
Br0wnCheese: raises $0.04 to $0.06
quentle1: folds 
Uncalled bet ($0.04) returned to Br0wnCheese
Br0wnCheese collected $0.04 from pot
*** SUMMARY ***
Total pot $0.04 | Rake $0 
Seat 1: Dorex2007 (button) folded before Flop (didn't bet)
Seat 3: quentle1 (small blind) folded before Flop
Seat 4: Br0wnCheese (big blind) collected ($0.04)
Seat 5: marktb folded before Flop (didn't bet)
Seat 6: TolikG55 folded before Flop (didn't bet)
Seat 7: ZergXVI folded before Flop (didn't bet)
Seat 8: carbonero59 folded before Flop (didn't bet)
Seat 9: Hogline66 folded before Flop (didn't bet)



PokerStars Hand #237186381926:  Hold'em No Limit ($0.01/$0.02 USD) - 2022/07/05 17:34:52 PT [2022/07/05 20:34:52 ET]
Table 'Lilium II' 9-max Seat #3 is the button
Seat 1: Dorex2007 ($2 in chips) 
Seat 3: quentle1 ($1.37 in chips) 
Seat 4: Br0wnCheese ($2.97 in chips) 
Seat 6: TolikG55 ($2.89 in chips) 
Seat 7: ZergXVI ($2.10 in chips) 
Seat 8: carbonero59 ($1.92 in chips) 
Seat 9: Hogline66 ($4.04 in chips) 
Br0wnCheese: posts small blind $0.01
marktb: is sitting out 
TolikG55: posts big blind $0.02
*** HOLE CARDS ***
Dealt to Dorex2007 [7c 4s]
marktb leaves the table
ZergXVI: folds 
carbonero59: folds 
Hogline66: folds 
Dorex2007: folds 
quentle1: folds 
Br0wnCheese: raises $0.04 to $0.06
TolikG55: folds 
Uncalled bet ($0.04) returned to Br0wnCheese
Br0wnCheese collected $0.04 from pot
*** SUMMARY ***
Total pot $0.04 | Rake $0 
Seat 1: Dorex2007 folded before Flop (didn't bet)
Seat 3: quentle1 (button) folded before Flop (didn't bet)
Seat 4: Br0wnCheese (small blind) collected ($0.04)
Seat 6: TolikG55 (big blind) folded before Flop
Seat 7: ZergXVI folded before Flop (didn't bet)
Seat 8: carbonero59 folded before Flop (didn't bet)
Seat 9: Hogline66 folded before Flop (didn't bet)



PokerStars Hand #237186385707:  Hold'em No Limit ($0.01/$0.02 USD) - 2022/07/05 17:35:08 PT [2022/07/05 20:35:08 ET]
Table 'Lilium II' 9-max Seat #4 is the button
Seat 1: Dorex2007 ($2 in chips) 
Seat 3: quentle1 ($1.37 in chips) 
Seat 4: Br0wnCheese ($2.99 in chips) 
Seat 6: TolikG55 ($2.87 in chips) 
Seat 7: ZergXVI ($2.10 in chips) 
Seat 8: carbonero59 ($1.92 in chips) 
Seat 9: Hogline66 ($4.04 in chips) 
TolikG55: posts small blind $0.01
ZergXVI: posts big blind $0.02
*** HOLE CARDS ***
Dealt to Dorex2007 [8c Jc]
carbonero59: raises $0.02 to $0.04
Hogline66: folds 
Dorex2007: folds 
quentle1: calls $0.04
Br0wnCheese: calls $0.04
TolikG55: calls $0.03
crazyJP joins the table at seat #5 
ZergXVI: calls $0.02
*** FLOP *** [6c Td 3h]
TolikG55: checks 
ZergXVI: checks 
carbonero59: bets $0.09
quentle1: folds 
Br0wnCheese: calls $0.09
TolikG55: folds 
ZergXVI: folds 
*** TURN *** [6c Td 3h] [3s]
crazyJP leaves the table
carbonero59: bets $0.18
Br0wnCheese: calls $0.18
*** RIVER *** [6c Td 3h 3s] [Ts]
carbonero59: bets $0.35
Br0wnCheese: folds 
Uncalled bet ($0.35) returned to carbonero59
carbonero59 collected $0.71 from pot
*** SUMMARY ***
Total pot $0.74 | Rake $0.03 
Board [6c Td 3h 3s Ts]
Seat 1: Dorex2007 folded before Flop (didn't bet)
Seat 3: quentle1 folded on the Flop
Seat 4: Br0wnCheese (button) folded on the River
Seat 6: TolikG55 (small blind) folded on the Flop
Seat 7: ZergXVI (big blind) folded on the Flop
Seat 8: carbonero59 collected ($0.71)
Seat 9: Hogline66 folded before Flop (didn't bet)



PokerStars Hand #237186401101:  Hold'em No Limit ($0.01/$0.02 USD) - 2022/07/05 17:36:20 PT [2022/07/05 20:36:20 ET]
Table 'Lilium II' 9-max Seat #6 is the button
Seat 1: Dorex2007 ($2 in chips) 
Seat 2: AMululo ($2.08 in chips) 
Seat 3: quentle1 ($1.33 in chips) 
Seat 4: Br0wnCheese ($2.68 in chips) 
Seat 6: TolikG55 ($2.83 in chips) 
Seat 7: ZergXVI ($2.06 in chips) 
Seat 8: carbonero59 ($2.32 in chips) 
Seat 9: Hogline66 ($4.04 in chips) 
ZergXVI: posts small blind $0.01
carbonero59: posts big blind $0.02
AMululo: posts small & big blinds $0.03
*** HOLE CARDS ***
Dealt to Dorex2007 [3c Ks]
Hogline66: calls $0.02
crazyJP joins the table at seat #5 
Dorex2007: folds 
AMululo: raises $0.08 to $0.10
quentle1: folds 
Br0wnCheese: folds 
TolikG55: folds 
ZergXVI: folds 
carbonero59: folds 
Hogline66: calls $0.08
*** FLOP *** [6s Kc 9s]
Hogline66: checks 
AMululo: checks 
*** TURN *** [6s Kc 9s] [Td]
crazyJP leaves the table
Hogline66: bets $0.11
AMululo: raises $0.47 to $0.58
Hogline66: calls $0.47
*** RIVER *** [6s Kc 9s Td] [5d]
Hogline66: checks 
AMululo: bets $1.39 and is all-in
ANetoGC joins the table at seat #5 
Hogline66: folds 
Uncalled bet ($1.39) returned to AMululo
AMululo collected $1.35 from pot
*** SUMMARY ***
Total pot $1.40 | Rake $0.05 
Board [6s Kc 9s Td 5d]
Seat 1: Dorex2007 folded before Flop (didn't bet)
Seat 2: AMululo collected ($1.35)
Seat 3: quentle1 folded before Flop (didn't bet)
Seat 4: Br0wnCheese folded before Flop (didn't bet)
Seat 6: TolikG55 (button) folded before Flop (didn't bet)
Seat 7: ZergXVI (small blind) folded before Flop
Seat 8: carbonero59 (big blind) folded before Flop
Seat 9: Hogline66 folded on the River



PokerStars Hand #237186412578:  Hold'em No Limit ($0.01/$0.02 USD) - 2022/07/05 17:37:13 PT [2022/07/05 20:37:13 ET]
Table 'Lilium II' 9-max Seat #7 is the button
Seat 1: Dorex2007 ($2 in chips) 
Seat 2: AMululo ($2.74 in chips) 
Seat 3: quentle1 ($1.33 in chips) 
Seat 4: Br0wnCheese ($2.68 in chips) 
Seat 6: TolikG55 ($2.83 in chips) 
Seat 7: ZergXVI ($2.05 in chips) 
Seat 8: carbonero59 ($2.30 in chips) 
Seat 9: Hogline66 ($3.36 in chips) 
carbonero59: posts small blind $0.01
Hogline66: posts big blind $0.02
ANetoGC is connected 
ANetoGC: sits out 
*** HOLE CARDS ***
Dealt to Dorex2007 [3h 5h]
Dorex2007: folds 
AMululo: calls $0.02
quentle1 has timed out
quentle1: folds 
Br0wnCheese: folds 
TolikG55: calls $0.02
ZergXVI: calls $0.02
carbonero59: calls $0.01
Hogline66: raises $0.04 to $0.06
AMululo: calls $0.04
TolikG55: calls $0.04
ZergXVI: calls $0.04
carbonero59: calls $0.04
*** FLOP *** [Qh Kh 6c]
carbonero59: checks 
Hogline66: bets $0.08
AMululo: calls $0.08
TolikG55: folds 
ZergXVI: calls $0.08
carbonero59: folds 
*** TURN *** [Qh Kh 6c] [4d]
Hogline66: checks 
AMululo: checks 
ZergXVI: checks 
*** RIVER *** [Qh Kh 6c 4d] [9d]
Hogline66: checks 
AMululo: folds 
AMululo leaves the table
ZergXVI: checks 
*** SHOW DOWN ***
Hogline66: shows [Ts Th] (a pair of Tens)
ZergXVI: mucks hand 
Hogline66 collected $0.52 from pot
*** SUMMARY ***
Total pot $0.54 | Rake $0.02 
Board [Qh Kh 6c 4d 9d]
Seat 1: Dorex2007 folded before Flop (didn't bet)
Seat 2: AMululo folded on the River
Seat 3: quentle1 folded before Flop (didn't bet)
Seat 4: Br0wnCheese folded before Flop (didn't bet)
Seat 6: TolikG55 folded on the Flop
Seat 7: ZergXVI (button) mucked [7h 8h]
Seat 8: carbonero59 (small blind) folded on the Flop
Seat 9: Hogline66 (big blind) showed [Ts Th] and won ($0.52) with a pair of Tens



PokerStars Hand #237186436690:  Hold'em No Limit ($0.01/$0.02 USD) - 2022/07/05 17:39:07 PT [2022/07/05 20:39:07 ET]
Table 'Lilium II' 9-max Seat #8 is the button
Seat 1: Dorex2007 ($2 in chips) 
Seat 3: quentle1 ($1.33 in chips) 
Seat 4: Br0wnCheese ($2.68 in chips) 
Seat 5: ANetoGC ($0.80 in chips) 
Seat 6: TolikG55 ($2.77 in chips) 
Seat 7: ZergXVI ($1.91 in chips) 
Seat 8: carbonero59 ($2.24 in chips) 
Seat 9: Hogline66 ($3.74 in chips) 
Hogline66: posts small blind $0.01
Dorex2007: posts big blind $0.02
ANetoGC: posts big blind $0.02
*** HOLE CARDS ***
Dealt to Dorex2007 [6h 3c]
quentle1: raises $0.02 to $0.04
Br0wnCheese: folds 
ANetoGC: calls $0.02
TolikG55: folds 
ZergXVI: folds 
dvdhmstar joins the table at seat #2 
carbonero59: folds 
Hogline66: calls $0.03
Dorex2007: folds 
*** FLOP *** [4c Td Jh]
Hogline66: checks 
quentle1: bets $0.02
ANetoGC: folds 
Hogline66: folds 
Uncalled bet ($0.02) returned to quentle1
quentle1 collected $0.14 from pot
*** SUMMARY ***
Total pot $0.14 | Rake $0 
Board [4c Td Jh]
Seat 1: Dorex2007 (big blind) folded before Flop
Seat 3: quentle1 collected ($0.14)
Seat 4: Br0wnCheese folded before Flop (didn't bet)
Seat 5: ANetoGC folded on the Flop
Seat 6: TolikG55 folded before Flop (didn't bet)
Seat 7: ZergXVI folded before Flop (didn't bet)
Seat 8: carbonero59 (button) folded before Flop (didn't bet)
Seat 9: Hogline66 (small blind) folded on the Flop



PokerStars Hand #237186446258:  Hold'em No Limit ($0.01/$0.02 USD) - 2022/07/05 17:39:52 PT [2022/07/05 20:39:52 ET]
Table 'Lilium II' 9-max Seat #9 is the button
Seat 1: Dorex2007 ($2 in chips) 
Seat 2: dvdhmstar ($2 in chips) 
Seat 3: quentle1 ($1.43 in chips) 
Seat 4: Br0wnCheese ($2.68 in chips) 
Seat 5: ANetoGC ($0.76 in chips) 
Seat 6: TolikG55 ($2.77 in chips) 
Seat 7: ZergXVI ($1.91 in chips) 
Seat 8: carbonero59 ($2.24 in chips) 
Seat 9: Hogline66 ($3.70 in chips) 
Dorex2007: posts small blind $0.01
dvdhmstar: posts big blind $0.02
*** HOLE CARDS ***
Dealt to Dorex2007 [Tc Jh]
quentle1 has timed out
quentle1: folds 
Br0wnCheese: raises $0.03 to $0.05
ANetoGC: folds 
TolikG55: folds 
ZergXVI: folds 
carbonero59: folds 
Hogline66: calls $0.05
Dorex2007: calls $0.04
dvdhmstar: folds 
*** FLOP *** [Qc Ts 3c]
Dorex2007: checks 
Br0wnCheese: bets $0.20
Hogline66: folds 
Hogline66 leaves the table
Dorex2007: folds 
Uncalled bet ($0.20) returned to Br0wnCheese
Br0wnCheese collected $0.16 from pot
*** SUMMARY ***
Total pot $0.17 | Rake $0.01 
Board [Qc Ts 3c]
Seat 1: Dorex2007 (small blind) folded on the Flop
Seat 2: dvdhmstar (big blind) folded before Flop
Seat 3: quentle1 folded before Flop (didn't bet)
Seat 4: Br0wnCheese collected ($0.16)
Seat 5: ANetoGC folded before Flop (didn't bet)
Seat 6: TolikG55 folded before Flop (didn't bet)
Seat 7: ZergXVI folded before Flop (didn't bet)
Seat 8: carbonero59 folded before Flop (didn't bet)
Seat 9: Hogline66 (button) folded on the Flop



PokerStars Hand #237186456321:  Hold'em No Limit ($0.01/$0.02 USD) - 2022/07/05 17:40:38 PT [2022/07/05 20:40:38 ET]
Table 'Lilium II' 9-max Seat #1 is the button
Seat 1: Dorex2007 ($2 in chips) 
Seat 2: dvdhmstar ($1.98 in chips) 
Seat 4: Br0wnCheese ($2.79 in chips) 
Seat 5: ANetoGC ($0.76 in chips) 
Seat 6: TolikG55 ($2.77 in chips) 
Seat 7: ZergXVI ($1.91 in chips) 
Seat 8: carbonero59 ($2.24 in chips) 
dvdhmstar: posts small blind $0.01
Br0wnCheese: posts big blind $0.02
*** HOLE CARDS ***
Dealt to Dorex2007 [As 8h]
ANetoGC: folds 
TolikG55: folds 
ZergXVI: calls $0.02
carbonero59: folds 
Dorex2007: folds 
dvdhmstar: calls $0.01
Br0wnCheese: checks 
*** FLOP *** [7d Jd 3s]
noborin joins the table at seat #9 
dvdhmstar: bets $0.04
Br0wnCheese: folds 
ZergXVI: folds 
Uncalled bet ($0.04) returned to dvdhmstar
dvdhmstar collected $0.06 from pot
*** SUMMARY ***
Total pot $0.06 | Rake $0 
Board [7d Jd 3s]
Seat 1: Dorex2007 (button) folded before Flop (didn't bet)
Seat 2: dvdhmstar (small blind) collected ($0.06)
Seat 4: Br0wnCheese (big blind) folded on the Flop
Seat 5: ANetoGC folded before Flop (didn't bet)
Seat 6: TolikG55 folded before Flop (didn't bet)
Seat 7: ZergXVI folded on the Flop
Seat 8: carbonero59 folded before Flop (didn't bet)



PokerStars Hand #237186466201:  Hold'em No Limit ($0.01/$0.02 USD) - 2022/07/05 17:41:24 PT [2022/07/05 20:41:24 ET]
Table 'Lilium II' 9-max Seat #2 is the button
Seat 1: Dorex2007 ($2 in chips) 
Seat 2: dvdhmstar ($2.02 in chips) 
Seat 4: Br0wnCheese ($2.77 in chips) 
Seat 5: ANetoGC ($0.76 in chips) 
Seat 6: TolikG55 ($2.77 in chips) 
Seat 7: ZergXVI ($1.89 in chips) 
Seat 8: carbonero59 ($2.24 in chips) 
Seat 9: noborin ($0.80 in chips) 
Br0wnCheese: posts small blind $0.01
ANetoGC: posts big blind $0.02
noborin: posts big blind $0.02
*** HOLE CARDS ***
Dealt to Dorex2007 [4d 3c]
TolikG55: folds 
ZergXVI: folds 
carbonero59: calls $0.02
noborin: raises $0.02 to $0.04
Dorex2007: folds 
dvdhmstar: folds 
Br0wnCheese: folds 
ANetoGC: raises $0.02 to $0.06
carbonero59: calls $0.04
noborin: calls $0.02
*** FLOP *** [Kh 2d 4s]
ANetoGC: bets $0.09
carbonero59: folds 
noborin: calls $0.09
*** TURN *** [Kh 2d 4s] [5c]
ANetoGC: bets $0.36
noborin: raises $0.29 to $0.65 and is all-in
ANetoGC: calls $0.25 and is all-in
Uncalled bet ($0.04) returned to noborin
*** RIVER *** [Kh 2d 4s 5c] [7s]
*** SHOW DOWN ***
ANetoGC: shows [Ad Ts] (high card Ace)
noborin: shows [Js Ks] (a pair of Kings)
noborin collected $1.53 from pot
ANetoGC cashed out the hand for $0.25
*** SUMMARY ***
Total pot $1.59 | Rake $0.06 
Board [Kh 2d 4s 5c 7s]
Seat 1: Dorex2007 folded before Flop (didn't bet)
Seat 2: dvdhmstar (button) folded before Flop (didn't bet)
Seat 4: Br0wnCheese (small blind) folded before Flop
Seat 5: ANetoGC (big blind) showed [Ad Ts] and lost with high card Ace (cashed out).
Seat 6: TolikG55 folded before Flop (didn't bet)
Seat 7: ZergXVI folded before Flop (didn't bet)
Seat 8: carbonero59 folded on the Flop
Seat 9: noborin showed [Js Ks] and won ($1.53) with a pair of Kings



PokerStars Hand #237186483473:  Hold'em No Limit ($0.01/$0.02 USD) - 2022/07/05 17:42:41 PT [2022/07/05 20:42:41 ET]
Table 'Lilium II' 9-max Seat #4 is the button
Seat 1: Dorex2007 ($2 in chips) 
Seat 2: dvdhmstar ($2.02 in chips) 
Seat 4: Br0wnCheese ($2.76 in chips) 
Seat 5: ANetoGC ($0.25 in chips) 
Seat 6: TolikG55 ($2.77 in chips) 
Seat 7: ZergXVI ($1.89 in chips) 
Seat 8: carbonero59 ($2.18 in chips) 
Seat 9: noborin ($1.57 in chips) 
ANetoGC: posts small blind $0.01
TolikG55: posts big blind $0.02
*** HOLE CARDS ***
Dealt to Dorex2007 [Qh 8d]
ZergXVI: folds 
carbonero59: folds 
noborin: calls $0.02
Dorex2007: folds 
dvdhmstar: folds 
Br0wnCheese: folds 
ANetoGC: calls $0.01
TolikG55: raises $0.04 to $0.06
noborin: calls $0.04
ANetoGC: calls $0.04
*** FLOP *** [Ad 9d 9c]
ANetoGC: checks 
TolikG55: bets $0.08
noborin: calls $0.08
ANetoGC: folds 
*** TURN *** [Ad 9d 9c] [7s]
TolikG55: bets $0.16
noborin: calls $0.16
*** RIVER *** [Ad 9d 9c 7s] [6d]
TolikG55: bets $0.25
noborin: calls $0.25
*** SHOW DOWN ***
TolikG55: shows [Ac Tc] (two pair, Aces and Nines)
noborin: shows [Qd 7d] (a flush, Ace high)
noborin collected $1.12 from pot
*** SUMMARY ***
Total pot $1.16 | Rake $0.04 
Board [Ad 9d 9c 7s 6d]
Seat 1: Dorex2007 folded before Flop (didn't bet)
Seat 2: dvdhmstar folded before Flop (didn't bet)
Seat 4: Br0wnCheese (button) folded before Flop (didn't bet)
Seat 5: ANetoGC (small blind) folded on the Flop
Seat 6: TolikG55 (big blind) showed [Ac Tc] and lost with two pair, Aces and Nines
Seat 7: ZergXVI folded before Flop (didn't bet)
Seat 8: carbonero59 folded before Flop (didn't bet)
Seat 9: noborin showed [Qd 7d] and won ($1.12) with a flush, Ace high



PokerStars Hand #237186495822:  Hold'em No Limit ($0.01/$0.02 USD) - 2022/07/05 17:43:39 PT [2022/07/05 20:43:39 ET]
Table 'Lilium II' 9-max Seat #5 is the button
Seat 1: Dorex2007 ($2 in chips) 
Seat 2: dvdhmstar ($2.02 in chips) 
Seat 4: Br0wnCheese ($2.76 in chips) 
Seat 5: ANetoGC ($0.19 in chips) 
Seat 6: TolikG55 ($2.22 in chips) 
Seat 7: ZergXVI ($1.89 in chips) 
Seat 8: carbonero59 ($2.18 in chips) 
Seat 9: noborin ($2.14 in chips) 
TolikG55: posts small blind $0.01
ZergXVI: posts big blind $0.02
*** HOLE CARDS ***
Dealt to Dorex2007 [4h 6c]
carbonero59: calls $0.02
noborin: folds 
Dorex2007: folds 
dvdhmstar: folds 
Br0wnCheese: folds 
ANetoGC: folds 
TolikG55: calls $0.01
ZergXVI: checks 
*** FLOP *** [Ah Kh Kc]
TolikG55: checks 
ZergXVI: bets $0.06
carbonero59: folds 
TolikG55: folds 
Uncalled bet ($0.06) returned to ZergXVI
ZergXVI collected $0.06 from pot
*** SUMMARY ***
Total pot $0.06 | Rake $0 
Board [Ah Kh Kc]
Seat 1: Dorex2007 folded before Flop (didn't bet)
Seat 2: dvdhmstar folded before Flop (didn't bet)
Seat 4: Br0wnCheese folded before Flop (didn't bet)
Seat 5: ANetoGC (button) folded before Flop (didn't bet)
Seat 6: TolikG55 (small blind) folded on the Flop
Seat 7: ZergXVI (big blind) collected ($0.06)
Seat 8: carbonero59 folded on the Flop
Seat 9: noborin folded before Flop (didn't bet)



PokerStars Hand #237186501889:  Hold'em No Limit ($0.01/$0.02 USD) - 2022/07/05 17:44:08 PT [2022/07/05 20:44:08 ET]
Table 'Lilium II' 9-max Seat #6 is the button
Seat 1: Dorex2007 ($2 in chips) 
Seat 2: dvdhmstar ($2.02 in chips) 
Seat 4: Br0wnCheese ($2.76 in chips) 
Seat 5: ANetoGC ($0.19 in chips) 
Seat 6: TolikG55 ($2.20 in chips) 
Seat 7: ZergXVI ($1.93 in chips) 
Seat 8: carbonero59 ($2.16 in chips) 
Seat 9: noborin ($2.14 in chips) 
ZergXVI: posts small blind $0.01
carbonero59: posts big blind $0.02
*** HOLE CARDS ***
Dealt to Dorex2007 [3s As]
noborin: calls $0.02
Dorex2007: calls $0.02
dvdhmstar: folds 
Br0wnCheese: folds 
ANetoGC: raises $0.17 to $0.19 and is all-in
TolikG55: folds 
ZergXVI: folds 
carbonero59: folds 
noborin: folds 
Dorex2007: folds 
Uncalled bet ($0.17) returned to ANetoGC
ANetoGC collected $0.09 from pot
*** SUMMARY ***
Total pot $0.09 | Rake $0 
Seat 1: Dorex2007 folded before Flop
Seat 2: dvdhmstar folded before Flop (didn't bet)
Seat 4: Br0wnCheese folded before Flop (didn't bet)
Seat 5: ANetoGC collected ($0.09)
Seat 6: TolikG55 (button) folded before Flop (didn't bet)
Seat 7: ZergXVI (small blind) folded before Flop
Seat 8: carbonero59 (big blind) folded before Flop
Seat 9: noborin folded before Flop



PokerStars Hand #237186512141:  Hold'em No Limit ($0.01/$0.02 USD) - 2022/07/05 17:44:43 PT [2022/07/05 20:44:43 ET]
Table 'Lilium II' 9-max Seat #7 is the button
Seat 1: Dorex2007 ($2 in chips) 
Seat 2: dvdhmstar ($2.02 in chips) 
Seat 4: Br0wnCheese ($2.76 in chips) 
Seat 5: ANetoGC ($0.26 in chips) 
Seat 6: TolikG55 ($2.20 in chips) 
Seat 7: ZergXVI ($1.92 in chips) 
Seat 8: carbonero59 ($2.14 in chips) 
Seat 9: noborin ($2.12 in chips) 
carbonero59: posts small blind $0.01
noborin: posts big blind $0.02
*** HOLE CARDS ***
Dealt to Dorex2007 [9h 5h]
Dorex2007: folds 
dvdhmstar: folds 
Br0wnCheese: folds 
ANetoGC: raises $0.24 to $0.26 and is all-in
TolikG55: folds 
ZergXVI: folds 
carbonero59: folds 
noborin: folds 
Uncalled bet ($0.24) returned to ANetoGC
ANetoGC collected $0.05 from pot
*** SUMMARY ***
Total pot $0.05 | Rake $0 
Seat 1: Dorex2007 folded before Flop (didn't bet)
Seat 2: dvdhmstar folded before Flop (didn't bet)
Seat 4: Br0wnCheese folded before Flop (didn't bet)
Seat 5: ANetoGC collected ($0.05)
Seat 6: TolikG55 folded before Flop (didn't bet)
Seat 7: ZergXVI (button) folded before Flop (didn't bet)
Seat 8: carbonero59 (small blind) folded before Flop
Seat 9: noborin (big blind) folded before Flop



PokerStars Hand #237186517340:  Hold'em No Limit ($0.01/$0.02 USD) - 2022/07/05 17:45:07 PT [2022/07/05 20:45:07 ET]
Table 'Lilium II' 9-max Seat #8 is the button
Seat 1: Dorex2007 ($2 in chips) 
Seat 2: dvdhmstar ($2.02 in chips) 
Seat 4: Br0wnCheese ($2.76 in chips) 
Seat 5: ANetoGC ($0.29 in chips) 
Seat 6: TolikG55 ($2.20 in chips) 
Seat 7: ZergXVI ($1.92 in chips) 
Seat 8: carbonero59 ($2.13 in chips) 
Seat 9: noborin ($2.10 in chips) 
noborin: posts small blind $0.01
Dorex2007: posts big blind $0.02
*** HOLE CARDS ***
Dealt to Dorex2007 [Tc 3c]
dvdhmstar: folds 
Br0wnCheese: folds 
ANetoGC: folds 
TolikG55: folds 
ZergXVI: calls $0.02
carbonero59: folds 
noborin: calls $0.01
Dorex2007: checks 
*** FLOP *** [5d 2s Jd]
noborin: checks 
Dorex2007: checks 
ZergXVI: checks 
*** TURN *** [5d 2s Jd] [Qc]
noborin: bets $0.04
Dorex2007: folds 
ZergXVI: calls $0.04
*** RIVER *** [5d 2s Jd Qc] [5s]
noborin: bets $0.14
ZergXVI: calls $0.14
*** SHOW DOWN ***
noborin: shows [5h Th] (three of a kind, Fives)
ZergXVI: mucks hand 
noborin collected $0.41 from pot
*** SUMMARY ***
Total pot $0.42 | Rake $0.01 
Board [5d 2s Jd Qc 5s]
Seat 1: Dorex2007 (big blind) folded on the Turn
Seat 2: dvdhmstar folded before Flop (didn't bet)
Seat 4: Br0wnCheese folded before Flop (didn't bet)
Seat 5: ANetoGC folded before Flop (didn't bet)
Seat 6: TolikG55 folded before Flop (didn't bet)
Seat 7: ZergXVI mucked [Ts Qd]
Seat 8: carbonero59 (button) folded before Flop (didn't bet)
Seat 9: noborin (small blind) showed [5h Th] and won ($0.41) with three of a kind, Fives



PokerStars Hand #237186526894:  Hold'em No Limit ($0.01/$0.02 USD) - 2022/07/05 17:45:53 PT [2022/07/05 20:45:53 ET]
Table 'Lilium II' 9-max Seat #9 is the button
Seat 1: Dorex2007 ($2 in chips) 
Seat 2: dvdhmstar ($2.02 in chips) 
Seat 4: Br0wnCheese ($2.76 in chips) 
Seat 5: ANetoGC ($0.29 in chips) 
Seat 6: TolikG55 ($2.20 in chips) 
Seat 7: ZergXVI ($1.72 in chips) 
Seat 8: carbonero59 ($2.13 in chips) 
Seat 9: noborin ($2.31 in chips) 
Dorex2007: posts small blind $0.01
dvdhmstar: posts big blind $0.02
*** HOLE CARDS ***
Dealt to Dorex2007 [6d 6h]
Br0wnCheese: folds 
ANetoGC: calls $0.02
TolikG55: folds 
ZergXVI: folds 
carbonero59: calls $0.02
noborin: calls $0.02
Dorex2007: calls $0.01
dvdhmstar: checks 
*** FLOP *** [Th 7s 9s]
Dorex2007: checks 
dvdhmstar: checks 
ANetoGC: checks 
carbonero59: checks 
noborin: checks 
*** TURN *** [Th 7s 9s] [Tc]
Dorex2007: checks 
dvdhmstar: checks 
ANetoGC: checks 
carbonero59: checks 
noborin: checks 
*** RIVER *** [Th 7s 9s Tc] [8d]
Dorex2007: checks 
dvdhmstar: checks 
ANetoGC: checks 
carbonero59: checks 
noborin: checks 
*** SHOW DOWN ***
Dorex2007: shows [6d 6h] (a straight, Six to Ten)
dvdhmstar: mucks hand 
ANetoGC: mucks hand 
carbonero59: mucks hand 
noborin: mucks hand 
Dorex2007 collected $0.10 from pot
*** SUMMARY ***
Total pot $0.10 | Rake $0 
Board [Th 7s 9s Tc 8d]
Seat 1: Dorex2007 (small blind) showed [6d 6h] and won ($0.10) with a straight, Six to Ten
Seat 2: dvdhmstar (big blind) mucked [Kd 7c]
Seat 4: Br0wnCheese folded before Flop (didn't bet)
Seat 5: ANetoGC mucked [8h Ks]
Seat 6: TolikG55 folded before Flop (didn't bet)
Seat 7: ZergXVI folded before Flop (didn't bet)
Seat 8: carbonero59 mucked [2c 2h]
Seat 9: noborin (button) mucked [2d Ad]



PokerStars Hand #237186546618:  Hold'em No Limit ($0.01/$0.02 USD) - 2022/07/05 17:47:27 PT [2022/07/05 20:47:27 ET]
Table 'Lilium II' 9-max Seat #1 is the button
Seat 1: Dorex2007 ($2.08 in chips) 
Seat 2: dvdhmstar ($2 in chips) 
Seat 4: Br0wnCheese ($2.76 in chips) 
Seat 5: ANetoGC ($0.27 in chips) 
Seat 6: TolikG55 ($2.20 in chips) 
Seat 7: ZergXVI ($1.72 in chips) 
Seat 8: carbonero59 ($2.11 in chips) 
Seat 9: noborin ($2.29 in chips) 
dvdhmstar: posts small blind $0.01
Br0wnCheese: posts big blind $0.02
*** HOLE CARDS ***
Dealt to Dorex2007 [8c 5h]
ANetoGC: raises $0.05 to $0.07
TolikG55: folds 
ZergXVI: folds 
carbonero59: folds 
noborin: raises $0.07 to $0.14
Dorex2007: folds 
dvdhmstar: folds 
Br0wnCheese: folds 
ANetoGC: raises $0.13 to $0.27 and is all-in
noborin: calls $0.13
*** FLOP *** [Jd 6h 9h]
*** TURN *** [Jd 6h 9h] [5d]
*** RIVER *** [Jd 6h 9h 5d] [Ks]
*** SHOW DOWN ***
ANetoGC: shows [Qc Ad] (high card Ace)
noborin: shows [8d 8h] (a pair of Eights)
noborin collected $0.55 from pot
*** SUMMARY ***
Total pot $0.57 | Rake $0.02 
Board [Jd 6h 9h 5d Ks]
Seat 1: Dorex2007 (button) folded before Flop (didn't bet)
Seat 2: dvdhmstar (small blind) folded before Flop
Seat 4: Br0wnCheese (big blind) folded before Flop
Seat 5: ANetoGC showed [Qc Ad] and lost with high card Ace
Seat 6: TolikG55 folded before Flop (didn't bet)
Seat 7: ZergXVI folded before Flop (didn't bet)
Seat 8: carbonero59 folded before Flop (didn't bet)
Seat 9: noborin showed [8d 8h] and won ($0.55) with a pair of Eights



PokerStars Hand #237186555302:  Hold'em No Limit ($0.01/$0.02 USD) - 2022/07/05 17:48:07 PT [2022/07/05 20:48:07 ET]
Table 'Lilium II' 9-max Seat #2 is the button
Seat 1: Dorex2007 ($2.08 in chips) 
Seat 2: dvdhmstar ($1.99 in chips) 
Seat 4: Br0wnCheese ($2.74 in chips) 
Seat 7: ZergXVI ($1.72 in chips) 
Seat 8: carbonero59 ($2.11 in chips) 
Seat 9: noborin ($2.57 in chips) 
Br0wnCheese: posts small blind $0.01
TolikG55: is sitting out 
ZergXVI: posts big blind $0.02
*** HOLE CARDS ***
Dealt to Dorex2007 [2c 9s]
carbonero59: folds 
TolikG55 leaves the table
noborin: calls $0.02
Dorex2007: folds 
ANetoGC leaves the table
dvdhmstar: folds 
Br0wnCheese: folds 
ZergXVI: checks 
*** FLOP *** [Qs 3s 3h]
ZergXVI: checks 
noborin: checks 
*** TURN *** [Qs 3s 3h] [Jd]
ZergXVI: checks 
noborin: bets $0.04
ZergXVI: calls $0.04
*** RIVER *** [Qs 3s 3h Jd] [4d]
ZergXVI: checks 
noborin: checks 
*** SHOW DOWN ***
ZergXVI: shows [Jc 6s] (two pair, Jacks and Threes)
noborin: mucks hand 
ZergXVI collected $0.13 from pot
*** SUMMARY ***
Total pot $0.13 | Rake $0 
Board [Qs 3s 3h Jd 4d]
Seat 1: Dorex2007 folded before Flop (didn't bet)
Seat 2: dvdhmstar (button) folded before Flop (didn't bet)
Seat 4: Br0wnCheese (small blind) folded before Flop
Seat 7: ZergXVI (big blind) showed [Jc 6s] and won ($0.13) with two pair, Jacks and Threes
Seat 8: carbonero59 folded before Flop (didn't bet)
Seat 9: noborin mucked [Ts 8h]



PokerStars Hand #237186563155:  Hold'em No Limit ($0.01/$0.02 USD) - 2022/07/05 17:48:45 PT [2022/07/05 20:48:45 ET]
Table 'Lilium II' 9-max Seat #4 is the button
Seat 1: Dorex2007 ($2.08 in chips) 
Seat 2: dvdhmstar ($1.99 in chips) 
Seat 4: Br0wnCheese ($2.73 in chips) 
Seat 7: ZergXVI ($1.79 in chips) 
Seat 8: carbonero59 ($2.11 in chips) 
Seat 9: noborin ($2.51 in chips) 
ZergXVI: posts small blind $0.01
carbonero59: posts big blind $0.02
*** HOLE CARDS ***
Dealt to Dorex2007 [Qh 3d]
noborin: raises $0.02 to $0.04
Dorex2007: folds 
dvdhmstar: calls $0.04
Br0wnCheese: folds 
ZergXVI: calls $0.03
carbonero59: folds 
*** FLOP *** [Td 3s 6s]
ZergXVI: checks 
noborin: bets $0.04
dvdhmstar: calls $0.04
Br0wnCheese leaves the table
ZergXVI: folds 
*** TURN *** [Td 3s 6s] [6c]
noborin: checks 
dvdhmstar: checks 
*** RIVER *** [Td 3s 6s 6c] [5h]
noborin: checks 
dvdhmstar: checks 
*** SHOW DOWN ***
noborin: shows [8h 8s] (two pair, Eights and Sixes)
dvdhmstar: mucks hand 
noborin collected $0.21 from pot
*** SUMMARY ***
Total pot $0.22 | Rake $0.01 
Board [Td 3s 6s 6c 5h]
Seat 1: Dorex2007 folded before Flop (didn't bet)
Seat 2: dvdhmstar mucked [Jc Ks]
Seat 4: Br0wnCheese (button) folded before Flop (didn't bet)
Seat 7: ZergXVI (small blind) folded on the Flop
Seat 8: carbonero59 (big blind) folded before Flop
Seat 9: noborin showed [8h 8s] and won ($0.21) with two pair, Eights and Sixes



PokerStars Hand #237186575407:  Hold'em No Limit ($0.01/$0.02 USD) - 2022/07/05 17:49:43 PT [2022/07/05 20:49:43 ET]
Table 'Lilium II' 9-max Seat #7 is the button
Seat 1: Dorex2007 ($2.08 in chips) 
Seat 2: dvdhmstar ($1.91 in chips) 
Seat 7: ZergXVI ($1.75 in chips) 
Seat 8: carbonero59 ($2.09 in chips) 
Seat 9: noborin ($2.64 in chips) 
carbonero59: posts small blind $0.01
noborin: posts big blind $0.02
*** HOLE CARDS ***
Dealt to Dorex2007 [6s 4c]
Dorex2007: folds 
dvdhmstar: folds 
ZergXVI: folds 
carbonero59: calls $0.01
noborin: raises $0.03 to $0.05
carbonero59: calls $0.03
*** FLOP *** [Jc Js 8d]
carbonero59: checks 
noborin: bets $0.09
carbonero59: folds 
Uncalled bet ($0.09) returned to noborin
noborin collected $0.10 from pot
*** SUMMARY ***
Total pot $0.10 | Rake $0 
Board [Jc Js 8d]
Seat 1: Dorex2007 folded before Flop (didn't bet)
Seat 2: dvdhmstar folded before Flop (didn't bet)
Seat 7: ZergXVI (button) folded before Flop (didn't bet)
Seat 8: carbonero59 (small blind) folded on the Flop
Seat 9: noborin (big blind) collected ($0.10)



PokerStars Hand #237186591950:  Hold'em No Limit ($0.01/$0.02 USD) - 2022/07/05 17:50:20 PT [2022/07/05 20:50:20 ET]
Table 'Lilium II' 9-max Seat #8 is the button
Seat 1: Dorex2007 ($2.08 in chips) 
Seat 2: dvdhmstar ($1.91 in chips) 
Seat 7: ZergXVI ($1.75 in chips) 
Seat 8: carbonero59 ($2.04 in chips) 
Seat 9: noborin ($2.69 in chips) 
noborin: posts small blind $0.01
Dorex2007: posts big blind $0.02
*** HOLE CARDS ***
Dealt to Dorex2007 [2c 9h]
dvdhmstar: folds 
ZergXVI: calls $0.02
carbonero59: raises $0.02 to $0.04
noborin: folds 
Dorex2007: folds 
ZergXVI: raises $0.11 to $0.15
carbonero59: folds 
Uncalled bet ($0.11) returned to ZergXVI
ZergXVI collected $0.11 from pot
*** SUMMARY ***
Total pot $0.11 | Rake $0 
Seat 1: Dorex2007 (big blind) folded before Flop
Seat 2: dvdhmstar folded before Flop (didn't bet)
Seat 7: ZergXVI collected ($0.11)
Seat 8: carbonero59 (button) folded before Flop
Seat 9: noborin (small blind) folded before Flop



PokerStars Hand #237186600066:  Hold'em No Limit ($0.01/$0.02 USD) - 2022/07/05 17:50:59 PT [2022/07/05 20:50:59 ET]
Table 'Lilium II' 9-max Seat #9 is the button
Seat 1: Dorex2007 ($2.06 in chips) 
Seat 2: dvdhmstar ($1.91 in chips) 
Seat 7: ZergXVI ($1.82 in chips) 
Seat 8: carbonero59 ($2 in chips) 
Seat 9: noborin ($2.68 in chips) 
Dorex2007: posts small blind $0.01
dvdhmstar: posts big blind $0.02
*** HOLE CARDS ***
Dealt to Dorex2007 [Qd 2s]
ZergXVI: calls $0.02
carbonero59: folds 
noborin: folds 
Dorex2007: folds 
dvdhmstar: checks 
*** FLOP *** [3d 5d 4h]
dvdhmstar: checks 
ZergXVI: checks 
*** TURN *** [3d 5d 4h] [7d]
dvdhmstar: checks 
ZergXVI: checks 
*** RIVER *** [3d 5d 4h 7d] [8h]
dvdhmstar: checks 
ZergXVI: checks 
*** SHOW DOWN ***
dvdhmstar: shows [Ks 4s] (a pair of Fours)
ZergXVI: mucks hand 
dvdhmstar collected $0.05 from pot
*** SUMMARY ***
Total pot $0.05 | Rake $0 
Board [3d 5d 4h 7d 8h]
Seat 1: Dorex2007 (small blind) folded before Flop
Seat 2: dvdhmstar (big blind) showed [Ks 4s] and won ($0.05) with a pair of Fours
Seat 7: ZergXVI mucked [Qh Jh]
Seat 8: carbonero59 folded before Flop (didn't bet)
Seat 9: noborin (button) folded before Flop (didn't bet)



PokerStars Hand #237186608457:  Hold'em No Limit ($0.01/$0.02 USD) - 2022/07/05 17:51:40 PT [2022/07/05 20:51:40 ET]
Table 'Lilium II' 9-max Seat #1 is the button
Seat 1: Dorex2007 ($2.05 in chips) 
Seat 2: dvdhmstar ($1.94 in chips) 
Seat 7: ZergXVI ($1.80 in chips) 
Seat 8: carbonero59 ($2 in chips) 
Seat 9: noborin ($2.68 in chips) 
dvdhmstar: posts small blind $0.01
ZergXVI: posts big blind $0.02
*** HOLE CARDS ***
Dealt to Dorex2007 [Ts 6h]
carbonero59: folds 
noborin: calls $0.02
Marlon Sturm joins the table at seat #4 
Dorex2007: folds 
dvdhmstar: calls $0.01
ZergXVI: checks 
*** FLOP *** [Kc 6s 2c]
dvdhmstar: checks 
ZergXVI: checks 
noborin: bets $0.04
dvdhmstar: calls $0.04
ZergXVI: folds 
*** TURN *** [Kc 6s 2c] [8s]
dvdhmstar: checks 
noborin: checks 
*** RIVER *** [Kc 6s 2c 8s] [4c]
dvdhmstar: bets $0.14
noborin: folds 
Uncalled bet ($0.14) returned to dvdhmstar
dvdhmstar collected $0.14 from pot
*** SUMMARY ***
Total pot $0.14 | Rake $0 
Board [Kc 6s 2c 8s 4c]
Seat 1: Dorex2007 (button) folded before Flop (didn't bet)
Seat 2: dvdhmstar (small blind) collected ($0.14)
Seat 7: ZergXVI (big blind) folded on the Flop
Seat 8: carbonero59 folded before Flop (didn't bet)
Seat 9: noborin folded on the River



PokerStars Hand #237186664732:  Hold'em No Limit ($0.01/$0.02 USD) - 2022/07/05 17:56:29 PT [2022/07/05 20:56:29 ET]
Table 'Lilium II' 9-max Seat #2 is the button
Seat 1: Dorex2007 ($2.05 in chips) 
Seat 2: dvdhmstar ($1.67 in chips) 
Seat 4: Marlon Sturm ($0.19 in chips) 
Seat 5: Domi8472 ($0.74 in chips) 
Seat 7: ZergXVI ($1.70 in chips) 
Seat 8: carbonero59 ($0.63 in chips) 
Seat 9: noborin ($5.10 in chips) 
Marlon Sturm: posts small blind $0.01
Domi8472: posts big blind $0.02
victory6508: sits out 
Dorex2007: posts small & big blinds $0.03
*** HOLE CARDS ***
Dealt to Dorex2007 [4c 3h]
ZergXVI: folds 
carbonero59: folds 
noborin: folds 
Dorex2007: checks 
dvdhmstar: folds 
Marlon Sturm: calls $0.01
Domi8472: checks 
*** FLOP *** [4d Qd 6d]
Marlon Sturm: bets $0.02
Domi8472: calls $0.02
Dorex2007: folds 
*** TURN *** [4d Qd 6d] [Kd]
Marlon Sturm: bets $0.15 and is all-in
Domi8472: folds 
Uncalled bet ($0.15) returned to Marlon Sturm
Marlon Sturm collected $0.11 from pot
*** SUMMARY ***
Total pot $0.11 | Rake $0 
Board [4d Qd 6d Kd]
Seat 1: Dorex2007 folded on the Flop (didn't bet)
Seat 2: dvdhmstar (button) folded before Flop (didn't bet)
Seat 4: Marlon Sturm (small blind) collected ($0.11)
Seat 5: Domi8472 (big blind) folded on the Turn
Seat 7: ZergXVI folded before Flop (didn't bet)
Seat 8: carbonero59 folded before Flop (didn't bet)
Seat 9: noborin folded before Flop (didn't bet)



PokerStars Hand #237186670619:  Hold'em No Limit ($0.01/$0.02 USD) - 2022/07/05 17:57:04 PT [2022/07/05 20:57:04 ET]
Table 'Lilium II' 9-max Seat #4 is the button
Seat 1: Dorex2007 ($2.02 in chips) 
Seat 2: dvdhmstar ($1.67 in chips) 
Seat 4: Marlon Sturm ($0.26 in chips) 
Seat 5: Domi8472 ($0.70 in chips) 
Seat 6: victory6508 ($2 in chips) 
Seat 7: ZergXVI ($1.70 in chips) 
Seat 8: carbonero59 ($0.63 in chips) 
Seat 9: noborin ($5.10 in chips) 
Domi8472: posts small blind $0.01
victory6508: posts big blind $0.02
*** HOLE CARDS ***
Dealt to Dorex2007 [3c As]
ZergXVI: folds 
carbonero59: calls $0.02
noborin: folds 
Dorex2007: folds 
dvdhmstar: calls $0.02
Marlon Sturm: folds 
Domi8472: calls $0.01
victory6508: checks 
*** FLOP *** [Qh Qd 9h]
Domi8472: checks 
victory6508: checks 
carbonero59: checks 
dvdhmstar: bets $0.04
Domi8472: folds 
victory6508: calls $0.04
carbonero59: calls $0.04
*** TURN *** [Qh Qd 9h] [Qc]
victory6508: bets $0.09
carbonero59: folds 
dvdhmstar: folds 
Uncalled bet ($0.09) returned to victory6508
victory6508 collected $0.19 from pot
*** SUMMARY ***
Total pot $0.20 | Rake $0.01 
Board [Qh Qd 9h Qc]
Seat 1: Dorex2007 folded before Flop (didn't bet)
Seat 2: dvdhmstar folded on the Turn
Seat 4: Marlon Sturm (button) folded before Flop (didn't bet)
Seat 5: Domi8472 (small blind) folded on the Flop
Seat 6: victory6508 (big blind) collected ($0.19)
Seat 7: ZergXVI folded before Flop (didn't bet)
Seat 8: carbonero59 folded on the Turn
Seat 9: noborin folded before Flop (didn't bet)



PokerStars Hand #237186681913:  Hold'em No Limit ($0.01/$0.02 USD) - 2022/07/05 17:58:10 PT [2022/07/05 20:58:10 ET]
Table 'Lilium II' 9-max Seat #5 is the button
Seat 1: Dorex2007 ($2.02 in chips) 
Seat 2: dvdhmstar ($1.61 in chips) 
Seat 4: Marlon Sturm ($0.26 in chips) 
Seat 5: Domi8472 ($0.68 in chips) 
Seat 6: victory6508 ($2.13 in chips) 
Seat 7: ZergXVI ($1.70 in chips) 
Seat 8: carbonero59 ($0.57 in chips) 
Seat 9: noborin ($5.10 in chips) 
victory6508: posts small blind $0.01
ZergXVI: posts big blind $0.02
*** HOLE CARDS ***
Dealt to Dorex2007 [2c 8s]
carbonero59: folds 
noborin: folds 
Dorex2007 has timed out
Dorex2007: folds 
dvdhmstar: folds 
Marlon Sturm: calls $0.02
Domi8472: calls $0.02
victory6508: calls $0.01
ZergXVI: checks 
*** FLOP *** [7s Tc 4d]
victory6508: checks 
ZergXVI: checks 
Marlon Sturm: bets $0.02
Lars137 joins the table at seat #3 
Domi8472: folds 
victory6508: calls $0.02
ZergXVI: calls $0.02
*** TURN *** [7s Tc 4d] [5s]
victory6508: checks 
ZergXVI: checks 
Marlon Sturm: bets $0.04
victory6508: raises $2.05 to $2.09 and is all-in
ZergXVI: folds 
Marlon Sturm: calls $0.18 and is all-in
Uncalled bet ($1.87) returned to victory6508
*** RIVER *** [7s Tc 4d 5s] [Qh]
*** SHOW DOWN ***
victory6508: shows [8h 6s] (a straight, Four to Eight)
Marlon Sturm: shows [Kc 7d] (a pair of Sevens)
victory6508 collected $0.56 from pot
*** SUMMARY ***
Total pot $0.58 | Rake $0.02 
Board [7s Tc 4d 5s Qh]
Seat 1: Dorex2007 folded before Flop (didn't bet)
Seat 2: dvdhmstar folded before Flop (didn't bet)
Seat 4: Marlon Sturm showed [Kc 7d] and lost with a pair of Sevens
Seat 5: Domi8472 (button) folded on the Flop
Seat 6: victory6508 (small blind) showed [8h 6s] and won ($0.56) with a straight, Four to Eight
Seat 7: ZergXVI (big blind) folded on the Turn
Seat 8: carbonero59 folded before Flop (didn't bet)
Seat 9: noborin folded before Flop (didn't bet)



PokerStars Hand #237186707558:  Hold'em No Limit ($0.01/$0.02 USD) - 2022/07/05 18:00:38 PT [2022/07/05 21:00:38 ET]
Table 'Lilium II' 9-max Seat #7 is the button
Seat 1: Dorex2007 ($2.02 in chips) 
Seat 2: dvdhmstar ($1.61 in chips) 
Seat 3: Lars137 ($2.34 in chips) 
Seat 5: Domi8472 ($0.66 in chips) 
Seat 6: victory6508 ($2.43 in chips) 
Seat 7: ZergXVI ($1.31 in chips) 
Seat 8: carbonero59 ($0.55 in chips) 
Seat 9: noborin ($5.10 in chips) 
carbonero59: posts small blind $0.01
noborin: posts big blind $0.02
Marrrria: sits out 
*** HOLE CARDS ***
Dealt to Dorex2007 [Js Ad]
Dorex2007: raises $0.02 to $0.04
dvdhmstar: folds 
Lars137: folds 
Domi8472: folds 
victory6508: calls $0.04
ZergXVI: folds 
carbonero59: calls $0.03
noborin: calls $0.02
*** FLOP *** [Ac 6s 2s]
carbonero59: bets $0.07
noborin: folds 
Dorex2007: calls $0.07
victory6508: folds 
*** TURN *** [Ac 6s 2s] [8d]
carbonero59: bets $0.44 and is all-in
Dorex2007: calls $0.44
*** RIVER *** [Ac 6s 2s 8d] [Kh]
*** SHOW DOWN ***
carbonero59: shows [Tc Ah] (a pair of Aces)
Dorex2007: shows [Js Ad] (a pair of Aces - King+Jack kicker)
Dorex2007 cashed out the hand for $1.05 | Cash Out Fee $0.01
carbonero59 cashed out the hand for $0.08
*** SUMMARY ***
Total pot $1.18 | Rake $0.04 
Board [Ac 6s 2s 8d Kh]
Seat 1: Dorex2007 showed [Js Ad] and won ($1.14) with a pair of Aces (pot not awarded as player cashed out)
Seat 2: dvdhmstar folded before Flop (didn't bet)
Seat 3: Lars137 folded before Flop (didn't bet)
Seat 5: Domi8472 folded before Flop (didn't bet)
Seat 6: victory6508 folded on the Flop
Seat 7: ZergXVI (button) folded before Flop (didn't bet)
Seat 8: carbonero59 (small blind) showed [Tc Ah] and lost with a pair of Aces (cashed out).
Seat 9: noborin (big blind) folded on the Flop



PokerStars Hand #237186722653:  Hold'em No Limit ($0.01/$0.02 USD) - 2022/07/05 18:01:49 PT [2022/07/05 21:01:49 ET]
Table 'Lilium II' 9-max Seat #8 is the button
Seat 1: Dorex2007 ($2.52 in chips) 
Seat 2: dvdhmstar ($1.61 in chips) 
Seat 3: Lars137 ($2.34 in chips) 
Seat 5: Domi8472 ($0.66 in chips) 
Seat 6: victory6508 ($2.39 in chips) 
Seat 7: ZergXVI ($1.31 in chips) 
Seat 8: carbonero59 ($0.08 in chips) 
Seat 9: noborin ($5.06 in chips) 
noborin: posts small blind $0.01
Dorex2007: posts big blind $0.02
Marrrria: sits out 
*** HOLE CARDS ***
Dealt to Dorex2007 [Qh 4s]
dvdhmstar: folds 
Lars137: folds 
Domi8472: raises $0.04 to $0.06
victory6508: folds 
ZergXVI: folds 
carbonero59: folds 
noborin: folds 
Dorex2007: folds 
Uncalled bet ($0.04) returned to Domi8472
Domi8472 collected $0.05 from pot
*** SUMMARY ***
Total pot $0.05 | Rake $0 
Seat 1: Dorex2007 (big blind) folded before Flop
Seat 2: dvdhmstar folded before Flop (didn't bet)
Seat 3: Lars137 folded before Flop (didn't bet)
Seat 5: Domi8472 collected ($0.05)
Seat 6: victory6508 folded before Flop (didn't bet)
Seat 7: ZergXVI folded before Flop (didn't bet)
Seat 8: carbonero59 (button) folded before Flop (didn't bet)
Seat 9: noborin (small blind) folded before Flop



PokerStars Hand #237186725804:  Hold'em No Limit ($0.01/$0.02 USD) - 2022/07/05 18:02:05 PT [2022/07/05 21:02:05 ET]
Table 'Lilium II' 9-max Seat #9 is the button
Seat 1: Dorex2007 ($2.50 in chips) 
Seat 2: dvdhmstar ($1.61 in chips) 
Seat 3: Lars137 ($2.34 in chips) 
Seat 5: Domi8472 ($0.69 in chips) 
Seat 6: victory6508 ($2.39 in chips) 
Seat 7: ZergXVI ($1.31 in chips) 
Seat 8: carbonero59 ($0.08 in chips) 
Seat 9: noborin ($5.05 in chips) 
Dorex2007: posts small blind $0.01
dvdhmstar: posts big blind $0.02
Marrrria: sits out 
*** HOLE CARDS ***
Dealt to Dorex2007 [Js 4s]
Lars137: raises $0.02 to $0.04
Domi8472: folds 
victory6508: folds 
ZergXVI: folds 
carbonero59: folds 
carbonero59 leaves the table
noborin: folds 
Dorex2007: folds 
dvdhmstar: calls $0.02
*** FLOP *** [Qs 9s Qc]
dvdhmstar: checks 
Lars137: checks 
*** TURN *** [Qs 9s Qc] [Tc]
dvdhmstar: checks 
Lars137: bets $0.04
dvdhmstar: folds 
Uncalled bet ($0.04) returned to Lars137
Lars137 collected $0.09 from pot
*** SUMMARY ***
Total pot $0.09 | Rake $0 
Board [Qs 9s Qc Tc]
Seat 1: Dorex2007 (small blind) folded before Flop
Seat 2: dvdhmstar (big blind) folded on the Turn
Seat 3: Lars137 collected ($0.09)
Seat 5: Domi8472 folded before Flop (didn't bet)
Seat 6: victory6508 folded before Flop (didn't bet)
Seat 7: ZergXVI folded before Flop (didn't bet)
Seat 8: carbonero59 folded before Flop (didn't bet)
Seat 9: noborin (button) folded before Flop (didn't bet)



PokerStars Hand #237186735141:  Hold'em No Limit ($0.01/$0.02 USD) - 2022/07/05 18:02:52 PT [2022/07/05 21:02:52 ET]
Table 'Lilium II' 9-max Seat #1 is the button
Seat 1: Dorex2007 ($2.49 in chips) 
Seat 2: dvdhmstar ($1.57 in chips) 
Seat 3: Lars137 ($2.39 in chips) 
Seat 5: Domi8472 ($0.69 in chips) 
Seat 6: victory6508 ($2.39 in chips) 
Seat 7: ZergXVI ($1.31 in chips) 
Seat 9: noborin ($5.05 in chips) 
dvdhmstar: posts small blind $0.01
Lars137: posts big blind $0.02
Marrrria: sits out 
*** HOLE CARDS ***
Dealt to Dorex2007 [3d Jh]
Domi8472: calls $0.02
urbanhermit3 joins the table at seat #8 
victory6508: calls $0.02
ZergXVI: folds 
noborin: folds 
Dorex2007: folds 
dvdhmstar: folds 
Lars137: checks 
*** FLOP *** [8h 7d 9c]
Lars137: checks 
Domi8472: bets $0.04
victory6508: folds 
Lars137: calls $0.04
*** TURN *** [8h 7d 9c] [5h]
Lars137: checks 
Domi8472: bets $0.09
Lars137: calls $0.09
*** RIVER *** [8h 7d 9c 5h] [7c]
Lars137: bets $0.12
Domi8472: calls $0.12
*** SHOW DOWN ***
Lars137: shows [8c 8s] (a full house, Eights full of Sevens)
Domi8472: mucks hand 
Lars137 collected $0.55 from pot
*** SUMMARY ***
Total pot $0.57 | Rake $0.02 
Board [8h 7d 9c 5h 7c]
Seat 1: Dorex2007 (button) folded before Flop (didn't bet)
Seat 2: dvdhmstar (small blind) folded before Flop
Seat 3: Lars137 (big blind) showed [8c 8s] and won ($0.55) with a full house, Eights full of Sevens
Seat 5: Domi8472 mucked [Qc 9h]
Seat 6: victory6508 folded on the Flop
Seat 7: ZergXVI folded before Flop (didn't bet)
Seat 9: noborin folded before Flop (didn't bet)



PokerStars Hand #237186754403:  Hold'em No Limit ($0.01/$0.02 USD) - 2022/07/05 18:04:21 PT [2022/07/05 21:04:21 ET]
Table 'Lilium II' 9-max Seat #2 is the button
Seat 1: Dorex2007 ($2.49 in chips) 
Seat 2: dvdhmstar ($1.56 in chips) 
Seat 3: Lars137 ($2.67 in chips) 
Seat 4: Marrrria ($0.82 in chips) 
Seat 5: Domi8472 ($0.42 in chips) 
Seat 6: victory6508 ($2.37 in chips) 
Seat 7: ZergXVI ($1.31 in chips) 
Seat 8: urbanhermit3 ($2 in chips) 
Seat 9: noborin ($5.05 in chips) 
Lars137: posts small blind $0.01
Marrrria: posts big blind $0.02
urbanhermit3: posts big blind $0.02
*** HOLE CARDS ***
Dealt to Dorex2007 [9s Jc]
Domi8472: calls $0.02
victory6508 has timed out
victory6508: folds 
ZergXVI: folds 
urbanhermit3: raises $0.07 to $0.09
noborin: folds 
Dorex2007: folds 
dvdhmstar: folds 
Lars137: folds 
Marrrria: folds 
Domi8472: folds 
Uncalled bet ($0.07) returned to urbanhermit3
urbanhermit3 collected $0.07 from pot
*** SUMMARY ***
Total pot $0.07 | Rake $0 
Seat 1: Dorex2007 folded before Flop (didn't bet)
Seat 2: dvdhmstar (button) folded before Flop (didn't bet)
Seat 3: Lars137 (small blind) folded before Flop
Seat 4: Marrrria (big blind) folded before Flop
Seat 5: Domi8472 folded before Flop
Seat 6: victory6508 folded before Flop (didn't bet)
Seat 7: ZergXVI folded before Flop (didn't bet)
Seat 8: urbanhermit3 collected ($0.07)
Seat 9: noborin folded before Flop (didn't bet)



PokerStars Hand #237186761135:  Hold'em No Limit ($0.01/$0.02 USD) - 2022/07/05 18:04:54 PT [2022/07/05 21:04:54 ET]
Table 'Lilium II' 9-max Seat #3 is the button
Seat 1: Dorex2007 ($2.49 in chips) 
Seat 2: dvdhmstar ($1.56 in chips) 
Seat 3: Lars137 ($2.66 in chips) 
Seat 4: Marrrria ($0.80 in chips) 
Seat 5: Domi8472 ($0.40 in chips) 
Seat 6: victory6508 ($2.37 in chips) 
Seat 7: ZergXVI ($1.31 in chips) 
Seat 8: urbanhermit3 ($2.05 in chips) 
Seat 9: noborin ($5.05 in chips) 
Marrrria: posts small blind $0.01
Domi8472: posts big blind $0.02
*** HOLE CARDS ***
Dealt to Dorex2007 [Qd 2d]
victory6508: folds 
ZergXVI: folds 
urbanhermit3: folds 
noborin: folds 
Dorex2007: folds 
dvdhmstar: raises $0.02 to $0.04
Lars137: folds 
Marrrria: folds 
Domi8472: calls $0.02
*** FLOP *** [3d Ad 8c]
Domi8472: checks 
dvdhmstar: bets $0.04
Domi8472: calls $0.04
*** TURN *** [3d Ad 8c] [Jd]
Domi8472: bets $0.10
dvdhmstar: folds 
Uncalled bet ($0.10) returned to Domi8472
Domi8472 collected $0.16 from pot
*** SUMMARY ***
Total pot $0.17 | Rake $0.01 
Board [3d Ad 8c Jd]
Seat 1: Dorex2007 folded before Flop (didn't bet)
Seat 2: dvdhmstar folded on the Turn
Seat 3: Lars137 (button) folded before Flop (didn't bet)
Seat 4: Marrrria (small blind) folded before Flop
Seat 5: Domi8472 (big blind) collected ($0.16)
Seat 6: victory6508 folded before Flop (didn't bet)
Seat 7: ZergXVI folded before Flop (didn't bet)
Seat 8: urbanhermit3 folded before Flop (didn't bet)
Seat 9: noborin folded before Flop (didn't bet)



PokerStars Hand #237186772745:  Hold'em No Limit ($0.01/$0.02 USD) - 2022/07/05 18:05:51 PT [2022/07/05 21:05:51 ET]
Table 'Lilium II' 9-max Seat #4 is the button
Seat 1: Dorex2007 ($2.49 in chips) 
Seat 2: dvdhmstar ($1.48 in chips) 
Seat 3: Lars137 ($2.66 in chips) 
Seat 4: Marrrria ($0.79 in chips) 
Seat 5: Domi8472 ($0.88 in chips) 
Seat 6: victory6508 ($2.37 in chips) 
Seat 7: ZergXVI ($1.31 in chips) 
Seat 8: urbanhermit3 ($2.05 in chips) 
Seat 9: noborin ($5.05 in chips) 
Domi8472: posts small blind $0.01
victory6508: posts big blind $0.02
*** HOLE CARDS ***
Dealt to Dorex2007 [6d 2h]
ZergXVI: calls $0.02
urbanhermit3: folds 
noborin: calls $0.02
Dorex2007: folds 
dvdhmstar: folds 
Lars137: folds 
Marrrria: folds 
Domi8472: calls $0.01
victory6508: checks 
*** FLOP *** [4c Qh Ts]
Domi8472: checks 
victory6508: checks 
ZergXVI: checks 
noborin: checks 
*** TURN *** [4c Qh Ts] [Th]
Domi8472: bets $0.06
victory6508: folds 
ZergXVI: raises $0.10 to $0.16
noborin: folds 
Domi8472: folds 
Uncalled bet ($0.10) returned to ZergXVI
ZergXVI collected $0.19 from pot
*** SUMMARY ***
Total pot $0.20 | Rake $0.01 
Board [4c Qh Ts Th]
Seat 1: Dorex2007 folded before Flop (didn't bet)
Seat 2: dvdhmstar folded before Flop (didn't bet)
Seat 3: Lars137 folded before Flop (didn't bet)
Seat 4: Marrrria (button) folded before Flop (didn't bet)
Seat 5: Domi8472 (small blind) folded on the Turn
Seat 6: victory6508 (big blind) folded on the Turn
Seat 7: ZergXVI collected ($0.19)
Seat 8: urbanhermit3 folded before Flop (didn't bet)
Seat 9: noborin folded on the Turn



PokerStars Hand #237186792734:  Hold'em No Limit ($0.01/$0.02 USD) - 2022/07/05 18:07:07 PT [2022/07/05 21:07:07 ET]
Table 'Lilium II' 9-max Seat #5 is the button
Seat 1: Dorex2007 ($2.49 in chips) 
Seat 2: dvdhmstar ($1.48 in chips) 
Seat 3: Lars137 ($2.66 in chips) 
Seat 4: Marrrria ($0.79 in chips) 
Seat 5: Domi8472 ($0.80 in chips) 
Seat 6: victory6508 ($2.35 in chips) 
Seat 7: ZergXVI ($1.42 in chips) 
Seat 8: urbanhermit3 ($2.05 in chips) 
Seat 9: noborin ($5.03 in chips) 
victory6508: posts small blind $0.01
ZergXVI: posts big blind $0.02
*** HOLE CARDS ***
Dealt to Dorex2007 [Tc Td]
urbanhermit3: folds 
noborin: folds 
Dorex2007: raises $0.06 to $0.08
dvdhmstar: folds 
Lars137: folds 
Marrrria: raises $0.71 to $0.79 and is all-in
Domi8472: folds 
victory6508: folds 
ZergXVI: folds 
Dorex2007: folds 
Uncalled bet ($0.71) returned to Marrrria
Marrrria collected $0.19 from pot
*** SUMMARY ***
Total pot $0.19 | Rake $0 
Seat 1: Dorex2007 folded before Flop
Seat 2: dvdhmstar folded before Flop (didn't bet)
Seat 3: Lars137 folded before Flop (didn't bet)
Seat 4: Marrrria collected ($0.19)
Seat 5: Domi8472 (button) folded before Flop (didn't bet)
Seat 6: victory6508 (small blind) folded before Flop
Seat 7: ZergXVI (big blind) folded before Flop
Seat 8: urbanhermit3 folded before Flop (didn't bet)
Seat 9: noborin folded before Flop (didn't bet)



PokerStars Hand #237186800920:  Hold'em No Limit ($0.01/$0.02 USD) - 2022/07/05 18:07:47 PT [2022/07/05 21:07:47 ET]
Table 'Lilium II' 9-max Seat #6 is the button
Seat 1: Dorex2007 ($2.41 in chips) 
Seat 2: dvdhmstar ($1.48 in chips) 
Seat 3: Lars137 ($2.66 in chips) 
Seat 4: Marrrria ($0.90 in chips) 
Seat 5: Domi8472 ($0.80 in chips) 
Seat 6: victory6508 ($2.34 in chips) 
Seat 7: ZergXVI ($1.40 in chips) 
Seat 8: urbanhermit3 ($2.05 in chips) 
Seat 9: noborin ($5.03 in chips) 
ZergXVI: posts small blind $0.01
urbanhermit3: posts big blind $0.02
*** HOLE CARDS ***
Dealt to Dorex2007 [Ad Tc]
noborin: folds 
Dorex2007: folds 
dvdhmstar: folds 
Lars137: calls $0.02
Marrrria: folds 
Domi8472: folds 
victory6508: calls $0.02
ZergXVI: calls $0.01
urbanhermit3: checks 
*** FLOP *** [2c Js 6c]
ZergXVI: checks 
urbanhermit3: checks 
Lars137: checks 
victory6508: checks 
*** TURN *** [2c Js 6c] [6s]
ZergXVI: checks 
urbanhermit3: checks 
Lars137: checks 
victory6508: checks 
*** RIVER *** [2c Js 6c 6s] [Td]
ZergXVI: checks 
urbanhermit3: checks 
Lars137: checks 
victory6508: checks 
*** SHOW DOWN ***
ZergXVI: shows [7d 9d] (a pair of Sixes)
urbanhermit3: shows [Qs 2d] (two pair, Sixes and Deuces)
Lars137: shows [Ts Qd] (two pair, Tens and Sixes)
victory6508: mucks hand 
Lars137 collected $0.08 from pot
*** SUMMARY ***
Total pot $0.08 | Rake $0 
Board [2c Js 6c 6s Td]
Seat 1: Dorex2007 folded before Flop (didn't bet)
Seat 2: dvdhmstar folded before Flop (didn't bet)
Seat 3: Lars137 showed [Ts Qd] and won ($0.08) with two pair, Tens and Sixes
Seat 4: Marrrria folded before Flop (didn't bet)
Seat 5: Domi8472 folded before Flop (didn't bet)
Seat 6: victory6508 (button) mucked [5d 7h]
Seat 7: ZergXVI (small blind) showed [7d 9d] and lost with a pair of Sixes
Seat 8: urbanhermit3 (big blind) showed [Qs 2d] and lost with two pair, Sixes and Deuces
Seat 9: noborin folded before Flop (didn't bet)



PokerStars Hand #237186820850:  Hold'em No Limit ($0.01/$0.02 USD) - 2022/07/05 18:08:50 PT [2022/07/05 21:08:50 ET]
Table 'Lilium II' 9-max Seat #7 is the button
Seat 1: Dorex2007 ($2.41 in chips) 
Seat 2: dvdhmstar ($1.48 in chips) 
Seat 3: Lars137 ($2.72 in chips) 
Seat 4: Marrrria ($0.90 in chips) 
Seat 5: Domi8472 ($0.80 in chips) 
Seat 6: victory6508 ($2.32 in chips) 
Seat 7: ZergXVI ($1.38 in chips) 
Seat 8: urbanhermit3 ($2.03 in chips) 
Seat 9: noborin ($5.03 in chips) 
urbanhermit3: posts small blind $0.01
noborin: posts big blind $0.02
*** HOLE CARDS ***
Dealt to Dorex2007 [2c 4s]
Dorex2007: folds 
dvdhmstar: folds 
Lars137: folds 
Marrrria: calls $0.02
Domi8472: folds 
victory6508: folds 
ZergXVI: folds 
urbanhermit3: calls $0.01
noborin: checks 
*** FLOP *** [2s 4d 8c]
urbanhermit3: checks 
noborin: checks 
Marrrria: checks 
*** TURN *** [2s 4d 8c] [Ad]
urbanhermit3: checks 
noborin: bets $0.06
Marrrria: calls $0.06
urbanhermit3: folds 
*** RIVER *** [2s 4d 8c Ad] [6d]
noborin: bets $0.17
Marrrria: folds 
Uncalled bet ($0.17) returned to noborin
noborin collected $0.17 from pot
*** SUMMARY ***
Total pot $0.18 | Rake $0.01 
Board [2s 4d 8c Ad 6d]
Seat 1: Dorex2007 folded before Flop (didn't bet)
Seat 2: dvdhmstar folded before Flop (didn't bet)
Seat 3: Lars137 folded before Flop (didn't bet)
Seat 4: Marrrria folded on the River
Seat 5: Domi8472 folded before Flop (didn't bet)
Seat 6: victory6508 folded before Flop (didn't bet)
Seat 7: ZergXVI (button) folded before Flop (didn't bet)
Seat 8: urbanhermit3 (small blind) folded on the Turn
Seat 9: noborin (big blind) collected ($0.17)



PokerStars Hand #237186832654:  Hold'em No Limit ($0.01/$0.02 USD) - 2022/07/05 18:09:49 PT [2022/07/05 21:09:49 ET]
Table 'Lilium II' 9-max Seat #8 is the button
Seat 1: Dorex2007 ($2.41 in chips) 
Seat 2: dvdhmstar ($1.48 in chips) 
Seat 3: Lars137 ($2.72 in chips) 
Seat 4: Marrrria ($0.82 in chips) 
Seat 5: Domi8472 ($0.80 in chips) 
Seat 6: victory6508 ($2.32 in chips) 
Seat 7: ZergXVI ($1.38 in chips) 
Seat 8: urbanhermit3 ($2.01 in chips) 
Seat 9: noborin ($5.12 in chips) 
noborin: posts small blind $0.01
Dorex2007: posts big blind $0.02
*** HOLE CARDS ***
Dealt to Dorex2007 [Js 5h]
dvdhmstar: folds 
Lars137: folds 
Marrrria: calls $0.02
Domi8472: raises $0.04 to $0.06
victory6508 has timed out
victory6508: folds 
ZergXVI: folds 
urbanhermit3: calls $0.06
noborin: calls $0.05
Dorex2007: folds 
Marrrria: calls $0.04
*** FLOP *** [6h 9d 6d]
noborin: checks 
Marrrria: checks 
Domi8472: bets $0.08
urbanhermit3: folds 
noborin: folds 
Marrrria: folds 
Uncalled bet ($0.08) returned to Domi8472
Marrrria leaves the table
Domi8472 collected $0.25 from pot
*** SUMMARY ***
Total pot $0.26 | Rake $0.01 
Board [6h 9d 6d]
Seat 1: Dorex2007 (big blind) folded before Flop
Seat 2: dvdhmstar folded before Flop (didn't bet)
Seat 3: Lars137 folded before Flop (didn't bet)
Seat 4: Marrrria folded on the Flop
Seat 5: Domi8472 collected ($0.25)
Seat 6: victory6508 folded before Flop (didn't bet)
Seat 7: ZergXVI folded before Flop (didn't bet)
Seat 8: urbanhermit3 (button) folded on the Flop
Seat 9: noborin (small blind) folded on the Flop



PokerStars Hand #237186847215:  Hold'em No Limit ($0.01/$0.02 USD) - 2022/07/05 18:11:01 PT [2022/07/05 21:11:01 ET]
Table 'Lilium II' 9-max Seat #9 is the button
Seat 1: Dorex2007 ($2.39 in chips) 
Seat 2: dvdhmstar ($1.48 in chips) 
Seat 3: Lars137 ($2.72 in chips) 
Seat 5: Domi8472 ($0.99 in chips) 
Seat 6: victory6508 ($2.32 in chips) 
Seat 7: ZergXVI ($1.38 in chips) 
Seat 8: urbanhermit3 ($1.95 in chips) 
Seat 9: noborin ($5.06 in chips) 
Dorex2007: posts small blind $0.01
dvdhmstar: posts big blind $0.02
*** HOLE CARDS ***
Dealt to Dorex2007 [5s 9c]
Lars137: folds 
Domi8472: folds 
victory6508: raises $0.06 to $0.08
ZergXVI: folds 
urbanhermit3: folds 
noborin: folds 
Dorex2007: folds 
dvdhmstar: folds 
Uncalled bet ($0.06) returned to victory6508
victory6508 collected $0.05 from pot
*** SUMMARY ***
Total pot $0.05 | Rake $0 
Seat 1: Dorex2007 (small blind) folded before Flop
Seat 2: dvdhmstar (big blind) folded before Flop
Seat 3: Lars137 folded before Flop (didn't bet)
Seat 5: Domi8472 folded before Flop (didn't bet)
Seat 6: victory6508 collected ($0.05)
Seat 7: ZergXVI folded before Flop (didn't bet)
Seat 8: urbanhermit3 folded before Flop (didn't bet)
Seat 9: noborin (button) folded before Flop (didn't bet)



PokerStars Hand #237186850797:  Hold'em No Limit ($0.01/$0.02 USD) - 2022/07/05 18:11:20 PT [2022/07/05 21:11:20 ET]
Table 'Lilium II' 9-max Seat #1 is the button
Seat 1: Dorex2007 ($2.38 in chips) 
Seat 2: dvdhmstar ($1.46 in chips) 
Seat 3: Lars137 ($2.72 in chips) 
Seat 5: Domi8472 ($0.99 in chips) 
Seat 6: victory6508 ($2.35 in chips) 
Seat 7: ZergXVI ($1.38 in chips) 
Seat 8: urbanhermit3 ($1.95 in chips) 
Seat 9: noborin ($5.06 in chips) 
dvdhmstar: posts small blind $0.01
Lars137: posts big blind $0.02
*** HOLE CARDS ***
Dealt to Dorex2007 [Ad 3h]
Domi8472: folds 
victory6508: raises $0.04 to $0.06
ZergXVI: folds 
urbanhermit3: folds 
noborin: folds 
Dorex2007: folds 
dvdhmstar: folds 
Lars137: folds 
Uncalled bet ($0.04) returned to victory6508
victory6508 collected $0.05 from pot
*** SUMMARY ***
Total pot $0.05 | Rake $0 
Seat 1: Dorex2007 (button) folded before Flop (didn't bet)
Seat 2: dvdhmstar (small blind) folded before Flop
Seat 3: Lars137 (big blind) folded before Flop
Seat 5: Domi8472 folded before Flop (didn't bet)
Seat 6: victory6508 collected ($0.05)
Seat 7: ZergXVI folded before Flop (didn't bet)
Seat 8: urbanhermit3 folded before Flop (didn't bet)
Seat 9: noborin folded before Flop (didn't bet)



PokerStars Hand #237186854684:  Hold'em No Limit ($0.01/$0.02 USD) - 2022/07/05 18:11:40 PT [2022/07/05 21:11:40 ET]
Table 'Lilium II' 9-max Seat #2 is the button
Seat 1: Dorex2007 ($2.38 in chips) 
Seat 2: dvdhmstar ($1.45 in chips) 
Seat 3: Lars137 ($2.70 in chips) 
Seat 5: Domi8472 ($0.99 in chips) 
Seat 6: victory6508 ($2.38 in chips) 
Seat 7: ZergXVI ($1.38 in chips) 
Seat 8: urbanhermit3 ($1.95 in chips) 
Seat 9: noborin ($5.06 in chips) 
Lars137: posts small blind $0.01
Domi8472: posts big blind $0.02
*** HOLE CARDS ***
Dealt to Dorex2007 [Th 3c]
victory6508: raises $0.02 to $0.04
ZergXVI: folds 
urbanhermit3: calls $0.04
noborin: folds 
Dorex2007: folds 
dvdhmstar: folds 
Lars137: calls $0.03
BarryA113N joins the table at seat #4 
Domi8472: calls $0.02
*** FLOP *** [5d 2h 3s]
Lars137: checks 
Domi8472: checks 
victory6508: checks 
urbanhermit3: bets $0.15
Lars137: calls $0.15
Domi8472: folds 
victory6508: folds 
*** TURN *** [5d 2h 3s] [Qc]
Lars137: checks 
urbanhermit3: checks 
*** RIVER *** [5d 2h 3s Qc] [6h]
Lars137: bets $0.10
urbanhermit3: raises $0.10 to $0.20
Lars137: calls $0.10
*** SHOW DOWN ***
urbanhermit3: shows [6c 6d] (three of a kind, Sixes)
Lars137: mucks hand 
urbanhermit3 collected $0.83 from pot
*** SUMMARY ***
Total pot $0.86 | Rake $0.03 
Board [5d 2h 3s Qc 6h]
Seat 1: Dorex2007 folded before Flop (didn't bet)
Seat 2: dvdhmstar (button) folded before Flop (didn't bet)
Seat 3: Lars137 (small blind) mucked [5h 5s]
Seat 5: Domi8472 (big blind) folded on the Flop
Seat 6: victory6508 folded on the Flop
Seat 7: ZergXVI folded before Flop (didn't bet)
Seat 8: urbanhermit3 showed [6c 6d] and won ($0.83) with three of a kind, Sixes
Seat 9: noborin folded before Flop (didn't bet)



PokerStars Hand #237186869607:  Hold'em No Limit ($0.01/$0.02 USD) - 2022/07/05 18:12:56 PT [2022/07/05 21:12:56 ET]
Table 'Lilium II' 9-max Seat #3 is the button
Seat 1: Dorex2007 ($2.38 in chips) 
Seat 2: dvdhmstar ($1.45 in chips) 
Seat 3: Lars137 ($2.31 in chips) 
Seat 5: Domi8472 ($0.95 in chips) 
Seat 6: victory6508 ($2.34 in chips) 
Seat 7: ZergXVI ($1.38 in chips) 
Seat 8: urbanhermit3 ($2.39 in chips) 
Seat 9: noborin ($5.06 in chips) 
Domi8472: posts small blind $0.01
victory6508: posts big blind $0.02
*** HOLE CARDS ***
Dealt to Dorex2007 [8s As]
ZergXVI: folds 
urbanhermit3: folds 
noborin: raises $0.02 to $0.04
Dorex2007: calls $0.04
dvdhmstar: folds 
Lars137: calls $0.04
Domi8472: folds 
victory6508: calls $0.02
*** FLOP *** [8h 8c 4s]
victory6508: checks 
noborin: bets $0.05
Dorex2007: calls $0.05
Lars137: folds 
victory6508: folds 
*** TURN *** [8h 8c 4s] [3s]
noborin: checks 
Dorex2007: checks 
*** RIVER *** [8h 8c 4s 3s] [2d]
noborin: checks 
Dorex2007: bets $0.13
noborin: folds 
Uncalled bet ($0.13) returned to Dorex2007
Dorex2007 collected $0.26 from pot
*** SUMMARY ***
Total pot $0.27 | Rake $0.01 
Board [8h 8c 4s 3s 2d]
Seat 1: Dorex2007 collected ($0.26)
Seat 2: dvdhmstar folded before Flop (didn't bet)
Seat 3: Lars137 (button) folded on the Flop
Seat 5: Domi8472 (small blind) folded before Flop
Seat 6: victory6508 (big blind) folded on the Flop
Seat 7: ZergXVI folded before Flop (didn't bet)
Seat 8: urbanhermit3 folded before Flop (didn't bet)
Seat 9: noborin folded on the River



PokerStars Hand #237186884428:  Hold'em No Limit ($0.01/$0.02 USD) - 2022/07/05 18:14:11 PT [2022/07/05 21:14:11 ET]
Table 'Lilium II' 9-max Seat #5 is the button
Seat 1: Dorex2007 ($2.55 in chips) 
Seat 2: dvdhmstar ($1.45 in chips) 
Seat 3: Lars137 ($2.27 in chips) 
Seat 4: BarryA113N ($2 in chips) 
Seat 5: Domi8472 ($0.94 in chips) 
Seat 6: victory6508 ($2.30 in chips) 
Seat 7: ZergXVI ($1.38 in chips) 
Seat 8: urbanhermit3 ($2.39 in chips) 
Seat 9: noborin ($4.97 in chips) 
victory6508: posts small blind $0.01
ZergXVI: posts big blind $0.02
BarryA113N: posts big blind $0.02
*** HOLE CARDS ***
Dealt to Dorex2007 [8c Jh]
urbanhermit3: calls $0.02
noborin: folds 
Dorex2007: folds 
dvdhmstar: folds 
Lars137: folds 
BarryA113N: checks 
Domi8472: raises $0.04 to $0.06
victory6508: folds 
ZergXVI: folds 
urbanhermit3: calls $0.04
BarryA113N: folds 
*** FLOP *** [3c Qh 9d]
urbanhermit3: checks 
Domi8472: checks 
*** TURN *** [3c Qh 9d] [Kd]
urbanhermit3: checks 
Domi8472: bets $0.06
urbanhermit3: folds 
Uncalled bet ($0.06) returned to Domi8472
Domi8472 collected $0.16 from pot
*** SUMMARY ***
Total pot $0.17 | Rake $0.01 
Board [3c Qh 9d Kd]
Seat 1: Dorex2007 folded before Flop (didn't bet)
Seat 2: dvdhmstar folded before Flop (didn't bet)
Seat 3: Lars137 folded before Flop (didn't bet)
Seat 4: BarryA113N folded before Flop (didn't bet)
Seat 5: Domi8472 (button) collected ($0.16)
Seat 6: victory6508 (small blind) folded before Flop
Seat 7: ZergXVI (big blind) folded before Flop
Seat 8: urbanhermit3 folded on the Turn
Seat 9: noborin folded before Flop (didn't bet)



PokerStars Hand #237186902933:  Hold'em No Limit ($0.01/$0.02 USD) - 2022/07/05 18:15:13 PT [2022/07/05 21:15:13 ET]
Table 'Lilium II' 9-max Seat #6 is the button
Seat 1: Dorex2007 ($2.55 in chips) 
Seat 2: dvdhmstar ($1.45 in chips) 
Seat 3: Lars137 ($2.27 in chips) 
Seat 4: BarryA113N ($2 in chips) 
Seat 5: Domi8472 ($1.04 in chips) 
Seat 6: victory6508 ($2.29 in chips) 
Seat 7: ZergXVI ($1.36 in chips) 
Seat 8: urbanhermit3 ($2.33 in chips) 
Seat 9: noborin ($4.97 in chips) 
ZergXVI: posts small blind $0.01
urbanhermit3: posts big blind $0.02
*** HOLE CARDS ***
Dealt to Dorex2007 [As Jd]
noborin: calls $0.02
Dorex2007: calls $0.02
dvdhmstar: folds 
Lars137: folds 
BarryA113N: folds 
Domi8472: calls $0.02
victory6508: folds 
ZergXVI: folds 
urbanhermit3: checks 
*** FLOP *** [8d 7h 6h]
urbanhermit3: bets $0.09
noborin: calls $0.09
Dorex2007: folds 
Domi8472: folds 
*** TURN *** [8d 7h 6h] [3d]
urbanhermit3: checks 
noborin: checks 
*** RIVER *** [8d 7h 6h 3d] [9d]
urbanhermit3: checks 
noborin: bets $0.14
urbanhermit3: folds 
Uncalled bet ($0.14) returned to noborin
noborin collected $0.26 from pot
*** SUMMARY ***
Total pot $0.27 | Rake $0.01 
Board [8d 7h 6h 3d 9d]
Seat 1: Dorex2007 folded on the Flop
Seat 2: dvdhmstar folded before Flop (didn't bet)
Seat 3: Lars137 folded before Flop (didn't bet)
Seat 4: BarryA113N folded before Flop (didn't bet)
Seat 5: Domi8472 folded on the Flop
Seat 6: victory6508 (button) folded before Flop (didn't bet)
Seat 7: ZergXVI (small blind) folded before Flop
Seat 8: urbanhermit3 (big blind) folded on the River
Seat 9: noborin collected ($0.26)



PokerStars Hand #237186915207:  Hold'em No Limit ($0.01/$0.02 USD) - 2022/07/05 18:16:15 PT [2022/07/05 21:16:15 ET]
Table 'Lilium II' 9-max Seat #7 is the button
Seat 1: Dorex2007 ($2.53 in chips) 
Seat 2: dvdhmstar ($1.45 in chips) 
Seat 3: Lars137 ($2.27 in chips) 
Seat 4: BarryA113N ($2 in chips) 
Seat 5: Domi8472 ($1.02 in chips) 
Seat 6: victory6508 ($2.29 in chips) 
Seat 7: ZergXVI ($1.35 in chips) 
Seat 8: urbanhermit3 ($2.22 in chips) 
Seat 9: noborin ($5.12 in chips) 
urbanhermit3: posts small blind $0.01
noborin: posts big blind $0.02
*** HOLE CARDS ***
Dealt to Dorex2007 [6c 4h]
Dorex2007: folds 
dvdhmstar: folds 
Lars137: raises $0.02 to $0.04
BarryA113N: calls $0.04
Domi8472: calls $0.04
victory6508: calls $0.04
ZergXVI: folds 
urbanhermit3: folds 
noborin: calls $0.02
*** FLOP *** [3c 4s 5s]
noborin: checks 
Lars137: checks 
BarryA113N: bets $0.06
Domi8472: calls $0.06
victory6508: calls $0.06
noborin: calls $0.06
Lars137: calls $0.06
*** TURN *** [3c 4s 5s] [Qc]
noborin: checks 
Lars137: checks 
BarryA113N: checks 
Domi8472: checks 
victory6508: checks 
*** RIVER *** [3c 4s 5s Qc] [5h]
noborin: checks 
Lars137: checks 
ZergXVI is disconnected 
BarryA113N: checks 
Domi8472: checks 
victory6508: checks 
*** SHOW DOWN ***
noborin: shows [2s 8h] (a pair of Fives)
Lars137: shows [Ks Ah] (a pair of Fives - Ace kicker)
BarryA113N: shows [9h 9c] (two pair, Nines and Fives)
Domi8472: mucks hand 
victory6508: mucks hand 
BarryA113N collected $0.49 from pot
*** SUMMARY ***
Total pot $0.51 | Rake $0.02 
Board [3c 4s 5s Qc 5h]
Seat 1: Dorex2007 folded before Flop (didn't bet)
Seat 2: dvdhmstar folded before Flop (didn't bet)
Seat 3: Lars137 showed [Ks Ah] and lost with a pair of Fives
Seat 4: BarryA113N showed [9h 9c] and won ($0.49) with two pair, Nines and Fives
Seat 5: Domi8472 mucked [Ad 8c]
Seat 6: victory6508 mucked [7c Tc]
Seat 7: ZergXVI (button) folded before Flop (didn't bet)
Seat 8: urbanhermit3 (small blind) folded before Flop
Seat 9: noborin (big blind) showed [2s 8h] and lost with a pair of Fives



PokerStars Hand #237186936228:  Hold'em No Limit ($0.01/$0.02 USD) - 2022/07/05 18:18:01 PT [2022/07/05 21:18:01 ET]
Table 'Lilium II' 9-max Seat #8 is the button
Seat 1: Dorex2007 ($2.53 in chips) 
Seat 2: dvdhmstar ($1.45 in chips) 
Seat 3: Lars137 ($2.17 in chips) 
Seat 4: BarryA113N ($2.39 in chips) 
Seat 5: Domi8472 ($0.92 in chips) 
Seat 6: victory6508 ($2.19 in chips) 
Seat 7: ZergXVI ($1.35 in chips) 
Seat 8: urbanhermit3 ($2.21 in chips) 
Seat 9: noborin ($5.02 in chips) 
noborin: posts small blind $0.01
Dorex2007: posts big blind $0.02
*** HOLE CARDS ***
Dealt to Dorex2007 [2c 8d]
dvdhmstar: folds 
Lars137: folds 
BarryA113N: folds 
Domi8472: raises $0.04 to $0.06
victory6508: raises $0.16 to $0.22
ZergXVI: folds 
urbanhermit3: calls $0.22
noborin: folds 
Dorex2007: folds 
Domi8472: folds 
*** FLOP *** [7s 4c 3s]
victory6508: bets $0.26
urbanhermit3: calls $0.26
*** TURN *** [7s 4c 3s] [Js]
victory6508: checks 
urbanhermit3: checks 
*** RIVER *** [7s 4c 3s Js] [Tc]
victory6508: bets $0.52
urbanhermit3: calls $0.52
*** SHOW DOWN ***
victory6508: shows [Ac Kh] (high card Ace)
urbanhermit3: shows [Qh Qd] (a pair of Queens)
urbanhermit3 collected $2.02 from pot
*** SUMMARY ***
Total pot $2.09 | Rake $0.07 
Board [7s 4c 3s Js Tc]
Seat 1: Dorex2007 (big blind) folded before Flop
Seat 2: dvdhmstar folded before Flop (didn't bet)
Seat 3: Lars137 folded before Flop (didn't bet)
Seat 4: BarryA113N folded before Flop (didn't bet)
Seat 5: Domi8472 folded before Flop
Seat 6: victory6508 showed [Ac Kh] and lost with high card Ace
Seat 7: ZergXVI folded before Flop (didn't bet)
Seat 8: urbanhermit3 (button) showed [Qh Qd] and won ($2.02) with a pair of Queens
Seat 9: noborin (small blind) folded before Flop



PokerStars Hand #237186950038:  Hold'em No Limit ($0.01/$0.02 USD) - 2022/07/05 18:19:10 PT [2022/07/05 21:19:10 ET]
Table 'Lilium II' 9-max Seat #9 is the button
Seat 1: Dorex2007 ($2.51 in chips) 
Seat 2: dvdhmstar ($1.45 in chips) 
Seat 3: Lars137 ($2.17 in chips) 
Seat 4: BarryA113N ($2.39 in chips) 
Seat 5: Domi8472 ($0.86 in chips) 
Seat 6: victory6508 ($1.19 in chips) 
Seat 7: ZergXVI ($1.35 in chips) 
Seat 8: urbanhermit3 ($3.23 in chips) 
Seat 9: noborin ($5.01 in chips) 
Dorex2007: posts small blind $0.01
dvdhmstar: posts big blind $0.02
*** HOLE CARDS ***
Dealt to Dorex2007 [3d 9s]
Lars137: folds 
BarryA113N: calls $0.02
Domi8472: folds 
victory6508: folds 
victory6508 leaves the table
ZergXVI: folds 
urbanhermit3: folds 
noborin: calls $0.02
Dorex2007: folds 
dvdhmstar: raises $0.06 to $0.08
BarryA113N: calls $0.06
noborin: calls $0.06
*** FLOP *** [6c 6s As]
dvdhmstar: bets $0.12
BarryA113N: calls $0.12
noborin: calls $0.12
*** TURN *** [6c 6s As] [4d]
dvdhmstar: bets $0.16
BarryA113N: calls $0.16
noborin: calls $0.16
*** RIVER *** [6c 6s As 4d] [6d]
INTIMIDATOR69 joins the table at seat #6 
dvdhmstar: checks 
BarryA113N: bets $0.24
noborin: folds 
dvdhmstar: calls $0.24
*** SHOW DOWN ***
BarryA113N: shows [Ad 7d] (a full house, Sixes full of Aces)
dvdhmstar: shows [Jc Ac] (a full house, Sixes full of Aces)
dvdhmstar collected $0.76 from pot
BarryA113N collected $0.76 from pot
*** SUMMARY ***
Total pot $1.57 | Rake $0.05 
Board [6c 6s As 4d 6d]
Seat 1: Dorex2007 (small blind) folded before Flop
Seat 2: dvdhmstar (big blind) showed [Jc Ac] and won ($0.76) with a full house, Sixes full of Aces
Seat 3: Lars137 folded before Flop (didn't bet)
Seat 4: BarryA113N showed [Ad 7d] and won ($0.76) with a full house, Sixes full of Aces
Seat 5: Domi8472 folded before Flop (didn't bet)
Seat 6: victory6508 folded before Flop (didn't bet)
Seat 7: ZergXVI folded before Flop (didn't bet)
Seat 8: urbanhermit3 folded before Flop (didn't bet)
Seat 9: noborin (button) folded on the River



PokerStars Hand #237186966599:  Hold'em No Limit ($0.01/$0.02 USD) - 2022/07/05 18:20:33 PT [2022/07/05 21:20:33 ET]
Table 'Lilium II' 9-max Seat #1 is the button
Seat 1: Dorex2007 ($2.50 in chips) 
Seat 2: dvdhmstar ($1.61 in chips) 
Seat 3: Lars137 ($2.17 in chips) 
Seat 4: BarryA113N ($2.55 in chips) 
Seat 5: Domi8472 ($0.86 in chips) 
Seat 6: INTIMIDATOR69 ($1 in chips) 
Seat 7: ZergXVI ($1.35 in chips) 
Seat 8: urbanhermit3 ($3.23 in chips) 
Seat 9: noborin ($4.65 in chips) 
dvdhmstar: posts small blind $0.01
Lars137: posts big blind $0.02
INTIMIDATOR69: posts big blind $0.02
*** HOLE CARDS ***
Dealt to Dorex2007 [6s 8c]
BarryA113N: folds 
Domi8472: folds 
INTIMIDATOR69: checks 
ZergXVI: folds 
urbanhermit3: folds 
noborin: calls $0.02
Dorex2007: folds 
dvdhmstar: calls $0.01
Lars137: checks 
*** FLOP *** [3h 3d Kc]
dvdhmstar: checks 
Lars137: checks 
INTIMIDATOR69: checks 
noborin: checks 
*** TURN *** [3h 3d Kc] [Th]
dvdhmstar: checks 
Lars137: checks 
INTIMIDATOR69: bets $0.20
noborin: folds 
dvdhmstar: folds 
Lars137: folds 
Uncalled bet ($0.20) returned to INTIMIDATOR69
INTIMIDATOR69 collected $0.08 from pot
*** SUMMARY ***
Total pot $0.08 | Rake $0 
Board [3h 3d Kc Th]
Seat 1: Dorex2007 (button) folded before Flop (didn't bet)
Seat 2: dvdhmstar (small blind) folded on the Turn
Seat 3: Lars137 (big blind) folded on the Turn
Seat 4: BarryA113N folded before Flop (didn't bet)
Seat 5: Domi8472 folded before Flop (didn't bet)
Seat 6: INTIMIDATOR69 collected ($0.08)
Seat 7: ZergXVI folded before Flop (didn't bet)
Seat 8: urbanhermit3 folded before Flop (didn't bet)
Seat 9: noborin folded on the Turn



PokerStars Hand #237186980205:  Hold'em No Limit ($0.01/$0.02 USD) - 2022/07/05 18:21:42 PT [2022/07/05 21:21:42 ET]
Table 'Lilium II' 9-max Seat #2 is the button
Seat 1: Dorex2007 ($2.50 in chips) 
Seat 2: dvdhmstar ($1.59 in chips) 
Seat 3: Lars137 ($2.15 in chips) 
Seat 4: BarryA113N ($2.55 in chips) 
Seat 5: Domi8472 ($0.86 in chips) 
Seat 6: INTIMIDATOR69 ($1.06 in chips) 
Seat 7: ZergXVI ($1.35 in chips) 
Seat 8: urbanhermit3 ($3.23 in chips) 
Seat 9: noborin ($4.63 in chips) 
Lars137: posts small blind $0.01
BarryA113N: posts big blind $0.02
*** HOLE CARDS ***
Dealt to Dorex2007 [3c Ts]
Domi8472: calls $0.02
INTIMIDATOR69: folds 
ZergXVI: folds 
urbanhermit3: folds 
noborin: folds 
Dorex2007: folds 
dvdhmstar: calls $0.02
Lars137: calls $0.01
BarryA113N: checks 
*** FLOP *** [Th 5s Jc]
Lars137: checks 
BarryA113N: checks 
Domi8472: bets $0.04
dvdhmstar: folds 
Lars137: calls $0.04
BarryA113N: calls $0.04
*** TURN *** [Th 5s Jc] [7s]
Lars137: checks 
BarryA113N: checks 
Domi8472: checks 
*** RIVER *** [Th 5s Jc 7s] [Jh]
Lars137: checks 
BarryA113N: checks 
Domi8472: bets $0.12
Lars137: folds 
BarryA113N: folds 
Uncalled bet ($0.12) returned to Domi8472
Domi8472 collected $0.19 from pot
*** SUMMARY ***
Total pot $0.20 | Rake $0.01 
Board [Th 5s Jc 7s Jh]
Seat 1: Dorex2007 folded before Flop (didn't bet)
Seat 2: dvdhmstar (button) folded on the Flop
Seat 3: Lars137 (small blind) folded on the River
Seat 4: BarryA113N (big blind) folded on the River
Seat 5: Domi8472 collected ($0.19)
Seat 6: INTIMIDATOR69 folded before Flop (didn't bet)
Seat 7: ZergXVI folded before Flop (didn't bet)
Seat 8: urbanhermit3 folded before Flop (didn't bet)
Seat 9: noborin folded before Flop (didn't bet)



PokerStars Hand #237187002905:  Hold'em No Limit ($0.01/$0.02 USD) - 2022/07/05 18:23:36 PT [2022/07/05 21:23:36 ET]
Table 'Lilium II' 9-max Seat #3 is the button
Seat 1: Dorex2007 ($2.50 in chips) 
Seat 2: dvdhmstar ($1.57 in chips) 
Seat 3: Lars137 ($2.09 in chips) 
Seat 4: BarryA113N ($2.49 in chips) 
Seat 5: Domi8472 ($0.99 in chips) 
Seat 6: INTIMIDATOR69 ($1.06 in chips) 
Seat 7: ZergXVI ($1.35 in chips) 
Seat 8: urbanhermit3 ($3.23 in chips) 
Seat 9: noborin ($4.63 in chips) 
BarryA113N: posts small blind $0.01
Domi8472: posts big blind $0.02
*** HOLE CARDS ***
Dealt to Dorex2007 [7d 5c]
INTIMIDATOR69: folds 
ZergXVI: folds 
urbanhermit3: calls $0.02
noborin: calls $0.02
Dorex2007: folds 
dvdhmstar: raises $0.10 to $0.12
Lars137: folds 
BarryA113N: folds 
Domi8472: folds 
urbanhermit3: folds 
noborin: folds 
Uncalled bet ($0.10) returned to dvdhmstar
dvdhmstar collected $0.09 from pot
*** SUMMARY ***
Total pot $0.09 | Rake $0 
Seat 1: Dorex2007 folded before Flop (didn't bet)
Seat 2: dvdhmstar collected ($0.09)
Seat 3: Lars137 (button) folded before Flop (didn't bet)
Seat 4: BarryA113N (small blind) folded before Flop
Seat 5: Domi8472 (big blind) folded before Flop
Seat 6: INTIMIDATOR69 folded before Flop (didn't bet)
Seat 7: ZergXVI folded before Flop (didn't bet)
Seat 8: urbanhermit3 folded before Flop
Seat 9: noborin folded before Flop



PokerStars Hand #237187010932:  Hold'em No Limit ($0.01/$0.02 USD) - 2022/07/05 18:23:59 PT [2022/07/05 21:23:59 ET]
Table 'Lilium II' 9-max Seat #4 is the button
Seat 1: Dorex2007 ($2.50 in chips) 
Seat 2: dvdhmstar ($1.64 in chips) 
Seat 3: Lars137 ($2.09 in chips) 
Seat 4: BarryA113N ($2.48 in chips) 
Seat 5: Domi8472 ($0.97 in chips) 
Seat 6: INTIMIDATOR69 ($1.06 in chips) 
Seat 7: ZergXVI ($1.35 in chips) 
Seat 8: urbanhermit3 ($3.21 in chips) 
Seat 9: noborin ($4.61 in chips) 
Domi8472: posts small blind $0.01
INTIMIDATOR69: posts big blind $0.02
*** HOLE CARDS ***
Dealt to Dorex2007 [5c Js]
ZergXVI: calls $0.02
urbanhermit3: folds 
noborin: folds 
Dorex2007: folds 
dvdhmstar: folds 
Lars137: folds 
BarryA113N: folds 
Domi8472: calls $0.01
INTIMIDATOR69: checks 
*** FLOP *** [9s 8c 4s]
Domi8472: bets $0.06
INTIMIDATOR69: folds 
ZergXVI: folds 
Uncalled bet ($0.06) returned to Domi8472
Domi8472 collected $0.06 from pot
*** SUMMARY ***
Total pot $0.06 | Rake $0 
Board [9s 8c 4s]
Seat 1: Dorex2007 folded before Flop (didn't bet)
Seat 2: dvdhmstar folded before Flop (didn't bet)
Seat 3: Lars137 folded before Flop (didn't bet)
Seat 4: BarryA113N (button) folded before Flop (didn't bet)
Seat 5: Domi8472 (small blind) collected ($0.06)
Seat 6: INTIMIDATOR69 (big blind) folded on the Flop
Seat 7: ZergXVI folded on the Flop
Seat 8: urbanhermit3 folded before Flop (didn't bet)
Seat 9: noborin folded before Flop (didn't bet)



PokerStars Hand #237187017011:  Hold'em No Limit ($0.01/$0.02 USD) - 2022/07/05 18:24:30 PT [2022/07/05 21:24:30 ET]
Table 'Lilium II' 9-max Seat #5 is the button
Seat 1: Dorex2007 ($2.50 in chips) 
Seat 2: dvdhmstar ($1.64 in chips) 
Seat 3: Lars137 ($2.09 in chips) 
Seat 4: BarryA113N ($2.48 in chips) 
Seat 5: Domi8472 ($1.01 in chips) 
Seat 6: INTIMIDATOR69 ($1.04 in chips) 
Seat 7: ZergXVI ($1.33 in chips) 
Seat 8: urbanhermit3 ($3.21 in chips) 
Seat 9: noborin ($4.61 in chips) 
INTIMIDATOR69: posts small blind $0.01
ZergXVI: posts big blind $0.02
*** HOLE CARDS ***
Dealt to Dorex2007 [Ac 9s]
urbanhermit3: folds 
noborin: calls $0.02
Dorex2007: folds 
dvdhmstar: folds 
urbanhermit3 leaves the table
Lars137: raises $0.02 to $0.04
BarryA113N: folds 
Domi8472: folds 
INTIMIDATOR69: calls $0.03
ZergXVI: folds 
noborin: calls $0.02
*** FLOP *** [Qh Ks 2s]
INTIMIDATOR69: checks 
noborin: checks 
Lars137: checks 
*** TURN *** [Qh Ks 2s] [Jd]
INTIMIDATOR69: checks 
noborin: bets $0.14
Lars137: folds 
INTIMIDATOR69: folds 
Uncalled bet ($0.14) returned to noborin
noborin collected $0.14 from pot
*** SUMMARY ***
Total pot $0.14 | Rake $0 
Board [Qh Ks 2s Jd]
Seat 1: Dorex2007 folded before Flop (didn't bet)
Seat 2: dvdhmstar folded before Flop (didn't bet)
Seat 3: Lars137 folded on the Turn
Seat 4: BarryA113N folded before Flop (didn't bet)
Seat 5: Domi8472 (button) folded before Flop (didn't bet)
Seat 6: INTIMIDATOR69 (small blind) folded on the Turn
Seat 7: ZergXVI (big blind) folded before Flop
Seat 8: urbanhermit3 folded before Flop (didn't bet)
Seat 9: noborin collected ($0.14)



PokerStars Hand #237187027108:  Hold'em No Limit ($0.01/$0.02 USD) - 2022/07/05 18:25:20 PT [2022/07/05 21:25:20 ET]
Table 'Lilium II' 9-max Seat #6 is the button
Seat 1: Dorex2007 ($2.50 in chips) 
Seat 2: dvdhmstar ($1.64 in chips) 
Seat 3: Lars137 ($2.05 in chips) 
Seat 4: BarryA113N ($2.48 in chips) 
Seat 5: Domi8472 ($1.01 in chips) 
Seat 6: INTIMIDATOR69 ($1 in chips) 
Seat 7: ZergXVI ($1.31 in chips) 
Seat 9: noborin ($4.71 in chips) 
MajorZK joins the table at seat #8 
ZergXVI: posts small blind $0.01
noborin: posts big blind $0.02
*** HOLE CARDS ***
Dealt to Dorex2007 [2h Kh]
Dorex2007: folds 
dvdhmstar: folds 
Lars137: folds 
BarryA113N: folds 
Domi8472: folds 
INTIMIDATOR69: calls $0.02
ZergXVI: calls $0.01
noborin: checks 
*** FLOP *** [Kd 2s Qh]
ZergXVI: checks 
noborin: checks 
INTIMIDATOR69: checks 
*** TURN *** [Kd 2s Qh] [5h]
ZergXVI: checks 
noborin: checks 
INTIMIDATOR69: checks 
*** RIVER *** [Kd 2s Qh 5h] [6h]
ZergXVI: checks 
noborin: checks 
INTIMIDATOR69: checks 
*** SHOW DOWN ***
ZergXVI: shows [Jh 8d] (high card King)
noborin: mucks hand 
INTIMIDATOR69: shows [5d 3d] (a pair of Fives)
INTIMIDATOR69 collected $0.06 from pot
*** SUMMARY ***
Total pot $0.06 | Rake $0 
Board [Kd 2s Qh 5h 6h]
Seat 1: Dorex2007 folded before Flop (didn't bet)
Seat 2: dvdhmstar folded before Flop (didn't bet)
Seat 3: Lars137 folded before Flop (didn't bet)
Seat 4: BarryA113N folded before Flop (didn't bet)
Seat 5: Domi8472 folded before Flop (didn't bet)
Seat 6: INTIMIDATOR69 (button) showed [5d 3d] and won ($0.06) with a pair of Fives
Seat 7: ZergXVI (small blind) showed [Jh 8d] and lost with high card King
Seat 9: noborin (big blind) mucked [Td 8c]



PokerStars Hand #237187037465:  Hold'em No Limit ($0.01/$0.02 USD) - 2022/07/05 18:26:12 PT [2022/07/05 21:26:12 ET]
Table 'Lilium II' 9-max Seat #7 is the button
Seat 1: Dorex2007 ($2.50 in chips) 
Seat 2: dvdhmstar ($1.64 in chips) 
Seat 3: Lars137 ($2.05 in chips) 
Seat 4: BarryA113N ($2.48 in chips) 
Seat 5: Domi8472 ($1.01 in chips) 
Seat 6: INTIMIDATOR69 ($1.04 in chips) 
Seat 7: ZergXVI ($1.29 in chips) 
Seat 9: noborin ($4.69 in chips) 
noborin: posts small blind $0.01
Dorex2007: posts big blind $0.02
*** HOLE CARDS ***
Dealt to Dorex2007 [Qs 5d]
dvdhmstar: folds 
Lars137: folds 
BarryA113N: folds 
Domi8472: folds 
INTIMIDATOR69: folds 
ZergXVI: folds 
noborin: calls $0.01
Dorex2007: checks 
*** FLOP *** [4h 7s 3c]
noborin: checks 
Dorex2007: checks 
*** TURN *** [4h 7s 3c] [9d]
noborin: checks 
Dorex2007: checks 
*** RIVER *** [4h 7s 3c 9d] [5c]
noborin: checks 
Dorex2007: checks 
*** SHOW DOWN ***
noborin: shows [Kh 8h] (high card King)
Dorex2007: shows [Qs 5d] (a pair of Fives)
Dorex2007 collected $0.04 from pot
*** SUMMARY ***
Total pot $0.04 | Rake $0 
Board [4h 7s 3c 9d 5c]
Seat 1: Dorex2007 (big blind) showed [Qs 5d] and won ($0.04) with a pair of Fives
Seat 2: dvdhmstar folded before Flop (didn't bet)
Seat 3: Lars137 folded before Flop (didn't bet)
Seat 4: BarryA113N folded before Flop (didn't bet)
Seat 5: Domi8472 folded before Flop (didn't bet)
Seat 6: INTIMIDATOR69 folded before Flop (didn't bet)
Seat 7: ZergXVI (button) folded before Flop (didn't bet)
Seat 9: noborin (small blind) showed [Kh 8h] and lost with high card King



PokerStars Hand #237187044170:  Hold'em No Limit ($0.01/$0.02 USD) - 2022/07/05 18:26:45 PT [2022/07/05 21:26:45 ET]
Table 'Lilium II' 9-max Seat #9 is the button
Seat 1: Dorex2007 ($2.52 in chips) 
Seat 2: dvdhmstar ($1.64 in chips) 
Seat 3: Lars137 ($2.05 in chips) 
Seat 4: BarryA113N ($2.48 in chips) 
Seat 5: Domi8472 ($1.01 in chips) 
Seat 6: INTIMIDATOR69 ($1.04 in chips) 
Seat 7: ZergXVI ($1.29 in chips) 
Seat 8: MajorZK ($1 in chips) 
Seat 9: noborin ($4.67 in chips) 
Dorex2007: posts small blind $0.01
dvdhmstar: posts big blind $0.02
MajorZK: posts big blind $0.02
*** HOLE CARDS ***
Dealt to Dorex2007 [5c 5d]
Lars137: folds 
BarryA113N: folds 
Domi8472: raises $0.04 to $0.06
INTIMIDATOR69: calls $0.06
ZergXVI: folds 
MajorZK: calls $0.04
noborin: folds 
Dorex2007: calls $0.05
dvdhmstar: calls $0.04
*** FLOP *** [9h 6c Jh]
Dorex2007: checks 
dvdhmstar: checks 
Domi8472: bets $0.04
INTIMIDATOR69: calls $0.04
MajorZK: folds 
Dorex2007: calls $0.04
dvdhmstar: folds 
*** TURN *** [9h 6c Jh] [2s]
Dorex2007: checks 
Domi8472: bets $0.10
INTIMIDATOR69: calls $0.10
Dorex2007: folds 
*** RIVER *** [9h 6c Jh 2s] [4s]
Domi8472: bets $0.16
INTIMIDATOR69: calls $0.16
*** SHOW DOWN ***
Domi8472: shows [Jd Ts] (a pair of Jacks)
INTIMIDATOR69: mucks hand 
Domi8472 collected $0.90 from pot
*** SUMMARY ***
Total pot $0.94 | Rake $0.04 
Board [9h 6c Jh 2s 4s]
Seat 1: Dorex2007 (small blind) folded on the Turn
Seat 2: dvdhmstar (big blind) folded on the Flop
Seat 3: Lars137 folded before Flop (didn't bet)
Seat 4: BarryA113N folded before Flop (didn't bet)
Seat 5: Domi8472 showed [Jd Ts] and won ($0.90) with a pair of Jacks
Seat 6: INTIMIDATOR69 mucked [Qd 9d]
Seat 7: ZergXVI folded before Flop (didn't bet)
Seat 8: MajorZK folded on the Flop
Seat 9: noborin (button) folded before Flop (didn't bet)



PokerStars Hand #237187066610:  Hold'em No Limit ($0.01/$0.02 USD) - 2022/07/05 18:28:11 PT [2022/07/05 21:28:11 ET]
Table 'Lilium II' 9-max Seat #1 is the button
Seat 1: Dorex2007 ($2.42 in chips) 
Seat 2: dvdhmstar ($1.58 in chips) 
Seat 3: Lars137 ($2.05 in chips) 
Seat 4: BarryA113N ($2.48 in chips) 
Seat 5: Domi8472 ($1.55 in chips) 
Seat 6: INTIMIDATOR69 ($1 in chips) 
Seat 7: ZergXVI ($1.29 in chips) 
Seat 8: MajorZK ($0.94 in chips) 
Seat 9: noborin ($4.67 in chips) 
dvdhmstar: posts small blind $0.01
Lars137: posts big blind $0.02
*** HOLE CARDS ***
Dealt to Dorex2007 [9h 3s]
BarryA113N: folds 
Domi8472: folds 
INTIMIDATOR69: folds 
ZergXVI: folds 
MajorZK: folds 
noborin: calls $0.02
Dorex2007: folds 
dvdhmstar: calls $0.01
Lars137: checks 
*** FLOP *** [3c 7s 9s]
dvdhmstar: bets $0.04
Lars137: calls $0.04
noborin: folds 
*** TURN *** [3c 7s 9s] [2s]
dvdhmstar: bets $0.06
Lars137: calls $0.06
*** RIVER *** [3c 7s 9s 2s] [Kd]
dvdhmstar: bets $0.06
Lars137: calls $0.06
*** SHOW DOWN ***
dvdhmstar: shows [Qh 9d] (a pair of Nines)
Lars137: shows [Ks 3h] (two pair, Kings and Threes)
Lars137 collected $0.37 from pot
*** SUMMARY ***
Total pot $0.38 | Rake $0.01 
Board [3c 7s 9s 2s Kd]
Seat 1: Dorex2007 (button) folded before Flop (didn't bet)
Seat 2: dvdhmstar (small blind) showed [Qh 9d] and lost with a pair of Nines
Seat 3: Lars137 (big blind) showed [Ks 3h] and won ($0.37) with two pair, Kings and Threes
Seat 4: BarryA113N folded before Flop (didn't bet)
Seat 5: Domi8472 folded before Flop (didn't bet)
Seat 6: INTIMIDATOR69 folded before Flop (didn't bet)
Seat 7: ZergXVI folded before Flop (didn't bet)
Seat 8: MajorZK folded before Flop (didn't bet)
Seat 9: noborin folded on the Flop



PokerStars Hand #237187078106:  Hold'em No Limit ($0.01/$0.02 USD) - 2022/07/05 18:29:08 PT [2022/07/05 21:29:08 ET]
Table 'Lilium II' 9-max Seat #2 is the button
Seat 1: Dorex2007 ($2.42 in chips) 
Seat 2: dvdhmstar ($1.40 in chips) 
Seat 3: Lars137 ($2.24 in chips) 
Seat 4: BarryA113N ($2.48 in chips) 
Seat 5: Domi8472 ($1.55 in chips) 
Seat 6: INTIMIDATOR69 ($1 in chips) 
Seat 7: ZergXVI ($1.29 in chips) 
Seat 8: MajorZK ($0.94 in chips) 
Seat 9: noborin ($4.65 in chips) 
Lars137: posts small blind $0.01
BarryA113N: posts big blind $0.02
*** HOLE CARDS ***
Dealt to Dorex2007 [3c 5s]
Domi8472: folds 
INTIMIDATOR69: calls $0.02
ZergXVI: folds 
MajorZK: calls $0.02
noborin: folds 
Dorex2007: folds 
dvdhmstar: raises $0.04 to $0.06
Lars137: folds 
BarryA113N: calls $0.04
INTIMIDATOR69: calls $0.04
MajorZK: calls $0.04
*** FLOP *** [4c Ac 6h]
BarryA113N: checks 
INTIMIDATOR69: checks 
MajorZK: checks 
dvdhmstar: bets $0.08
BarryA113N: calls $0.08
INTIMIDATOR69: folds 
MajorZK: calls $0.08
*** TURN *** [4c Ac 6h] [5h]
BarryA113N: checks 
MajorZK: checks 
dvdhmstar: bets $0.12
BarryA113N: calls $0.12
MajorZK: calls $0.12
*** RIVER *** [4c Ac 6h 5h] [Td]
BarryA113N: checks 
MajorZK: checks 
dvdhmstar: checks 
*** SHOW DOWN ***
BarryA113N: shows [6c 7c] (a pair of Sixes)
MajorZK: shows [9h As] (a pair of Aces)
dvdhmstar: mucks hand 
MajorZK collected $0.82 from pot
*** SUMMARY ***
Total pot $0.85 | Rake $0.03 
Board [4c Ac 6h 5h Td]
Seat 1: Dorex2007 folded before Flop (didn't bet)
Seat 2: dvdhmstar (button) mucked [2h Ah]
Seat 3: Lars137 (small blind) folded before Flop
Seat 4: BarryA113N (big blind) showed [6c 7c] and lost with a pair of Sixes
Seat 5: Domi8472 folded before Flop (didn't bet)
Seat 6: INTIMIDATOR69 folded on the Flop
Seat 7: ZergXVI folded before Flop (didn't bet)
Seat 8: MajorZK showed [9h As] and won ($0.82) with a pair of Aces
Seat 9: noborin folded before Flop (didn't bet)



PokerStars Hand #237187092906:  Hold'em No Limit ($0.01/$0.02 USD) - 2022/07/05 18:30:22 PT [2022/07/05 21:30:22 ET]
Table 'Lilium II' 9-max Seat #3 is the button
Seat 1: Dorex2007 ($2.42 in chips) 
Seat 2: dvdhmstar ($1.14 in chips) 
Seat 3: Lars137 ($2.23 in chips) 
Seat 4: BarryA113N ($2.22 in chips) 
Seat 5: Domi8472 ($1.55 in chips) 
Seat 6: INTIMIDATOR69 ($1 in chips) 
Seat 7: ZergXVI ($1.29 in chips) 
Seat 8: MajorZK ($1.50 in chips) 
Seat 9: noborin ($4.65 in chips) 
BarryA113N: posts small blind $0.01
Domi8472: posts big blind $0.02
*** HOLE CARDS ***
Dealt to Dorex2007 [Tc Jd]
INTIMIDATOR69: calls $0.02
ZergXVI: folds 
MajorZK: calls $0.02
noborin: raises $0.04 to $0.06
Dorex2007: folds 
dvdhmstar: folds 
Lars137: folds 
BarryA113N: calls $0.05
Domi8472: calls $0.04
INTIMIDATOR69: calls $0.04
MajorZK: calls $0.04
*** FLOP *** [Jc 3c 2c]
BarryA113N: checks 
Domi8472: checks 
INTIMIDATOR69: checks 
MajorZK: checks 
noborin: bets $0.30
BarryA113N: folds 
Domi8472: folds 
INTIMIDATOR69: calls $0.30
MajorZK: folds 
*** TURN *** [Jc 3c 2c] [5s]
INTIMIDATOR69: checks 
noborin: bets $4.29 and is all-in
INTIMIDATOR69: calls $0.64 and is all-in
Uncalled bet ($3.65) returned to noborin
*** RIVER *** [Jc 3c 2c 5s] [6c]
*** SHOW DOWN ***
INTIMIDATOR69: shows [Td Ac] (a flush, Ace high)
noborin: shows [Qd Qc] (a flush, Queen high)
INTIMIDATOR69 collected $2.10 from pot
*** SUMMARY ***
Total pot $2.18 | Rake $0.08 
Board [Jc 3c 2c 5s 6c]
Seat 1: Dorex2007 folded before Flop (didn't bet)
Seat 2: dvdhmstar folded before Flop (didn't bet)
Seat 3: Lars137 (button) folded before Flop (didn't bet)
Seat 4: BarryA113N (small blind) folded on the Flop
Seat 5: Domi8472 (big blind) folded on the Flop
Seat 6: INTIMIDATOR69 showed [Td Ac] and won ($2.10) with a flush, Ace high
Seat 7: ZergXVI folded before Flop (didn't bet)
Seat 8: MajorZK folded on the Flop
Seat 9: noborin showed [Qd Qc] and lost with a flush, Queen high



PokerStars Hand #237187106108:  Hold'em No Limit ($0.01/$0.02 USD) - 2022/07/05 18:31:28 PT [2022/07/05 21:31:28 ET]
Table 'Lilium II' 9-max Seat #4 is the button
Seat 1: Dorex2007 ($2.42 in chips) 
Seat 2: dvdhmstar ($1.14 in chips) 
Seat 3: Lars137 ($2.23 in chips) 
Seat 4: BarryA113N ($2.16 in chips) 
Seat 5: Domi8472 ($1.49 in chips) 
Seat 6: INTIMIDATOR69 ($2.10 in chips) 
Seat 7: ZergXVI ($1.29 in chips) 
Seat 8: MajorZK ($1.44 in chips) 
Seat 9: noborin ($3.65 in chips) 
Domi8472: posts small blind $0.01
INTIMIDATOR69: posts big blind $0.02
*** HOLE CARDS ***
Dealt to Dorex2007 [Qc 8c]
ZergXVI: folds 
MajorZK: calls $0.02
noborin: calls $0.02
Dorex2007: folds 
dvdhmstar: folds 
Lars137: calls $0.02
BarryA113N: raises $0.02 to $0.04
Domi8472: calls $0.03
INTIMIDATOR69: calls $0.02
MajorZK: calls $0.02
noborin: calls $0.02
Lars137: calls $0.02
*** FLOP *** [2s 3s 3d]
Domi8472: checks 
INTIMIDATOR69: checks 
MajorZK: checks 
noborin: checks 
Lars137: checks 
BarryA113N: bets $0.06
Domi8472: folds 
INTIMIDATOR69: folds 
MajorZK: calls $0.06
noborin: folds 
noborin leaves the table
Lars137: folds 
*** TURN *** [2s 3s 3d] [2c]
MajorZK: checks 
BarryA113N: bets $0.06
MajorZK: calls $0.06
*** RIVER *** [2s 3s 3d 2c] [3c]
Paty Doll726 joins the table at seat #9 
MajorZK: checks 
BarryA113N: bets $2 and is all-in
MajorZK: calls $1.28 and is all-in
Uncalled bet ($0.72) returned to BarryA113N
*** SHOW DOWN ***
BarryA113N: shows [8h Ah] (a full house, Threes full of Deuces)
MajorZK: shows [5h 5c] (a full house, Threes full of Fives)
MajorZK collected $2.93 from pot
*** SUMMARY ***
Total pot $3.04 | Rake $0.11 
Board [2s 3s 3d 2c 3c]
Seat 1: Dorex2007 folded before Flop (didn't bet)
Seat 2: dvdhmstar folded before Flop (didn't bet)
Seat 3: Lars137 folded on the Flop
Seat 4: BarryA113N (button) showed [8h Ah] and lost with a full house, Threes full of Deuces
Seat 5: Domi8472 (small blind) folded on the Flop
Seat 6: INTIMIDATOR69 (big blind) folded on the Flop
Seat 7: ZergXVI folded before Flop (didn't bet)
Seat 8: MajorZK showed [5h 5c] and won ($2.93) with a full house, Threes full of Fives
Seat 9: noborin folded on the Flop



PokerStars Hand #237187128446:  Hold'em No Limit ($0.01/$0.02 USD) - 2022/07/05 18:33:19 PT [2022/07/05 21:33:19 ET]
Table 'Lilium II' 9-max Seat #5 is the button
Seat 1: Dorex2007 ($2.42 in chips) 
Seat 2: dvdhmstar ($1.14 in chips) 
Seat 3: Lars137 ($2.19 in chips) 
Seat 4: BarryA113N ($0.72 in chips) 
Seat 5: Domi8472 ($1.45 in chips) 
Seat 6: INTIMIDATOR69 ($2.06 in chips) 
Seat 7: ZergXVI ($1.29 in chips) 
Seat 8: MajorZK ($2.93 in chips) 
INTIMIDATOR69: posts small blind $0.01
ZergXVI: posts big blind $0.02
Paty Doll726: sits out 
*** HOLE CARDS ***
Dealt to Dorex2007 [3c Kc]
MajorZK: folds 
Dorex2007: folds 
dvdhmstar: raises $0.02 to $0.04
Lars137: calls $0.04
BarryA113N: folds 
Domi8472: raises $0.02 to $0.06
INTIMIDATOR69: calls $0.05
ZergXVI: calls $0.04
dvdhmstar: calls $0.02
Lars137: calls $0.02
*** FLOP *** [3h Qc 9d]
INTIMIDATOR69: checks 
ZergXVI: bets $0.29
dvdhmstar: folds 
Lars137: folds 
Domi8472: folds 
INTIMIDATOR69: folds 
Uncalled bet ($0.29) returned to ZergXVI
ZergXVI collected $0.29 from pot
*** SUMMARY ***
Total pot $0.30 | Rake $0.01 
Board [3h Qc 9d]
Seat 1: Dorex2007 folded before Flop (didn't bet)
Seat 2: dvdhmstar folded on the Flop
Seat 3: Lars137 folded on the Flop
Seat 4: BarryA113N folded before Flop (didn't bet)
Seat 5: Domi8472 (button) folded on the Flop
Seat 6: INTIMIDATOR69 (small blind) folded on the Flop
Seat 7: ZergXVI (big blind) collected ($0.29)
Seat 8: MajorZK folded before Flop (didn't bet)



PokerStars Hand #237187150539:  Hold'em No Limit ($0.01/$0.02 USD) - 2022/07/05 18:35:06 PT [2022/07/05 21:35:06 ET]
Table 'Lilium II' 9-max Seat #7 is the button
Seat 1: Dorex2007 ($2.42 in chips) 
Seat 2: dvdhmstar ($1.08 in chips) 
Seat 3: Lars137 ($2.13 in chips) 
Seat 4: BarryA113N ($1.04 in chips) 
Seat 5: Domi8472 ($1.39 in chips) 
Seat 6: INTIMIDATOR69 ($2 in chips) 
Seat 7: ZergXVI ($1.38 in chips) 
Seat 8: MajorZK ($2.87 in chips) 
Seat 9: Paty Doll726 ($0.80 in chips) 
MajorZK: posts small blind $0.01
Paty Doll726: posts big blind $0.02
*** HOLE CARDS ***
Dealt to Dorex2007 [3c 4c]
Dorex2007: folds 
dvdhmstar: folds 
Lars137: raises $0.02 to $0.04
BarryA113N: calls $0.04
Domi8472: folds 
INTIMIDATOR69: folds 
ZergXVI: folds 
MajorZK: calls $0.03
Paty Doll726: folds 
*** FLOP *** [Kc 6s 5h]
MajorZK: checks 
Lars137: checks 
BarryA113N: checks 
*** TURN *** [Kc 6s 5h] [Ah]
MajorZK: checks 
Lars137: bets $0.06
BarryA113N: calls $0.06
MajorZK: calls $0.06
*** RIVER *** [Kc 6s 5h Ah] [3h]
MajorZK: checks 
Lars137: checks 
BarryA113N: bets $0.31
MajorZK: calls $0.31
Lars137: folds 
*** SHOW DOWN ***
BarryA113N: shows [9h Qh] (a flush, Ace high)
MajorZK: mucks hand 
BarryA113N collected $0.91 from pot
*** SUMMARY ***
Total pot $0.94 | Rake $0.03 
Board [Kc 6s 5h Ah 3h]
Seat 1: Dorex2007 folded before Flop (didn't bet)
Seat 2: dvdhmstar folded before Flop (didn't bet)
Seat 3: Lars137 folded on the River
Seat 4: BarryA113N showed [9h Qh] and won ($0.91) with a flush, Ace high
Seat 5: Domi8472 folded before Flop (didn't bet)
Seat 6: INTIMIDATOR69 folded before Flop (didn't bet)
Seat 7: ZergXVI (button) folded before Flop (didn't bet)
Seat 8: MajorZK (small blind) mucked [7s As]
Seat 9: Paty Doll726 (big blind) folded before Flop



PokerStars Hand #237187175321:  Hold'em No Limit ($0.01/$0.02 USD) - 2022/07/05 18:36:23 PT [2022/07/05 21:36:23 ET]
Table 'Lilium II' 9-max Seat #8 is the button
Seat 1: Dorex2007 ($2.42 in chips) 
Seat 2: dvdhmstar ($1.08 in chips) 
Seat 3: Lars137 ($2.03 in chips) 
Seat 4: BarryA113N ($1.54 in chips) 
Seat 5: Domi8472 ($1.39 in chips) 
Seat 6: INTIMIDATOR69 ($2 in chips) 
Seat 7: ZergXVI ($1.38 in chips) 
Seat 8: MajorZK ($2.46 in chips) 
Seat 9: Paty Doll726 ($0.78 in chips) 
Paty Doll726: posts small blind $0.01
Dorex2007: posts big blind $0.02
*** HOLE CARDS ***
Dealt to Dorex2007 [2h 6c]
dvdhmstar: folds 
Lars137: folds 
BarryA113N: folds 
Domi8472: folds 
INTIMIDATOR69: folds 
ZergXVI: folds 
MajorZK: calls $0.02
Paty Doll726: folds 
Dorex2007: checks 
*** FLOP *** [7c Tc 5d]
Dorex2007: checks 
MajorZK: checks 
*** TURN *** [7c Tc 5d] [Jc]
Dorex2007: checks 
MajorZK: checks 
*** RIVER *** [7c Tc 5d Jc] [7h]
Dorex2007: checks 
MajorZK: checks 
*** SHOW DOWN ***
Dorex2007: shows [2h 6c] (a pair of Sevens)
MajorZK: mucks hand 
Dorex2007 collected $0.05 from pot
*** SUMMARY ***
Total pot $0.05 | Rake $0 
Board [7c Tc 5d Jc 7h]
Seat 1: Dorex2007 (big blind) showed [2h 6c] and won ($0.05) with a pair of Sevens
Seat 2: dvdhmstar folded before Flop (didn't bet)
Seat 3: Lars137 folded before Flop (didn't bet)
Seat 4: BarryA113N folded before Flop (didn't bet)
Seat 5: Domi8472 folded before Flop (didn't bet)
Seat 6: INTIMIDATOR69 folded before Flop (didn't bet)
Seat 7: ZergXVI folded before Flop (didn't bet)
Seat 8: MajorZK (button) mucked [4d 3h]
Seat 9: Paty Doll726 (small blind) folded before Flop



PokerStars Hand #237187186894:  Hold'em No Limit ($0.01/$0.02 USD) - 2022/07/05 18:37:19 PT [2022/07/05 21:37:19 ET]
Table 'Lilium II' 9-max Seat #9 is the button
Seat 1: Dorex2007 ($2.45 in chips) 
Seat 2: dvdhmstar ($1.08 in chips) 
Seat 3: Lars137 ($2.03 in chips) 
Seat 4: BarryA113N ($1.54 in chips) 
Seat 5: Domi8472 ($1.39 in chips) 
Seat 6: INTIMIDATOR69 ($2 in chips) 
Seat 7: ZergXVI ($1.38 in chips) 
Seat 8: MajorZK ($2.44 in chips) 
Seat 9: Paty Doll726 ($0.77 in chips) 
Dorex2007: posts small blind $0.01
dvdhmstar: posts big blind $0.02
*** HOLE CARDS ***
Dealt to Dorex2007 [9s 7c]
Lars137: folds 
BarryA113N: folds 
Domi8472: raises $0.02 to $0.04
INTIMIDATOR69: folds 
ZergXVI: folds 
MajorZK: folds 
Paty Doll726: folds 
Dorex2007: folds 
dvdhmstar: calls $0.02
*** FLOP *** [6d 5s As]
dvdhmstar: checks 
Domi8472: bets $0.04
dvdhmstar: folds 
Uncalled bet ($0.04) returned to Domi8472
Domi8472 collected $0.09 from pot
*** SUMMARY ***
Total pot $0.09 | Rake $0 
Board [6d 5s As]
Seat 1: Dorex2007 (small blind) folded before Flop
Seat 2: dvdhmstar (big blind) folded on the Flop
Seat 3: Lars137 folded before Flop (didn't bet)
Seat 4: BarryA113N folded before Flop (didn't bet)
Seat 5: Domi8472 collected ($0.09)
Seat 6: INTIMIDATOR69 folded before Flop (didn't bet)
Seat 7: ZergXVI folded before Flop (didn't bet)
Seat 8: MajorZK folded before Flop (didn't bet)
Seat 9: Paty Doll726 (button) folded before Flop (didn't bet)



PokerStars Hand #237187191776:  Hold'em No Limit ($0.01/$0.02 USD) - 2022/07/05 18:37:43 PT [2022/07/05 21:37:43 ET]
Table 'Lilium II' 9-max Seat #1 is the button
Seat 1: Dorex2007 ($2.44 in chips) 
Seat 2: dvdhmstar ($1.04 in chips) 
Seat 3: Lars137 ($2.03 in chips) 
Seat 4: BarryA113N ($1.54 in chips) 
Seat 5: Domi8472 ($1.44 in chips) 
Seat 6: INTIMIDATOR69 ($2 in chips) 
Seat 7: ZergXVI ($1.38 in chips) 
Seat 8: MajorZK ($2.44 in chips) 
Seat 9: Paty Doll726 ($0.77 in chips) 
dvdhmstar: posts small blind $0.01
Lars137: posts big blind $0.02
*** HOLE CARDS ***
Dealt to Dorex2007 [Qh 8d]
BarryA113N: folds 
Domi8472: calls $0.02
INTIMIDATOR69: raises $0.16 to $0.18
ZergXVI: folds 
MajorZK: folds 
Paty Doll726: folds 
Dorex2007: folds 
dvdhmstar: folds 
Lars137: folds 
Domi8472: folds 
Uncalled bet ($0.16) returned to INTIMIDATOR69
INTIMIDATOR69 collected $0.07 from pot
*** SUMMARY ***
Total pot $0.07 | Rake $0 
Seat 1: Dorex2007 (button) folded before Flop (didn't bet)
Seat 2: dvdhmstar (small blind) folded before Flop
Seat 3: Lars137 (big blind) folded before Flop
Seat 4: BarryA113N folded before Flop (didn't bet)
Seat 5: Domi8472 folded before Flop
Seat 6: INTIMIDATOR69 collected ($0.07)
Seat 7: ZergXVI folded before Flop (didn't bet)
Seat 8: MajorZK folded before Flop (didn't bet)
Seat 9: Paty Doll726 folded before Flop (didn't bet)



PokerStars Hand #237187201493:  Hold'em No Limit ($0.01/$0.02 USD) - 2022/07/05 18:38:09 PT [2022/07/05 21:38:09 ET]
Table 'Lilium II' 9-max Seat #2 is the button
Seat 1: Dorex2007 ($2.44 in chips) 
Seat 2: dvdhmstar ($1.03 in chips) 
Seat 3: Lars137 ($2.01 in chips) 
Seat 4: BarryA113N ($1.54 in chips) 
Seat 5: Domi8472 ($1.42 in chips) 
Seat 6: INTIMIDATOR69 ($2.05 in chips) 
Seat 7: ZergXVI ($1.38 in chips) 
Seat 8: MajorZK ($2.44 in chips) 
Seat 9: Paty Doll726 ($0.77 in chips) 
Lars137: posts small blind $0.01
BarryA113N: posts big blind $0.02
*** HOLE CARDS ***
Dealt to Dorex2007 [Kc 9s]
Domi8472: folds 
INTIMIDATOR69: calls $0.02
ZergXVI: folds 
MajorZK: folds 
Paty Doll726: folds 
Dorex2007: folds 
dvdhmstar: folds 
Lars137: calls $0.01
BarryA113N: checks 
*** FLOP *** [Td 2c 6s]
Lars137: checks 
BarryA113N: checks 
INTIMIDATOR69: bets $0.06
Lars137: folds 
BarryA113N: folds 
Uncalled bet ($0.06) returned to INTIMIDATOR69
INTIMIDATOR69 collected $0.06 from pot
*** SUMMARY ***
Total pot $0.06 | Rake $0 
Board [Td 2c 6s]
Seat 1: Dorex2007 folded before Flop (didn't bet)
Seat 2: dvdhmstar (button) folded before Flop (didn't bet)
Seat 3: Lars137 (small blind) folded on the Flop
Seat 4: BarryA113N (big blind) folded on the Flop
Seat 5: Domi8472 folded before Flop (didn't bet)
Seat 6: INTIMIDATOR69 collected ($0.06)
Seat 7: ZergXVI folded before Flop (didn't bet)
Seat 8: MajorZK folded before Flop (didn't bet)
Seat 9: Paty Doll726 folded before Flop (didn't bet)



PokerStars Hand #237187211433:  Hold'em No Limit ($0.01/$0.02 USD) - 2022/07/05 18:38:57 PT [2022/07/05 21:38:57 ET]
Table 'Lilium II' 9-max Seat #3 is the button
Seat 1: Dorex2007 ($2.44 in chips) 
Seat 2: dvdhmstar ($1.03 in chips) 
Seat 3: Lars137 ($1.99 in chips) 
Seat 4: BarryA113N ($1.52 in chips) 
Seat 5: Domi8472 ($1.42 in chips) 
Seat 6: INTIMIDATOR69 ($2.09 in chips) 
Seat 7: ZergXVI ($1.38 in chips) 
Seat 8: MajorZK ($2.44 in chips) 
Seat 9: Paty Doll726 ($0.77 in chips) 
BarryA113N: posts small blind $0.01
Domi8472: posts big blind $0.02
*** HOLE CARDS ***
Dealt to Dorex2007 [8d 6h]
INTIMIDATOR69: raises $0.16 to $0.18
ZergXVI: folds 
MajorZK: folds 
Paty Doll726: folds 
Dorex2007: folds 
dvdhmstar: folds 
Lars137: folds 
BarryA113N: folds 
Domi8472: calls $0.16
*** FLOP *** [4s 7c 6s]
Domi8472: checks 
INTIMIDATOR69: bets $0.36
Domi8472: folds 
Uncalled bet ($0.36) returned to INTIMIDATOR69
INTIMIDATOR69 collected $0.36 from pot
*** SUMMARY ***
Total pot $0.37 | Rake $0.01 
Board [4s 7c 6s]
Seat 1: Dorex2007 folded before Flop (didn't bet)
Seat 2: dvdhmstar folded before Flop (didn't bet)
Seat 3: Lars137 (button) folded before Flop (didn't bet)
Seat 4: BarryA113N (small blind) folded before Flop
Seat 5: Domi8472 (big blind) folded on the Flop
Seat 6: INTIMIDATOR69 collected ($0.36)
Seat 7: ZergXVI folded before Flop (didn't bet)
Seat 8: MajorZK folded before Flop (didn't bet)
Seat 9: Paty Doll726 folded before Flop (didn't bet)



PokerStars Hand #237187220346:  Hold'em No Limit ($0.01/$0.02 USD) - 2022/07/05 18:39:41 PT [2022/07/05 21:39:41 ET]
Table 'Lilium II' 9-max Seat #4 is the button
Seat 1: Dorex2007 ($2.44 in chips) 
Seat 2: dvdhmstar ($1.03 in chips) 
Seat 3: Lars137 ($1.99 in chips) 
Seat 4: BarryA113N ($1.51 in chips) 
Seat 5: Domi8472 ($1.24 in chips) 
Seat 6: INTIMIDATOR69 ($2.27 in chips) 
Seat 7: ZergXVI ($1.38 in chips) 
Seat 8: MajorZK ($2.44 in chips) 
Seat 9: Paty Doll726 ($0.77 in chips) 
Domi8472: posts small blind $0.01
INTIMIDATOR69: posts big blind $0.02
*** HOLE CARDS ***
Dealt to Dorex2007 [Ts Kh]
ZergXVI: folds 
ZergXVI is disconnected 
MajorZK: folds 
Paty Doll726: folds 
Dorex2007: calls $0.02
dvdhmstar: folds 
Lars137: folds 
BarryA113N: calls $0.02
Domi8472: calls $0.01
INTIMIDATOR69: checks 
*** FLOP *** [9c Qs 4s]
Domi8472: checks 
INTIMIDATOR69: checks 
Dorex2007: checks 
BarryA113N: checks 
*** TURN *** [9c Qs 4s] [7c]
Domi8472: bets $0.08
INTIMIDATOR69: folds 
Dorex2007: folds 
BarryA113N: calls $0.08
*** RIVER *** [9c Qs 4s 7c] [2s]
Domi8472: bets $0.15
BarryA113N: folds 
Uncalled bet ($0.15) returned to Domi8472
Domi8472 collected $0.23 from pot
*** SUMMARY ***
Total pot $0.24 | Rake $0.01 
Board [9c Qs 4s 7c 2s]
Seat 1: Dorex2007 folded on the Turn
Seat 2: dvdhmstar folded before Flop (didn't bet)
Seat 3: Lars137 folded before Flop (didn't bet)
Seat 4: BarryA113N (button) folded on the River
Seat 5: Domi8472 (small blind) collected ($0.23)
Seat 6: INTIMIDATOR69 (big blind) folded on the Turn
Seat 7: ZergXVI folded before Flop (didn't bet)
Seat 8: MajorZK folded before Flop (didn't bet)
Seat 9: Paty Doll726 folded before Flop (didn't bet)



PokerStars Hand #237187239847:  Hold'em No Limit ($0.01/$0.02 USD) - 2022/07/05 18:40:56 PT [2022/07/05 21:40:56 ET]
Table 'Lilium II' 9-max Seat #5 is the button
Seat 1: Dorex2007 ($2.42 in chips) 
Seat 2: dvdhmstar ($1.03 in chips) 
Seat 3: Lars137 ($1.99 in chips) 
Seat 4: BarryA113N ($1.41 in chips) 
Seat 5: Domi8472 ($1.37 in chips) 
Seat 6: INTIMIDATOR69 ($2.25 in chips) 
Seat 7: ZergXVI ($1.38 in chips) 
Seat 8: MajorZK ($2.44 in chips) 
Seat 9: Paty Doll726 ($0.77 in chips) 
INTIMIDATOR69: posts small blind $0.01
ZergXVI: posts big blind $0.02
*** HOLE CARDS ***
Dealt to Dorex2007 [Ad 3s]
MajorZK has timed out
MajorZK: folds 
Paty Doll726: calls $0.02
Dorex2007: folds 
dvdhmstar: raises $0.04 to $0.06
Lars137: folds 
BarryA113N: folds 
Domi8472: folds 
INTIMIDATOR69: calls $0.05
ZergXVI: calls $0.04
Paty Doll726: calls $0.04
*** FLOP *** [7d Tc Jd]
INTIMIDATOR69: bets $0.23
ZergXVI: calls $0.23
Paty Doll726: folds 
dvdhmstar: folds 
*** TURN *** [7d Tc Jd] [5h]
INTIMIDATOR69: bets $1.18
ZergXVI: calls $1.09 and is all-in
Uncalled bet ($0.09) returned to INTIMIDATOR69
*** RIVER *** [7d Tc Jd 5h] [Kd]
*** SHOW DOWN ***
INTIMIDATOR69: shows [Ts Jc] (two pair, Jacks and Tens)
ZergXVI: shows [Qh Ks] (a pair of Kings)
INTIMIDATOR69 collected $2.78 from pot
*** SUMMARY ***
Total pot $2.88 | Rake $0.10 
Board [7d Tc Jd 5h Kd]
Seat 1: Dorex2007 folded before Flop (didn't bet)
Seat 2: dvdhmstar folded on the Flop
Seat 3: Lars137 folded before Flop (didn't bet)
Seat 4: BarryA113N folded before Flop (didn't bet)
Seat 5: Domi8472 (button) folded before Flop (didn't bet)
Seat 6: INTIMIDATOR69 (small blind) showed [Ts Jc] and won ($2.78) with two pair, Jacks and Tens
Seat 7: ZergXVI (big blind) showed [Qh Ks] and lost with a pair of Kings
Seat 8: MajorZK folded before Flop (didn't bet)
Seat 9: Paty Doll726 folded on the Flop



PokerStars Hand #237187252597:  Hold'em No Limit ($0.01/$0.02 USD) - 2022/07/05 18:42:00 PT [2022/07/05 21:42:00 ET]
Table 'Lilium II' 9-max Seat #6 is the button
Seat 1: Dorex2007 ($2.42 in chips) 
Seat 2: dvdhmstar ($0.97 in chips) 
Seat 3: Lars137 ($1.99 in chips) 
Seat 4: BarryA113N ($1.41 in chips) 
Seat 5: Domi8472 ($1.37 in chips) 
Seat 6: INTIMIDATOR69 ($3.65 in chips) 
Dorex2007: posts small blind $0.01
dvdhmstar: posts big blind $0.02
*** HOLE CARDS ***
Dealt to Dorex2007 [2s 5s]
Lars137: folds 
BarryA113N: folds 
Domi8472: raises $0.04 to $0.06
ZergXVI leaves the table
MajorZK leaves the table
Paty Doll726 leaves the table
INTIMIDATOR69: raises $0.26 to $0.32
Dorex2007: folds 
dvdhmstar: folds 
Domi8472: folds 
Uncalled bet ($0.26) returned to INTIMIDATOR69
INTIMIDATOR69 collected $0.15 from pot
*** SUMMARY ***
Total pot $0.15 | Rake $0 
Seat 1: Dorex2007 (small blind) folded before Flop
Seat 2: dvdhmstar (big blind) folded before Flop
Seat 3: Lars137 folded before Flop (didn't bet)
Seat 4: BarryA113N folded before Flop (didn't bet)
Seat 5: Domi8472 folded before Flop
Seat 6: INTIMIDATOR69 (button) collected ($0.15)



PokerStars Hand #237187257807:  Hold'em No Limit ($0.01/$0.02 USD) - 2022/07/05 18:42:26 PT [2022/07/05 21:42:26 ET]
Table 'Lilium II' 9-max Seat #1 is the button
Seat 1: Dorex2007 ($2.41 in chips) 
Seat 2: dvdhmstar ($0.95 in chips) 
Seat 3: Lars137 ($1.99 in chips) 
Seat 4: BarryA113N ($1.41 in chips) 
Seat 5: Domi8472 ($1.31 in chips) 
Seat 6: INTIMIDATOR69 ($3.74 in chips) 
dvdhmstar: posts small blind $0.01
Lars137: posts big blind $0.02
*** HOLE CARDS ***
Dealt to Dorex2007 [Jh Ad]
BarryA113N: calls $0.02
Domi8472: folds 
INTIMIDATOR69: calls $0.02
Dorex2007: raises $0.04 to $0.06
dvdhmstar: folds 
Lars137: folds 
BarryA113N: calls $0.04
INTIMIDATOR69: calls $0.04
*** FLOP *** [Qh Kd 5h]
BarryA113N: checks 
INTIMIDATOR69: checks 
Dorex2007: checks 
*** TURN *** [Qh Kd 5h] [7d]
BarryA113N: bets $0.06
INTIMIDATOR69: calls $0.06
Dorex2007: folds 
*** RIVER *** [Qh Kd 5h 7d] [2c]
BarryA113N: bets $0.10
INTIMIDATOR69: calls $0.10
*** SHOW DOWN ***
BarryA113N: shows [Jd 8d] (high card King)
INTIMIDATOR69: shows [Ts Qs] (a pair of Queens)
INTIMIDATOR69 collected $0.51 from pot
*** SUMMARY ***
Total pot $0.53 | Rake $0.02 
Board [Qh Kd 5h 7d 2c]
Seat 1: Dorex2007 (button) folded on the Turn
Seat 2: dvdhmstar (small blind) folded before Flop
Seat 3: Lars137 (big blind) folded before Flop
Seat 4: BarryA113N showed [Jd 8d] and lost with high card King
Seat 5: Domi8472 folded before Flop (didn't bet)
Seat 6: INTIMIDATOR69 showed [Ts Qs] and won ($0.51) with a pair of Queens



PokerStars Hand #237187275372:  Hold'em No Limit ($0.01/$0.02 USD) - 2022/07/05 18:43:54 PT [2022/07/05 21:43:54 ET]
Table 'Lilium II' 9-max Seat #2 is the button
Seat 1: Dorex2007 ($2.35 in chips) 
Seat 2: dvdhmstar ($0.94 in chips) 
Seat 3: Lars137 ($1.97 in chips) 
Seat 4: BarryA113N ($1.19 in chips) 
Seat 5: Domi8472 ($1.31 in chips) 
Seat 6: INTIMIDATOR69 ($4.03 in chips) 
Lars137: posts small blind $0.01
BarryA113N: posts big blind $0.02
*** HOLE CARDS ***
Dealt to Dorex2007 [Ac 4s]
Domi8472: folds 
INTIMIDATOR69: calls $0.02
Dorex2007: folds 
dvdhmstar: raises $0.06 to $0.08
Lars137: folds 
Domi8472 leaves the table
BarryA113N: folds 
INTIMIDATOR69: calls $0.06
*** FLOP *** [3c Th Ad]
INTIMIDATOR69: checks 
dvdhmstar: bets $0.09
INTIMIDATOR69: calls $0.09
*** TURN *** [3c Th Ad] [5s]
INTIMIDATOR69: checks 
dvdhmstar: checks 
*** RIVER *** [3c Th Ad 5s] [3h]
INTIMIDATOR69: bets $0.10
dvdhmstar: calls $0.10
*** SHOW DOWN ***
INTIMIDATOR69: shows [Jd Td] (two pair, Tens and Threes)
dvdhmstar: shows [Qs Qc] (two pair, Queens and Threes)
dvdhmstar collected $0.55 from pot
*** SUMMARY ***
Total pot $0.57 | Rake $0.02 
Board [3c Th Ad 5s 3h]
Seat 1: Dorex2007 folded before Flop (didn't bet)
Seat 2: dvdhmstar (button) showed [Qs Qc] and won ($0.55) with two pair, Queens and Threes
Seat 3: Lars137 (small blind) folded before Flop
Seat 4: BarryA113N (big blind) folded before Flop
Seat 5: Domi8472 folded before Flop (didn't bet)
Seat 6: INTIMIDATOR69 showed [Jd Td] and lost with two pair, Tens and Threes



PokerStars Hand #237187281991:  Hold'em No Limit ($0.01/$0.02 USD) - 2022/07/05 18:44:27 PT [2022/07/05 21:44:27 ET]
Table 'Lilium II' 9-max Seat #3 is the button
Seat 1: Dorex2007 ($2.35 in chips) 
Seat 2: dvdhmstar ($1.22 in chips) 
Seat 3: Lars137 ($1.96 in chips) 
Seat 4: BarryA113N ($1.17 in chips) 
Seat 6: INTIMIDATOR69 ($3.76 in chips) 
BarryA113N: posts small blind $0.01
INTIMIDATOR69: posts big blind $0.02
*** HOLE CARDS ***
Dealt to Dorex2007 [2c 9c]
Dorex2007: folds 
dvdhmstar: raises $0.04 to $0.06
Lars137: folds 
BarryA113N: folds 
INTIMIDATOR69: calls $0.04
*** FLOP *** [7c 2d Kh]
INTIMIDATOR69: checks 
dvdhmstar: bets $0.06
INTIMIDATOR69: folds 
Uncalled bet ($0.06) returned to dvdhmstar
dvdhmstar collected $0.13 from pot
*** SUMMARY ***
Total pot $0.13 | Rake $0 
Board [7c 2d Kh]
Seat 1: Dorex2007 folded before Flop (didn't bet)
Seat 2: dvdhmstar collected ($0.13)
Seat 3: Lars137 (button) folded before Flop (didn't bet)
Seat 4: BarryA113N (small blind) folded before Flop
Seat 6: INTIMIDATOR69 (big blind) folded on the Flop



PokerStars Hand #237187287119:  Hold'em No Limit ($0.01/$0.02 USD) - 2022/07/05 18:44:52 PT [2022/07/05 21:44:52 ET]
Table 'Lilium II' 9-max Seat #4 is the button
Seat 1: Dorex2007 ($2.35 in chips) 
Seat 2: dvdhmstar ($1.29 in chips) 
Seat 3: Lars137 ($1.96 in chips) 
Seat 4: BarryA113N ($1.16 in chips) 
Seat 6: INTIMIDATOR69 ($3.70 in chips) 
INTIMIDATOR69: posts small blind $0.01
Dorex2007: posts big blind $0.02
*** HOLE CARDS ***
Dealt to Dorex2007 [Js 9d]
dvdhmstar: folds 
Lars137: folds 
BarryA113N: raises $0.08 to $0.10
INTIMIDATOR69: folds 
Dorex2007: folds 
Uncalled bet ($0.08) returned to BarryA113N
BarryA113N collected $0.05 from pot
*** SUMMARY ***
Total pot $0.05 | Rake $0 
Seat 1: Dorex2007 (big blind) folded before Flop
Seat 2: dvdhmstar folded before Flop (didn't bet)
Seat 3: Lars137 folded before Flop (didn't bet)
Seat 4: BarryA113N (button) collected ($0.05)
Seat 6: INTIMIDATOR69 (small blind) folded before Flop



PokerStars Hand #237187290481:  Hold'em No Limit ($0.01/$0.02 USD) - 2022/07/05 18:45:08 PT [2022/07/05 21:45:08 ET]
Table 'Lilium II' 9-max Seat #6 is the button
Seat 1: Dorex2007 ($2.33 in chips) 
Seat 2: dvdhmstar ($1.29 in chips) 
Seat 3: Lars137 ($1.96 in chips) 
Seat 4: BarryA113N ($1.19 in chips) 
Seat 6: INTIMIDATOR69 ($3.69 in chips) 
Dorex2007: posts small blind $0.01
dvdhmstar: posts big blind $0.02
*** HOLE CARDS ***
Dealt to Dorex2007 [Th 4h]
Lars137: folds 
BarryA113N: folds 
INTIMIDATOR69: calls $0.02
Dorex2007: folds 
dvdhmstar: checks 
*** FLOP *** [Ac 7h As]
dvdhmstar: checks 
INTIMIDATOR69: checks 
*** TURN *** [Ac 7h As] [9d]
dvdhmstar: bets $0.06
INTIMIDATOR69: calls $0.06
*** RIVER *** [Ac 7h As 9d] [6s]
dvdhmstar: bets $0.02
INTIMIDATOR69: calls $0.02
*** SHOW DOWN ***
dvdhmstar: shows [7c Ah] (a full house, Aces full of Sevens)
INTIMIDATOR69: mucks hand 
dvdhmstar collected $0.20 from pot
*** SUMMARY ***
Total pot $0.21 | Rake $0.01 
Board [Ac 7h As 9d 6s]
Seat 1: Dorex2007 (small blind) folded before Flop
Seat 2: dvdhmstar (big blind) showed [7c Ah] and won ($0.20) with a full house, Aces full of Sevens
Seat 3: Lars137 folded before Flop (didn't bet)
Seat 4: BarryA113N folded before Flop (didn't bet)
Seat 6: INTIMIDATOR69 (button) mucked [6c 9h]



PokerStars Hand #237187296817:  Hold'em No Limit ($0.01/$0.02 USD) - 2022/07/05 18:45:40 PT [2022/07/05 21:45:40 ET]
Table 'Lilium II' 9-max Seat #1 is the button
Seat 1: Dorex2007 ($2.32 in chips) 
Seat 2: dvdhmstar ($1.39 in chips) 
Seat 3: Lars137 ($1.96 in chips) 
Seat 4: BarryA113N ($1.19 in chips) 
dvdhmstar: posts small blind $0.01
Lars137: posts big blind $0.02
*** HOLE CARDS ***
Dealt to Dorex2007 [Kh Ac]
BarryA113N: folds 
Dorex2007: calls $0.02
dvdhmstar: folds 
Lars137: checks 
*** FLOP *** [5h 6c 2c]
Lars137: checks 
Dorex2007: checks 
*** TURN *** [5h 6c 2c] [9h]
Lars137: checks 
Dorex2007: checks 
*** RIVER *** [5h 6c 2c 9h] [4h]
Lars137: checks 
Dorex2007: checks 
*** SHOW DOWN ***
Lars137: shows [4d 8c] (a pair of Fours)
Dorex2007: mucks hand 
Lars137 collected $0.05 from pot
*** SUMMARY ***
Total pot $0.05 | Rake $0 
Board [5h 6c 2c 9h 4h]
Seat 1: Dorex2007 (button) mucked [Kh Ac]
Seat 2: dvdhmstar (small blind) folded before Flop
Seat 3: Lars137 (big blind) showed [4d 8c] and won ($0.05) with a pair of Fours
Seat 4: BarryA113N folded before Flop (didn't bet)



PokerStars Hand #237187308728:  Hold'em No Limit ($0.01/$0.02 USD) - 2022/07/05 18:46:39 PT [2022/07/05 21:46:39 ET]
Table 'Lilium II' 9-max Seat #2 is the button
Seat 1: Dorex2007 ($2.30 in chips) 
Seat 2: dvdhmstar ($1.38 in chips) 
Seat 3: Lars137 ($1.99 in chips) 
Seat 4: BarryA113N ($1.19 in chips) 
Lars137: posts small blind $0.01
BarryA113N: posts big blind $0.02
*** HOLE CARDS ***
Dealt to Dorex2007 [Jh 2c]
Dorex2007: folds 
dvdhmstar: folds 
Lars137: folds 
Uncalled bet ($0.01) returned to BarryA113N
BarryA113N collected $0.02 from pot
*** SUMMARY ***
Total pot $0.02 | Rake $0 
Seat 1: Dorex2007 folded before Flop (didn't bet)
Seat 2: dvdhmstar (button) folded before Flop (didn't bet)
Seat 3: Lars137 (small blind) folded before Flop
Seat 4: BarryA113N (big blind) collected ($0.02)



