PokerStars Hand #238318413507:  Hold'em No Limit ($0.02/$0.05 USD) - 2022/08/30 15:56:10 PT [2022/08/30 18:56:10 ET]
Table 'Rhesus II' 9-max Seat #9 is the button
Seat 1: ZAURBEKK2013 ($6.17 in chips) 
Seat 2: davros999 ($3.23 in chips) 
Seat 3: Barabba777 ($9.74 in chips) 
Seat 4: HypnoToad309 ($5.86 in chips) 
Seat 5: gmitoi ($5 in chips) 
Seat 6: M@verick21 ($14.41 in chips) 
Seat 7: webby170 ($11.49 in chips) 
Seat 8: Dorex2007 ($5 in chips) 
Seat 9: borgtime788 ($3.88 in chips) 
ZAURBEKK2013: posts small blind $0.02
davros999: posts big blind $0.05
Dorex2007: posts big blind $0.05
*** HOLE CARDS ***
Dealt to Dorex2007 [Td 9h]
Barabba777: folds 
HypnoToad309: calls $0.05
gmitoi: calls $0.05
M@verick21: folds 
webby170: folds 
Dorex2007: checks 
borgtime788: calls $0.05
ZAURBEKK2013: folds 
davros999: checks 
*** FLOP *** [Qh 6d 6s]
davros999: checks 
HypnoToad309: checks 
gmitoi: checks 
Dorex2007: checks 
borgtime788: bets $0.08
davros999: folds 
HypnoToad309: folds 
gmitoi: folds 
Dorex2007: folds 
Uncalled bet ($0.08) returned to borgtime788
borgtime788 collected $0.26 from pot
borgtime788: doesn't show hand 
*** SUMMARY ***
Total pot $0.27 | Rake $0.01 
Board [Qh 6d 6s]
Seat 1: ZAURBEKK2013 (small blind) folded before Flop
Seat 2: davros999 (big blind) folded on the Flop
Seat 3: Barabba777 folded before Flop (didn't bet)
Seat 4: HypnoToad309 folded on the Flop
Seat 5: gmitoi folded on the Flop
Seat 6: M@verick21 folded before Flop (didn't bet)
Seat 7: webby170 folded before Flop (didn't bet)
Seat 8: Dorex2007 folded on the Flop (didn't bet)
Seat 9: borgtime788 (button) collected ($0.26)



PokerStars Hand #238318423722:  Hold'em No Limit ($0.02/$0.05 USD) - 2022/08/30 15:56:53 PT [2022/08/30 18:56:53 ET]
Table 'Rhesus II' 9-max Seat #1 is the button
Seat 1: ZAURBEKK2013 ($6.15 in chips) 
Seat 2: davros999 ($3.18 in chips) 
Seat 3: Barabba777 ($9.74 in chips) 
Seat 4: HypnoToad309 ($5.81 in chips) 
Seat 5: gmitoi ($5 in chips) 
Seat 6: M@verick21 ($14.41 in chips) 
Seat 7: webby170 ($11.49 in chips) 
Seat 8: Dorex2007 ($5 in chips) 
Seat 9: borgtime788 ($4.09 in chips) 
davros999: posts small blind $0.02
Barabba777: posts big blind $0.05
*** HOLE CARDS ***
Dealt to Dorex2007 [6s Ks]
HypnoToad309: calls $0.05
gmitoi: folds 
M@verick21: folds 
webby170: raises $0.18 to $0.23
Dorex2007: folds 
borgtime788: folds 
ZAURBEKK2013: folds 
davros999 is disconnected 
M@verick21 leaves the table
davros999 has timed out while being disconnected
davros999: folds 
Barabba777: folds 
HypnoToad309: calls $0.18
*** FLOP *** [Ts 4c Qc]
HypnoToad309: checks 
webby170: checks 
*** TURN *** [Ts 4c Qc] [As]
HypnoToad309: checks 
webby170: bets $0.25
HypnoToad309: calls $0.25
*** RIVER *** [Ts 4c Qc As] [Ad]
HypnoToad309: checks 
webby170: bets $0.29
ZAURBEKK2013 is disconnected 
HypnoToad309: raises $0.29 to $0.58
webby170: folds [Jc Jd]
Uncalled bet ($0.29) returned to HypnoToad309
HypnoToad309 collected $1.54 from pot
*** SUMMARY ***
Total pot $1.61 | Rake $0.07 
Board [Ts 4c Qc As Ad]
Seat 1: ZAURBEKK2013 (button) folded before Flop (didn't bet)
Seat 2: davros999 (small blind) folded before Flop
Seat 3: Barabba777 (big blind) folded before Flop
Seat 4: HypnoToad309 collected ($1.54)
Seat 5: gmitoi folded before Flop (didn't bet)
Seat 6: M@verick21 folded before Flop (didn't bet)
Seat 7: webby170 folded on the River
Seat 8: Dorex2007 folded before Flop (didn't bet)
Seat 9: borgtime788 folded before Flop (didn't bet)



PokerStars Hand #238318459750:  Hold'em No Limit ($0.02/$0.05 USD) - 2022/08/30 15:59:24 PT [2022/08/30 18:59:24 ET]
Table 'Rhesus II' 9-max Seat #3 is the button
Seat 1: ZAURBEKK2013 ($6.15 in chips) 
Seat 3: Barabba777 ($9.69 in chips) 
Seat 4: HypnoToad309 ($6.58 in chips) 
Seat 5: gmitoi ($5 in chips) 
Seat 7: webby170 ($10.72 in chips) 
Seat 8: Dorex2007 ($5 in chips) 
Seat 9: borgtime788 ($4.09 in chips) 
HypnoToad309: posts small blind $0.02
gmitoi: posts big blind $0.05
*** HOLE CARDS ***
Dealt to Dorex2007 [7c 4c]
webby170: folds 
Dorex2007: folds 
borgtime788: folds 
ZAURBEKK2013: folds 
Barabba777: folds 
HypnoToad309: folds 
Uncalled bet ($0.03) returned to gmitoi
gmitoi collected $0.04 from pot
gmitoi: doesn't show hand 
*** SUMMARY ***
Total pot $0.04 | Rake $0 
Seat 1: ZAURBEKK2013 folded before Flop (didn't bet)
Seat 3: Barabba777 (button) folded before Flop (didn't bet)
Seat 4: HypnoToad309 (small blind) folded before Flop
Seat 5: gmitoi (big blind) collected ($0.04)
Seat 7: webby170 folded before Flop (didn't bet)
Seat 8: Dorex2007 folded before Flop (didn't bet)
Seat 9: borgtime788 folded before Flop (didn't bet)



PokerStars Hand #238318465836:  Hold'em No Limit ($0.02/$0.05 USD) - 2022/08/30 15:59:50 PT [2022/08/30 18:59:50 ET]
Table 'Rhesus II' 9-max Seat #4 is the button
Seat 1: ZAURBEKK2013 ($6.15 in chips) 
Seat 3: Barabba777 ($9.69 in chips) 
Seat 4: HypnoToad309 ($6.56 in chips) 
Seat 5: gmitoi ($5.02 in chips) 
Seat 7: webby170 ($10.72 in chips) 
Seat 8: Dorex2007 ($5 in chips) 
Seat 9: borgtime788 ($4.09 in chips) 
gmitoi: posts small blind $0.02
webby170: posts big blind $0.05
*** HOLE CARDS ***
Dealt to Dorex2007 [4s 6d]
KAAS467 joins the table at seat #6 
Dorex2007: folds 
borgtime788: folds 
ZAURBEKK2013: folds 
Barabba777: calls $0.05
HypnoToad309: folds 
gmitoi: folds 
webby170: raises $0.17 to $0.22
Barabba777: calls $0.17
*** FLOP *** [Ad 9d 8h]
webby170: bets $0.22
Barabba777: calls $0.22
*** TURN *** [Ad 9d 8h] [6h]
KAAS467 leaves the table
webby170: checks 
Barabba777: bets $0.40
webby170: calls $0.40
*** RIVER *** [Ad 9d 8h 6h] [3d]
webby170: checks 
Barabba777: checks 
*** SHOW DOWN ***
webby170: shows [Jh Js] (a pair of Jacks)
Barabba777: shows [4c Ah] (a pair of Aces)
Barabba777 collected $1.63 from pot
*** SUMMARY ***
Total pot $1.70 | Rake $0.07 
Board [Ad 9d 8h 6h 3d]
Seat 1: ZAURBEKK2013 folded before Flop (didn't bet)
Seat 3: Barabba777 showed [4c Ah] and won ($1.63) with a pair of Aces
Seat 4: HypnoToad309 (button) folded before Flop (didn't bet)
Seat 5: gmitoi (small blind) folded before Flop
Seat 7: webby170 (big blind) showed [Jh Js] and lost with a pair of Jacks
Seat 8: Dorex2007 folded before Flop (didn't bet)
Seat 9: borgtime788 folded before Flop (didn't bet)



PokerStars Hand #238318482832:  Hold'em No Limit ($0.02/$0.05 USD) - 2022/08/30 16:00:57 PT [2022/08/30 19:00:57 ET]
Table 'Rhesus II' 9-max Seat #5 is the button
Seat 1: ZAURBEKK2013 ($6.15 in chips) 
Seat 3: Barabba777 ($10.48 in chips) 
Seat 4: HypnoToad309 ($6.56 in chips) 
Seat 5: gmitoi ($5 in chips) 
Seat 7: webby170 ($9.88 in chips) 
Seat 8: Dorex2007 ($5 in chips) 
Seat 9: borgtime788 ($4.09 in chips) 
webby170: posts small blind $0.02
Dorex2007: posts big blind $0.05
*** HOLE CARDS ***
Dealt to Dorex2007 [5s 4c]
borgtime788: raises $0.10 to $0.15
ZAURBEKK2013: folds 
Barabba777 has timed out
Barabba777: folds 
HypnoToad309: folds 
gmitoi: folds 
webby170: folds 
Dorex2007: folds 
Uncalled bet ($0.10) returned to borgtime788
borgtime788 collected $0.12 from pot
borgtime788: doesn't show hand 
*** SUMMARY ***
Total pot $0.12 | Rake $0 
Seat 1: ZAURBEKK2013 folded before Flop (didn't bet)
Seat 3: Barabba777 folded before Flop (didn't bet)
Seat 4: HypnoToad309 folded before Flop (didn't bet)
Seat 5: gmitoi (button) folded before Flop (didn't bet)
Seat 7: webby170 (small blind) folded before Flop
Seat 8: Dorex2007 (big blind) folded before Flop
Seat 9: borgtime788 collected ($0.12)



PokerStars Hand #238318492558:  Hold'em No Limit ($0.02/$0.05 USD) - 2022/08/30 16:01:32 PT [2022/08/30 19:01:32 ET]
Table 'Rhesus II' 9-max Seat #7 is the button
Seat 1: ZAURBEKK2013 ($6.15 in chips) 
Seat 4: HypnoToad309 ($6.56 in chips) 
Seat 5: gmitoi ($5 in chips) 
Seat 7: webby170 ($9.86 in chips) 
Seat 8: Dorex2007 ($5 in chips) 
Seat 9: borgtime788 ($4.16 in chips) 
Dorex2007: posts small blind $0.02
borgtime788: posts big blind $0.05
*** HOLE CARDS ***
Dealt to Dorex2007 [9d 9s]
korop433 joins the table at seat #6 
ZAURBEKK2013: raises $0.10 to $0.15
HypnoToad309: folds 
webby170 is disconnected 
gmitoi: folds 
webby170 is connected 
webby170: folds 
Dorex2007: calls $0.13
borgtime788: raises $0.15 to $0.30
ZAURBEKK2013: calls $0.15
Dorex2007: folds 
*** FLOP *** [4c As 5d]
borgtime788: bets $0.22
ZAURBEKK2013: calls $0.22
*** TURN *** [4c As 5d] [Th]
borgtime788: bets $0.57
ZAURBEKK2013: folds 
Uncalled bet ($0.57) returned to borgtime788
borgtime788 collected $1.13 from pot
borgtime788: doesn't show hand 
*** SUMMARY ***
Total pot $1.19 | Rake $0.06 
Board [4c As 5d Th]
Seat 1: ZAURBEKK2013 folded on the Turn
Seat 4: HypnoToad309 folded before Flop (didn't bet)
Seat 5: gmitoi folded before Flop (didn't bet)
Seat 7: webby170 (button) folded before Flop (didn't bet)
Seat 8: Dorex2007 (small blind) folded before Flop
Seat 9: borgtime788 (big blind) collected ($1.13)



PokerStars Hand #238318510431:  Hold'em No Limit ($0.02/$0.05 USD) - 2022/08/30 16:02:33 PT [2022/08/30 19:02:33 ET]
Table 'Rhesus II' 9-max Seat #8 is the button
Seat 1: ZAURBEKK2013 ($5.63 in chips) 
Seat 3: Barabba777 ($10.48 in chips) 
Seat 4: HypnoToad309 ($6.56 in chips) 
Seat 5: gmitoi ($5 in chips) 
Seat 6: korop433 ($2.87 in chips) 
Seat 7: webby170 ($9.86 in chips) 
Seat 8: Dorex2007 ($5 in chips) 
Seat 9: borgtime788 ($4.77 in chips) 
borgtime788: posts small blind $0.02
ZAURBEKK2013: posts big blind $0.05
korop433: posts big blind $0.05
*** HOLE CARDS ***
Dealt to Dorex2007 [2s 6h]
Barabba777: folds 
HypnoToad309: folds 
gmitoi: folds 
korop433: raises $0.05 to $0.10
webby170: calls $0.10
Dorex2007: folds 
borgtime788: folds 
ZAURBEKK2013: folds 
*** FLOP *** [2d 9h 6c]
korop433: checks 
webby170: checks 
*** TURN *** [2d 9h 6c] [4d]
korop433: bets $0.26
webby170: folds 
Uncalled bet ($0.26) returned to korop433
korop433 collected $0.26 from pot
*** SUMMARY ***
Total pot $0.27 | Rake $0.01 
Board [2d 9h 6c 4d]
Seat 1: ZAURBEKK2013 (big blind) folded before Flop
Seat 3: Barabba777 folded before Flop (didn't bet)
Seat 4: HypnoToad309 folded before Flop (didn't bet)
Seat 5: gmitoi folded before Flop (didn't bet)
Seat 6: korop433 collected ($0.26)
Seat 7: webby170 folded on the Turn
Seat 8: Dorex2007 (button) folded before Flop (didn't bet)
Seat 9: borgtime788 (small blind) folded before Flop



PokerStars Hand #238318522572:  Hold'em No Limit ($0.02/$0.05 USD) - 2022/08/30 16:03:16 PT [2022/08/30 19:03:16 ET]
Table 'Rhesus II' 9-max Seat #9 is the button
Seat 1: ZAURBEKK2013 ($5.58 in chips) 
Seat 3: Barabba777 ($10.48 in chips) 
Seat 4: HypnoToad309 ($6.56 in chips) 
Seat 5: gmitoi ($5 in chips) 
Seat 6: korop433 ($3.03 in chips) 
Seat 7: webby170 ($9.76 in chips) 
Seat 8: Dorex2007 ($5 in chips) 
Seat 9: borgtime788 ($4.75 in chips) 
ZAURBEKK2013: posts small blind $0.02
Barabba777: posts big blind $0.05
*** HOLE CARDS ***
Dealt to Dorex2007 [Ks 5d]
HypnoToad309: folds 
gmitoi: folds 
korop433: folds 
webby170: folds 
Dorex2007: folds 
borgtime788: folds 
ZAURBEKK2013: folds 
Uncalled bet ($0.03) returned to Barabba777
Barabba777 collected $0.04 from pot
Barabba777: doesn't show hand 
*** SUMMARY ***
Total pot $0.04 | Rake $0 
Seat 1: ZAURBEKK2013 (small blind) folded before Flop
Seat 3: Barabba777 (big blind) collected ($0.04)
Seat 4: HypnoToad309 folded before Flop (didn't bet)
Seat 5: gmitoi folded before Flop (didn't bet)
Seat 6: korop433 folded before Flop (didn't bet)
Seat 7: webby170 folded before Flop (didn't bet)
Seat 8: Dorex2007 folded before Flop (didn't bet)
Seat 9: borgtime788 (button) folded before Flop (didn't bet)



PokerStars Hand #238318528817:  Hold'em No Limit ($0.02/$0.05 USD) - 2022/08/30 16:03:38 PT [2022/08/30 19:03:38 ET]
Table 'Rhesus II' 9-max Seat #1 is the button
Seat 1: ZAURBEKK2013 ($5.56 in chips) 
Seat 3: Barabba777 ($10.50 in chips) 
Seat 4: HypnoToad309 ($6.56 in chips) 
Seat 5: gmitoi ($5 in chips) 
Seat 6: korop433 ($3.03 in chips) 
Seat 7: webby170 ($9.76 in chips) 
Seat 8: Dorex2007 ($5 in chips) 
Seat 9: borgtime788 ($4.75 in chips) 
Barabba777: posts small blind $0.02
HypnoToad309: posts big blind $0.05
*** HOLE CARDS ***
Dealt to Dorex2007 [Jh 3s]
gmitoi: folds 
korop433: raises $0.05 to $0.10
webby170 has timed out
webby170: folds 
Dorex2007: folds 
borgtime788: folds 
ZAURBEKK2013: folds 
Barabba777: folds 
HypnoToad309: calls $0.05
*** FLOP *** [7s 9s 4c]
HypnoToad309: checks 
korop433: bets $0.10
HypnoToad309: calls $0.10
*** TURN *** [7s 9s 4c] [4h]
HypnoToad309: checks 
korop433: bets $0.20
HypnoToad309: calls $0.20
*** RIVER *** [7s 9s 4c 4h] [Kd]
HypnoToad309: checks 
korop433: checks 
*** SHOW DOWN ***
HypnoToad309: shows [5d Ad] (a pair of Fours)
korop433: shows [Qd Ks] (two pair, Kings and Fours)
korop433 collected $0.79 from pot
*** SUMMARY ***
Total pot $0.82 | Rake $0.03 
Board [7s 9s 4c 4h Kd]
Seat 1: ZAURBEKK2013 (button) folded before Flop (didn't bet)
Seat 3: Barabba777 (small blind) folded before Flop
Seat 4: HypnoToad309 (big blind) showed [5d Ad] and lost with a pair of Fours
Seat 5: gmitoi folded before Flop (didn't bet)
Seat 6: korop433 showed [Qd Ks] and won ($0.79) with two pair, Kings and Fours
Seat 7: webby170 folded before Flop (didn't bet)
Seat 8: Dorex2007 folded before Flop (didn't bet)
Seat 9: borgtime788 folded before Flop (didn't bet)



PokerStars Hand #238318552735:  Hold'em No Limit ($0.02/$0.05 USD) - 2022/08/30 16:05:01 PT [2022/08/30 19:05:01 ET]
Table 'Rhesus II' 9-max Seat #3 is the button
Seat 1: ZAURBEKK2013 ($5.56 in chips) 
Seat 3: Barabba777 ($10.48 in chips) 
Seat 4: HypnoToad309 ($6.16 in chips) 
Seat 5: gmitoi ($5 in chips) 
Seat 6: korop433 ($3.42 in chips) 
Seat 7: webby170 ($9.76 in chips) 
Seat 8: Dorex2007 ($5 in chips) 
Seat 9: borgtime788 ($4.75 in chips) 
HypnoToad309: posts small blind $0.02
gmitoi: posts big blind $0.05
*** HOLE CARDS ***
Dealt to Dorex2007 [Td 2h]
ZAURBEKK2013 is disconnected 
korop433: folds 
webby170: folds 
Dorex2007: folds 
borgtime788: raises $0.07 to $0.12
ZAURBEKK2013: folds 
Barabba777: folds 
HypnoToad309: calls $0.10
gmitoi: calls $0.07
*** FLOP *** [Ts Js 9s]
HypnoToad309: checks 
gmitoi: checks 
borgtime788: bets $0.26
HypnoToad309: folds 
gmitoi: folds 
Uncalled bet ($0.26) returned to borgtime788
borgtime788 collected $0.35 from pot
borgtime788: doesn't show hand 
*** SUMMARY ***
Total pot $0.36 | Rake $0.01 
Board [Ts Js 9s]
Seat 1: ZAURBEKK2013 folded before Flop (didn't bet)
Seat 3: Barabba777 (button) folded before Flop (didn't bet)
Seat 4: HypnoToad309 (small blind) folded on the Flop
Seat 5: gmitoi (big blind) folded on the Flop
Seat 6: korop433 folded before Flop (didn't bet)
Seat 7: webby170 folded before Flop (didn't bet)
Seat 8: Dorex2007 folded before Flop (didn't bet)
Seat 9: borgtime788 collected ($0.35)



PokerStars Hand #238318563914:  Hold'em No Limit ($0.02/$0.05 USD) - 2022/08/30 16:05:40 PT [2022/08/30 19:05:40 ET]
Table 'Rhesus II' 9-max Seat #4 is the button
Seat 1: ZAURBEKK2013 ($5.56 in chips) 
Seat 3: Barabba777 ($10.48 in chips) 
Seat 4: HypnoToad309 ($6.04 in chips) 
Seat 5: gmitoi ($5 in chips) 
Seat 7: webby170 ($9.76 in chips) 
Seat 8: Dorex2007 ($5 in chips) 
Seat 9: borgtime788 ($4.98 in chips) 
gmitoi: posts small blind $0.02
webby170: posts big blind $0.05
*** HOLE CARDS ***
Dealt to Dorex2007 [2c Td]
Dorex2007: folds 
borgtime788: raises $0.05 to $0.10
ZAURBEKK2013: folds 
Barabba777: calls $0.10
HypnoToad309: folds 
gmitoi: folds 
webby170: folds 
*** FLOP *** [5s 7h Ac]
borgtime788: checks 
Barabba777: checks 
*** TURN *** [5s 7h Ac] [4d]
borgtime788: bets $0.13
Barabba777: folds 
Uncalled bet ($0.13) returned to borgtime788
borgtime788 collected $0.26 from pot
borgtime788: doesn't show hand 
*** SUMMARY ***
Total pot $0.27 | Rake $0.01 
Board [5s 7h Ac 4d]
Seat 1: ZAURBEKK2013 folded before Flop (didn't bet)
Seat 3: Barabba777 folded on the Turn
Seat 4: HypnoToad309 (button) folded before Flop (didn't bet)
Seat 5: gmitoi (small blind) folded before Flop
Seat 7: webby170 (big blind) folded before Flop
Seat 8: Dorex2007 folded before Flop (didn't bet)
Seat 9: borgtime788 collected ($0.26)



PokerStars Hand #238318571416:  Hold'em No Limit ($0.02/$0.05 USD) - 2022/08/30 16:06:06 PT [2022/08/30 19:06:06 ET]
Table 'Rhesus II' 9-max Seat #5 is the button
Seat 1: ZAURBEKK2013 ($5.56 in chips) 
Seat 3: Barabba777 ($10.38 in chips) 
Seat 4: HypnoToad309 ($6.04 in chips) 
Seat 5: gmitoi ($5 in chips) 
Seat 7: webby170 ($9.71 in chips) 
Seat 8: Dorex2007 ($5 in chips) 
Seat 9: borgtime788 ($5.14 in chips) 
webby170: posts small blind $0.02
Dorex2007: posts big blind $0.05
*** HOLE CARDS ***
Dealt to Dorex2007 [2s Ac]
borgtime788: folds 
ZAURBEKK2013: folds 
Barabba777: raises $0.05 to $0.10
HypnoToad309: calls $0.10
gmitoi: folds 
webby170: folds 
Dorex2007: folds 
*** FLOP *** [8c 5h 5c]
Barabba777: checks 
HypnoToad309: checks 
*** TURN *** [8c 5h 5c] [Qc]
Barabba777: checks 
HypnoToad309: checks 
*** RIVER *** [8c 5h 5c Qc] [8d]
Barabba777: checks 
HypnoToad309: checks 
*** SHOW DOWN ***
Barabba777: shows [Kc Js] (two pair, Eights and Fives)
HypnoToad309: shows [Kh 7c] (two pair, Eights and Fives)
Barabba777 collected $0.13 from pot
HypnoToad309 collected $0.13 from pot
*** SUMMARY ***
Total pot $0.27 | Rake $0.01 
Board [8c 5h 5c Qc 8d]
Seat 1: ZAURBEKK2013 folded before Flop (didn't bet)
Seat 3: Barabba777 showed [Kc Js] and won ($0.13) with two pair, Eights and Fives
Seat 4: HypnoToad309 showed [Kh 7c] and won ($0.13) with two pair, Eights and Fives
Seat 5: gmitoi (button) folded before Flop (didn't bet)
Seat 7: webby170 (small blind) folded before Flop
Seat 8: Dorex2007 (big blind) folded before Flop
Seat 9: borgtime788 folded before Flop (didn't bet)



PokerStars Hand #238318587510:  Hold'em No Limit ($0.02/$0.05 USD) - 2022/08/30 16:07:02 PT [2022/08/30 19:07:02 ET]
Table 'Rhesus II' 9-max Seat #7 is the button
Seat 1: ZAURBEKK2013 ($5.56 in chips) 
Seat 3: Barabba777 ($10.41 in chips) 
Seat 4: HypnoToad309 ($6.07 in chips) 
Seat 5: gmitoi ($5 in chips) 
Seat 6: korop433 ($3.42 in chips) 
Seat 7: webby170 ($9.69 in chips) 
Seat 8: Dorex2007 ($5 in chips) 
Seat 9: borgtime788 ($5.14 in chips) 
Dorex2007: posts small blind $0.02
borgtime788: posts big blind $0.05
korop433: posts small & big blinds $0.07
*** HOLE CARDS ***
Dealt to Dorex2007 [2s 8d]
ZAURBEKK2013: raises $0.10 to $0.15
Barabba777: folds 
HypnoToad309: calls $0.15
gmitoi: folds 
korop433: folds 
webby170: folds 
Dorex2007: folds 
borgtime788: folds 
*** FLOP *** [3s Ac 2h]
ZAURBEKK2013: bets $0.24
HypnoToad309: folds 
Uncalled bet ($0.24) returned to ZAURBEKK2013
ZAURBEKK2013 collected $0.42 from pot
ZAURBEKK2013: doesn't show hand 
*** SUMMARY ***
Total pot $0.44 | Rake $0.02 
Board [3s Ac 2h]
Seat 1: ZAURBEKK2013 collected ($0.42)
Seat 3: Barabba777 folded before Flop (didn't bet)
Seat 4: HypnoToad309 folded on the Flop
Seat 5: gmitoi folded before Flop (didn't bet)
Seat 6: korop433 folded before Flop (didn't bet)
Seat 7: webby170 (button) folded before Flop (didn't bet)
Seat 8: Dorex2007 (small blind) folded before Flop
Seat 9: borgtime788 (big blind) folded before Flop



PokerStars Hand #238318599550:  Hold'em No Limit ($0.02/$0.05 USD) - 2022/08/30 16:07:45 PT [2022/08/30 19:07:45 ET]
Table 'Rhesus II' 9-max Seat #8 is the button
Seat 1: ZAURBEKK2013 ($5.83 in chips) 
Seat 3: Barabba777 ($10.41 in chips) 
Seat 4: HypnoToad309 ($5.92 in chips) 
Seat 5: gmitoi ($5 in chips) 
Seat 6: korop433 ($3.35 in chips) 
Seat 7: webby170 ($9.69 in chips) 
Seat 8: Dorex2007 ($5 in chips) 
Seat 9: borgtime788 ($5.09 in chips) 
borgtime788: posts small blind $0.02
ZAURBEKK2013: posts big blind $0.05
*** HOLE CARDS ***
Dealt to Dorex2007 [6d Kd]
Barabba777: calls $0.05
HypnoToad309: folds 
gmitoi: folds 
korop433: folds 
webby170 has timed out
webby170: folds 
Dorex2007: folds 
borgtime788: calls $0.03
ZAURBEKK2013: checks 
*** FLOP *** [5s 8h Qc]
borgtime788: checks 
ZAURBEKK2013: checks 
davros999 leaves the table
Barabba777: bets $0.10
Al_pkr_plyr joins the table at seat #2 
borgtime788: raises $0.10 to $0.20
ZAURBEKK2013: folds 
Barabba777: calls $0.10
*** TURN *** [5s 8h Qc] [Qh]
borgtime788: bets $0.16
Barabba777: calls $0.16
*** RIVER *** [5s 8h Qc Qh] [4s]
borgtime788: bets $0.41
Barabba777: folds 
Uncalled bet ($0.41) returned to borgtime788
borgtime788 collected $0.82 from pot
borgtime788: doesn't show hand 
*** SUMMARY ***
Total pot $0.87 | Rake $0.05 
Board [5s 8h Qc Qh 4s]
Seat 1: ZAURBEKK2013 (big blind) folded on the Flop
Seat 3: Barabba777 folded on the River
Seat 4: HypnoToad309 folded before Flop (didn't bet)
Seat 5: gmitoi folded before Flop (didn't bet)
Seat 6: korop433 folded before Flop (didn't bet)
Seat 7: webby170 folded before Flop (didn't bet)
Seat 8: Dorex2007 (button) folded before Flop (didn't bet)
Seat 9: borgtime788 (small blind) collected ($0.82)



PokerStars Hand #238318625118:  Hold'em No Limit ($0.02/$0.05 USD) - 2022/08/30 16:09:15 PT [2022/08/30 19:09:15 ET]
Table 'Rhesus II' 9-max Seat #9 is the button
Seat 1: ZAURBEKK2013 ($5.78 in chips) 
Seat 2: Al_pkr_plyr ($5 in chips) 
Seat 3: Barabba777 ($10 in chips) 
Seat 4: HypnoToad309 ($5.92 in chips) 
Seat 5: gmitoi ($5 in chips) 
Seat 6: korop433 ($3.35 in chips) 
Seat 8: Dorex2007 ($5 in chips) 
Seat 9: borgtime788 ($5.50 in chips) 
ZAURBEKK2013: posts small blind $0.02
Al_pkr_plyr: posts big blind $0.05
*** HOLE CARDS ***
Dealt to Dorex2007 [9s Ac]
Barabba777 has timed out
Barabba777: folds 
HypnoToad309: calls $0.05
gmitoi: folds 
korop433: folds 
Dorex2007: folds 
borgtime788: calls $0.05
ZAURBEKK2013: folds 
Al_pkr_plyr: checks 
*** FLOP *** [4d 6c Ad]
Al_pkr_plyr: checks 
HypnoToad309: checks 
borgtime788: bets $0.08
Al_pkr_plyr: folds 
HypnoToad309: calls $0.08
*** TURN *** [4d 6c Ad] [5s]
HypnoToad309: checks 
borgtime788: bets $0.16
HypnoToad309: calls $0.16
*** RIVER *** [4d 6c Ad 5s] [3c]
HypnoToad309: bets $0.25
borgtime788: raises $0.56 to $0.81
HypnoToad309: raises $0.56 to $1.37
borgtime788: calls $0.56
*** SHOW DOWN ***
HypnoToad309: shows [2h 5d] (a straight, Deuce to Six)
borgtime788: shows [7c Jc] (a straight, Three to Seven)
borgtime788 collected $3.21 from pot
*** SUMMARY ***
Total pot $3.39 | Rake $0.18 
Board [4d 6c Ad 5s 3c]
Seat 1: ZAURBEKK2013 (small blind) folded before Flop
Seat 2: Al_pkr_plyr (big blind) folded on the Flop
Seat 3: Barabba777 folded before Flop (didn't bet)
Seat 4: HypnoToad309 showed [2h 5d] and lost with a straight, Deuce to Six
Seat 5: gmitoi folded before Flop (didn't bet)
Seat 6: korop433 folded before Flop (didn't bet)
Seat 8: Dorex2007 folded before Flop (didn't bet)
Seat 9: borgtime788 (button) showed [7c Jc] and won ($3.21) with a straight, Three to Seven



PokerStars Hand #238318647298:  Hold'em No Limit ($0.02/$0.05 USD) - 2022/08/30 16:10:33 PT [2022/08/30 19:10:33 ET]
Table 'Rhesus II' 9-max Seat #1 is the button
Seat 1: ZAURBEKK2013 ($5.76 in chips) 
Seat 2: Al_pkr_plyr ($5 in chips) 
Seat 3: Barabba777 ($10 in chips) 
Seat 4: HypnoToad309 ($4.26 in chips) 
Seat 5: gmitoi ($5 in chips) 
Seat 6: korop433 ($3.35 in chips) 
Seat 8: Dorex2007 ($5 in chips) 
Seat 9: borgtime788 ($7.05 in chips) 
Al_pkr_plyr: posts small blind $0.02
Barabba777: posts big blind $0.05
*** HOLE CARDS ***
Dealt to Dorex2007 [2h As]
HypnoToad309: calls $0.05
gmitoi: folds 
korop433: folds 
Dorex2007: folds 
borgtime788: raises $0.10 to $0.15
ZAURBEKK2013: calls $0.15
Al_pkr_plyr: folds 
Barabba777: folds 
HypnoToad309: calls $0.10
*** FLOP *** [Qh 5c Ts]
HypnoToad309: checks 
borgtime788: bets $0.25
ZAURBEKK2013 is disconnected 
ZAURBEKK2013 is connected 
ZAURBEKK2013: folds 
HypnoToad309: folds 
Uncalled bet ($0.25) returned to borgtime788
borgtime788 collected $0.50 from pot
borgtime788: doesn't show hand 
*** SUMMARY ***
Total pot $0.52 | Rake $0.02 
Board [Qh 5c Ts]
Seat 1: ZAURBEKK2013 (button) folded on the Flop
Seat 2: Al_pkr_plyr (small blind) folded before Flop
Seat 3: Barabba777 (big blind) folded before Flop
Seat 4: HypnoToad309 folded on the Flop
Seat 5: gmitoi folded before Flop (didn't bet)
Seat 6: korop433 folded before Flop (didn't bet)
Seat 8: Dorex2007 folded before Flop (didn't bet)
Seat 9: borgtime788 collected ($0.50)



PokerStars Hand #238318660810:  Hold'em No Limit ($0.02/$0.05 USD) - 2022/08/30 16:11:21 PT [2022/08/30 19:11:21 ET]
Table 'Rhesus II' 9-max Seat #2 is the button
Seat 1: ZAURBEKK2013 ($5.61 in chips) 
Seat 2: Al_pkr_plyr ($5 in chips) 
Seat 3: Barabba777 ($9.95 in chips) 
Seat 4: HypnoToad309 ($4.11 in chips) 
Seat 5: gmitoi ($5 in chips) 
Seat 6: korop433 ($3.35 in chips) 
Seat 8: Dorex2007 ($5 in chips) 
Seat 9: borgtime788 ($7.40 in chips) 
Barabba777: posts small blind $0.02
HypnoToad309: posts big blind $0.05
*** HOLE CARDS ***
Dealt to Dorex2007 [3h Ks]
gmitoi: folds 
korop433: calls $0.05
Dorex2007: folds 
borgtime788: raises $0.07 to $0.12
ZAURBEKK2013: folds 
Al_pkr_plyr: folds 
Barabba777: calls $0.10
HypnoToad309: calls $0.07
korop433: calls $0.07
*** FLOP *** [4d 4s 3c]
Barabba777: checks 
HypnoToad309: checks 
korop433: checks 
borgtime788: bets $0.14
Barabba777: folds 
HypnoToad309: calls $0.14
korop433: folds 
*** TURN *** [4d 4s 3c] [5d]
HypnoToad309: checks 
borgtime788: bets $0.36
HypnoToad309: calls $0.36
*** RIVER *** [4d 4s 3c 5d] [7s]
HypnoToad309: checks 
borgtime788: bets $0.71
HypnoToad309: calls $0.71
*** SHOW DOWN ***
borgtime788: shows [5s Ac] (two pair, Fives and Fours)
HypnoToad309: mucks hand 
borgtime788 collected $2.75 from pot
*** SUMMARY ***
Total pot $2.90 | Rake $0.15 
Board [4d 4s 3c 5d 7s]
Seat 1: ZAURBEKK2013 folded before Flop (didn't bet)
Seat 2: Al_pkr_plyr (button) folded before Flop (didn't bet)
Seat 3: Barabba777 (small blind) folded on the Flop
Seat 4: HypnoToad309 (big blind) mucked [As Qd]
Seat 5: gmitoi folded before Flop (didn't bet)
Seat 6: korop433 folded on the Flop
Seat 8: Dorex2007 folded before Flop (didn't bet)
Seat 9: borgtime788 showed [5s Ac] and won ($2.75) with two pair, Fives and Fours



PokerStars Hand #238318682210:  Hold'em No Limit ($0.02/$0.05 USD) - 2022/08/30 16:12:37 PT [2022/08/30 19:12:37 ET]
Table 'Rhesus II' 9-max Seat #3 is the button
Seat 1: ZAURBEKK2013 ($5.61 in chips) 
Seat 2: Al_pkr_plyr ($5 in chips) 
Seat 3: Barabba777 ($9.83 in chips) 
Seat 4: HypnoToad309 ($2.78 in chips) 
Seat 5: gmitoi ($5 in chips) 
Seat 6: korop433 ($3.23 in chips) 
Seat 8: Dorex2007 ($5 in chips) 
Seat 9: borgtime788 ($8.82 in chips) 
HypnoToad309: posts small blind $0.02
gmitoi: posts big blind $0.05
*** HOLE CARDS ***
Dealt to Dorex2007 [Jh 3h]
korop433: calls $0.05
Dorex2007: folds 
borgtime788: folds 
ZAURBEKK2013: folds 
Al_pkr_plyr: folds 
Barabba777: folds 
HypnoToad309: folds 
gmitoi: checks 
*** FLOP *** [9c 4s Qd]
gmitoi: checks 
korop433: checks 
*** TURN *** [9c 4s Qd] [Qs]
gmitoi: checks 
korop433: bets $0.12
gmitoi: calls $0.12
*** RIVER *** [9c 4s Qd Qs] [6c]
gmitoi: checks 
korop433: bets $0.17
gmitoi: calls $0.17
*** SHOW DOWN ***
korop433: shows [As 3s] (a pair of Queens)
gmitoi: shows [Qh 5c] (three of a kind, Queens)
gmitoi collected $0.67 from pot
*** SUMMARY ***
Total pot $0.70 | Rake $0.03 
Board [9c 4s Qd Qs 6c]
Seat 1: ZAURBEKK2013 folded before Flop (didn't bet)
Seat 2: Al_pkr_plyr folded before Flop (didn't bet)
Seat 3: Barabba777 (button) folded before Flop (didn't bet)
Seat 4: HypnoToad309 (small blind) folded before Flop
Seat 5: gmitoi (big blind) showed [Qh 5c] and won ($0.67) with three of a kind, Queens
Seat 6: korop433 showed [As 3s] and lost with a pair of Queens
Seat 8: Dorex2007 folded before Flop (didn't bet)
Seat 9: borgtime788 folded before Flop (didn't bet)



PokerStars Hand #238318695411:  Hold'em No Limit ($0.02/$0.05 USD) - 2022/08/30 16:13:24 PT [2022/08/30 19:13:24 ET]
Table 'Rhesus II' 9-max Seat #4 is the button
Seat 1: ZAURBEKK2013 ($5.61 in chips) 
Seat 2: Al_pkr_plyr ($5 in chips) 
Seat 3: Barabba777 ($9.83 in chips) 
Seat 4: HypnoToad309 ($2.76 in chips) 
Seat 5: gmitoi ($5.33 in chips) 
Seat 6: korop433 ($2.89 in chips) 
Seat 8: Dorex2007 ($5 in chips) 
Seat 9: borgtime788 ($8.82 in chips) 
gmitoi: posts small blind $0.02
korop433: posts big blind $0.05
*** HOLE CARDS ***
Dealt to Dorex2007 [4s 8s]
Dorex2007: folds 
borgtime788: folds 
ZAURBEKK2013: folds 
Al_pkr_plyr: folds 
Barabba777: calls $0.05
HypnoToad309: folds 
gmitoi: folds 
korop433: checks 
*** FLOP *** [4h 7c Th]
korop433: checks 
Barabba777: bets $0.10
korop433: calls $0.10
*** TURN *** [4h 7c Th] [7h]
korop433: checks 
Barabba777: bets $0.15
korop433: calls $0.15
*** RIVER *** [4h 7c Th 7h] [2s]
korop433: checks 
Barabba777: checks 
*** SHOW DOWN ***
korop433: shows [6h 8d] (a pair of Sevens)
Barabba777: shows [Qc Tc] (two pair, Tens and Sevens)
Barabba777 collected $0.59 from pot
*** SUMMARY ***
Total pot $0.62 | Rake $0.03 
Board [4h 7c Th 7h 2s]
Seat 1: ZAURBEKK2013 folded before Flop (didn't bet)
Seat 2: Al_pkr_plyr folded before Flop (didn't bet)
Seat 3: Barabba777 showed [Qc Tc] and won ($0.59) with two pair, Tens and Sevens
Seat 4: HypnoToad309 (button) folded before Flop (didn't bet)
Seat 5: gmitoi (small blind) folded before Flop
Seat 6: korop433 (big blind) showed [6h 8d] and lost with a pair of Sevens
Seat 8: Dorex2007 folded before Flop (didn't bet)
Seat 9: borgtime788 folded before Flop (didn't bet)



PokerStars Hand #238318708075:  Hold'em No Limit ($0.02/$0.05 USD) - 2022/08/30 16:14:09 PT [2022/08/30 19:14:09 ET]
Table 'Rhesus II' 9-max Seat #5 is the button
Seat 1: ZAURBEKK2013 ($5.61 in chips) 
Seat 2: Al_pkr_plyr ($5 in chips) 
Seat 3: Barabba777 ($10.12 in chips) 
Seat 4: HypnoToad309 ($2.76 in chips) 
Seat 5: gmitoi ($5.31 in chips) 
Seat 6: korop433 ($2.59 in chips) 
Seat 7: webby170 ($9.69 in chips) 
Seat 8: Dorex2007 ($5 in chips) 
Seat 9: borgtime788 ($8.82 in chips) 
korop433: posts small blind $0.02
webby170: posts big blind $0.05
*** HOLE CARDS ***
Dealt to Dorex2007 [3s 7h]
Dorex2007: folds 
borgtime788: folds 
ZAURBEKK2013: folds 
Al_pkr_plyr: folds 
Barabba777: folds 
Barabba777 leaves the table
HypnoToad309: folds 
gmitoi: folds 
korop433: calls $0.03
webby170: checks 
*** FLOP *** [Ac Qs 6h]
korop433: bets $0.10
webby170: folds 
Uncalled bet ($0.10) returned to korop433
korop433 collected $0.10 from pot
*** SUMMARY ***
Total pot $0.10 | Rake $0 
Board [Ac Qs 6h]
Seat 1: ZAURBEKK2013 folded before Flop (didn't bet)
Seat 2: Al_pkr_plyr folded before Flop (didn't bet)
Seat 3: Barabba777 folded before Flop (didn't bet)
Seat 4: HypnoToad309 folded before Flop (didn't bet)
Seat 5: gmitoi (button) folded before Flop (didn't bet)
Seat 6: korop433 (small blind) collected ($0.10)
Seat 7: webby170 (big blind) folded on the Flop
Seat 8: Dorex2007 folded before Flop (didn't bet)
Seat 9: borgtime788 folded before Flop (didn't bet)



PokerStars Hand #238318715872:  Hold'em No Limit ($0.02/$0.05 USD) - 2022/08/30 16:14:37 PT [2022/08/30 19:14:37 ET]
Table 'Rhesus II' 9-max Seat #6 is the button
Seat 1: ZAURBEKK2013 ($5.61 in chips) 
Seat 2: Al_pkr_plyr ($5 in chips) 
Seat 4: HypnoToad309 ($2.76 in chips) 
Seat 5: gmitoi ($5.31 in chips) 
Seat 6: korop433 ($2.64 in chips) 
Seat 7: webby170 ($9.64 in chips) 
Seat 8: Dorex2007 ($5 in chips) 
Seat 9: borgtime788 ($8.82 in chips) 
webby170: posts small blind $0.02
Dorex2007: posts big blind $0.05
*** HOLE CARDS ***
Dealt to Dorex2007 [Qd Js]
borgtime788: folds 
ZAURBEKK2013: raises $0.10 to $0.15
Al_pkr_plyr: folds 
borgtime788 leaves the table
HypnoToad309: folds 
gmitoi: raises $0.37 to $0.52
korop433: folds 
webby170: folds 
Dorex2007: folds 
ZAURBEKK2013: calls $0.37
*** FLOP *** [6s 4c Qc]
ZAURBEKK2013: checks 
gmitoi: checks 
*** TURN *** [6s 4c Qc] [8s]
ZAURBEKK2013: checks 
gmitoi: checks 
*** RIVER *** [6s 4c Qc 8s] [9d]
ZAURBEKK2013: bets $0.58
gmitoi: folds 
Uncalled bet ($0.58) returned to ZAURBEKK2013
ZAURBEKK2013 collected $1.06 from pot
ZAURBEKK2013: doesn't show hand 
*** SUMMARY ***
Total pot $1.11 | Rake $0.05 
Board [6s 4c Qc 8s 9d]
Seat 1: ZAURBEKK2013 collected ($1.06)
Seat 2: Al_pkr_plyr folded before Flop (didn't bet)
Seat 4: HypnoToad309 folded before Flop (didn't bet)
Seat 5: gmitoi folded on the River
Seat 6: korop433 (button) folded before Flop (didn't bet)
Seat 7: webby170 (small blind) folded before Flop
Seat 8: Dorex2007 (big blind) folded before Flop
Seat 9: borgtime788 folded before Flop (didn't bet)



PokerStars Hand #238318744413:  Hold'em No Limit ($0.02/$0.05 USD) - 2022/08/30 16:16:19 PT [2022/08/30 19:16:19 ET]
Table 'Rhesus II' 9-max Seat #7 is the button
Seat 1: ZAURBEKK2013 ($6.15 in chips) 
Seat 2: Al_pkr_plyr ($5 in chips) 
Seat 4: HypnoToad309 ($2.76 in chips) 
Seat 5: gmitoi ($5 in chips) 
Seat 6: korop433 ($2.64 in chips) 
Seat 7: webby170 ($9.62 in chips) 
Seat 8: Dorex2007 ($5 in chips) 
Dorex2007: posts small blind $0.02
ZAURBEKK2013: posts big blind $0.05
*** HOLE CARDS ***
Dealt to Dorex2007 [7s Ts]
Al_pkr_plyr: folds 
HypnoToad309: folds 
gmitoi: folds 
korop433: folds 
webby170 has timed out
webby170: folds 
Dorex2007: folds 
Uncalled bet ($0.03) returned to ZAURBEKK2013
ZAURBEKK2013 collected $0.04 from pot
ZAURBEKK2013: doesn't show hand 
*** SUMMARY ***
Total pot $0.04 | Rake $0 
Seat 1: ZAURBEKK2013 (big blind) collected ($0.04)
Seat 2: Al_pkr_plyr folded before Flop (didn't bet)
Seat 4: HypnoToad309 folded before Flop (didn't bet)
Seat 5: gmitoi folded before Flop (didn't bet)
Seat 6: korop433 folded before Flop (didn't bet)
Seat 7: webby170 (button) folded before Flop (didn't bet)
Seat 8: Dorex2007 (small blind) folded before Flop



PokerStars Hand #238318751174:  Hold'em No Limit ($0.02/$0.05 USD) - 2022/08/30 16:16:43 PT [2022/08/30 19:16:43 ET]
Table 'Rhesus II' 9-max Seat #8 is the button
Seat 1: ZAURBEKK2013 ($6.17 in chips) 
Seat 2: Al_pkr_plyr ($5 in chips) 
Seat 4: HypnoToad309 ($2.76 in chips) 
Seat 5: gmitoi ($5 in chips) 
Seat 6: korop433 ($2.64 in chips) 
Seat 8: Dorex2007 ($5 in chips) 
ZAURBEKK2013: posts small blind $0.02
Al_pkr_plyr: posts big blind $0.05
*** HOLE CARDS ***
Dealt to Dorex2007 [Th Kh]
HypnoToad309: folds 
gmitoi: folds 
korop433: raises $0.10 to $0.15
Dorex2007: calls $0.15
ZAURBEKK2013: folds 
Al_pkr_plyr: folds 
*** FLOP *** [Ah 6h 5h]
korop433: checks 
ZAURBEKK2013 is disconnected 
Dorex2007: checks 
*** TURN *** [Ah 6h 5h] [5s]
korop433: bets $0.17
Dorex2007: calls $0.17
*** RIVER *** [Ah 6h 5h 5s] [7c]
korop433: checks 
Dorex2007: bets $0.45
korop433: calls $0.45
*** SHOW DOWN ***
Dorex2007: shows [Th Kh] (a flush, Ace high)
korop433: mucks hand 
Dorex2007 collected $1.54 from pot
*** SUMMARY ***
Total pot $1.61 | Rake $0.07 
Board [Ah 6h 5h 5s 7c]
Seat 1: ZAURBEKK2013 (small blind) folded before Flop
Seat 2: Al_pkr_plyr (big blind) folded before Flop
Seat 4: HypnoToad309 folded before Flop (didn't bet)
Seat 5: gmitoi folded before Flop (didn't bet)
Seat 6: korop433 mucked [9s As]
Seat 8: Dorex2007 (button) showed [Th Kh] and won ($1.54) with a flush, Ace high



PokerStars Hand #238318768791:  Hold'em No Limit ($0.02/$0.05 USD) - 2022/08/30 16:17:46 PT [2022/08/30 19:17:46 ET]
Table 'Rhesus II' 9-max Seat #1 is the button
Seat 1: ZAURBEKK2013 ($6.15 in chips) 
Seat 2: Al_pkr_plyr ($5 in chips) 
Seat 4: HypnoToad309 ($2.76 in chips) 
Seat 5: gmitoi ($5 in chips) 
Seat 6: korop433 ($1.87 in chips) 
Seat 7: webby170 ($9.62 in chips) 
Seat 8: Dorex2007 ($5.77 in chips) 
Al_pkr_plyr: posts small blind $0.02
HypnoToad309: posts big blind $0.05
*** HOLE CARDS ***
Dealt to Dorex2007 [As 7h]
gmitoi: folds 
korop433: folds 
webby170 has timed out
webby170: folds 
Dorex2007: folds 
ZAURBEKK2013: folds 
Al_pkr_plyr: folds 
Uncalled bet ($0.03) returned to HypnoToad309
HypnoToad309 collected $0.04 from pot
*** SUMMARY ***
Total pot $0.04 | Rake $0 
Seat 1: ZAURBEKK2013 (button) folded before Flop (didn't bet)
Seat 2: Al_pkr_plyr (small blind) folded before Flop
Seat 4: HypnoToad309 (big blind) collected ($0.04)
Seat 5: gmitoi folded before Flop (didn't bet)
Seat 6: korop433 folded before Flop (didn't bet)
Seat 7: webby170 folded before Flop (didn't bet)
Seat 8: Dorex2007 folded before Flop (didn't bet)



PokerStars Hand #238318774524:  Hold'em No Limit ($0.02/$0.05 USD) - 2022/08/30 16:18:07 PT [2022/08/30 19:18:07 ET]
Table 'Rhesus II' 9-max Seat #2 is the button
Seat 1: ZAURBEKK2013 ($6.15 in chips) 
Seat 2: Al_pkr_plyr ($5 in chips) 
Seat 4: HypnoToad309 ($2.78 in chips) 
Seat 5: gmitoi ($5 in chips) 
Seat 6: korop433 ($1.87 in chips) 
Seat 7: webby170 ($9.62 in chips) 
Seat 8: Dorex2007 ($5.77 in chips) 
HypnoToad309: posts small blind $0.02
gmitoi: posts big blind $0.05
*** HOLE CARDS ***
Dealt to Dorex2007 [2h As]
korop433: raises $0.05 to $0.10
webby170 has timed out
webby170: folds 
Dorex2007: folds 
ZAURBEKK2013: folds 
Al_pkr_plyr: folds 
HypnoToad309: calls $0.08
gmitoi: folds 
*** FLOP *** [8d 8h 4h]
HypnoToad309: checks 
Fantasma826 joins the table at seat #9 
korop433: checks 
*** TURN *** [8d 8h 4h] [6s]
HypnoToad309: checks 
korop433: checks 
*** RIVER *** [8d 8h 4h 6s] [3s]
HypnoToad309: checks 
abebe1 joins the table at seat #3 
korop433: bets $0.05
HypnoToad309: calls $0.05
*** SHOW DOWN ***
korop433: shows [Ah 7c] (a pair of Eights)
HypnoToad309: shows [5d 9s] (a pair of Eights - lower kicker)
korop433 collected $0.34 from pot
*** SUMMARY ***
Total pot $0.35 | Rake $0.01 
Board [8d 8h 4h 6s 3s]
Seat 1: ZAURBEKK2013 folded before Flop (didn't bet)
Seat 2: Al_pkr_plyr (button) folded before Flop (didn't bet)
Seat 4: HypnoToad309 (small blind) showed [5d 9s] and lost with a pair of Eights
Seat 5: gmitoi (big blind) folded before Flop
Seat 6: korop433 showed [Ah 7c] and won ($0.34) with a pair of Eights
Seat 7: webby170 folded before Flop (didn't bet)
Seat 8: Dorex2007 folded before Flop (didn't bet)



PokerStars Hand #238318788690:  Hold'em No Limit ($0.02/$0.05 USD) - 2022/08/30 16:18:59 PT [2022/08/30 19:18:59 ET]
Table 'Rhesus II' 9-max Seat #4 is the button
Seat 1: ZAURBEKK2013 ($6.15 in chips) 
Seat 2: Al_pkr_plyr ($5 in chips) 
Seat 3: abebe1 ($5 in chips) 
Seat 4: HypnoToad309 ($2.63 in chips) 
Seat 5: gmitoi ($5 in chips) 
Seat 6: korop433 ($2.06 in chips) 
Seat 7: webby170 ($9.62 in chips) 
Seat 8: Dorex2007 ($5.77 in chips) 
Seat 9: Fantasma826 ($4 in chips) 
gmitoi: posts small blind $0.02
korop433: posts big blind $0.05
Fantasma826: posts big blind $0.05
abebe1: posts big blind $0.05
*** HOLE CARDS ***
Dealt to Dorex2007 [9h 3s]
webby170 has timed out
webby170: folds 
Dorex2007: folds 
Fantasma826: checks 
ZAURBEKK2013: folds 
Al_pkr_plyr: folds 
abebe1: raises $0.09 to $0.14
HypnoToad309: calls $0.14
gmitoi: folds 
korop433: calls $0.09
Fantasma826: calls $0.09
*** FLOP *** [7d 8s 7h]
korop433: checks 
Fantasma826: checks 
abebe1: checks 
HypnoToad309: checks 
*** TURN *** [7d 8s 7h] [5c]
korop433: bets $0.28
Fantasma826: calls $0.28
abebe1: folds 
HypnoToad309: raises $0.28 to $0.56
korop433: calls $0.28
Fantasma826: folds 
*** RIVER *** [7d 8s 7h 5c] [9d]
korop433: bets $1.36 and is all-in
HypnoToad309: calls $1.36
*** SHOW DOWN ***
korop433: shows [6c Ah] (a straight, Five to Nine)
HypnoToad309: shows [6d 7s] (a straight, Five to Nine)
korop433 collected $2.25 from pot
HypnoToad309 collected $2.25 from pot
*** SUMMARY ***
Total pot $4.70 | Rake $0.20 
Board [7d 8s 7h 5c 9d]
Seat 1: ZAURBEKK2013 folded before Flop (didn't bet)
Seat 2: Al_pkr_plyr folded before Flop (didn't bet)
Seat 3: abebe1 folded on the Turn
Seat 4: HypnoToad309 (button) showed [6d 7s] and won ($2.25) with a straight, Five to Nine
Seat 5: gmitoi (small blind) folded before Flop
Seat 6: korop433 (big blind) showed [6c Ah] and won ($2.25) with a straight, Five to Nine
Seat 7: webby170 folded before Flop (didn't bet)
Seat 8: Dorex2007 folded before Flop (didn't bet)
Seat 9: Fantasma826 folded on the Turn



PokerStars Hand #238318810484:  Hold'em No Limit ($0.02/$0.05 USD) - 2022/08/30 16:20:18 PT [2022/08/30 19:20:18 ET]
Table 'Rhesus II' 9-max Seat #5 is the button
Seat 1: ZAURBEKK2013 ($6.15 in chips) 
Seat 2: Al_pkr_plyr ($5 in chips) 
Seat 3: abebe1 ($4.86 in chips) 
Seat 4: HypnoToad309 ($2.82 in chips) 
Seat 5: gmitoi ($5 in chips) 
Seat 6: korop433 ($2.25 in chips) 
Seat 8: Dorex2007 ($5.77 in chips) 
Seat 9: Fantasma826 ($3.58 in chips) 
korop433: posts small blind $0.02
Dorex2007: posts big blind $0.05
*** HOLE CARDS ***
Dealt to Dorex2007 [7d Js]
Fantasma826: calls $0.05
ZAURBEKK2013: folds 
Al_pkr_plyr: folds 
abebe1: raises $0.09 to $0.14
HypnoToad309: folds 
gmitoi: calls $0.14
korop433: calls $0.12
Dorex2007: folds 
Fantasma826: calls $0.09
*** FLOP *** [9s Ac Jc]
korop433: checks 
Fantasma826: checks 
abebe1: bets $0.42
gmitoi: folds 
korop433: raises $0.42 to $0.84
Fantasma826: folds 
abebe1: folds 
Uncalled bet ($0.42) returned to korop433
korop433 collected $1.39 from pot
*** SUMMARY ***
Total pot $1.45 | Rake $0.06 
Board [9s Ac Jc]
Seat 1: ZAURBEKK2013 folded before Flop (didn't bet)
Seat 2: Al_pkr_plyr folded before Flop (didn't bet)
Seat 3: abebe1 folded on the Flop
Seat 4: HypnoToad309 folded before Flop (didn't bet)
Seat 5: gmitoi (button) folded on the Flop
Seat 6: korop433 (small blind) collected ($1.39)
Seat 8: Dorex2007 (big blind) folded before Flop
Seat 9: Fantasma826 folded on the Flop



PokerStars Hand #238318825589:  Hold'em No Limit ($0.02/$0.05 USD) - 2022/08/30 16:21:12 PT [2022/08/30 19:21:12 ET]
Table 'Rhesus II' 9-max Seat #6 is the button
Seat 1: ZAURBEKK2013 ($6.15 in chips) 
Seat 2: Al_pkr_plyr ($5 in chips) 
Seat 3: abebe1 ($4.30 in chips) 
Seat 4: HypnoToad309 ($2.82 in chips) 
Seat 5: gmitoi ($5 in chips) 
Seat 6: korop433 ($3.08 in chips) 
Seat 8: Dorex2007 ($5.72 in chips) 
Seat 9: Fantasma826 ($3.44 in chips) 
Dorex2007: posts small blind $0.02
Fantasma826: posts big blind $0.05
*** HOLE CARDS ***
Dealt to Dorex2007 [6c 2s]
ZAURBEKK2013: folds 
Al_pkr_plyr: folds 
abebe1: folds 
HypnoToad309: folds 
gmitoi: folds 
korop433: folds 
Dorex2007: folds 
Uncalled bet ($0.03) returned to Fantasma826
Fantasma826 collected $0.04 from pot
Fantasma826: doesn't show hand 
*** SUMMARY ***
Total pot $0.04 | Rake $0 
Seat 1: ZAURBEKK2013 folded before Flop (didn't bet)
Seat 2: Al_pkr_plyr folded before Flop (didn't bet)
Seat 3: abebe1 folded before Flop (didn't bet)
Seat 4: HypnoToad309 folded before Flop (didn't bet)
Seat 5: gmitoi folded before Flop (didn't bet)
Seat 6: korop433 (button) folded before Flop (didn't bet)
Seat 8: Dorex2007 (small blind) folded before Flop
Seat 9: Fantasma826 (big blind) collected ($0.04)



PokerStars Hand #238318830340:  Hold'em No Limit ($0.02/$0.05 USD) - 2022/08/30 16:21:30 PT [2022/08/30 19:21:30 ET]
Table 'Rhesus II' 9-max Seat #8 is the button
Seat 1: ZAURBEKK2013 ($6.15 in chips) 
Seat 2: Al_pkr_plyr ($5 in chips) 
Seat 3: abebe1 ($4.30 in chips) 
Seat 4: HypnoToad309 ($2.82 in chips) 
Seat 5: gmitoi ($5 in chips) 
Seat 6: korop433 ($3.08 in chips) 
Seat 7: webby170 ($9.62 in chips) 
Seat 8: Dorex2007 ($5.70 in chips) 
Seat 9: Fantasma826 ($3.46 in chips) 
Fantasma826: posts small blind $0.02
ZAURBEKK2013: posts big blind $0.05
webby170: posts small & big blinds $0.07
*** HOLE CARDS ***
Dealt to Dorex2007 [Jd Td]
Al_pkr_plyr: folds 
abebe1: folds 
HypnoToad309 has timed out
HypnoToad309: folds 
gmitoi: folds 
korop433: calls $0.05
webby170: checks 
Dorex2007: calls $0.05
Fantasma826: calls $0.03
ZAURBEKK2013: raises $0.27 to $0.32
korop433: folds 
webby170: folds 
Dorex2007: folds 
Fantasma826: folds 
Uncalled bet ($0.27) returned to ZAURBEKK2013
ZAURBEKK2013 collected $0.27 from pot
ZAURBEKK2013: doesn't show hand 
*** SUMMARY ***
Total pot $0.27 | Rake $0 
Seat 1: ZAURBEKK2013 (big blind) collected ($0.27)
Seat 2: Al_pkr_plyr folded before Flop (didn't bet)
Seat 3: abebe1 folded before Flop (didn't bet)
Seat 4: HypnoToad309 folded before Flop (didn't bet)
Seat 5: gmitoi folded before Flop (didn't bet)
Seat 6: korop433 folded before Flop
Seat 7: webby170 folded before Flop (didn't bet)
Seat 8: Dorex2007 (button) folded before Flop
Seat 9: Fantasma826 (small blind) folded before Flop



PokerStars Hand #238318850079:  Hold'em No Limit ($0.02/$0.05 USD) - 2022/08/30 16:22:43 PT [2022/08/30 19:22:43 ET]
Table 'Rhesus II' 9-max Seat #9 is the button
Seat 1: ZAURBEKK2013 ($6.37 in chips) 
Seat 2: Al_pkr_plyr ($5 in chips) 
Seat 3: abebe1 ($4.30 in chips) 
Seat 4: HypnoToad309 ($2.82 in chips) 
Seat 5: gmitoi ($5 in chips) 
Seat 6: korop433 ($3.03 in chips) 
Seat 7: webby170 ($9.55 in chips) 
Seat 8: Dorex2007 ($5.65 in chips) 
Seat 9: Fantasma826 ($3.41 in chips) 
ZAURBEKK2013: posts small blind $0.02
Al_pkr_plyr: posts big blind $0.05
*** HOLE CARDS ***
Dealt to Dorex2007 [2h Qs]
abebe1: folds 
HypnoToad309: folds 
gmitoi: folds 
korop433: folds 
webby170: folds 
HypnoToad309 leaves the table
Dorex2007: folds 
Fantasma826: calls $0.05
Domi8472 joins the table at seat #4 
ZAURBEKK2013: folds 
Al_pkr_plyr: checks 
*** FLOP *** [8s Kc Td]
ZAURBEKK2013 is disconnected 
Al_pkr_plyr: checks 
Fantasma826: bets $0.10
Al_pkr_plyr: calls $0.10
*** TURN *** [8s Kc Td] [4h]
Al_pkr_plyr: checks 
Fantasma826: checks 
*** RIVER *** [8s Kc Td 4h] [Qh]
Al_pkr_plyr: checks 
Fantasma826: checks 
*** SHOW DOWN ***
Al_pkr_plyr: shows [6h 9d] (high card King)
Fantasma826: shows [Ah 5s] (high card Ace)
Fantasma826 collected $0.31 from pot
*** SUMMARY ***
Total pot $0.32 | Rake $0.01 
Board [8s Kc Td 4h Qh]
Seat 1: ZAURBEKK2013 (small blind) folded before Flop
Seat 2: Al_pkr_plyr (big blind) showed [6h 9d] and lost with high card King
Seat 3: abebe1 folded before Flop (didn't bet)
Seat 4: HypnoToad309 folded before Flop (didn't bet)
Seat 5: gmitoi folded before Flop (didn't bet)
Seat 6: korop433 folded before Flop (didn't bet)
Seat 7: webby170 folded before Flop (didn't bet)
Seat 8: Dorex2007 folded before Flop (didn't bet)
Seat 9: Fantasma826 (button) showed [Ah 5s] and won ($0.31) with high card Ace



PokerStars Hand #238318866406:  Hold'em No Limit ($0.02/$0.05 USD) - 2022/08/30 16:23:43 PT [2022/08/30 19:23:43 ET]
Table 'Rhesus II' 9-max Seat #1 is the button
Seat 1: ZAURBEKK2013 ($6.35 in chips) 
Seat 2: Al_pkr_plyr ($5 in chips) 
Seat 3: abebe1 ($4.30 in chips) 
Seat 5: gmitoi ($5 in chips) 
Seat 6: korop433 ($3.03 in chips) 
Seat 7: webby170 ($9.55 in chips) 
Seat 8: Dorex2007 ($5.65 in chips) 
Seat 9: Fantasma826 ($3.57 in chips) 
Al_pkr_plyr: posts small blind $0.02
abebe1: posts big blind $0.05
Domi8472: sits out 
*** HOLE CARDS ***
Dealt to Dorex2007 [Kd 6d]
gmitoi: folds 
korop433: calls $0.05
webby170: folds 
Dorex2007: folds 
Fantasma826: calls $0.05
ZAURBEKK2013: folds 
Al_pkr_plyr: folds 
abebe1: checks 
*** FLOP *** [Jh 5d Qs]
abebe1: bets $0.12
korop433: folds 
Fantasma826: folds 
Uncalled bet ($0.12) returned to abebe1
abebe1 collected $0.16 from pot
abebe1: doesn't show hand 
*** SUMMARY ***
Total pot $0.17 | Rake $0.01 
Board [Jh 5d Qs]
Seat 1: ZAURBEKK2013 (button) folded before Flop (didn't bet)
Seat 2: Al_pkr_plyr (small blind) folded before Flop
Seat 3: abebe1 (big blind) collected ($0.16)
Seat 5: gmitoi folded before Flop (didn't bet)
Seat 6: korop433 folded on the Flop
Seat 7: webby170 folded before Flop (didn't bet)
Seat 8: Dorex2007 folded before Flop (didn't bet)
Seat 9: Fantasma826 folded on the Flop



PokerStars Hand #238318879196:  Hold'em No Limit ($0.02/$0.05 USD) - 2022/08/30 16:24:31 PT [2022/08/30 19:24:31 ET]
Table 'Rhesus II' 9-max Seat #2 is the button
Seat 1: ZAURBEKK2013 ($6.35 in chips) 
Seat 2: Al_pkr_plyr ($5 in chips) 
Seat 3: abebe1 ($4.41 in chips) 
Seat 4: Domi8472 ($2 in chips) 
Seat 5: gmitoi ($5 in chips) 
Seat 6: korop433 ($2.98 in chips) 
Seat 7: webby170 ($9.55 in chips) 
Seat 8: Dorex2007 ($5.65 in chips) 
Seat 9: Fantasma826 ($3.52 in chips) 
abebe1: posts small blind $0.02
Domi8472: posts big blind $0.05
*** HOLE CARDS ***
Dealt to Dorex2007 [2s 7s]
gmitoi: folds 
korop433: folds 
webby170 has timed out
webby170: folds 
Dorex2007: folds 
Fantasma826: calls $0.05
ZAURBEKK2013: folds 
Al_pkr_plyr: folds 
abebe1: raises $0.09 to $0.14
Domi8472: folds 
Fantasma826: folds 
Uncalled bet ($0.09) returned to abebe1
abebe1 collected $0.15 from pot
abebe1: doesn't show hand 
*** SUMMARY ***
Total pot $0.15 | Rake $0 
Seat 1: ZAURBEKK2013 folded before Flop (didn't bet)
Seat 2: Al_pkr_plyr (button) folded before Flop (didn't bet)
Seat 3: abebe1 (small blind) collected ($0.15)
Seat 4: Domi8472 (big blind) folded before Flop
Seat 5: gmitoi folded before Flop (didn't bet)
Seat 6: korop433 folded before Flop (didn't bet)
Seat 7: webby170 folded before Flop (didn't bet)
Seat 8: Dorex2007 folded before Flop (didn't bet)
Seat 9: Fantasma826 folded before Flop



PokerStars Hand #238318889131:  Hold'em No Limit ($0.02/$0.05 USD) - 2022/08/30 16:25:08 PT [2022/08/30 19:25:08 ET]
Table 'Rhesus II' 9-max Seat #3 is the button
Seat 1: ZAURBEKK2013 ($6.35 in chips) 
Seat 2: Al_pkr_plyr ($5 in chips) 
Seat 3: abebe1 ($4.51 in chips) 
Seat 4: Domi8472 ($2 in chips) 
Seat 5: gmitoi ($5 in chips) 
Seat 6: korop433 ($2.98 in chips) 
Seat 8: Dorex2007 ($5.65 in chips) 
Seat 9: Fantasma826 ($3.47 in chips) 
Domi8472: posts small blind $0.02
gmitoi: posts big blind $0.05
*** HOLE CARDS ***
Dealt to Dorex2007 [2d 7c]
korop433: folds 
Dorex2007: folds 
Fantasma826: calls $0.05
ZAURBEKK2013: folds 
Al_pkr_plyr: folds 
abebe1: folds 
Domi8472: calls $0.03
gmitoi: checks 
*** FLOP *** [4s As 4h]
Domi8472: checks 
gmitoi: checks 
Fantasma826: checks 
*** TURN *** [4s As 4h] [Ah]
Domi8472: checks 
gmitoi: checks 
Fantasma826: bets $0.14
Domi8472: folds 
gmitoi: folds 
Uncalled bet ($0.14) returned to Fantasma826
Fantasma826 collected $0.14 from pot
Fantasma826: doesn't show hand 
*** SUMMARY ***
Total pot $0.15 | Rake $0.01 
Board [4s As 4h Ah]
Seat 1: ZAURBEKK2013 folded before Flop (didn't bet)
Seat 2: Al_pkr_plyr folded before Flop (didn't bet)
Seat 3: abebe1 (button) folded before Flop (didn't bet)
Seat 4: Domi8472 (small blind) folded on the Turn
Seat 5: gmitoi (big blind) folded on the Turn
Seat 6: korop433 folded before Flop (didn't bet)
Seat 8: Dorex2007 folded before Flop (didn't bet)
Seat 9: Fantasma826 collected ($0.14)



PokerStars Hand #238318900596:  Hold'em No Limit ($0.02/$0.05 USD) - 2022/08/30 16:25:50 PT [2022/08/30 19:25:50 ET]
Table 'Rhesus II' 9-max Seat #4 is the button
Seat 1: ZAURBEKK2013 ($6.35 in chips) 
Seat 2: Al_pkr_plyr ($5 in chips) 
Seat 3: abebe1 ($4.51 in chips) 
Seat 4: Domi8472 ($2 in chips) 
Seat 5: gmitoi ($5 in chips) 
Seat 6: korop433 ($2.98 in chips) 
Seat 8: Dorex2007 ($5.65 in chips) 
Seat 9: Fantasma826 ($3.56 in chips) 
gmitoi: posts small blind $0.02
korop433: posts big blind $0.05
*** HOLE CARDS ***
Dealt to Dorex2007 [Ks 7c]
Dorex2007: folds 
Fantasma826: raises $0.05 to $0.10
ZAURBEKK2013: folds 
Al_pkr_plyr: folds 
abebe1: calls $0.10
Domi8472: calls $0.10
gmitoi: folds 
korop433: folds 
*** FLOP *** [Js 8h 8c]
Fantasma826: checks 
abebe1: checks 
Domi8472: checks 
*** TURN *** [Js 8h 8c] [8d]
Fantasma826: bets $0.15
abebe1: folds 
Domi8472: calls $0.15
*** RIVER *** [Js 8h 8c 8d] [7h]
Fantasma826: checks 
Domi8472: bets $0.25
Fantasma826: folds 
Uncalled bet ($0.25) returned to Domi8472
Domi8472 collected $0.63 from pot
*** SUMMARY ***
Total pot $0.67 | Rake $0.04 
Board [Js 8h 8c 8d 7h]
Seat 1: ZAURBEKK2013 folded before Flop (didn't bet)
Seat 2: Al_pkr_plyr folded before Flop (didn't bet)
Seat 3: abebe1 folded on the Turn
Seat 4: Domi8472 (button) collected ($0.63)
Seat 5: gmitoi (small blind) folded before Flop
Seat 6: korop433 (big blind) folded before Flop
Seat 8: Dorex2007 folded before Flop (didn't bet)
Seat 9: Fantasma826 folded on the River



PokerStars Hand #238318921138:  Hold'em No Limit ($0.02/$0.05 USD) - 2022/08/30 16:27:06 PT [2022/08/30 19:27:06 ET]
Table 'Rhesus II' 9-max Seat #5 is the button
Seat 1: ZAURBEKK2013 ($6.35 in chips) 
Seat 2: Al_pkr_plyr ($5 in chips) 
Seat 3: abebe1 ($4.41 in chips) 
Seat 4: Domi8472 ($2.38 in chips) 
Seat 5: gmitoi ($5 in chips) 
Seat 6: korop433 ($2.93 in chips) 
Seat 8: Dorex2007 ($5.65 in chips) 
Seat 9: Fantasma826 ($3.31 in chips) 
korop433: posts small blind $0.02
Dorex2007: posts big blind $0.05
*** HOLE CARDS ***
Dealt to Dorex2007 [2d Ks]
Fantasma826: raises $0.10 to $0.15
ZAURBEKK2013: folds 
Al_pkr_plyr: folds 
abebe1: folds 
Domi8472: folds 
gmitoi: folds 
korop433: calls $0.13
Dorex2007: folds 
*** FLOP *** [8d As Ts]
korop433: checks 
Fantasma826: bets $0.10
korop433: folds 
Uncalled bet ($0.10) returned to Fantasma826
Fantasma826 collected $0.34 from pot
Fantasma826: doesn't show hand 
*** SUMMARY ***
Total pot $0.35 | Rake $0.01 
Board [8d As Ts]
Seat 1: ZAURBEKK2013 folded before Flop (didn't bet)
Seat 2: Al_pkr_plyr folded before Flop (didn't bet)
Seat 3: abebe1 folded before Flop (didn't bet)
Seat 4: Domi8472 folded before Flop (didn't bet)
Seat 5: gmitoi (button) folded before Flop (didn't bet)
Seat 6: korop433 (small blind) folded on the Flop
Seat 8: Dorex2007 (big blind) folded before Flop
Seat 9: Fantasma826 collected ($0.34)



PokerStars Hand #238318928602:  Hold'em No Limit ($0.02/$0.05 USD) - 2022/08/30 16:27:34 PT [2022/08/30 19:27:34 ET]
Table 'Rhesus II' 9-max Seat #6 is the button
Seat 1: ZAURBEKK2013 ($6.35 in chips) 
Seat 2: Al_pkr_plyr ($5 in chips) 
Seat 3: abebe1 ($4.41 in chips) 
Seat 4: Domi8472 ($2.38 in chips) 
Seat 5: gmitoi ($5 in chips) 
Seat 6: korop433 ($2.78 in chips) 
Seat 8: Dorex2007 ($5.60 in chips) 
Seat 9: Fantasma826 ($3.50 in chips) 
Dorex2007: posts small blind $0.02
Fantasma826: posts big blind $0.05
*** HOLE CARDS ***
Dealt to Dorex2007 [Td Ts]
ZAURBEKK2013: raises $0.10 to $0.15
Al_pkr_plyr: folds 
abebe1: folds 
Domi8472: calls $0.15
gmitoi: calls $0.15
korop433: folds 
Dorex2007: calls $0.13
Fantasma826: folds 
*** FLOP *** [2s Jc Qs]
Dorex2007: checks 
ZAURBEKK2013: bets $0.34
Domi8472: folds 
gmitoi: folds 
Dorex2007: folds 
Uncalled bet ($0.34) returned to ZAURBEKK2013
ZAURBEKK2013 collected $0.62 from pot
ZAURBEKK2013: doesn't show hand 
*** SUMMARY ***
Total pot $0.65 | Rake $0.03 
Board [2s Jc Qs]
Seat 1: ZAURBEKK2013 collected ($0.62)
Seat 2: Al_pkr_plyr folded before Flop (didn't bet)
Seat 3: abebe1 folded before Flop (didn't bet)
Seat 4: Domi8472 folded on the Flop
Seat 5: gmitoi folded on the Flop
Seat 6: korop433 (button) folded before Flop (didn't bet)
Seat 8: Dorex2007 (small blind) folded on the Flop
Seat 9: Fantasma826 (big blind) folded before Flop



PokerStars Hand #238318942458:  Hold'em No Limit ($0.02/$0.05 USD) - 2022/08/30 16:28:26 PT [2022/08/30 19:28:26 ET]
Table 'Rhesus II' 9-max Seat #8 is the button
Seat 1: ZAURBEKK2013 ($6.82 in chips) 
Seat 2: Al_pkr_plyr ($5 in chips) 
Seat 3: abebe1 ($4.41 in chips) 
Seat 4: Domi8472 ($2.23 in chips) 
Seat 5: gmitoi ($5 in chips) 
Seat 6: korop433 ($2.78 in chips) 
Seat 8: Dorex2007 ($5.45 in chips) 
Seat 9: Fantasma826 ($3.45 in chips) 
Fantasma826: posts small blind $0.02
ZAURBEKK2013: posts big blind $0.05
*** HOLE CARDS ***
Dealt to Dorex2007 [7d 5s]
Al_pkr_plyr: folds 
abebe1: calls $0.05
Domi8472: folds 
gmitoi: raises $0.15 to $0.20
korop433: folds 
Dorex2007: folds 
Fantasma826: folds 
ZAURBEKK2013: folds 
abebe1: folds 
Uncalled bet ($0.15) returned to gmitoi
gmitoi collected $0.17 from pot
gmitoi: doesn't show hand 
*** SUMMARY ***
Total pot $0.17 | Rake $0 
Seat 1: ZAURBEKK2013 (big blind) folded before Flop
Seat 2: Al_pkr_plyr folded before Flop (didn't bet)
Seat 3: abebe1 folded before Flop
Seat 4: Domi8472 folded before Flop (didn't bet)
Seat 5: gmitoi collected ($0.17)
Seat 6: korop433 folded before Flop (didn't bet)
Seat 8: Dorex2007 (button) folded before Flop (didn't bet)
Seat 9: Fantasma826 (small blind) folded before Flop



PokerStars Hand #238318950110:  Hold'em No Limit ($0.02/$0.05 USD) - 2022/08/30 16:28:54 PT [2022/08/30 19:28:54 ET]
Table 'Rhesus II' 9-max Seat #9 is the button
Seat 1: ZAURBEKK2013 ($6.77 in chips) 
Seat 2: Al_pkr_plyr ($5 in chips) 
Seat 3: abebe1 ($4.36 in chips) 
Seat 4: Domi8472 ($2.23 in chips) 
Seat 5: gmitoi ($5.12 in chips) 
Seat 6: korop433 ($2.78 in chips) 
Seat 7: webby170 ($9.55 in chips) 
Seat 8: Dorex2007 ($5.45 in chips) 
Seat 9: Fantasma826 ($3.43 in chips) 
ZAURBEKK2013: posts small blind $0.02
Al_pkr_plyr: posts big blind $0.05
webby170: posts small & big blinds $0.07
*** HOLE CARDS ***
Dealt to Dorex2007 [8d 2s]
abebe1: calls $0.05
Domi8472: raises $0.05 to $0.10
gmitoi: folds 
korop433: folds 
ZAURBEKK2013 is disconnected 
webby170: calls $0.05
Dorex2007: folds 
Fantasma826: folds 
ZAURBEKK2013 is connected 
ZAURBEKK2013: folds 
Al_pkr_plyr: folds 
abebe1: calls $0.05
*** FLOP *** [8c 7d 9s]
abebe1: checks 
Domi8472: checks 
webby170: bets $0.18
abebe1: calls $0.18
Domi8472: raises $0.18 to $0.36
webby170: folds 
abebe1: calls $0.18
*** TURN *** [8c 7d 9s] [Js]
abebe1: checks 
Domi8472: bets $0.35
abebe1: folds 
Uncalled bet ($0.35) returned to Domi8472
Domi8472 collected $1.23 from pot
*** SUMMARY ***
Total pot $1.29 | Rake $0.06 
Board [8c 7d 9s Js]
Seat 1: ZAURBEKK2013 (small blind) folded before Flop
Seat 2: Al_pkr_plyr (big blind) folded before Flop
Seat 3: abebe1 folded on the Turn
Seat 4: Domi8472 collected ($1.23)
Seat 5: gmitoi folded before Flop (didn't bet)
Seat 6: korop433 folded before Flop (didn't bet)
Seat 7: webby170 folded on the Flop
Seat 8: Dorex2007 folded before Flop (didn't bet)
Seat 9: Fantasma826 (button) folded before Flop (didn't bet)



PokerStars Hand #238318978843:  Hold'em No Limit ($0.02/$0.05 USD) - 2022/08/30 16:30:43 PT [2022/08/30 19:30:43 ET]
Table 'Rhesus II' 9-max Seat #1 is the button
Seat 1: ZAURBEKK2013 ($6.75 in chips) 
Seat 2: Al_pkr_plyr ($5 in chips) 
Seat 3: abebe1 ($3.90 in chips) 
Seat 4: Domi8472 ($3 in chips) 
Seat 5: gmitoi ($5.12 in chips) 
Seat 6: korop433 ($2.78 in chips) 
Seat 7: webby170 ($9.25 in chips) 
Seat 8: Dorex2007 ($5.45 in chips) 
Seat 9: Fantasma826 ($3.43 in chips) 
Al_pkr_plyr: posts small blind $0.02
abebe1: posts big blind $0.05
*** HOLE CARDS ***
Dealt to Dorex2007 [9d 7d]
Domi8472: folds 
gmitoi: raises $0.10 to $0.15
korop433: calls $0.15
webby170: folds 
Dorex2007: folds 
Fantasma826: folds 
ZAURBEKK2013: calls $0.15
Al_pkr_plyr: folds 
abebe1: folds 
*** FLOP *** [Ks Kd 9s]
gmitoi: checks 
korop433: bets $0.25
ZAURBEKK2013: folds 
gmitoi: folds 
Uncalled bet ($0.25) returned to korop433
korop433 collected $0.50 from pot
*** SUMMARY ***
Total pot $0.52 | Rake $0.02 
Board [Ks Kd 9s]
Seat 1: ZAURBEKK2013 (button) folded on the Flop
Seat 2: Al_pkr_plyr (small blind) folded before Flop
Seat 3: abebe1 (big blind) folded before Flop
Seat 4: Domi8472 folded before Flop (didn't bet)
Seat 5: gmitoi folded on the Flop
Seat 6: korop433 collected ($0.50)
Seat 7: webby170 folded before Flop (didn't bet)
Seat 8: Dorex2007 folded before Flop (didn't bet)
Seat 9: Fantasma826 folded before Flop (didn't bet)



PokerStars Hand #238318987124:  Hold'em No Limit ($0.02/$0.05 USD) - 2022/08/30 16:31:15 PT [2022/08/30 19:31:15 ET]
Table 'Rhesus II' 9-max Seat #2 is the button
Seat 1: ZAURBEKK2013 ($6.60 in chips) 
Seat 2: Al_pkr_plyr ($5 in chips) 
Seat 3: abebe1 ($3.85 in chips) 
Seat 4: Domi8472 ($3 in chips) 
Seat 5: gmitoi ($5 in chips) 
Seat 6: korop433 ($3.13 in chips) 
Seat 7: webby170 ($9.25 in chips) 
Seat 8: Dorex2007 ($5.45 in chips) 
Seat 9: Fantasma826 ($3.43 in chips) 
abebe1: posts small blind $0.02
Domi8472: posts big blind $0.05
*** HOLE CARDS ***
Dealt to Dorex2007 [8d 7d]
gmitoi: folds 
korop433: calls $0.05
webby170 has timed out
webby170: folds 
Dorex2007: calls $0.05
Fantasma826: calls $0.05
ZAURBEKK2013: folds 
Al_pkr_plyr: folds 
abebe1: folds 
Domi8472: checks 
*** FLOP *** [Th 3s Ah]
Domi8472: checks 
korop433: bets $0.05
Dorex2007: folds 
Fantasma826: raises $0.10 to $0.15
Domi8472: folds 
korop433: calls $0.10
*** TURN *** [Th 3s Ah] [2d]
korop433: checks 
Fantasma826: checks 
*** RIVER *** [Th 3s Ah 2d] [Jc]
korop433: bets $0.25
Fantasma826: folds 
Uncalled bet ($0.25) returned to korop433
korop433 collected $0.50 from pot
*** SUMMARY ***
Total pot $0.52 | Rake $0.02 
Board [Th 3s Ah 2d Jc]
Seat 1: ZAURBEKK2013 folded before Flop (didn't bet)
Seat 2: Al_pkr_plyr (button) folded before Flop (didn't bet)
Seat 3: abebe1 (small blind) folded before Flop
Seat 4: Domi8472 (big blind) folded on the Flop
Seat 5: gmitoi folded before Flop (didn't bet)
Seat 6: korop433 collected ($0.50)
Seat 7: webby170 folded before Flop (didn't bet)
Seat 8: Dorex2007 folded on the Flop
Seat 9: Fantasma826 folded on the River



PokerStars Hand #238319001623:  Hold'em No Limit ($0.02/$0.05 USD) - 2022/08/30 16:32:10 PT [2022/08/30 19:32:10 ET]
Table 'Rhesus II' 9-max Seat #3 is the button
Seat 1: ZAURBEKK2013 ($6.60 in chips) 
Seat 2: Al_pkr_plyr ($5 in chips) 
Seat 3: abebe1 ($3.83 in chips) 
Seat 4: Domi8472 ($2.95 in chips) 
Seat 5: gmitoi ($5 in chips) 
Seat 6: korop433 ($3.43 in chips) 
Seat 8: Dorex2007 ($5.40 in chips) 
Seat 9: Fantasma826 ($3.23 in chips) 
Domi8472: posts small blind $0.02
gmitoi: posts big blind $0.05
*** HOLE CARDS ***
Dealt to Dorex2007 [5d Tc]
korop433: folds 
Dorex2007: folds 
Fantasma826: raises $0.05 to $0.10
ZAURBEKK2013: folds 
Al_pkr_plyr: calls $0.10
abebe1: folds 
Domi8472: calls $0.08
gmitoi: folds 
*** FLOP *** [2h Jd Jh]
Domi8472: checks 
Fantasma826: bets $0.15
Al_pkr_plyr: folds 
Domi8472: folds 
Uncalled bet ($0.15) returned to Fantasma826
Fantasma826 collected $0.34 from pot
Fantasma826: doesn't show hand 
*** SUMMARY ***
Total pot $0.35 | Rake $0.01 
Board [2h Jd Jh]
Seat 1: ZAURBEKK2013 folded before Flop (didn't bet)
Seat 2: Al_pkr_plyr folded on the Flop
Seat 3: abebe1 (button) folded before Flop (didn't bet)
Seat 4: Domi8472 (small blind) folded on the Flop
Seat 5: gmitoi (big blind) folded before Flop
Seat 6: korop433 folded before Flop (didn't bet)
Seat 8: Dorex2007 folded before Flop (didn't bet)
Seat 9: Fantasma826 collected ($0.34)



PokerStars Hand #238319011672:  Hold'em No Limit ($0.02/$0.05 USD) - 2022/08/30 16:32:49 PT [2022/08/30 19:32:49 ET]
Table 'Rhesus II' 9-max Seat #4 is the button
Seat 1: ZAURBEKK2013 ($6.60 in chips) 
Seat 2: Al_pkr_plyr ($5 in chips) 
Seat 3: abebe1 ($3.83 in chips) 
Seat 4: Domi8472 ($2.85 in chips) 
Seat 5: gmitoi ($5 in chips) 
Seat 6: korop433 ($3.43 in chips) 
Seat 8: Dorex2007 ($5.40 in chips) 
Seat 9: Fantasma826 ($3.47 in chips) 
gmitoi: posts small blind $0.02
korop433: posts big blind $0.05
*** HOLE CARDS ***
Dealt to Dorex2007 [6d 9d]
Dorex2007: folds 
Fantasma826: raises $0.05 to $0.10
ZAURBEKK2013: calls $0.10
Al_pkr_plyr: calls $0.10
abebe1: folds 
Domi8472: calls $0.10
gmitoi: folds 
korop433: calls $0.05
*** FLOP *** [7s 3h Ks]
korop433: checks 
Fantasma826: checks 
ZAURBEKK2013: checks 
Al_pkr_plyr: checks 
Domi8472: bets $0.20
korop433: calls $0.20
Fantasma826: folds 
ZAURBEKK2013: folds 
Al_pkr_plyr: folds 
*** TURN *** [7s 3h Ks] [9s]
korop433: checks 
Domi8472: checks 
*** RIVER *** [7s 3h Ks 9s] [Js]
korop433: checks 
Domi8472: bets $0.39
korop433: folds 
Uncalled bet ($0.39) returned to Domi8472
Domi8472 collected $0.87 from pot
*** SUMMARY ***
Total pot $0.92 | Rake $0.05 
Board [7s 3h Ks 9s Js]
Seat 1: ZAURBEKK2013 folded on the Flop
Seat 2: Al_pkr_plyr folded on the Flop
Seat 3: abebe1 folded before Flop (didn't bet)
Seat 4: Domi8472 (button) collected ($0.87)
Seat 5: gmitoi (small blind) folded before Flop
Seat 6: korop433 (big blind) folded on the River
Seat 8: Dorex2007 folded before Flop (didn't bet)
Seat 9: Fantasma826 folded on the Flop



PokerStars Hand #238319037613:  Hold'em No Limit ($0.02/$0.05 USD) - 2022/08/30 16:34:29 PT [2022/08/30 19:34:29 ET]
Table 'Rhesus II' 9-max Seat #5 is the button
Seat 1: ZAURBEKK2013 ($6.50 in chips) 
Seat 2: Al_pkr_plyr ($5 in chips) 
Seat 3: abebe1 ($3.83 in chips) 
Seat 4: Domi8472 ($3.42 in chips) 
Seat 5: gmitoi ($5 in chips) 
Seat 6: korop433 ($3.13 in chips) 
Seat 7: webby170 ($9.25 in chips) 
Seat 8: Dorex2007 ($5.40 in chips) 
Seat 9: Fantasma826 ($3.37 in chips) 
korop433: posts small blind $0.02
webby170: posts big blind $0.05
*** HOLE CARDS ***
Dealt to Dorex2007 [3h 2c]
Dorex2007: folds 
Fantasma826: calls $0.05
ZAURBEKK2013: folds 
Al_pkr_plyr: raises $0.15 to $0.20
abebe1: raises $0.15 to $0.35
Domi8472: folds 
gmitoi: folds 
korop433: folds 
webby170: folds 
Fantasma826: folds 
Al_pkr_plyr: calls $0.15
*** FLOP *** [7h 9s 5h]
Al_pkr_plyr: checks 
abebe1: checks 
*** TURN *** [7h 9s 5h] [Jd]
Al_pkr_plyr: bets $0.25
abebe1: folds 
Uncalled bet ($0.25) returned to Al_pkr_plyr
Al_pkr_plyr collected $0.79 from pot
Al_pkr_plyr: doesn't show hand 
*** SUMMARY ***
Total pot $0.82 | Rake $0.03 
Board [7h 9s 5h Jd]
Seat 1: ZAURBEKK2013 folded before Flop (didn't bet)
Seat 2: Al_pkr_plyr collected ($0.79)
Seat 3: abebe1 folded on the Turn
Seat 4: Domi8472 folded before Flop (didn't bet)
Seat 5: gmitoi (button) folded before Flop (didn't bet)
Seat 6: korop433 (small blind) folded before Flop
Seat 7: webby170 (big blind) folded before Flop
Seat 8: Dorex2007 folded before Flop (didn't bet)
Seat 9: Fantasma826 folded before Flop



PokerStars Hand #238319049483:  Hold'em No Limit ($0.02/$0.05 USD) - 2022/08/30 16:35:14 PT [2022/08/30 19:35:14 ET]
Table 'Rhesus II' 9-max Seat #6 is the button
Seat 1: ZAURBEKK2013 ($6.50 in chips) 
Seat 2: Al_pkr_plyr ($5.44 in chips) 
Seat 3: abebe1 ($3.48 in chips) 
Seat 4: Domi8472 ($3.42 in chips) 
Seat 5: gmitoi ($5 in chips) 
Seat 6: korop433 ($3.11 in chips) 
Seat 7: webby170 ($9.20 in chips) 
Seat 8: Dorex2007 ($5.40 in chips) 
Seat 9: Fantasma826 ($3.32 in chips) 
webby170: posts small blind $0.02
Dorex2007: posts big blind $0.05
*** HOLE CARDS ***
Dealt to Dorex2007 [Qh Qc]
ZAURBEKK2013 is disconnected 
Fantasma826: folds 
ZAURBEKK2013 is connected 
ZAURBEKK2013: folds 
Al_pkr_plyr: folds 
abebe1: raises $0.09 to $0.14
Domi8472: folds 
gmitoi: folds 
korop433: folds 
korop433 leaves the table
webby170: folds 
Dorex2007: raises $0.30 to $0.44
abebe1: calls $0.30
*** FLOP *** [Th 3h Tc]
gmitoi leaves the table
Dorex2007: bets $4.96 and is all-in
abebe1: folds 
Uncalled bet ($4.96) returned to Dorex2007
Dorex2007 collected $0.86 from pot
Dorex2007: doesn't show hand 
*** SUMMARY ***
Total pot $0.90 | Rake $0.04 
Board [Th 3h Tc]
Seat 1: ZAURBEKK2013 folded before Flop (didn't bet)
Seat 2: Al_pkr_plyr folded before Flop (didn't bet)
Seat 3: abebe1 folded on the Flop
Seat 4: Domi8472 folded before Flop (didn't bet)
Seat 5: gmitoi folded before Flop (didn't bet)
Seat 6: korop433 (button) folded before Flop (didn't bet)
Seat 7: webby170 (small blind) folded before Flop
Seat 8: Dorex2007 (big blind) collected ($0.86)
Seat 9: Fantasma826 folded before Flop (didn't bet)



PokerStars Hand #238319058820:  Hold'em No Limit ($0.02/$0.05 USD) - 2022/08/30 16:35:51 PT [2022/08/30 19:35:51 ET]
Table 'Rhesus II' 9-max Seat #7 is the button
Seat 1: ZAURBEKK2013 ($6.50 in chips) 
Seat 2: Al_pkr_plyr ($5.44 in chips) 
Seat 3: abebe1 ($3.04 in chips) 
Seat 4: Domi8472 ($3.42 in chips) 
Seat 7: webby170 ($9.18 in chips) 
Seat 8: Dorex2007 ($5.82 in chips) 
Seat 9: Fantasma826 ($3.32 in chips) 
Dorex2007: posts small blind $0.02
Fantasma826: posts big blind $0.05
*** HOLE CARDS ***
Dealt to Dorex2007 [4d 8d]
ZAURBEKK2013: folds 
Al_pkr_plyr: folds 
abebe1: folds 
Domi8472: folds 
webby170 has timed out
webby170: folds 
Dorex2007: folds 
Uncalled bet ($0.03) returned to Fantasma826
Fantasma826 collected $0.04 from pot
Fantasma826: doesn't show hand 
*** SUMMARY ***
Total pot $0.04 | Rake $0 
Seat 1: ZAURBEKK2013 folded before Flop (didn't bet)
Seat 2: Al_pkr_plyr folded before Flop (didn't bet)
Seat 3: abebe1 folded before Flop (didn't bet)
Seat 4: Domi8472 folded before Flop (didn't bet)
Seat 7: webby170 (button) folded before Flop (didn't bet)
Seat 8: Dorex2007 (small blind) folded before Flop
Seat 9: Fantasma826 (big blind) collected ($0.04)



PokerStars Hand #238319064272:  Hold'em No Limit ($0.02/$0.05 USD) - 2022/08/30 16:36:12 PT [2022/08/30 19:36:12 ET]
Table 'Rhesus II' 9-max Seat #8 is the button
Seat 1: ZAURBEKK2013 ($6.50 in chips) 
Seat 2: Al_pkr_plyr ($5.44 in chips) 
Seat 3: abebe1 ($3.04 in chips) 
Seat 4: Domi8472 ($3.42 in chips) 
Seat 8: Dorex2007 ($5.80 in chips) 
Seat 9: Fantasma826 ($3.34 in chips) 
Fantasma826: posts small blind $0.02
ZAURBEKK2013: posts big blind $0.05
*** HOLE CARDS ***
Dealt to Dorex2007 [Ks 5c]
Al_pkr_plyr: folds 
abebe1: raises $0.09 to $0.14
Domi8472: calls $0.14
Dorex2007: folds 
Fantasma826: folds 
ZAURBEKK2013: folds 
*** FLOP *** [7s 6h 8h]
abebe1: checks 
Domi8472: checks 
*** TURN *** [7s 6h 8h] [Ah]
abebe1: checks 
Domi8472: bets $0.22
abebe1: folds 
Uncalled bet ($0.22) returned to Domi8472
Domi8472 collected $0.34 from pot
*** SUMMARY ***
Total pot $0.35 | Rake $0.01 
Board [7s 6h 8h Ah]
Seat 1: ZAURBEKK2013 (big blind) folded before Flop
Seat 2: Al_pkr_plyr folded before Flop (didn't bet)
Seat 3: abebe1 folded on the Turn
Seat 4: Domi8472 collected ($0.34)
Seat 8: Dorex2007 (button) folded before Flop (didn't bet)
Seat 9: Fantasma826 (small blind) folded before Flop



PokerStars Hand #238319072199:  Hold'em No Limit ($0.02/$0.05 USD) - 2022/08/30 16:36:43 PT [2022/08/30 19:36:43 ET]
Table 'Rhesus II' 9-max Seat #9 is the button
Seat 1: ZAURBEKK2013 ($6.45 in chips) 
Seat 2: Al_pkr_plyr ($5.44 in chips) 
Seat 3: abebe1 ($2.90 in chips) 
Seat 4: Domi8472 ($3.62 in chips) 
Seat 8: Dorex2007 ($5.80 in chips) 
Seat 9: Fantasma826 ($3.32 in chips) 
ZAURBEKK2013: posts small blind $0.02
Al_pkr_plyr: posts big blind $0.05
*** HOLE CARDS ***
Dealt to Dorex2007 [5h 3h]
abebe1: folds 
Domi8472: folds 
Dorex2007: folds 
Fantasma826: calls $0.05
ZAURBEKK2013: folds 
Al_pkr_plyr: checks 
*** FLOP *** [2d Td 7h]
Al_pkr_plyr: checks 
Fantasma826: checks 
*** TURN *** [2d Td 7h] [4s]
Al_pkr_plyr: bets $0.10
Fantasma826: calls $0.10
*** RIVER *** [2d Td 7h 4s] [9h]
Al_pkr_plyr: checks 
Fantasma826: checks 
*** SHOW DOWN ***
Al_pkr_plyr: shows [2h Qd] (a pair of Deuces)
Fantasma826: shows [Ah 4d] (a pair of Fours)
Fantasma826 collected $0.31 from pot
*** SUMMARY ***
Total pot $0.32 | Rake $0.01 
Board [2d Td 7h 4s 9h]
Seat 1: ZAURBEKK2013 (small blind) folded before Flop
Seat 2: Al_pkr_plyr (big blind) showed [2h Qd] and lost with a pair of Deuces
Seat 3: abebe1 folded before Flop (didn't bet)
Seat 4: Domi8472 folded before Flop (didn't bet)
Seat 8: Dorex2007 folded before Flop (didn't bet)
Seat 9: Fantasma826 (button) showed [Ah 4d] and won ($0.31) with a pair of Fours



PokerStars Hand #238319080263:  Hold'em No Limit ($0.02/$0.05 USD) - 2022/08/30 16:37:15 PT [2022/08/30 19:37:15 ET]
Table 'Rhesus II' 9-max Seat #1 is the button
Seat 1: ZAURBEKK2013 ($6.43 in chips) 
Seat 2: Al_pkr_plyr ($5.29 in chips) 
Seat 3: abebe1 ($2.90 in chips) 
Seat 4: Domi8472 ($3.62 in chips) 
Seat 8: Dorex2007 ($5.80 in chips) 
Seat 9: Fantasma826 ($3.48 in chips) 
Al_pkr_plyr: posts small blind $0.02
abebe1: posts big blind $0.05
*** HOLE CARDS ***
Dealt to Dorex2007 [7c 2s]
Domi8472: raises $0.10 to $0.15
Dorex2007: folds 
Fantasma826: calls $0.15
ZAURBEKK2013: folds 
Al_pkr_plyr: raises $0.30 to $0.45
abebe1: folds 
Domi8472: folds 
Fantasma826: calls $0.30
*** FLOP *** [4d 6h 3s]
Al_pkr_plyr: checks 
Fantasma826: checks 
*** TURN *** [4d 6h 3s] [As]
Al_pkr_plyr: bets $0.35
Fantasma826: folds 
Uncalled bet ($0.35) returned to Al_pkr_plyr
Al_pkr_plyr collected $1.05 from pot
Al_pkr_plyr: doesn't show hand 
*** SUMMARY ***
Total pot $1.10 | Rake $0.05 
Board [4d 6h 3s As]
Seat 1: ZAURBEKK2013 (button) folded before Flop (didn't bet)
Seat 2: Al_pkr_plyr (small blind) collected ($1.05)
Seat 3: abebe1 (big blind) folded before Flop
Seat 4: Domi8472 folded before Flop
Seat 8: Dorex2007 folded before Flop (didn't bet)
Seat 9: Fantasma826 folded on the Turn



PokerStars Hand #238319590320:  Hold'em No Limit ($0.02/$0.05 USD) - 2022/08/30 16:37:54 PT [2022/08/30 19:37:54 ET]
Table 'Rhesus II' 9-max Seat #2 is the button
Seat 1: ZAURBEKK2013 ($6.43 in chips) 
Seat 2: Al_pkr_plyr ($5.89 in chips) 
Seat 3: abebe1 ($2.85 in chips) 
Seat 7: webby170 ($9.18 in chips) 
Seat 8: Dorex2007 ($5.80 in chips) 
Seat 9: Fantasma826 ($3.03 in chips) 
abebe1: posts small blind $0.02
Domi8472: is sitting out 
webby170: posts big blind $0.05
*** HOLE CARDS ***
Dealt to Dorex2007 [5s 5c]
Dorex2007: folds 
Fantasma826: calls $0.05
Domi8472 leaves the table
ZAURBEKK2013: raises $0.17 to $0.22
Al_pkr_plyr: folds 
abebe1: folds 
webby170: folds 
Fantasma826: folds 
Uncalled bet ($0.17) returned to ZAURBEKK2013
ZAURBEKK2013 collected $0.17 from pot
ZAURBEKK2013: doesn't show hand 
*** SUMMARY ***
Total pot $0.17 | Rake $0 
Seat 1: ZAURBEKK2013 collected ($0.17)
Seat 2: Al_pkr_plyr (button) folded before Flop (didn't bet)
Seat 3: abebe1 (small blind) folded before Flop
Seat 7: webby170 (big blind) folded before Flop
Seat 8: Dorex2007 folded before Flop (didn't bet)
Seat 9: Fantasma826 folded before Flop



PokerStars Hand #238319594960:  Hold'em No Limit ($0.02/$0.05 USD) - 2022/08/30 16:38:12 PT [2022/08/30 19:38:12 ET]
Table 'Rhesus II' 9-max Seat #3 is the button
Seat 1: ZAURBEKK2013 ($6.55 in chips) 
Seat 2: Al_pkr_plyr ($5.89 in chips) 
Seat 3: abebe1 ($2.83 in chips) 
Seat 7: webby170 ($9.13 in chips) 
Seat 8: Dorex2007 ($5.80 in chips) 
Seat 9: Fantasma826 ($2.98 in chips) 
webby170: posts small blind $0.02
Dorex2007: posts big blind $0.05
*** HOLE CARDS ***
Dealt to Dorex2007 [Jh 5d]
Fantasma826: raises $0.05 to $0.10
ZAURBEKK2013: folds 
Al_pkr_plyr: raises $0.25 to $0.35
abebe1: calls $0.35
webby170: folds 
Dorex2007: folds 
Fantasma826: folds 
*** FLOP *** [Tc Ts Kd]
Al_pkr_plyr: checks 
abebe1: checks 
*** TURN *** [Tc Ts Kd] [Th]
Al_pkr_plyr: checks 
abebe1: checks 
*** RIVER *** [Tc Ts Kd Th] [6h]
Al_pkr_plyr: bets $0.83
abebe1: raises $1.59 to $2.42
Al_pkr_plyr: raises $1.59 to $4.01
abebe1: calls $0.06 and is all-in
Uncalled bet ($1.53) returned to Al_pkr_plyr
*** SHOW DOWN ***
Al_pkr_plyr: shows [Ad Td] (four of a kind, Tens)
abebe1: shows [Jc Kh] (a full house, Tens full of Kings)
Al_pkr_plyr collected $5.59 from pot
*** SUMMARY ***
Total pot $5.83 | Rake $0.24 
Board [Tc Ts Kd Th 6h]
Seat 1: ZAURBEKK2013 folded before Flop (didn't bet)
Seat 2: Al_pkr_plyr showed [Ad Td] and won ($5.59) with four of a kind, Tens
Seat 3: abebe1 (button) showed [Jc Kh] and lost with a full house, Tens full of Kings
Seat 7: webby170 (small blind) folded before Flop
Seat 8: Dorex2007 (big blind) folded before Flop
Seat 9: Fantasma826 folded before Flop



PokerStars Hand #238319610087:  Hold'em No Limit ($0.02/$0.05 USD) - 2022/08/30 16:39:11 PT [2022/08/30 19:39:11 ET]
Table 'Rhesus II' 9-max Seat #7 is the button
Seat 1: ZAURBEKK2013 ($6.55 in chips) 
Seat 2: Al_pkr_plyr ($8.65 in chips) 
Seat 7: webby170 ($9.11 in chips) 
Seat 8: Dorex2007 ($5.75 in chips) 
Seat 9: Fantasma826 ($2.88 in chips) 
Dorex2007: posts small blind $0.02
Fantasma826: posts big blind $0.05
*** HOLE CARDS ***
Dealt to Dorex2007 [Kd 9d]
ZAURBEKK2013: folds 
Al_pkr_plyr: folds 
webby170: folds 
Dorex2007: folds 
Uncalled bet ($0.03) returned to Fantasma826
Fantasma826 collected $0.04 from pot
Fantasma826: doesn't show hand 
*** SUMMARY ***
Total pot $0.04 | Rake $0 
Seat 1: ZAURBEKK2013 folded before Flop (didn't bet)
Seat 2: Al_pkr_plyr folded before Flop (didn't bet)
Seat 7: webby170 (button) folded before Flop (didn't bet)
Seat 8: Dorex2007 (small blind) folded before Flop
Seat 9: Fantasma826 (big blind) collected ($0.04)



PokerStars Hand #238319612789:  Hold'em No Limit ($0.02/$0.05 USD) - 2022/08/30 16:39:22 PT [2022/08/30 19:39:22 ET]
Table 'Rhesus II' 9-max Seat #8 is the button
Seat 1: ZAURBEKK2013 ($6.55 in chips) 
Seat 2: Al_pkr_plyr ($8.65 in chips) 
Seat 7: webby170 ($9.11 in chips) 
Seat 8: Dorex2007 ($5.73 in chips) 
Seat 9: Fantasma826 ($2.90 in chips) 
Fantasma826: posts small blind $0.02
ZAURBEKK2013: posts big blind $0.05
*** HOLE CARDS ***
Dealt to Dorex2007 [9d Ts]
Al_pkr_plyr: folds 
webby170: folds 
Dorex2007: folds 
Fantasma826: calls $0.03
ZAURBEKK2013: checks 
*** FLOP *** [Qc 5s 9c]
abebe1 leaves the table
Fantasma826: checks 
ZAURBEKK2013: checks 
*** TURN *** [Qc 5s 9c] [Th]
Fantasma826: checks 
ZAURBEKK2013: checks 
*** RIVER *** [Qc 5s 9c Th] [8c]
Fantasma826: checks 
ZAURBEKK2013: checks 
*** SHOW DOWN ***
Fantasma826: shows [Kh 8s] (a pair of Eights)
ZAURBEKK2013: mucks hand 
Fantasma826 collected $0.10 from pot
*** SUMMARY ***
Total pot $0.10 | Rake $0 
Board [Qc 5s 9c Th 8c]
Seat 1: ZAURBEKK2013 (big blind) mucked [3d Ac]
Seat 2: Al_pkr_plyr folded before Flop (didn't bet)
Seat 7: webby170 folded before Flop (didn't bet)
Seat 8: Dorex2007 (button) folded before Flop (didn't bet)
Seat 9: Fantasma826 (small blind) showed [Kh 8s] and won ($0.10) with a pair of Eights



